  <div class='ocr_page' id='page_1' title='image "/cluster/home/n/w/nwhite01/storage/ocr_20150623/140/coo.31924054870450/486.png"; bbox 0 0 4152 6390; ppageno 0'>
   <div class='ocr_carea' id='block_1_1' title="bbox 308 324 412 378">
    <p class='ocr_par' dir='ltr' id='par_1_1' title="bbox 308 324 412 378">
     <span class='ocr_line' id='line_1_1' title="bbox 308 324 412 378; baseline -0.019 0"><span class='ocrx_word' id='word_1_1' title='bbox 308 324 412 378; x_wconf 79' lang='lat'>953</span> 
     </span>
    </p>
   </div>
   <div class='ocr_carea' id='block_1_2' title="bbox 307 437 1986 519">
    <p class='ocr_par' dir='ltr' id='par_1_2' title="bbox 307 437 1986 519">
     <span class='ocr_line' id='line_1_2' title="bbox 307 437 1986 519; baseline -0.001 -20"><span class='ocrx_word' id='word_1_2' title='bbox 307 463 399 506; x_wconf 88' lang='grc' dir='ltr'><strong>κος</strong></span> <span class='ocrx_word' id='word_1_3' title='bbox 440 448 530 497; x_wconf 82' lang='grc' dir='ltr'>καὶ</span> <span class='ocrx_word' id='word_1_4' title='bbox 584 442 751 519; x_wconf 89' lang='grc' dir='ltr'><strong>ὃρκων</strong></span> <span class='ocrx_word' id='word_1_5' title='bbox 813 443 840 493; x_wconf 90' lang='grc' dir='ltr'><strong>ό</strong></span> <span class='ocrx_word' id='word_1_6' title='bbox 888 437 1308 516; x_wconf 76' lang='grc' dir='ltr'><strong>φρικωδέστατος</strong></span> <span class='ocrx_word' id='word_1_7' title='bbox 1355 444 1446 494; x_wconf 85' lang='grc' dir='ltr'>καὶ</span> <span class='ocrx_word' id='word_1_8' title='bbox 1513 439 1904 514; x_wconf 76' lang='grc' dir='ltr'><strong>φοϐερώτατος·</strong></span> <span class='ocrx_word' id='word_1_9' title='bbox 1939 443 1986 497; x_wconf 83' lang='grc' dir='ltr'><strong>Α</strong></span> 
     </span>
    </p>
   </div>
   <div class='ocr_carea' id='block_1_3' title="bbox 307 527 1912 606">
    <p class='ocr_par' dir='ltr' id='par_1_3' title="bbox 307 527 1912 606">
     <span class='ocr_line' id='line_1_3' title="bbox 307 527 1912 606; baseline -0.002 -20"><span class='ocrx_word' id='word_1_10' title='bbox 307 536 450 606; x_wconf 81' lang='grc' dir='ltr'><strong>ἔχειν</strong></span> <span class='ocrx_word' id='word_1_11' title='bbox 498 534 585 584; x_wconf 87' lang='grc' dir='ltr'>τὸν</span> <span class='ocrx_word' id='word_1_12' title='bbox 645 531 1002 588; x_wconf 78' lang='grc' dir='ltr'>Καλοῐωάννην</span> <span class='ocrx_word' id='word_1_13' title='bbox 1081 533 1167 581; x_wconf 88' lang='grc' dir='ltr'><strong>τόν</strong></span> <span class='ocrx_word' id='word_1_14' title='bbox 1239 527 1463 601; x_wconf 83' lang='grc' dir='ltr'>βασιλέα</span> <span class='ocrx_word' id='word_1_15' title='bbox 1511 529 1577 590; x_wconf 89' lang='grc' dir='ltr'>εἰς</span> <span class='ocrx_word' id='word_1_16' title='bbox 1623 531 1793 583; x_wconf 82' lang='grc' dir='ltr'><strong>πάντα</strong></span> <span class='ocrx_word' id='word_1_17' title='bbox 1847 533 1912 583; x_wconf 86' lang='grc' dir='ltr'>τά</span> 
     </span>
    </p>
   </div>
   <div class='ocr_carea' id='block_1_4' title="bbox 307 617 1910 698">
    <p class='ocr_par' dir='ltr' id='par_1_4' title="bbox 307 617 1910 698">
     <span class='ocr_line' id='line_1_4' title="bbox 307 617 1910 698; baseline -0.002 -23"><span class='ocrx_word' id='word_1_18' title='bbox 307 627 554 698; x_wconf 84' lang='grc' dir='ltr'><strong>πρωτεῖα,</strong></span> <span class='ocrx_word' id='word_1_19' title='bbox 641 625 732 672; x_wconf 87' lang='grc' dir='ltr'>καὶ</span> <span class='ocrx_word' id='word_1_20' title='bbox 815 619 882 680; x_wconf 84' lang='grc' dir='ltr'><strong>εἰς</strong></span> <span class='ocrx_word' id='word_1_21' title='bbox 935 622 1030 676; x_wconf 86' lang='grc' dir='ltr'>τήν</span> <span class='ocrx_word' id='word_1_22' title='bbox 1079 617 1282 688; x_wconf 78' lang='grc' dir='ltr'>στέψιν,</span> <span class='ocrx_word' id='word_1_23' title='bbox 1330 623 1421 670; x_wconf 86' lang='grc' dir='ltr'>καὶ</span> <span class='ocrx_word' id='word_1_24' title='bbox 1469 618 1540 679; x_wconf 81' lang='grc' dir='ltr'>εἷς</span> <span class='ocrx_word' id='word_1_25' title='bbox 1595 623 1690 677; x_wconf 87' lang='grc' dir='ltr'>τήν</span> <span class='ocrx_word' id='word_1_26' title='bbox 1749 619 1910 692; x_wconf 76' lang='grc' dir='ltr'><strong>εὐφή-</strong></span> 
     </span>
    </p>
   </div>
   <div class='ocr_carea' id='block_1_5' title="bbox 308 708 1910 785">
    <p class='ocr_par' dir='ltr' id='par_1_5' title="bbox 308 708 1910 785">
     <span class='ocr_line' id='line_1_5' title="bbox 308 708 1910 785; baseline 0 -24"><span class='ocrx_word' id='word_1_27' title='bbox 308 731 412 785; x_wconf 77' lang='grc' dir='ltr'><strong>μην</strong></span> <span class='ocrx_word' id='word_1_28' title='bbox 471 709 605 781; x_wconf 77' lang='grc'>(10),</span> <span class='ocrx_word' id='word_1_29' title='bbox 649 713 739 760; x_wconf 87' lang='grc' dir='ltr'>καὶ</span> <span class='ocrx_word' id='word_1_30' title='bbox 805 709 873 769; x_wconf 83' lang='grc' dir='ltr'>εἰς</span> <span class='ocrx_word' id='word_1_31' title='bbox 924 711 1017 765; x_wconf 83' lang='grc' dir='ltr'>τήν</span> <span class='ocrx_word' id='word_1_32' title='bbox 1080 711 1415 782; x_wconf 85' lang='grc' dir='ltr'><strong>προπομπήν,</strong></span> <span class='ocrx_word' id='word_1_33' title='bbox 1473 711 1563 760; x_wconf 85' lang='grc' dir='ltr'>καὶ</span> <span class='ocrx_word' id='word_1_34' title='bbox 1610 708 1682 769; x_wconf 87' lang='grc' dir='ltr'><strong>εἰς</strong></span> <span class='ocrx_word' id='word_1_35' title='bbox 1737 714 1910 761; x_wconf 84' lang='grc' dir='ltr'>πᾶσαν</span> 
     </span>
    </p>
   </div>
   <div class='ocr_carea' id='block_1_6' title="bbox 307 793 1766 871">
    <p class='ocr_par' dir='ltr' id='par_1_6' title="bbox 307 793 1766 871">
     <span class='ocr_line' id='line_1_6' title="bbox 307 793 1766 871; baseline -0.002 -19"><span class='ocrx_word' id='word_1_36' title='bbox 307 799 466 857; x_wconf 65' lang='grc' dir='ltr'><strong>οῦιλην</strong></span> <span class='ocrx_word' id='word_1_37' title='bbox 495 803 652 871; x_wconf 85' lang='grc' dir='ltr'><strong>τιμήν</strong></span> <span class='ocrx_word' id='word_1_38' title='bbox 687 818 698 832; x_wconf 72' lang='grc'><strong><em>⁸</em></strong></span> <span class='ocrx_word' id='word_1_39' title='bbox 726 800 814 849; x_wconf 88' lang='grc' dir='ltr'><strong>τόν</strong></span> <span class='ocrx_word' id='word_1_40' title='bbox 853 794 912 850; x_wconf 73' lang='grc' dir='ltr'>δὲ</span> <span class='ocrx_word' id='word_1_41' title='bbox 954 795 1304 868; x_wconf 89' lang='grc' dir='ltr'>Παλαιολόγον</span> <span class='ocrx_word' id='word_1_42' title='bbox 1351 798 1418 848; x_wconf 86' lang='grc' dir='ltr'><strong>τὰ</strong></span> <span class='ocrx_word' id='word_1_43' title='bbox 1449 793 1712 870; x_wconf 79' lang='grc' dir='ltr'>δευτερεῖα</span> <span class='ocrx_word' id='word_1_44' title='bbox 1754 818 1766 831; x_wconf 79' lang='grc' dir='ltr'><strong>ο</strong></span> 
     </span>
    </p>
   </div>
   <div class='ocr_carea' id='block_1_7' title="bbox 308 877 1910 963">
    <p class='ocr_par' dir='ltr' id='par_1_7' title="bbox 308 877 1910 963">
     <span class='ocr_line' id='line_1_7' title="bbox 308 877 1910 963; baseline -0.002 -22"><span class='ocrx_word' id='word_1_45' title='bbox 308 891 450 960; x_wconf 81' lang='grc' dir='ltr'><strong>ἔχειν</strong></span> <span class='ocrx_word' id='word_1_46' title='bbox 505 889 694 948; x_wconf 75' lang='grc' dir='ltr'><strong>αὐτοὺς</strong></span> <span class='ocrx_word' id='word_1_47' title='bbox 749 890 872 947; x_wconf 83' lang='grc' dir='ltr'><strong>τοὺς</strong></span> <span class='ocrx_word' id='word_1_48' title='bbox 923 884 1190 960; x_wconf 82' lang='grc' dir='ltr'>ἀρχιερεῖς</span> <span class='ocrx_word' id='word_1_49' title='bbox 1245 883 1444 958; x_wconf 78' lang='grc' dir='ltr'><strong>ἓνοχεῖν</strong></span> <span class='ocrx_word' id='word_1_50' title='bbox 1499 890 1586 939; x_wconf 82' lang='grc' dir='ltr'><strong>καὶ</strong></span> <span class='ocrx_word' id='word_1_51' title='bbox 1617 877 1910 963; x_wconf 66' lang='grc' dir='ltr'><strong>’συντηρεῖν</strong></span> 
     </span>
    </p>
   </div>
   <div class='ocr_carea' id='block_1_8' title="bbox 306 973 1912 1050">
    <p class='ocr_par' dir='ltr' id='par_1_8' title="bbox 306 973 1912 1050">
     <span class='ocr_line' id='line_1_8' title="bbox 306 973 1912 1050; baseline -0.001 -20"><span class='ocrx_word' id='word_1_52' title='bbox 306 982 396 1029; x_wconf 83' lang='grc' dir='ltr'><strong>καὶ</strong></span> <span class='ocrx_word' id='word_1_53' title='bbox 470 976 752 1049; x_wconf 75' lang='grc' dir='ltr'>φυλάσσειν</span> <span class='ocrx_word' id='word_1_54' title='bbox 799 978 884 1027; x_wconf 86' lang='grc' dir='ltr'><strong>τόν</strong></span> <span class='ocrx_word' id='word_1_55' title='bbox 959 974 1276 1050; x_wconf 82' lang='grc' dir='ltr'>κληρονόμον</span> <span class='ocrx_word' id='word_1_56' title='bbox 1353 982 1448 1036; x_wconf 84' lang='grc' dir='ltr'>τῆς</span> <span class='ocrx_word' id='word_1_57' title='bbox 1490 973 1785 1048; x_wconf 79' lang='grc' dir='ltr'>βασιλείας,</span> <span class='ocrx_word' id='word_1_58' title='bbox 1823 981 1912 1029; x_wconf 86' lang='grc' dir='ltr'>καὶ</span> 
     </span>
    </p>
   </div>
   <div class='ocr_carea' id='block_1_9' title="bbox 305 1062 1912 1139">
    <p class='ocr_par' dir='ltr' id='par_1_9' title="bbox 305 1062 1912 1139">
     <span class='ocr_line' id='line_1_9' title="bbox 305 1062 1912 1139; baseline -0.001 -20"><span class='ocrx_word' id='word_1_59' title='bbox 305 1067 439 1139; x_wconf 86' lang='grc' dir='ltr'><strong>μετά</strong></span> <span class='ocrx_word' id='word_1_60' title='bbox 512 1067 728 1118; x_wconf 78' lang='grc' dir='ltr'>θάνατον</span> <span class='ocrx_word' id='word_1_61' title='bbox 797 1072 891 1118; x_wconf 93' lang='grc' dir='ltr'>τοῦ</span> <span class='ocrx_word' id='word_1_62' title='bbox 943 1063 1300 1136; x_wconf 79' lang='grc' dir='ltr'><strong>Πάλαιολόγου</strong></span> <span class='ocrx_word' id='word_1_63' title='bbox 1372 1062 1686 1139; x_wconf 72' lang='grc' dir='ltr'>ἐγχειρίζειν</span> <span class='ocrx_word' id='word_1_64' title='bbox 1744 1067 1912 1138; x_wconf 83' lang='grc' dir='ltr'>τούτῳ</span> 
     </span>
    </p>
   </div>
   <div class='ocr_carea' id='block_1_10' title="bbox 1821 803 1912 851">
    <p class='ocr_par' dir='ltr' id='par_1_10' title="bbox 1821 803 1912 851">
     <span class='ocr_line' id='line_1_10' title="bbox 1821 803 1912 851; baseline 0.022 -2"><span class='ocrx_word' id='word_1_65' title='bbox 1821 803 1912 851; x_wconf 82' lang='grc' dir='ltr'>καὶ</span> 
     </span>
    </p>
   </div>
   <div class='ocr_carea' id='block_1_11' title="bbox 306 1152 1020 1226">
    <p class='ocr_par' dir='ltr' id='par_1_11' title="bbox 306 1152 1020 1226">
     <span class='ocr_line' id='line_1_11' title="bbox 306 1152 1020 1226; baseline 0.001 -19"><span class='ocrx_word' id='word_1_66' title='bbox 306 1159 395 1207; x_wconf 84' lang='grc' dir='ltr'><strong>καὶ</strong></span> <span class='ocrx_word' id='word_1_67' title='bbox 422 1159 516 1214; x_wconf 87' lang='grc' dir='ltr'>τὴν</span> <span class='ocrx_word' id='word_1_68' title='bbox 541 1155 702 1207; x_wconf 74' lang='grc' dir='ltr'><strong>αὐτοῦ</strong></span> <span class='ocrx_word' id='word_1_69' title='bbox 728 1152 1020 1226; x_wconf 89' lang='grc' dir='ltr'>βασιλείαν.</span> 
     </span>
    </p>
   </div>
   <div class='ocr_carea' id='block_1_12' title="bbox 376 1240 1912 1316">
    <p class='ocr_par' dir='ltr' id='par_1_12' title="bbox 376 1240 1912 1316">
     <span class='ocr_line' id='line_1_12' title="bbox 376 1240 1912 1316; baseline -0.001 -19"><span class='ocrx_word' id='word_1_70' title='bbox 376 1242 447 1297; x_wconf 84' lang='grc' dir='ltr'>Ζ’.</span> <span class='ocrx_word' id='word_1_71' title='bbox 478 1243 567 1306; x_wconf 75' lang='grc' dir='ltr'>Ὠς</span> <span class='ocrx_word' id='word_1_72' title='bbox 589 1240 648 1297; x_wconf 72' lang='grc' dir='ltr'>δὲ</span> <span class='ocrx_word' id='word_1_73' title='bbox 677 1251 771 1306; x_wconf 83' lang='grc' dir='ltr'>τῆς</span> <span class='ocrx_word' id='word_1_74' title='bbox 805 1241 1080 1316; x_wconf 81' lang='grc' dir='ltr'>βασιλείας</span> <span class='ocrx_word' id='word_1_75' title='bbox 1129 1240 1305 1310; x_wconf 82' lang='grc' dir='ltr'><strong>ἐπέϐη,</strong></span> <span class='ocrx_word' id='word_1_76' title='bbox 1365 1248 1454 1296; x_wconf 85' lang='grc' dir='ltr'>καὶ</span> <span class='ocrx_word' id='word_1_77' title='bbox 1515 1242 1746 1304; x_wconf 90' lang='grc' dir='ltr'><strong>πλείονας</strong></span> <span class='ocrx_word' id='word_1_78' title='bbox 1800 1241 1912 1296; x_wconf 76' lang='grc' dir='ltr'><strong>ἀνοο</strong></span> 
     </span>
    </p>
   </div>
   <div class='ocr_carea' id='block_1_13' title="bbox 305 1327 1914 1408">
    <p class='ocr_par' dir='ltr' id='par_1_13' title="bbox 305 1327 1914 1408">
     <span class='ocr_line' id='line_1_13' title="bbox 305 1327 1914 1408; baseline -0.001 -22"><span class='ocrx_word' id='word_1_79' title='bbox 305 1339 466 1407; x_wconf 85' lang='grc' dir='ltr'>μαίας</span> <span class='ocrx_word' id='word_1_80' title='bbox 512 1341 613 1385; x_wconf 85' lang='grc' dir='ltr'>τῶν</span> <span class='ocrx_word' id='word_1_81' title='bbox 660 1337 920 1405; x_wconf 79' lang='grc' dir='ltr'>προτέρων</span> <span class='ocrx_word' id='word_1_82' title='bbox 978 1327 1118 1384; x_wconf 75' lang='grc' dir='ltr'><strong>εἶδον</strong></span> <span class='ocrx_word' id='word_1_83' title='bbox 1164 1338 1342 1384; x_wconf 91' lang='grc' dir='ltr'><strong>τοῦτον</strong></span> <span class='ocrx_word' id='word_1_84' title='bbox 1399 1331 1763 1408; x_wconf 75' lang='grc' dir='ltr'>ἐργαζόμενον,</span> <span class='ocrx_word' id='word_1_85' title='bbox 1823 1336 1914 1384; x_wconf 85' lang='grc' dir='ltr'>καὶ</span> 
     </span>
    </p>
   </div>
   <div class='ocr_carea' id='block_1_14' title="bbox 306 1421 1914 1498">
    <p class='ocr_par' dir='ltr' id='par_1_14' title="bbox 306 1421 1914 1498">
     <span class='ocr_line' id='line_1_14' title="bbox 306 1421 1914 1498; baseline -0.001 -21"><span class='ocrx_word' id='word_1_86' title='bbox 306 1427 382 1478; x_wconf 82' lang='grc' dir='ltr'><strong>ἔτι</strong></span> <span class='ocrx_word' id='word_1_87' title='bbox 438 1422 768 1498; x_wconf 79' lang='grc' dir='ltr'><strong>ἐργάσασθαι</strong></span> <span class='ocrx_word' id='word_1_88' title='bbox 835 1421 892 1474; x_wconf 86' lang='grc' dir='ltr'><strong>ἐκ</strong></span> <span class='ocrx_word' id='word_1_89' title='bbox 942 1430 1041 1474; x_wconf 89' lang='grc' dir='ltr'>τῶν</span> <span class='ocrx_word' id='word_1_90' title='bbox 1073 1425 1386 1494; x_wconf 80' lang='grc' dir='ltr'>φαινομένων</span> <span class='ocrx_word' id='word_1_91' title='bbox 1416 1425 1734 1498; x_wconf 75' lang='grc' dir='ltr'>πραγμάτων</span> <span class='ocrx_word' id='word_1_92' title='bbox 1777 1425 1914 1475; x_wconf 74' lang='grc' dir='ltr'><strong>ὑπω-</strong></span> 
     </span>
    </p>
   </div>
   <div class='ocr_carea' id='block_1_15' title="bbox 305 1511 1911 1584">
    <p class='ocr_par' dir='ltr' id='par_1_15' title="bbox 305 1511 1911 1584">
     <span class='ocr_line' id='line_1_15' title="bbox 305 1511 1911 1584; baseline -0.001 -19"><span class='ocrx_word' id='word_1_93' title='bbox 305 1515 538 1576; x_wconf 82' lang='grc' dir='ltr'><strong>πτεύετο,</strong></span> <span class='ocrx_word' id='word_1_94' title='bbox 608 1511 980 1584; x_wconf 79' lang='grc' dir='ltr'>ἀγανακτήσας</span> <span class='ocrx_word' id='word_1_95' title='bbox 1049 1511 1399 1584; x_wconf 81' lang='grc' dir='ltr'>ὑπεχώρησα.</span> <span class='ocrx_word' id='word_1_96' title='bbox 1498 1517 1599 1565; x_wconf 77' lang='grc' dir='ltr'>Καὶ</span> <span class='ocrx_word' id='word_1_97' title='bbox 1656 1516 1740 1564; x_wconf 89' lang='grc' dir='ltr'><strong>τόν</strong></span> <span class='ocrx_word' id='word_1_98' title='bbox 1807 1512 1911 1564; x_wconf 85' lang='grc' dir='ltr'>ἀπό</span> 
     </span>
    </p>
   </div>
   <div class='ocr_carea' id='block_1_16' title="bbox 307 1599 1910 1676">
    <p class='ocr_par' dir='ltr' id='par_1_16' title="bbox 307 1599 1910 1676">
     <span class='ocr_line' id='line_1_16' title="bbox 307 1599 1910 1676; baseline -0.001 -22"><span class='ocrx_word' id='word_1_99' title='bbox 307 1601 523 1674; x_wconf 81' lang='grc' dir='ltr'>Ἐφέσου</span> <span class='ocrx_word' id='word_1_100' title='bbox 574 1599 759 1654; x_wconf 74' lang='grc' dir='ltr'><strong>ἒκείνον</strong></span> <span class='ocrx_word' id='word_1_101' title='bbox 809 1601 880 1662; x_wconf 88' lang='grc' dir='ltr'>εἰς</span> <span class='ocrx_word' id='word_1_102' title='bbox 935 1604 1021 1652; x_wconf 89' lang='grc' dir='ltr'>τὸν</span> <span class='ocrx_word' id='word_1_103' title='bbox 1062 1605 1451 1676; x_wconf 87' lang='grc' dir='ltr'><strong>πατριαρχικόν</strong></span> <span class='ocrx_word' id='word_1_104' title='bbox 1507 1600 1658 1664; x_wconf 84' lang='grc' dir='ltr'><strong>ἀνῆξε</strong></span> <span class='ocrx_word' id='word_1_105' title='bbox 1711 1603 1910 1674; x_wconf 85' lang='grc' dir='ltr'><strong>θρόνον·</strong></span> 
     </span>
    </p>
   </div>
   <div class='ocr_carea' id='block_1_17' title="bbox 303 1686 1910 1763">
    <p class='ocr_par' dir='ltr' id='par_1_17' title="bbox 303 1686 1910 1763">
     <span class='ocr_line' id='line_1_17' title="bbox 303 1686 1910 1763; baseline 0 -21"><span class='ocrx_word' id='word_1_106' title='bbox 303 1689 388 1751; x_wconf 72' lang='grc' dir='ltr'>Ὠς</span> <span class='ocrx_word' id='word_1_107' title='bbox 416 1687 474 1742; x_wconf 73' lang='grc' dir='ltr'>δὲ</span> <span class='ocrx_word' id='word_1_108' title='bbox 502 1692 532 1747; x_wconf 84' lang='grc' dir='ltr'>ἡ</span> <span class='ocrx_word' id='word_1_109' title='bbox 565 1697 656 1742; x_wconf 93' lang='grc' dir='ltr'>τοῦ</span> <span class='ocrx_word' id='word_1_110' title='bbox 718 1691 938 1742; x_wconf 78' lang='grc' dir='ltr'><strong>θανάτου</strong></span> <span class='ocrx_word' id='word_1_111' title='bbox 981 1686 1211 1762; x_wconf 77' lang='grc' dir='ltr'>ὃρεποίνη</span> <span class='ocrx_word' id='word_1_112' title='bbox 1275 1697 1456 1742; x_wconf 88' lang='grc' dir='ltr'><strong>τοῦτον</strong></span> <span class='ocrx_word' id='word_1_113' title='bbox 1506 1689 1777 1763; x_wconf 81' lang='grc' dir='ltr'><strong>ἐξεθέρισε,</strong></span> <span class='ocrx_word' id='word_1_114' title='bbox 1820 1694 1910 1742; x_wconf 89' lang='grc' dir='ltr'>καὶ</span> 
     </span>
    </p>
   </div>
   <div class='ocr_carea' id='block_1_18' title="bbox 305 1777 1908 1854">
    <p class='ocr_par' dir='ltr' id='par_1_18' title="bbox 305 1777 1908 1854">
     <span class='ocr_line' id='line_1_18' title="bbox 305 1777 1908 1854; baseline 0 -22"><span class='ocrx_word' id='word_1_115' title='bbox 305 1782 431 1852; x_wconf 89' lang='grc' dir='ltr'><strong>πρὸς</strong></span> <span class='ocrx_word' id='word_1_116' title='bbox 479 1782 537 1832; x_wconf 86' lang='grc' dir='ltr'>τό</span> <span class='ocrx_word' id='word_1_117' title='bbox 590 1777 778 1832; x_wconf 78' lang='grc' dir='ltr'><strong>ἐκεῖθεν</strong></span> <span class='ocrx_word' id='word_1_118' title='bbox 837 1783 1106 1854; x_wconf 80' lang='grc' dir='ltr'><strong>κριτήριον</strong></span> <span class='ocrx_word' id='word_1_119' title='bbox 1181 1779 1512 1852; x_wconf 54' lang='grc' dir='ltr'><strong>παρέπεμψεν</strong></span> <span class='ocrx_word' id='word_1_120' title='bbox 1579 1778 1908 1852; x_wconf 84' lang='grc' dir='ltr'><strong>ἀπολογησό-</strong></span> 
     </span>
    </p>
   </div>
   <div class='ocr_carea' id='block_1_19' title="bbox 305 1867 1905 1941">
    <p class='ocr_par' dir='ltr' id='par_1_19' title="bbox 305 1867 1905 1941">
     <span class='ocr_line' id='line_1_19' title="bbox 305 1867 1905 1941; baseline 0.002 -21"><span class='ocrx_word' id='word_1_121' title='bbox 305 1887 454 1940; x_wconf 84' lang='grc' dir='ltr'><strong>μενον</strong></span> <span class='ocrx_word' id='word_1_122' title='bbox 509 1871 629 1941; x_wconf 88' lang='grc' dir='ltr'><strong>περὶ</strong></span> <span class='ocrx_word' id='word_1_123' title='bbox 696 1875 794 1920; x_wconf 85' lang='grc' dir='ltr'>τῶν</span> <span class='ocrx_word' id='word_1_124' title='bbox 842 1872 1131 1941; x_wconf 79' lang='grc' dir='ltr'><strong>πρακτέων,</strong></span> <span class='ocrx_word' id='word_1_125' title='bbox 1193 1867 1346 1921; x_wconf 78' lang='grc' dir='ltr'><strong>πάλιν</strong></span> <span class='ocrx_word' id='word_1_126' title='bbox 1393 1869 1482 1941; x_wconf 67' lang='grc' dir='ltr'><strong>ἐμὲ</strong></span> <span class='ocrx_word' id='word_1_127' title='bbox 1543 1867 1905 1923; x_wconf 81' lang='grc' dir='ltr'>ἀνεκαλέσατο.</span> 
     </span>
    </p>
   </div>
   <div class='ocr_carea' id='block_1_20' title="bbox 1948 1794 1987 1848">
    <p class='ocr_par' dir='ltr' id='par_1_20' title="bbox 1948 1794 1987 1848">
     <span class='ocr_line' id='line_1_20' title="bbox 1948 1794 1987 1848; baseline 0 0"><span class='ocrx_word' id='word_1_128' title='bbox 1948 1794 1987 1848; x_wconf 90' lang='grc' dir='ltr'><strong>Β</strong></span> 
     </span>
    </p>
   </div>
   <div class='ocr_carea' id='block_1_21' title="bbox 301 1953 1904 2032">
    <p class='ocr_par' dir='ltr' id='par_1_21' title="bbox 301 1953 1904 2032">
     <span class='ocr_line' id='line_1_21' title="bbox 301 1953 1904 2032; baseline 0 -23"><span class='ocrx_word' id='word_1_129' title='bbox 301 1956 390 2018; x_wconf 78' lang='grc' dir='ltr'>Ὠς</span> <span class='ocrx_word' id='word_1_130' title='bbox 447 1953 508 2009; x_wconf 73' lang='grc' dir='ltr'>δὲ</span> <span class='ocrx_word' id='word_1_131' title='bbox 554 1964 646 2008; x_wconf 91' lang='grc' dir='ltr'>τοῦ</span> <span class='ocrx_word' id='word_1_132' title='bbox 737 1957 929 2010; x_wconf 84' lang='grc' dir='ltr'><strong>οἰκείου</strong></span> <span class='ocrx_word' id='word_1_133' title='bbox 987 1956 1173 2014; x_wconf 78' lang='grc' dir='ltr'>ἐπέϐην</span> <span class='ocrx_word' id='word_1_134' title='bbox 1233 1959 1434 2030; x_wconf 88' lang='grc' dir='ltr'><strong>θρόνου,</strong></span> <span class='ocrx_word' id='word_1_135' title='bbox 1499 1962 1624 2010; x_wconf 90' lang='grc' dir='ltr'>ποία</span> <span class='ocrx_word' id='word_1_136' title='bbox 1673 1962 1904 2032; x_wconf 82' lang='grc' dir='ltr'><strong>γραφική</strong></span> 
     </span>
    </p>
   </div>
   <div class='ocr_carea' id='block_1_22' title="bbox 304 2044 1907 2120">
    <p class='ocr_par' dir='ltr' id='par_1_22' title="bbox 304 2044 1907 2120">
     <span class='ocr_line' id='line_1_22' title="bbox 304 2044 1907 2120; baseline 0.001 -23"><span class='ocrx_word' id='word_1_137' title='bbox 304 2044 557 2116; x_wconf 76' lang='grc' dir='ltr'>ἐξήγησις</span> <span class='ocrx_word' id='word_1_138' title='bbox 583 2051 916 2120; x_wconf 84' lang='grc' dir='ltr'><strong>παραστήσει</strong></span> <span class='ocrx_word' id='word_1_139' title='bbox 954 2048 1048 2107; x_wconf 83' lang='grc' dir='ltr'>τὰς</span> <span class='ocrx_word' id='word_1_140' title='bbox 1099 2044 1152 2109; x_wconf 82' lang='grc' dir='ltr'>ἐξ</span> <span class='ocrx_word' id='word_1_141' title='bbox 1193 2046 1353 2099; x_wconf 78' lang='grc' dir='ltr'><strong>αὐτοῦ</strong></span> <span class='ocrx_word' id='word_1_142' title='bbox 1400 2066 1492 2119; x_wconf 88' lang='grc' dir='ltr'>μοι</span> <span class='ocrx_word' id='word_1_143' title='bbox 1536 2049 1907 2119; x_wconf 84' lang='grc' dir='ltr'>συμπεσούσας</span> 
     </span>
    </p>
   </div>
   <div class='ocr_carea' id='block_1_23' title="bbox 304 2132 1905 2211">
    <p class='ocr_par' dir='ltr' id='par_1_23' title="bbox 304 2132 1905 2211">
     <span class='ocr_line' id='line_1_23' title="bbox 304 2132 1905 2211; baseline 0.001 -25"><span class='ocrx_word' id='word_1_144' title='bbox 304 2132 426 2206; x_wconf 89' lang='grc' dir='ltr'>βιας</span> <span class='ocrx_word' id='word_1_145' title='bbox 457 2153 469 2203; x_wconf 88' lang='grc'><strong>;</strong></span> <span class='ocrx_word' id='word_1_146' title='bbox 502 2134 672 2188; x_wconf 88' lang='grc' dir='ltr'><strong>Θέλων</strong></span> <span class='ocrx_word' id='word_1_147' title='bbox 714 2138 816 2211; x_wconf 83' lang='grc' dir='ltr'><strong>γὰρ</strong></span> <span class='ocrx_word' id='word_1_148' title='bbox 851 2137 933 2187; x_wconf 81' lang='grc' dir='ltr'>ἵνα</span> <span class='ocrx_word' id='word_1_149' title='bbox 975 2139 1062 2188; x_wconf 88' lang='grc' dir='ltr'><strong>τόν</strong></span> <span class='ocrx_word' id='word_1_150' title='bbox 1095 2135 1453 2194; x_wconf 78' lang='grc' dir='ltr'><strong>Καλοῑωαννην</strong></span> <span class='ocrx_word' id='word_1_151' title='bbox 1494 2135 1716 2209; x_wconf 83' lang='grc' dir='ltr'>βασιλέα</span> <span class='ocrx_word' id='word_1_152' title='bbox 1761 2132 1905 2189; x_wconf 43' lang='grc' dir='ltr'><strong>ἰδιωμ-</strong></span> 
     </span>
    </p>
   </div>
   <div class='ocr_carea' id='block_1_24' title="bbox 302 2225 1902 2298">
    <p class='ocr_par' dir='ltr' id='par_1_24' title="bbox 302 2225 1902 2298">
     <span class='ocr_line' id='line_1_24' title="bbox 302 2225 1902 2298; baseline 0.001 -23"><span class='ocrx_word' id='word_1_153' title='bbox 302 2227 451 2296; x_wconf 80' lang='grc' dir='ltr'><strong>τίση,</strong></span> <span class='ocrx_word' id='word_1_154' title='bbox 531 2229 619 2276; x_wconf 81' lang='grc' dir='ltr'><strong>καὶ</strong></span> <span class='ocrx_word' id='word_1_155' title='bbox 677 2229 810 2297; x_wconf 87' lang='grc' dir='ltr'><strong>μήτε</strong></span> <span class='ocrx_word' id='word_1_156' title='bbox 854 2225 1081 2296; x_wconf 71' lang='grc' dir='ltr'><strong>εὐφήμην</strong></span> <span class='ocrx_word' id='word_1_157' title='bbox 1126 2227 1286 2296; x_wconf 83' lang='grc' dir='ltr'><strong>ἔχειν,</strong></span> <span class='ocrx_word' id='word_1_158' title='bbox 1365 2229 1497 2298; x_wconf 87' lang='grc' dir='ltr'><strong>μήτε</strong></span> <span class='ocrx_word' id='word_1_159' title='bbox 1552 2229 1902 2298; x_wconf 83' lang='grc' dir='ltr'><strong>μνημόσυνον,</strong></span> 
     </span>
    </p>
   </div>
   <div class='ocr_carea' id='block_1_25' title="bbox 301 2311 1906 2386">
    <p class='ocr_par' dir='ltr' id='par_1_25' title="bbox 301 2311 1906 2386">
     <span class='ocr_line' id='line_1_25' title="bbox 301 2311 1906 2386; baseline 0.001 -22"><span class='ocrx_word' id='word_1_160' title='bbox 301 2316 436 2384; x_wconf 88' lang='grc' dir='ltr'><strong>μήτε</strong></span> <span class='ocrx_word' id='word_1_161' title='bbox 484 2311 757 2384; x_wconf 82' lang='grc' dir='ltr'>βασιλείας</span> <span class='ocrx_word' id='word_1_162' title='bbox 813 2333 866 2365; x_wconf 92' lang='grc' dir='ltr'><strong>τι</strong></span> <span class='ocrx_word' id='word_1_163' title='bbox 925 2321 1158 2386; x_wconf 85' lang='grc' dir='ltr'><strong>σημεῖον,</strong></span> <span class='ocrx_word' id='word_1_164' title='bbox 1225 2316 1346 2375; x_wconf 83' lang='grc' dir='ltr'><strong>τοὺς</strong></span> <span class='ocrx_word' id='word_1_165' title='bbox 1411 2318 1602 2374; x_wconf 78' lang='grc' dir='ltr'><strong>κακοὺς</strong></span> <span class='ocrx_word' id='word_1_166' title='bbox 1663 2318 1906 2386; x_wconf 81' lang='grc' dir='ltr'><strong>ποιμένας</strong></span> 
     </span>
    </p>
   </div>
   <div class='ocr_carea' id='block_1_26' title="bbox 302 2402 1904 2478">
    <p class='ocr_par' dir='ltr' id='par_1_26' title="bbox 302 2402 1904 2478">
     <span class='ocr_line' id='line_1_26' title="bbox 302 2402 1904 2478; baseline 0.002 -25"><span class='ocrx_word' id='word_1_167' title='bbox 302 2421 391 2453; x_wconf 86' lang='grc' dir='ltr'>και</span> <span class='ocrx_word' id='word_1_168' title='bbox 438 2405 558 2463; x_wconf 81' lang='grc' dir='ltr'><strong>τοὺς</strong></span> <span class='ocrx_word' id='word_1_169' title='bbox 594 2410 686 2463; x_wconf 82' lang='grc' dir='ltr'><strong>τῆς</strong></span> <span class='ocrx_word' id='word_1_170' title='bbox 715 2402 1024 2463; x_wconf 87' lang='grc' dir='ltr'>Ἐκκλησίας</span> <span class='ocrx_word' id='word_1_171' title='bbox 1071 2402 1297 2476; x_wconf 83' lang='grc' dir='ltr'><strong>ἐχθροὺς</strong></span> <span class='ocrx_word' id='word_1_172' title='bbox 1350 2402 1539 2475; x_wconf 84' lang='grc' dir='ltr'>μᾶλλον</span> <span class='ocrx_word' id='word_1_173' title='bbox 1581 2405 1611 2462; x_wconf 82' lang='grc' dir='ltr'>ή</span> <span class='ocrx_word' id='word_1_174' title='bbox 1672 2405 1904 2478; x_wconf 79' lang='grc' dir='ltr'><strong>προστά-</strong></span> 
     </span>
    </p>
   </div>
   <div class='ocr_carea' id='block_1_27' title="bbox 1421 2490 1906 2566">
    <p class='ocr_par' dir='ltr' id='par_1_27' title="bbox 1421 2490 1906 2566">
     <span class='ocr_line' id='line_1_27' title="bbox 1421 2490 1906 2566; baseline 0.004 -21"><span class='ocrx_word' id='word_1_175' title='bbox 1421 2493 1608 2557; x_wconf 81' lang='grc' dir='ltr'><strong>ἤλπιζε</strong></span> <span class='ocrx_word' id='word_1_176' title='bbox 1665 2490 1724 2546; x_wconf 78' lang='grc' dir='ltr'>δὲ</span> <span class='ocrx_word' id='word_1_177' title='bbox 1774 2492 1906 2566; x_wconf 86' lang='grc' dir='ltr'><strong>κάμέ</strong></span> 
     </span>
    </p>
   </div>
   <div class='ocr_carea' id='block_1_28' title="bbox 303 2579 1904 2658">
    <p class='ocr_par' dir='ltr' id='par_1_28' title="bbox 303 2579 1904 2658">
     <span class='ocr_line' id='line_1_28' title="bbox 303 2579 1904 2658; baseline 0.002 -26"><span class='ocrx_word' id='word_1_178' title='bbox 303 2579 440 2642; x_wconf 88' lang='grc' dir='ltr'><strong>ἐντός</strong></span> <span class='ocrx_word' id='word_1_179' title='bbox 481 2589 581 2633; x_wconf 86' lang='grc' dir='ltr'>τῶν</span> <span class='ocrx_word' id='word_1_180' title='bbox 612 2581 812 2635; x_wconf 86' lang='grc' dir='ltr'><strong>οἰκείων</strong></span> <span class='ocrx_word' id='word_1_181' title='bbox 861 2582 1018 2634; x_wconf 76' lang='grc' dir='ltr'>αὐτοῦ</span> <span class='ocrx_word' id='word_1_182' title='bbox 1069 2581 1270 2655; x_wconf 82' lang='grc' dir='ltr'><strong>ἀρκύων</strong></span> <span class='ocrx_word' id='word_1_183' title='bbox 1320 2581 1462 2648; x_wconf 83' lang='grc' dir='ltr'><strong>ἄξαι,</strong></span> <span class='ocrx_word' id='word_1_184' title='bbox 1505 2579 1599 2636; x_wconf 74' lang='grc' dir='ltr'>διὰ</span> <span class='ocrx_word' id='word_1_185' title='bbox 1636 2587 1694 2635; x_wconf 87' lang='grc' dir='ltr'>τὸ</span> <span class='ocrx_word' id='word_1_186' title='bbox 1732 2602 1904 2658; x_wconf 89' lang='grc' dir='ltr'><strong>προσ-</strong></span> 
     </span>
    </p>
   </div>
   <div class='ocr_carea' id='block_1_29' title="bbox 302 2668 1906 2744">
    <p class='ocr_par' dir='ltr' id='par_1_29' title="bbox 302 2668 1906 2744">
     <span class='ocr_line' id='line_1_29' title="bbox 302 2668 1906 2744; baseline 0.002 -24"><span class='ocrx_word' id='word_1_187' title='bbox 302 2669 704 2742; x_wconf 82' lang='grc' dir='ltr'>ταλαιπωρῆσαί</span> <span class='ocrx_word' id='word_1_188' title='bbox 729 2691 792 2744; x_wconf 88' lang='grc' dir='ltr'>με</span> <span class='ocrx_word' id='word_1_189' title='bbox 818 2680 879 2744; x_wconf 76' lang='grc' dir='ltr'>τῇ</span> <span class='ocrx_word' id='word_1_190' title='bbox 927 2670 1119 2743; x_wconf 76' lang='grc' dir='ltr'>ἕξορίᾳ.</span> <span class='ocrx_word' id='word_1_191' title='bbox 1180 2671 1263 2732; x_wconf 79' lang='grc' dir='ltr'>Ὠς</span> <span class='ocrx_word' id='word_1_192' title='bbox 1307 2668 1367 2724; x_wconf 77' lang='grc' dir='ltr'>δὲ</span> <span class='ocrx_word' id='word_1_193' title='bbox 1422 2674 1451 2730; x_wconf 86' lang='grc' dir='ltr'>ή</span> <span class='ocrx_word' id='word_1_194' title='bbox 1509 2679 1600 2725; x_wconf 91' lang='grc' dir='ltr'><strong>τοῦ</strong></span> <span class='ocrx_word' id='word_1_195' title='bbox 1657 2677 1784 2727; x_wconf 85' lang='grc' dir='ltr'><strong>Θεοῦ</strong></span> <span class='ocrx_word' id='word_1_196' title='bbox 1827 2672 1906 2724; x_wconf 73' lang='grc' dir='ltr'>εὖ·</span> 
     </span>
    </p>
   </div>
   <div class='ocr_carea' id='block_1_30' title="bbox 305 2757 1907 2836">
    <p class='ocr_par' dir='ltr' id='par_1_30' title="bbox 305 2757 1907 2836">
     <span class='ocr_line' id='line_1_30' title="bbox 305 2757 1907 2836; baseline 0.003 -25"><span class='ocrx_word' id='word_1_197' title='bbox 305 2757 612 2832; x_wconf 85' lang='grc' dir='ltr'>σπλαγχνίᾶ</span> <span class='ocrx_word' id='word_1_198' title='bbox 660 2768 761 2813; x_wconf 85' lang='grc' dir='ltr'><strong>τῶν</strong></span> <span class='ocrx_word' id='word_1_199' title='bbox 827 2761 987 2814; x_wconf 72' lang='grc' dir='ltr'><strong>αὐτοῦ</strong></span> <span class='ocrx_word' id='word_1_200' title='bbox 1064 2757 1307 2832; x_wconf 78' lang='grc' dir='ltr'><strong>παγίδων</strong></span> <span class='ocrx_word' id='word_1_201' title='bbox 1364 2759 1618 2836; x_wconf 81' lang='grc' dir='ltr'>ἐρῥύσατό</span> <span class='ocrx_word' id='word_1_202' title='bbox 1669 2782 1754 2836; x_wconf 81' lang='grc' dir='ltr'>με,</span> <span class='ocrx_word' id='word_1_203' title='bbox 1817 2773 1907 2822; x_wconf 80' lang='grc' dir='ltr'><strong>καὶ</strong></span> 
     </span>
    </p>
   </div>
   <div class='ocr_carea' id='block_1_31' title="bbox 301 2491 1362 2568">
    <p class='ocr_par' dir='ltr' id='par_1_31' title="bbox 301 2491 1362 2568">
     <span class='ocr_line' id='line_1_31' title="bbox 301 2491 1362 2568; baseline 0 -25"><span class='ocrx_word' id='word_1_204' title='bbox 301 2511 392 2552; x_wconf 85' lang='grc' dir='ltr'>τας</span> <span class='ocrx_word' id='word_1_205' title='bbox 424 2496 704 2566; x_wconf 80' lang='grc' dir='ltr'><strong>συνεργοὺς</strong></span> <span class='ocrx_word' id='word_1_206' title='bbox 731 2492 798 2554; x_wconf 83' lang='grc' dir='ltr'><strong>εἰς</strong></span> <span class='ocrx_word' id='word_1_207' title='bbox 827 2500 979 2546; x_wconf 89' lang='grc' dir='ltr'><strong>τοῦτο</strong></span> <span class='ocrx_word' id='word_1_208' title='bbox 1014 2491 1287 2568; x_wconf 82' lang='grc' dir='ltr'><strong>ἐχρήσατο</strong></span> <span class='ocrx_word' id='word_1_209' title='bbox 1349 2513 1362 2526; x_wconf 82' lang='lat'><strong>-</strong></span> 
     </span>
    </p>
   </div>
   <div class='ocr_carea' id='block_1_32' title="bbox 303 2844 1906 2925">
    <p class='ocr_par' dir='ltr' id='par_1_32' title="bbox 303 2844 1906 2925">
     <span class='ocr_line' id='line_1_32' title="bbox 303 2844 1906 2925; baseline 0.004 -25"><span class='ocrx_word' id='word_1_210' title='bbox 303 2844 426 2900; x_wconf 68' lang='grc' dir='ltr'>οὐδὲ</span> <span class='ocrx_word' id='word_1_211' title='bbox 471 2848 565 2900; x_wconf 83' lang='grc' dir='ltr'>κᾶν</span> <span class='ocrx_word' id='word_1_212' title='bbox 608 2853 696 2900; x_wconf 87' lang='grc' dir='ltr'>τὸν</span> <span class='ocrx_word' id='word_1_213' title='bbox 770 2852 925 2922; x_wconf 83' lang='grc' dir='ltr'><strong>τόμον</strong></span> <span class='ocrx_word' id='word_1_214' title='bbox 983 2849 1037 2902; x_wconf 87' lang='grc' dir='ltr'>ὃν</span> <span class='ocrx_word' id='word_1_215' title='bbox 1104 2853 1256 2902; x_wconf 83' lang='grc' dir='ltr'><strong>κακοὶ</strong></span> <span class='ocrx_word' id='word_1_216' title='bbox 1309 2855 1399 2902; x_wconf 84' lang='grc' dir='ltr'>καὶ</span> <span class='ocrx_word' id='word_1_217' title='bbox 1455 2855 1635 2924; x_wconf 85' lang='grc' dir='ltr'><strong>πικροὶ</strong></span> <span class='ocrx_word' id='word_1_218' title='bbox 1675 2856 1906 2925; x_wconf 85' lang='grc' dir='ltr'><strong>ποιμένες</strong></span> 
     </span>
    </p>
   </div>
   <div class='ocr_carea' id='block_1_33' title="bbox 304 2935 1908 3014">
    <p class='ocr_par' dir='ltr' id='par_1_33' title="bbox 304 2935 1908 3014">
     <span class='ocr_line' id='line_1_33' title="bbox 304 2935 1908 3014; baseline 0.004 -26"><span class='ocrx_word' id='word_1_219' title='bbox 304 2935 558 2994; x_wconf 74' lang='grc' dir='ltr'>ἕποίησαν</span> <span class='ocrx_word' id='word_1_220' title='bbox 590 2935 816 2990; x_wconf 91' lang='grc' dir='ltr'><strong>ἀκοῦσαι</strong></span> <span class='ocrx_word' id='word_1_221' title='bbox 869 2939 1122 3007; x_wconf 82' lang='grc' dir='ltr'><strong>ἠθέλησα,</strong></span> <span class='ocrx_word' id='word_1_222' title='bbox 1178 2943 1346 3000; x_wconf 84' lang='grc' dir='ltr'>πόσας</span> <span class='ocrx_word' id='word_1_223' title='bbox 1383 2945 1643 3002; x_wconf 89' lang='grc' dir='ltr'>κακώσοις</span> <span class='ocrx_word' id='word_1_224' title='bbox 1673 2940 1760 3014; x_wconf 78' lang='grc' dir='ltr'>ἐμὲ</span> <span class='ocrx_word' id='word_1_225' title='bbox 1791 2940 1908 2995; x_wconf 79' lang='grc' dir='ltr'><strong>ἐκα-</strong></span> 
     </span>
    </p>
   </div>
   <div class='ocr_carea' id='block_1_34' title="bbox 305 3027 1907 3101">
    <p class='ocr_par' dir='ltr' id='par_1_34' title="bbox 305 3027 1907 3101">
     <span class='ocr_line' id='line_1_34' title="bbox 305 3027 1907 3101; baseline 0.004 -23"><span class='ocrx_word' id='word_1_226' title='bbox 305 3045 462 3097; x_wconf 86' lang='grc' dir='ltr'><strong>κωσε,</strong></span> <span class='ocrx_word' id='word_1_227' title='bbox 515 3031 606 3079; x_wconf 84' lang='grc' dir='ltr'><strong>καὶ</strong></span> <span class='ocrx_word' id='word_1_228' title='bbox 665 3031 832 3089; x_wconf 86' lang='grc' dir='ltr'>πόσας</span> <span class='ocrx_word' id='word_1_229' title='bbox 885 3047 948 3100; x_wconf 87' lang='grc' dir='ltr'>με</span> <span class='ocrx_word' id='word_1_230' title='bbox 1001 3027 1198 3100; x_wconf 72' lang='grc' dir='ltr'><strong>θλίψεις</strong></span> <span class='ocrx_word' id='word_1_231' title='bbox 1241 3029 1464 3101; x_wconf 74' lang='grc' dir='ltr'><strong>ἔθλιψεν,</strong></span> <span class='ocrx_word' id='word_1_232' title='bbox 1519 3027 1634 3084; x_wconf 75' lang='grc' dir='ltr'><strong>οἶδε</strong></span> <span class='ocrx_word' id='word_1_233' title='bbox 1685 3039 1854 3084; x_wconf 85' lang='grc' dir='ltr'>ταῦτα</span> <span class='ocrx_word' id='word_1_234' title='bbox 1882 3033 1907 3083; x_wconf 88' lang='grc' dir='ltr'><strong>ὁ</strong></span> 
     </span>
    </p>
   </div>
   <div class='ocr_carea' id='block_1_35' title="bbox 306 3111 1986 3204">
    <p class='ocr_par' dir='ltr' id='par_1_35' title="bbox 306 3111 1986 3204">
     <span class='ocr_line' id='line_1_35' title="bbox 306 3111 1986 3204; baseline 0.004 -38"><span class='ocrx_word' id='word_1_235' title='bbox 306 3111 753 3189; x_wconf 80' lang='grc' dir='ltr'><strong>πανδερκέστατος</strong></span> <span class='ocrx_word' id='word_1_236' title='bbox 809 3115 1087 3190; x_wconf 74' lang='grc' dir='ltr'><strong>ὀφθαλμός.</strong></span> <span class='ocrx_word' id='word_1_237' title='bbox 1144 3121 1274 3171; x_wconf 74' lang='grc' dir='ltr'>Ποτὲ</span> <span class='ocrx_word' id='word_1_238' title='bbox 1334 3118 1579 3192; x_wconf 71' lang='grc' dir='ltr'><strong>μενέλεγέ</strong></span> <span class='ocrx_word' id='word_1_239' title='bbox 1628 3139 1738 3191; x_wconf 84' lang='grc' dir='ltr'><strong>μοι,</strong></span> <span class='ocrx_word' id='word_1_240' title='bbox 1797 3120 1908 3173; x_wconf 76' lang='grc' dir='ltr'>Οὐκ</span> <span class='ocrx_word' id='word_1_241' title='bbox 1945 3149 1986 3204; x_wconf 78' lang='lat' dir='ltr'><strong>C</strong></span> 
     </span>
    </p>
   </div>
   <div class='ocr_carea' id='block_1_36' title="bbox 303 3203 1910 3278">
    <p class='ocr_par' dir='ltr' id='par_1_36' title="bbox 303 3203 1910 3278">
     <span class='ocr_line' id='line_1_36' title="bbox 303 3203 1910 3278; baseline 0.004 -22"><span class='ocrx_word' id='word_1_242' title='bbox 303 3203 528 3278; x_wconf 74' lang='grc' dir='ltr'>ἀπέλθῃς</span> <span class='ocrx_word' id='word_1_243' title='bbox 589 3204 664 3265; x_wconf 83' lang='grc' dir='ltr'><strong>εἰς</strong></span> <span class='ocrx_word' id='word_1_244' title='bbox 709 3209 803 3264; x_wconf 84' lang='grc' dir='ltr'>τήν</span> <span class='ocrx_word' id='word_1_245' title='bbox 855 3210 1101 3276; x_wconf 83' lang='grc' dir='ltr'><strong>Νίκαιαν,</strong></span> <span class='ocrx_word' id='word_1_246' title='bbox 1159 3207 1270 3260; x_wconf 77' lang='grc' dir='ltr'><strong>ἐπεὶ</strong></span> <span class='ocrx_word' id='word_1_247' title='bbox 1320 3209 1910 3272; x_wconf 81' lang='grc' dir='ltr'><strong>Κωνσταντινουπόλεως</strong></span> 
     </span>
    </p>
   </div>
   <div class='ocr_carea' id='block_1_37' title="bbox 301 3291 1909 3368">
    <p class='ocr_par' dir='ltr' id='par_1_37' title="bbox 301 3291 1909 3368">
     <span class='ocr_line' id='line_1_37' title="bbox 301 3291 1909 3368; baseline 0.004 -23"><span class='ocrx_word' id='word_1_248' title='bbox 301 3291 699 3368; x_wconf 84' lang='grc' dir='ltr'><strong>ἐχειροτονήθης</strong></span> <span class='ocrx_word' id='word_1_249' title='bbox 753 3315 766 3328; x_wconf 84' lang='grc'><strong>·</strong></span> <span class='ocrx_word' id='word_1_250' title='bbox 830 3298 955 3348; x_wconf 68' lang='grc' dir='ltr'><strong>ποτε</strong></span> <span class='ocrx_word' id='word_1_251' title='bbox 1009 3292 1069 3349; x_wconf 78' lang='grc' dir='ltr'>δὲ</span> <span class='ocrx_word' id='word_1_252' title='bbox 1127 3295 1257 3349; x_wconf 84' lang='grc' dir='ltr'>ἄλλα</span> <span class='ocrx_word' id='word_1_253' title='bbox 1319 3305 1414 3360; x_wconf 87' lang='grc' dir='ltr'><strong>τῆς</strong></span> <span class='ocrx_word' id='word_1_254' title='bbox 1475 3297 1636 3351; x_wconf 75' lang='grc' dir='ltr'><strong>αὐτοῦ</strong></span> <span class='ocrx_word' id='word_1_255' title='bbox 1691 3295 1909 3360; x_wconf 76' lang='grc' dir='ltr'>διπλόης</span> 
     </span>
    </p>
   </div>
   <div class='ocr_carea' id='block_1_38' title="bbox 301 3383 444 3446">
    <p class='ocr_par' dir='ltr' id='par_1_38' title="bbox 301 3383 444 3446">
     <span class='ocr_line' id='line_1_38' title="bbox 301 3383 444 3446; baseline 0.028 -12"><span class='ocrx_word' id='word_1_256' title='bbox 301 3383 367 3446; x_wconf 85' lang='grc' dir='ltr'><strong>οἶξ</strong></span> <span class='ocrx_word' id='word_1_257' title='bbox 372 3403 444 3438; x_wconf 88' lang='grc' dir='ltr'>ια.</span> 
     </span>
    </p>
   </div>
   <div class='ocr_carea' id='block_1_39' title="bbox 372 3470 1906 3552">
    <p class='ocr_par' dir='ltr' id='par_1_39' title="bbox 372 3470 1906 3552">
     <span class='ocr_line' id='line_1_39' title="bbox 372 3470 1906 3552; baseline 0.001 -24"><span class='ocrx_word' id='word_1_258' title='bbox 372 3472 450 3532; x_wconf 87' lang='grc' dir='ltr'>Η’.</span> <span class='ocrx_word' id='word_1_259' title='bbox 501 3472 588 3536; x_wconf 84' lang='grc' dir='ltr'><strong>Ὦς</strong></span> <span class='ocrx_word' id='word_1_260' title='bbox 648 3470 708 3527; x_wconf 73' lang='grc' dir='ltr'>δὲ</span> <span class='ocrx_word' id='word_1_261' title='bbox 759 3475 788 3533; x_wconf 86' lang='grc' dir='ltr'>ή</span> <span class='ocrx_word' id='word_1_262' title='bbox 867 3475 1410 3538; x_wconf 82' lang='grc' dir='ltr'>Κωνσταντινούπολις</span> <span class='ocrx_word' id='word_1_263' title='bbox 1470 3475 1752 3552; x_wconf 75' lang='grc' dir='ltr'><strong>ἐκρατήθη,</strong></span> <span class='ocrx_word' id='word_1_264' title='bbox 1816 3483 1906 3531; x_wconf 82' lang='grc' dir='ltr'>καὶ</span> 
     </span>
    </p>
   </div>
   <div class='ocr_carea' id='block_1_40' title="bbox 298 3561 1909 3640">
    <p class='ocr_par' dir='ltr' id='par_1_40' title="bbox 298 3561 1909 3640">
     <span class='ocr_line' id='line_1_40' title="bbox 298 3561 1909 3640; baseline 0.002 -24"><span class='ocrx_word' id='word_1_265' title='bbox 298 3565 430 3638; x_wconf 87' lang='grc' dir='ltr'><strong>πρὸς</strong></span> <span class='ocrx_word' id='word_1_266' title='bbox 477 3563 640 3622; x_wconf 76' lang='grc' dir='ltr'><strong>αὐτήν</strong></span> <span class='ocrx_word' id='word_1_267' title='bbox 700 3561 1072 3637; x_wconf 85' lang='grc' dir='ltr'><strong>ἀπηρχόμεθα,</strong></span> <span class='ocrx_word' id='word_1_268' title='bbox 1130 3572 1238 3626; x_wconf 87' lang='grc' dir='ltr'>πῶς</span> <span class='ocrx_word' id='word_1_269' title='bbox 1289 3565 1409 3638; x_wconf 76' lang='grc' dir='ltr'>ὑμῖν</span> <span class='ocrx_word' id='word_1_270' title='bbox 1456 3571 1786 3640; x_wconf 86' lang='grc' dir='ltr'><strong>παραστήσω</strong></span> <span class='ocrx_word' id='word_1_271' title='bbox 1819 3569 1909 3627; x_wconf 84' lang='grc' dir='ltr'><strong>τὰς</strong></span> 
     </span>
    </p>
   </div>
   <div class='ocr_carea' id='block_1_41' title="bbox 299 3653 1908 3728">
    <p class='ocr_par' dir='ltr' id='par_1_41' title="bbox 299 3653 1908 3728">
     <span class='ocr_line' id='line_1_41' title="bbox 299 3653 1908 3728; baseline 0.002 -24"><span class='ocrx_word' id='word_1_272' title='bbox 299 3655 436 3705; x_wconf 88' lang='grc' dir='ltr'>κατά</span> <span class='ocrx_word' id='word_1_273' title='bbox 489 3655 548 3705; x_wconf 86' lang='grc' dir='ltr'>τὸ</span> <span class='ocrx_word' id='word_1_274' title='bbox 601 3655 881 3726; x_wconf 76' lang='grc' dir='ltr'><strong>Σκουτάριν</strong></span> <span class='ocrx_word' id='word_1_275' title='bbox 943 3655 1057 3725; x_wconf 78' lang='lat' dir='ltr'>(ll)</span> <span class='ocrx_word' id='word_1_276' title='bbox 1127 3653 1184 3716; x_wconf 86' lang='grc' dir='ltr'><strong>ἐξ</strong></span> <span class='ocrx_word' id='word_1_277' title='bbox 1239 3655 1398 3707; x_wconf 79' lang='grc' dir='ltr'><strong>αὐτοῦ</strong></span> <span class='ocrx_word' id='word_1_278' title='bbox 1448 3653 1768 3716; x_wconf 79' lang='grc' dir='ltr'><strong>ἐπελθούσας</strong></span> <span class='ocrx_word' id='word_1_279' title='bbox 1818 3675 1908 3728; x_wconf 88' lang='grc' dir='ltr'>μοι</span> 
     </span>
    </p>
   </div>
   <div class='ocr_carea' id='block_1_42' title="bbox 304 3740 1909 3820">
    <p class='ocr_par' dir='ltr' id='par_1_42' title="bbox 304 3740 1909 3820">
     <span class='ocr_line' id='line_1_42' title="bbox 304 3740 1909 3820; baseline 0.001 -27"><span class='ocrx_word' id='word_1_280' title='bbox 304 3740 535 3811; x_wconf 74' lang='grc' dir='ltr'>θλίψειςς</span> <span class='ocrx_word' id='word_1_281' title='bbox 575 3750 681 3803; x_wconf 86' lang='grc' dir='ltr'><strong>πῶς</strong></span> <span class='ocrx_word' id='word_1_282' title='bbox 719 3745 812 3805; x_wconf 80' lang='grc' dir='ltr'>τὰς</span> <span class='ocrx_word' id='word_1_283' title='bbox 840 3741 964 3816; x_wconf 87' lang='grc' dir='ltr'>βίας</span> <span class='ocrx_word' id='word_1_284' title='bbox 995 3761 1007 3812; x_wconf 89' lang='grc'>;</span> <span class='ocrx_word' id='word_1_285' title='bbox 1043 3741 1244 3815; x_wconf 80' lang='grc' dir='ltr'><strong>βιάζων</strong></span> <span class='ocrx_word' id='word_1_286' title='bbox 1275 3763 1338 3816; x_wconf 90' lang='grc' dir='ltr'>με</span> <span class='ocrx_word' id='word_1_287' title='bbox 1371 3743 1630 3818; x_wconf 81' lang='grc' dir='ltr'><strong>ὀνομάσαι</strong></span> <span class='ocrx_word' id='word_1_288' title='bbox 1655 3746 1909 3820; x_wconf 84' lang='grc' dir='ltr'>πατριάρ-</span> 
     </span>
    </p>
   </div>
   <div class='ocr_carea' id='block_1_43' title="bbox 304 3830 1908 3907">
    <p class='ocr_par' dir='ltr' id='par_1_43' title="bbox 304 3830 1908 3907">
     <span class='ocr_line' id='line_1_43' title="bbox 304 3830 1908 3907; baseline 0.003 -26"><span class='ocrx_word' id='word_1_289' title='bbox 304 3850 412 3901; x_wconf 94' lang='grc' dir='ltr'>χην</span> <span class='ocrx_word' id='word_1_290' title='bbox 441 3833 529 3882; x_wconf 89' lang='grc' dir='ltr'>τὸν</span> <span class='ocrx_word' id='word_1_291' title='bbox 555 3830 690 3899; x_wconf 29' lang='lat' dir='ltr'>sane</span> <span class='ocrx_word' id='word_1_292' title='bbox 720 3831 942 3904; x_wconf 74' lang='grc' dir='ltr'>Ἐφέσου</span> <span class='ocrx_word' id='word_1_293' title='bbox 999 3832 1206 3900; x_wconf 82' lang='grc' dir='ltr'><strong>ἐκεῖνον,</strong></span> <span class='ocrx_word' id='word_1_294' title='bbox 1269 3837 1359 3885; x_wconf 83' lang='grc' dir='ltr'>καὶ</span> <span class='ocrx_word' id='word_1_295' title='bbox 1412 3836 1533 3896; x_wconf 82' lang='grc' dir='ltr'><strong>τοὺς</strong></span> <span class='ocrx_word' id='word_1_296' title='bbox 1560 3834 1682 3907; x_wconf 88' lang='grc' dir='ltr'><strong>παρ’</strong></span> <span class='ocrx_word' id='word_1_297' title='bbox 1749 3834 1908 3886; x_wconf 79' lang='grc' dir='ltr'><strong>αὐτοῦ</strong></span> 
     </span>
    </p>
   </div>
   <div class='ocr_carea' id='block_1_44' title="bbox 307 3919 1911 3998">
    <p class='ocr_par' dir='ltr' id='par_1_44' title="bbox 307 3919 1911 3998">
     <span class='ocr_line' id='line_1_44' title="bbox 307 3919 1911 3998; baseline 0.003 -28"><span class='ocrx_word' id='word_1_298' title='bbox 307 3923 732 3992; x_wconf 71' lang='grc' dir='ltr'><strong>χειροτονηέντας</strong></span> <span class='ocrx_word' id='word_1_299' title='bbox 781 3919 1047 3998; x_wconf 87' lang='grc' dir='ltr'><strong>ἀρχειρεῖς</strong></span> <span class='ocrx_word' id='word_1_300' title='bbox 1125 3927 1216 3974; x_wconf 87' lang='grc' dir='ltr'><strong>καὶ</strong></span> <span class='ocrx_word' id='word_1_301' title='bbox 1282 3924 1430 3996; x_wconf 81' lang='grc' dir='ltr'><strong>ἱερεῖς</strong></span> <span class='ocrx_word' id='word_1_302' title='bbox 1483 3927 1574 3975; x_wconf 82' lang='grc' dir='ltr'>καὶ</span> <span class='ocrx_word' id='word_1_303' title='bbox 1633 3919 1911 3986; x_wconf 74' lang='grc' dir='ltr'>διακόνους</span> 
     </span>
    </p>
   </div>
   <div class='ocr_carea' id='block_1_45' title="bbox 308 4003 1909 4083">
    <p class='ocr_par' dir='ltr' id='par_1_45' title="bbox 308 4003 1909 4083">
     <span class='ocr_line' id='line_1_45' title="bbox 308 4003 1909 4083; baseline 0.002 -24"><span class='ocrx_word' id='word_1_304' title='bbox 308 4003 564 4070; x_wconf 80' lang='grc' dir='ltr'>δέξασθαι</span> <span class='ocrx_word' id='word_1_305' title='bbox 593 4030 605 4041; x_wconf 77' lang='grc' dir='ltr'><strong>ο</strong></span> <span class='ocrx_word' id='word_1_306' title='bbox 639 4008 682 4061; x_wconf 85' lang='grc' dir='ltr'>εἰ</span> <span class='ocrx_word' id='word_1_307' title='bbox 721 4005 779 4062; x_wconf 78' lang='grc' dir='ltr'>δὲ</span> <span class='ocrx_word' id='word_1_308' title='bbox 807 4015 878 4083; x_wconf 88' lang='grc' dir='ltr'>μή</span> <span class='ocrx_word' id='word_1_309' title='bbox 909 4030 991 4081; x_wconf 86' lang='grc' dir='ltr'>γε,</span> <span class='ocrx_word' id='word_1_310' title='bbox 1017 4010 1248 4064; x_wconf 84' lang='grc' dir='ltr'><strong>κωλυτέα</strong></span> <span class='ocrx_word' id='word_1_311' title='bbox 1293 4031 1383 4082; x_wconf 92' lang='grc' dir='ltr'><strong>μοι</strong></span> <span class='ocrx_word' id='word_1_312' title='bbox 1414 4007 1475 4069; x_wconf 75' lang='grc' dir='ltr'>ἦν</span> <span class='ocrx_word' id='word_1_313' title='bbox 1512 4013 1542 4069; x_wconf 84' lang='grc' dir='ltr'>ἡ</span> <span class='ocrx_word' id='word_1_314' title='bbox 1584 4018 1909 4065; x_wconf 84' lang='grc' dir='ltr'>Κωνσταντι-</span> 
     </span>
    </p>
   </div>
   <div class='ocr_carea' id='block_1_46' title="bbox 301 4095 1906 4173">
    <p class='ocr_par' dir='ltr' id='par_1_46' title="bbox 301 4095 1906 4173">
     <span class='ocr_line' id='line_1_46' title="bbox 301 4095 1906 4173; baseline 0.003 -25"><span class='ocrx_word' id='word_1_315' title='bbox 301 4096 588 4161; x_wconf 89' lang='grc' dir='ltr'><strong>νουπόλεως</strong></span> <span class='ocrx_word' id='word_1_316' title='bbox 627 4095 850 4160; x_wconf 79' lang='grc' dir='ltr'><strong>εἴσοδος.</strong></span> <span class='ocrx_word' id='word_1_317' title='bbox 901 4099 989 4162; x_wconf 76' lang='grc' dir='ltr'><strong>Ὠς</strong></span> <span class='ocrx_word' id='word_1_318' title='bbox 1048 4096 1107 4153; x_wconf 71' lang='grc' dir='ltr'>δὲ</span> <span class='ocrx_word' id='word_1_319' title='bbox 1164 4102 1425 4158; x_wconf 83' lang='grc' dir='ltr'><strong>πειθήνιον</strong></span> <span class='ocrx_word' id='word_1_320' title='bbox 1482 4100 1587 4173; x_wconf 79' lang='grc' dir='ltr'>οὐχ</span> <span class='ocrx_word' id='word_1_321' title='bbox 1617 4099 1752 4173; x_wconf 85' lang='grc' dir='ltr'><strong>ἐώρα</strong></span> <span class='ocrx_word' id='word_1_322' title='bbox 1795 4120 1859 4173; x_wconf 87' lang='grc' dir='ltr'>με</span> <span class='ocrx_word' id='word_1_323' title='bbox 1893 4121 1906 4133; x_wconf 80' lang='grc' dir='ltr'>ο</span> 
     </span>
    </p>
   </div>
   <div class='ocr_carea' id='block_1_47' title="bbox 300 4181 1885 4262">
    <p class='ocr_par' dir='ltr' id='par_1_47' title="bbox 300 4181 1885 4262">
     <span class='ocr_line' id='line_1_47' title="bbox 300 4181 1885 4262; baseline 0.001 -24"><span class='ocrx_word' id='word_1_324' title='bbox 300 4181 480 4248; x_wconf 73' lang='grc' dir='ltr'><strong>οὐδεὶς</strong></span> <span class='ocrx_word' id='word_1_325' title='bbox 531 4189 632 4262; x_wconf 83' lang='grc' dir='ltr'><strong>γὰρ</strong></span> <span class='ocrx_word' id='word_1_326' title='bbox 691 4195 792 4240; x_wconf 86' lang='grc' dir='ltr'>τῶν</span> <span class='ocrx_word' id='word_1_327' title='bbox 856 4190 984 4262; x_wconf 87' lang='grc' dir='ltr'><strong>παρ’</strong></span> <span class='ocrx_word' id='word_1_328' title='bbox 1048 4187 1240 4241; x_wconf 80' lang='grc' dir='ltr'><strong>ἐκείνου</strong></span> <span class='ocrx_word' id='word_1_329' title='bbox 1271 4191 1735 4262; x_wconf 83' lang='grc' dir='ltr'><strong>χειροτονηθέντων</strong></span> <span class='ocrx_word' id='word_1_330' title='bbox 1791 4208 1885 4242; x_wconf 88' lang='grc' dir='ltr'>συν</span> 
     </span>
    </p>
   </div>
   <div class='ocr_carea' id='block_1_48' title="bbox 299 4273 1910 4350">
    <p class='ocr_par' dir='ltr' id='par_1_48' title="bbox 299 4273 1910 4350">
     <span class='ocr_line' id='line_1_48' title="bbox 299 4273 1910 4350; baseline 0 -22"><span class='ocrx_word' id='word_1_331' title='bbox 299 4273 667 4348; x_wconf 78' lang='grc' dir='ltr'><strong>ελεττούργησέ</strong></span> <span class='ocrx_word' id='word_1_332' title='bbox 741 4295 852 4347; x_wconf 85' lang='grc' dir='ltr'><strong>μοι,</strong></span> <span class='ocrx_word' id='word_1_333' title='bbox 932 4275 1038 4328; x_wconf 84' lang='grc' dir='ltr'>ἀλλ’</span> <span class='ocrx_word' id='word_1_334' title='bbox 1119 4274 1503 4350; x_wconf 80' lang='grc' dir='ltr'>ἀποτροπαίους</span> <span class='ocrx_word' id='word_1_335' title='bbox 1573 4281 1663 4329; x_wconf 89' lang='grc' dir='ltr'><strong>καὶ</strong></span> <span class='ocrx_word' id='word_1_336' title='bbox 1721 4273 1910 4350; x_wconf 77' lang='grc' dir='ltr'>βδελυ-</span> 
     </span>
    </p>
   </div>
   <div class='ocr_carea' id='block_1_49' title="bbox 297 4365 1910 4439">
    <p class='ocr_par' dir='ltr' id='par_1_49' title="bbox 297 4365 1910 4439">
     <span class='ocr_line' id='line_1_49' title="bbox 297 4365 1910 4439; baseline 0.001 -23"><span class='ocrx_word' id='word_1_337' title='bbox 297 4368 470 4430; x_wconf 84' lang='grc' dir='ltr'><strong>κτούς,</strong></span> <span class='ocrx_word' id='word_1_338' title='bbox 503 4367 573 4426; x_wconf 89' lang='grc' dir='ltr'><strong>ὡς</strong></span> <span class='ocrx_word' id='word_1_339' title='bbox 626 4369 716 4417; x_wconf 85' lang='grc' dir='ltr'>καὶ</span> <span class='ocrx_word' id='word_1_340' title='bbox 778 4366 943 4437; x_wconf 86' lang='grc' dir='ltr'><strong>θέμις,</strong></span> <span class='ocrx_word' id='word_1_341' title='bbox 993 4367 1212 4428; x_wconf 83' lang='grc' dir='ltr'><strong>τούτους</strong></span> <span class='ocrx_word' id='word_1_342' title='bbox 1277 4365 1421 4438; x_wconf 80' lang='grc' dir='ltr'><strong>εἶχον</strong></span> <span class='ocrx_word' id='word_1_343' title='bbox 1470 4388 1482 4400; x_wconf 93' lang='grc'><strong>·</strong></span> <span class='ocrx_word' id='word_1_344' title='bbox 1544 4365 1910 4439; x_wconf 84' lang='grc' dir='ltr'>ἀγανακτήσας</span> 
     </span>
    </p>
   </div>
   <div class='ocr_carea' id='block_1_50' title="bbox 297 4451 1907 4530">
    <p class='ocr_par' dir='ltr' id='par_1_50' title="bbox 297 4451 1907 4530">
     <span class='ocr_line' id='line_1_50' title="bbox 297 4451 1907 4530; baseline 0.003 -24"><span class='ocrx_word' id='word_1_345' title='bbox 297 4457 653 4529; x_wconf 76' lang='grc' dir='ltr'><strong>παρεχώρησε</strong></span> <span class='ocrx_word' id='word_1_346' title='bbox 707 4474 799 4526; x_wconf 88' lang='grc' dir='ltr'>μοι</span> <span class='ocrx_word' id='word_1_347' title='bbox 849 4458 943 4513; x_wconf 91' lang='grc' dir='ltr'>τήν</span> <span class='ocrx_word' id='word_1_348' title='bbox 1021 4451 1251 4512; x_wconf 70' lang='grc' dir='ltr'>εἴσοδον.</span> <span class='ocrx_word' id='word_1_349' title='bbox 1299 4456 1458 4508; x_wconf 82' lang='grc' dir='ltr'>Πάλιν</span> <span class='ocrx_word' id='word_1_350' title='bbox 1515 4451 1574 4508; x_wconf 74' lang='grc' dir='ltr'>δὲ</span> <span class='ocrx_word' id='word_1_351' title='bbox 1628 4460 1907 4530; x_wconf 81' lang='grc' dir='ltr'><strong>σκαιωρίαι</strong></span> 
     </span>
    </p>
   </div>
   <div class='ocr_carea' id='block_1_51' title="bbox 297 4541 1907 4617">
    <p class='ocr_par' dir='ltr' id='par_1_51' title="bbox 297 4541 1907 4617">
     <span class='ocr_line' id='line_1_51' title="bbox 297 4541 1907 4617; baseline 0.001 -23"><span class='ocrx_word' id='word_1_352' title='bbox 297 4545 389 4594; x_wconf 82' lang='grc' dir='ltr'>καὶ</span> <span class='ocrx_word' id='word_1_353' title='bbox 417 4541 571 4594; x_wconf 80' lang='grc' dir='ltr'>πάλιν</span> <span class='ocrx_word' id='word_1_354' title='bbox 611 4543 818 4614; x_wconf 79' lang='grc' dir='ltr'><strong>ἄπειροι</strong></span> <span class='ocrx_word' id='word_1_355' title='bbox 873 4547 1134 4604; x_wconf 84' lang='grc' dir='ltr'><strong>κακώσεις</strong></span> <span class='ocrx_word' id='word_1_356' title='bbox 1170 4543 1286 4595; x_wconf 91' lang='grc' dir='ltr'>κατ’</span> <span class='ocrx_word' id='word_1_357' title='bbox 1342 4543 1467 4616; x_wconf 74' lang='grc' dir='ltr'><strong>ἐμοῦ</strong></span> <span class='ocrx_word' id='word_1_358' title='bbox 1534 4543 1580 4595; x_wconf 88' lang='grc' dir='ltr'><strong>ἐν</strong></span> <span class='ocrx_word' id='word_1_359' title='bbox 1643 4551 1705 4617; x_wconf 75' lang='grc' dir='ltr'>τῇ</span> <span class='ocrx_word' id='word_1_360' title='bbox 1759 4550 1907 4597; x_wconf 84' lang='grc' dir='ltr'>Κων-</span> 
     </span>
    </p>
   </div>
   <div class='ocr_carea' id='block_1_52' title="bbox 301 4629 1351 4703">
    <p class='ocr_par' dir='ltr' id='par_1_52' title="bbox 301 4629 1351 4703">
     <span class='ocr_line' id='line_1_52' title="bbox 301 4629 1351 4703; baseline 0.003 -22"><span class='ocrx_word' id='word_1_361' title='bbox 301 4629 728 4682; x_wconf 81' lang='grc' dir='ltr'><strong>σταντινουπόλει</strong></span> <span class='ocrx_word' id='word_1_362' title='bbox 756 4629 879 4703; x_wconf 89' lang='grc' dir='ltr'><strong>παρ’</strong></span> <span class='ocrx_word' id='word_1_363' title='bbox 905 4630 1066 4683; x_wconf 79' lang='grc' dir='ltr'>αὐτοῦ</span> <span class='ocrx_word' id='word_1_364' title='bbox 1096 4629 1351 4703; x_wconf 80' lang='grc' dir='ltr'><strong>ἐγένοντο.</strong></span> 
     </span>
    </p>
   </div>
   <div class='ocr_carea' id='block_1_53' title="bbox 373 4717 1908 4793">
    <p class='ocr_par' dir='ltr' id='par_1_53' title="bbox 373 4717 1908 4793">
     <span class='ocr_line' id='line_1_53' title="bbox 373 4717 1908 4793; baseline 0.003 -23"><span class='ocrx_word' id='word_1_365' title='bbox 373 4717 451 4772; x_wconf 85' lang='grc' dir='ltr'>Θ’.</span> <span class='ocrx_word' id='word_1_366' title='bbox 483 4718 569 4780; x_wconf 75' lang='grc' dir='ltr'>Ὡς</span> <span class='ocrx_word' id='word_1_367' title='bbox 601 4721 703 4791; x_wconf 83' lang='grc' dir='ltr'><strong>γὰρ</strong></span> <span class='ocrx_word' id='word_1_368' title='bbox 732 4722 820 4771; x_wconf 86' lang='grc' dir='ltr'>τὸν</span> <span class='ocrx_word' id='word_1_369' title='bbox 873 4720 1034 4772; x_wconf 81' lang='grc' dir='ltr'><strong>αὐτοῦ</strong></span> <span class='ocrx_word' id='word_1_370' title='bbox 1115 4719 1365 4777; x_wconf 76' lang='grc' dir='ltr'>αὐθέντην</span> <span class='ocrx_word' id='word_1_371' title='bbox 1421 4719 1646 4793; x_wconf 82' lang='grc' dir='ltr'>βασιλέα</span> <span class='ocrx_word' id='word_1_372' title='bbox 1684 4719 1908 4780; x_wconf 78' lang='grc' dir='ltr'><strong>ἠθέλησε</strong></span> 
     </span>
    </p>
   </div>
   <div class='ocr_carea' id='block_1_54' title="bbox 298 4808 1907 4882">
    <p class='ocr_par' dir='ltr' id='par_1_54' title="bbox 298 4808 1907 4882">
     <span class='ocr_line' id='line_1_54' title="bbox 298 4808 1907 4882; baseline 0.002 -22"><span class='ocrx_word' id='word_1_373' title='bbox 298 4815 565 4880; x_wconf 75' lang='grc' dir='ltr'>φονεῦσαι,</span> <span class='ocrx_word' id='word_1_374' title='bbox 635 4810 700 4868; x_wconf 85' lang='grc' dir='ltr'><strong>ὡς</strong></span> <span class='ocrx_word' id='word_1_375' title='bbox 746 4813 818 4880; x_wconf 91' lang='grc' dir='ltr'>μή</span> <span class='ocrx_word' id='word_1_376' title='bbox 879 4829 930 4862; x_wconf 94' lang='grc' dir='ltr'>τι</span> <span class='ocrx_word' id='word_1_377' title='bbox 998 4808 1214 4882; x_wconf 83' lang='grc' dir='ltr'>κώλυμα</span> <span class='ocrx_word' id='word_1_378' title='bbox 1273 4813 1450 4882; x_wconf 78' lang='grc' dir='ltr'>φανείη</span> <span class='ocrx_word' id='word_1_379' title='bbox 1523 4809 1579 4874; x_wconf 84' lang='grc' dir='ltr'>ἐξ</span> <span class='ocrx_word' id='word_1_380' title='bbox 1650 4809 1798 4882; x_wconf 76' lang='grc' dir='ltr'><strong>ἐμοῦ,</strong></span> <span class='ocrx_word' id='word_1_381' title='bbox 1851 4813 1907 4864; x_wconf 79' lang='grc' dir='ltr'><strong>αἱ</strong></span> 
     </span>
    </p>
   </div>
   <div class='ocr_carea' id='block_1_55' title="bbox 300 4895 1908 4972">
    <p class='ocr_par' dir='ltr' id='par_1_55' title="bbox 300 4895 1908 4972">
     <span class='ocr_line' id='line_1_55' title="bbox 300 4895 1908 4972; baseline 0.002 -24"><span class='ocrx_word' id='word_1_382' title='bbox 300 4902 586 4971; x_wconf 88' lang='grc' dir='ltr'>σκαιωρίαι</span> <span class='ocrx_word' id='word_1_383' title='bbox 626 4898 740 4950; x_wconf 81' lang='grc' dir='ltr'>κατ’</span> <span class='ocrx_word' id='word_1_384' title='bbox 795 4899 923 4970; x_wconf 82' lang='grc' dir='ltr'><strong>ἐμοῦ</strong></span> <span class='ocrx_word' id='word_1_385' title='bbox 991 4899 1408 4959; x_wconf 78' lang='grc' dir='ltr'><strong>σῦνεπλοίκησαν.</strong></span> <span class='ocrx_word' id='word_1_386' title='bbox 1466 4898 1548 4960; x_wconf 79' lang='grc' dir='ltr'>Ὡς</span> <span class='ocrx_word' id='word_1_387' title='bbox 1608 4895 1668 4952; x_wconf 66' lang='grc' dir='ltr'>δὲ</span> <span class='ocrx_word' id='word_1_388' title='bbox 1706 4902 1908 4972; x_wconf 82' lang='grc' dir='ltr'><strong>μάταια</strong></span> 
     </span>
    </p>
   </div>
   <div class='ocr_carea' id='block_1_56' title="bbox 1940 4504 1983 4558">
    <p class='ocr_par' dir='ltr' id='par_1_56' title="bbox 1940 4504 1983 4558">
     <span class='ocr_line' id='line_1_56' title="bbox 1940 4504 1983 4558; baseline 0 0"><span class='ocrx_word' id='word_1_389' title='bbox 1940 4504 1983 4558; x_wconf 92' lang='lat' dir='ltr'><strong>D</strong></span> 
     </span>
    </p>
   </div>
   <div class='ocr_carea' id='block_1_57' title="bbox 372 5074 1906 5160">
    <p class='ocr_par' dir='ltr' id='par_1_57' title="bbox 372 5074 1906 5160">
     <span class='ocr_line' id='line_1_57' title="bbox 372 5074 1906 5160; baseline 0.006 -32"><span class='ocrx_word' id='word_1_390' title='bbox 372 5075 490 5160; x_wconf 69' lang='grc' dir='ltr'>(1οξ</span> <span class='ocrx_word' id='word_1_391' title='bbox 546 5074 817 5160; x_wconf 63' lang='grc' dir='ltr'>ιξύφήμην.</span> <span class='ocrx_word' id='word_1_392' title='bbox 897 5078 996 5160; x_wconf 60' lang='lat' dir='ltr'>Est</span> <span class='ocrx_word' id='word_1_393' title='bbox 1051 5077 1277 5160; x_wconf 67' lang='grc' dir='ltr'><strong>εὐφήμη,</strong></span> <span class='ocrx_word' id='word_1_394' title='bbox 1313 5077 1716 5160; x_wconf 38' lang='grc' dir='ltr'>,εὐφημισμόςκ</span> <span class='ocrx_word' id='word_1_395' title='bbox 1753 5079 1906 5160; x_wconf 52' lang='grc' dir='ltr'><strong>εὑρη-</strong></span> 
     </span>
    </p>
   </div>
   <div class='ocr_carea' id='block_1_58' title="bbox 299 5145 1901 5222">
    <p class='ocr_par' dir='ltr' id='par_1_58' title="bbox 299 5145 1901 5222">
     <span class='ocr_line' id='line_1_58' title="bbox 299 5145 1901 5222; baseline 0.008 -28"><span class='ocrx_word' id='word_1_396' title='bbox 299 5149 398 5222; x_wconf 78' lang='grc' dir='ltr'><strong>μία</strong></span> <span class='ocrx_word' id='word_1_397' title='bbox 427 5154 526 5222; x_wconf 77' lang='grc' dir='ltr'>τῶν</span> <span class='ocrx_word' id='word_1_398' title='bbox 558 5145 841 5222; x_wconf 35' lang='lat' dir='ltr'>dvo-patriar,</span> <span class='ocrx_word' id='word_1_399' title='bbox 876 5145 1126 5222; x_wconf 50' lang='lat' dir='ltr'>aucupia,</span> <span class='ocrx_word' id='word_1_400' title='bbox 1157 5145 1214 5206; x_wconf 53' lang='lat' dir='ltr'>ei.</span> <span class='ocrx_word' id='word_1_401' title='bbox 1239 5145 1428 5222; x_wconf 44' lang='lat' dir='ltr'>cutim,</span> <span class='ocrx_word' id='word_1_402' title='bbox 1465 5145 1663 5222; x_wconf 79' lang='lat' dir='ltr'>Latine</span> <span class='ocrx_word' id='word_1_403' title='bbox 1694 5145 1901 5222; x_wconf 77' lang='lat' dir='ltr'>lauda—</span> 
     </span>
    </p>
   </div>
   <div class='ocr_carea' id='block_1_59' title="bbox 301 5217 1905 5292">
    <p class='ocr_par' dir='ltr' id='par_1_59' title="bbox 301 5217 1905 5292">
     <span class='ocr_line' id='line_1_59' title="bbox 301 5217 1905 5292; baseline 0.004 -21"><span class='ocrx_word' id='word_1_404' title='bbox 301 5217 407 5292; x_wconf 61' lang='grc' dir='ltr'><strong>τέο,</strong></span> <span class='ocrx_word' id='word_1_405' title='bbox 422 5221 478 5292; x_wconf 88' lang='lat' dir='ltr'>et</span> <span class='ocrx_word' id='word_1_406' title='bbox 495 5217 722 5292; x_wconf 58' lang='lat' dir='ltr'>(uades,</span> <span class='ocrx_word' id='word_1_407' title='bbox 739 5218 935 5292; x_wconf 82' lang='lat' dir='ltr'>fausta</span> <span class='ocrx_word' id='word_1_408' title='bbox 947 5217 1290 5292; x_wconf 79' lang='lat' dir='ltr'>acclamatio</span> <span class='ocrx_word' id='word_1_409' title='bbox 1302 5217 1766 5292; x_wconf 79' lang='lat' dir='ltr'>imperatoribus</span> <span class='ocrx_word' id='word_1_410' title='bbox 1777 5221 1905 5278; x_wconf 87' lang='lat' dir='ltr'>ﬁeri</span> 
     </span>
    </p>
   </div>
   <div class='ocr_carea' id='block_1_60' title="bbox 300 5285 1900 5365">
    <p class='ocr_par' dir='ltr' id='par_1_60' title="bbox 300 5285 1900 5365">
     <span class='ocr_line' id='line_1_60' title="bbox 300 5285 1900 5365; baseline 0.002 -23"><span class='ocrx_word' id='word_1_411' title='bbox 300 5285 494 5365; x_wconf 75' lang='lat' dir='ltr'>solita.</span> <span class='ocrx_word' id='word_1_412' title='bbox 563 5285 1078 5365; x_wconf 34' lang='grc' dir='ltr'>ΠράΘ-Λεύφημεξν,</span> <span class='ocrx_word' id='word_1_413' title='bbox 1124 5285 1454 5365; x_wconf 60' lang='grc' dir='ltr'><strong>ἐπευφημεῖν,</strong></span> <span class='ocrx_word' id='word_1_414' title='bbox 1517 5291 1900 5365; x_wconf 67' lang='grc' dir='ltr'><strong>ξπευφημίζειν,</strong></span> 
     </span>
    </p>
   </div>
   <div class='ocr_carea' id='block_1_61' title="bbox 300 5358 1902 5438">
    <p class='ocr_par' dir='ltr' id='par_1_61' title="bbox 300 5358 1902 5438">
     <span class='ocr_line' id='line_1_61' title="bbox 300 5358 1902 5438; baseline 0.004 -24"><span class='ocrx_word' id='word_1_415' title='bbox 300 5358 578 5438; x_wconf 60' lang='lat' dir='ltr'>laudare,</span> <span class='ocrx_word' id='word_1_416' title='bbox 609 5358 890 5438; x_wconf 65' lang='grc' dir='ltr'>ίᾳιιάίόιιέ</span> <span class='ocrx_word' id='word_1_417' title='bbox 904 5358 1240 5438; x_wconf 65' lang='grc' dir='ltr'>ιίὴῖαιῃᾳνθ,</span> <span class='ocrx_word' id='word_1_418' title='bbox 1255 5358 1420 5419; x_wconf 79' lang='lat' dir='ltr'>bene</span> <span class='ocrx_word' id='word_1_419' title='bbox 1433 5358 1503 5420; x_wconf 78' lang='lat' dir='ltr'>ac</span> <span class='ocrx_word' id='word_1_420' title='bbox 1516 5358 1757 5438; x_wconf 80' lang='lat' dir='ltr'>feliciter</span> <span class='ocrx_word' id='word_1_421' title='bbox 1769 5358 1902 5434; x_wconf 53' lang='lat' dir='ltr'>pre;</span> 
     </span>
    </p>
   </div>
   <div class='ocr_carea' id='block_1_62' title="bbox 297 5430 1903 5507">
    <p class='ocr_par' dir='ltr' id='par_1_62' title="bbox 297 5430 1903 5507">
     <span class='ocr_line' id='line_1_62' title="bbox 297 5430 1903 5507; baseline 0.004 -23"><span class='ocrx_word' id='word_1_422' title='bbox 297 5430 443 5507; x_wconf 75' lang='lat' dir='ltr'>cari,</span> <span class='ocrx_word' id='word_1_423' title='bbox 468 5430 601 5507; x_wconf 83' lang='lat' dir='ltr'>faus</span> <span class='ocrx_word' id='word_1_424' title='bbox 611 5431 679 5507; x_wconf 81' lang='lat' dir='ltr'>tis</span> <span class='ocrx_word' id='word_1_425' title='bbox 701 5430 1230 5507; x_wconf 67' lang='lat' dir='ltr'>acclamationibus</span> <span class='ocrx_word' id='word_1_426' title='bbox 1251 5435 1554 5507; x_wconf 88' lang='lat' dir='ltr'>prosequi,</span> <span class='ocrx_word' id='word_1_427' title='bbox 1575 5430 1903 5507; x_wconf 73' lang='lat' dir='ltr'>acclamare</span> 
     </span>
    </p>
   </div>
   <div class='ocr_carea' id='block_1_63' title="bbox 297 5499 1902 5587">
    <p class='ocr_par' dir='ltr' id='par_1_63' title="bbox 297 5499 1902 5587">
     <span class='ocr_line' id='line_1_63' title="bbox 297 5499 1902 5587; baseline 0.005 -32"><span class='ocrx_word' id='word_1_428' title='bbox 297 5500 363 5585; x_wconf 75' lang='lat' dir='ltr'>in</span> <span class='ocrx_word' id='word_1_429' title='bbox 392 5499 601 5587; x_wconf 62' lang='lat' dir='ltr'>laudes</span> <span class='ocrx_word' id='word_1_430' title='bbox 623 5502 1020 5587; x_wconf 74' lang='lat' dir='ltr'>imperatpris,</span> <span class='ocrx_word' id='word_1_431' title='bbox 1035 5499 1342 5587; x_wconf 47' lang='lat' dir='ltr'>[amita-re.</span> <span class='ocrx_word' id='word_1_432' title='bbox 1366 5499 1507 5587; x_wconf 63' lang='lat' dir='ltr'>ltejn</span> <span class='ocrx_word' id='word_1_433' title='bbox 1534 5505 1902 5587; x_wconf 38' lang='lat' dir='ltr'>aufugi-709m.</span> 
     </span>
    </p>
   </div>
   <div class='ocr_carea' id='block_1_64' title="bbox 299 5569 1905 5650">
    <p class='ocr_par' dir='ltr' id='par_1_64' title="bbox 299 5569 1905 5650">
     <span class='ocr_line' id='line_1_64' title="bbox 299 5569 1905 5650; baseline 0.006 -27"><span class='ocrx_word' id='word_1_434' title='bbox 299 5569 724 5650; x_wconf 36' lang='lat' dir='ltr'>SQTWJ-ne‘ﬁvm,&quot;</span> <span class='ocrx_word' id='word_1_435' title='bbox 765 5569 1301 5650; x_wconf 79' lang='lat' dir='ltr'>acclamationibus</span> <span class='ocrx_word' id='word_1_436' title='bbox 1368 5569 1905 5650; x_wconf 31' lang='lat' dir='ltr'>salutarifDicitur</span> 
     </span>
    </p>
   </div>
   <div class='ocr_carea' id='block_1_65' title="bbox 299 5644 1902 5722">
    <p class='ocr_par' dir='ltr' id='par_1_65' title="bbox 299 5644 1902 5722">
     <span class='ocr_line' id='line_1_65' title="bbox 299 5644 1902 5722; baseline 0.001 -24"><span class='ocrx_word' id='word_1_437' title='bbox 299 5644 482 5698; x_wconf 85' lang='lat' dir='ltr'>etiam</span> <span class='ocrx_word' id='word_1_438' title='bbox 529 5645 586 5694; x_wconf 88' lang='grc' dir='ltr'><strong>τὸ</strong></span> <span class='ocrx_word' id='word_1_439' title='bbox 619 5644 987 5718; x_wconf 87' lang='grc' dir='ltr'><strong>πολυχρόνιον,</strong></span> <span class='ocrx_word' id='word_1_440' title='bbox 1025 5649 1091 5698; x_wconf 84' lang='grc' dir='ltr'>τὰ</span> <span class='ocrx_word' id='word_1_441' title='bbox 1136 5645 1483 5721; x_wconf 87' lang='grc' dir='ltr'><strong>πολυχρόνια,</strong></span> <span class='ocrx_word' id='word_1_442' title='bbox 1508 5650 1537 5708; x_wconf 88' lang='grc' dir='ltr'>ή</span> <span class='ocrx_word' id='word_1_443' title='bbox 1570 5647 1902 5722; x_wconf 82' lang='grc' dir='ltr'><strong>πολυχρόνη-</strong></span> 
     </span>
    </p>
   </div>
   <div class='ocr_carea' id='block_1_66' title="bbox 1663 269 2258 375">
    <p class='ocr_par' dir='ltr' id='par_1_66' title="bbox 1663 269 2258 375">
     <span class='ocr_line' id='line_1_66' title="bbox 1663 269 2258 375; baseline 0.002 -4"><span class='ocrx_word' id='word_1_444' title='bbox 1733 315 2258 375; x_wconf 83' lang='lat' dir='ltr'>TESTAMENTUM.</span> 
     </span>
    </p>
   </div>
   <div class='ocr_carea' id='block_1_67' title="bbox 3573 334 3678 389">
    <p class='ocr_par' dir='ltr' id='par_1_67' title="bbox 3573 334 3678 389">
     <span class='ocr_line' id='line_1_67' title="bbox 3573 334 3678 389; baseline 0 -1"><span class='ocrx_word' id='word_1_445' title='bbox 3573 334 3678 389; x_wconf 74' lang='grc'>954</span> 
     </span>
    </p>
   </div>
   <div class='ocr_carea' id='block_1_68' title="bbox 2019 442 3676 524">
    <p class='ocr_par' dir='ltr' id='par_1_68' title="bbox 2019 442 3676 524">
     <span class='ocr_line' id='line_1_68' title="bbox 2019 442 3676 524; baseline 0.007 -24"><span class='ocrx_word' id='word_1_446' title='bbox 2019 445 2279 500; x_wconf 83' lang='lat' dir='ltr'>Joannes</span> <span class='ocrx_word' id='word_1_447' title='bbox 2312 442 2376 500; x_wconf 91' lang='lat' dir='ltr'>in</span> <span class='ocrx_word' id='word_1_448' title='bbox 2405 444 2690 501; x_wconf 90' lang='lat' dir='ltr'>omnibus</span> <span class='ocrx_word' id='word_1_449' title='bbox 2755 447 3104 520; x_wconf 84' lang='lat' dir='ltr'>primatum,</span> <span class='ocrx_word' id='word_1_450' title='bbox 3149 451 3212 508; x_wconf 89' lang='lat' dir='ltr'>in</span> <span class='ocrx_word' id='word_1_451' title='bbox 3268 453 3676 524; x_wconf 88' lang='lat' dir='ltr'>coronatione,</span> 
     </span>
    </p>
   </div>
   <div class='ocr_carea' id='block_1_69' title="bbox 2019 532 3677 614">
    <p class='ocr_par' dir='ltr' id='par_1_69' title="bbox 2019 532 3677 614">
     <span class='ocr_line' id='line_1_69' title="bbox 2019 532 3677 614; baseline 0.007 -26"><span class='ocrx_word' id='word_1_452' title='bbox 2019 532 2387 602; x_wconf 82' lang='lat' dir='ltr'>laudatione,</span> <span class='ocrx_word' id='word_1_453' title='bbox 2440 548 2751 606; x_wconf 86' lang='lat' dir='ltr'>processu,</span> <span class='ocrx_word' id='word_1_454' title='bbox 2809 542 2868 592; x_wconf 87' lang='lat' dir='ltr'>et</span> <span class='ocrx_word' id='word_1_455' title='bbox 2917 537 2979 594; x_wconf 90' lang='lat' dir='ltr'>in</span> <span class='ocrx_word' id='word_1_456' title='bbox 3034 540 3202 595; x_wconf 90' lang='lat' dir='ltr'>omni</span> <span class='ocrx_word' id='word_1_457' title='bbox 3259 541 3377 598; x_wconf 88' lang='lat' dir='ltr'>alio</span> <span class='ocrx_word' id='word_1_458' title='bbox 3425 543 3677 614; x_wconf 88' lang='lat' dir='ltr'>honore,</span> 
     </span>
    </p>
   </div>
   <div class='ocr_carea' id='block_1_70' title="bbox 2020 620 3680 706">
    <p class='ocr_par' dir='ltr' id='par_1_70' title="bbox 2020 620 3680 706">
     <span class='ocr_line' id='line_1_70' title="bbox 2020 620 3680 706; baseline 0.01 -32"><span class='ocrx_word' id='word_1_459' title='bbox 2020 620 2395 691; x_wconf 70' lang='lat' dir='ltr'>Palaaologus</span> <span class='ocrx_word' id='word_1_460' title='bbox 2467 637 2607 678; x_wconf 91' lang='lat' dir='ltr'>vero</span> <span class='ocrx_word' id='word_1_461' title='bbox 2672 625 3004 682; x_wconf 91' lang='lat' dir='ltr'>secundum</span> <span class='ocrx_word' id='word_1_462' title='bbox 3076 628 3526 704; x_wconf 89' lang='lat' dir='ltr'>locum;utque</span> <span class='ocrx_word' id='word_1_463' title='bbox 3564 632 3680 706; x_wconf 86' lang='lat' dir='ltr'>ipsi</span> 
     </span>
    </p>
   </div>
   <div class='ocr_carea' id='block_1_71' title="bbox 2020 709 3680 793">
    <p class='ocr_par' dir='ltr' id='par_1_71' title="bbox 2020 709 3680 793">
     <span class='ocr_line' id='line_1_71' title="bbox 2020 709 3680 793; baseline 0.008 -28"><span class='ocrx_word' id='word_1_464' title='bbox 2020 709 2332 782; x_wconf 86' lang='lat' dir='ltr'>pontiﬁces</span> <span class='ocrx_word' id='word_1_465' title='bbox 2362 711 2650 779; x_wconf 88' lang='lat' dir='ltr'>foverent,</span> <span class='ocrx_word' id='word_1_466' title='bbox 2705 715 3030 786; x_wconf 83' lang='lat' dir='ltr'>tuerentur,</span> <span class='ocrx_word' id='word_1_467' title='bbox 3083 726 3523 793; x_wconf 86' lang='lat' dir='ltr'>conservarent,</span> <span class='ocrx_word' id='word_1_468' title='bbox 3582 739 3680 778; x_wconf 86' lang='lat' dir='ltr'>cu-</span> 
     </span>
    </p>
   </div>
   <div class='ocr_carea' id='block_1_72' title="bbox 2021 798 3679 881">
    <p class='ocr_par' dir='ltr' id='par_1_72' title="bbox 2021 798 3679 881">
     <span class='ocr_line' id='line_1_72' title="bbox 2021 798 3679 881; baseline 0.008 -28"><span class='ocrx_word' id='word_1_469' title='bbox 2021 798 2312 856; x_wconf 89' lang='lat' dir='ltr'>stodirent</span> <span class='ocrx_word' id='word_1_470' title='bbox 2338 800 2640 857; x_wconf 71' lang='lat' dir='ltr'>huaredem</span> <span class='ocrx_word' id='word_1_471' title='bbox 2683 802 2935 875; x_wconf 89' lang='lat' dir='ltr'>imperii,</span> <span class='ocrx_word' id='word_1_472' title='bbox 2994 819 3105 860; x_wconf 91' lang='lat' dir='ltr'>nec</span> <span class='ocrx_word' id='word_1_473' title='bbox 3154 823 3276 864; x_wconf 90' lang='lat' dir='ltr'>non</span> <span class='ocrx_word' id='word_1_474' title='bbox 3337 813 3473 881; x_wconf 87' lang='lat' dir='ltr'>post</span> <span class='ocrx_word' id='word_1_475' title='bbox 3517 827 3679 866; x_wconf 88' lang='lat' dir='ltr'>mor-</span> 
     </span>
    </p>
   </div>
   <div class='ocr_carea' id='block_1_73' title="bbox 2022 888 3678 985">
    <p class='ocr_par' dir='ltr' id='par_1_73' title="bbox 2022 888 3678 985">
     <span class='ocr_line' id='line_1_73' title="bbox 2022 888 3678 985; baseline 0.008 -43"><span class='ocrx_word' id='word_1_476' title='bbox 2022 890 2142 985; x_wconf 76' lang='lat' dir='ltr'>tem</span> <span class='ocrx_word' id='word_1_477' title='bbox 2169 888 2487 985; x_wconf 77' lang='lat' dir='ltr'>Palaeologi</span> <span class='ocrx_word' id='word_1_478' title='bbox 2511 890 2815 950; x_wconf 89' lang='lat' dir='ltr'>traderent</span> <span class='ocrx_word' id='word_1_479' title='bbox 2860 892 2914 948; x_wconf 89' lang='lat' dir='ltr'>ei</span> <span class='ocrx_word' id='word_1_480' title='bbox 2965 894 3165 967; x_wconf 90' lang='lat' dir='ltr'>ipsum</span> <span class='ocrx_word' id='word_1_481' title='bbox 3225 911 3467 969; x_wconf 90' lang='lat' dir='ltr'>quoque</span> <span class='ocrx_word' id='word_1_482' title='bbox 3523 898 3678 955; x_wconf 91' lang='lat' dir='ltr'>illius</span> 
     </span>
    </p>
   </div>
   <div class='ocr_carea' id='block_1_74' title="bbox 2020 977 2360 1050">
    <p class='ocr_par' dir='ltr' id='par_1_74' title="bbox 2020 977 2360 1050">
     <span class='ocr_line' id='line_1_74' title="bbox 2020 977 2360 1050; baseline 0.009 -19"><span class='ocrx_word' id='word_1_483' title='bbox 2020 977 2360 1050; x_wconf 89' lang='lat' dir='ltr'>imperium.</span> 
     </span>
    </p>
   </div>
   <div class='ocr_carea' id='block_1_75' title="bbox 2094 1246 3680 1323">
    <p class='ocr_par' dir='ltr' id='par_1_75' title="bbox 2094 1246 3680 1323">
     <span class='ocr_line' id='line_1_75' title="bbox 2094 1246 3680 1323; baseline 0.006 -23"><span class='ocrx_word' id='word_1_484' title='bbox 2094 1246 2205 1300; x_wconf 87' lang='lat' dir='ltr'>VII.</span> <span class='ocrx_word' id='word_1_485' title='bbox 2257 1248 2581 1319; x_wconf 80' lang='lat' dir='ltr'>Postquam</span> <span class='ocrx_word' id='word_1_486' title='bbox 2657 1251 2859 1304; x_wconf 89' lang='lat' dir='ltr'>autem</span> <span class='ocrx_word' id='word_1_487' title='bbox 2941 1249 3270 1322; x_wconf 84' lang='lat' dir='ltr'>assumpsit</span> <span class='ocrx_word' id='word_1_488' title='bbox 3339 1249 3680 1323; x_wconf 90' lang='lat' dir='ltr'>imperium,</span> 
     </span>
    </p>
   </div>
   <div class='ocr_carea' id='block_1_76' title="bbox 2025 1334 3682 1415">
    <p class='ocr_par' dir='ltr' id='par_1_76' title="bbox 2025 1334 3682 1415">
     <span class='ocr_line' id='line_1_76' title="bbox 2025 1334 3682 1415; baseline 0.005 -24"><span class='ocrx_word' id='word_1_489' title='bbox 2025 1334 2548 1409; x_wconf 85' lang='lat' dir='ltr'>animadvertique</span> <span class='ocrx_word' id='word_1_490' title='bbox 2559 1334 2726 1392; x_wconf 90' lang='lat' dir='ltr'>illum</span> <span class='ocrx_word' id='word_1_491' title='bbox 2743 1337 2918 1409; x_wconf 89' lang='lat' dir='ltr'>plura</span> <span class='ocrx_word' id='word_1_492' title='bbox 2938 1337 3136 1411; x_wconf 91' lang='lat' dir='ltr'>inique</span> <span class='ocrx_word' id='word_1_493' title='bbox 3147 1355 3336 1411; x_wconf 90' lang='lat' dir='ltr'>quam</span> <span class='ocrx_word' id='word_1_494' title='bbox 3349 1346 3528 1397; x_wconf 87' lang='lat' dir='ltr'>antea</span> <span class='ocrx_word' id='word_1_495' title='bbox 3543 1357 3682 1415; x_wconf 89' lang='lat' dir='ltr'>ope-</span> 
     </span>
    </p>
   </div>
   <div class='ocr_carea' id='block_1_77' title="bbox 2021 1423 3681 1503">
    <p class='ocr_par' dir='ltr' id='par_1_77' title="bbox 2021 1423 3681 1503">
     <span class='ocr_line' id='line_1_77' title="bbox 2021 1423 3681 1503; baseline 0.005 -25"><span class='ocrx_word' id='word_1_496' title='bbox 2021 1424 2159 1491; x_wconf 92' lang='lat' dir='ltr'>rari,</span> <span class='ocrx_word' id='word_1_497' title='bbox 2193 1429 2249 1479; x_wconf 91' lang='lat' dir='ltr'>et</span> <span class='ocrx_word' id='word_1_498' title='bbox 2278 1423 2597 1480; x_wconf 86' lang='lat' dir='ltr'>verisimile</span> <span class='ocrx_word' id='word_1_499' title='bbox 2623 1440 2693 1481; x_wconf 86' lang='lat' dir='ltr'>ex</span> <span class='ocrx_word' id='word_1_500' title='bbox 2725 1425 2907 1481; x_wconf 89' lang='lat' dir='ltr'>rebus</span> <span class='ocrx_word' id='word_1_501' title='bbox 2937 1425 3086 1498; x_wconf 88' lang='lat' dir='ltr'>ipsis</span> <span class='ocrx_word' id='word_1_502' title='bbox 3116 1427 3241 1483; x_wconf 88' lang='lat' dir='ltr'>ﬁeri</span> <span class='ocrx_word' id='word_1_503' title='bbox 3281 1428 3480 1486; x_wconf 90' lang='lat' dir='ltr'>adhuc</span> <span class='ocrx_word' id='word_1_504' title='bbox 3531 1446 3681 1503; x_wconf 91' lang='lat' dir='ltr'>ope-</span> 
     </span>
    </p>
   </div>
   <div class='ocr_carea' id='block_1_78' title="bbox 2021 1513 3681 1591">
    <p class='ocr_par' dir='ltr' id='par_1_78' title="bbox 2021 1513 3681 1591">
     <span class='ocr_line' id='line_1_78' title="bbox 2021 1513 3681 1591; baseline 0.004 -24"><span class='ocrx_word' id='word_1_505' title='bbox 2021 1517 2314 1580; x_wconf 91' lang='lat' dir='ltr'>raturum,</span> <span class='ocrx_word' id='word_1_506' title='bbox 2345 1529 2468 1585; x_wconf 65' lang='lat' dir='ltr'>prta</span> <span class='ocrx_word' id='word_1_507' title='bbox 2509 1513 2924 1584; x_wconf 80' lang='lat' dir='ltr'>indignatione</span> <span class='ocrx_word' id='word_1_508' title='bbox 2975 1516 3214 1572; x_wconf 89' lang='lat' dir='ltr'>recessi.</span> <span class='ocrx_word' id='word_1_509' title='bbox 3269 1519 3430 1573; x_wconf 87' lang='lat' dir='ltr'>Tunc</span> <span class='ocrx_word' id='word_1_510' title='bbox 3482 1519 3681 1591; x_wconf 86' lang='lat' dir='ltr'>Ephe-</span> 
     </span>
    </p>
   </div>
   <div class='ocr_carea' id='block_1_79' title="bbox 2024 1601 3677 1677">
    <p class='ocr_par' dir='ltr' id='par_1_79' title="bbox 2024 1601 3677 1677">
     <span class='ocr_line' id='line_1_79' title="bbox 2024 1601 3677 1677; baseline 0.005 -21"><span class='ocrx_word' id='word_1_511' title='bbox 2024 1601 2222 1658; x_wconf 89' lang='lat' dir='ltr'>sinum</span> <span class='ocrx_word' id='word_1_512' title='bbox 2264 1602 2432 1658; x_wconf 88' lang='lat' dir='ltr'>illum</span> <span class='ocrx_word' id='word_1_513' title='bbox 2490 1603 2570 1660; x_wconf 93' lang='lat' dir='ltr'>ad</span> <span class='ocrx_word' id='word_1_514' title='bbox 2615 1605 3079 1677; x_wconf 90' lang='lat' dir='ltr'>patriarchalem</span> <span class='ocrx_word' id='word_1_515' title='bbox 3126 1606 3315 1662; x_wconf 86' lang='lat' dir='ltr'>evexit</span> <span class='ocrx_word' id='word_1_516' title='bbox 3369 1606 3677 1664; x_wconf 82' lang='lat' dir='ltr'>thronum.</span> 
     </span>
    </p>
   </div>
   <div class='ocr_carea' id='block_1_80' title="bbox 2024 1691 3680 1767">
    <p class='ocr_par' dir='ltr' id='par_1_80' title="bbox 2024 1691 3680 1767">
     <span class='ocr_line' id='line_1_80' title="bbox 2024 1691 3680 1767; baseline 0.005 -23"><span class='ocrx_word' id='word_1_517' title='bbox 2024 1691 2212 1756; x_wconf 86' lang='lat' dir='ltr'>Quem</span> <span class='ocrx_word' id='word_1_518' title='bbox 2243 1706 2382 1746; x_wconf 89' lang='lat' dir='ltr'>cum</span> <span class='ocrx_word' id='word_1_519' title='bbox 2423 1691 2632 1748; x_wconf 89' lang='lat' dir='ltr'>mortis</span> <span class='ocrx_word' id='word_1_520' title='bbox 2688 1691 2809 1748; x_wconf 83' lang='lat' dir='ltr'>falx</span> <span class='ocrx_word' id='word_1_521' title='bbox 2859 1692 3304 1763; x_wconf 89' lang='lat' dir='ltr'>demessuisset,</span> <span class='ocrx_word' id='word_1_522' title='bbox 3375 1699 3554 1767; x_wconf 88' lang='lat' dir='ltr'>atque</span> <span class='ocrx_word' id='word_1_523' title='bbox 3601 1696 3680 1752; x_wconf 89' lang='lat' dir='ltr'>ad</span> 
     </span>
    </p>
   </div>
   <div class='ocr_carea' id='block_1_81' title="bbox 2021 1777 3680 1853">
    <p class='ocr_par' dir='ltr' id='par_1_81' title="bbox 2021 1777 3680 1853">
     <span class='ocr_line' id='line_1_81' title="bbox 2021 1777 3680 1853; baseline 0.005 -21"><span class='ocrx_word' id='word_1_524' title='bbox 2021 1777 2282 1834; x_wconf 89' lang='lat' dir='ltr'>tribunal</span> <span class='ocrx_word' id='word_1_525' title='bbox 2306 1778 2550 1834; x_wconf 91' lang='lat' dir='ltr'>alterius</span> <span class='ocrx_word' id='word_1_526' title='bbox 2583 1778 2717 1834; x_wconf 80' lang='lat' dir='ltr'>vitae</span> <span class='ocrx_word' id='word_1_527' title='bbox 2773 1781 3222 1853; x_wconf 88' lang='lat' dir='ltr'>transmisisset,</span> <span class='ocrx_word' id='word_1_528' title='bbox 3282 1783 3575 1839; x_wconf 88' lang='lat' dir='ltr'>rationem</span> <span class='ocrx_word' id='word_1_529' title='bbox 3603 1783 3680 1840; x_wconf 88' lang='lat' dir='ltr'>de</span> 
     </span>
    </p>
   </div>
   <div class='ocr_carea' id='block_1_82' title="bbox 2019 1867 3681 1939">
    <p class='ocr_par' dir='ltr' id='par_1_82' title="bbox 2019 1867 3681 1939">
     <span class='ocr_line' id='line_1_82' title="bbox 2019 1867 3681 1939; baseline 0.004 -17"><span class='ocrx_word' id='word_1_530' title='bbox 2019 1867 2726 1939; x_wconf 83' lang='lat' dir='ltr'>operibusredditurum,</span> <span class='ocrx_word' id='word_1_531' title='bbox 2777 1868 2990 1924; x_wconf 89' lang='lat' dir='ltr'>iterum</span> <span class='ocrx_word' id='word_1_532' title='bbox 3029 1870 3333 1927; x_wconf 86' lang='lat' dir='ltr'>revocavit</span> <span class='ocrx_word' id='word_1_533' title='bbox 3381 1887 3497 1927; x_wconf 90' lang='lat' dir='ltr'>me.</span> <span class='ocrx_word' id='word_1_534' title='bbox 3571 1872 3681 1928; x_wconf 90' lang='lat' dir='ltr'>Ubi</span> 
     </span>
    </p>
   </div>
   <div class='ocr_carea' id='block_1_83' title="bbox 2016 1956 3682 2032">
    <p class='ocr_par' dir='ltr' id='par_1_83' title="bbox 2016 1956 3682 2032">
     <span class='ocr_line' id='line_1_83' title="bbox 2016 1956 3682 2032; baseline 0.004 -22"><span class='ocrx_word' id='word_1_535' title='bbox 2016 1971 2159 2011; x_wconf 89' lang='lat' dir='ltr'>vero</span> <span class='ocrx_word' id='word_1_536' title='bbox 2190 1956 2500 2028; x_wconf 89' lang='lat' dir='ltr'>proprium</span> <span class='ocrx_word' id='word_1_537' title='bbox 2526 1957 2811 2013; x_wconf 85' lang='lat' dir='ltr'>thronum</span> <span class='ocrx_word' id='word_1_538' title='bbox 2845 1959 3190 2028; x_wconf 88' lang='lat' dir='ltr'>conscendi,</span> <span class='ocrx_word' id='word_1_539' title='bbox 3221 1974 3501 2032; x_wconf 72' lang='lat' dir='ltr'>quaenam</span> <span class='ocrx_word' id='word_1_540' title='bbox 3536 1959 3682 2016; x_wconf 81' lang='lat' dir='ltr'>scri-</span> 
     </span>
    </p>
   </div>
   <div class='ocr_carea' id='block_1_84' title="bbox 2016 2045 3681 2121">
    <p class='ocr_par' dir='ltr' id='par_1_84' title="bbox 2016 2045 3681 2121">
     <span class='ocr_line' id='line_1_84' title="bbox 2016 2045 3681 2121; baseline 0.002 -20"><span class='ocrx_word' id='word_1_541' title='bbox 2016 2049 2121 2116; x_wconf 87' lang='lat' dir='ltr'>pta</span> <span class='ocrx_word' id='word_1_542' title='bbox 2155 2045 2419 2101; x_wconf 87' lang='lat' dir='ltr'>narratio</span> <span class='ocrx_word' id='word_1_543' title='bbox 2461 2045 2766 2102; x_wconf 82' lang='lat' dir='ltr'>exhibebit</span> <span class='ocrx_word' id='word_1_544' title='bbox 2805 2047 2867 2102; x_wconf 91' lang='lat' dir='ltr'>in</span> <span class='ocrx_word' id='word_1_545' title='bbox 2908 2063 3062 2120; x_wconf 90' lang='lat' dir='ltr'>quas</span> <span class='ocrx_word' id='word_1_546' title='bbox 3101 2063 3208 2121; x_wconf 90' lang='lat' dir='ltr'>per</span> <span class='ocrx_word' id='word_1_547' title='bbox 3233 2064 3372 2104; x_wconf 89' lang='lat' dir='ltr'>eum</span> <span class='ocrx_word' id='word_1_548' title='bbox 3422 2049 3681 2105; x_wconf 84' lang='lat' dir='ltr'>incurre-</span> 
     </span>
    </p>
   </div>
   <div class='ocr_carea' id='block_1_85' title="bbox 2015 2133 3679 2209">
    <p class='ocr_par' dir='ltr' id='par_1_85' title="bbox 2015 2133 3679 2209">
     <span class='ocr_line' id='line_1_85' title="bbox 2015 2133 3679 2209; baseline 0.003 -21"><span class='ocrx_word' id='word_1_549' title='bbox 2015 2134 2129 2189; x_wconf 90' lang='lat' dir='ltr'>rim</span> <span class='ocrx_word' id='word_1_550' title='bbox 2159 2133 2540 2190; x_wconf 75' lang='lat' dir='ltr'>difﬁcultates</span> <span class='ocrx_word' id='word_1_551' title='bbox 2569 2136 2596 2190; x_wconf 88' lang='lat'><strong>?</strong></span> <span class='ocrx_word' id='word_1_552' title='bbox 2629 2136 2842 2190; x_wconf 89' lang='lat' dir='ltr'>Volens</span> <span class='ocrx_word' id='word_1_553' title='bbox 2872 2136 3032 2192; x_wconf 91' lang='lat' dir='ltr'>enim</span> <span class='ocrx_word' id='word_1_554' title='bbox 3063 2136 3488 2209; x_wconf 89' lang='lat' dir='ltr'>imperatorem</span> <span class='ocrx_word' id='word_1_555' title='bbox 3519 2136 3679 2194; x_wconf 86' lang='lat' dir='ltr'>Calo-</span> 
     </span>
    </p>
   </div>
   <div class='ocr_carea' id='block_1_86' title="bbox 2015 2223 3681 2298">
    <p class='ocr_par' dir='ltr' id='par_1_86' title="bbox 2015 2223 3681 2298">
     <span class='ocr_line' id='line_1_86' title="bbox 2015 2223 3681 2298; baseline 0.004 -23"><span class='ocrx_word' id='word_1_556' title='bbox 2015 2223 2308 2279; x_wconf 87' lang='lat' dir='ltr'>Joannem</span> <span class='ocrx_word' id='word_1_557' title='bbox 2338 2223 2416 2278; x_wconf 93' lang='lat' dir='ltr'>ad</span> <span class='ocrx_word' id='word_1_558' title='bbox 2443 2223 2744 2295; x_wconf 90' lang='lat' dir='ltr'>privatum</span> <span class='ocrx_word' id='word_1_559' title='bbox 2784 2229 3005 2281; x_wconf 89' lang='lat' dir='ltr'>statum</span> <span class='ocrx_word' id='word_1_560' title='bbox 3035 2226 3329 2296; x_wconf 80' lang='lat' dir='ltr'>redigere,</span> <span class='ocrx_word' id='word_1_561' title='bbox 3361 2231 3419 2282; x_wconf 91' lang='lat' dir='ltr'>et</span> <span class='ocrx_word' id='word_1_562' title='bbox 3448 2225 3681 2298; x_wconf 86' lang='lat' dir='ltr'>privare</span> 
     </span>
    </p>
   </div>
   <div class='ocr_carea' id='block_1_87' title="bbox 2014 2311 3680 2387">
    <p class='ocr_par' dir='ltr' id='par_1_87' title="bbox 2014 2311 3680 2387">
     <span class='ocr_line' id='line_1_87' title="bbox 2014 2311 3680 2387; baseline 0.002 -19"><span class='ocrx_word' id='word_1_563' title='bbox 2014 2311 2378 2379; x_wconf 87' lang='lat' dir='ltr'>laudatione,</span> <span class='ocrx_word' id='word_1_564' title='bbox 2420 2316 2835 2380; x_wconf 87' lang='lat' dir='ltr'>monumento,</span> <span class='ocrx_word' id='word_1_565' title='bbox 2877 2313 3165 2387; x_wconf 88' lang='lat' dir='ltr'>omnique</span> <span class='ocrx_word' id='word_1_566' title='bbox 3203 2314 3439 2387; x_wconf 89' lang='lat' dir='ltr'>imperii</span> <span class='ocrx_word' id='word_1_567' title='bbox 3475 2319 3620 2372; x_wconf 88' lang='lat' dir='ltr'>nota</span> <span class='ocrx_word' id='word_1_568' title='bbox 3664 2332 3680 2382; x_wconf 91' lang='lat'><strong>;</strong></span> 
     </span>
    </p>
   </div>
   <div class='ocr_carea' id='block_1_88' title="bbox 2015 2400 3678 2477">
    <p class='ocr_par' dir='ltr' id='par_1_88' title="bbox 2015 2400 3678 2477">
     <span class='ocr_line' id='line_1_88' title="bbox 2015 2400 3678 2477; baseline 0.002 -20"><span class='ocrx_word' id='word_1_569' title='bbox 2015 2400 2191 2458; x_wconf 90' lang='lat' dir='ltr'>malis</span> <span class='ocrx_word' id='word_1_570' title='bbox 2214 2401 2558 2474; x_wconf 88' lang='lat' dir='ltr'>pastoribus</span> <span class='ocrx_word' id='word_1_571' title='bbox 2589 2408 2647 2458; x_wconf 91' lang='lat' dir='ltr'>et</span> <span class='ocrx_word' id='word_1_572' title='bbox 2669 2402 2939 2459; x_wconf 66' lang='lat' dir='ltr'>Ecclesiae</span> <span class='ocrx_word' id='word_1_573' title='bbox 2965 2404 3242 2460; x_wconf 90' lang='lat' dir='ltr'>hostibus</span> <span class='ocrx_word' id='word_1_574' title='bbox 3269 2405 3461 2474; x_wconf 81' lang='lat' dir='ltr'>magis</span> <span class='ocrx_word' id='word_1_575' title='bbox 3490 2420 3678 2477; x_wconf 89' lang='lat' dir='ltr'>quam</span> 
     </span>
    </p>
   </div>
   <div class='ocr_carea' id='block_1_89' title="bbox 2015 2491 3678 2565">
    <p class='ocr_par' dir='ltr' id='par_1_89' title="bbox 2015 2491 3678 2565">
     <span class='ocr_line' id='line_1_89' title="bbox 2015 2491 3678 2565; baseline 0.002 -19"><span class='ocrx_word' id='word_1_576' title='bbox 2015 2491 2374 2564; x_wconf 80' lang='lat' dir='ltr'>praesulibus</span> <span class='ocrx_word' id='word_1_577' title='bbox 2421 2495 2479 2548; x_wconf 90' lang='lat' dir='ltr'>et</span> <span class='ocrx_word' id='word_1_578' title='bbox 2533 2492 2802 2564; x_wconf 89' lang='lat' dir='ltr'>patronis</span> <span class='ocrx_word' id='word_1_579' title='bbox 2852 2492 2913 2548; x_wconf 88' lang='lat' dir='ltr'>in</span> <span class='ocrx_word' id='word_1_580' title='bbox 2959 2492 3075 2550; x_wconf 92' lang='lat' dir='ltr'>hoc</span> <span class='ocrx_word' id='word_1_581' title='bbox 3123 2493 3503 2565; x_wconf 90' lang='lat' dir='ltr'>adjutoribus</span> <span class='ocrx_word' id='word_1_582' title='bbox 3531 2509 3678 2549; x_wconf 89' lang='lat' dir='ltr'>usus</span> 
     </span>
    </p>
   </div>
   <div class='ocr_carea' id='block_1_90' title="bbox 2015 2580 3679 2653">
    <p class='ocr_par' dir='ltr' id='par_1_90' title="bbox 2015 2580 3679 2653">
     <span class='ocr_line' id='line_1_90' title="bbox 2015 2580 3679 2653; baseline 0.001 -17"><span class='ocrx_word' id='word_1_583' title='bbox 2015 2585 2104 2636; x_wconf 89' lang='lat' dir='ltr'>est</span> <span class='ocrx_word' id='word_1_584' title='bbox 2140 2597 2152 2636; x_wconf 91' lang='lat'><strong>:</strong></span> <span class='ocrx_word' id='word_1_585' title='bbox 2196 2580 2480 2653; x_wconf 89' lang='lat' dir='ltr'>sperabat</span> <span class='ocrx_word' id='word_1_586' title='bbox 2511 2586 2710 2637; x_wconf 89' lang='lat' dir='ltr'>autem</span> <span class='ocrx_word' id='word_1_587' title='bbox 2751 2581 2930 2638; x_wconf 89' lang='lat' dir='ltr'>etiam</span> <span class='ocrx_word' id='word_1_588' title='bbox 2964 2598 3061 2638; x_wconf 90' lang='lat' dir='ltr'>me</span> <span class='ocrx_word' id='word_1_589' title='bbox 3099 2583 3256 2639; x_wconf 91' lang='lat' dir='ltr'>intra</span> <span class='ocrx_word' id='word_1_590' title='bbox 3295 2598 3439 2639; x_wconf 91' lang='lat' dir='ltr'>suos</span> <span class='ocrx_word' id='word_1_591' title='bbox 3477 2597 3679 2639; x_wconf 89' lang='lat' dir='ltr'>casses</span> 
     </span>
    </p>
   </div>
   <div class='ocr_carea' id='block_1_91' title="bbox 2015 2669 3680 2744">
    <p class='ocr_par' dir='ltr' id='par_1_91' title="bbox 2015 2669 3680 2744">
     <span class='ocr_line' id='line_1_91' title="bbox 2015 2669 3680 2744; baseline 0.002 -20"><span class='ocrx_word' id='word_1_592' title='bbox 2015 2669 2317 2736; x_wconf 88' lang='lat' dir='ltr'>inducere,</span> <span class='ocrx_word' id='word_1_593' title='bbox 2349 2669 2517 2742; x_wconf 92' lang='lat' dir='ltr'>quod</span> <span class='ocrx_word' id='word_1_594' title='bbox 2543 2670 2600 2725; x_wconf 90' lang='lat' dir='ltr'>in</span> <span class='ocrx_word' id='word_1_595' title='bbox 2647 2669 2852 2726; x_wconf 85' lang='lat' dir='ltr'>exsilio</span> <span class='ocrx_word' id='word_1_596' title='bbox 2885 2670 3103 2726; x_wconf 89' lang='lat' dir='ltr'>multas</span> <span class='ocrx_word' id='word_1_597' title='bbox 3130 2687 3432 2728; x_wconf 63' lang='lat' dir='ltr'>aerumnas</span> <span class='ocrx_word' id='word_1_598' title='bbox 3479 2675 3680 2744; x_wconf 78' lang='lat' dir='ltr'>pertu-</span> 
     </span>
    </p>
   </div>
   <div class='ocr_carea' id='block_1_92' title="bbox 2014 2759 3674 2834">
    <p class='ocr_par' dir='ltr' id='par_1_92' title="bbox 2014 2759 3674 2834">
     <span class='ocr_line' id='line_1_92' title="bbox 2014 2759 3674 2834; baseline 0.002 -20"><span class='ocrx_word' id='word_1_599' title='bbox 2014 2759 2236 2815; x_wconf 88' lang='lat' dir='ltr'>lissem.</span> <span class='ocrx_word' id='word_1_600' title='bbox 2277 2769 2427 2814; x_wconf 71' lang='lat' dir='ltr'>tum</span> <span class='ocrx_word' id='word_1_601' title='bbox 2469 2774 2608 2816; x_wconf 89' lang='lat' dir='ltr'>vero</span> <span class='ocrx_word' id='word_1_602' title='bbox 2647 2759 2748 2815; x_wconf 90' lang='lat' dir='ltr'>Dei</span> <span class='ocrx_word' id='word_1_603' title='bbox 2785 2759 3194 2816; x_wconf 87' lang='lat' dir='ltr'>misericordia</span> <span class='ocrx_word' id='word_1_604' title='bbox 3232 2776 3328 2817; x_wconf 90' lang='lat' dir='ltr'>me</span> <span class='ocrx_word' id='word_1_605' title='bbox 3368 2776 3405 2816; x_wconf 91' lang='lat' dir='ltr'>a</span> <span class='ocrx_word' id='word_1_606' title='bbox 3440 2761 3674 2834; x_wconf 87' lang='lat' dir='ltr'>laqueis</span> 
     </span>
    </p>
   </div>
   <div class='ocr_carea' id='block_1_93' title="bbox 2017 2847 3679 2924">
    <p class='ocr_par' dir='ltr' id='par_1_93' title="bbox 2017 2847 3679 2924">
     <span class='ocr_line' id='line_1_93' title="bbox 2017 2847 3679 2924; baseline 0.002 -20"><span class='ocrx_word' id='word_1_607' title='bbox 2017 2849 2146 2920; x_wconf 91' lang='lat' dir='ltr'>ejus</span> <span class='ocrx_word' id='word_1_608' title='bbox 2202 2848 2495 2919; x_wconf 86' lang='lat' dir='ltr'>liberavit,</span> <span class='ocrx_word' id='word_1_609' title='bbox 2553 2851 2610 2906; x_wconf 86' lang='lat' dir='ltr'>et</span> <span class='ocrx_word' id='word_1_610' title='bbox 2641 2864 2839 2922; x_wconf 88' lang='lat' dir='ltr'>neque</span> <span class='ocrx_word' id='word_1_611' title='bbox 2895 2847 2990 2904; x_wconf 90' lang='lat' dir='ltr'>vel</span> <span class='ocrx_word' id='word_1_612' title='bbox 3037 2855 3269 2906; x_wconf 89' lang='lat' dir='ltr'>tomum</span> <span class='ocrx_word' id='word_1_613' title='bbox 3307 2865 3488 2923; x_wconf 89' lang='lat' dir='ltr'>quem</span> <span class='ocrx_word' id='word_1_614' title='bbox 3510 2850 3679 2924; x_wconf 86' lang='lat' dir='ltr'>pravi</span> 
     </span>
    </p>
   </div>
   <div class='ocr_carea' id='block_1_94' title="bbox 2017 2937 3682 3011">
    <p class='ocr_par' dir='ltr' id='par_1_94' title="bbox 2017 2937 3682 3011">
     <span class='ocr_line' id='line_1_94' title="bbox 2017 2937 3682 3011; baseline 0.002 -18"><span class='ocrx_word' id='word_1_615' title='bbox 2017 2937 2280 3010; x_wconf 60' lang='lat' dir='ltr'>saevique</span> <span class='ocrx_word' id='word_1_616' title='bbox 2319 2942 2591 3010; x_wconf 88' lang='lat' dir='ltr'>pastores</span> <span class='ocrx_word' id='word_1_617' title='bbox 2641 2938 3021 2995; x_wconf 88' lang='lat' dir='ltr'>confecerant</span> <span class='ocrx_word' id='word_1_618' title='bbox 3058 2937 3266 2994; x_wconf 92' lang='lat' dir='ltr'>audire</span> <span class='ocrx_word' id='word_1_619' title='bbox 3296 2937 3478 3004; x_wconf 90' lang='lat' dir='ltr'>volui,</span> <span class='ocrx_word' id='word_1_620' title='bbox 3531 2943 3682 3011; x_wconf 89' lang='lat' dir='ltr'>quot</span> 
     </span>
    </p>
   </div>
   <div class='ocr_carea' id='block_1_95' title="bbox 2018 3025 3678 3099">
    <p class='ocr_par' dir='ltr' id='par_1_95' title="bbox 2018 3025 3678 3099">
     <span class='ocr_line' id='line_1_95' title="bbox 2018 3025 3678 3099; baseline 0.002 -18"><span class='ocrx_word' id='word_1_621' title='bbox 2018 3025 2191 3082; x_wconf 90' lang='lat' dir='ltr'>malis</span> <span class='ocrx_word' id='word_1_622' title='bbox 2221 3043 2319 3082; x_wconf 88' lang='lat' dir='ltr'>me</span> <span class='ocrx_word' id='word_1_623' title='bbox 2349 3026 2663 3094; x_wconf 87' lang='lat' dir='ltr'>vexaverit,</span> <span class='ocrx_word' id='word_1_624' title='bbox 2704 3026 2946 3099; x_wconf 88' lang='lat' dir='ltr'>quantis</span> <span class='ocrx_word' id='word_1_625' title='bbox 2977 3026 3422 3083; x_wconf 88' lang='lat' dir='ltr'>calamitatibus</span> <span class='ocrx_word' id='word_1_626' title='bbox 3448 3026 3678 3084; x_wconf 83' lang='lat' dir='ltr'>afﬂixe-</span> 
     </span>
    </p>
   </div>
   <div class='ocr_carea' id='block_1_96' title="bbox 2015 3115 3679 3189">
    <p class='ocr_par' dir='ltr' id='par_1_96' title="bbox 2015 3115 3679 3189">
     <span class='ocr_line' id='line_1_96' title="bbox 2015 3115 3679 3189; baseline 0.001 -17"><span class='ocrx_word' id='word_1_627' title='bbox 2015 3116 2114 3183; x_wconf 91' lang='lat' dir='ltr'>rit,</span> <span class='ocrx_word' id='word_1_628' title='bbox 2145 3115 2314 3172; x_wconf 90' lang='lat' dir='ltr'>novit</span> <span class='ocrx_word' id='word_1_629' title='bbox 2341 3115 2447 3188; x_wconf 93' lang='lat' dir='ltr'>qui</span> <span class='ocrx_word' id='word_1_630' title='bbox 2477 3115 2685 3171; x_wconf 89' lang='lat' dir='ltr'>omnia</span> <span class='ocrx_word' id='word_1_631' title='bbox 2733 3121 3048 3172; x_wconf 89' lang='lat' dir='ltr'>contuetur</span> <span class='ocrx_word' id='word_1_632' title='bbox 3077 3115 3307 3172; x_wconf 90' lang='lat' dir='ltr'>oculus.</span> <span class='ocrx_word' id='word_1_633' title='bbox 3339 3115 3679 3189; x_wconf 89' lang='lat' dir='ltr'>Aliquando</span> 
     </span>
    </p>
   </div>
   <div class='ocr_carea' id='block_1_97' title="bbox 2015 3205 3681 3278">
    <p class='ocr_par' dir='ltr' id='par_1_97' title="bbox 2015 3205 3681 3278">
     <span class='ocr_line' id='line_1_97' title="bbox 2015 3205 3681 3278; baseline 0.001 -18"><span class='ocrx_word' id='word_1_634' title='bbox 2015 3205 2264 3278; x_wconf 89' lang='lat' dir='ltr'>quidem</span> <span class='ocrx_word' id='word_1_635' title='bbox 2319 3205 2521 3262; x_wconf 83' lang='lat' dir='ltr'>aiebat</span> <span class='ocrx_word' id='word_1_636' title='bbox 2564 3205 2713 3262; x_wconf 89' lang='lat' dir='ltr'>mihi</span> <span class='ocrx_word' id='word_1_637' title='bbox 2767 3210 2780 3259; x_wconf 79' lang='grc' dir='ltr'>ε</span> <span class='ocrx_word' id='word_1_638' title='bbox 2845 3209 2974 3262; x_wconf 85' lang='lat' dir='ltr'>Non</span> <span class='ocrx_word' id='word_1_639' title='bbox 3025 3205 3211 3262; x_wconf 90' lang='lat' dir='ltr'>abeas</span> <span class='ocrx_word' id='word_1_640' title='bbox 3278 3205 3535 3262; x_wconf 65' lang='lat' dir='ltr'>Nicaeam</span> <span class='ocrx_word' id='word_1_641' title='bbox 3575 3205 3681 3278; x_wconf 86' lang='lat' dir='ltr'>qui</span> 
     </span>
    </p>
   </div>
   <div class='ocr_carea' id='block_1_98' title="bbox 2017 3294 3678 3368">
    <p class='ocr_par' dir='ltr' id='par_1_98' title="bbox 2017 3294 3678 3368">
     <span class='ocr_line' id='line_1_98' title="bbox 2017 3294 3678 3368; baseline -0.001 -16"><span class='ocrx_word' id='word_1_642' title='bbox 2017 3294 2619 3367; x_wconf 87' lang='lat' dir='ltr'>Constantinopoleos</span> <span class='ocrx_word' id='word_1_643' title='bbox 2661 3295 2976 3352; x_wconf 86' lang='lat' dir='ltr'>ordinatus</span> <span class='ocrx_word' id='word_1_644' title='bbox 3025 3312 3089 3352; x_wconf 90' lang='lat' dir='ltr'>es</span> <span class='ocrx_word' id='word_1_645' title='bbox 3122 3314 3136 3365; x_wconf 91' lang='lat'><strong>;</strong></span> <span class='ocrx_word' id='word_1_646' title='bbox 3169 3295 3499 3368; x_wconf 86' lang='lat' dir='ltr'>aliquando</span> <span class='ocrx_word' id='word_1_647' title='bbox 3537 3310 3678 3352; x_wconf 89' lang='lat' dir='ltr'>vero</span> 
     </span>
    </p>
   </div>
   <div class='ocr_carea' id='block_1_99' title="bbox 2017 3383 2889 3458">
    <p class='ocr_par' dir='ltr' id='par_1_99' title="bbox 2017 3383 2889 3458">
     <span class='ocr_line' id='line_1_99' title="bbox 2017 3383 2889 3458; baseline 0.002 -18"><span class='ocrx_word' id='word_1_648' title='bbox 2017 3383 2155 3452; x_wconf 88' lang='lat' dir='ltr'>alia,</span> <span class='ocrx_word' id='word_1_649' title='bbox 2189 3384 2377 3454; x_wconf 80' lang='lat' dir='ltr'>digna</span> <span class='ocrx_word' id='word_1_650' title='bbox 2399 3384 2588 3458; x_wconf 91' lang='lat' dir='ltr'>ipsius</span> <span class='ocrx_word' id='word_1_651' title='bbox 2609 3386 2889 3443; x_wconf 89' lang='lat' dir='ltr'>versutia.</span> 
     </span>
    </p>
   </div>
   <div class='ocr_carea' id='block_1_100' title="bbox 2089 3473 3677 3546">
    <p class='ocr_par' dir='ltr' id='par_1_100' title="bbox 2089 3473 3677 3546">
     <span class='ocr_line' id='line_1_100' title="bbox 2089 3473 3677 3546; baseline 0.003 -20"><span class='ocrx_word' id='word_1_652' title='bbox 2089 3473 2209 3528; x_wconf 83' lang='lat' dir='ltr'>VII.</span> <span class='ocrx_word' id='word_1_653' title='bbox 2249 3475 2540 3530; x_wconf 74' lang='lat' dir='ltr'>Caeterum</span> <span class='ocrx_word' id='word_1_654' title='bbox 2584 3479 2936 3546; x_wconf 89' lang='lat' dir='ltr'>recuperata</span> <span class='ocrx_word' id='word_1_655' title='bbox 2979 3473 3515 3546; x_wconf 87' lang='lat' dir='ltr'>Constantinopoli,</span> <span class='ocrx_word' id='word_1_656' title='bbox 3567 3488 3677 3530; x_wconf 86' lang='lat' dir='ltr'>no-</span> 
     </span>
    </p>
   </div>
   <div class='ocr_carea' id='block_1_101' title="bbox 2013 3561 3679 3634">
    <p class='ocr_par' dir='ltr' id='par_1_101' title="bbox 2013 3561 3679 3634">
     <span class='ocr_line' id='line_1_101' title="bbox 2013 3561 3679 3634; baseline 0 -16"><span class='ocrx_word' id='word_1_657' title='bbox 2013 3561 2232 3634; x_wconf 90' lang='lat' dir='ltr'>bisque</span> <span class='ocrx_word' id='word_1_658' title='bbox 2285 3578 2354 3618; x_wconf 90' lang='lat' dir='ltr'>eo</span> <span class='ocrx_word' id='word_1_659' title='bbox 2408 3562 2705 3634; x_wconf 86' lang='lat' dir='ltr'>profectis,</span> <span class='ocrx_word' id='word_1_660' title='bbox 2764 3563 3076 3634; x_wconf 90' lang='lat' dir='ltr'>quomodo</span> <span class='ocrx_word' id='word_1_661' title='bbox 3127 3562 3300 3620; x_wconf 89' lang='lat' dir='ltr'>vobis</span> <span class='ocrx_word' id='word_1_662' title='bbox 3354 3577 3679 3634; x_wconf 84' lang='lat' dir='ltr'>repraesen-</span> 
     </span>
    </p>
   </div>
   <div class='ocr_carea' id='block_1_102' title="bbox 2014 3650 3677 3723">
    <p class='ocr_par' dir='ltr' id='par_1_102' title="bbox 2014 3650 3677 3723">
     <span class='ocr_line' id='line_1_102' title="bbox 2014 3650 3677 3723; baseline -0.001 -16"><span class='ocrx_word' id='word_1_663' title='bbox 2014 3651 2160 3708; x_wconf 90' lang='lat' dir='ltr'>tabo</span> <span class='ocrx_word' id='word_1_664' title='bbox 2213 3651 2520 3721; x_wconf 85' lang='lat' dir='ltr'>angustias</span> <span class='ocrx_word' id='word_1_665' title='bbox 2565 3667 2702 3723; x_wconf 70' lang='lat' dir='ltr'>quae</span> <span class='ocrx_word' id='word_1_666' title='bbox 2751 3651 2896 3706; x_wconf 90' lang='lat' dir='ltr'>mihi</span> <span class='ocrx_word' id='word_1_667' title='bbox 2950 3666 3023 3706; x_wconf 83' lang='lat' dir='ltr'>ex</span> <span class='ocrx_word' id='word_1_668' title='bbox 3074 3666 3146 3706; x_wconf 93' lang='lat' dir='ltr'>eo</span> <span class='ocrx_word' id='word_1_669' title='bbox 3204 3651 3284 3707; x_wconf 89' lang='lat' dir='ltr'>ad</span> <span class='ocrx_word' id='word_1_670' title='bbox 3340 3650 3677 3706; x_wconf 87' lang='lat' dir='ltr'>Scutarium</span> 
     </span>
    </p>
   </div>
   <div class='ocr_carea' id='block_1_103' title="bbox 2018 3738 3676 3813">
    <p class='ocr_par' dir='ltr' id='par_1_103' title="bbox 2018 3738 3676 3813">
     <span class='ocr_line' id='line_1_103' title="bbox 2018 3738 3676 3813; baseline 0.001 -19"><span class='ocrx_word' id='word_1_671' title='bbox 2018 3741 2548 3812; x_wconf 84' lang='lat' dir='ltr'>supervenerunt?</span> <span class='ocrx_word' id='word_1_672' title='bbox 2572 3739 2883 3813; x_wconf 92' lang='lat' dir='ltr'>quomodo</span> <span class='ocrx_word' id='word_1_673' title='bbox 2911 3739 3034 3796; x_wconf 90' lang='lat' dir='ltr'>vim</span> <span class='ocrx_word' id='word_1_674' title='bbox 3062 3739 3090 3794; x_wconf 86' lang='lat'><strong>?</strong></span> <span class='ocrx_word' id='word_1_675' title='bbox 3123 3739 3382 3810; x_wconf 81' lang='lat' dir='ltr'>Urgebat</span> <span class='ocrx_word' id='word_1_676' title='bbox 3406 3743 3469 3795; x_wconf 90' lang='lat' dir='ltr'>ut</span> <span class='ocrx_word' id='word_1_677' title='bbox 3489 3738 3676 3811; x_wconf 87' lang='lat' dir='ltr'>Ephe-</span> 
     </span>
    </p>
   </div>
   <div class='ocr_carea' id='block_1_104' title="bbox 2016 3828 3675 3900">
    <p class='ocr_par' dir='ltr' id='par_1_104' title="bbox 2016 3828 3675 3900">
     <span class='ocr_line' id='line_1_104' title="bbox 2016 3828 3675 3900; baseline -0.001 -16"><span class='ocrx_word' id='word_1_678' title='bbox 2016 3829 2214 3884; x_wconf 82' lang='lat' dir='ltr'>sinurn</span> <span class='ocrx_word' id='word_1_679' title='bbox 2254 3828 2422 3884; x_wconf 90' lang='lat' dir='ltr'>illum</span> <span class='ocrx_word' id='word_1_680' title='bbox 2465 3829 2844 3884; x_wconf 86' lang='lat' dir='ltr'>nominarem</span> <span class='ocrx_word' id='word_1_681' title='bbox 2873 3828 3299 3900; x_wconf 88' lang='lat' dir='ltr'>patriarcham,</span> <span class='ocrx_word' id='word_1_682' title='bbox 3329 3832 3513 3900; x_wconf 88' lang='lat' dir='ltr'>atque</span> <span class='ocrx_word' id='word_1_683' title='bbox 3545 3843 3675 3884; x_wconf 89' lang='lat' dir='ltr'>sus-</span> 
     </span>
    </p>
   </div>
   <div class='ocr_carea' id='block_1_105' title="bbox 2015 3917 3675 3990">
    <p class='ocr_par' dir='ltr' id='par_1_105' title="bbox 2015 3917 3675 3990">
     <span class='ocr_line' id='line_1_105' title="bbox 2015 3917 3675 3990; baseline -0.001 -16"><span class='ocrx_word' id='word_1_684' title='bbox 2015 3917 2274 3990; x_wconf 90' lang='lat' dir='ltr'>ciperem</span> <span class='ocrx_word' id='word_1_685' title='bbox 2324 3917 2633 3974; x_wconf 87' lang='lat' dir='ltr'>ordinatos</span> <span class='ocrx_word' id='word_1_686' title='bbox 2680 3918 2758 3974; x_wconf 90' lang='lat' dir='ltr'>ab</span> <span class='ocrx_word' id='word_1_687' title='bbox 2801 3933 2873 3973; x_wconf 90' lang='lat' dir='ltr'>eo</span> <span class='ocrx_word' id='word_1_688' title='bbox 2922 3917 3252 3990; x_wconf 87' lang='lat' dir='ltr'>pontiﬁces,</span> <span class='ocrx_word' id='word_1_689' title='bbox 3309 3917 3675 3986; x_wconf 87' lang='lat' dir='ltr'>sacerdotes,</span> 
     </span>
    </p>
   </div>
   <div class='ocr_carea' id='block_1_106' title="bbox 2014 4006 3674 4080">
    <p class='ocr_par' dir='ltr' id='par_1_106' title="bbox 2014 4006 3674 4080">
     <span class='ocr_line' id='line_1_106' title="bbox 2014 4006 3674 4080; baseline 0 -16"><span class='ocrx_word' id='word_1_690' title='bbox 2014 4008 2304 4064; x_wconf 88' lang='lat' dir='ltr'>diaconos</span> <span class='ocrx_word' id='word_1_691' title='bbox 2339 4024 2351 4074; x_wconf 95' lang='lat'><strong>;</strong></span> <span class='ocrx_word' id='word_1_692' title='bbox 2385 4007 2476 4064; x_wconf 90' lang='lat' dir='ltr'>sin</span> <span class='ocrx_word' id='word_1_693' title='bbox 2532 4007 2753 4074; x_wconf 88' lang='lat' dir='ltr'>minus,</span> <span class='ocrx_word' id='word_1_694' title='bbox 2787 4006 3202 4080; x_wconf 90' lang='lat' dir='ltr'>prohibendus</span> <span class='ocrx_word' id='word_1_695' title='bbox 3250 4007 3400 4063; x_wconf 84' lang='lat' dir='ltr'>mihi</span> <span class='ocrx_word' id='word_1_696' title='bbox 3430 4012 3556 4064; x_wconf 88' lang='lat' dir='ltr'>erat</span> <span class='ocrx_word' id='word_1_697' title='bbox 3583 4007 3674 4064; x_wconf 88' lang='lat' dir='ltr'>in-</span> 
     </span>
    </p>
   </div>
   <div class='ocr_carea' id='block_1_107' title="bbox 2016 4097 3675 4170">
    <p class='ocr_par' dir='ltr' id='par_1_107' title="bbox 2016 4097 3675 4170">
     <span class='ocr_line' id='line_1_107' title="bbox 2016 4097 3675 4170; baseline 0.001 -18"><span class='ocrx_word' id='word_1_698' title='bbox 2016 4113 2259 4168; x_wconf 84' lang='lat' dir='ltr'>gressus</span> <span class='ocrx_word' id='word_1_699' title='bbox 2313 4097 2879 4170; x_wconf 80' lang='lat' dir='ltr'>Constantinopolis.</span> <span class='ocrx_word' id='word_1_700' title='bbox 2931 4097 3148 4153; x_wconf 88' lang='lat' dir='ltr'>Videns</span> <span class='ocrx_word' id='word_1_701' title='bbox 3178 4101 3379 4154; x_wconf 87' lang='lat' dir='ltr'>autem</span> <span class='ocrx_word' id='word_1_702' title='bbox 3431 4112 3529 4152; x_wconf 90' lang='lat' dir='ltr'>me</span> <span class='ocrx_word' id='word_1_703' title='bbox 3567 4112 3675 4153; x_wconf 91' lang='lat' dir='ltr'>ne-</span> 
     </span>
    </p>
   </div>
   <div class='ocr_carea' id='block_1_108' title="bbox 2015 4185 3676 4261">
    <p class='ocr_par' dir='ltr' id='par_1_108' title="bbox 2015 4185 3676 4261">
     <span class='ocr_line' id='line_1_108' title="bbox 2015 4185 3676 4261; baseline 0 -19"><span class='ocrx_word' id='word_1_704' title='bbox 2015 4202 2327 4260; x_wconf 91' lang='lat' dir='ltr'>quaquam</span> <span class='ocrx_word' id='word_1_705' title='bbox 2362 4185 2728 4258; x_wconf 73' lang='lat' dir='ltr'>morigerum</span> <span class='ocrx_word' id='word_1_706' title='bbox 2763 4206 2776 4256; x_wconf 93' lang='lat'><strong>;</strong></span> <span class='ocrx_word' id='word_1_707' title='bbox 2809 4186 3010 4243; x_wconf 90' lang='lat' dir='ltr'>nullus</span> <span class='ocrx_word' id='word_1_708' title='bbox 3041 4186 3200 4244; x_wconf 87' lang='lat' dir='ltr'>enim</span> <span class='ocrx_word' id='word_1_709' title='bbox 3228 4202 3434 4243; x_wconf 88' lang='lat' dir='ltr'>eorum</span> <span class='ocrx_word' id='word_1_710' title='bbox 3462 4186 3568 4261; x_wconf 91' lang='lat' dir='ltr'>qui</span> <span class='ocrx_word' id='word_1_711' title='bbox 3596 4185 3676 4242; x_wconf 93' lang='lat' dir='ltr'>ab</span> 
     </span>
    </p>
   </div>
   <div class='ocr_carea' id='block_1_109' title="bbox 2017 4275 3676 4350">
    <p class='ocr_par' dir='ltr' id='par_1_109' title="bbox 2017 4275 3676 4350">
     <span class='ocr_line' id='line_1_109' title="bbox 2017 4275 3676 4350; baseline 0.001 -17"><span class='ocrx_word' id='word_1_712' title='bbox 2017 4275 2116 4333; x_wconf 94' lang='lat' dir='ltr'>illo</span> <span class='ocrx_word' id='word_1_713' title='bbox 2145 4276 2405 4332; x_wconf 86' lang='lat' dir='ltr'>ordinati</span> <span class='ocrx_word' id='word_1_714' title='bbox 2433 4275 2690 4342; x_wconf 85' lang='lat' dir='ltr'>fuerant,</span> <span class='ocrx_word' id='word_1_715' title='bbox 2731 4277 3410 4347; x_wconf 89' lang='lat' dir='ltr'>mihicomministravit,</span> <span class='ocrx_word' id='word_1_716' title='bbox 3439 4277 3544 4334; x_wconf 91' lang='lat' dir='ltr'>sed</span> <span class='ocrx_word' id='word_1_717' title='bbox 3565 4292 3676 4350; x_wconf 91' lang='lat' dir='ltr'>pro</span> 
     </span>
    </p>
   </div>
   <div class='ocr_carea' id='block_1_110' title="bbox 2017 4366 3675 4439">
    <p class='ocr_par' dir='ltr' id='par_1_110' title="bbox 2017 4366 3675 4439">
     <span class='ocr_line' id='line_1_110' title="bbox 2017 4366 3675 4439; baseline 0.001 -16"><span class='ocrx_word' id='word_1_718' title='bbox 2017 4366 2366 4423; x_wconf 87' lang='lat' dir='ltr'>aversandis</span> <span class='ocrx_word' id='word_1_719' title='bbox 2404 4367 2971 4439; x_wconf 89' lang='lat' dir='ltr'>abominandisque,</span> <span class='ocrx_word' id='word_1_720' title='bbox 3003 4371 3183 4439; x_wconf 91' lang='lat' dir='ltr'>prout</span> <span class='ocrx_word' id='word_1_721' title='bbox 3221 4383 3332 4439; x_wconf 91' lang='lat' dir='ltr'>par</span> <span class='ocrx_word' id='word_1_722' title='bbox 3363 4371 3510 4435; x_wconf 89' lang='lat' dir='ltr'>erat,</span> <span class='ocrx_word' id='word_1_723' title='bbox 3541 4368 3675 4424; x_wconf 88' lang='lat' dir='ltr'>illos</span> 
     </span>
    </p>
   </div>
   <div class='ocr_carea' id='block_1_111' title="bbox 2014 4455 3677 4529">
    <p class='ocr_par' dir='ltr' id='par_1_111' title="bbox 2014 4455 3677 4529">
     <span class='ocr_line' id='line_1_111' title="bbox 2014 4455 3677 4529; baseline 0.001 -16"><span class='ocrx_word' id='word_1_724' title='bbox 2014 4456 2203 4513; x_wconf 86' lang='lat' dir='ltr'>habui</span> <span class='ocrx_word' id='word_1_725' title='bbox 2236 4475 2249 4525; x_wconf 85' lang='lat'><strong>;</strong></span> <span class='ocrx_word' id='word_1_726' title='bbox 2283 4455 2633 4526; x_wconf 85' lang='lat' dir='ltr'>indignatus</span> <span class='ocrx_word' id='word_1_727' title='bbox 2693 4457 2990 4513; x_wconf 84' lang='lat' dir='ltr'>concessit</span> <span class='ocrx_word' id='word_1_728' title='bbox 3018 4457 3165 4513; x_wconf 89' lang='lat' dir='ltr'>mihi</span> <span class='ocrx_word' id='word_1_729' title='bbox 3190 4457 3554 4529; x_wconf 85' lang='lat' dir='ltr'>ingressum,</span> <span class='ocrx_word' id='word_1_730' title='bbox 3604 4461 3677 4514; x_wconf 88' lang='lat' dir='ltr'>At</span> 
     </span>
    </p>
   </div>
   <div class='ocr_carea' id='block_1_112' title="bbox 2017 4544 3675 4618">
    <p class='ocr_par' dir='ltr' id='par_1_112' title="bbox 2017 4544 3675 4618">
     <span class='ocr_line' id='line_1_112' title="bbox 2017 4544 3675 4618; baseline 0 -15"><span class='ocrx_word' id='word_1_731' title='bbox 2017 4544 2531 4618; x_wconf 88' lang='lat' dir='ltr'>Constantinopoli</span> <span class='ocrx_word' id='word_1_732' title='bbox 2600 4544 2813 4601; x_wconf 89' lang='lat' dir='ltr'>iterum</span> <span class='ocrx_word' id='word_1_733' title='bbox 2868 4545 3010 4609; x_wconf 91' lang='lat' dir='ltr'>doli,</span> <span class='ocrx_word' id='word_1_734' title='bbox 3069 4546 3284 4602; x_wconf 89' lang='lat' dir='ltr'>iterum</span> <span class='ocrx_word' id='word_1_735' title='bbox 3342 4547 3675 4604; x_wconf 64' lang='lat' dir='ltr'>innumera:</span> 
     </span>
    </p>
   </div>
   <div class='ocr_carea' id='block_1_113' title="bbox 2014 4633 3547 4706">
    <p class='ocr_par' dir='ltr' id='par_1_113' title="bbox 2014 4633 3547 4706">
     <span class='ocr_line' id='line_1_113' title="bbox 2014 4633 3547 4706; baseline 0.001 -16"><span class='ocrx_word' id='word_1_736' title='bbox 2014 4633 2366 4691; x_wconf 81' lang='lat' dir='ltr'>vexationes</span> <span class='ocrx_word' id='word_1_737' title='bbox 2389 4633 2677 4690; x_wconf 86' lang='lat' dir='ltr'>adversus</span> <span class='ocrx_word' id='word_1_738' title='bbox 2699 4649 2794 4689; x_wconf 90' lang='lat' dir='ltr'>me</span> <span class='ocrx_word' id='word_1_739' title='bbox 2811 4649 2919 4706; x_wconf 91' lang='lat' dir='ltr'>per</span> <span class='ocrx_word' id='word_1_740' title='bbox 2939 4649 3079 4690; x_wconf 89' lang='lat' dir='ltr'>eum</span> <span class='ocrx_word' id='word_1_741' title='bbox 3101 4640 3547 4706; x_wconf 89' lang='lat' dir='ltr'>processerunt.</span> 
     </span>
    </p>
   </div>
   <div class='ocr_carea' id='block_1_114' title="bbox 2086 4721 3676 4798">
    <p class='ocr_par' dir='ltr' id='par_1_114' title="bbox 2086 4721 3676 4798">
     <span class='ocr_line' id='line_1_114' title="bbox 2086 4721 3676 4798; baseline 0.002 -20"><span class='ocrx_word' id='word_1_742' title='bbox 2086 4726 2172 4780; x_wconf 86' lang='lat' dir='ltr'>IX.</span> <span class='ocrx_word' id='word_1_743' title='bbox 2213 4723 2468 4788; x_wconf 87' lang='lat' dir='ltr'>Quando</span> <span class='ocrx_word' id='word_1_744' title='bbox 2521 4723 2683 4778; x_wconf 91' lang='lat' dir='ltr'>enim</span> <span class='ocrx_word' id='word_1_745' title='bbox 2739 4721 3056 4779; x_wconf 89' lang='lat' dir='ltr'>dominum</span> <span class='ocrx_word' id='word_1_746' title='bbox 3111 4740 3290 4780; x_wconf 89' lang='lat' dir='ltr'>suum</span> <span class='ocrx_word' id='word_1_747' title='bbox 3320 4740 3391 4780; x_wconf 91' lang='lat' dir='ltr'>ac</span> <span class='ocrx_word' id='word_1_748' title='bbox 3420 4725 3676 4798; x_wconf 88' lang='lat' dir='ltr'>impera-</span> 
     </span>
    </p>
   </div>
   <div class='ocr_carea' id='block_1_115' title="bbox 2012 4811 3675 4885">
    <p class='ocr_par' dir='ltr' id='par_1_115' title="bbox 2012 4811 3675 4885">
     <span class='ocr_line' id='line_1_115' title="bbox 2012 4811 3675 4885; baseline 0.002 -17"><span class='ocrx_word' id='word_1_749' title='bbox 2012 4817 2205 4868; x_wconf 91' lang='lat' dir='ltr'>torem</span> <span class='ocrx_word' id='word_1_750' title='bbox 2252 4811 2436 4867; x_wconf 90' lang='lat' dir='ltr'>voluit</span> <span class='ocrx_word' id='word_1_751' title='bbox 2481 4811 2830 4878; x_wconf 85' lang='lat' dir='ltr'>interﬁcere,</span> <span class='ocrx_word' id='word_1_752' title='bbox 2862 4826 2938 4867; x_wconf 91' lang='lat' dir='ltr'>ne</span> <span class='ocrx_word' id='word_1_753' title='bbox 2977 4811 3144 4884; x_wconf 91' lang='lat' dir='ltr'>quod</span> <span class='ocrx_word' id='word_1_754' title='bbox 3172 4811 3675 4885; x_wconf 88' lang='lat' dir='ltr'>impedimentum</span> 
     </span>
    </p>
   </div>
   <div class='ocr_carea' id='block_1_116' title="bbox 2011 4899 3673 4968">
    <p class='ocr_par' dir='ltr' id='par_1_116' title="bbox 2011 4899 3673 4968">
     <span class='ocr_line' id='line_1_116' title="bbox 2011 4899 3673 4968; baseline 0.001 -12"><span class='ocrx_word' id='word_1_755' title='bbox 2011 4917 2084 4957; x_wconf 86' lang='lat' dir='ltr'>ex</span> <span class='ocrx_word' id='word_1_756' title='bbox 2116 4917 2212 4956; x_wconf 91' lang='lat' dir='ltr'>me</span> <span class='ocrx_word' id='word_1_757' title='bbox 2241 4901 2511 4968; x_wconf 90' lang='lat' dir='ltr'>oriretur,</span> <span class='ocrx_word' id='word_1_758' title='bbox 2543 4899 2786 4958; x_wconf 84' lang='lat' dir='ltr'>fraudes</span> <span class='ocrx_word' id='word_1_759' title='bbox 2843 4899 3133 4957; x_wconf 89' lang='lat' dir='ltr'>adversus</span> <span class='ocrx_word' id='word_1_760' title='bbox 3173 4917 3269 4957; x_wconf 90' lang='lat' dir='ltr'>me</span> <span class='ocrx_word' id='word_1_761' title='bbox 3300 4902 3673 4958; x_wconf 61' lang='lat' dir='ltr'>concinnata</span> 
     </span>
    </p>
   </div>
   <div class='ocr_carea' id='block_1_117' title="bbox 2015 5075 3674 5159">
    <p class='ocr_par' dir='ltr' id='par_1_117' title="bbox 2015 5075 3674 5159">
     <span class='ocr_line' id='line_1_117' title="bbox 2015 5075 3674 5159; baseline 0 -28"><span class='ocrx_word' id='word_1_762' title='bbox 2015 5099 2120 5159; x_wconf 61' lang='grc' dir='ltr'><strong>εις,</strong></span> <span class='ocrx_word' id='word_1_763' title='bbox 2169 5077 2620 5159; x_wconf 58' lang='grc' dir='ltr'><strong>πολυχρονᾶσθαι,</strong></span> <span class='ocrx_word' id='word_1_764' title='bbox 2669 5083 2742 5159; x_wconf 65' lang='lat' dir='ltr'>et</span> <span class='ocrx_word' id='word_1_765' title='bbox 2790 5077 3285 5159; x_wconf 48' lang='grc' dir='ltr'><strong>πολυχρονεςσθται,</strong></span> <span class='ocrx_word' id='word_1_766' title='bbox 3356 5075 3674 5159; x_wconf 57' lang='grc' dir='ltr'><strong>πολυχρονιτ</strong></span> 
     </span>
    </p>
   </div>
   <div class='ocr_carea' id='block_1_118' title="bbox 2016 5148 3675 5224">
    <p class='ocr_par' dir='ltr' id='par_1_118' title="bbox 2016 5148 3675 5224">
     <span class='ocr_line' id='line_1_118' title="bbox 2016 5148 3675 5224; baseline 0.002 -21"><span class='ocrx_word' id='word_1_767' title='bbox 2016 5150 2144 5224; x_wconf 83' lang='grc' dir='ltr'><strong>ξειν,</strong></span> <span class='ocrx_word' id='word_1_768' title='bbox 2177 5148 2402 5222; x_wconf 76' lang='grc' dir='ltr'>βοᾲντό</span> <span class='ocrx_word' id='word_1_769' title='bbox 2440 5149 2813 5224; x_wconf 63' lang='grc' dir='ltr'><strong>πολυχρόνιονέ</strong></span> <span class='ocrx_word' id='word_1_770' title='bbox 2865 5148 3019 5216; x_wconf 68' lang='grc' dir='ltr'>Οὺίᾶ</span> <span class='ocrx_word' id='word_1_771' title='bbox 3064 5150 3288 5224; x_wconf 52' lang='lat' dir='ltr'>Mallos</span> <span class='ocrx_word' id='word_1_772' title='bbox 3327 5148 3545 5224; x_wconf 66' lang='lat' dir='ltr'>annos,</span> <span class='ocrx_word' id='word_1_773' title='bbox 3575 5150 3675 5206; x_wconf 84' lang='lat' dir='ltr'>Ad</span> 
     </span>
    </p>
   </div>
   <div class='ocr_carea' id='block_1_119' title="bbox 2009 5220 3675 5289">
    <p class='ocr_par' dir='ltr' id='par_1_119' title="bbox 2009 5220 3675 5289">
     <span class='ocr_line' id='line_1_119' title="bbox 2009 5220 3675 5289; baseline 0 -11"><span class='ocrx_word' id='word_1_774' title='bbox 2009 5220 2228 5278; x_wconf 61' lang='lat' dir='ltr'>multus</span> <span class='ocrx_word' id='word_1_775' title='bbox 2281 5236 2491 5277; x_wconf 85' lang='lat' dir='ltr'>annos.</span> <span class='ocrx_word' id='word_1_776' title='bbox 2542 5220 2630 5284; x_wconf 74' lang='grc' dir='ltr'>εις</span> <span class='ocrx_word' id='word_1_777' title='bbox 2666 5220 2831 5274; x_wconf 87' lang='grc' dir='ltr'>πολλά</span> <span class='ocrx_word' id='word_1_778' title='bbox 2882 5224 2991 5289; x_wconf 74' lang='grc' dir='ltr'><strong>ἔτη,</strong></span> <span class='ocrx_word' id='word_1_779' title='bbox 3043 5220 3206 5273; x_wconf 84' lang='grc' dir='ltr'>πολλὰ</span> <span class='ocrx_word' id='word_1_780' title='bbox 3247 5224 3308 5277; x_wconf 85' lang='grc' dir='ltr'><strong>τή</strong></span> <span class='ocrx_word' id='word_1_781' title='bbox 3361 5223 3472 5287; x_wconf 81' lang='grc' dir='ltr'><strong>ἔτη,</strong></span> <span class='ocrx_word' id='word_1_782' title='bbox 3520 5220 3675 5278; x_wconf 85' lang='lat' dir='ltr'>inter</span> 
     </span>
    </p>
   </div>
   <div class='ocr_carea' id='block_1_120' title="bbox 2009 5291 3673 5366">
    <p class='ocr_par' dir='ltr' id='par_1_120' title="bbox 2009 5291 3673 5366">
     <span class='ocr_line' id='line_1_120' title="bbox 2009 5291 3673 5366; baseline 0.001 -18"><span class='ocrx_word' id='word_1_783' title='bbox 2009 5292 2219 5348; x_wconf 89' lang='lat' dir='ltr'>laudes</span> <span class='ocrx_word' id='word_1_784' title='bbox 2231 5297 2289 5348; x_wconf 92' lang='lat' dir='ltr'>et</span> <span class='ocrx_word' id='word_1_785' title='bbox 2299 5292 2763 5366; x_wconf 83' lang='lat' dir='ltr'>acclamationes</span> <span class='ocrx_word' id='word_1_786' title='bbox 2776 5297 3020 5366; x_wconf 73' lang='lat' dir='ltr'>cmteras</span> <span class='ocrx_word' id='word_1_787' title='bbox 3041 5291 3350 5349; x_wconf 86' lang='lat' dir='ltr'>vociferari</span> <span class='ocrx_word' id='word_1_788' title='bbox 3371 5293 3673 5366; x_wconf 64' lang='lat' dir='ltr'>praecipue</span> 
     </span>
    </p>
   </div>
   <div class='ocr_carea' id='block_1_121' title="bbox 2010 5364 3076 5438">
    <p class='ocr_par' dir='ltr' id='par_1_121' title="bbox 2010 5364 3076 5438">
     <span class='ocr_line' id='line_1_121' title="bbox 2010 5364 3076 5438; baseline -0.002 -18"><span class='ocrx_word' id='word_1_789' title='bbox 2010 5380 2146 5420; x_wconf 86' lang='lat' dir='ltr'>mos</span> <span class='ocrx_word' id='word_1_790' title='bbox 2170 5369 2318 5438; x_wconf 87' lang='lat' dir='ltr'>erat.</span> <span class='ocrx_word' id='word_1_791' title='bbox 2336 5369 2526 5436; x_wconf 83' lang='lat' dir='ltr'>Atque</span> <span class='ocrx_word' id='word_1_792' title='bbox 2551 5365 2681 5420; x_wconf 76' lang='lat' dir='ltr'>haec</span> <span class='ocrx_word' id='word_1_793' title='bbox 2703 5364 3076 5438; x_wconf 83' lang='lat' dir='ltr'>pervulgata.</span> 
     </span>
    </p>
   </div>
   <div class='ocr_carea' id='block_1_122' title="bbox 2084 5433 3672 5508">
    <p class='ocr_par' dir='ltr' id='par_1_122' title="bbox 2084 5433 3672 5508">
     <span class='ocr_line' id='line_1_122' title="bbox 2084 5433 3672 5508; baseline 0 -18"><span class='ocrx_word' id='word_1_794' title='bbox 2084 5435 2196 5508; x_wconf 81' lang='lat' dir='ltr'>(ll)</span> <span class='ocrx_word' id='word_1_795' title='bbox 2241 5438 2310 5508; x_wconf 79' lang='grc' dir='ltr'><strong>Τρ</strong></span> <span class='ocrx_word' id='word_1_796' title='bbox 2350 5433 2650 5508; x_wconf 75' lang='grc' dir='ltr'><strong>Σκουτοίριν.</strong></span> <span class='ocrx_word' id='word_1_797' title='bbox 2685 5433 3051 5508; x_wconf 76' lang='lat' dir='ltr'>Scutarium.</span> <span class='ocrx_word' id='word_1_798' title='bbox 3103 5433 3244 5490; x_wconf 90' lang='lat' dir='ltr'>Vide</span> <span class='ocrx_word' id='word_1_799' title='bbox 3291 5450 3415 5508; x_wconf 72' lang='lat' dir='ltr'>prae</span> <span class='ocrx_word' id='word_1_800' title='bbox 3445 5435 3672 5508; x_wconf 52' lang='lat' dir='ltr'>caeteris</span> 
     </span>
    </p>
   </div>
   <div class='ocr_carea' id='block_1_123' title="bbox 2008 5505 3670 5562">
    <p class='ocr_par' dir='ltr' id='par_1_123' title="bbox 2008 5505 3670 5562">
     <span class='ocr_line' id='line_1_123' title="bbox 2008 5505 3670 5562; baseline -0.001 0"><span class='ocrx_word' id='word_1_801' title='bbox 2008 5505 2256 5562; x_wconf 71' lang='lat' dir='ltr'>inﬁnitae</span> <span class='ocrx_word' id='word_1_802' title='bbox 2281 5505 2557 5562; x_wconf 81' lang='lat' dir='ltr'>lectionis</span> <span class='ocrx_word' id='word_1_803' title='bbox 2579 5512 2635 5562; x_wconf 84' lang='lat' dir='ltr'>et</span> <span class='ocrx_word' id='word_1_804' title='bbox 2665 5506 2954 5562; x_wconf 73' lang='lat' dir='ltr'>doctrinae</span> <span class='ocrx_word' id='word_1_805' title='bbox 2972 5505 3162 5561; x_wconf 88' lang='lat' dir='ltr'>virum</span> <span class='ocrx_word' id='word_1_806' title='bbox 3193 5505 3469 5562; x_wconf 74' lang='lat' dir='ltr'>Carolum</span> <span class='ocrx_word' id='word_1_807' title='bbox 3503 5507 3670 5562; x_wconf 83' lang='lat' dir='ltr'>Fres-</span> 
     </span>
    </p>
   </div>
   <div class='ocr_carea' id='block_1_124' title="bbox 2009 5577 3672 5649">
    <p class='ocr_par' dir='ltr' id='par_1_124' title="bbox 2009 5577 3672 5649">
     <span class='ocr_line' id='line_1_124' title="bbox 2009 5577 3672 5649; baseline 0.002 -17"><span class='ocrx_word' id='word_1_808' title='bbox 2009 5577 2178 5649; x_wconf 83' lang='lat' dir='ltr'>nium</span> <span class='ocrx_word' id='word_1_809' title='bbox 2204 5578 2294 5649; x_wconf 84' lang='lat' dir='ltr'>Ad</span> <span class='ocrx_word' id='word_1_810' title='bbox 2323 5577 2796 5649; x_wconf 81' lang='lat' dir='ltr'>Villharduinum</span> <span class='ocrx_word' id='word_1_811' title='bbox 2819 5593 2887 5649; x_wconf 80' lang='lat' dir='ltr'>p,</span> <span class='ocrx_word' id='word_1_812' title='bbox 2902 5580 3025 5633; x_wconf 86' lang='lat'><strong>286.</strong></span> <span class='ocrx_word' id='word_1_813' title='bbox 3054 5578 3382 5634; x_wconf 76' lang='lat' dir='ltr'>llorotheus</span> <span class='ocrx_word' id='word_1_814' title='bbox 3412 5580 3672 5635; x_wconf 83' lang='lat' dir='ltr'>Monem-</span> 
     </span>
    </p>
   </div>
   <div class='ocr_carea' id='block_1_125' title="bbox 2008 5647 3286 5724">
    <p class='ocr_par' dir='ltr' id='par_1_125' title="bbox 2008 5647 3286 5724">
     <span class='ocr_line' id='line_1_125' title="bbox 2008 5647 3286 5724; baseline -0.001 -20"><span class='ocrx_word' id='word_1_815' title='bbox 2008 5647 2301 5706; x_wconf 86' lang='lat' dir='ltr'>basiensis</span> <span class='ocrx_word' id='word_1_816' title='bbox 2322 5649 2383 5706; x_wconf 91' lang='lat' dir='ltr'>in</span> <span class='ocrx_word' id='word_1_817' title='bbox 2406 5649 2665 5721; x_wconf 83' lang='lat' dir='ltr'>Synopsi</span> <span class='ocrx_word' id='word_1_818' title='bbox 2686 5647 2988 5718; x_wconf 74' lang='lat' dir='ltr'>historica,</span> <span class='ocrx_word' id='word_1_819' title='bbox 3013 5652 3286 5724; x_wconf 84' lang='grc' dir='ltr'><strong>Σκούταρι.</strong></span> 
     </span>
    </p>
   </div>
  </div>
