4152 6382
507 313 609 369 955
1429 307 1712 366 ARSENlI
1751 306 1854 364 CP.
1897 303 2374 364 PATRIABCHIE
2411 306 2945 365 TES’I‘AMENTUM.
3769 313 3888 369 956

505 439 661 494 sunt.
699 434 814 492 Sed
866 435 1008 490 tunc
1038 432 1246 490 omnia
1274 433 1335 489 in
1360 448 1587 490 vanum
1613 432 1971 488 reciderunt.
2001 434 2145 489 Post-

2243 450 2445 504 -11'0€v1'01
2479 457 2550 521 τῷ
2609 452 2724 503 τότε
2755 448 3148 523 ἀπεφάνθησαν,
3235 454 3324 503 καὶ
3384 451 3514 522 μετά
3543 457 3713 505 ταῦτα
3759 457 3883 516 τοὺς

504 539 576 581 ea
631 523 840 581 oculos
886 521 1116 578 domini
1163 538 1233 578 ac
1278 521 1658 594 imperatoris
1705 521 1796 577 sui
1842 537 1980 578 cum
2024 520 2144 578 eﬂ‘o

2275 538 2570 611 ὀφθαλμοὺς
2603 545 2696 592 τοῦ
2736 539 2984 592 αύθέντου
3018 544 3109 592 καὶ
3171 538 3424 612 βασιλέως
3480 539 3642 592 αύτοῦ
3689 541 3885 616 ἐξώρυ·

504 613 708 681 disset,
738 627 954 684 resque
991 611 1134 667 mihi
1165 615 1308 668 nota
1341 611 1497 667 facta
1543 614 1720 678 esset,
1759 609 2144 667 excommuni

2275 628 2348 697 ξε,
2407 632 2495 680 καὶ
2556 633 2789 699 γνωστόν
2878 649 2969 702 μοι
3016 636 3166 682 τοῦτο
3220 627 3432 700 ἐγένετο,
3478 636 3552 699 τῷ
3601 627 3884 706 ἀφορισμῷ

503 700 724 757 cationi
758 715 897 756 eum
938 700 1189 773 subjeci.
1233 702 1594 773 Optaveram
1634 704 1836 756 autem
1877 704 1940 755 ut
1980 699 2142 772 pmni

2275 716 2427 769 αὐτόν
2487 716 2864 772 καθυπέϐαλον.
2906 717 3121 770 ’Ἡθελον
3161 714 3221 770 δὲ
3265 719 3348 769 ἱνα
3397 719 3670 790 μετάνοιαν
3719 716 3886 774 ἐνδεί-

503 789 754 845 tentiam
833 793 1055 860 ageret,
1125 789 1505 861 multumque
1555 804 1710 845 onus
1782 787 2142 844 tributorum

2276 805 2451 875 ξηται,
2501 810 2589 857 καὶ
2638 810 2733 866 τὴν
2816 806 3007 865 πολλὴν
3090 805 3368 880 βαρύτητα
3420 813 3519 858 τῶν
3566 811 3732 882 φόρων
3792 815 3885 863 καὶ

503 879 886 952 vectigalium
933 896 966 936 e
1009 879 1393 946 commercio,
1449 877 1704 935 aliarum
1757 877 2140 950 iniquitatum

2275 897 2595 966 κουμερκίων
2647 899 2738 947 καὶ
2817 895 2997 970 ἐτέρων
3071 891 3290 947 ἀδικιῶν
3355 889 3449 946 διὰ
3497 899 3586 954 τήν
3633 899 3885 956 τοιαύτην

502 973 745 1042 propter
801 968 1152 1040 hujusmodi
1207 973 1522 1040 peccatum
1586 967 1898 1032 minueret,
1962 966 2142 1038 sicquc

2275 982 2534 1055 ἁμαρτίαν
2578 966 2903 1054 ἐκκόψηται,
2947 988 3036 1036 καὶ
3089 984 3223 1036 οὕτω
3283 985 3684 1056 συγχωρηθείη.
3713 983 3799 1046 Ὡς
3825 982 3887 1038 δε

501 1056 678 1112 venia
724 1057 1070 1114 donaretur.
1122 1058 1336 1112 Verum
1385 1055 1532 1129 quia
1577 1054 2002 1127 paenitentiam
2043 1071 2141 1111 non

2275 1073 2547 1143 μετὰνοιαν
2585 1071 2677 1123 οὐκ
2708 1068 2986 1139 ἐδείκνυεν,
3043 1068 3167 1124 ούδέ
3217 1091 3334 1123 τινα
3362 1069 3586 1130 ἐκκοπὴν
3627 1081 3728 1124 τῶν
3779 1093 3884 1126 κα-

503 1145 784 1212 ostendit,
808 1161 918 1202 nec
940 1145 1206 1218 aliquam
1227 1145 1528 1202 malorum
1551 1145 1970 1210 minutionem,
1993 1145 2142 1216 quin

2274 1166 2398 1228 κῶν,
2451 1157 2579 1211 ἀλλά
2623 1164 2714 1212 καὶ
2761 1159 2951 1232 μᾶλλον
3017 1161 3346 1234 προσθήκην,
3415 1159 3474 1211 ού
3530 1166 3889 1234 συνεχώρησα

505 1235 629 1292 imo
650 1234 1152 1301 additamentum,
1183 1234 1234 1290 ei
1261 1249 1383 1290 non
1414 1233 1616 1307 ignovi
1645 1251 1658 1298 ;
1689 1233 1793 1288 sed
1825 1237 1963 1306 post
1991 1232 2141 1288 trien

2273 1247 2412 1318 αύτῷ
2445 1246 2612 1300 ·ἀλλά
2639 1250 2769 1320 μετά
2815 1253 3040 1324 τριετίαν
3097 1247 3309 1301 ἐνώπιον
3367 1255 3468 1300 τῶν
3523 1258 3880 1324 πατριαρχῶν

503 1324 674 1380 nium
721 1339 926 1380 coram
965 1323 1340 1396 patriarchis,
1387 1322 1802 1396 metropolitis,
1849 1325 2062 1378 senatu
2108 1336 2139 1376 e

2271 1340 2362 1389 καὶ
2405 1344 2504 1388 τῶν
2551 1336 2946 1410 μητροπολιτῶν
2999 1341 3090 1389 καὶ
3141 1345 3237 1398 τῆς
3297 1336 3598 1408 συγκλήτου
3651 1345 3742 1391 καὶ
3791 1346 3885 1392 τοῦ

503 1413 670 1469 omni
729 1412 906 1478 clero,
962 1412 1131 1472 illum
1191 1429 1266 1469 ex
1324 1412 1574 1469 ecclesia
1633 1411 1799 1483 ejeci,
1870 1415 2143 1484 tanquam

2272 1424 2432 1476 αὐτοῦ
2462 1423 2680 1496 κλήρου,
2731 1423 2786 1476 ἐκ
2842 1432 2940 1488 τῆς
2989 1423 3271 1487 ἐκκλησίας
3319 1432 3502 1477 τοῦτον
3542 1424 3775 1488 ἐξέϐαλον
3820 1429 3885 1487 ὡς

507 1500 823 1572 indignum
861 1502 966 1574 qui
1003 1502 1065 1558 in
1109 1518 1246 1559 eam
1283 1501 1712 1572 ingrederetur,
1762 1503 1843 1557 Ex
1892 1515 1964 1556 eo
2009 1503 2147 1556 tem-

2271 1512 2488 1576 ἀπάξιον
2518 1521 2610 1576 τῆς
2663 1517 2793 1588 πρὸς
2839 1513 3001 1572 αὐτὴν
3033 1510 3263 1568 εἰσόδου.
3299 1512 3513 1568 ’Έκτοτε
3571 1517 3625 1567 αἱ
3684 1535 3884 1568 σκαιω-

501 1605 647 1662 pore
708 1595 1052 1647 commenta
1096 1591 1390 1647 adversus
1431 1606 1551 1659 me,
1599 1605 1736 1662 quas
1781 1593 2141 1646 commeatu:

2265 1607 2379 1678 ρίαι
2433 1601 2549 1654 κατ’
2603 1601 2748 1674 ἐμοῦ,
2797 1600 2854 1663 ἃς
2916 1599 2983 1661 δὴ
3025 1607 3115 1655 καὶ
3156 1601 3515 1676 ἐσκαιώρησεν
3562 1605 3682 1656 ἄνευ
3724 1623 3883 1662 κατη-

503 1683 591 1736 est
646 1678 771 1736 sine
819 1679 1291 1746 accusatoribus,
1351 1680 1477 1736 sine
1531 1678 1800 1745 testibus,
1859 1694 1933 1734 ex
1991 1678 2143 1734 nudc

2265 1695 2434 1764 γὸρων
2480 1695 2570 1744 καὶ
2603 1694 2903 1767 μαρτύρων,
2961 1690 3064 1744 ἀπὸ
3121 1690 3278 1763 ψιλοῦ
3327 1696 3487 1764 μόνου
3539 1692 3713 1764 λόγου.
3761 1700 3887 1746 Του-

501 1767 796 1824 duntaxat
823 1783 1120 1825 sermone.
1168 1771 1287 1824 Hoc
1324 1773 1430 1834 est,
1462 1768 1696 1824 decrevi
1730 1767 2141 1824 communione

2266 1784 2439 1833 τέστιν
2471 1783 2642 1856 ὥρισα
2670 1788 2988 1840 κοινωνῆσαι
3025 1788 3148 1843 τοῦς
3187 1788 3280 1833 τοῦ
3313 1781 3595 1834 σουλτάνου
3635 1779 3835 1842 παῖδας
3872 1787 3885 1800 ⁸

502 1857 790 1944 impertiri
839 1857 1055 1914 sultani
1112 1872 1347 1930 pueros.
1411 1857 1674 1913 Ecclesia
1723 1872 1820 1912 me
1854 1855 2080 1929 expulit
2139 1876 2142 1914 :

2266 1878 2363 1930 τῆς
2389 1855 2709 1931 Ἐκκλησίας
2734 1889 2797 1943 με
2826 1869 3056 1933 ἐξώθησε
3098 1890 3110 1904 ·
3157 1873 3245 1922 καὶ
3301 1877 3468 1923 ταῦτα
3489 1878 3576 1923 τοῦ
3629 1889 3882 1944 πανιερω-

500 1943 684 2017 idque
713 1961 852 2002 cum
883 1946 1320 2003 sacratissimus
1348 1945 1584 2003 Pisidia
1614 1946 1990 2018 metropolita
2017 1945 2140 2002 scri'

2269 1959 2428 2011 τάτου
2489 1958 2876 2032 μητροπολίτου
2948 1955 3239 2022 Πισσιδίας
3296 1958 3560 2033 ἐγγράφως
3623 1957 3879 2030 ὁμολογὴ-

500 2037 604 2105 pto
641 2035 952 2092 confessus
987 2035 1220 2107 fuisset,
1261 2036 1428 2109 quod
1452 2036 1584 2110 ipse
1627 2036 1758 2093 illos
1799 2035 2136 2108 baptizasse

2274 2067 2461 2110 σαντος
2495 2050 2559 2109 ὡς
2589 2046 2777 2110 ἐκεῖνος
2825 2052 2916 2100 καὶ
2957 2047 3206 2102 ἐϐάπτισε
3263 2052 3482 2110 τούτους
3527 2052 3616 2100 καὶ
3672 2045 3879 2099 ἐκοινώ-

499 2125 557 2179 et
587 2125 1015 2182 communione
1043 2124 1333 2182 donasset
1370 2142 1386 2194 ;
1419 2141 1532 2196 ego
1562 2141 1703 2182 vero
1732 2141 1840 2198 per
1873 2126 2139 2198 scriptun

2272 2155 2399 2196 νησε
2437 2158 2448 2170 ·
2483 2135 2656 2210 κάμοῦ
2700 2156 2756 2190 τε
2807 2136 3080 2211 ἐγγράφως
3128 2136 3550 2208 ὁμολογήσαντος
3586 2140 3655 2208 μή
3690 2131 3883 2188 εἰδέναι

499 2213 806 2286 professus
837 2231 1055 2282 essem,
1077 2231 1175 2270 me
1206 2215 1549 2272 nullatenus
1579 2214 1642 2271 id
1670 2215 1838 2272 scire.

1243 2215 1549 2272 ullatenus
1670 2215 1838 2272 SCll‘O.
2275 2246 2337 2299 με
2365 2229 2423 2279 τὸ
2457 2225 2668 2279 σύνολον
2707 2233 2883 2282 τοῦτο,

572 2304 632 2358 Χ.
675 2305 854 2360 Porro
893 2308 1032 2376 post
1068 2303 1370 2374 exsilium,
1406 2303 1568 2361 mille
1605 2303 1974 2360 mihirursus
2006 2303 2163 2361 intu-

2347 2313 2402 2370 l'.
2434 2317 2578 2369 Μετὰ
2610 2311 2669 2367 δὲ
2713 2317 2807 2371 τήν
2862 2311 3062 2384 ἐξορίαν
3111 2317 3304 2386 μυρίας
3350 2318 3441 2367 καὶ
3504 2313 3657 2367 πάλιν
3703 2332 3888 2365 σχαιω.

497 2390 564 2448 lit
581 2391 916 2449 calumnias
937 2397 994 2450 et
1013 2408 1336 2449 aerumnas.
1362 2393 1666 2449 interdum
1691 2393 1957 2466 quidem,
1987 2409 2137 2466 quas

2273 2409 2387 2477 ρίας
2427 2408 2516 2456 καὶ
2573 2399 2774 2471 θλίψεις
2829 2419 2919 2472 μοι
2961 2385 3205 2471 ἐπήνεγκε
3258 2443 3270 2456 .
3319 2407 3445 2455 ποτε
3484 2406 3594 2475 μὲν,
3651 2406 3720 2464 ὡς
3776 2401 3886 2454 ἐπι-

495 2480 872 2538 insidiatores
917 2482 1272 2538 excitassem
1302 2481 1407 2556 qui
1438 2498 1579 2538 eum
1609 2483 1974 2540 occiderent.
2007 2484 2135 2548 Quo

2273 2490 2485 2550 ϐούλους
2547 2485 2865 2559 διεγείραντι
2903 2495 2995 2540 τοῦ
3053 2488 3209 2540 αὐτὸν
3264 2498 3510 2560 φονεῦσαι
3539 2514 3553 2525 υ
3587 2492 3699 2545 ὃθεν
3728 2496 3820 2544 καὶ
3854 2493 3883 2550 ἡ

495 2570 653 2627 circa
689 2571 930 2628 mmcha
979 2572 1249 2643 synodus
1275 2572 1917 2630 excommunicationis
1945 2586 2135 2627 censu

2270 2571 2662 2650 μοιχοσύνοδος
2707 2573 2998 2648 ἀφορισμόν
3085 2595 3172 2648 μοι
3261 2575 3588 2639 ἐξαπέστειλε
3648 2601 3661 2614 ο
3736 2578 3887 2651 κάγώ

496 2673 630 2715 ram
661 2659 723 2715 in
761 2675 858 2716 me
889 2659 1084 2717 emisit
1113 2679 1128 2729 ;
1161 2676 1230 2718 ac
1259 2676 1372 2732 ego
1401 2662 1602 2734 ipsum
1634 2678 1731 2720 me
1755 2659 2136 2732 segregation

2268 2661 2519 2716 ὑπέϐαλον
2600 2661 2823 2735 ἐμαυτὸν
2900 2663 2968 2723 εἰς
3051 2662 3340 2737 ἀφορισμόν
3424 2665 3467 2716 εἰ
3533 2672 3769 2719 τοιοῦτόν
3837 2688 3893 2721 τι

497 2747 762 2818 subdidi,
790 2747 839 2804 si
859 2748 934 2805 de
953 2764 1266 2823 quoquam
1289 2751 1590 2823 ejusmodi
1616 2765 1809 2807 essem
1831 2744 2111 2804 conscius

2271 2747 2495 2804 σύνοιδα
2522 2768 2534 2781 °
2571 2751 2614 2804 εἰ
2645 2748 2706 2805 δὲ
2735 2757 2832 2824 μὴ,
2882 2756 3003 2813 τοὺς
3057 2758 3491 2827 σκαιωρὴσαντας
3520 2759 3609 2806 καὶ
3667 2752 3892 2807 ἐπιϐου-

497 2835 590 2892 sin
619 2837 845 2909 minus,
874 2838 1191 2895 calumniae
1219 2845 1492 2896 auctores
1521 2838 2018 2905 insidiarumque,
2058 2832 2137 2888 iis

2266 2840 2615 2914 λευσαμένους
2692 2845 2783 2894 καὶ
2871 2845 3258 2904 πιστεύσαντας
3328 2848 3416 2895 καὶ
3496 2842 3743 2918 ἀφώρισα
3795 2835 3893 2899 καἱ

495 2941 615 2998 que
652 2927 928 2984 credulos
957 2929 1478 2987 excommunicavi
1539 2932 1597 2985 et
1629 2921 2132 2984 anathematizavi

2269 2929 2619 3003 ἀνεθεμάτισα
2647 2952 2660 2964 ·
2694 2929 2870 2983 ἄλλοτε
2916 2926 2975 2983 δὲ
3005 2932 3312 3006 Βαράγγους
3340 2932 3450 3002 (l2)
3492 2931 3562 2993 εἰς
3601 2935 3688 2983 τὸν
3746 2939 3882 3005 Ναρ-

493 3015 622 3073 Alio
681 3033 820 3074 vero
865 3022 1134 3092 tempore
1181 3023 1487 3090 Barangos
1525 3019 1901 3078 Narmaram,
1952 3011 2133 3069 locun

2267 3024 2440 3094 μαράν
2489 3019 2542 3072 ὃν
2595 3019 2904 3094 ἐξωρίσθην,
2966 3018 3234 3073 ἀπέστειλε
3272 3019 3617 3091 φυλάττοντας
3660 3040 3744 3093 με,
3792 3025 3881 3074 καὶ

494 3105 686 3163 exsilii
729 3107 867 3176 mei,
896 3109 1075 3180 misit,
1117 3107 1523 3165 custoditurOs
1549 3118 1648 3160 me
1680 3119 1694 3169 ;
1724 3106 1853 3159 tum
1881 3101 2128 3159 innume

2267 3114 2458 3184 μυρίας
2515 3108 2712 3180 θλίψεις
2787 3128 2877 3180 μοι
2931 3108 3296 3183 προύξένησεν.
3354 3107 3451 3162 Ἐῶ
3519 3111 3622 3184 γὰρ
3671 3112 3734 3161 τὰ
3777 3116 3874 3170 τῆς

492 3193 709 3250 rabilia
744 3197 893 3253 mihi
919 3196 1309 3256 incommoda
1349 3190 1709 3252 conciliavit.
1755 3191 1977 3248 Omitto
2021 3207 2132 3263 qua

2267 3202 2584 3270 Τρικοκκίας
2629 3199 2764 3268 (l3),
2792 3205 2898 3258 πῶς
2957 3197 3029 3260 εἰς
3080 3196 3165 3269 ἐμὲ
3223 3201 3313 3250 καὶ
3364 3203 3456 3256 τήν
3511 3197 3703 3251 ἐκείνων
3756 3195 3876 3249 ἐπα-

494 3282 573 3340 ad
614 3285 974 3343 Tricocciam
1020 3285 1340 3360 pertinent,
1395 3295 1581 3354 quem
1613 3280 1692 3336 ad
1723 3279 1978 3336 modum
2012 3280 2134 3336 mih

2267 3287 2524 3343 νάστασιν
2602 3284 2928 3342 ἐπιτέθεικεν.
2981 3285 3043 3338 Εἰ
3111 3288 3213 3360 γὰρ
3271 3288 3443 3339 πάντα
3496 3288 3598 3339 ὅσα
3651 3305 3738 3359 μοι
3782 3303 3878 3338 πε-

493 3387 703 3429 eorum
751 3375 1008 3434 insultus
1049 3369 1428 3446 imposuerit.
1485 3371 1635 3426 Nam
1681 3370 1730 3425 si
1779 3384 2133 3442 ῳιεεοιωιιιιι

2268 3379 2486 3445 ποίηκε,
2539 3377 2630 3426 καὶ
2659 3375 2761 3425 ὅσα
2811 3376 2946 3425 κατὰ
2993 3382 3090 3436 τῆς
3117 3381 3209 3426 τοῦ
3250 3382 3384 3428 Θεοῦ
3425 3374 3737 3436 Ἐκκλησίας
3761 3372 3885 3446 ἐμη-

491 3462 553 3518 in
583 3478 680 3519 me
709 3463 958 3538 peregit,
985 3465 1048 3520 et
1077 3458 1373 3520 adversus
1413 3457 1738 3515 Ecclesiam
1779 3457 1883 3514 Dei
1917 3457 2128 3514 molitu

2270 3467 2568 3535 χανήσατο,
2628 3460 2971 3535 ἀγωνίσωμαι
3056 3461 3461 3534 ἀφηγήσασθαι,
3536 3461 3787 3534 ἐπιλείψει
3825 3481 3889 3535 με

492 3555 602 3617 est,
649 3553 868 3612 referre
893 3547 1280 3618 contendero,
1314 3551 1696 3605 enarrantem
1745 3546 1981 3604 deﬁciet
2012 3551 2127 3604 tem

2274 3551 2620 3626 διηγούμενον
2677 3553 2702 3603 ό
2780 3557 2995 3625 χρόνος.
3071 3553 3160 3606 Ἐκ
3220 3561 3320 3604 τῶν
3396 3551 3591 3606 πολλῶν
3637 3549 3698 3603 δὲ
3735 3551 3891 3624 ὀλίγα

490 3656 632 3713 pus.
662 3643 744 3698 De
783 3638 987 3700 multis
1029 3649 1173 3692 vero
1201 3651 1400 3708 pauca
1428 3636 1872 3710 repraesentavi,
1913 3641 2128 3710 propte

2269 3639 2632 3718 παρεδήλωσα
2666 3639 2760 3695 διὰ
2814 3645 2901 3694 τὸν
2946 3649 3038 3694 τοῦ
3088 3641 3246 3714 λόγου
3292 3645 3444 3716 κόρον
3475 3662 3488 3675 ο
3521 3637 3700 3699 ἐπειδὴ
3734 3644 3892 3715 κόρος

494 3721 1155 3798 εθτωοηέιίειείθιεῑεω
1189 3729 1248 3782 et
1274 3724 1663 3784 nimietatem.
1701 3741 1839 3798 quin
1871 3725 2134 3781 nimirun

2269 3730 2426 3804 λόγου
2468 3730 2714 3804 πολέμιος
2773 3737 2972 3791 ἀκοαῖς.
3029 3729 3238 3804 Ἔλεγον
3298 3727 3379 3799 δὲ,
3445 3729 3546 3782 ἀπό
3592 3749 3652 3802 γε
3680 3737 3770 3782 τοῦ
3799 3737 3891 3781 νῦν

493 3803 854 3890 ἱηίωέσᾳδιι
875 3812 1148 3872 auribus.
1176 3813 1458 3871 Dicebam
1487 3819 1709 3882 tamen,
1744 3813 1836 3870 Ab
1865 3813 1982 3870 hoc
2008 3816 2133 3869 tem

2270 3803 2539 3895 κορεσθεὶς
2561 3803 2652 3881 τῆς
2683 3818 2929 3881 ἀπονοίας
2978 3823 3068 3872 καὶ
3123 3816 3438 3892 τυραννίδος
3474 3826 3573 3881 τῆς
3623 3821 3754 3892 πρὸς
3804 3817 3891 3891 ἐμὶ

490 3902 940 3982 poliat-satiatus
982 3905 1246 3962 amentia
1275 3908 1332 3961 et
1361 3903 1681 3977 tyrannide
1712 3919 1856 3976 erga
1901 3918 1999 3959 me
2039 3919 2130 3960 ser

2269 3915 2359 3962 καὶ
2385 3918 2484 3962 τῶν
2515 3916 2607 3962 τοῦ
2648 3916 2783 3963 Θεοῦ
2834 3906 3059 3979 δούλων,
3129 3912 3217 3962 καὶ
3271 3911 3527 3962 παύσεται
3577 3912 3668 3961 καὶ
3728 3926 3885 3980 μετα-

493 4001 724 4070 vagire
767 3993 888 4062 Dei,
928 3992 1180 4065 desinet,
1237 4000 1373 4065 aget
1409 3992 1845 4066 paenitentiam,
1882 3997 1949 4048 ut
1985 3992 2133 4048 veni:

1593 3992 1845 4059 .entiam,
1882 3997 1949 4048 ut
1985 3992 2161 4048 venia
2267 4003 2468 4066 νοήσει,
2501 4003 2591 4050 καὶ
2616 4003 2935 4070 συγγνώμης
2966 3997 3233 4060 ἀξιωθείη.

731 4082 945 4155 possit.

527 4175 536 4186 ’
565 4167 652 4227 XI.
688 4170 803 4228 Sed
847 4173 1140 4245 quoniam
1195 4173 1522 4229 Ecclesiam
1550 4172 1650 4228 Dei
1705 4173 1878 4228 vertit
1907 4171 1969 4226 in
2000 4185 2106 4242 spe
2128 4200 2158 4213 -

2340 4174 2440 4230 IA'.
2483 4175 2625 4228 Ἐπεὶ
2679 4173 2739 4228 δε
2796 4179 2891 4233 τὴν
2947 4183 3039 4227 τοῦ
3090 4175 3224 4229 Θεοῦ
3272 4173 3584 4233 Ἐκκλησίαν
3624 4174 3880 4232 σπήλαιον

491 4261 738 4319 luncam
785 4261 1109 4330 latronum,
1153 4266 1212 4317 et
1239 4262 1498 4334 lupanar
1532 4261 1716 4326 ;item
1772 4275 1956 4332 quem
1988 4259 2131 4330 priu:

2268 4262 2626 4338 ἀπειργάσατο
2675 4263 2906 4336 λῃστῶν,
2986 4269 3076 4316 καὶ
3124 4271 3356 4338 πορνεῖον
3418 4285 3430 4297 ·
3490 4268 3574 4315 καὶ
3629 4263 3683 4315 ὃν
3733 4259 3879 4335 εἶχον

492 4350 1163 4418 excommunicaveram,
1179 4349 1238 4404 in
1255 4349 1398 4405 sede
1411 4364 1547 4404 mea
1567 4347 1898 4417 collocavit,
1921 4363 2132 4403 necnon

2266 4355 2752 4425 προαφωρισμένον,
2825 4351 2898 4414 εἰς
2942 4355 3027 4404 τὸν
3083 4355 3259 4428 θρόνον
3305 4371 3404 4426 μου
3462 4351 3673 4404 ἐκάθισε
3729 4374 3741 4386 ο
3790 4357 3880 4405 καὶ

495 4437 574 4494 ad
587 4437 748 4494 illam
761 4437 1128 4509 impietatem
1144 4437 1684 4507 omnimodamque
1705 4434 2022 4507 perﬁdiam
2034 4451 2135 4507 qua

2267 4441 2334 4502 εἰς
2375 4444 2570 4500 ταύτην
2623 4445 2718 4500 τὴν
2775 4439 3014 4494 ἀσέϐειαν
3056 4447 3145 4494 καὶ
3201 4441 3421 4500 παντελῆ
3486 4440 3736 4494 ἀπιστιαν
3786 4445 3881 4500 τὴν

495 4526 682 4583 Latini
723 4531 1003 4582 tenentur
1049 4530 1302 4582 conatus
1352 4530 1440 4582 est
1483 4525 1783 4580 adducere
1835 4523 2135 4580 Ecclesian

2265 4539 2365 4583 τῶν
2407 4534 2640 4585 Λατίνων
2717 4535 3015 4603 ἠγωνίσατο
3077 4537 3171 4590 τὴν
3222 4539 3313 4584 τοῦ
3373 4538 3507 4584 Θεοῦ
3555 4529 3877 4588 Ἐκκλησίαν

496 4615 617 4683 Dei,
641 4631 778 4688 qum
805 4617 1104 4672 immenso
1127 4615 1422 4684 sanguine
1449 4618 1587 4672 ante
1609 4619 1666 4670 et
1683 4618 1820 4689 post
1850 4613 2136 4671 Christum

2265 4619 2408 4689 ἄξαι,
2457 4624 2551 4679 τήν
2603 4619 2995 4693 συνειλεγμένην
3052 4625 3260 4695 μυρίοις
3307 4622 3492 4692 οἱμασι
3548 4626 3663 4682 τοῖς
3690 4623 3790 4694 πρό
3818 4638 3879 4690 γε

495 4721 567 4762 ac
605 4721 712 4778 per
758 4705 1053 4761 Christum
1094 4720 1385 4776 magnam
1422 4703 1680 4761 hostiam
1729 4703 1865 4761 fuso
1908 4704 2135 4762 collecta

2265 4717 2501 4782 Χριστοῦ
2541 4713 2631 4761 καὶ
2687 4711 2818 4781 μετὰ
2893 4713 3124 4783 Χριστὸν
3169 4714 3258 4762 καὶ
3303 4709 3462 4762 αὐτοῦ
3518 4716 3611 4761 τοῦ
3648 4708 3875 4782 μεγάλου

494 4794 605 4851 fuit
663 4813 676 4850 :
729 4795 976 4852 demum
1034 4795 1338 4866 ingentem
1400 4794 1876 4869 persecutionem
1945 4801 2134 4852 contra

2269 4802 2492 4872 θύματος
2525 4802 2652 4850 ’καὶ
2713 4802 2872 4870 μέγαν
2929 4795 2964 4850 δ
2973 4802 3164 4871 ιωγμὸν
3225 4798 3343 4850 κατ’
3399 4798 3564 4860 αύτῆς
3615 4803 3872 4867 κεκίνηκε,

494 4885 773 4942 eamdem
797 4884 1124 4942 Ecclesiam
1155 4884 1445 4949 excitavit,
1477 4889 1616 4957 post
1637 4889 1721 4942 tot
1747 4900 1942 4941 annos
1969 4901 2002 4940 a
2028 4901 2134 4958 per

2265 4889 2560 4941 παυθέντων
2628 4896 2720 4940 τῶν
2759 4884 3005 4960 διωγμῶν
3051 4891 3152 4961 πρό
3208 4891 3412 4961 χρόνων
3464 4887 3660 4940 πολλῶν
3709 4907 3722 4919 ·
3781 4892 3874 4940 καὶ

495 4975 901 5032 secutionibus
931 4979 1287 5048 :eapropter
1307 4974 1992 5031 excommunicationem
2023 4991 2133 5047 pro

2267 4977 2498 5030 ἐπιτείνω
2550 4980 2634 5029 τὸν
2711 4975 3019 5051 ἀφορισμὸν,
3071 4977 3125 5028 ὃν
3212 4981 3367 5038 αὐτὸς
3431 4978 3598 5047 ἐαυτῷ
3653 4974 3877 5028 ύπιέϐοιλ⁸

492 5065 695 5138 tendo,
726 5065 820 5121 cui
859 5064 989 5137 ipse
1019 5063 1273 5134 subjecit
1303 5079 1366 5120 se
1395 5063 1640 5136 propria
1667 5062 1990 5126 voluntate,
2023 5079 2132 5135 pro

2269 5063 2341 5119 δι’
2365 5067 2556 5120 οἰκείαν
2586 5066 2776 5140 ὄρεξιν,
2820 5063 2894 5118 δι’
2942 5065 3134 5119 οἰκείαν
3186 5065 3496 5135 ἀπόλαυσιν,
3549 5062 3622 5118 δι’
3680 5065 3873 5118 οἰκείαν

567 5209 682 5284 (1-2)
722 5211 1066 5284 ,Βαράγγουφ
1130 5211 1308 5284 Erant
1351 5209 1602 5278 Barangi
1650 5223 1756 5284 seu
1795 5208 2058 5276 Varangi
2102 5211 2160 5265 et
2268 5207 3868 5284 montesincolentibusdipost_excaa_cationemJoannis

495 5279 1218 5360 Varingi,_imperatorum
1249 5282 1606 5360 Graecorum
1629 5280 1942 5360 stipatores
1967 5285 2024 5335 et
2058 5296 2159 5336 sa-
2270 5280 2560 5360 Lascaris,
2584 5280 2872 5360 adversus
2899 5279 3238 5360 Micbaelem
3271 5279 3872 5360 Ealmologumarma

496 5349 722 5423 tellites.
761 5349 938 5423 De__iis
967 5356 1104 5423 post
1133 5351 1475 5422 Meursium,
1503 5349 1832 5423 Fabrotum
1864 5349 2154 5422 aliosque,
2268 5356 2573 5422 ceperunt,
2593 5356 2660 5423 ut
2673 5349 2920 5423 refertur
2941 5367 2977 5406 a
3007 5351 3254 5422 Georgio
3282 5349 3870 5422 Pachymere,lib.m,

497 5419 670 5495 docte
683 5435 753 5495 ac
768 5419 1121 5495 dilligenter,
1136 5427 1200 5495 ut
1211 5423 1438 5487 omnia,
1457 5419 1616 5476 idem
1639 5420 1910 5495 Fresnius
1932 5419 2136 5478 nos—ter

2269 5419 2401 5494 Gai).
2463 5426 2543 5491 13,
2593 5421 2707 5495 _ubi
2755 5419 3493 5495 Τρικοκκιώτας-’ῃρωὶηάι
3554 5426 3873 5494 Τρικοκκίας

501 5491 757 5564 historiae
782 5491 1114 5564 Byzantines
1134 5492 1460 5549 illustrator
1479 5491 1839 5564 praecipuus.
2106 5563 2111 5564 ί
2140 5491 2145 5493 ⁷
2268 5491 2470 5564 autem
2487 5491 2639 5564 arcis
2661 5491 3023 5564 mentionem
3045 5493 3182 5548 facit
3203 5492 3306 5548 lib.
3329 5509 3446 5559 xm,
3465 5491 3604 5564 cap.
3621 5497 3685 5548 33
3704 5508 3873 5563 ;quae

572 5561 690 5634 (l3)
722 5561 837 5635 *Τά
865 5570 968 5635 τῆς,
1030 5568 1355 5635 Γρικοκκίας.
1415 5561 1679 5635 Εέροηεί
1723 5562 1829 5635 de
1861 5563 2159 5620 Tricoccia

2267 5564 2390 5635 duo
2419 5563 2550 5619 loca
2575 5563 2726 5635 inter
2764 5579 2831 5635 se
2876 5563 3094 5635 collata
3122 5561 3619 5635 Tricocciotarum
3643 5561 3869 5619 nomen

501 5647 635 5690 arce
673 5632 842 5689 circa
905 5632 1184 5698 Nicaeam,
1226 5639 1283 5690 et
1327 5632 1720 5704 Tricocciotis,
1767 5633 2157 5708 Nicaenosque
2265 5633 3871 5705 illustrant,hominibusinsigniterlitteratisobscurum
