4152 6384
519 278 621 339 963
1780 267 2131 326 GEORGIUS
2169 261 2628 322 ACROPOLITA.
3776 261 3889 315 964

507 404 891 462 Precationes
927 399 1060 470 XIII,
1102 411 1256 469 quas
1303 393 1565 452 Michaeli
1605 390 1961 461 Palaeologo,
2006 390 2219 446 urbem
2269 388 2477 461 Cpolin
2537 385 2801 453 intranti,
2844 399 2906 439 se
2973 382 3395 456 composuisse
3449 385 3674 451 narrat,
3735 398 3789 439 c.
3811 385 3883 438 87

507 494 792 550 Historiae
816 494 872 547 et
901 490 1105 545 Oratio
1126 487 1198 543 de
1227 490 1459 553 recepta
1489 483 1666 552 Cpoli
1695 481 1867 550 cujus
1899 482 2324 546 argumentum
2356 494 2487 550 cap.
2521 479 2590 531 89
2622 475 2820 543 refert,
2857 474 3308 530 interciderunt.
3344 471 3658 527 Addantur
3691 489 3703 526 :

582 582 787 638 Oratio
809 581 871 634 in
894 578 1181 646 templum
1213 574 1539 629 Dominicae
1577 571 2029 628 resurrectionis
2061 566 2554 630 mstauralum,in
2595 565 2896 632 cod.3088,
2939 562 3306 634 publ.Paris.
3351 561 3692 631 Logotheta:
3719 562 3882 618 dom.

511 672 747 742 Georgii
763 667 1122 736 Acropolita’
1141 664 1384 721 iambici
1414 677 1618 718 versus
1651 658 1821 726 LXIII,
1845 658 1948 730 qui
1997 662 2136 712 sunt
2179 655 2546 712 Praefationis
2611 655 2744 710 loco
2797 653 2858 708 in
2907 650 3199 708 Theodori
3260 650 3528 705 Lascaris
3570 650 3884 711 Epistolas.

507 738 960 817 Tuvaascaris
990 753 1252 827 epistolae
1282 755 1370 819 38,
1405 749 1482 806 ad
1515 763 1808 819 magnum
1834 745 2266 818 philosophum
2302 745 2464 800 Dom°
2501 744 2716 812 Georg.
2756 741 3172 810 Acropotitam
3215 743 3351 794 ante
3376 738 3691 795 Marcionis
3721 739 3887 810 lega-

511 850 737 906 tionem
769 847 847 903 ad
875 825 1172 900 Joannem
1202 843 1454 906 Ducam,
1496 836 1824 907 Florentiae,
1846 835 1908 890 in
1938 835 2070 890 cod.
2106 835 2380 900 Laurent,
2405 831 2610 888 Medic.
2644 836 2731 898 35,
2769 829 2916 903 plut.
2951 831 3016 884 59
3061 842 3248 900 quem
3297 825 3546 898 copiose
3607 831 3886 884 recenset

511 936 768 994 Bandin.
801 935 862 989 in
893 937 990 989 cat
1023 974 1034 988 .
1068 931 1246 988 codd.
1272 932 1371 986 Gr.
1409 930 1474 984 H.
1503 943 1564 999 p.
1602 930 1704 981 555
1739 941 1830 996 sq.

585 1025 890 1096 Ἐπιτάφιος
926 1029 998 1093 τῷ
1034 1017 1262 1092 ἀοιδίμῳ
1303 1015 1522 1091 βασιλεῖ
1543 1022 1684 1087 κυρῷ
1728 1012 1937 1085 Ἰωάννῃ
2013 1019 2086 1082 τῷ
2149 1017 2225 1064 Δοπ

2239 1013 2320 1083 ικᾳ
2382 1012 2444 1065 in
2507 1008 2646 1067 cod.
2715 1008 2986 1066 Naniano
3050 1007 3177 1075 281,
3241 1020 3304 1061 n.
3372 1007 3494 1062 109.
3560 1007 3627 1064 ν.
3689 1006 3879 1072 Catal,

512 1113 691 1172 codd.
713 1114 806 1170 Gr.
841 1115 1012 1181 Nan.,
1045 1124 1184 1183 pag.
1223 1111 1348 1164 474.

581 1199 1083 1277 Ερισηροσκώληκος
1123 1197 1359 1268 Georgii
1412 1193 1747 1264 Logothetae
1809 1188 2200 1262 interpolator

2256 1188 2332 1277 do
2386 1204 2448 1244 se
2504 1189 2682 1261 ipso:
2750 1186 3054 1262 Παραϐολαὶ
3119 1185 3256 1238 κατὰ
3314 1184 3548 1260 Μάρκον,
3583 1183 3885 1252 Leidaa,in

510 1276 659 1360 bibl,
702 1289 872 1364 publ.
904 1289 1054 1345 inter
1083 1285 1261 1342 codd.
1295 1283 1569 1340 Vossian.
1602 1280 1747 1336 Vide
1771 1278 1952 1336 Catal.
2006 1278 2165 1334 illius
2188 1276 2358 1343 bibl.,
2393 1293 2453 1350 p.
2488 1282 2612 1345 402,
2639 1294 2702 1334 n.
2756 1282 2846 1336 n.

582 1379 843 1451 Gregorii
864 1375 1215 1434 Nazianzeni
1243 1374 1541 1431 orationes
1571 1375 1655 1438 16,
1689 1385 1830 1425 cum
1853 1366 2157 1440 perpetuis
2197 1365 2459 1439 scholiis,
2489 1366 2551 1422 in
2583 1371 2807 1424 catenae
2834 1365 3089 1422 modum
3118 1360 3676 1433 contextis,Georgii
3701 1363 3886 1419 Acro-

504 1450 736 1541 politae,
762 1466 1020 1524 Maximi
1047 1463 1404 1534 confessoris
1426 1467 1479 1518 et
1530 1458 1752 1515 Basilii
1801 1457 2053 1522 minimi,
2097 1457 2380 1512 Caesareae
2433 1455 2720 1528 episcopi,
2771 1453 2907 1511 cod.
2956 1451 3248 1517 Naniano,
3299 1452 3436 1506 cod.
3465 1453 3556 1507 64.
3604 1450 3740 1506 Vid.
3777 1453 3880 1509 Ca-

509 1537 609 1616 tal.
639 1537 817 1615 codd.
851 1558 944 1613 Gr.
977 1558 1124 1612 Nan.
1167 1567 1309 1626 pag.
1348 1553 1466 1608 114.
1499 1548 1650 1606 Add.
1678 1546 1836 1604 infra
1864 1545 1939 1602 de
1993 1543 2274 1615 Gregorio
2301 1543 2572 1601 Nazianz.
2631 1545 2735 1602 lib.
2791 1559 3016 1616 v,-cap.
3070 1545 3156 1610 13,
3185 1537 3303 1596 vol.
3356 1537 3464 1606 Vll,
3498 1554 3558 1611 p.
3584 1539 3686 1596 540
3737 1539 3882 1596 edit.

508 1651 624 1705 vet.
695 1651 867 1702 ΒΑΜ..

861 1724 1047 1791 ledex
1070 1718 1482 1803 episcoporum
1511 1733 1566 1785 et
1591 1727 1852 1785 aliorum
1875 1723 2295 1796 quorumdam,
2327 1723 2393 1778 in
2425 1723 2794 1794 Acropotitao
2813 1720 3088 1779 Historia
3124 1722 3609 1774 memoratarum.

1509 1815 1800 1890 (Numeris
1815 1812 2032 1886 capita,
2065 1827 2190 1870 non
2218 1813 2457 1884 paginae
2489 1811 2927 1885 designantur.)

579 1913 921 1987 Acropolita
949 1911 1024 1968 de
1056 1927 1118 1967 se
1147 1924 1279 1982 cap.
1312 1909 1403 1979 27,
1435 1909 1527 1975 29,
1557 1907 1646 1976 32,
1701 1907 1789 1973 39,
1841 1905 1912 1955 Τὸ
1936 1905 2080 1974 γένος
2121 1920 2213 1974 περ

2243 1903 2415 1974 φανὲς,
2464 1918 2654 1973 genus
2705 1903 2835 1974 ejus
2876 1902 3104 1961 illustre
3129 1909 3218 1962 32.
3253 1898 3607 1987 Imperatori
3632 1897 3883 1969 iunctus

509 1982 817 2071 afﬁnitate,
848 2006 936 2059 70.
959 1997 1360 2074 Imperatoris,
1392 1993 1641 2052 Joannis
1697 1995 1977 2053 Vatatzaa,
2013 1991 2259 2045 nomine
2285 1989 2566 2061 epistolas
2614 1991 2850 2065 scripsit
2875 1995 2933 2048 et
2984 1991 3440 2065 imperatorium
3490 1985 3752 2057 sigillum
3771 1982 3882 2038 im-

505 2093 744 2168 pressit,
774 2094 863 2159 44,
895 2093 982 2146 49.
1011 2073 1200 2145 Judex
1215 2087 1290 2142 de
1320 2083 1487 2142 Mich.
1518 2082 1958 2168 Comneno,_30.
1988 2081 2050 2132 In
2075 2077 2368 2168 “theodori
2394 2079 2675 2143 Junioris,
2703 2095 2888 2152 quem
2909 2080 2971 2136 in
2994 2081 3192 2152 logica
3235 2078 3554 2153 disciplina
3616 2073 3886 2130 institue.

505 2163 617 2254 rat,
641 2179 1118 2251 indignationem
1148 2173 1374 2239 incidit,
1408 2175 1499 2227 63.
1531 2169 1594 2224 Ei
1617 2165 2055 2231 reconciliatur,
2097 2164 2241 2254 ibid.
2303 2167 2515 2254 Praetor
2574 2167 2906 2223 Occidentis
2952 2171 3335 2239 constitutus,
3370 2172 3458 2241 66,
3507 2169 3598 2234 67,
3628 2166 3713 2228 68,
3779 2163 3871 2214 70.

505 2245 846 2335 Aldichaele
870 2263 1157 2340 perduelli
1191 2266 1422 2334 captus,
1453 2263 1543 2325 72,
1581 2259 1649 2310 79
1674 2259 1761 2311 83.
1791 2254 2045 2340 Legatus
2071 2251 2149 2307 ad
2181 2252 2620 2322 Constantium,
2646 2254 3041 2323 Bulgarorum
3062 2257 3422 2329 principem,
3475 2258 3563 2311 84.
3616 2245 3884 2308 Michaeli

509 2363 818 2418 Comneno
840 2339 1200 2412 solemnium
1223 2363 1471 2423 precum
1492 2339 2084 2402 tredecimformulas
2119 2340 2573 2412 componitpost
2595 2346 2837 2414 captam
2862 2344 3094 2414 Cpolin,
3117 2348 3204 2400 87.
3225 2345 3521 2401 Orationis
3549 2342 3623 2398 de
3644 2341 3885 2410 recepta

511 2448 717 2521 Copoli
745 2445 1189 2515 argumentum,
1214 2440 1301 2494 89.
1328 2439 1518 2492 Duces
1549 2431 1927 2490 exercituum
1956 2445 2067 2486 nec
2093 2428 2342 2486 omnino
2389 2429 2731 2487 laudandos
2773 2431 3025 2504 judicat,
3100 2448 3212 2489 nec
3263 2431 3716 2507 vituperandos,
3777 2424 3883 2482 sed

511 2536 718 2595 omnia
740 2533 842 2588 Dei
861 2535 1011 2588 nutu
1029 2529 1180 2592 ﬁeri,
1213 2530 1302 2595 44,
1327 2529 1418 2582 46.

581 2621 956 2680 Andronicus
983 2620 1349 2685 Comnenus,
1391 2609 1689 2669 Michaelis
1724 2610 1874 2680 imp.
1900 2606 2079 2677 ﬁlius,
2108 2609 2198 2662 89.

582 2711 964 2768 Andronicus
988 2705 1233 2773 Muzalo,
1264 2718 1527 2773 magnus
1547 2698 1936 2764 domesticus,
1970 2699 2058 2752 63.

582 2800 979 2867 Andronicus,
1013 2795 1328 2855 Sardensis
1357 2792 1698 2865 episcopus,
1727 2792 1820 2846 84.

582 2892 886 2957 Arsenius,
918 2905 949 2946 e
971 2887 1276 2945 monacho
1303 2899 1426 2940 una
1453 2878 1840 2938 hebdomade
1870 2877 2186 2945 diaconus,
2212 2873 2494 2931 sacerdos
2544 2879 2600 2930 et
2655 2874 3020 2947 patriarcha,
3063 2879 3150 2932 53.
3174 2873 3555 2932 Theodorum
3579 2867 3888 2941 iuniorem

510 2983 681 3050 ibid.,
713 2985 771 3037 et
796 2954 965 3037 Mich.
989 2979 1365 3034 Comnenum
1392 2973 1660 3040 coronat,
1693 2973 1785 3025 77.
1811 2964 2147 3039 Depositus,
2177 2965 2266 3018 84.
2293 2962 2625 3035 Nicephoro
2655 2964 2946 3020 exstincto
2971 2963 3190 3021 iterum
3218 2961 3549 3025 restitutus,
3572 2957 3720 3013 ibid.
3771 2954 3889 3012 Sed

513 3072 678 3146 Cpoli
693 3075 934 3143 recepta
953 3069 1196 3136 absens,
1223 3067 1309 3120 88.

583 3165 782 3217 Aurea
820 3132 1004 3226 bulla,
1045 3171 1082 3213 a
1103 3132 1332 3211 Joanne
1359 3155 1524 3208 Duca
1550 3150 1701 3220 imp.
1727 3142 2217 3203 Melenicensibus
2247 3140 2412 3211 data,
2439 3144 2534 3199 44.
2565 3141 2693 3198 Alia
2711 3141 3029 3199 ﬁrmandis
3054 3136 3669 3200 Thessalonicensium
3688 3132 3872 3205 privi-

517 3250 710 3322 legiis,
739 3251 830 3303 45.

588 3311 859 3395 Dalduini
878 3334 1024 3406 imp.
1079 3329 1370 3388 interfecti
1439 3329 1623 3400 caput
1671 3321 1887 3381 Joanni
1931 3319 2077 3391 regi,
2116 3334 2227 3392 pro
2286 3317 2528 3392 poculo,
2593 3323 2676 3376 13.
2733 3319 2917 3391 Regia
2979 3318 3240 3391 insignia
3299 3316 3465 3392 Cpoli
3515 3314 3712 3386 capta,
3785 3311 3879 3364 86.

587 3423 1008 3484 Constantinus
1037 3419 1361 3486 Cabasilas,
1385 3415 1656 3474 Achridis
1686 3410 1975 3482 Bulgariae
1998 3408 2514 3482 archiepiscopus,
2536 3411 2626 3465 80.

585 3519 843 3574 Joannes
869 3515 1236 3577 Camaterus,
1254 3506 1601 3582 patriarcha
1621 3501 1814 3575 Cpol.,
1836 3515 1970 3572 cap.
2001 3503 2054 3555 6.

586 3604 929 3676 Campanus
959 3597 1350 3660 δυσνούστατος
1381 3597 1517 3650 κατὰ
1541 3597 1628 3646 τὸν
1653 3592 1883 3664 κωμικὸν
1908 3586 2226 3660 (Aristoph.

1477 3597 1517 3649 ’ἁ
1541 3597 1628 3646 τὸν
1653 3592 1883 3664 κωμικὸν
1908 3586 2254 3660 (Aristoph.)
2283 3586 2327 3639 εἰ
2362 3606 2451 3641 και
2499 3591 2572 3661 μὴ
2598 3587 2997 3659 κλεπτίστατος,
3028 3590 3117 3645 45-

590 3695 952 3768 Chrysopus,
973 3691 1112 3762 equi
1131 3703 1376 3753 nomen,
1403 3691 1492 3742 61.

589 3765 990 3852 Constantius,
1006 3778 1478 3852 Mesopotamita,
1502 3769 1883 3844 metropolita
1910 3765 2476 3835 Thessalonicensis,
2507 3769 2597 3823 21.

589 3873 874 3933 Cosmidii
902 3869 1334 3928 monasterium
1357 3881 1543 3940 prope
1564 3863 1966 3924 Blachermas,
2010 3857 2097 3911 88.

591 3965 744 4022 Crux
768 3959 1156 4035 imperatoria
1193 3973 1231 4014 a
1257 3956 1526 4027 Bulgaris
1565 3959 1760 4027 capta,
1795 3954 1886 4010 11.

592 4058 750 4130 Κύριε
778 4042 1007 4115 iliacos,
1042 4047 1264 4104 centies
1284 4044 1622 4118 repetitum,
1660 4046 1749 4100 88.

593 4112 945 4210 Demetrius,
977 4112 1268 4208 Bulgaria)
1288 4112 1806 4207 archiepiscopus,
1835 4133 1928 4188 21.
1948 4131 2264 4203 Αὐτόνομος,
2299 4124 2442 4183 ibid.
2474 4122 2672 4195 [Alius
2693 4120 3048 4193 Demetrius,
3074 4117 3368 4176 Theodori
3394 4115 3576 4184 ﬁlius,
3607 4112 3892 4185 despota,

522 4245 658 4304 cap.
695 4228 814 4301 45.]

592 4292 698 4376 ὗεν
721 4292 992 4374 dulleum
1026 4318 1080 4370 et
1109 4312 1338 4369 ferrum
1367 4309 1637 4367 candens
1667 4307 1972 4380 purgatio,
2017 4311 2104 4363 50.
2146 4306 2242 4359 Διὰ
2273 4303 2490 4357 θανὰτου
2544 4299 2794 4372 ἓγγελχος
2817 4313 2927 4372 per
2955 4297 3166 4356 mortis
3193 4297 3500 4355 intentataa
3525 4292 3894 4366 praesentem

521 4412 796 4468 mentum
820 4401 1097 4478 quaestio,
1130 4399 1275 4456 ibid.

595 4468 895 4569 ’E'yxbxhog
917 4468 1222 4560 παίδείδσις,
1248 4491 1338 4544 29.
1361 4487 1724 4560 Μαθημάτιων
1756 4489 1847 4540 καί
1871 4483 2172 4560 ὑψηλοτέρα
2189 4488 2288 4536 τῶν
2324 4468 2489 4553 λόγων
2523 4472 2821 4549 παίδευσις,
2869 4478 2957 4532 32.

594 4588 834 4644 Festum
859 4576 1421 4650 Transﬁgurationis
1457 4575 1689 4648 Christi,
1728 4579 1817 4633 63.

592 4674 878 4745 Georgius
890 4669 1072 4739 Clida,
1096 4666 1281 4739 Cyzici
1306 4665 1707 4739 metropolita,
1756 4667 1845 4722 88.

595 4765 930 4821 Germanus
956 4755 1319 4832 patriarcha,
1343 4759 1430 4827 33,
1452 4758 1542 4812 42.

595 4852 890 4912 Gradibus
919 4848 999 4906 ad
1027 4845 1292 4904 Ecclesia
1312 4843 1627 4918 prohibitis
1659 4840 1967 4900 connubia
1988 4836 2450 4913 imperatoribus
2471 4835 2920 4910 permittuntur,
2944 4837 3031 4891 50.

596 4944 891 5020 Γράμματα
927 4937 1172 5014 ἐρωτικά,
1204 4937 1293 4990 68.

595 5029 914 5107 Hyacinthi
947 5023 1378 5084 monasterium
1399 5026 1483 5091 10,
1520 5025 1604 5094 18,
1624 5024 1713 5078 42.

596 5091 1002 5196 Imperatoriae
1041 5115 1271 5181 litterae,
1299 5112 1484 5169 rubro
1523 5091 1911 5182 consignatae,
1942 5107 2033 5175 26,
2102 5110 2215 5196 38.7
2258 5108 2610 5178 Imperator,
2643 5104 2814 5159 scuto
2842 5097 3135 5170 insidens,
3169 5095 3600 5170 proclamatur,
3658 5091 3752 5161 53,
3799 5095 3899 5146 77.

599 5195 787 5280 Irene,
808 5204 1190 5281 imperatoris
1213 5217 1404 5272 soror,
1437 5217 1499 5258 in
1525 5201 1862 5257 monastico
1885 5197 2092 5255 habitu
2119 5195 2386 5267 Eulogia,
2414 5198 2502 5252 86.

595 5301 876 5365 Joannes,
900 5292 1453 5364 Hierosolymorum
1479 5292 1879 5358 rex,27.Hunc
1899 5287 2202 5357 octoginta
2221 5301 2416 5344 annos
2430 5285 2643 5341 natum
2663 5283 2720 5337 et
2739 5277 2899 5338 mole
2916 5277 3183 5351 corporis
3196 5275 3548 5347 viribusque
3560 5271 3896 5343 insignem,

527 5387 672 5446 vidit
702 5393 758 5443 et
785 5388 1038 5443 miratus
1063 5387 1154 5439 est
1175 5380 1532 5454 Acropolita,
1574 5379 1720 5434 ibid.

599 5475 967 5545 Joannicius,
1001 5473 1323 5546 episcopus
1351 5468 1910 5541 Philadelphiensis,
1950 5470 2040 5524 84.

599 5567 857 5623 Joannes
893 5538 1348 5633 Macr-otesfquo
1379 5557 1458 5616 ad
1486 5538 1766 5639 epistolas
1795 5556 2003 5629 magni
2028 5552 2319 5613 momenti
2343 5547 2696 5610 scribendas
2734 5565 2879 5607 usus
2903 5549 3161 5605 Joannes
3227 5543 3496 5603 Vatatzes
3546 5540 3733 5613 imp.,
3787 5538 3888 5594 48.

528 5656 721 5716 Judex
756 5654 832 5715 de
861 5652 1030 5710 Mich.
1063 5651 1413 5720 Commeno,
1447 5652 1535 5708 50.
1731 5655 1735 5659 '
