4152 6402
257 326 363 380 965
1795 312 2091 375 ΝΟΤιΤιΑ.
3520 320 3621 378 965

325 442 630 515 Josephus
662 440 1135 513 Mesopotamita,
1165 439 1623 509 grammaticus.
1650 441 1739 495 49.

322 529 725 602 Jurisjurandi
756 529 1038 595 formula,
1081 531 1156 601 μὰ
1183 533 1301 590 τοὺς
1325 528 1529 600 λόγους,
1560 534 1649 584 65.

323 619 555 678 Manuel
579 618 867 688 Lascaris,
894 618 1047 673 inter
1077 618 1411 674 monachos
1441 618 1677 675 Maximi
1709 632 1932 673 nomen
1962 616 2233 685 adscivit,
2264 619 2349 673 59.
2386 617 2869 687 Protosebastus,
2899 623 2990 679 60.

207 748 220 758 .
324 708 577 777 Manuel,
609 706 1165 763 Thessalonicensis
1206 707 1409 779 episc.,
1448 710 1534 762 84.

323 797 575 866 Manuel,
598 795 961 868 patriarcha,
1002 799 1086 851 18.
1121 795 1356 852 Maximi
1384 810 1716 866 successor,
1764 798 1850 851 19.
1907 796 2049 850 Vere
2097 793 2183 850 vir
2234 794 2650 867 philosophus,
2696 797 2841 852 ibid.
2897 796 3113 854 Pietate
3180 800 3453 869 insignis,
3502 800 3631 875 liceo

249 887 477 944 litteras
509 901 727 958 parum
757 884 970 940 doctus
994 888 1051 940 et
1080 885 1253 940 uxori
1274 885 1546 955 junctus,
1580 885 1668 943 51.
1700 886 1961 940 Mortuus
1992 883 2176 955 paulo
2211 888 2345 940 ante
2376 884 2802 956 imperatorem
2825 888 3117 943 Joannem
3166 889 3488 956 Vataztem,
3542 894 3607 945 53

324 972 675 1041 Methodius,
704 971 1057 1028 monasterii
1080 973 1393 1043 Hyacinthi
1425 972 1640 1040 abbas,
1685 972 2028 1044 patriarcha
2056 988 2163 1045 per
2184 976 2299 1029 tres
2323 989 2563 1029 menses
2588 973 2777 1047 Cpol.,
2808 978 2897 1032 42.

323 1062 517 1120 Marias
550 1061 922 1131 Hodegetriae
953 1061 1182 1131 imago,
1209 1064 1301 1117 88.

324 1149 618 1208 Michaelis
650 1148 998 1219 archangeli
1037 1148 1359 1221 templum,
1382 1153 1473 1217 22,
1506 1152 1594 1206 85.

322 1238 566 1295 Michael
586 1238 983 1294 Auctorianus
1012 1238 1369 1308 patriarcha.
1430 1238 1513 1293 19.
1572 1240 1766 1309 Λόγοις
1822 1257 1962 1311 τυγχ

1988 1242 2120 1310 ἑνων,
2179 1244 2266 1293 καὶ
2321 1242 2497 1302 πάσης
2553 1250 2761 1316 γραφῆς
2811 1245 3054 1318 ἔμπειρος
3109 1251 3205 1307 τῆς
3260 1263 3314 1297 τε
3371 1245 3628 1319 ἡμετέρας

266 1333 357 1381 καὶ
385 1335 479 1389 τῆς
514 1328 751 1402 θύραθεν,
778 1329 833 1382 6.
3530 1340 3631 1403 ζξεῖ

326 1414 572 1473 Michael
622 1415 967 1471 Comnenus
1019 1414 1389 1485 Palaeologus
1418 1414 1841 1488 purgationem
1870 1431 1977 1489 per
2002 1417 2223 1475 ferrum
2250 1419 2520 1476 candens
2542 1420 2867 1493 prudenter
2898 1421 3180 1489 declinat,
3218 1426 3306 1479 50.
3336 1423 3479 1494 Ejus
3497 1424 3633 1497 epi-

256 1505 431 1575 stola,
462 1507 549 1561 64.
584 1504 815 1576 Scripto
852 1507 1016 1560 tomo
1046 1519 1083 1560 a
1111 1504 1451 1576 patriarcha
1481 1508 1537 1560 et
1560 1504 1690 1560 aliis
1719 1505 2016 1578 episcopis
2046 1507 2127 1563 ad
2150 1508 2469 1582 imperium
2492 1510 2945 1583 suscipiendum
2974 1512 3274 1583 invitatur,
3320 1516 3409 1571 76.
3476 1513 3634 1585 Cpoli

256 1598 498 1665 recepta
524 1592 935 1665 patriarcham
956 1592 1019 1648 in
1050 1596 1293 1649 tronum
1322 1593 1597 1663 restituit,
1628 1594 1720 1650 89.

331 1681 838 1749 Morotheodorus,
863 1686 920 1738 7.

333 1773 502 1827 Joan.
524 1770 769 1840 Muzalo,
797 1772 829 1827 ὁ
849 1771 1106 1844 mystico
1138 1771 1499 1841 monachus,
1531 1775 1620 1828 40.

338 1860 619 1931 Georgius
646 1858 892 1929 Muzalo,
918 1860 1012 1917 75.
1058 1894 1063 1899 -

335 1948 711 2005 Andronicus
740 1948 992 2019 Muzalo,
1021 1951 1114 2004 63.

338 2037 736 2109 Mitylenensis
763 2037 1275 2111 archiepiscopus,
1310 2040 1399 2093 74.

339 2127 623 2196 Nazartei,
654 2141 766 2198 pro
796 2126 1134 2196 monachis,
1166 2130 1252 2182 42.

340 2223 711 2297 Nicephorus
735 2223 1464 2297 Alyates,grammaticus,
1495 2226 1585 2279 49.
1611 2222 1929 2280 Praefectus
1969 2219 2235 2291 caniclei,
2267 2221 2359 2289 75,
2385 2224 2474 2277 79.

338 2313 706 2386 Nicephorus
729 2312 1103 2380 Blemmides,
1127 2312 1525 2385 philosophus
1562 2312 2114 2375 excellentissimus,
2150 2309 2212 2365 in
2238 2308 2447 2380 logicis
2478 2307 2829 2381 Acropolitae
2850 2315 3203 2384 prteceptor,
3265 2317 3353 2369 32.
3407 2317 3632 2373 Praece-

272 2404 407 2474 ptor
430 2400 609 2457 etiam
628 2400 1198 2458 TheodoriJunioris
1228 2400 1401 2472 imp.,
1424 2400 1897 2472 patriarchatum
1929 2398 2092 2457 CPol.
2125 2399 2367 2471 respuit,
2394 2402 2479 2454 53.
2511 2398 2730 2471 Ephesi
2758 2404 3055 2468 versatus,
3089 2404 3178 2456 87.

336 2488 704 2561 Nicephorus
735 2504 807 2545 ex
837 2488 1216 2561 metropolita
1247 2489 1545 2561 Ephesino
1566 2489 1929 2562 patriarcha,
1961 2493 2049 2546 84.
2082 2492 2210 2545 Non
2239 2503 2347 2561 per
2366 2503 2596 2544 annum
2636 2488 2956 2560 integrum,
2990 2489 3134 2547 ibid.

340 2578 731 2651 Nicephorus,
765 2578 1188 2647 Tarchoniata,
1218 2593 1479 2648 magnus
1505 2578 1890 2645 domesticus,
1915 2583 2003 2643 36,
2043 2582 2132 2634 40.

342 2667 639 2738 Nicolaus,
671 2668 943 2725 medicus
968 2667 1189 2734 bonus,
1218 2667 1619 2740 philosophas,
1642 2667 1831 2738 rudis,
1862 2672 1949 2725 39.
1981 2668 2271 2738 Dignitate
2297 2666 2617 2733 actuarius,
2643 2665 2764 2723 sive
2777 2666 3048 2724 medicus
3067 2668 3468 2743 imperatoris,
3483 2672 3629 2730 ibid.

338 2758 682 2815 Palmarum
712 2758 808 2814 die
833 2757 1258 2830 triumphantis
1296 2773 1463 2814 more
1495 2758 1707 2814 urbem
1728 2756 1964 2827 ingredi
1993 2756 2199 2813 solitus
2228 2755 2573 2828 imperator,
2601 2758 2686 2810 52.

343 2849 527 2919 Papa,
550 2850 605 2913 2,
633 2847 720 2911 14,
751 2847 833 2903 17.

346 2936 701 2992 Patriarchae
724 2935 802 2991 ab
826 2936 1292 3009 imperatoribus
1317 2936 1570 2994 libenter
1591 2936 1987 3004 asciscuntur,
2010 2936 2115 3009 qui
2143 2932 2453 2990 desideriis
2502 2947 2712 2989 eorum
2762 2948 2885 2990 non
2928 2933 3323 3007 refragentur,
3378 2939 3467 2993 42.
3516 2940 3632 2994 Nec

274 3024 457 3080 nimis
485 3024 744 3094 sapiant,
777 3029 862 3081 53.

348 3112 638 3184 Pelagius,
669 3112 923 3183 legatus,
956 3115 1079 3171 sive
1112 3115 1358 3172 nuntius
1388 3115 1688 3189 pontiﬁcis
1718 3118 1912 3187 Rom.,
1939 3121 2023 3172 17.

344 3204 513 3258 Joan.
547 3201 932 3275 Petraliphas,
962 3219 1222 3274 magnus
1247 3204 1665 3272 chartularius,
1687 3204 1812 3262 sive
1842 3203 2257 3273 cancellarius,
2279 3202 2369 3273 37,
2400 3205 2490 3259 40.

342 3290 582 3348 Phidias
616 3292 959 3359 statuarius,
992 3296 1081 3361 50,

343 3380 591 3447 Phocas,
617 3380 996 3454 metropolita
1030 3381 1588 3455 Philadelphiensis,
1622 3386 1712 3439 50.

343 3469 527 3526 Poeta
549 3469 909 3542 (Homerus),
933 3475 1023 3538 55,
1047 3474 1136 3538 63,
1170 3475 1262 3528 69.

342 3558 659 3615 Praxiteles
686 3560 1027 3627 statuarius,
1068 3560 1159 3616 50.

346 3648 683 3704 Proverbia:
717 3648 835 3701 Ἐπὶ
867 3648 1025 3722 ξυροῦ
1052 3653 1116 3705 in
1173 3652 1301 3706 acie
1354 3650 1686 3720 novacula,
1741 3654 1795 3721 9,
1852 3654 1941 3707 65.

2002 3651 2085 3702 Ἐν
2148 3656 2308 3720 στενῷ
2358 3664 2452 3703 res
2487 3647 2552 3704 in
2601 3647 2894 3718 angustiis
2950 3649 3306 3718 constitutas,
3365 3655 3452 3707 59.
3518 3654 3639 3718 ,Επὶ

272 3735 458 3807 κύϐου,
490 3753 735 3804 securae,
774 3737 915 3793 ibid.
948 3737 1193 3812 Στρεϐλὸν
1233 3738 1403 3805 ξύλον,
1466 3738 1643 3792 οὔποτ’
1694 3737 1865 3812 ὀρθὸν,
1916 3745 2004 3792 καὶ
2053 3740 2080 3791 ὁ
2133 3737 2342 3808 Αἰθίωψ
2386 3736 2481 3789 οὐκ
2544 3733 2683 3789 οἶδεν
2739 3736 3120 3803 λιυκαίνεσθαι,
3179 3740 3270 3794 49·
3326 3743 3491 3798 Σκηνὴ
3549 3748 3642 3793 τοῦ

278 3821 545 3899 δράματος
591 3824 657 3885 εἰς
707 3822 1008 3900 τραγῳδίαν
1060 3831 1457 3900 μεμοκφωμὲνη,
1527 3830 1618 3885 63.
1700 3826 1858 3903 Ἑρὼν
1906 3826 2063 3900 ἄκων,
2149 3828 2240 3895 84,
2291 3830 2537 3900 Φρόνημα
2616 3830 2705 3877 καὶ
2776 3821 2911 3886 εἶδος
2992 3823 3299 3901 τυραννίδος
3368 3827 3531 3895 ἄξιον,
3616 3828 3643 3882 ὃ

280 3919 414 3985 φησί
443 3932 523 3974 τις
552 3920 653 3965 τῶν
687 3914 939 3982 παλαιῶν,
969 3919 1034 3971 65
1091 3919 1387 3979 Φυζακινῆς
1443 3914 1629 3989 ἐλάφου
1696 3912 1922 3989 κραδίην
1979 3917 2138 3989 ἔχων,
2196 3918 2279 3971 39.
2336 3916 2430 3966 Διὰ
2485 3917 2671 3987 μικρόν
2730 3933 2783 3965 τι
2837 3910 3019 3986 κέρδος
3062 3919 3121 3967 τὸ
3180 3915 3348 3988 φιλίας
3391 3914 3643 3992 ἀπορῥίπ-

280 4022 380 4055 των
412 4007 500 4055 καὶ
540 4008 845 4056 καταπᾶτῶν
874 4004 1142 4073 κύπελλον,
1171 4009 1469 4063 70.Πᾶσαν
1500 4008 1750 4077 μηχανὴν
1782 4010 1872 4059 καὶ
1916 4007 2089 4060 πάντα
2138 4003 2307 4057 κάλων
2368 4010 2547 4073 κινεῖν,
2594 4006 2684 4058 81.
2735 4005 2834 4056 Τὸν
2876 4009 2996 4079 περὶ
3045 4004 3235 4076 ψυχῆς
3286 4008 3516 4080 τρέχειν,
3547 4008 3639 4062 81.

346 4088 666 4167 Σωσάνδρων
695 4093 1151 4166 monasterium,
1181 4095 1272 4151 88.

348 4181 536 4239 Studii
572 4184 1026 4251 monasterium,
1060 4186 1146 4240 88.

346 4271 691 4328 Theodorus
712 4273 918 4329 Junior
950 4274 1120 4345 imp.,
1144 4271 1289 4336 ἀετὸς
1320 4275 1494 4348 ταχὺς
1523 4289 1561 4331 a
1582 4273 1867 4331 militibus
1890 4274 2252 4348 appellatus,
2281 4276 2369 4330 58.
2402 4271 2569 4329 Morti
2619 4270 2857 4329 vicinus
2916 4272 2980 4329 in
3026 4273 3396 4346 poenitentiae
3457 4274 3645 4332 ﬁdem

273 4361 559 4419 monachi
596 4360 792 4417 induit
810 4361 1108 4431 habitum,
1142 4366 1233 4419 74.

336 4448 536 4507 Theod
545 4466 681 4506 orus
699 4451 1130 4523 Exapterygus,
1142 4451 1494 4526 Acropolitee
1506 4456 1857 4528 praeceptor,
1869 4452 1933 4510 in
1978 4451 2420 4512 mathematicis
2433 4466 2557 4510 non
2568 4450 2903 4510 admodum
2918 4456 3234 4525 praastans,
3255 4452 3320 4510 in
3330 4453 3645 4512 rhetoricis

277 4539 577 4610 egregius,
603 4542 693 4595 32.

350 4627 698 4685 Theodorus
735 4629 1017 4700 lrenicus,
1059 4633 1421 4703 cognomine
1446 4636 1660 4706 Copas,
1691 4632 2053 4706 patriarcha,
2086 4635 2149 4688 19

349 4717 439 4773 Ad
467 4717 847 4775 Theodorum
872 4721 1426 4794 Contostephanum
1454 4722 1767 4779 instructio
1796 4722 1943 4795 imp.
1975 4721 2221 4779 Joannis
2233 4722 2507 4791 Vatatzaa,
2536 4720 2755 4793 scripto
2768 4719 3010 4790 tradita,
3032 4719 3343 4795 quomodo
3358 4721 3549 4780 aciem
3563 4719 3643 4779 ad

274 4820 486 4862 versus
508 4805 742 4863 Latinos
766 4822 1151 4880 componere,
1192 4810 1440 4883 quando
1474 4815 1531 4867 et
1560 4810 1665 4866 ubi
1704 4809 2029 4880 conﬂigere
2057 4810 2322 4879 deberet,
2342 4813 2434 4866 48.

348 4894 589 4951 Trinobi
616 4895 940 4968 epiacopus
956 4897 1270 4971 αὐτονομίας
1302 4899 1405 4970 jus
1421 4902 1479 4955 et
1508 4899 1867 4972 patriarchas
1896 4914 2123 4958 nomen
2152 4898 2267 4955 sibi
2288 4898 2578 4968 vindicat,
2601 4903 2691 4956 33.

349 4983 685 5055 szrithon,
719 5001 979 5057 magnus
1002 4987 1441 5057 charitularius,
1464 4990 1555 5043 45.

351 5073 533 5127 Xerus
558 5074 935 5144 metropolita
963 5076 1271 5148 Naupacti,
1304 5079 1395 5144 49,

345 5159 696 5231 Acropolitae
726 5161 803 5217 ab
832 5163 1043 5220 Allatio
1072 5164 1400 5237 subjicitur,
1431 5181 1488 5238 p.
1528 5167 1626 5220 146
1644 5193 1716 5209 -
1735 5165 1861 5228 186ε
1891 5171 2155 5222 ΙΩΗΛΟΥ
2180 5166 2452 5223 JOELIS
2469 5166 2975 5237 Chronographia
3030 5165 3485 5236 compendiaria
3533 5164 3640 5240 (Ι),

268 5263 371 5306 res
397 5247 743 5305 brevissime
770 5253 1177 5324 perstringens
1199 5260 1255 5310 et
1295 5255 1708 5311 successiones
1739 5256 2081 5328 principum
2111 5257 2190 5311 ab
2212 5255 2355 5311 orbe
2404 5254 2646 5311 condito
2692 5271 2887 5327 usque
2945 5254 3025 5312 ad
3071 5259 3313 5328 captam
3362 5270 3400 5311 a
3450 5253 3650 5312 latinis

270 5352 439 5396 anno
466 5337 602 5391 1204
632 5338 856 5413 CPolin,
884 5342 1045 5399 circa
1060 5343 1225 5415 quod
1254 5347 1490 5417 tempus
1520 5344 1745 5400 vixisse
1795 5350 2005 5411 auctor
2046 5345 2173 5418 ipse
2195 5344 2449 5419 videtur,
2492 5347 2646 5399 certe
2703 5359 2826 5399 non
2867 5344 2973 5399 diu
3028 5348 3165 5417 post
3201 5344 3507 5416 scripsisse
3542 5344 3645 5417 (a),

272 5431 414 5502 post
452 5426 610 5482 hanc
650 5427 1200 5502 chronographiam
1227 5433 1494 5504 sequitur
1521 5435 1583 5487 in
1612 5432 1827 5489 eodem
1856 5433 2163 5491 volumine
2202 5448 2344 5505 pag.
2379 5436 2608 5489 187199
2628 5432 2875 5489 Joannis
2910 5433 3237 5504 Canani(b)
3275 5434 3513 5487 Ἰωάννου
3555 5440 3649 5486 τοῦ

350 5516 433 5596 (_a)
458 5514 625 5596 gonf.
652 5518 803 5596 Cave
829 5519 987 5576 Hist.
1024 5520 1139 5576 litt.
1169 5520 1278 5577 SS.
1311 5522 1478 5588 eccl.,
1528 5524 1671 5578 tom.
1696 5522 1761 5593 ll,
1807 5536 1871 5593 p.
2158 5523 2243 5596 (ὁ)
2267 5522 2421 5578 Vixit
2441 5522 2645 5596 circ._a
2682 5522 3008 5596 Qhr._142i.
3036 5526 3098 5579 V.
3143 5524 3300 5581 Saxii
3349 5522 3649 5594 0nom.II,

278 5590 423 5669 281.
452 5589 694 5669 (mai...)-
1207 5666 1245 5669 _
1744 5589 1755 5593 ’
1807 5589 1830 5593 “

1807 5589 1830 5593 “
2070 5610 2131 5666 p.
2155 5589 2258 5651 407
2301 5609 2391 5665 sq.
2416 5599 2473 5650 et
2493 5593 2600 5667 qui
2630 5593 2710 5649 ad
2733 5608 2803 5651 eo
2831 5592 3161 5653 laudantur
3193 5595 3421 5669 (Hann)

353 5659 430 5734 (1)
451 5659 658 5719 Exstat
680 5664 826 5719 tom.
856 5662 1173 5723 CXXXVIII.
1205 5666 1363 5722 EDIT.
