4152 6380
164 303 272 362 9'7

1722 295 2068 353 ANNALES.

3493 291 3604 358 θῦε

164 430 318 480 τιανὰ
369 431 500 499 μόχι
550 432 634 477 τοῖ
691 421 966 476 Αοπαδίου
1014 424 1173 474 αὐτοῦ
1232 419 1489 482 δεσπότας
1545 421 1828 493 ἐγίνωσκον

1963 410 2103 474 -unt.
2118 420 2312 484 Quare
2323 419 3004 491 imperatorTheodorus
3025 423 3088 478 in
3110 439 3382 481 summas
3404 439 3600 496 angu-

171 517 416 582 Ἱταλοὺς,
475 514 601 566 ἀλλά
639 532 697 585 γε
752 509 821 569 δὴ
880 517 969 563 καὶ
1025 520 1121 573 τῆς
1172 513 1409 571 Βιθυνίας
1462 513 1631 562 πάντα
1668 513 1831 582 μέχρι

165 612 258 658 καὶ
312 600 678 677 Νικομηδείας
749 602 931 662 αὐτῆς.
998 601 1250 653 Ἐντεῦθεν
1299 600 1566 652 ἐστενθῦτο
1620 599 1750 650 πολὺ
1803 600 1830 649 ό

172 695 423 768 βασιλεὺς
492 690 787 764 Θεόδωρος.
847 687 1014 742 Οὐδέν
1074 687 1133 742 δὲ
1185 692 1336 747 ἧττον
1389 695 1478 740 και
1535 692 1661 764 πρός
1733 694 1831 739 τῶν

170 790 420 855 Ρωμαίων
442 781 802 842 κατεϐιάζετο.
835 782 918 831 Ἐν
939 782 1038 852 γὰρ
1181 782 1452 850 συγχύσει
1507 785 1598 837 τῆς
1652 783 1828 830 Κωνσ-

172 878 412 925 ταντίνου
435 872 673 930 ἁλώσεως
694 869 900 921 ἄλλοθεν
923 867 1073 928 ἄλλος
1117 871 1357 939 ἡγεμόνες
1410 865 1538 919 εἶναι
1581 870 1833 937 τυχόντες

176 963 204 1020 ἡ
265 967 357 1014 καὶ
398 963 446 1012 οἱ
488 969 586 1012 τῶν
626 958 787 1010 ἄλλων
831 957 1150 1030 προῦχοντες
1189 960 1258 1018 ὡς
1296 957 1487 1009 οἰκείαν
1532 954 1707 1028 ἀρχὴν
1736 959 1831 1012 τὴν

176 1051 262 1122 ὑφ’
317 1049 527 1110 ἑαυτοὺς
577 1048 842 1100 ἐποιοῦντο
909 1052 1114 1119 χώραν,
1146 1050 1174 1103 ἧ
1237 1046 1289 1108 ἐξ
1336 1046 1500 1097 αὐτῶν
1554 1045 1624 1106 εἰς
1679 1051 1834 1095 τοῦτο

178 1140 502 1213 ὁρμήσαντες
557 1138 586 1195 ἦ
635 1143 724 1188 καὶ
768 1139 912 1208 παρὰ
958 1144 1056 1187 τῶν
1100 1135 1384 1203 οἰκητόρων
1433 1133 1834 1206 μετακληθέντες

179 1227 468 1288 εὶςτὴντῆς
500 1232 681 1297 χώρας
733 1221 1090 1296 δεφένδευσιν.
1148 1225 1348 1275 Αὐτίκα
1410 1219 1684 1294 Θεόδωρός
1719 1222 1834 1291 (54)

174 1335 254 1379 τε,
303 1317 356 1367 ὃν
418 1321 507 1368 καὶ
573 1311 992 1388 Μωροθεόδωρον
1046 1312 1345 1377 ἐπεκάλουν,
1403 1312 1584 1384 ἅρχων
1634 1307 1694 1367 ἦν
1739 1318 1836 1370 τῆς

177 1401 496 1475 Φιλαδέλφου
541 1403 756 1464 πόλεως,
815 1405 984 1474 ἔτερος
1040 1399 1099 1454 δὲ
1157 1400 1358 1455 Σάϐϐας
1402 1399 1684 1456 τούπίκλην
1741 1406 1834 1450 τοῦ

175 1490 372 1552 ἄστεως
410 1489 664 1552 ἐδέσποζε
701 1499 792 1542 τοῦ
868 1490 1093 1562 Σαμψὼν
1132 1493 1263 1562 μετὰ
1300 1495 1390 1540 καὶ
1455 1497 1554 1540 τῶν
1610 1486 1834 1543 πλησιον

173 1585 544 1651 τυγχανόντων
573 1581 735 1650 αὐτῷ.
766 1580 1131 1651 Παφλαγονίας
1159 1575 1216 1631 δὲ
1238 1581 1412 1637 πάσης
1583 1575 1837 1648 ἐγκρατὴς

175 1672 240 1727 ἧν
286 1667 472 1735 Δαϐίδ,
525 1667 741 1742 ἀδελφός
795 1671 861 1721 ὡν
905 1669 1132 1731 Ἀλεξίου
1180 1677 1271 1720 τοῦ
1310 1677 1401 1728 τῆς
1451 1669 1837 1739 Τραπεζοῦντος

1945 509 2086 562 stias
2113 507 2413 563 adductus
2433 513 2544 563 est.
2585 511 2700 563 Nec
2739 509 2939 564 minus
2963 526 2998 566 a
3019 513 3234 566 Graecis
3255 513 3401 585 ipsis
3429 530 3602 585 urge-

1942 596 2138 652 batur.
2189 597 2503 652 Enimvero
2535 598 2593 651 in
2644 597 3090 668 perturbatione
3129 599 3240 673 14
3281 619 3351 658 ac
3382 603 3603 659 confu-

1943 687 2108 741 sione
2136 685 2455 758 Cpolitanae
2499 685 2851 757 direptionis
2880 688 3019 742 hinc
3061 690 3198 744 inde
3229 691 3380 746 alius
3419 699 3599 766 atque

1941 773 2093 828 alius
2120 790 2256 828 cum
2289 774 2580 829 exercitus
2613 774 2919 837 ducerent,
2953 775 3075 831 sive
3106 778 3284 834 etiam
3314 781 3417 850 qui
3467 781 3599 836 aliis

1942 867 2310 932 praestarent,
2337 867 2571 933 partem
2601 878 2787 934 quam
2810 863 2923 934 ipsi
2949 864 3443 935 moderabantur,
3478 869 3600 924 sive

1943 950 2002 1004 id
2041 967 2113 1005 ex
2146 951 2482 1021 semetipsis
2513 956 2828 1018 tentantes,
2871 953 2994 1007 sive
3025 953 3104 1009 ab
3157 955 3377 1010 accolis
3419 957 3480 1012 in
3513 958 3600 1013 lo-

1942 1055 2152 1094 corum
2166 1040 2711 1111 propugnationem
2727 1041 3014 1108 accersiti,
3034 1043 3210 1100 veluti
3224 1043 3602 1101 dominatum

1941 1128 2254 1200 proprium
2283 1127 2684 1198 occupabant.
2706 1129 2798 1184 Sic
2823 1129 3171 1186 Theodorus
3202 1138 3603 1200 cognomento

1943 1215 2434 1271 Morotheodorus
2461 1216 2934 1288 Philadelphiam
2959 1217 3298 1276 dominatui
3329 1237 3439 1277 suo
3467 1221 3604 1278 sub-

1937 1306 2097 1376 jecit.
2129 1304 2290 1359 Alius
2332 1305 2473 1360 item
2523 1311 2925 1373 cognomento
2974 1307 3207 1364 Sabbas
3253 1310 3605 1380 Sampsonis

1945 1394 2155 1449 urbem
2182 1409 2320 1448 cum
2351 1394 2442 1448 his
2467 1411 2602 1467 quae
2633 1395 2999 1466 adjacebant
3032 1398 3238 1453 tenuit.
3271 1398 3606 1470 Paphlago-

1946 1483 2110 1538 niam
2144 1483 2483 1538 universam
2517 1483 2702 1540 David
2734 1485 2916 1540 Alexii
2947 1487 3330 1558 'l‘rapezuntis
3373 1487 3604 1542 domini

1945 1573 2144 1638 frater,
2168 1573 2271 1644 qui
2301 1578 2360 1628 et
2386 1589 2647 1643 magnus
2679 1575 3019 1631 Comnenus
3044 1576 3396 1646 vocabatur,
3417 1577 3604 1650 impe-

1945 1662 2162 1716 ratoris
2194 1661 2516 1717 Andronici
2537 1679 2728 1734 nepos
2762 1669 3010 1736 uterque
3032 1665 3110 1720 ab
3139 1665 3294 1721 illius
3319 1665 3442 1722 ﬁlio
3471 1681 3607 1737 pro-

173 1764 556 1830 κρατήσαντος,
603 1759 656 1820 ὃς
706 1765 795 1810 καὶ
842 1763 1006 1830 μέγας
1075 1757 1367 1828 ὠνομάζετο
1439 1757 1723 1826 Κομνηνός,
1788 1752 1837 1804 οἱ

1963 1755 2188 1820 gnatus,
2221 1749 2496 1805 obtinuit.
2528 1752 2848 1822 Propterea
2869 1752 2927 1807 in
2952 1753 3236 1808 maximis
3264 1753 3605 1809 turbinibus

174 1854 270 1898 τοῦ
310 1845 568 1918 βασίλεως
618 1843 953 1920 Ἀνδρονίκου
1006 1847 1250 1919 ὑπῆρχον
1305 1847 1526 1915 ἔγγονοι,
1589 1840 1838 1899 Μανουηλ

172 1944 250 2005 τῷ
278 1938 463 1986 τούτου
496 1937 764 2006 τεχθέντες
798 1938 918 2005 υἱῷ.
947 1938 1040 1986 Διά
1069 1935 1240 1985 ταῦτα
1278 1932 1326 1984 ἐν
1357 1931 1516 2003 πολλῇ
1576 1949 1838 2001 στενοχω-

175 2028 268 2098 ρίᾳ
297 2028 363 2076 τὰ
405 2027 693 2098 πράγματα
743 2025 943 2098 ὑπῆρξε
995 2032 1065 2093 τῷ
1117 2022 1329 2095 βασιλεί
1379 2017 1637 2092 Θεοδώρῳ
1693 2017 1837 2092 [ΡΠ]

170 2077 335 2166 ιΑλλόι
391 2077 478 2164 τόν
665 2077 1082 2186 Μωροθιεόδωρόν
1117 2077 1226 2164 ⁸καὶ
1290 2114 1378 2163 τὸν
1435 2077 1636 2162 Σάϐέαν
1693 2077 1842 2180 nixa:

171 2209 282 2275 ρώς
357 2201 620 2273 μετῆλθεν,
696 2203 967 2253 κάντεῦθεν
1008 2196 1282 2262 ἐδέσποξέν
1354 2195 1522 2259 ἀδεῶς
1563 2195 1842 2250 Κελϐιανοῦ

173 2309 235 2342 τε
305 2293 497 2350 παντὸς
569 2287 895 2362 Μαιάνδρου,
975 2285 1340 2360 Φιλαδελφείας

255 2377 321 2437 η’.
382 2377 518 2432 Ἀλλ’
579 2381 799 2432 ενταῦθα
851 2398 943 2451 μοι
986 2379 1012 2430 ό
1058 2378 1211 2449 λόγος
1267 2377 1628 2449 ἀναμεινάτω·
1688 2378 1840 2426 ἰστω-

176 2476 350 2542 ρῆσαι
408 2469 507 2541 γὰρ
567 2465 810 2539 βούλεται
852 2469 919 2518 τὰ
988 2475 1060 2536 τῷ
1139 2462 1352 2538 βασιλεῖ
1419 2463 1630 2534 Ἀλεξίῳ
1709 2481 1842 2534 συμ-

179 2555 368 2624 ϐάντα,
399 2553 507 2614 ἤδη
547 2553 732 2608 δὲκαὶ
779 2550 939 2607 τᾶλλα
994 2558 1062 2606 τὰ
1121 2555 1204 2606 ἐπὶ
1254 2564 1314 2627 τῇ
1365 2557 1560 2627 ἔσπέρα
1604 2553 1843 2624 γενέσθαι

183 2646 479 2716 φθάσαντα.
541 2646 780 2717 ’Δφίκετο
835 2648 949 2717 μεν,
993 2646 1062 2706 ὡς
1123 2644 1366 2718 εἰρήκειν,
1425 2642 1492 2702 εὶς
1577 2640 1842 2694 Θεσσαλο-

183 2739 334 2792 νίκην
388 2736 412 2785 ό
470 2734 734 2806 εἰρημένος
790 2733 1041 2807 βασιλεύς
1105 2732 1344 2795 Ἀλέξιος,
1409 2736 1499 2782 καὶ
1568 2726 1842 2800 ὑπεδέχθη

185 2827 332 2895 παρὰ
368 2831 464 2884 τῆς
494 2824 653 2875 αὐτοῦ
682 2827 906 2894 νύμφης,
963 2823 995 2880 ἣ
1051 2822 1104 2883 ἐξ
1160 2822 1412 2893 Οὓγγρων
1471 2823 1560 2892 μὲν
1610 2821 1841 2893 ὥρμητο,

1950 1855 2020 1895 ac
2066 1837 2340 1893 ﬂuctibus
2393 1853 2486 1893 res
2535 1839 2915 1910 imperatoris
2957 1841 3248 1897 Theodori
3285 1842 3602 1908 nutabant,

1949 1929 2054 2000 qui
2096 1927 2359 1999 primum
2390 1927 2638 1999 quidem
2687 1929 3208 1986 Morotheodorum
3237 1937 3294 1986 et
3340 1930 3605 1986 Sabbam

1951 2016 2122 2072 facile
2151 2017 2468 2088 oppressit,
2509 2016 2765 2089 ideoque
2797 2023 2922 2074 tuto
2973 2025 3031 2074 et
3076 2019 3201 2075 sine
3231 2023 3395 2075 metu
3424 2019 3606 2076 totius

1955 2103 2196 2160 Celtiani
2249 2105 2520 2160 Maeandri
2568 2105 2994 2178 Philadelphia;
3046 2111 3102 2162 et
3148 2109 3610 2164 Neocastrorum

1955 2193 2430 2250 dominationem
2459 2191 2720 2248 tenebat.

1440 2292 1530 2339 καὶ
1592 2292 1638 2339 Ν
1643 2288 1950 2360 εοκάστρων.

2022 2375 2073 2427 8.
2111 2372 2225 2428 Sed
2250 2372 2348 2427 hic
2370 2371 2685 2444 paululum
2711 2374 3047 2430 coercenda
3074 2375 3268 2432 oratio
3293 2379 3418 2432 est:
3441 2393 3612 2432 nam-

1951 2476 2070 2534 que
2118 2460 2265 2516 mihi
2308 2461 2370 2515 in
2409 2461 2614 2517 animo
2667 2469 2776 2531 est,
2832 2479 2968 2535 quae
3013 2464 3356 2536 imperatori
3409 2466 3611 2522 Alexio

1953 2551 2274 2620 contigere,
2289 2566 2524 2606 necnon
2543 2557 2714 2620 gesta
2732 2553 2790 2606 in
2815 2553 3132 2608 Occidente
3163 2554 3394 2626 reliqua
3413 2571 3614 2611 recen-

1954 2655 2104 2695 cere.
2155 2638 2480 2711 Appulerat
2520 2640 2847 2712 imperator
2875 2640 3112 2696 Alexius
3146 2643 3232 2699 uti
3266 2659 3454 2715 supra
3481 2660 3613 2700 me-

1956 2729 2208 2796 moravi,
2258 2728 2766 2795 Thessalonicam,
2800 2735 3206 2802 exceptusque
3235 2738 3323 2788 est
3368 2749 3406 2790 a
3433 2749 3613 2799 nuru,

1957 2833 2171 2888 genere
2215 2818 2464 2888 quidem
2510 2819 2766 2886 Ungara,
2827 2820 2935 2874 sed
2986 2819 3331 2892 imperatori
3383 2823 3613 2879 Isaacio

189 2911 586 2986 ἐπεγαμϐρευθη
644 2908 703 2962 δί
758 2919 829 2980 τῷ
885 2910 1097 2982 βασιλεῖ
1145 2910 1392 2980 Ἰσαακίῳ
1436 2912 1568 2982 μετά
1622 2913 1717 2966 τὴν
1754 2917 1846 2968 τῆς

1963 2912 2092 2980 post
2121 2905 2324 2961 uxoris
2353 2906 2584 2964 obitum
2615 2907 3000 2979 desponsata,
3031 2909 3277 2966 muliere
3304 2911 3502 2983 specie
3532 2912 3615 2968 ni-

191 3003 440 3071 γυναικὸς
495 2999 655 3050 αὐτοῦ
708 2998 966 3067 τελευτὴν,
1027 2999 1086 3056 ἣν
1161 3004 1250 3050 καὶ
1307 3001 1496 3070 ὡραίαν
1563 3000 1697 3050 πάνυ
1773 3004 1846 3067 τῷ

196 3084 326 3140 εῖδει
364 3087 413 3138 οὶ
477 3083 779 3148 κατιδόντες
845 3090 1065 3159 ἔφασκον
1128 3085 1280 3141 εἶναι.
1347 3094 1457 3140 Tm
1523 3095 1649 3158 γοῦν
1713 3086 1846 3138 ἰτα-

193 3176 292 3228 λών
363 3176 435 3237 εἰς
505 3175 845 3248 πολυμέρειαν
916 3179 980 3228 τὰ
1040 3183 1136 3237 τῆς
1208 3173 1499 3248 Ῥωμαῖδος
1573 3175 1848 3248 κληρωσα-

1958 2997 2148 3051 mium
2169 2997 2411 3066 egregia
2437 3013 2507 3052 ac
2529 2999 2769 3067 decora,
2794 3003 2858 3053 ut
2894 2999 2936 3068 ι
2953 2999 3004 3070 5
3030 3001 3134 3070 qui
3156 2998 3321 3055 illam
3344 3000 3616 3057 viderant

1959 3085 2102 3140 fassi
2129 3090 2288 3142 sunt.
2319 3085 2409 3140 Ab
2442 3085 2599 3142 Italis
2625 3087 2828 3158 itaque
2849 3090 3124 3143 Romana
3151 3087 3376 3144 ditione
3398 3089 3458 3144 in
3485 3089 3618 3162 plu-

1957 3174 2143 3230 rimas
2164 3179 2364 3246 partes
2389 3189 2460 3229 ac
2480 3175 2754 3231 homines
2775 3175 2988 3242 divisa,
3022 3176 3344 3233 Balduinus
3365 3177 3618 3235 Flander

1113 3327 1455 3394 Theodori
1507 3327 1758 3393 Dousa:
1808 3335 1874 3392 et
1924 3324 2171 3393 Leonis
2221 3323 2454 3391 Allatii
2504 3336 2707 3392 notae.

196 3495 650 3570 emendandum
673 3498 830 3570 Βάρις
872 3516 925 3548 τε
948 3513 976 3570 ε,
1020 3496 1098 3570 ad
1138 3513 1324 3570 quam
1365 3496 1850 3570 emendationem

195 3567 340 3640 mihi
373 3571 603 3640 Nicetas
627 3567 820 3624 facem
838 3567 1191 3640 prmluxitin
1223 3568 1486 3640 Manuale
1524 3570 1853 3635 Comneno,

192 3639 296 3694 lib.
320 3655 401 3720 IL:
437 3639 589 3698 Πόλις
624 3644 772 3720 ,κατὰ
833 3639 925 3697 τὴν
980 3648 1078 3720 tibi;
1133 3639 1610 3712 Αἰγαιοπελαγιτών
1667 3644 1854 3720 χώραν

193 3711 510 3780 τειχίζεται.
563 3712 701 3783 Βάρη
785 3716 875 3761 καὶ
956 3710 1163 3763 Αὐλωὶα
1207 3710 1569 3784 Ἵπαρωνύμως
1659 3710 1708 3769 ἐς
1761 3710 1858 3761 ἔτι

198 3782 538 3853 ὠνομασμενη
589 3780 757 3836 Raris
791 3797 933 3851 ergo
958 3782 1032 3853 ad
1080 3780 1346 3844 ligneum
1388 3782 1641 3853 pelagus
1693 3780 1855 3845 urbs,

199 3851 338 3923 quae
365 3851 422 3924 et
450 3853 902 3924 Aulpm'a,circa
919 3852 1105 3924 Helles
1121 3859 1377 3924 pontum
1391 3851 1628 3906 alicubi.
1650 3853 1856 3906 Dousa.

281 3923 392 3992 (⁵4)
457 3919 753 3994 Θεόδωροςε
794 3919 1142 3979 Theodorus
1188 3925 1860 3994 cognomentoﬂMangag

203 3993 384 4064 pbas,
415 3993 604 4063 patria
639 3993 1190 4062 Philadelphiensis,
1221 3999 1392 4048 aetate
1427 3993 1632 4047 Isaacii
1653 3993 1858 4064 Angeli

203 4063 496 4135 Gomneni
533 4080 785 4134 regnum
833 4065 1142 4126 affectans,
1191 4064 1632 4135 pri_rnumejus
1697 4063 1863 4118 urbis

210 4134 453 4207 plebem
485 4133 952 4190 audacissimam
974 4135 1084 4207 sibi
1110 4133 1383 4207 conciliat
1401 4141 1456 4207 et
1468 4134 1487 4204 j
1501 4135 1619 4207 urej
1635 4135 1864 4207 urando

211 4205 505 4288 astringit,
538 4207 846 4288 .Lydisque
884 4205 1171 4261 omnibus
1211 4206 1288 4288 ad
1312 4205 1729 4288 defectionem
1759 4205 1864 4260 im-

209 4277 401 4348 pulsis
428 4277 659 4347 regium
691 4277 914 4332 nomen
942 4277 1250 4349 usurpavit
1271 4283 1325 4332 et
1365 4282 1715 4345 argenteam
1740 4293 1865 4332 mo-
1897 4296 1940 4349 ι)

209 4353 415 4420 netam
448 4364 587 4404 cum
641 4349 904 4418 imagine
940 4365 1050 4403 sua
1091 4349 1398 4420 percussit.
1451 4349 1655 4404 Derisa
1701 4349 1866 4420 initio

207 4419 462 4474 defectio
508 4420 636 4476 fuit.
687 4422 835 4475 Cum
879 4419 1268 4491 postmOdum
1308 4419 1866 4491 augesceret,_nihil

209 4491 622 4545 cunctandum
645 4497 810 4545 ratus
830 4489 1094 4546 Isaacius
1118 4491 1425 4546 hominem
1443 4489 1864 4546 Philadelphia:

207 4561 468 4616 obsidet.
497 4563 644 4616 Cum
666 4561 950 4617 diuturna
980 4561 1293 4616 obsidione
1329 4562 1541 4617 urbem
1577 4562 1654 4616 ad
1699 4561 1864 4617 dedi-

211 4633 438 4704 tionem
467 4632 827 4704 compellere
855 4648 978 4687 non
1010 4639 1228 4704 posset.
1257 4634 1577 4703 paciscitur
1609 4633 1680 4687 iis
1727 4648 1864 4688 con-

210 4701 540 4775 ditionibus
556 4701 627 4760 ut
635 4703 981 4760 Theodorus
1005 4701 1293 4775 depositis
1310 4705 1479 4774 regni
1501 4704 1860 4775 insignibus,

211 4773 489 4846 privatim
522 4781 663 4844 agat
693 4775 968 4846 civesque
991 4775 1043 4828 ei
1073 4773 1326 4846 pareant
1345 4781 1409 4830 ut
1440 4773 1690 4846 prius,et
1709 4774 1865 4829 obsi-

207 4844 391 4900 dibus
423 4846 681 4918 acceptis
722 4844 1624 4918 Byzantiiim'revertitur.'iNon
1674 4845 1864 4918 multo

208 4921 349 4989 posi
365 4917 612 4972 Basilius
629 4919 895 4972 Batatzes
908 4917 1198 4989 plurimos
1219 4919 1347 4972 Man
1357 4917 1570 4989 gapbae
1591 4917 1858 4989 conjura-

205 4992 298 5042 tos
334 4986 752 5060 largitionibus
773 4986 1054 5060 corrupit,
1093 4986 1493 5060 effecitqueut
1518 4987 1663 5043 urbe
1681 4987 1862 5060 pelle-

203 5065 372 5113 retur
401 5077 412 5125 ;
442 5060 547 5184 qui
570 5059 646 5113 ad
680 5059 1097 5115 Chaicoerem
1131 5059 1635 5114 lconii'sultanum
1662 5059 1864 5130 profu-

204 5143 320 5184 tzus
336 5131 468 5184 auxi
497 5132 554 5184 ia
568 5136 774 5184 contra
789 5134 1088 5184 Romanos
1105 5129 1864 5184 nonimnetravit.obtinuit

204 5143 320 5198 gus
336 5129 554 5185 auxilia
568 5136 774 5185 contra
789 5134 1088 5186 Romanos
1105 5146 1226 5185 non
1241 5129 1865 5201 impetravit.obtinuit

203 5207 414 5256 tamen
459 5207 522 5256 ut
569 5201 738 5273 Turci
769 5201 956 5268 liberi,
991 5202 1094 5272 qui
1128 5217 1270 5256 arcu
1303 5208 1357 5257 et
1410 5201 1688 5273 pharetra
1735 5201 1864 5256 freti

204 5274 517 5326 Romanos
565 5272 1017 5342 praedabantur,
1073 5272 1528 5339 asciscerentur,
1594 5273 1684 5328 Sic
1741 5287 1865 5327 non

203 5342 410 5412 parvis
437 5343 591 5415 copii
619 5345 934 5399 contractis
983 5343 1270 5415 Phryges,
1316 5344 1706 5415 Laodicenses
1754 5359 1865 5398 nec

203 5427 328 5470 non
357 5413 740 5470 Colossenses
763 5413 1400 5470 innumeris’cladibus
1430 5414 1647 5481 affecit,
1694 5430 1862 5470 man-

205 5485 376 5555 cipiis
405 5485 621 5542 civium
677 5502 924 5542 suorum
957 5493 1010 5540 et
1048 5486 1336 5556 jumentis
1385 5485 1680 5550 abductis,
1710 5485 1866 5541 areis

204 5557 413 5630 aestivo
432 5564 700 5630 tempore
720 5557 998 5630 incensis,
1019 5565 1074 5611 et
1096 5557 1412 5630 obviisqui
1428 5557 1666 5629 busque
1682 5556 1866 5630 hosti-

202 5626 326 5683 lem
353 5628 416 5684 in
440 5626 697 5686 modum
720 5629 1006 5685 tractatis.
1043 5626 1350 5686 Michaelis
1385 5626 1630 5702 quoque
1675 5627 1865 5685 archi-

1965 3494 2209 3562 strategi
2224 3493 2534 3566 templum,
2550 3509 2704 3566 opus
2717 3494 3053 3566 maximum
3069 3500 3125 3552 et
3137 3496 3614 3564 celeberrimum,

1965 3567 2203 3621 incendi
2223 3565 2439 3638 pasSus
2462 3571 2570 3638 est._
2589 3565 2970 3638 Postmodum
2983 3567 3062 3622 ad
3080 3568 3384 3623 sultanum
3405 3569 3580 3624 rediit
3599 3585 3613 3624 :

1968 3637 2071 3692 sed
2087 3636 2413 3708 imperator
2427 3636 2845 3708 largitionibus
2873 3637 2950 3691 im
2961 3639 3394 3706 petravitutille
3422 3639 3621 3694 deser-

1968 3715 2062 3764 tus
2076 3725 2112 3763 a
2127 3707 2365 3763 sultano
2382 3725 2451 3764 ac
2473 3707 2744 3777 proditus
2765 3707 2842 3762 ad
2866 3724 2928 3762 se
2949 3709 3298 3777 mitteretur,
3319 3725 3390 3765 ea
3416 3715 3618 3766 tamen

1971 3724 2062 3764 tus
2076 3725 2112 3763 a
2127 3724 2365 3763 suiiano
2382 3725 2451 3764 ac
2473 3724 2744 3832 proauus
2765 3724 2842 3762 ad
2866 3724 2928 3762 se
2949 3724 3298 3777 mitteretur,
3319 3725 3390 3765 ea
3416 3724 3618 3766 tamen

1971 3779 2309 3834 conditione
2324 3779 2473 3850 utde
2501 3779 2783 3850 ectionein
2796 3793 2906 3833 nec
2919 3779 3109 3850 capite
3123 3796 3234 3836 nec
3245 3781 3621 3836 mutilatione

1970 3850 2335 3920 laesioneque
2362 3848 2538 3904 ullius
2569 3849 2825 3904 membri
2851 3848 3057 3904 lueret.
3085 3852 3215 3916 Qua
3235 3852 3309 3906 de
3331 3867 3520 3907 causa
3537 3851 3622 3906 ad

1972 3922 2330 4004 diuturnum
2357 3936 2656 4004 carcerem
2700 3926 2792 3975 est
2834 3920 3180 4001 damnatus.
3229 3923 3376 3978 Cum
3418 3921 3625 4004 displi-

1974 3992 2194 4047 cuisset
2223 3991 2440 4063 sultani
2480 3991 2748 4063 fratibuS,
2782 3992 2887 4063 qui
2910 4007 3165 4061 regnum
3195 4009 3336 4048 cum
3367 4009 3438 4049 eo
3476 3991 3622 4049 divi-

1975 4071 2192 4137 serant,
2224 4063 2389 4134 quod
2411 4062 2720 4137 hominem
2745 4062 3066 4137 profugum
3097 4071 3154 4119 et
3173 4063 3504 4137 supplicem
3518 4080 3621 4136 pe-

1974 4135 2166 4216 cunia:
2198 4150 2381 4216 causa
2411 4134 3192 4216 Romanorumimperatori
3230 4134 3620 4216 prodidisset,

1975 4205 2349 4279 iracundiam
2373 4220 2582 4279 eorum
2602 4204 2878 4279 placavit.
2900 4204 3170 4277 Namque
3190 4204 3390 4279 aiebat
3419 4207 3622 4279 paciﬁ-

1976 4276 2223 4350 cationis
2253 4292 2395 4348 ergo
2421 4275 2588 4350 illum
2610 4275 2950 4350 remisisse,
2983 4275 3106 4332 non
3126 4349 3133 4350 ί
3155 4275 3531 4350 prodidisse;
3567 4283 3626 4333 et

1976 4348 2282 4430 hominem
2307 4364 2528 4428 vagum
2551 4348 2620 4430 in_
2632 4349 2890 4428 patriam
2913 4348 3255 4430 restituisse,
3281 4350 3626 4430 uinecjpse

1976 4419 2127 4476 alios
2178 4435 2286 4491 nec
2327 4419 2527 4490 ipsum
2567 4419 2664 4474 alii
2729 4425 3252 4491 prosequerentur.
3304 4421 3409 4477 Hic
3457 4419 3624 4476 Erico

1976 4492 2134 4546 circa
2163 4490 2570 4562 Adramytium
2602 4490 2802 4563 agenti
2832 4490 3003 4563 arma
3039 4491 3232 4559 infert,
3259 4497 3316 4547 et
3347 4493 3626 4563 inexspe-

1975 4567 2133 4617 ctato
2163 4560 2522 4636 superventu
2548 4567 2605 4616 et
2631 4560 3008 4636 multitudine
3057 4564 3323 4636 primum
3371 4560 3624 4636 quidem

1975 4639 2257 4688 terrorem
2290 4633 2516 4693 incutit,
2551 4633 2655 4687 sed
2681 4632 2897 4690 Errico.
2922 4632 3076 4689 cum‘
3101 4634 3293 4692 Martis
3333 4632 3464 4690 alea
3506 4641 3625 4690 ten-

1976 4704 2163 4760 tanda
2196 4702 2514 4763 videretur,
2531 4709 2667 4758 ante
2681 4703 2844 4759 aleos
2865 4711 2923 4760 et
2943 4721 3048 4763 Der
3069 4705 3335 4762 mediam
3357 4706 3626 4762 hostium

1974 4774 2164 4857 aciem
2179 4774 2458 4857 cum‘suis
2469 4781 2892 4857 perrumpente
2913 4774 3260 4857 dissipatur:
3276 4793 3420 4856 nam
3437 4776 3624 4857 Grzeci

1974 4846 2204 4919 equites
2251 4845 2630 4919 ad__primam
2687 4845 3030 4919 Latinorum
3066 4845 3530 4919 impressionem
3569 4853 3629 4902 et

1973 4915 2286 4989 hastarum
2316 4915 3041 4989 directionemiconcitatis
3085 4915 3255 4989 eq'uis
3308 4917 3623 4989 fugientes.

1977 4987 2282 5060 pedestres
2296 4987 2536 5060 ordines
2552 4987 2825 5060 hostibus
2855 4987 3245 5044 trucidandos
3260 4987 3628 5059 reliquerunt

1976 5057 2032 5115 et
2063 5057 2431 5130 spoliandos.
2459 5060 2538 5112 Ex
2569 5057 2794 5130 Niceta.
2833 5065 2965 5114 ALL.

2047 5125 2163 5202 (5-5)
2212 5129 2577 5202 Παφλαγονίας
2650 5125 2717 5186 δή
2791 5149 3012 5202 κασηςη
3065 5129 3253 5186 David
3324 5129 3626 5202 siquidem

1977 5206 2032 5256 et
2064 5201 2298 5256 Alexius
2327 5201 2560 5273 fratres,
2590 5201 2856 5273 Manuele
2888 5201 3208 5257 Andronici
3235 5201 3473 5273 tyranni
3514 5204 3628 5258 Ro-

1977 5288 2296 5328 manorum
2328 5272 2451 5328 ﬁlio
2481 5272 2623 5341 nati,
2649 5271 2798 5327 alter
2830 5272 3000 5327 Ponti
3044 5271 3385 5329 Heracleam
3438 5277 3494 5328 et
3529 5277 3631 5329 Pa-

1976 5342 2368 5414 phlagoniam
2397 5349 2816 5415 occupaverat,
2859 5343 3005 5399 alter
3051 5343 3292 5400 Alexius
3341 5345 3628 5401 (Enaeum

1976 5420 2033 5470 et
2064 5415 2346 5496 Sinopem
2379 5415 2559 5496 urbes
2591 5421 2652 5494 et
2685 5418 3113 5496 'l‘orapezunten.
3142 5416 3273 5496 ἐθΔᾴ
3315 5417 3629 5488 quomodo

1951 5531 1955 5566 λ
1975 5485 2416 5566 εξρθόρῐξοηθω
2452 5485 2688 5566 Lucaris
2701 5485 2774 5566 in
2797 5485 3101 5566 Davidem
3142 5485 3490 5566 batinorurn
3527 5503 3632 5545 au-

1947 5549 2130 5672 gxit‘iis
2157 5556 2372 5613 fultum
2392 5556 2990 5629 susceperiteumque
3008 5557 3415 5632 debellaverit,
3433 5557 3628 5618 disces

1978 5643 2011 5672 Α
2036 5628 2232 5672 Νἱορὶιι
2263 5629 2318 5672 in
2357 5627 2661 5672 Raldninn-
2701 5635 2828 5672 An._
3620 5631 3628 5638 ⁸

1978 5643 2011 5683 e
2035 5628 2233 5685 Niceia
2259 5629 2323 5684 in
2356 5627 2664 5686 Balduino.
2694 5635 2830 5685 ALL.
2888 5627 2910 5629 “
3396 5627 3407 5632 ’
3620 5631 3629 5638 ’
