4152 6390
287 298 416 353 1001

1803 294 2148 351 ANNALES.

3523 296 3663 353 1002

284 438 438 480 ουτος
461 419 593 491 μετά
625 421 720 475 τὴν
756 424 855 479 τῆς
903 422 1296 471 Κωνσταντίνου
1344 418 1541 470 ἅλωσιν
1593 421 1933 493 νεωτερίσας⁴

2027 408 2125 474 sibi
2172 416 2376 490 parari
2412 416 2695 487 audisset,
2747 433 2875 474 sese
2922 418 3318 488 subterduxit,
3366 422 3424 476 et
3458 436 3664 492 parvae

285 508 403 561 καθ’
453 507 656 575 ἑαυτὸν,
712 511 804 559 καὶ
858 509 1112 578 Κορίνθου
1178 509 1363 580 ἄρχων
1436 512 1526 560 καὶ
1600 515 1700 560 τῶν
1787 512 1903 580 περὶ

286 601 484 656 ταύτην
527 604 744 672 χωρῶν,
798 600 863 659 ὡς
905 601 997 649 καὶ
1042 597 1223 671 ἐτέρων
1295 600 1477 672 ἕτεροι,
1564 600 1764 670 Μικρὸν
1844 592 1903 657 δὲ

288 692 381 740 καὶ
458 694 565 747 τοῖς
649 687 816 739 ἐκεῖσε
843 684 1290 762 προσδιατρίψας,
1346 692 1496 759 γνοὺς
1539 689 1683 760 παρά
1752 706 1902 739 τινων

292 779 361 839 ὡς
382 775 695 830 ἁλίσκεσθαι
723 775 912 849 μέλλει,
970 772 1196 851 ἀπέδρα.
1254 777 1341 831 Ἐκ
1394 773 1796 849 Λογγιϐαρδίας
1846 771 1905 829 δε

292 884 407 919 τισι
458 865 732 938 ξυντυχών
791 865 1083 935 ἁλίσκεται,
1129 869 1263 940 πρὸς
1314 869 1400 919 τὸν
1480 862 1904 941 πρωτεξαδελφον

296 954 458 1007 αὐτοῦ
524 954 746 1027 Μιχαὴλ
792 957 887 1017 τὰς
939 960 1177 1018 κινήσεις
1247 959 1574 1028 ποιούμενος·
1659 956 1722 1013 ἧν
1803 957 1903 1028 γὰρ

298 1040 441 1105 οὗτος
468 1047 583 1096 τότε
632 1048 821 1117 μέρους
876 1048 1014 1105 τινὸς
1068 1053 1165 1106 τῆς
1216 1045 1448 1107 παλαιᾶς
1494 1044 1742 1117 Ἠπείρου
1787 1045 1903 1116 (62)

297 1136 562 1205 κρατήσας
588 1137 679 1184 καὶ
710 1132 875 1185 πολλὰ
896 1135 1007 1195 τοῖς
1034 1136 1166 1208 πρὸς
1212 1135 1280 1186 τὰ
1336 1133 1504 1186 ἐκεῖσε
1561 1137 1692 1208 μέρη
1742 1131 1904 1205 ἀφιγ-

295 1224 462 1293 μένοις
518 1220 734 1283 Ἰταλοῖς
784 1225 1034 1297 παρέχων
1092 1224 1400 1296 πράγματα.
1453 1228 1557 1275 Rau.
1618 1219 1679 1280 ἦν
1756 1218 1906 1285 οὗτος

300 1306 634 1365 δυναστεύων
681 1321 775 1374 τῆς
840 1314 1093 1373 τοιαύτης
1167 1318 1371 1386 χώρας·
1457 1312 1751 1366 Ἰωαννίνων
1801 1314 1904 1387 ’γὰρ

297 1393 439 1470 ἦρχε
482 1404 573 1452 καὶ
621 1398 823 1474 Ἀρτης
861 1405 952 1453 καὶ
999 1404 1161 1474 μέχρι
1218 1402 1560 1455 Ναυπάκτου.
1626 1399 1714 1461 Ὡς
1780 1407 1907 1471 ’γοῦν

296 1485 429 1540 ἑάλω
484 1490 629 1564 παρά
675 1498 778 1541 τῶν
834 1485 1220 1563 Λογγιϐάρὸων
1274 1490 1299 1540 ὁ
1352 1487 1602 1561 βασιλεὺς
1657 1487 1906 1556 Ἀλέξιος,

296 1580 389 1627 καὶ
443 1574 819 1651 ἁπεμπολεῖται
874 1579 1002 1652 παρ’
1055 1579 1223 1630 αὐτῶν
1283 1580 1493 1651 σύναμα
1542 1585 1605 1651 τῇ
1676 1582 1905 1649 γυναικί.

299 1666 507 1744 Μικρὸν
538 1665 598 1721 δὲ
640 1670 772 1741 μετὰ
821 1675 914 1721 τοῦ
975 1667 1200 1739 Μιχαὴλ
1255 1671 1727 1743 προσκαρτερήσας
1780 1665 1910 1740 βού-

2012 505 2553 576 Longobardorum
2582 506 2791 562 manui
2820 508 3185 580 impingens,
3221 509 3371 566 dum
3401 509 3482 566 ad
3527 524 3668 567 con-

2010 593 2323 651 sobrinum
2354 593 2699 650 Michaelem
2742 596 3070 665 contendit,
3126 596 3376 669 capitur.
3422 596 3670 655 Michael

2012 685 2237 756 Buippe
2270 683 2428 757 parti
2455 684 2667 740 veteris
2697 684 2856 753 Epiri
2886 689 3027 741 tunc
3057 686 3345 758 temporis
3385 686 3669 745 domina-

2009 772 2373 840 batur,ltalis
2388 772 2548 828 circa
2561 787 2633 828 ea
2646 772 2783 829 loca
2795 774 3245 831 excurrentibus
3256 777 3299 844 1
3310 775 3367 845 6
3383 774 3670 832 molestus

2010 878 2445 935 operosusque.
2479 861 2600 934 Hic,
2632 862 2907 935 inquam,
2938 878 3379 936 usquequaque
3423 862 3672 920 Michael

2011 950 2459 1019 dominabatur,
2511 967 2652 1009 cum
2692 951 3004 1009 Joanninis
3045 956 3103 1009 et
3139 956 3292 1008 Arta:
3338 968 3528 1025 usque
3590 951 3670 1009 ad

2012 1041 2744 1115 Naupactumimperaret.
2754 1045 2973 1115 Captus
2986 1042 3189 1115 itaque
3203 1058 3239 1099 a
3252 1040 3667 1114 Longobardis

2012 1130 2344 1204 imperator
2370 1130 2608 1188 Alexius
2634 1132 2947 1205 pretioque
2976 1132 3347 1205 redemptus,
3377 1146 3502 1188 una
3527 1145 3669 1189 cum

2014 1221 2271 1292 conjuge
2303 1219 2385 1277 ad
2411 1220 2719 1277 sultanum
2748 1221 2929 1278 Iconii
2958 1221 3322 1279 Jathatinem
3347 1220 3461 1277 sibi
3496 1219 3671 1277 fami-

2012 1309 2262 1367 liaritate
2288 1314 2501 1367 notum
2531 1309 2831 1383 proﬁcisci
2857 1310 3170 1368 deliberat:
3188 1325 3457 1384 namque
3473 1309 3672 1367 Jatha-

2012 1398 2164 1455 tines
2194 1414 2227 1455 e
2256 1398 2456 1455 fratris
2491 1403 2632 1456 tunc
2657 1399 3177 1457 Musulmanarum
3220 1415 3425 1456 rerum
3463 1399 3672 1457 mode-

2014 1489 2227 1545 ratoris
2293 1488 2580 1545 manibus
2643 1488 2878 1560 fugiens
2937 1488 3232 1563 profugus
3294 1489 3524 1562 Cpolim
3572 1503 3679 1562 ap-

2015 1578 2198 1651 pellit,
2239 1582 2644 1652 exceptusque
2711 1579 2790 1636 ab
2837 1580 3198 1653 imperatore
3248 1578 3455 1636 Alexio
3502 1593 3679 1637 sacro

2015 1667 2283 1725 initiatur
2345 1668 2589 1726 lavacro
2646 1669 2929 1742 ﬁliusque
2986 1669 3331 1743 adoptatur.
3379 1670 3484 1726 Hic
3533 1684 3676 1726 cum

299 1760 444 1815 λεται
469 1761 597 1834 πρὸς
642 1760 729 1810 τὸν
790 1763 884 1810 τοῦ
938 1756 1155 1809 Ἰκονίου
1211 1756 1493 1810 σουλτάνον
1542 1754 1798 1823 ἀπελθεῖν,
1857 1757 1911 1808 ὃν

2027 1756 2375 1829 imperatore
2405 1756 2613 1814 Alexio
2641 1756 2807 1830 Cpoli
2828 1757 3091 1827 fugiente
3121 1773 3246 1814 una
3274 1755 3528 1828 aufugit.
3556 1759 3675 1814 Nec

304 1851 596 1907 Ἰαθατίνην
623 1846 740 1919 (63)
784 1846 1072 1918 ὠνόμαζον.
1131 1845 1228 1899 Ἦν
1275 1849 1377 1920 γὰρ
1432 1848 1600 1917 τούτῳ
1656 1847 1909 1908 συνήθης.

300 1941 327 1992 ὁ
376 1941 478 2013 γὰρ
519 1937 784 2012 εἰρημένος
831 1935 1128 1997 Ἰαθατίνης
1174 1937 1265 1996 τὰς
1321 1942 1414 1988 τοῦ
1467 1932 1692 2008 ἀδελφοῦ
1750 1935 1911 1988 αὐτοῦ

300 2034 489 2102 χεῖρας
516 2022 751 2100 ἀποδρὰς
777 2025 1056 2087 Ἀζατίνου
1083 2026 1448 2099 κατάρχοντος
1501 2034 1573 2097 τῷ
1632 2029 1749 2078 τότε
1810 2034 1910 2078 τῶν

300 2115 744 2189 Μουσουλμοὲνων,
817 2116 988 2187 φυγὰς
1067 2117 1214 2188 παρὰ
1330 2119 1422 2173 τὴν
1520 2118 1909 2167 Κωνσταντίνου

302 2211 497 2280 ᾤχετο,
526 2209 617 2258 καὶ
641 2212 714 2275 τῷ
761 2202 975 2277 βασιλεί
1019 2200 1374 2258 ὑποδέδεκται
1435 2204 1665 2277 Ἀλεξίῳ,
1723 2202 1914 2276 βαπτί-

304 2296 448 2358 ζεταί
472 2314 527 2348 τε
553 2294 674 2370 παρ’
730 2293 891 2346 αὐτοῦ
945 2299 1036 2346 καὶ
1090 2295 1403 2347 υἱοθετεῖται
1465 2295 1534 2330 ⁴⁰’
1588 2294 1644 2356 ὅς
1698 2298 1789 2347 καὶ
1837 2300 1912 2366 τῷ

305 2385 520 2460 βασιλεῖ
580 2384 790 2456 Ἀλεξίῳ
874 2379 1181 2459 συναπέδρα
1255 2380 1551 2459 ἀποδράντι
1612 2390 1709 2442 τῆν
1778 2389 1915 2436 Κων-

307 2480 577 2529 σταντίνου
645 2475 712 2528 “.
774 2472 908 2527 Ἀλλ’
956 2472 1040 2544 [Ρ.
1101 2473 1157 2544 8]
1205 2475 1348 2526 οὔπω
1400 2476 1599 2544 συχναὶ
1648 2471 1914 2548 παρῆλθον

2019 1845 2208 1902 multo
2233 1850 2369 1919 post
2388 1847 2477 1902 vir
2496 1846 2752 1919 quidam
2774 1846 2930 1903 clam
2957 1847 3036 1903 ad
3060 1846 3264 1920 ipsum
3283 1846 3676 1919 proﬁciscens

2017 1933 2214 1991 fratris
2271 1935 2505 1992 obitum
2575 1935 2812 1992 nuntiat
2865 1954 2878 2005 ;
2929 1935 3036 2009 qui
3114 1935 3216 1991 vili
3270 1935 3334 1991 in
3388 1938 3552 1992 veste
3603 1950 3676 1993 ac

2019 2023 2353 2096 squallente
2417 2039 2556 2081 cum
2582 2024 2794 2082 nuntio
2824 2024 2933 2080 iter
2963 2024 3318 2095 ingreditur.
3373 2025 3451 2083 Et
3485 2040 3523 2081 a
3551 2024 3677 2082 suis

2021 2113 2295 2183 cognitus
2323 2115 2636 2170 Persarum
2667 2112 3033 2186 principatui
3078 2116 3311 2186 praeest,
3361 2112 3676 2171 Theodoro

2018 2202 2366 2274 imperatori
2418 2201 2558 2258 belli
2606 2201 3056 2259 discriminibus
3101 2218 3260 2275 saepe
3308 2201 3529 2260 afﬂicto
3569 2201 3676 2259 de-

2018 2291 2370 2364 bilitatoque
2395 2306 2519 2348 non
2550 2291 2735 2348 modo
2760 2291 3153 2349 auxiliaribus
3183 2291 3393 2364 copiis,
3428 2290 3535 2348 sed
3571 2290 3678 2349 fce-

2021 2380 2163 2437 dere
2187 2381 2369 2437 etiam
2384 2385 2562 2453 pacto
2583 2380 2844 2453 (Annam
2866 2380 3029 2438 enim
3048 2380 3493 2454 imperatricem
3513 2396 3680 2439 soro-

2022 2485 2152 2526 rem
2182 2469 2609 2542 compellabat)
2636 2470 2912 2543 apprime
2943 2469 3272 2543 proﬁcuus.

303 2566 517 2638 ἡμέραι,
562 2567 652 2615 καὶ
701 2560 992 2634 ἀφικνεῖται
1024 2564 1155 2637 πρὸς
1198 2561 1356 2613 αὐτὸν
1408 2559 1538 2634 ἀνὴρ
1589 2563 1761 2635 κρύφα
1804 2562 2012 2634 μηνύων
2057 2558 2199 2630 αὐτῷ
2249 2562 2336 2611 τὸν
2385 2566 2478 2611 τοῦ
2532 2554 2758 2631 ἀδελφοῦ
2814 2558 2975 2612 αὐτοῦ
3014 2563 3171 2636 μόρον
3204 2581 3219 2594 θ
3254 2560 3310 2622 ὅς
3350 2564 3441 2613 καὶ
3493 2560 3684 2636 ῥάκεσι

305 2659 574 2725 πενιχροῖς
607 2650 910 2725 ἐσταλμένος
953 2652 1071 2723 μετ’
1094 2650 1255 2703 αὐτοῦ
1286 2648 1596 2723 ἀφικνεῖται,
1643 2650 1733 2701 καὶ
1778 2657 1888 2713 τοῖς
1926 2649 2087 2703 αὐτοῦ
2124 2650 2395 2710 καταστὰς
2421 2653 2681 2721 γνώριμος
2728 2650 3049 2722 Περσάρχης
3077 2649 3468 2723 ἐπιφημίζεται.
3521 2645 3686 2710 Οὗτος

304 2745 396 2795 καὶ
422 2750 496 2813 τῷ
524 2739 732 2814 βασιλει
760 2736 1028 2814 Θεσδώρῳ
1048 2742 1098 2792 ἓν
1143 2758 1257 2792 τισι
1281 2746 1483 2813 καιροῖς
1515 2741 1964 2814 στενοχωρηθέντι
1991 2740 2037 2775 ⁸⁵
2067 2743 2341 2813 χρήσιμος
2372 2736 2614 2811 ἀνεφάνη,
2649 2743 2964 2812 συμμαχίαν
3003 2734 3132 2802 δοὺς
3157 2743 3248 2792 καὶ
3275 2740 3345 2792 τὰ
3372 2738 3445 2800 εἰς
3477 2740 3686 2813 εἰρήνην

307 2833 653 2904 σπεισάμενος
691 2830 741 2866 ’⁸³
770 2850 782 2863 ·
814 2829 885 2891 ὠς
911 2825 1141 2901 ἀδελφὴν
1171 2828 1270 2901 γὰρ
1302 2832 1396 2888 τὴν
1436 2825 1697 2901 βασιλίδα
1719 2827 1913 2883 ’Ἄνναν
1953 2828 2235 2902 ὠνόμαζεν.

379 2922 424 2974 θ’
485 2922 623 2992 Πρὸς
670 2926 854 2971 τοῦτον
925 2919 956 2976 ἠ
1034 2922 1186 2970 πᾶσα
1243 2914 1451 2978 σπουδή
1509 2926 1603 2971 τοῦ
1661 2917 1920 2991 βασιλέως
1950 2923 1990 2979 C

322 3007 534 3071 Αλεξιου
628 3008 908 3079 ἀφικέσθαι
1000 3013 1207 3079 προσῆν
1257 3027 1271 3041 ο
1318 3002 1739 3080 έδυσανασχέτει
1817 3009 1918 3080 γὰρ

315 3095 476 3150 ἐλθεῖν
531 3098 677 3171 παρὰ
721 3099 810 3150 τὸν
860 3094 1086 3169 βασιλέα
1129 3100 1218 3148 καὶ
1261 3096 1498 3171 γαμϐρὸς
1539 3094 1814 3173 Θεοδωρον
1846 3098 1916 3154 “.

308 3178 570 3258 Ἐφοδίοις
610 3185 736 3257 γοῦν
792 3184 1000 3260 ἀπάρας
1071 3194 1168 3247 τῆς
1230 3193 1323 3239 τοῦ
1384 3186 1609 3260 Μιχαὴλ
1671 3194 1769 3259 γῆς
1827 3190 1918 3240 καὶ

307 3282 447 3350 φορῷ
492 3276 836 3348 χρησάμενος
888 3277 1142 3347 πνεύματι
1190 3282 1253 3349 τῇ
1309 3284 1404 3338 τῆς
1457 3275 1708 3332 Ἀττάλου
1756 3295 1918 3350 προσ-

307 3369 553 3439 ώρμισεν.
635 3364 1023 3437 Ἀσμενέστατα
1095 3372 1222 3437 γοῦν
1299 3368 1443 3439 παρά
1522 3373 1613 3419 τοῦ
1696 3364 1918 3419 σουλτὰν

308 3448 716 3528 προσδέδεκται.
743 3452 801 3505 Ὀ
833 3452 1084 3527 βασιλεὺς
1121 3451 1182 3507 δὲ
1211 3451 1484 3529 Θεόδωρος
1532 3452 1716 3527 διῆγεν
1754 3458 1805 3509 εν
1851 3464 1914 3529 τῇ

306 3547 524 3616 Νικαίᾳ,
583 3547 674 3596 καὶ
711 3542 964 3617 πρεσϐεία
1013 3546 1143 3619 πρὸς
1204 3551 1298 3596 τοῦ
1356 3543 1578 3597 σουλτάν
1629 3545 1743 3616 (64)
1793 3545 1919 3619 παρ’

308 3632 463 3686 αὐτὸν
522 3630 814 3705 ἀφικνεῖται
882 3637 979 3692 τὴν
1047 3639 1142 3685 τοῦ
1208 3631 1469 3706 βασιλέως
1524 3637 1616 3686 καὶ
1673 3636 1918 3710 πενθεροῦ

306 3720 642 3797 ’γνωριζουσα
688 3720 887 3794 ἄφιξιν,
934 3725 1024 3773 καὶ
1055 3724 1119 3782 ὡς
1167 3717 1352 3782 ἄδικος
1403 3724 1474 3773 εἶν
1534 3721 1733 3784 ξενικῆς
1780 3721 1919 3777 ἒπει-

305 3809 566 3885 λημμένος
618 3810 818 3887 ἀρχῆς.
865 3811 1176 3885 Ἐταράχθη
1221 3811 1336 3884 (65)
1366 3818 1491 3884 γοῦν
1548 3809 1633 3864 ἐπὶ
1684 3819 1796 3875 τοῖς
1833 3811 1919 3865 λό-

309 3919 425 3971 γοις
466 3902 492 3954 ὁ
528 3899 792 3974 βασιλεύς,
831 3906 922 3953 καὶ
974 3897 1087 3961 δέος
1140 3900 1279 3970 αὐτῷ
1329 3901 1561 3973 ἑπεισῄει
1616 3900 1744 3972 οὐχὶ
1789 3921 1919 3975 σμι-

312 3992 437 4062 κρὸν
477 4009 490 4023 ο
520 3991 545 4042 ὁ
574 3992 664 4063 μὲν
692 3992 794 4063 γὰρ
829 3989 1051 4043 σουλτὰν
1080 3992 1344 4062 πρόφασιν
1398 3984 1513 4060 εἶχε
1562 3992 1650 4042 τὸν
1693 3988 1920 4062 βασιλέα

310 4078 556 4149 Ἀλέξων,
587 4088 648 4152 τῇ
704 4076 764 4132 δὲ
807 4078 1025 4150 ἀληθείᾳ
1064 4080 1261 4139 σκοπὸς
1306 4074 1368 4135 ἧν
1418 4077 1559 4148 αὐτῷ
1601 4084 1777 4131 πᾶσαν
1825 4085 1920 4139 τὴν

313 4169 578 4242 Ῥωμαίων
640 4164 998 4243 καταδραμεῖν
1064 4171 1155 4218 καὶ
1231 4165 1664 4225 καταληῖσασθαι
1729 4172 1760 4226 ἤ
1828 4174 1918 4222 καὶ

2101 2922 2152 2974 9.
2186 2917 2275 2974 Ad
2302 2917 2464 2974 hunc
2509 2919 2577 2975 ut
2622 2916 2933 2975 accederet
2984 2932 3098 2974 sua
3150 2917 3349 2976 studia
3395 2916 3688 2976 convertit

2027 3008 2236 3066 omnia
2262 3007 2502 3064 Alexius
2530 3007 2897 3081 imperator:
2929 3007 3009 3065 ad
3047 3007 3474 3081 imperatorem
3523 3006 3685 3067 enim

2027 3097 2765 3168 etgenerumTheodorum
2789 3097 3037 3155 moleste
3057 3097 3682 3156 accedebat.C.omme-

2028 3192 2162 3244 atus
2188 3186 2391 3261 itaque
2417 3186 2762 3244 subvehens
2793 3203 2826 3244 e
2857 3186 3080 3244 ditione
3141 3186 3439 3245 Michaelis
3485 3186 3682 3253 solvit,

2027 3282 2083 3333 et
2115 3276 2220 3347 17
2259 3277 2451 3333 ventis
2499 3293 2753 3350 operam
2796 3276 3084 3333 dantibus
3131 3276 3212 3334 ad
3256 3275 3430 3334 Attali
3468 3276 3685 3334 urbem

2026 3364 2355 3433 descendit,
2379 3369 2437 3421 et
2454 3381 2644 3438 quam
2664 3364 3056 3439 cupidissime
3079 3365 3371 3424 asultano
3391 3365 3687 3439 excipitur

2025 3453 2265 3511 interim
2322 3454 2534 3511 Nicaeae
2586 3455 2903 3512 Theodoro
2947 3455 3294 3530 imperatori
3358 3454 3601 3526 degenti
3649 3470 3688 3513 θ.

2028 3542 2264 3600 sultano
2277 3542 2500 3613 legatio
2523 3543 2933 3616 mittitur,quae
2948 3549 3004 3601 et
3023 3544 3402 3617 imperatoris
3419 3547 3473 3600 et
3493 3542 3687 3599 soceri

2026 3631 2327 3690 nontiaret
2357 3631 2706 3703 adventum,
2739 3637 2797 3689 et
2819 3646 3008 3702 quam
3036 3633 3299 3704 injustus
3318 3635 3479 3688 esset
3499 3631 3681 3688 alieni

2026 3721 2398 3795 principatus
2421 3726 2767 3793 occupator.
2782 3720 3185 3778 Conturbatus
3209 3721 3687 3793 animoimpera-

2029 3815 2121 3867 tor
2148 3809 2331 3865 nimis
2350 3807 2507 3865 male
2532 3809 2729 3865 timuit
2753 3814 2912 3866 totus
2930 3811 2990 3868 S.
3011 3808 3292 3866 Sultanus
3308 3809 3471 3865 enim
3490 3808 3688 3882 specie

2026 3898 2460 3973 propugnandi
2480 3898 2688 3962 Alexii,
2720 3915 2783 3955 re
2811 3904 3007 3955 autem
3027 3899 3165 3972 ipsa
3183 3902 3487 3957 Romanos
3507 3915 3686 3970 agros

2029 4005 2241 4047 omnes
2266 4005 2578 4045 excurrere
2603 3989 3082 4061 populabundus
3108 3996 3166 4046 et
3192 3990 3398 4047 ditioni
3437 3989 3683 4047 Persicas

2029 4078 2252 4136 addere
2269 4078 2542 4134 animum
2567 4077 2905 4136 induxerat.
2931 4082 3229 4153 Erantque
3266 4096 3362 4136 res
3391 4078 3685 4136 Theodori

2027 4169 2090 4226 in
2121 4173 2383 4240 angusto
2409 4168 2632 4242 oppido
2662 4173 2899 4242 coactae,
2932 4176 2988 4227 et
3014 4176 3079 4226 ut
3102 4170 3271 4228 aiunt
3293 4171 3355 4227 in
3394 4170 3522 4226 acie
3569 4186 3684 4227 no—

307 4257 411 4311 ὐπό
463 4258 608 4332 ξεῖρα
659 4258 1009 4324 ποιήσασθαι,
1050 4260 1141 4309 καὶ
1193 4252 1254 4315 ἧν
1303 4254 1388 4309 ἐπὶ
1437 4264 1634 4332 χυροῦ,
1695 4261 1725 4309 ὅ
1768 4278 1918 4330 φασι,

2028 4258 2481 4325 vaculae.Quare
2502 4259 2846 4315 convocatis
2871 4259 2998 4315 suis
3011 4261 3295 4317 omnibus
3311 4260 3683 4334 explorabat,

252 4417 261 4423 _
306 4356 381 4419 τῷ
418 4346 631 4421 βασιλεῖ
680 4344 934 4422 Θεοδώρῳ
991 4348 1057 4398 τὰ
1112 4348 1418 4421 πράγματα.
1477 4353 1784 4420 Συναγαγὼν
1831 4345 1919 4401 οὖν

306 4441 431 4500 τοὺς
489 4437 650 4490 αὐτοῦ
716 4435 956 4511 ἐπειρᾶτο
1023 4438 1239 4503 τούτων,
1305 4440 1406 4489 εἴτε
1462 4440 1603 4508 αὐτῷ
1663 4442 1920 4513 προσανέ-

310 4545 498 4599 χοντες
544 4524 605 4577 ἂν
662 4526 759 4579 εἶεν
815 4528 916 4577 εἴτε
970 4532 1044 4596 τῷ
1096 4526 1324 4598 πενθερῷ
1365 4525 1523 4579 αὐτοῦ
1574 4534 1648 4598 τῷ
1709 4526 1923 4600 βασιλεῖ

2028 4348 2090 4405 in
2121 4365 2377 4405 suamne
2411 4364 2490 4405 an
2519 4350 2580 4404 in
2610 4349 2797 4406 soceri
2826 4349 3206 4422 imperatoris
3231 4349 3421 4407 Alexii
3448 4355 3709 4423 partem‘

2032 4438 2251 4496 abituri
2271 4439 2518 4496 essent?
2541 4438 2624 4495 illi
2639 4455 2851 4496 omnes
2863 4455 2986 4497 uno
3007 4455 3110 4497 ore
3148 4439 3331 4497 veluti
3373 4457 3447 4498 ex
3463 4444 3687 4497 tessera

2029 4527 2380 4598 inclamare,
2398 4533 2503 4586 aut
2524 4545 2647 4585 una
2680 4545 2821 4586 cum
2846 4545 2917 4586 eo
2965 4546 3028 4587 se
3043 4531 3243 4587 vivere
3265 4534 3369 4588 aut
3388 4545 3513 4587 una
3532 4527 3690 4587 mori

385 4624 934 4703 ‘9A9u7tkg—uia'61]
968 4622 1018 4686 ἐς
1050 4623 1415 4703 Ἀλέξιονιῇκε
1464 4634 1648 4679 τοῦτον
1700 4630 1790 4703 καὶ
1831 4626 1958 4700 παρ’
2006 4627 2166 4680 αὐτοῦ
2224 4628 2360 4680 υἰοθ.
2407 4628 2472 4682 D.
2531 4628 2576 4664 ⁴¹
2613 4623 2918 4703 Αάποὸράντι
2978 4638 3074 4692 τῆς
3123 4634 3512 4684 Κωνσταντίνου
3560 4644 3687 4687 om.

316 4698 384 4754 D.
415 4695 1012 4773 ⁴²-ἔνέστενοχωρηθέντι
1038 4711 1160 4753 Οω.
1187 4698 1252 4752 D.
1283 4696 1332 4731 ‘3
1357 4701 1448 4751 καὶ
1470 4729 1544 4738 —
1573 4695 1920 4771 σπεισάμενος

2027 4701 2135 4755 i.D.
2169 4700 2216 4733 ἰδ
2244 4702 2375 4771 πρὸς
2404 4730 2475 4740 -
2497 4695 2780 4775 Θεόδωρον
2796 4716 2918 4757 om.
2947 4703 3013 4757 D.

1163 4792 1508 4862 Theodori
1556 4796 1808 4864 Dousae
1857 4806 1926 4864 et
1971 4796 2220 4866 Leonis
2267 4796 2506 4865 Allatii
2553 4806 2757 4867 notae.

317 4912 527 4999 cedere
541 4911 802 4999 cogitur;
828 4914 884 4968 et
905 4908 1036 4992 aliis
1048 4907 1228 4999 etiam
1246 4908 1521 4999 cladibus
1535 4909 1761 4968 fractus
1783 4928 1923 4999 cum

313 4988 583 5055 Argosget
608 4981 862 5039 ﬁnitima
879 4981 1106 5055 oppida
1128 4986 1418 5055 occupata
1434 4998 1575 5055 esse
1602 4987 1875 5055 cerneret
1889 4998 1926 5040 a

317 5053 689 5124 marchione,
719 5055 779 5110 in
813 5053 1237 5109 Acrocorintho
1266 5053 1447 5110 veluti
1474 5053 1539 5110 in
1568 5058 1739 5110 antro
1779 5059 1834 5110 et
1863 5054 1926 5110 in

319 5127 612 5199 spelunca
643 5124 923 5199 seabdit,
954 5124 1028 5199 in‘
1066 5124 1258 5181 arduo
1296 5129 1500 5181 monte
1518 5125 1641 5199 _sito
1687 5141 1758 5182 ac
1784 5126 1927 5199 fere

318 5195 805 5270 inexpugnabili,
825 5197 915 5251 vir
943 5195 1321 5270 inhumanus
1362 5213 1433 5252 ac
1473 5196 1710 5264 efferus,
1732 5196 1928 5270 _cladi-

319 5268 440 5341 bus
467 5266 741 5341 urbium,
791 5266 1108 5324 hominum
1156 5266 1421 5341 caedibus
1465 5274 1520 5325 et
1564 5268 1927 5341 populorum

320 5338 761 5411 direptionibus
796 5353 1178 5411 summopere
1209 5339 1502 5411 gaudens,
1545 5338 1665 5411 qui“
1689 5356 1798 5395 nec
1824 5355 1928 5411 pa-

320 5409 599 5483 triae—suae
620 5409 869 5482 Nauplio
892 5409 1174 5483 pepercit,
1195 5416 1252 5466 et
1271 5409 1585 5483 Nicolaum
1603 5409 1924 5483 Corintliio.

322 5481 866 5556 archiepiscopum,
904 5481 1091 5556 nam,
1145 5481 1740 5556 quohreconciliatus
1809 5482 1930 5537 fue-

322 5558 439 5627 r_at,
468 5552 621 5611 inter
671 5552 883 5627 epulas
927 5552 1126 5627 eﬁ‘osis
1165 5553 1353 5610 oculis
1380 5554 1665 5627 primum,
1716 5559 1929 5627 postea

324 5624 402 5683 de
430 5642 576 5699 rupe
612 5624 1023 5703 praecipitavit.

830 5715 1076 5770 PATROL.
1119 5716 1219 5771 Gn.
1262 5716 1407 5771 CXL.

2101 4912 2216 4990 (62)
2253 4912 2391 4990 νΗν-
2410 4914 2508 4986 ’γὰρ
2564 4910 2727 4990 οὗτος
2757 4916 2874 4966 τότε
2911 4916 3096 4990 μέρους
3116 4985 3126 4990 _
3144 4917 3290 4990 τινὸς
3317 4921 3412 4976 τῆς
3436 4912 3688 4990 παλαιᾶς.

2033 4983 2316 5053 BlOndus,
2348 4983 2434 5041 De
2461 4983 2639 5056 gestis
2676 4983 3048 5051 Venetor‘u'm,
3081 4985 3329 5042 ridicule
3357 4985 3500 5042 satis
3523 4987 3691 5054 pari-

2036 5056 2471 5129 tequo/freduﬁs
2518 5056 2590 5129 de
2646 5056 2825 5129 Villa.
2878 5056 3168 5124 Gallicus,
3201 5058 3306 5129 qui
3333 5057 3398 5113 in
3447 5056 3692 5112 Achaiae

2028 5128 2384 5198 principatu
2418 5128 2728 5184 Dominico
2785 5127 2858 5184 de
2911 5129 2973 5186 la
3011 5130 3170 5185 Dosa
3206 5127 3588 5195 successerat,
3635 5132 3692 5184 et

2034 5198 2298 5256 Michael
2329 5200 2657 5256 Comnenos
2685 5200 2926 5256 Grmcus
2991 5200 3206 5257 nobilis
3252 5216 3387 5257 cum
3443 5200 3695 5268 Pelopo-

2036 5285 2194 5343 nesro,
2227 5287 2392 5328 nunc
2429 5271 2637 5328 Morea
2659 5271 2843 5339 dicta,
2874 5286 2985 5341 per
3002 5272 3286 5343 fraudem
3321 5273 3552 5329 Veneta
3574 5271 3689 5329 rei-

2033 5342 2291 5412 publicw
2315 5344 2828 5413 obedientiamque
2850 5342 3321 5413 spopcnderunt.
3350 5346 3497 5400 ALL.

2107 5415 2225 5488 (63)
2254 5415 2563 5488 Ἰαθατίνην.
2592 5416 2907 5488 Gregoras,
2920 5415 3022 5470 lib.
3056 5431 3099 5470 ι.
3127 5430 3188 5488 p.
3224 5421 3308 5472 t7.
3336 5420 3470 5472 ALL.

2110 5486 2222 5561 (ﬁli)
2253 5486 2514 5561 Πρεσςεία
2536 5489 2662 5561 πρὸς
2686 5492 2779 5537 τοῦ
2802 5486 3045 5541 σουλτάν.
3077 5486 3367 5559 Gregoras
3414 5503 3488 5544 ex
3512 5488 3693 5544 Acro-

2039 5556 2251 5630 polita,
2281 5556 2390 5614 sua
2419 5556 2650 5624 habuit,
2691 5573 2749 5630 p.
2797 5561 2880 5613 17.
2921 5562 3058 5614 ALL.

2113 5629 2221 5701 (65)
2244 5629 2571 5703 Ἐταράχθη,
2605 5629 2916 5702 Gregoras,
2948 5646 3009 5704 p.
3044 5635 3129 5688 17.
3160 5635 3296 5688 ALL.

3238 5722 3308 5777 32
