4152 6384
296 316 401 375 100
421 319 452 371 5

1798 315 2141 372 ANNALES.

3543 320 3687 379 1006

298 440 324 491 6
392 440 483 512 μὶν
543 437 764 491 σουλτὰν
830 438 1024 511 κορύνῃ
1101 436 1238 488 κατά
1285 434 1508 507 κεφαλῆς
1560 435 1772 496 πλήττει
1820 441 1911 492 τὸν

2021 439 2227 506 fultus,
2253 444 2483 497 erectus
2504 441 2828 516 strictoque
2850 442 3052 513 gladio
3085 441 3309 500 sultani
3332 442 3474 501 inde
3500 460 3697 505 rever-

300 526 544 602 βασιλέα,
594 532 685 579 καὶ
736 530 918 579 πίπτει
963 532 1052 576 τοῦ
1105 525 1265 576 ἶππου
1301 545 1312 556 ·
1359 521 1419 582 ἦν
1473 527 1574 599 γὰρ
1639 534 1699 599 τῇ
1779 525 1909 600 βολῇ

301 613 728 678 σκοτοδινιάσας.
759 609 1158 687 Συνεμποδίσθη
1188 614 1313 688 γὰρ,
1345 615 1414 674 ὥς
1463 634 1613 686 φασι,
1668 623 1730 688 τῇ
1778 615 1908 690 βολῇ

298 708 443 759 καὶὸ
476 708 654 771 ἵππος,
706 704 801 757 οὐκ
844 699 946 756 οἶδ’
1000 702 1045 755 εἰ
1077 707 1169 755 καὶ
1225 705 1412 755 τούτου
1467 701 1713 779 δευτέραν
1770 709 1913 781 παρὰ

300 803 393 849 τοῦ
444 795 665 848 σουλτὰν
720 792 960 853 λαϐόντος
1002 791 1231 864 πληγήν.
1266 791 1402 855 Ἐξω
1458 789 1508 845 δ’
1566 790 1653 845 οὖν
1706 803 1798 847 τοῦ
1830 798 1912 848 ἰπ-

299 905 403 938 που
436 887 462 937 6
503 883 753 958 βασιλεὺς
789 888 1059 955 γενόμενος
1107 885 1198 933 καὶ
1238 882 1344 934 οἷον
1381 882 1603 956 ῥωσθεὶς
1643 885 1741 935 ὑπὸ
1784 886 1912 937 θειο-

302 978 453 1048 τέρας
483 970 769 1046 δυναμεως,
798 970 882 1025 ἐπὶ
910 967 1083 1033 πόδας
1116 973 1327 1032 σταθεὶς
1376 975 1470 1029 τὴν
1498 973 1705 1030 σπάθην
1741 971 1912 1042 ἐξάγει

301 1071 395 1135 τοῦ
446 1062 676 1129 κουλεοῡ,
703 1066 793 1117 καὶ
850 1068 943 1114 τοῦ
986 1060 1205 1114 σουλτὰν
1251 1057 1450 1113 ἐνθένδε
1482 1066 1792 1135 στραφέντος
1822 1068 1915 1117 καὶ

301 1128 620 1227 όϐριστικῶς
658 1150 969 1215 ἐπειπόντος,
1012 1172 1040 1201 ‹‹
1082 1149 1279 1205 Λάϐετε
1331 1155 1554 1215 τουτονὶ,
1616 1173 1644 1201 n
1693 1152 1910 1210 πλήττει

298 1247 415 1305 τοὺς
442 1244 717 1306 ὀπισθίους
760 1239 928 1303 πόδας
966 1251 1063 1304 τῆς
1111 1248 1203 1295 τοῦ
1238 1241 1457 1295 σουλτὰν
1490 1243 1650 1294 ἵππου
1682 1243 1708 1294 ό
1749 1241 1907 1315 βασι-

296 1334 411 1395 λεύς
448 1353 460 1366 '
516 1332 720 1393 θηλείας
767 1329 826 1386 δέ
881 1331 1138 1404 ἐπωχεῖτο
1170 1336 1260 1384 καὶ
1306 1331 1707 1405 ὑπερμεγέθους.
1737 1330 1827 1394 Ὠς
1857 1330 1911 1385 ἐκ

297 1425 502 1496 πύργου
541 1429 665 1494 γοῦν
697 1423 722 1474 6
756 1421 978 1475 σουλτὰν
1025 1420 1427 1489 καταϐάλλεται,
1482 1425 1573 1472 καί
1615 1423 1665 1472 οἱ
1719 1420 1912 1493 αἰφνη-

304 1508 397 1564 δὸν
438 1510 552 1582 (74)
608 1513 638 1569 ἡ
691 1509 880 1584 κεφαλή
939 1508 1297 1583 ἁπονέμνεται,
1346 1514 1478 1581 μήτε
1521 1516 1612 1562 τοῦ
1654 1508 1914 1581 βασιλέως

301 1604 507 1674 γνόντος
555 1599 675 1673 μήθ’
756 1599 924 1675 ἐτέρου
979 1608 1081 1652 τῶν
1136 1602 1515 1673 συμπαρόντων
1573 1606 1646 1669 τῷ
1703 1597 1915 1671 βασιλεῖ

300 1692 447 1764 παρὰ
469 1697 561 1743 τοῦ
608 1694 1052 1763 κεκαρατόμηται.
1092 1694 1235 1761 Νικᾷ
1288 1695 1415 1761 γοῦν
1454 1686 1679 1741 ἐντεῦθεν
1731 1689 1757 1740 6
1812 1686 1912 1761 βα·-

2022 528 2511 602 si,injurioseque
2534 531 2969 589 conclamantis
2985 554 3013 583 ‹‹
3029 532 3229 606 Capite
3246 533 3431 601 hunc,
3455 557 3476 584 ι
3497 540 3693 608 poste-

2023 617 2211 673 riores
2239 633 2433 691 equae,
2490 635 2614 693 qua
2666 620 2921 677 immani
2968 619 3064 677 ille
3113 621 3466 692 vehebatur,
3506 624 3694 696 pedes

2027 704 2221 761 caedit.
2275 705 2543 778 Indeque
2611 710 2862 781 tanqum
2912 724 2943 764 e
3004 707 3151 764 turri
3200 708 3413 781 dejecti
3470 711 3693 770 sultani

2021 800 2206 867 caput
2233 797 2503 853 humeris
2536 798 2831 858 avellitur:
2855 815 2891 856 a
2916 814 3187 872 quonam
3198 815 3341 856 vero
3352 801 3690 861 abscissum

2022 883 2114 951 sit,
2148 900 2345 957 neque
2370 885 2698 959 imperator
2727 887 2858 960 ipse
2888 903 3085 961 neque
3107 903 3181 943 ex
3208 887 3280 943 iis
3308 889 3413 961 qui
3438 890 3691 950 aderant

2019 972 2324 1045 quispiam
2352 975 2676 1047 perspexit.
2701 976 3016 1033 Potissima
3040 976 3242 1049 itaque
3268 977 3360 1033 sui
3387 982 3553 1049 parte
3582 979 3688 1038 de-

2016 1060 2375 1131 victus,cum
2392 1062 2542 1120 ultra
2554 1063 2835 1136 progredi
2846 1081 2985 1121 cum
2997 1063 3264 1121 millibus
3276 1064 3444 1122 haud
3458 1073 3688 1140 posset,

2017 1145 2344 1221 imperator
2371 1150 2607 1208 devicit.
2656 1152 2802 1209 Hinc
2842 1153 3124 1210 relaxatis
3165 1153 3385 1211 animis
3432 1156 3688 1215 Romani

2017 1238 2404 1311 respirarunt.
2430 1243 2718 1314 Perpetuo
2740 1229 3383 1316 namque'Musulmani
3408 1259 3549 1301 cum
3573 1248 3682 1303 Ro-
3740 1316 3743 1321 ι

2019 1328 2240 1398 manis,
2287 1344 2607 1402 nunquam
2657 1330 3060 1389 rescindendo
3120 1331 3398 1389 amicitiae
3459 1332 3684 1392 fcedere

2022 1417 2228 1473 sociati
2251 1422 2391 1474 sunt
2418 1437 2430 1488 ;
2454 1435 2577 1492 quo
2607 1436 2644 1476 a
2663 1420 2908 1478 Persicis
2939 1421 3161 1493 pugnis
3191 1420 3344 1479 liber
3360 1421 3688 1497 imperator

2021 1505 2304 1562 Italorum
2321 1507 2540 1579 praeliis
2555 1509 2816 1564 animum
2840 1509 3209 1567 advertebat.
3227 1511 3690 1585 Comprehendit

2023 1597 2080 1650 et
2105 1611 2383 1652 socerum
2412 1596 2683 1653 Alexium
2715 1598 2776 1654 in
2801 1598 2951 1670 acie,
2990 1616 3176 1672 quem
3222 1599 3427 1658 debito
3457 1601 3689 1659 honore

2024 1684 2305 1741 affectum
2335 1685 2592 1744 Nicaeam
2620 1687 2930 1763 conduxit,
2945 1688 3407 1763 insignibusque
3436 1690 3692 1765 impera-

304 1778 477 1841 σιλεὺς
504 1782 563 1832 τό
588 1778 829 1832 πλεῖστον
881 1777 1223 1852 ἒξηττημένος
1257 1799 1269 1811 ·
1308 1773 1433 1830 οὐδὲ
1473 1779 1575 1851 γὰρ
1635 1774 1773 1849 εἶχεν
1828 1775 1912 1830 ἐπὶ

2025 1773 2185 1829 toriis
2249 1775 2365 1846 20
2422 1775 2748 1847 spoliatum
2800 1776 2864 1833 in
2901 1777 3222 1853 Hyacinthi
3254 1781 3692 1838 monasterium

298 1870 367 1921 τὰ
448 1872 631 1942 πρόσω
724 1875 919 1944 χωρεῖν
1004 1868 1136 1940 μετὰ
1215 1871 1437 1940 μετρίων
1516 1864 1907 1939 ἐλλελειμμένος.

297 1963 461 2011 Τοῦτο
508 1966 623 2019 τοῖς
667 1957 945 2030 Ῥωμαίοις
991 1960 1106 2029 (75)
1178 1954 1460 2027 ἀναψυχῆς
1527 1954 1723 2027 ἐγένετο
1786 1958 1911 2027 πρό-

299 2065 458 2119 φασις
488 2060 521 2080 “·
565 2042 801 2107 σπονδὰς
853 2047 952 2121 γὰρ
1023 2044 1247 2098 ἐντεῦθεν
1313 2043 1607 2119 ἀρρήκτους
1662 2046 1711 2097 οἱ
1765 2051 1916 2107 Meo;

2020 1863 2327 1934 relegavit,
2368 1864 2473 1920 ubi
2510 1869 2567 1922 et
2596 1866 2756 1923 diem
2808 1883 2988 1923 suum
3016 1867 3182 1925 obiit.
3242 1868 3475 1941 Conjux
3531 1869 3690 1927 illius

2019 1954 2417 2026 Euphrosyne
2442 1955 2504 2010 in
2543 1959 2684 2013 Arta
2718 1956 2886 2027 urbe,
2919 1956 2983 2013 in
3028 1972 3153 2031 qua
3198 1960 3257 2015 et
3301 1957 3540 2032 sepulta
3577 1963 3685 2038 est,

2019 2043 2143 2099 vita
2174 2042 2445 2099 excessit.

300 2134 584 2208 σουλμάνοι
611 2137 744 2208 μετὰ
765 2134 1031 2208 Ῥωμαίων
1052 2133 1327 2193 ἐποίησαν.
1352 2133 1611 2187 Ἐντεῦθεν
1631 2141 1722 2194 τῆς
1744 2131 1909 2186 ἐκεῖσε
1929 2134 2114 2206 μάχης
2135 2130 2425 2206 ἐκεχειρίαν
2447 2134 2603 2205 ἔσχεν
2626 2134 2652 2187 6
2681 2133 2957 2207 βασιλεὺς,
2982 2141 3093 2197 τοῖς
3121 2131 3172 2188 δ’
3196 2134 3404 2189 Ἰταλῶν
3432 2134 3680 2212 πολέμοις

298 2223 968 2300 ἔσχόλαζεν.Προσελάϐετο
993 2220 1050 2277 δὲ
1066 2224 1181 2295 (76)
1193 2228 1284 2276 καὶ
1299 2226 1386 2276 τὸν
1402 2225 1642 2296 πενθερὸν
1656 2222 1813 2276 αὐτοῦ
1826 2225 1913 2275 τὸν
1927 2219 2153 2296 βασιλέα
2169 2220 2391 2284 Ἀλέξιον
2408 2221 2458 2274 ἐν
2475 2230 2537 2282 τῆ
2562 2225 2716 2297 μάχῃ
2741 2225 2900 2299 εὑρὼν
2921 2227 3089 2278 καὶτὰ
3105 2224 3281 2279 εἰκότα
3291 2226 3416 2299 τιμὴ
3426 2246 3541 2296 σας,
3553 2225 3688 2288 ἀπή-

296 2317 428 2386 γαγέ
446 2334 499 2367 τε
519 2315 590 2377 εἰς
613 2318 859 2385 Νίκαιαν,
885 2318 976 2367 καί
990 2322 1091 2366 τῶν
1110 2311 1400 2387 βασιλικῶν
1416 2317 1750 2386 παρασήμων
1773 2308 2005 2374 ἐκδύσας
2026 2310 2074 2364 ἓν
2096 2319 2156 2384 τῇ
2178 2318 2269 2363 τοῦ
2291 2310 2560 2364 Ὑακίνθου
2583 2321 2712 2386 μονῇ
2739 2310 2940 2386 διάγειν
2961 2312 3242 2384 ἐκέλευσεν,
3267 2317 3389 2369 ἔνθα
3408 2321 3499 2369 καὶ
3529 2317 3618 2377 θνή
3629 2335 3688 2371 σ-

297 2422 375 2456 κει
403 2424 415 2437 ·
450 2405 480 2462 ἡ
512 2407 614 2478 γὰρ
649 2404 879 2476 σύζυγος
907 2403 1068 2456 αὑτοῦ
1096 2402 1403 2477 Εὐφροσύνη
1436 2402 1548 2473 (77)
1569 2400 1617 2453 ἐν
1647 2409 1710 2474 τῇ
1743 2409 1842 2464 τῆς
1868 2399 2070 2475 ’Ἃρτης
2108 2399 2406 2458 ἐτελεύτησε
2433 2407 2610 2477 χώρᾳ,
2642 2404 2764 2455 ἔνθα
2805 2408 2892 2457 καὶ
2919 2404 2944 2457 6
2970 2407 3142 2480 νεκρὸς
3192 2405 3354 2469 αὐτῆς
3403 2408 3678 2466 κατετέθη.

370 2490 454 2549 ια’.
514 2495 835 2568 Περιεγένετο
868 2489 927 2545 δὲ
955 2496 1045 2545 καὶ
1104 2492 1129 2544 6
1180 2489 1435 2564 βασιλεὺς
1493 2487 1770 2564 Θεόδωρος
1825 2495 1917 2543 καὶ

298 2589 391 2634 τοῦ
428 2590 523 2642 τῆς
580 2581 938 2655 Παφλαγονίας
1003 2581 1118 2654 (78)
1173 2588 1489 2656 κρατοῦντος
1542 2577 1725 2648 Δανῐδ,
1826 2585 1917 2633 καὶ

305 2670 596 2744 Ηράκλειαν
678 2676 1046 2745 παρεστήσατο
1119 2674 1209 2722 καὶ
1286 2668 1587 2743 Ἄμαστριν
1667 2674 1758 2722 καὶ
1819 2674 1912 2728 τήν

299 2766 475 2813 πᾶσαν
524 2760 677 2835 πέριξ
704 2766 888 2835 χώραν
917 2765 1008 2812 καὶ
1063 2760 1131 2812 τὰ
1179 2758 1450 2831 πολίχνια.
1502 2759 1663 2810 Πάλιν
1709 2755 1768 2811 δὲ
1824 2778 1915 2832 μοι

296 2852 364 2903 τὰ
390 2858 488 2911 τῆς
518 2853 755 2922 ἱστορίας
801 2847 1048 2921 βούλεται
1077 2850 1143 2900 τὰ
1202 2847 1250 2900 ἐν
1301 2855 1361 2921 τῇ
1404 2847 1601 2921 ἑσπέρᾳ
1648 2846 1914 2920 ξυμϐάντα

2101 2490 2156 2545 tt
2199 2489 2539 2561 Proﬂigavit
2577 2490 2863 2565 deinceps
2904 2492 3233 2565 imperator
3256 2493 3602 2553 Theodorus
3632 2498 3691 2553 et

2028 2578 2313 2636 Davidem
2338 2578 3130 2651 Paphlagoniaedominum,
3166 2586 3223 2640 et
3245 2578 3328 2640 irf
3333 2587 3691 2656 potestatem

2023 2667 2241 2738 redigit
2288 2666 2652 2736 Heracleam,
2713 2669 3057 2739 Amastrim,
3091 2674 3227 2729 loca
3254 2672 3316 2729 in
3378 2672 3463 2729 eis
3508 2677 3691 2747 atque

2023 2756 2318 2830 oppidula
2339 2757 2562 2813 omnia.
2578 2759 2839 2814 Rursum
2862 2775 3072 2816 cursus
3097 2761 3386 2818 orationis
3408 2762 3470 2818 id
3490 2766 3695 2835 postu-

2021 2845 2103 2902 lat
2137 2850 2202 2902 ut
2240 2863 2377 2919 quae
2430 2850 2601 2919 gesta
2652 2851 2793 2903 sunt
2845 2846 2905 2905 in
2936 2848 3244 2907 occidente
3275 2866 3592 2908 enarrem:
3621 2855 3690 2910 ut

302 2915 739 3011 συγγράψασθαι.
801 2915 883 3009 (Ρ.
950 2940 1034 3004 10]
1081 2934 1191 2989 Ἵνα
1222 2931 1281 2988 δέ
1306 2915 1395 3010 μίοι
1441 2938 1471 2996 ἠ
1531 2915 1743 3010 ιστορία
1805 2944 1915 3000 τοῖς

2021 2951 2161 2992 vero
2180 2935 2431 2992 historia
2452 2934 2736 2993 omnibus
2756 2939 3076 3012 perspicua
3097 2938 3190 3011 sit,
3214 2956 3415 3014 pauca
3437 2941 3689 3015 quidem

299 3033 463 3078 πᾶσιν
519 3029 806 3097 εὔγνωστος
863 3027 961 3096 εἴη,
1019 3022 1135 3078 δέον
1193 3025 1325 3097 ὀλίγ’
1384 3027 1518 3078 ἄττα
1567 3025 1907 3101 προεξειπεῖν.

370 3121 475 3168 Τοῦ
544 3113 806 3188 βασιλέως
872 3114 1140 3169 Ἰσαακίου
1189 3123 1285 3177 τῆς
1356 3119 1746 3168 Κωνσταντίνου
1797 3114 1912 3189 (79)

2022 3024 2406 3100 praedicenda
2427 3030 2585 3083 sunt.

2095 3117 2243 3172 Cum
2292 3114 2618 3188 imperator
2663 3115 2926 3174 Isaacius
2998 3133 3128 3175 rem
3193 3124 3424 3192 regeret
3494 3120 3687 3195 Cpoli-

1190 3231 1536 3300 Theodori
1584 3232 1837 3300 Dousa;
1885 3239 1953 3300 et
2001 3231 2247 3301 Leonis
2298 3231 2531 3299 Allatii
2579 3241 2784 3302 notae.

368 3372 484 3457 (74)
514 3378 618 3457 Καί
663 3371 1030 3457 οξᾼαίφνηδόν.
1082 3378 1374 3457 Gregoras
1426 3378 1651 3457 tamen,
1708 3392 1781 3457 ρ.⁵
1816 3377 1906 3448 21,

300 3445 384 3529 ait
407 3445 591 3529 caput
613 3445 837 3529 sultant
885 3451 1236 3529 amputasse
1261 3447 1667 3529 :I‘heodoru‘m,
1709 3445 1908 3529 idque

295 3517 469 3646 basta
481 3517 569 3644 ir;L
575 3517 763 3574 altum
785 3517 1007 3574 elatum
1028 3518 1306 3576 barbaris
1331 3518 1689 3574 exercitibus
1710 3534 1778 3575 os
1789 3517 1910 3575 tén-

340 3606 487 3646 isse.
573 3606 663 3645 LL.

340 3590 487 3648 isse.
525 3595 663 3645 ALL.

367 3659 484 3735 (75)
551 3667 715 3714 Τοῦτο
786 3668 896 3724 τοῖς
963 3659 1256 3734 Ῥωμαίοις.

297 3735 435 3788 ALL.

391 3807 481 3877 76)
515 3801 867 3877 Προσελάϐετο
904 3799 985 3857 δὲ.
1015 3805 1330 3877 Gregoras,
1363 3817 1423 3877 ρ.
1465 3806 1555 3857 21.
1591 3805 1723 3877 ALL.

391 3807 481 3875 76)
515 3806 867 3856 Ποοσελάϐετο
904 3806 985 3857 δὲ.
1015 3806 1330 3871 Gregoras,
1363 3817 1423 3874 p.
1465 3806 1555 3857 21.
1591 3806 1723 3858 ALL.

367 3806 483 3946 (77)
528 3861 852 3949 έῦφροσυνη.
890 3878 1051 3949 _Erat
1099 3874 1251 3949 virili
1307 3873 1512 3949 animo
1562 3874 1794 3942 mulier,
1828 3873 1907 3949 ab

297 3944 432 4017 ipsa
461 3944 672 4003 natura
691 3944 1246 4017 dicendisuavitate
1268 3945 1541 4017 etlepore
1557 3950 1805 4017 ornata,
1828 3944 1906 4000 ad

298 4015 613 4092 praesentia
630 4018 853 4092 optime
872 4015 1351 4092 administranda
1370 4019 1427 4092 et
1447 4015 1525 4070 ad
1546 4016 1745 4092 futura
1775 4032 1905 4092 pro-

295 4086 555 4144 videntia
572 4086 978 4159 solertissime,
1000 4086 1129 4142 aliis
1158 4088 1336 4141 rebus
1365 4088 1662 4159 teterrima
1686 4086 1862 4159 pestis
1890 4104 1902 4142 :

292 4166 508 4232 praeter
537 4161 695 4214 enim
753 4158 1113 4232 exquisitum
1154 4162 1430 4213 ornatum
1473 4157 1774 4232 et_1uxum
1820 4175 1904 4213 re-

294 4230 315 4232 ί
335 4232 481 4297 ium,
505 4237 561 4286 et
576 4232 635 4286 in
657 4230 946 4286 mutando
962 4234 1203 4301 recepto
1223 4235 1379 4284 statu
1397 4236 1454 4284 et
1477 4230 1655 4284 rebus
1680 4246 1904 4285 novan-

290 4246 404 4358 gis.
425 4303 649 4358 auibus
670 4302 954 4357 maritum
969 4301 1312 4358 sunerabat.
1334 4300 1573 4358 ingenio
1588 4300 1902 4358 impudici-

1337 3662 1648 3733 Gregoras,
1702 3677 1762 3733 p.
1814 3665 1873 3717 2t
1890 3702 1904 3716 .

2018 3450 2061 3502 Α
2066 3375 2202 3502 Ι(178)
2260 3381 2363 3428 Τοῦ
2425 3383 2516 3437 τῆς
2588 3376 2972 3450 Παφλαγονίας.
3037 3376 3181 3436 Vide
3254 3395 3441 3455 supra
3511 3395 3565 3438 c.
3617 3385 3674 3438 7.

2066 3463 2148 3502 LL.

2089 3519 2198 3591 (79)
2302 3518 2590 3593 ’Ia'aaxiou_
2677 3527 2770 3593 τοῦ
2876 3524 3289 3593 ιςωνσταντίνου.
3370 3523 3496 3593 Hic,
3572 3523 3676 3580 de-

2014 3588 2222 3645 functa
2253 3605 2464 3662 uxore,
2499 3590 2650 3646 Belee
2690 3591 2962 3661 Ungarite
3000 3592 3158 3662 regis
3183 3591 3372 3649 ﬁliam
3402 3588 3678 3652 nondum

2016 3675 2208 3746 annos
2233 3659 2444 3716 decem
2475 3666 2682 3746 natam
2708 3659 2816 3734 per
2869 3659 3097 3744 legatos
3387 3666 3678 3746 sumptus

2014 3731 2381 3804 nuptiarum,
2417 3746 2491 3804 ne
2526 3731 2958 3804 ﬁscipecunia
3009 3732 3070 3788 in
3119 3733 3297 3790 simili
3336 3731 3678 3794 celebritate

2015 3802 2404 3876 minueretur,
2439 3802 2518 3876 ab
2548 3802 2809 3876 urbibus
2834 3809 2889 3859 et
2916 3804 3242 3876 provinciis
3293 3804 3522 3862 aﬂatim
3552 3807 3675 3863 exi-

2017 3873 2138 3946 git:
2180 3872 2283 3946 sed
2330 3872 2621 3946 Anc'iiato
2661 3872 2952 3946 finitimas
2995 3876 3325 3946 prmsertim
3380 3876 3587 3934 afflixit
3619 3883 3678 3934 et

2018 3944 2204 4022 tiaemi
2250 3944 2471 4022 montis
2517 3944 2888 4022 _accolas,_oi
2948 3944 3124 3998 Μυσοὶ
3179 3952 3441 4022 πρότερον-
3477 3948 3679 4022 mea.

2017 4016 2189 4087 ζοντο,
2215 4019 2324 4065 νυνὶ
2370 4011 2428 4067 δὲ
2478 4015 2678 4087 Βλάχοι
2723 4015 3117 4085 κικλήσκονται,
3149 4011 3230 4073 ait
3258 4011 3674 4077 Choniatain

2016 4086 2713 4161 prius_etiam__Romanis
2751 4087 2990 4155 infensi,
3039 4104 3146 4161 per
3193 4104 3441 4146 causam
3474 4091 3675 4147 abacti

2015 4157 2251 4231 pecoris
2277 4157 2496 4231 etalias
2518 4157 2859 4231 vexationes
2889 4157 3088 4231 aperte
3113 4158 3419 4219 deficiunt.
3451 4167 3673 4219 Aucto-

2014 4227 2110 4285 res
2148 4227 2495 4284 defectionis
2528 4229 2691 4285 fuere
2722 4227 3015 4286 Petrus'et
3050 4231 3273 4287 Alanus
3320 4231 3555 4290 fratres.
3592 4237 3671 4291 Ne

335 4303 404 4369 is,
425 4303 649 4374 quibus
670 4300 1312 4374 maritumsuperabat,
1334 4300 1902 4374 iugenioimpudici-
1941 4322 1986 4374 ι)
2017 4307 2219 4374 tamen
2260 4302 2389 4355 sine
2436 4318 2620 4356 causa
2665 4316 2759 4356 res
2810 4317 3001 4358 novas
3056 4303 3254 4359 moliri
3304 4304 3670 4373 viderentur,

291 4373 388 4445 tite
413 4372 636 4445 probro
669 4377 849 4445 atque
876 4372 1130 4445 infamia
1142 4373 1423 4427 maritum
1442 4372 1900 4430 dehonestabat.

290 4443 429 4525 Haec
458 4445 660 4525 itaque
685 4443 900 4525 limites
932 4443 1264 4525 transiliens
1297 4447 1354 4525 et
1383 4445 1901 4525 superiorumlAu-
1934 4454 1939 4463 '

292 4515 607 4586 gustarufn
630 4515 903 4586 instituta
925 4520 1316 4570 contemnens
1336 4515 1657 4586 imperium
1674 4515 1732 4570 in
1749 4515 1902 4570 duos

290 4585 666 4660 principatus
689 4585 888 4641 divisit
921 4601 1153 4657 :neque
1190 4586 1352 4641 enim
1374 4586 1698 4711 imperator
1722 4586 1901 4658 quid-

293 4658 436 4711 auid
482 4665 609 4711 erat
644 4657 879 4711 libitum
912 4655 1261 4711 mandabat.
1306 4656 1411 4711 sed
1441 4658 1455 4711 i
1485 4657 1539 4711 la
1561 4657 1740 4711 etiam
1773 4657 1901 4711 nari

293 4655 436 4730 Quid
482 4655 609 4714 erat
644 4657 879 4730 libitum
912 4655 1261 4726 mandabat,
1306 4656 1411 4730 sed
1441 4655 1539 4730 illa
1561 4655 1902 4730 etiam—pari

295 4726 640 4800 auctoritate
651 4744 789 4800 quae
803 4728 934 4800 visa
949 4742 1091 4800 eran
1102 4733 1118 4783 t
1129 4727 1476 4800 peragebat,
1490 4728 1613 4783 imo
1624 4726 1901 4800 aliquan-

292 4798 374 4872 do
402 4815 510 4872 pro
539 4817 652 4857 sua
671 4797 920 4872 libidine
957 4797 1345 4872 illius'jussis
1380 4797 1804 4872 intercedebat.
1837 4801 1900 4853 In

288 4867 694 4941 legationibus
721 4868 1033 4927 audiendis
1054 4867 1176 4926 duo
1200 4867 1461 4941 pretiosa
1483 4868 1631 4941 solia
1651 4869 1902 4941 conjun-

291 4939 610 5013 gebantur,
638 4948 699 4998 et
716 4942 819 4997 illa
839 4941 1054 4997 marito
1076 4939 1218 5013 cuni
1241 4954 1471 5013 magno
1487 4939 1808 5011 splendore
1831 4956 1900 5013 ac

335 5013 447 5071 ilco
469 5010 727 5085 gemmis
743 5018 799 5068 et
811 5011 1144 5085 perspicuis
1168 5011 1508 5085 margaritis
1523 5010 1740 5085 ornato
1759 5010 1901 5065 assi-

335 5028 447 5071 ueo
469 5029 727 5085 gemmis
743 5028 799 5068 et
811 5028 1144 5085 perspicms
1168 5028 1508 5080 margaritis
1528 5028 1740 5066 ornato
1759 5028 1900 5065 assr-

289 5028 496 5163 gebat,
524 5090 841 5163 et_torques
864 5083 1327 5163 pretiosissimos
1354 5082 1615 5163 de'collo
1648 5096 1900 5163 suspen-

289 5152 495 5211 debat.
511 5152 850 5227 Aliquando
865 5152 1262 5227 etiaminaliis
1274 5152 1512 5227 palatiis
1530 5152 1613 5223 sej
1625 5152 1902 5227 un_c_t_i_per

288 5227 453 5298 vices
470 5222 781 5298 adoraban
790 5230 897 5297 tur,
908 5225 1164 5281 subditis
1177 5225 1255 5281 ab
1272 5222 1630 5298 imperatore
1642 5222 1721 5298 ad
1736 5222 1901 5298 illam

292 5295 668 5353 salutandam
684 5294 1133 5353 transeuntibus
1148 5294 1410 5365 etgenua
1434 5294 1787 5351 submissius
1802 5295 1903 5351 ﬂe-

290 5367 1090 5441 ctentibus.Nonnullietiam
1124 5366 1505 5441 imperatoris
1536 5367 1902 5441 consangui-

290 5440 411 5513 nei,
429 5440 532 5513 qui
555 5456 689 5513 sum
699 5455 828 5495 mos
845 5438 1230 5513 magistratus
1241 5438 1547 5509 gerebant,
1573 5438 1901 5513 imperatri-

292 5511 380 5582 cis
398 5509 752 5582 splendidas
774 5515 832 5566 et
856 5509 1008 5566 altas
1030 5510 1265 5582 lecticas
1288 5516 1580 5582 tanquam
1601 5509 1905 5582 mancipia

293 5580 597 5640 subibant.
631 5585 713 5639 Ex
736 5582 1025 5638 Choniata
1051 5582 1115 5638 in
1138 5580 1339 5639 Alexio
1372 5580 1697 5639 Comneno.
1733 5580 1833 5637 lib'.
1861 5597 1900 5636 1.

294 5659 428 5713 ALL.

2015 4372 2178 4449 apud
2206 4374 2539 4449 _Cup_ressos
2585 4373 3009 4449 imperatorem
3059 4374 3304 4440 adeunt,
3335 4372 3672 4449 rogantque

2012 4442 2079 4500 ut
2092 4442 2446 4520 legionibus
2478 4442 2762 4520 Romanis
2812 4449 3252 4520 aversarentur,
3288 4452 3344 4503 et
3371 4442 3672 4520 prandium

2014 4514 2212 4585 exigui
2240 4515 2465 4589 reditus
2504 4516 2564 4570 in
2598 4518 2800 4571 Haemo
2822 4522 3025 4574 monte
3067 4517 3182 4589 sibi
3218 4514 3668 4589 assignaretur.

2013 4589 2093 4641 Re
2121 4600 2244 4641 non
2289 4588 2627 4661 impetrata,
2655 4592 2722 4643 ut
2748 4589 3094 4661 contempti,
3126 4588 3520 4647 defectionem
3560 4589 3674 4647 do-

2012 4673 2181 4732 mum
2197 4657 2414 4732 reversi
2429 4659 2817 4732 minantur,et
2839 4657 3221 4732 potissimum
3238 4664 3473 4732 Asanus
3486 4662 3673 4718 homo

2011 4726 2320 4804 audacior,
2348 4728 2454 4804 qui
2480 4744 2551 4804 eo
2603 4729 2748 4804 ipso
2782 4726 3052 4804 tempore
3082 4729 3197 4804 _ob_
3231 4731 3672 4804 impudentiam

2008 4796 2257 4876 {cannis
2289 4796 2785 4876 sebastocratoris
2812 4796 2987 4876 jussu
3006 4800 3274 4876 colaphis
3294 4796 3666 4876 impingitur.

2012 4867 2606 4944 contumeliisetiam
2628 4867 2837 4927 irritati
2863 4867 3264 4944 homines—isti
3305 4867 3519 4930 nefarii
3536 4888 3671 4944 gra-

2008 4938 2325 4995 vissimum
2402 4940 2461 4995 in
2522 4942 2823 4997 Romanos
2895 4941 3239 4999 incendium
3285 4938 3666 5003 suscitarunt.

2012 5009 2394 5085 B_u_lgari_rei
2435 5009 2785 5085 difﬁcultate
2840 5013 3132 5085 perterriti
3187 5013 3390 5085 abeo
3446 5019 3668 5072 conatu

2011 5080 2435 5157 abhorrebant.
2470 5081 2616 5157 ljinc
2656 5080 2885 5157 fratres,
2910 5087 2975 5140 ut
3019 5083 3415 5157 popularibus
3437 5089 3668 5143 metum

2011 5153 2361 5228 adimerent2
2413 5153 2526 5227 sub
2568 5153 3178 5228 Demetriimar‘tyris
3227 5156 3473 5213 nomine
3512 5162 3668 5228 rtem-

2010 5224 2177 5302 plum
2212 5197 2625 5302 aedificant,tin
2669 5239 2792 5297 quo
2818 5197 3669 5302 multochoegerunt‘q’ui‘dgj

2009 5295 2322 5370 moniacos
2371 5296 2660 5370 exquisite
2688 5295 3137 5370 exprimerent,
3186 5295 3244 5355 et
3289 5295 3489 5356 furore
3553 5299 3672 5358 acti

2013 5366 2509 5441 proloquerentu'r
2547 5366 2883 5425 libertatem
2934 5369 3202 5441 Bulgaris
3240 5373 3427 5427 Deum
3458 5387 3671 5428 conce-

2012 5438 2173 5513 dere,
2191 5438 2415 5513 Christi
2445 5445 2770 5513 martyrem
2805 5438 3169 5497 Demetrium
3192 5441 3467 5512 neglecta
3495 5444 3673 5500 Thes-

2014 5509 2281 5588 salonica
2308 5515 2365 5565 et
2415 5509 3316 5588 Romanorumponsuetudin'e
3377 5514 3455 5588 ad
3505 5514 3675 5588 ipsos

2012 5581 2381 5661 pervenisse,
2406 5582 2754 5661 adjuturum
2785 5583 2865 5661 ad
2885 5600 3059 5655 opus.
3090 5586 3238 5641 Tum
3269 5601 3339 5642 ac
3387 5585 3434 5641 si
3447 5581 3674 5661 majori

2016 5652 2226 5726 spiritu
2281 5652 2630 5711 inﬂare'ntur
2695 5652 3280 5730 exagitarenturque,
3337 5652 3675 5730 majoribus
