  <div class='ocr_page' id='page_1' title='image "/cluster/home/n/w/nwhite01/storage/ocr_20150623/140/coo.31924054870450/516.png"; bbox 0 0 4152 6384; ppageno 0'>
   <div class='ocr_carea' id='block_1_1' title="bbox 296 329 432 387">
    <p class='ocr_par' dir='ltr' id='par_1_1' title="bbox 296 329 432 387">
     <span class='ocr_line' id='line_1_1' title="bbox 296 329 432 387; baseline -0.015 0"><span class='ocrx_word' id='word_1_1' title='bbox 296 329 432 387; x_wconf 83' lang='grc'>1013</span> 
     </span>
    </p>
   </div>
   <div class='ocr_carea' id='block_1_2' title="bbox 1819 311 2169 369">
    <p class='ocr_par' dir='ltr' id='par_1_2' title="bbox 1819 311 2169 369">
     <span class='ocr_line' id='line_1_2' title="bbox 1819 311 2169 369; baseline 0.003 -1"><span class='ocrx_word' id='word_1_2' title='bbox 1819 311 2169 369; x_wconf 71' lang='lat' dir='ltr'>ANNALES.</span> 
     </span>
    </p>
   </div>
   <div class='ocr_carea' id='block_1_3' title="bbox 3536 317 3676 378">
    <p class='ocr_par' dir='ltr' id='par_1_3' title="bbox 3536 317 3676 378">
     <span class='ocr_line' id='line_1_3' title="bbox 3536 317 3676 378; baseline 0.014 -2"><span class='ocrx_word' id='word_1_3' title='bbox 3536 317 3676 378; x_wconf 67' lang='grc'>1014</span> 
     </span>
    </p>
   </div>
   <div class='ocr_carea' id='block_1_4' title="bbox 295 435 1909 519">
    <p class='ocr_par' dir='ltr' id='par_1_4' title="bbox 295 435 1900 519">
     <span class='ocr_line' id='line_1_4' title="bbox 295 435 1900 519; baseline -0.012 -11"><span class='ocrx_word' id='word_1_4' title='bbox 295 453 506 513; x_wconf 86' lang='grc' dir='ltr'>σιλικῶς</span> <span class='ocrx_word' id='word_1_5' title='bbox 574 453 668 502; x_wconf 84' lang='grc' dir='ltr'>τοῦ</span> <span class='ocrx_word' id='word_1_6' title='bbox 720 445 942 519; x_wconf 80' lang='grc' dir='ltr'>πρώτως</span> <span class='ocrx_word' id='word_1_7' title='bbox 996 440 1044 495; x_wconf 78' lang='grc' dir='ltr'>ἓν</span> <span class='ocrx_word' id='word_1_8' title='bbox 1101 447 1166 514; x_wconf 76' lang='grc' dir='ltr'>τῇ</span> <span class='ocrx_word' id='word_1_9' title='bbox 1223 435 1765 494; x_wconf 82' lang='grc' dir='ltr'>Κωνσταντινουπόλει</span> <span class='ocrx_word' id='word_1_10' title='bbox 1809 456 1900 490; x_wconf 90' lang='grc' dir='ltr'>κα-</span> 
     </span>
    </p>
   </div>
   <div class='ocr_carea' id='block_1_5' title="bbox 2001 435 3670 519">
    <p class='ocr_par' dir='ltr' id='par_1_5' title="bbox 2011 435 3670 519">
     <span class='ocr_line' id='line_1_5' title="bbox 2011 435 3670 519; baseline 0.005 -25"><span class='ocrx_word' id='word_1_11' title='bbox 2011 435 2334 511; x_wconf 86' lang='lat' dir='ltr'>imperium</span> <span class='ocrx_word' id='word_1_12' title='bbox 2353 435 2562 507; x_wconf 83' lang='lat' dir='ltr'>tenuit,</span> <span class='ocrx_word' id='word_1_13' title='bbox 2585 437 2746 507; x_wconf 83' lang='lat' dir='ltr'>regie</span> <span class='ocrx_word' id='word_1_14' title='bbox 2767 437 3226 498; x_wconf 83' lang='lat' dir='ltr'>administrante</span> <span class='ocrx_word' id='word_1_15' title='bbox 3247 441 3538 501; x_wconf 91' lang='lat' dir='ltr'>Balduino</span> <span class='ocrx_word' id='word_1_16' title='bbox 3559 459 3670 519; x_wconf 90' lang='lat' dir='ltr'>pro</span> 
     </span>
    </p>
   </div>
   <div class='ocr_carea' id='block_1_6' title="bbox 292 525 1898 620">
    <p class='ocr_par' dir='ltr' id='par_1_6' title="bbox 292 525 1898 620">
     <span class='ocr_line' id='line_1_6' title="bbox 292 525 1898 620; baseline -0.011 -22"><span class='ocrx_word' id='word_1_17' title='bbox 292 543 570 620; x_wconf 82' lang='grc' dir='ltr'>τάρξαντος</span> <span class='ocrx_word' id='word_1_18' title='bbox 620 531 942 591; x_wconf 77' lang='grc' dir='ltr'>Βαλδουίνου</span> <span class='ocrx_word' id='word_1_19' title='bbox 999 533 1068 586; x_wconf 82' lang='grc' dir='ltr'>τὰ</span> <span class='ocrx_word' id='word_1_20' title='bbox 1115 532 1233 584; x_wconf 79' lang='grc' dir='ltr'>κατ’</span> <span class='ocrx_word' id='word_1_21' title='bbox 1276 528 1466 592; x_wconf 84' lang='grc' dir='ltr'>αύτούς</span> <span class='ocrx_word' id='word_1_22' title='bbox 1521 525 1898 595; x_wconf 81' lang='grc' dir='ltr'>διευθύνοντος,</span> 
     </span>
    </p>
   </div>
   <div class='ocr_carea' id='block_1_7' title="bbox 291 614 1903 707">
    <p class='ocr_par' dir='ltr' id='par_1_7' title="bbox 291 614 1903 707">
     <span class='ocr_line' id='line_1_7' title="bbox 291 614 1903 707; baseline -0.012 -18"><span class='ocrx_word' id='word_1_23' title='bbox 291 614 384 688; x_wconf 52' lang='grc' dir='ltr'>καί</span> <span class='ocrx_word' id='word_1_24' title='bbox 445 634 580 707; x_wconf 88' lang='grc' dir='ltr'>πρὸς</span> <span class='ocrx_word' id='word_1_25' title='bbox 636 631 730 687; x_wconf 79' lang='grc' dir='ltr'>τήν</span> <span class='ocrx_word' id='word_1_26' title='bbox 788 623 936 678; x_wconf 87' lang='grc' dir='ltr'>πόλιν</span> <span class='ocrx_word' id='word_1_27' title='bbox 996 617 1275 696; x_wconf 80' lang='grc' dir='ltr'>Ἀδριανοῦ</span> <span class='ocrx_word' id='word_1_28' title='bbox 1327 619 1439 690; x_wconf 80' lang='grc'>(95)</span> <span class='ocrx_word' id='word_1_29' title='bbox 1518 614 1903 692; x_wconf 87' lang='grc' dir='ltr'>διεμηνύσαντο</span> 
     </span>
    </p>
   </div>
   <div class='ocr_carea' id='block_1_8' title="bbox 294 707 1904 786">
    <p class='ocr_par' dir='ltr' id='par_1_8' title="bbox 294 707 1904 786">
     <span class='ocr_line' id='line_1_8' title="bbox 294 707 1904 786; baseline -0.019 -8"><span class='ocrx_word' id='word_1_30' title='bbox 294 725 435 786; x_wconf 84' lang='grc' dir='ltr'>ὅπως</span> <span class='ocrx_word' id='word_1_31' title='bbox 462 722 551 775; x_wconf 77' lang='grc' dir='ltr'>ὑπ’</span> <span class='ocrx_word' id='word_1_32' title='bbox 599 718 785 778; x_wconf 85' lang='grc' dir='ltr'>αύτούς</span> <span class='ocrx_word' id='word_1_33' title='bbox 840 718 1052 786; x_wconf 75' lang='grc' dir='ltr'>’γένηται</span> <span class='ocrx_word' id='word_1_34' title='bbox 1081 732 1094 745; x_wconf 75' lang='grc' dir='ltr'>ο</span> <span class='ocrx_word' id='word_1_35' title='bbox 1129 712 1155 764; x_wconf 88' lang='grc' dir='ltr'><strong><em>ὁ</em></strong></span> <span class='ocrx_word' id='word_1_36' title='bbox 1207 712 1309 786; x_wconf 72' lang='grc' dir='ltr'>γὰρ</span> <span class='ocrx_word' id='word_1_37' title='bbox 1368 708 1616 783; x_wconf 81' lang='grc' dir='ltr'>βασιλεὺς</span> <span class='ocrx_word' id='word_1_38' title='bbox 1678 707 1904 780; x_wconf 75' lang='grc' dir='ltr'>Βουλγά-</span> 
     </span>
    </p>
   </div>
   <div class='ocr_carea' id='block_1_9' title="bbox 293 797 1905 889">
    <p class='ocr_par' dir='ltr' id='par_1_9' title="bbox 293 797 1905 889">
     <span class='ocr_line' id='line_1_9' title="bbox 293 797 1905 889; baseline -0.011 -22"><span class='ocrx_word' id='word_1_39' title='bbox 293 833 397 889; x_wconf 90' lang='grc' dir='ltr'>ρων</span> <span class='ocrx_word' id='word_1_40' title='bbox 438 811 678 870; x_wconf 78' lang='grc' dir='ltr'>Ἰωάννης</span> <span class='ocrx_word' id='word_1_41' title='bbox 733 799 998 880; x_wconf 79' lang='grc' dir='ltr'>προῦλαδε</span> <span class='ocrx_word' id='word_1_42' title='bbox 1050 801 1420 875; x_wconf 73' lang='grc' dir='ltr'>χειρώσασθαι</span> <span class='ocrx_word' id='word_1_43' title='bbox 1475 803 1568 858; x_wconf 81' lang='grc' dir='ltr'>τὴν</span> <span class='ocrx_word' id='word_1_44' title='bbox 1623 797 1905 852; x_wconf 79' lang='grc' dir='ltr'>Φίλιππούο</span> 
     </span>
    </p>
   </div>
   <div class='ocr_carea' id='block_1_10' title="bbox 294 887 1901 972">
    <p class='ocr_par' dir='ltr' id='par_1_10' title="bbox 294 887 1901 972">
     <span class='ocr_line' id='line_1_10' title="bbox 294 887 1901 972; baseline -0.011 -17"><span class='ocrx_word' id='word_1_45' title='bbox 294 887 446 958; x_wconf 79' lang='grc' dir='ltr'>πολιν</span> <span class='ocrx_word' id='word_1_46' title='bbox 467 901 578 972; x_wconf 80' lang='grc'>(96)</span> <span class='ocrx_word' id='word_1_47' title='bbox 625 901 716 950; x_wconf 80' lang='grc' dir='ltr'>καὶ</span> <span class='ocrx_word' id='word_1_48' title='bbox 765 888 1204 969; x_wconf 79' lang='grc' dir='ltr'>ἀνδραποδισμὸν</span> <span class='ocrx_word' id='word_1_49' title='bbox 1269 892 1429 963; x_wconf 74' lang='grc' dir='ltr'>μέγαν</span> <span class='ocrx_word' id='word_1_50' title='bbox 1485 896 1586 941; x_wconf 89' lang='grc' dir='ltr'>τῶν</span> <span class='ocrx_word' id='word_1_51' title='bbox 1639 887 1901 960; x_wconf 82' lang='grc' dir='ltr'>Ῥωμαίων</span> 
     </span>
    </p>
   </div>
   <div class='ocr_carea' id='block_1_11' title="bbox 297 972 1902 1054">
    <p class='ocr_par' dir='ltr' id='par_1_11' title="bbox 297 972 1902 1054">
     <span class='ocr_line' id='line_1_11' title="bbox 297 972 1902 1054; baseline -0.011 -9"><span class='ocrx_word' id='word_1_52' title='bbox 297 990 486 1045; x_wconf 69' lang='grc' dir='ltr'>ἐκεῖθεν</span> <span class='ocrx_word' id='word_1_53' title='bbox 510 985 860 1048; x_wconf 70' lang='grc' dir='ltr'>ποιήσασθαι.</span> <span class='ocrx_word' id='word_1_54' title='bbox 893 986 980 1040; x_wconf 78' lang='grc' dir='ltr'>Μὴ</span> <span class='ocrx_word' id='word_1_55' title='bbox 1011 979 1368 1054; x_wconf 79' lang='grc' dir='ltr'>βουληθέντων</span> <span class='ocrx_word' id='word_1_56' title='bbox 1423 974 1483 1031; x_wconf 71' lang='grc' dir='ltr'>δὲ</span> <span class='ocrx_word' id='word_1_57' title='bbox 1529 984 1628 1030; x_wconf 88' lang='grc' dir='ltr'>τῶν</span> <span class='ocrx_word' id='word_1_58' title='bbox 1685 972 1902 1051; x_wconf 79' lang='grc' dir='ltr'>Ἀδρια-</span> 
     </span>
    </p>
   </div>
   <div class='ocr_carea' id='block_1_12' title="bbox 296 1064 1903 1147">
    <p class='ocr_par' dir='ltr' id='par_1_12' title="bbox 296 1064 1903 1147">
     <span class='ocr_line' id='line_1_12' title="bbox 296 1064 1903 1147; baseline -0.009 -14"><span class='ocrx_word' id='word_1_59' title='bbox 296 1078 604 1135; x_wconf 84' lang='grc' dir='ltr'>νουπολιτῶν</span> <span class='ocrx_word' id='word_1_60' title='bbox 632 1077 734 1130; x_wconf 79' lang='grc' dir='ltr'>ὑπὸ</span> <span class='ocrx_word' id='word_1_61' title='bbox 763 1079 925 1147; x_wconf 85' lang='grc' dir='ltr'>χεῖρα</span> <span class='ocrx_word' id='word_1_62' title='bbox 947 1071 1189 1144; x_wconf 80' lang='grc' dir='ltr'>γενέσθαι</span> <span class='ocrx_word' id='word_1_63' title='bbox 1244 1077 1345 1122; x_wconf 93' lang='grc' dir='ltr'>τῶν</span> <span class='ocrx_word' id='word_1_64' title='bbox 1403 1066 1630 1136; x_wconf 83' lang='grc' dir='ltr'>Ἰταλῶν,</span> <span class='ocrx_word' id='word_1_65' title='bbox 1686 1064 1903 1140; x_wconf 82' lang='grc' dir='ltr'>ἐκστρα-</span> 
     </span>
    </p>
   </div>
   <div class='ocr_carea' id='block_1_13' title="bbox 295 1153 1904 1228">
    <p class='ocr_par' dir='ltr' id='par_1_13' title="bbox 295 1153 1904 1228">
     <span class='ocr_line' id='line_1_13' title="bbox 295 1153 1904 1228; baseline -0.009 -7"><span class='ocrx_word' id='word_1_66' title='bbox 295 1171 532 1223; x_wconf 85' lang='grc' dir='ltr'>τεύουσιν</span> <span class='ocrx_word' id='word_1_67' title='bbox 558 1165 608 1218; x_wconf 83' lang='grc' dir='ltr'>οἰ</span> <span class='ocrx_word' id='word_1_68' title='bbox 633 1163 823 1220; x_wconf 88' lang='grc' dir='ltr'>Ἰταλοί</span> <span class='ocrx_word' id='word_1_69' title='bbox 850 1163 900 1215; x_wconf 85' lang='grc' dir='ltr'>οἱ</span> <span class='ocrx_word' id='word_1_70' title='bbox 921 1159 1052 1214; x_wconf 87' lang='grc' dir='ltr'>’κατ’</span> <span class='ocrx_word' id='word_1_71' title='bbox 1085 1159 1255 1212; x_wconf 78' lang='grc' dir='ltr'>αὐτῶν</span> <span class='ocrx_word' id='word_1_72' title='bbox 1285 1159 1354 1226; x_wconf 77' lang='grc'>⁵³,</span> <span class='ocrx_word' id='word_1_73' title='bbox 1386 1157 1543 1210; x_wconf 75' lang='grc' dir='ltr'>αὐτοῦ</span> <span class='ocrx_word' id='word_1_74' title='bbox 1572 1176 1628 1210; x_wconf 87' lang='grc' dir='ltr'>τε</span> <span class='ocrx_word' id='word_1_75' title='bbox 1657 1163 1748 1208; x_wconf 75' lang='grc' dir='ltr'>τοῦ</span> <span class='ocrx_word' id='word_1_76' title='bbox 1806 1153 1904 1228; x_wconf 90' lang='grc' dir='ltr'>βα-</span> 
     </span>
    </p>
   </div>
   <div class='ocr_carea' id='block_1_14' title="bbox 295 1249 1902 1319">
    <p class='ocr_par' dir='ltr' id='par_1_14' title="bbox 295 1249 1902 1319">
     <span class='ocr_line' id='line_1_14' title="bbox 295 1249 1902 1319; baseline -0.009 -8"><span class='ocrx_word' id='word_1_77' title='bbox 295 1257 473 1319; x_wconf 86' lang='grc' dir='ltr'>σιλέως</span> <span class='ocrx_word' id='word_1_78' title='bbox 502 1251 822 1308; x_wconf 69' lang='grc' dir='ltr'>Βαλδουῖνου</span> <span class='ocrx_word' id='word_1_79' title='bbox 855 1254 1100 1312; x_wconf 83' lang='grc' dir='ltr'>συνόντος</span> <span class='ocrx_word' id='word_1_80' title='bbox 1131 1249 1307 1310; x_wconf 64' lang='grc' dir='ltr'>αὐτοῖς</span> <span class='ocrx_word' id='word_1_81' title='bbox 1339 1253 1430 1299; x_wconf 84' lang='grc' dir='ltr'>καὶ</span> <span class='ocrx_word' id='word_1_82' title='bbox 1458 1253 1550 1300; x_wconf 77' lang='grc' dir='ltr'>τοῦ</span> <span class='ocrx_word' id='word_1_83' title='bbox 1601 1249 1688 1298; x_wconf 85' lang='grc' dir='ltr'>τὸν</span> <span class='ocrx_word' id='word_1_84' title='bbox 1746 1249 1902 1298; x_wconf 86' lang='grc' dir='ltr'>τόπον</span> 
     </span>
    </p>
   </div>
   <div class='ocr_carea' id='block_1_15' title="bbox 289 1339 1901 1414">
    <p class='ocr_par' dir='ltr' id='par_1_15' title="bbox 289 1339 1901 1414">
     <span class='ocr_line' id='line_1_15' title="bbox 289 1339 1901 1414; baseline -0.008 -14"><span class='ocrx_word' id='word_1_85' title='bbox 289 1353 383 1400; x_wconf 84' lang='grc' dir='ltr'>τοῦ</span> <span class='ocrx_word' id='word_1_86' title='bbox 415 1342 600 1406; x_wconf 86' lang='grc' dir='ltr'>δουκὸς</span> <span class='ocrx_word' id='word_1_87' title='bbox 629 1344 911 1414; x_wconf 74' lang='grc' dir='ltr'>ἐπέχοντος</span> <span class='ocrx_word' id='word_1_88' title='bbox 964 1343 1195 1402; x_wconf 89' lang='grc' dir='ltr'>Βενετίας</span> <span class='ocrx_word' id='word_1_89' title='bbox 1251 1339 1300 1391; x_wconf 78' lang='grc' dir='ltr'>ἐν</span> <span class='ocrx_word' id='word_1_90' title='bbox 1350 1344 1412 1410; x_wconf 76' lang='grc' dir='ltr'>τῇ</span> <span class='ocrx_word' id='word_1_91' title='bbox 1475 1342 1901 1390; x_wconf 85' lang='grc' dir='ltr'>Κωνσταντινου-</span> 
     </span>
    </p>
   </div>
   <div class='ocr_carea' id='block_1_16' title="bbox 289 1424 1904 1507">
    <p class='ocr_par' dir='ltr' id='par_1_16' title="bbox 289 1424 1904 1507">
     <span class='ocr_line' id='line_1_16' title="bbox 289 1424 1904 1507; baseline -0.009 -17"><span class='ocrx_word' id='word_1_92' title='bbox 289 1434 456 1490; x_wconf 85' lang='grc' dir='ltr'>πόλει.</span> <span class='ocrx_word' id='word_1_93' title='bbox 498 1434 585 1496; x_wconf 84' lang='grc' dir='ltr'>Εἰς</span> <span class='ocrx_word' id='word_1_94' title='bbox 625 1435 981 1507; x_wconf 80' lang='grc' dir='ltr'>στενοχωρίαν</span> <span class='ocrx_word' id='word_1_95' title='bbox 1038 1436 1164 1501; x_wconf 73' lang='grc' dir='ltr'>γοῦν</span> <span class='ocrx_word' id='word_1_96' title='bbox 1215 1427 1274 1480; x_wconf 84' lang='grc' dir='ltr'>ού</span> <span class='ocrx_word' id='word_1_97' title='bbox 1322 1428 1513 1500; x_wconf 83' lang='grc' dir='ltr'>μικρὰν</span> <span class='ocrx_word' id='word_1_98' title='bbox 1567 1424 1796 1487; x_wconf 73' lang='grc' dir='ltr'>ἐλθόντες</span> <span class='ocrx_word' id='word_1_99' title='bbox 1854 1425 1904 1476; x_wconf 83' lang='grc' dir='ltr'>οἱ</span> 
     </span>
    </p>
   </div>
   <div class='ocr_carea' id='block_1_17' title="bbox 290 1513 1902 1596">
    <p class='ocr_par' dir='ltr' id='par_1_17' title="bbox 290 1513 1902 1596">
     <span class='ocr_line' id='line_1_17' title="bbox 290 1513 1902 1596; baseline -0.008 -17"><span class='ocrx_word' id='word_1_100' title='bbox 290 1533 386 1586; x_wconf 86' lang='grc' dir='ltr'>τῆς</span> <span class='ocrx_word' id='word_1_101' title='bbox 411 1520 694 1596; x_wconf 75' lang='grc' dir='ltr'>’Δδριανοῦ</span> <span class='ocrx_word' id='word_1_102' title='bbox 725 1521 982 1594; x_wconf 77' lang='grc' dir='ltr'>οἰκήτορες</span> <span class='ocrx_word' id='word_1_103' title='bbox 1034 1516 1416 1570; x_wconf 75' lang='grc' dir='ltr'>ἀποστέλλουσι</span> <span class='ocrx_word' id='word_1_104' title='bbox 1468 1518 1600 1589; x_wconf 86' lang='grc' dir='ltr'>πρὸς</span> <span class='ocrx_word' id='word_1_105' title='bbox 1657 1517 1743 1566; x_wconf 84' lang='grc' dir='ltr'>τὸν</span> <span class='ocrx_word' id='word_1_106' title='bbox 1797 1513 1902 1586; x_wconf 92' lang='grc' dir='ltr'>βα-</span> 
     </span>
    </p>
   </div>
   <div class='ocr_carea' id='block_1_18' title="bbox 296 1605 1903 1684">
    <p class='ocr_par' dir='ltr' id='par_1_18' title="bbox 296 1605 1903 1684">
     <span class='ocr_line' id='line_1_18' title="bbox 296 1605 1903 1684; baseline -0.007 -18"><span class='ocrx_word' id='word_1_107' title='bbox 296 1613 444 1666; x_wconf 85' lang='grc' dir='ltr'>σιλέα</span> <span class='ocrx_word' id='word_1_108' title='bbox 468 1621 566 1665; x_wconf 90' lang='grc' dir='ltr'>τῶν</span> <span class='ocrx_word' id='word_1_109' title='bbox 595 1611 900 1684; x_wconf 79' lang='grc' dir='ltr'>Βουλγάρων</span> <span class='ocrx_word' id='word_1_110' title='bbox 929 1609 1190 1676; x_wconf 78' lang='grc' dir='ltr'>Ἰωάννην,</span> <span class='ocrx_word' id='word_1_111' title='bbox 1227 1605 1316 1678; x_wconf 89' lang='grc' dir='ltr'>[Ρ.</span> <span class='ocrx_word' id='word_1_112' title='bbox 1353 1605 1438 1676; x_wconf 78' lang='grc'>12]</span> <span class='ocrx_word' id='word_1_113' title='bbox 1486 1606 1568 1656; x_wconf 83' lang='grc' dir='ltr'>ἵνα</span> <span class='ocrx_word' id='word_1_114' title='bbox 1613 1605 1903 1677; x_wconf 76' lang='grc' dir='ltr'>συνάρηται</span> 
     </span>
    </p>
   </div>
   <div class='ocr_carea' id='block_1_19' title="bbox 293 1691 1901 1774">
    <p class='ocr_par' dir='ltr' id='par_1_19' title="bbox 293 1691 1901 1774">
     <span class='ocr_line' id='line_1_19' title="bbox 293 1691 1901 1774; baseline -0.018 -6"><span class='ocrx_word' id='word_1_115' title='bbox 293 1706 496 1764; x_wconf 83' lang='grc' dir='ltr'>τούτοις</span> <span class='ocrx_word' id='word_1_116' title='bbox 529 1706 617 1754; x_wconf 70' lang='grc' dir='ltr'>καὶ</span> <span class='ocrx_word' id='word_1_117' title='bbox 671 1707 762 1753; x_wconf 76' lang='grc' dir='ltr'>τοῦ</span> <span class='ocrx_word' id='word_1_118' title='bbox 810 1698 1098 1774; x_wconf 72' lang='grc' dir='ltr'>ἐπηρμένου</span> <span class='ocrx_word' id='word_1_119' title='bbox 1151 1693 1396 1748; x_wconf 81' lang='grc' dir='ltr'>κινδύνου</span> <span class='ocrx_word' id='word_1_120' title='bbox 1449 1695 1680 1768; x_wconf 83' lang='grc' dir='ltr'>ῥύσηται</span> <span class='ocrx_word' id='word_1_121' title='bbox 1727 1693 1796 1746; x_wconf 73' lang='grc'>⁵³.</span> <span class='ocrx_word' id='word_1_122' title='bbox 1844 1691 1901 1746; x_wconf 85' lang='grc' dir='ltr'><strong>Ὀ</strong></span> 
     </span>
    </p>
   </div>
   <div class='ocr_carea' id='block_1_20' title="bbox 2011 526 3672 607">
    <p class='ocr_par' dir='ltr' id='par_1_20' title="bbox 2011 526 3672 607">
     <span class='ocr_line' id='line_1_20' title="bbox 2011 526 3672 607; baseline 0.005 -24"><span class='ocrx_word' id='word_1_123' title='bbox 2011 526 2314 584; x_wconf 90' lang='lat' dir='ltr'>dcditione</span> <span class='ocrx_word' id='word_1_124' title='bbox 2341 526 2821 600; x_wconf 85' lang='lat' dir='ltr'>AdrianOpolitas</span> <span class='ocrx_word' id='word_1_125' title='bbox 2851 529 3205 589; x_wconf 74' lang='lat' dir='ltr'>sollicitant:</span> <span class='ocrx_word' id='word_1_126' title='bbox 3249 549 3517 607; x_wconf 86' lang='lat' dir='ltr'>namque</span> <span class='ocrx_word' id='word_1_127' title='bbox 3563 550 3672 593; x_wconf 84' lang='lat' dir='ltr'>rex</span> 
     </span>
    </p>
   </div>
   <div class='ocr_carea' id='block_1_21' title="bbox 2012 616 3672 693">
    <p class='ocr_par' dir='ltr' id='par_1_21' title="bbox 2012 616 3672 693">
     <span class='ocr_line' id='line_1_21' title="bbox 2012 616 3672 693; baseline 0.006 -21"><span class='ocrx_word' id='word_1_128' title='bbox 2012 616 2405 687; x_wconf 74' lang='lat' dir='ltr'>llulgarorum</span> <span class='ocrx_word' id='word_1_129' title='bbox 2439 618 2696 672; x_wconf 85' lang='lat' dir='ltr'>Joannes</span> <span class='ocrx_word' id='word_1_130' title='bbox 2728 616 3184 692; x_wconf 86' lang='lat' dir='ltr'>Philippopolim</span> <span class='ocrx_word' id='word_1_131' title='bbox 3203 637 3427 693; x_wconf 89' lang='lat' dir='ltr'>magna</span> <span class='ocrx_word' id='word_1_132' title='bbox 3454 627 3672 682; x_wconf 78' lang='lat' dir='ltr'>Roma-</span> 
     </span>
    </p>
   </div>
   <div class='ocr_carea' id='block_1_22' title="bbox 2010 704 3670 780">
    <p class='ocr_par' dir='ltr' id='par_1_22' title="bbox 2010 704 3670 780">
     <span class='ocr_line' id='line_1_22' title="bbox 2010 704 3670 780; baseline 0.006 -20"><span class='ocrx_word' id='word_1_133' title='bbox 2010 721 2228 761; x_wconf 89' lang='lat' dir='ltr'>norum</span> <span class='ocrx_word' id='word_1_134' title='bbox 2261 705 2430 762; x_wconf 84' lang='lat' dir='ltr'>clade</span> <span class='ocrx_word' id='word_1_135' title='bbox 2456 705 2665 778; x_wconf 67' lang='lat' dir='ltr'>praeda</span> <span class='ocrx_word' id='word_1_136' title='bbox 2685 704 2908 761; x_wconf 85' lang='lat' dir='ltr'>ditatus</span> <span class='ocrx_word' id='word_1_137' title='bbox 2934 708 3341 780; x_wconf 84' lang='lat' dir='ltr'>praeripuerat.</span> <span class='ocrx_word' id='word_1_138' title='bbox 3372 714 3520 768; x_wconf 91' lang='lat' dir='ltr'>Cum</span> <span class='ocrx_word' id='word_1_139' title='bbox 3549 716 3670 771; x_wconf 86' lang='lat' dir='ltr'>Ita-</span> 
     </span>
    </p>
   </div>
   <div class='ocr_carea' id='block_1_23' title="bbox 2009 793 3668 875">
    <p class='ocr_par' dir='ltr' id='par_1_23' title="bbox 2009 793 3668 875">
     <span class='ocr_line' id='line_1_23' title="bbox 2009 793 3668 875; baseline 0.007 -27"><span class='ocrx_word' id='word_1_140' title='bbox 2009 793 2207 851; x_wconf 90' lang='lat' dir='ltr'>lorum</span> <span class='ocrx_word' id='word_1_141' title='bbox 2219 798 2440 865; x_wconf 89' lang='lat' dir='ltr'>jugum</span> <span class='ocrx_word' id='word_1_142' title='bbox 2459 794 2923 868; x_wconf 76' lang='lat' dir='ltr'>Adrianopolitae</span> <span class='ocrx_word' id='word_1_143' title='bbox 2946 795 3390 867; x_wconf 88' lang='lat' dir='ltr'>detrectassent,</span> <span class='ocrx_word' id='word_1_144' title='bbox 3409 801 3532 857; x_wconf 90' lang='lat' dir='ltr'>Itali</span> <span class='ocrx_word' id='word_1_145' title='bbox 3550 801 3668 875; x_wconf 63' lang='grc'>24</span> 
     </span>
    </p>
   </div>
   <div class='ocr_carea' id='block_1_24' title="bbox 2005 883 3669 959">
    <p class='ocr_par' dir='ltr' id='par_1_24' title="bbox 2005 883 3669 959">
     <span class='ocr_line' id='line_1_24' title="bbox 2005 883 3669 959; baseline 0.004 -19"><span class='ocrx_word' id='word_1_146' title='bbox 2005 883 2068 940; x_wconf 91' lang='lat' dir='ltr'>in</span> <span class='ocrx_word' id='word_1_147' title='bbox 2098 900 2200 951; x_wconf 84' lang='lat' dir='ltr'>eos</span> <span class='ocrx_word' id='word_1_148' title='bbox 2223 886 2450 957; x_wconf 88' lang='lat' dir='ltr'>copias,</span> <span class='ocrx_word' id='word_1_149' title='bbox 2475 884 2695 956; x_wconf 89' lang='lat' dir='ltr'>quibus</span> <span class='ocrx_word' id='word_1_150' title='bbox 2718 884 3043 941; x_wconf 91' lang='lat' dir='ltr'>Balduinus</span> <span class='ocrx_word' id='word_1_151' title='bbox 3073 885 3398 959; x_wconf 88' lang='lat' dir='ltr'>imperator</span> <span class='ocrx_word' id='word_1_152' title='bbox 3423 893 3480 945; x_wconf 93' lang='lat' dir='ltr'>et</span> <span class='ocrx_word' id='word_1_153' title='bbox 3507 891 3669 948; x_wconf 87' lang='lat' dir='ltr'>vices</span> 
     </span>
    </p>
   </div>
   <div class='ocr_carea' id='block_1_25' title="bbox 2009 973 3668 1050">
    <p class='ocr_par' dir='ltr' id='par_1_25' title="bbox 2009 973 3668 1050">
     <span class='ocr_line' id='line_1_25' title="bbox 2009 973 3668 1050; baseline 0.004 -20"><span class='ocrx_word' id='word_1_154' title='bbox 2009 973 2180 1030; x_wconf 89' lang='lat' dir='ltr'>ducis</span> <span class='ocrx_word' id='word_1_155' title='bbox 2196 974 2573 1031; x_wconf 87' lang='lat' dir='ltr'>Venetiarum</span> <span class='ocrx_word' id='word_1_156' title='bbox 2606 975 2866 1047; x_wconf 87' lang='lat' dir='ltr'>Byzantii</span> <span class='ocrx_word' id='word_1_157' title='bbox 2891 991 3105 1046; x_wconf 84' lang='lat' dir='ltr'>gerens</span> <span class='ocrx_word' id='word_1_158' title='bbox 3143 981 3366 1050; x_wconf 71' lang='lat' dir='ltr'>praesto</span> <span class='ocrx_word' id='word_1_159' title='bbox 3396 979 3668 1048; x_wconf 84' lang='lat' dir='ltr'>aderant,</span> 
     </span>
    </p>
   </div>
   <div class='ocr_carea' id='block_1_26' title="bbox 2009 1063 3670 1138">
    <p class='ocr_par' dir='ltr' id='par_1_26' title="bbox 2009 1063 3670 1138">
     <span class='ocr_line' id='line_1_26' title="bbox 2009 1063 3670 1138; baseline 0.004 -19"><span class='ocrx_word' id='word_1_160' title='bbox 2009 1065 2274 1120; x_wconf 87' lang='lat' dir='ltr'>educunt</span> <span class='ocrx_word' id='word_1_161' title='bbox 2288 1081 2302 1131; x_wconf 86' lang='lat'><strong>;</strong></span> <span class='ocrx_word' id='word_1_162' title='bbox 2315 1079 2503 1136; x_wconf 89' lang='lat' dir='ltr'>quare</span> <span class='ocrx_word' id='word_1_163' title='bbox 2515 1063 2598 1119; x_wconf 84' lang='lat' dir='ltr'>Ad</span> <span class='ocrx_word' id='word_1_164' title='bbox 2607 1064 2975 1137; x_wconf 75' lang='lat' dir='ltr'>rianopolitae</span> <span class='ocrx_word' id='word_1_165' title='bbox 2987 1066 3048 1122; x_wconf 91' lang='lat' dir='ltr'>in</span> <span class='ocrx_word' id='word_1_166' title='bbox 3061 1083 3333 1124; x_wconf 87' lang='lat' dir='ltr'>summas</span> <span class='ocrx_word' id='word_1_167' title='bbox 3355 1068 3670 1138; x_wconf 82' lang='lat' dir='ltr'>angustias</span> 
     </span>
    </p>
   </div>
   <div class='ocr_carea' id='block_1_27' title="bbox 2009 1153 3672 1231">
    <p class='ocr_par' dir='ltr' id='par_1_27' title="bbox 2009 1153 3672 1231">
     <span class='ocr_line' id='line_1_27' title="bbox 2009 1153 3672 1231; baseline 0.003 -20"><span class='ocrx_word' id='word_1_168' title='bbox 2009 1153 2253 1211; x_wconf 85' lang='lat' dir='ltr'>adducti</span> <span class='ocrx_word' id='word_1_169' title='bbox 2273 1153 2352 1210; x_wconf 92' lang='lat' dir='ltr'>ad</span> <span class='ocrx_word' id='word_1_170' title='bbox 2368 1169 2570 1225; x_wconf 90' lang='lat' dir='ltr'>regem</span> <span class='ocrx_word' id='word_1_171' title='bbox 2593 1153 2986 1224; x_wconf 85' lang='lat' dir='ltr'>Bulgarorum</span> <span class='ocrx_word' id='word_1_172' title='bbox 3016 1156 3332 1225; x_wconf 88' lang='lat' dir='ltr'>Joannem,</span> <span class='ocrx_word' id='word_1_173' title='bbox 3356 1161 3422 1215; x_wconf 90' lang='lat' dir='ltr'>ut</span> <span class='ocrx_word' id='word_1_174' title='bbox 3450 1173 3672 1231; x_wconf 85' lang='lat' dir='ltr'>suppe-</span> 
     </span>
    </p>
   </div>
   <div class='ocr_carea' id='block_1_28' title="bbox 2009 1244 3667 1322">
    <p class='ocr_par' dir='ltr' id='par_1_28' title="bbox 2009 1244 3667 1322">
     <span class='ocr_line' id='line_1_28' title="bbox 2009 1244 3667 1322; baseline 0.003 -22"><span class='ocrx_word' id='word_1_175' title='bbox 2009 1245 2121 1300; x_wconf 88' lang='lat' dir='ltr'>tias</span> <span class='ocrx_word' id='word_1_176' title='bbox 2160 1244 2335 1301; x_wconf 86' lang='lat' dir='ltr'>ferret</span> <span class='ocrx_word' id='word_1_177' title='bbox 2361 1248 2417 1300; x_wconf 93' lang='lat' dir='ltr'>et</span> <span class='ocrx_word' id='word_1_178' title='bbox 2445 1260 2481 1300; x_wconf 93' lang='lat' dir='ltr'>a</span> <span class='ocrx_word' id='word_1_179' title='bbox 2519 1244 2768 1316; x_wconf 87' lang='lat' dir='ltr'>scopulo</span> <span class='ocrx_word' id='word_1_180' title='bbox 2797 1245 2858 1300; x_wconf 92' lang='lat' dir='ltr'>in</span> <span class='ocrx_word' id='word_1_181' title='bbox 2895 1246 3284 1319; x_wconf 90' lang='lat' dir='ltr'>tranquillum</span> <span class='ocrx_word' id='word_1_182' title='bbox 3322 1246 3667 1322; x_wconf 88' lang='lat' dir='ltr'>deduceret,</span> 
     </span>
    </p>
   </div>
   <div class='ocr_carea' id='block_1_29' title="bbox 2009 1333 3670 1411">
    <p class='ocr_par' dir='ltr' id='par_1_29' title="bbox 2009 1333 3670 1411">
     <span class='ocr_line' id='line_1_29' title="bbox 2009 1333 3670 1411; baseline 0.004 -22"><span class='ocrx_word' id='word_1_183' title='bbox 2009 1333 2169 1390; x_wconf 91' lang='lat' dir='ltr'>viros</span> <span class='ocrx_word' id='word_1_184' title='bbox 2199 1333 2821 1403; x_wconf 87' lang='lat' dir='ltr'>delegant.Postulatis</span> <span class='ocrx_word' id='word_1_185' title='bbox 2841 1333 2935 1390; x_wconf 91' lang='lat' dir='ltr'>ille</span> <span class='ocrx_word' id='word_1_186' title='bbox 2966 1335 3316 1404; x_wconf 89' lang='lat' dir='ltr'>oblectatus,</span> <span class='ocrx_word' id='word_1_187' title='bbox 3347 1337 3670 1411; x_wconf 89' lang='lat' dir='ltr'>sociosque</span> 
     </span>
    </p>
   </div>
   <div class='ocr_carea' id='block_1_30' title="bbox 2011 1423 3669 1496">
    <p class='ocr_par' dir='ltr' id='par_1_30' title="bbox 2011 1423 3669 1496">
     <span class='ocr_line' id='line_1_30' title="bbox 2011 1423 3669 1496; baseline 0.003 -18"><span class='ocrx_word' id='word_1_188' title='bbox 2011 1424 2120 1479; x_wconf 90' lang='lat' dir='ltr'>sibi</span> <span class='ocrx_word' id='word_1_189' title='bbox 2141 1423 2390 1496; x_wconf 83' lang='lat' dir='ltr'>Scythas</span> <span class='ocrx_word' id='word_1_190' title='bbox 2412 1423 2731 1495; x_wconf 89' lang='lat' dir='ltr'>asciscens,</span> <span class='ocrx_word' id='word_1_191' title='bbox 2753 1440 2890 1479; x_wconf 92' lang='lat' dir='ltr'>cum</span> <span class='ocrx_word' id='word_1_192' title='bbox 2913 1423 3117 1496; x_wconf 88' lang='lat' dir='ltr'>palam</span> <span class='ocrx_word' id='word_1_193' title='bbox 3138 1426 3200 1481; x_wconf 91' lang='lat' dir='ltr'>in</span> <span class='ocrx_word' id='word_1_194' title='bbox 3234 1426 3361 1482; x_wconf 90' lang='lat' dir='ltr'>acie</span> <span class='ocrx_word' id='word_1_195' title='bbox 3378 1427 3669 1484; x_wconf 87' lang='lat' dir='ltr'>adversus</span> 
     </span>
    </p>
   </div>
   <div class='ocr_carea' id='block_1_31' title="bbox 2010 1512 3668 1589">
    <p class='ocr_par' dir='ltr' id='par_1_31' title="bbox 2010 1512 3668 1589">
     <span class='ocr_line' id='line_1_31' title="bbox 2010 1512 3668 1589; baseline 0.004 -22"><span class='ocrx_word' id='word_1_196' title='bbox 2010 1512 2250 1569; x_wconf 89' lang='lat' dir='ltr'>Latinos</span> <span class='ocrx_word' id='word_1_197' title='bbox 2274 1513 2513 1584; x_wconf 91' lang='lat' dir='ltr'>prodire</span> <span class='ocrx_word' id='word_1_198' title='bbox 2537 1528 2661 1568; x_wconf 91' lang='lat' dir='ltr'>non</span> <span class='ocrx_word' id='word_1_199' title='bbox 2699 1517 2924 1586; x_wconf 74' lang='lat' dir='ltr'>p0sset,</span> <span class='ocrx_word' id='word_1_200' title='bbox 2955 1529 3026 1570; x_wconf 86' lang='lat' dir='ltr'>ex</span> <span class='ocrx_word' id='word_1_201' title='bbox 3055 1514 3291 1571; x_wconf 89' lang='lat' dir='ltr'>insidiis</span> <span class='ocrx_word' id='word_1_202' title='bbox 3322 1531 3425 1572; x_wconf 90' lang='lat' dir='ltr'>eos</span> <span class='ocrx_word' id='word_1_203' title='bbox 3463 1517 3668 1589; x_wconf 91' lang='lat' dir='ltr'>oppri-</span> 
     </span>
    </p>
   </div>
   <div class='ocr_carea' id='block_1_32' title="bbox 2010 1603 3664 1678">
    <p class='ocr_par' dir='ltr' id='par_1_32' title="bbox 2010 1603 3664 1678">
     <span class='ocr_line' id='line_1_32' title="bbox 2010 1603 3664 1678; baseline 0.004 -22"><span class='ocrx_word' id='word_1_204' title='bbox 2010 1619 2172 1658; x_wconf 83' lang='lat' dir='ltr'>mere</span> <span class='ocrx_word' id='word_1_205' title='bbox 2191 1603 2414 1659; x_wconf 87' lang='lat' dir='ltr'>statuit.</span> <span class='ocrx_word' id='word_1_206' title='bbox 2430 1603 3011 1674; x_wconf 86' lang='lat' dir='ltr'>lpsequidemlonge</span> <span class='ocrx_word' id='word_1_207' title='bbox 3027 1603 3414 1678; x_wconf 83' lang='lat' dir='ltr'>Adrianopoli</span> <span class='ocrx_word' id='word_1_208' title='bbox 3434 1603 3664 1673; x_wconf 81' lang='lat' dir='ltr'>aberat,</span> 
     </span>
    </p>
   </div>
   <div class='ocr_carea' id='block_1_33' title="bbox 2013 1691 3668 1766">
    <p class='ocr_par' dir='ltr' id='par_1_33' title="bbox 2013 1691 3668 1766">
     <span class='ocr_line' id='line_1_33' title="bbox 2013 1691 3668 1766; baseline 0.002 -18"><span class='ocrx_word' id='word_1_209' title='bbox 2013 1692 2256 1765; x_wconf 87' lang='lat' dir='ltr'>Scythas</span> <span class='ocrx_word' id='word_1_210' title='bbox 2291 1708 2428 1748; x_wconf 85' lang='lat' dir='ltr'>vero</span> <span class='ocrx_word' id='word_1_211' title='bbox 2454 1693 2514 1748; x_wconf 92' lang='lat' dir='ltr'>in</span> <span class='ocrx_word' id='word_1_212' title='bbox 2554 1691 2728 1748; x_wconf 90' lang='lat' dir='ltr'>ltalos</span> <span class='ocrx_word' id='word_1_213' title='bbox 2757 1693 2953 1757; x_wconf 87' lang='lat' dir='ltr'>mittit,</span> <span class='ocrx_word' id='word_1_214' title='bbox 2993 1698 3058 1749; x_wconf 91' lang='lat' dir='ltr'>ut</span> <span class='ocrx_word' id='word_1_215' title='bbox 3089 1693 3364 1766; x_wconf 89' lang='lat' dir='ltr'>Scythico</span> <span class='ocrx_word' id='word_1_216' title='bbox 3401 1694 3668 1754; x_wconf 84' lang='lat' dir='ltr'>bellandi</span> 
     </span>
    </p>
   </div>
   <div class='ocr_carea' id='block_1_34' title="bbox 295 1781 1909 1864">
    <p class='ocr_par' dir='ltr' id='par_1_34' title="bbox 295 1781 1899 1864">
     <span class='ocr_line' id='line_1_34' title="bbox 295 1781 1899 1864; baseline -0.007 -19"><span class='ocrx_word' id='word_1_217' title='bbox 295 1787 355 1845; x_wconf 69' lang='grc' dir='ltr'>δὲ</span> <span class='ocrx_word' id='word_1_218' title='bbox 385 1790 616 1864; x_wconf 86' lang='grc' dir='ltr'>ἀσμένως</span> <span class='ocrx_word' id='word_1_219' title='bbox 649 1785 865 1861; x_wconf 80' lang='grc' dir='ltr'>δέχεται</span> <span class='ocrx_word' id='word_1_220' title='bbox 914 1794 1089 1852; x_wconf 84' lang='grc' dir='ltr'>τοῦτο,</span> <span class='ocrx_word' id='word_1_221' title='bbox 1137 1789 1228 1837; x_wconf 82' lang='grc' dir='ltr'>καὶ</span> <span class='ocrx_word' id='word_1_222' title='bbox 1285 1785 1488 1844; x_wconf 81' lang='grc' dir='ltr'>Σκύθας</span> <span class='ocrx_word' id='word_1_223' title='bbox 1537 1783 1654 1854; x_wconf 84' lang='grc' dir='ltr'>μεθ’</span> <span class='ocrx_word' id='word_1_224' title='bbox 1714 1781 1899 1834; x_wconf 76' lang='grc' dir='ltr'>ἑαυτοῦ</span> 
     </span>
    </p>
   </div>
   <div class='ocr_carea' id='block_1_35' title="bbox 2001 1781 3669 1864">
    <p class='ocr_par' dir='ltr' id='par_1_35' title="bbox 2008 1781 3669 1857">
     <span class='ocr_line' id='line_1_35' title="bbox 2008 1781 3669 1857; baseline 0.002 -20"><span class='ocrx_word' id='word_1_225' title='bbox 2008 1782 2192 1837; x_wconf 90' lang='lat' dir='ltr'>modo</span> <span class='ocrx_word' id='word_1_226' title='bbox 2213 1797 2315 1837; x_wconf 87' lang='lat' dir='ltr'>eos</span> <span class='ocrx_word' id='word_1_227' title='bbox 2337 1781 2986 1850; x_wconf 85' lang='lat' dir='ltr'>aggrederentur.ltalis</span> <span class='ocrx_word' id='word_1_228' title='bbox 3003 1781 3062 1838; x_wconf 92' lang='lat' dir='ltr'>in</span> <span class='ocrx_word' id='word_1_229' title='bbox 3076 1799 3243 1839; x_wconf 91' lang='lat' dir='ltr'>more</span> <span class='ocrx_word' id='word_1_230' title='bbox 3268 1788 3355 1840; x_wconf 92' lang='lat' dir='ltr'>est</span> <span class='ocrx_word' id='word_1_231' title='bbox 3371 1784 3563 1857; x_wconf 89' lang='lat' dir='ltr'>equisi</span> <span class='ocrx_word' id='word_1_232' title='bbox 3589 1784 3669 1841; x_wconf 84' lang='lat' dir='ltr'>fe-</span> 
     </span>
    </p>
   </div>
   <div class='ocr_carea' id='block_1_36' title="bbox 290 1869 1900 1954">
    <p class='ocr_par' dir='ltr' id='par_1_36' title="bbox 290 1869 1900 1954">
     <span class='ocr_line' id='line_1_36' title="bbox 290 1869 1900 1954; baseline -0.007 -21"><span class='ocrx_word' id='word_1_233' title='bbox 290 1877 728 1954; x_wconf 80' lang='grc' dir='ltr'>προσ).αϐὁμενος,</span> <span class='ocrx_word' id='word_1_234' title='bbox 757 1876 866 1930; x_wconf 76' lang='grc' dir='ltr'>ἐπεί</span> <span class='ocrx_word' id='word_1_235' title='bbox 899 1883 1125 1949; x_wconf 77' lang='grc' dir='ltr'>φανερῶς</span> <span class='ocrx_word' id='word_1_236' title='bbox 1176 1873 1271 1926; x_wconf 90' lang='grc' dir='ltr'>ούκ</span> <span class='ocrx_word' id='word_1_237' title='bbox 1329 1869 1442 1946; x_wconf 82' lang='grc' dir='ltr'>εἶχε</span> <span class='ocrx_word' id='word_1_238' title='bbox 1493 1878 1600 1934; x_wconf 87' lang='grc' dir='ltr'>τοῖς</span> <span class='ocrx_word' id='word_1_239' title='bbox 1653 1875 1900 1933; x_wconf 76' lang='grc' dir='ltr'>Λατίνοις</span> 
     </span>
    </p>
   </div>
   <div class='ocr_carea' id='block_1_37' title="bbox 288 1960 1897 2044">
    <p class='ocr_par' dir='ltr' id='par_1_37' title="bbox 288 1960 1897 2044">
     <span class='ocr_line' id='line_1_37' title="bbox 288 1960 1897 2044; baseline -0.005 -22"><span class='ocrx_word' id='word_1_240' title='bbox 288 1971 638 2044; x_wconf 76' lang='grc' dir='ltr'>μαχέσασθαι</span> <span class='ocrx_word' id='word_1_241' title='bbox 711 1968 780 2033; x_wconf 73' lang='grc'>⁵⁸,</span> <span class='ocrx_word' id='word_1_242' title='bbox 858 1965 1216 2040; x_wconf 71' lang='grc' dir='ltr'>περιγενέσθαι</span> <span class='ocrx_word' id='word_1_243' title='bbox 1288 1960 1624 2035; x_wconf 79' lang='grc' dir='ltr'>βεϐούλευται</span> <span class='ocrx_word' id='word_1_244' title='bbox 1711 1981 1897 2033; x_wconf 83' lang='grc' dir='ltr'>μηχα-</span> 
     </span>
    </p>
   </div>
   <div class='ocr_carea' id='block_1_38' title="bbox 288 2045 1898 2129">
    <p class='ocr_par' dir='ltr' id='par_1_38' title="bbox 288 2045 1898 2129">
     <span class='ocr_line' id='line_1_38' title="bbox 288 2045 1898 2129; baseline -0.005 -19"><span class='ocrx_word' id='word_1_245' title='bbox 288 2065 402 2119; x_wconf 87' lang='grc' dir='ltr'>ναῖς</span> <span class='ocrx_word' id='word_1_246' title='bbox 421 2059 491 2112; x_wconf 77' lang='grc'>⁶⁵.</span> <span class='ocrx_word' id='word_1_247' title='bbox 529 2061 629 2112; x_wconf 82' lang='grc' dir='ltr'>Καί</span> <span class='ocrx_word' id='word_1_248' title='bbox 666 2057 693 2109; x_wconf 83' lang='grc' dir='ltr'><strong>ὁ</strong></span> <span class='ocrx_word' id='word_1_249' title='bbox 845 2057 1005 2108; x_wconf 84' lang='grc' dir='ltr'>ἔκειτο</span> <span class='ocrx_word' id='word_1_250' title='bbox 1046 2054 1250 2128; x_wconf 87' lang='grc' dir='ltr'>μακράν</span> <span class='ocrx_word' id='word_1_251' title='bbox 1298 2071 1398 2104; x_wconf 89' lang='grc' dir='ltr'>που</span> <span class='ocrx_word' id='word_1_252' title='bbox 1451 2059 1541 2111; x_wconf 84' lang='grc' dir='ltr'>τῆς</span> <span class='ocrx_word' id='word_1_253' title='bbox 1593 2045 1898 2123; x_wconf 74' lang='grc' dir='ltr'>Ἀδρίανου-</span> 
     </span>
    </p>
   </div>
   <div class='ocr_carea' id='block_1_39' title="bbox 289 2140 1896 2219">
    <p class='ocr_par' dir='ltr' id='par_1_39' title="bbox 289 2140 1896 2219">
     <span class='ocr_line' id='line_1_39' title="bbox 289 2140 1896 2219; baseline -0.006 -18"><span class='ocrx_word' id='word_1_254' title='bbox 289 2147 504 2216; x_wconf 86' lang='grc' dir='ltr'>πόλεως,</span> <span class='ocrx_word' id='word_1_255' title='bbox 533 2145 782 2219; x_wconf 76' lang='grc' dir='ltr'>ἐκπέμπει</span> <span class='ocrx_word' id='word_1_256' title='bbox 815 2141 875 2198; x_wconf 84' lang='grc' dir='ltr'>δέ</span> <span class='ocrx_word' id='word_1_257' title='bbox 917 2146 1054 2196; x_wconf 87' lang='grc' dir='ltr'>κατὰ</span> <span class='ocrx_word' id='word_1_258' title='bbox 1104 2150 1204 2195; x_wconf 86' lang='grc' dir='ltr'>τῶν</span> <span class='ocrx_word' id='word_1_259' title='bbox 1263 2140 1468 2195; x_wconf 87' lang='grc' dir='ltr'>Ἰταλῶν</span> <span class='ocrx_word' id='word_1_260' title='bbox 1524 2142 1644 2200; x_wconf 90' lang='grc' dir='ltr'>τούς</span> <span class='ocrx_word' id='word_1_261' title='bbox 1697 2141 1896 2204; x_wconf 80' lang='grc' dir='ltr'>Σκύθας</span> 
     </span>
    </p>
   </div>
   <div class='ocr_carea' id='block_1_40' title="bbox 290 2228 1897 2310">
    <p class='ocr_par' dir='ltr' id='par_1_40' title="bbox 290 2228 1897 2310">
     <span class='ocr_line' id='line_1_40' title="bbox 290 2228 1897 2310; baseline -0.006 -21"><span class='ocrx_word' id='word_1_262' title='bbox 290 2245 354 2310; x_wconf 76' lang='grc' dir='ltr'>τῇ</span> <span class='ocrx_word' id='word_1_263' title='bbox 384 2238 608 2308; x_wconf 76' lang='grc' dir='ltr'>Σκυθικῇ</span> <span class='ocrx_word' id='word_1_264' title='bbox 646 2238 895 2309; x_wconf 74' lang='grc' dir='ltr'>στρατείᾳ</span> <span class='ocrx_word' id='word_1_265' title='bbox 923 2232 1239 2308; x_wconf 81' lang='grc' dir='ltr'>χρήσασθαι</span> <span class='ocrx_word' id='word_1_266' title='bbox 1277 2229 1395 2284; x_wconf 79' lang='grc' dir='ltr'>κατ’</span> <span class='ocrx_word' id='word_1_267' title='bbox 1427 2230 1596 2282; x_wconf 85' lang='grc' dir='ltr'>αύτῶν</span> <span class='ocrx_word' id='word_1_268' title='bbox 1643 2229 1715 2285; x_wconf 74' lang='grc'>⁸⁸.</span> <span class='ocrx_word' id='word_1_269' title='bbox 1767 2228 1897 2282; x_wconf 82' lang='grc' dir='ltr'>Ἰτα-</span> 
     </span>
    </p>
   </div>
   <div class='ocr_carea' id='block_1_41' title="bbox 290 2315 1899 2398">
    <p class='ocr_par' dir='ltr' id='par_1_41' title="bbox 290 2315 1899 2398">
     <span class='ocr_line' id='line_1_41' title="bbox 290 2315 1899 2398; baseline -0.004 -20"><span class='ocrx_word' id='word_1_270' title='bbox 290 2323 395 2386; x_wconf 89' lang='grc' dir='ltr'>λοῖς</span> <span class='ocrx_word' id='word_1_271' title='bbox 432 2327 522 2398; x_wconf 69' lang='grc' dir='ltr'>μὲν</span> <span class='ocrx_word' id='word_1_272' title='bbox 567 2321 654 2376; x_wconf 82' lang='grc' dir='ltr'>οὖν</span> <span class='ocrx_word' id='word_1_273' title='bbox 699 2325 813 2386; x_wconf 83' lang='grc' dir='ltr'>ἔθος</span> <span class='ocrx_word' id='word_1_274' title='bbox 869 2321 942 2394; x_wconf 76' lang='grc' dir='ltr'>ἐφ’</span> <span class='ocrx_word' id='word_1_275' title='bbox 1001 2320 1183 2383; x_wconf 79' lang='grc' dir='ltr'>ἳπποις</span> <span class='ocrx_word' id='word_1_276' title='bbox 1237 2318 1540 2390; x_wconf 72' lang='grc' dir='ltr'>ὑψαύχεσιν</span> <span class='ocrx_word' id='word_1_277' title='bbox 1586 2315 1899 2390; x_wconf 76' lang='grc' dir='ltr'>ἐποχεῖσθαι</span> 
     </span>
    </p>
   </div>
   <div class='ocr_carea' id='block_1_42' title="bbox 292 2405 1899 2489">
    <p class='ocr_par' dir='ltr' id='par_1_42' title="bbox 292 2405 1899 2489">
     <span class='ocr_line' id='line_1_42' title="bbox 292 2405 1899 2489; baseline -0.004 -22"><span class='ocrx_word' id='word_1_278' title='bbox 292 2415 677 2489; x_wconf 77' lang='grc' dir='ltr'>καταφράκτοις</span> <span class='ocrx_word' id='word_1_279' title='bbox 707 2432 760 2465; x_wconf 83' lang='grc' dir='ltr'>τε</span> <span class='ocrx_word' id='word_1_280' title='bbox 818 2408 891 2465; x_wconf 81' lang='grc' dir='ltr'>δι’</span> <span class='ocrx_word' id='word_1_281' title='bbox 941 2409 1058 2464; x_wconf 86' lang='grc' dir='ltr'>ὅλου</span> <span class='ocrx_word' id='word_1_282' title='bbox 1119 2409 1250 2462; x_wconf 80' lang='grc' dir='ltr'>εἶναι</span> <span class='ocrx_word' id='word_1_283' title='bbox 1305 2416 1409 2468; x_wconf 89' lang='grc' dir='ltr'>τοῖς</span> <span class='ocrx_word' id='word_1_284' title='bbox 1462 2408 1506 2442; x_wconf 77' lang='grc'>⁵⁷</span> <span class='ocrx_word' id='word_1_285' title='bbox 1569 2405 1746 2469; x_wconf 85' lang='grc' dir='ltr'>ὅπλοις</span> <span class='ocrx_word' id='word_1_286' title='bbox 1806 2414 1899 2460; x_wconf 81' lang='grc' dir='ltr'>τοῦ</span> 
     </span>
    </p>
   </div>
   <div class='ocr_carea' id='block_1_43' title="bbox 297 2496 1899 2577">
    <p class='ocr_par' dir='ltr' id='par_1_43' title="bbox 297 2496 1899 2577">
     <span class='ocr_line' id='line_1_43' title="bbox 297 2496 1899 2577; baseline -0.005 -21"><span class='ocrx_word' id='word_1_287' title='bbox 297 2509 550 2577; x_wconf 87' lang='grc' dir='ltr'>σώματος,</span> <span class='ocrx_word' id='word_1_288' title='bbox 609 2501 882 2554; x_wconf 85' lang='grc' dir='ltr'>κάντεῦθεν</span> <span class='ocrx_word' id='word_1_289' title='bbox 939 2496 1269 2559; x_wconf 80' lang='grc' dir='ltr'>δυσκινήτως</span> <span class='ocrx_word' id='word_1_290' title='bbox 1317 2499 1454 2549; x_wconf 87' lang='grc' dir='ltr'>κατά</span> <span class='ocrx_word' id='word_1_291' title='bbox 1505 2504 1604 2548; x_wconf 90' lang='grc' dir='ltr'>τῶν</span> <span class='ocrx_word' id='word_1_292' title='bbox 1661 2498 1899 2549; x_wconf 72' lang='grc' dir='ltr'>ἐναντίων</span> 
     </span>
    </p>
   </div>
   <div class='ocr_carea' id='block_1_44' title="bbox 295 2585 1901 2667">
    <p class='ocr_par' dir='ltr' id='par_1_44' title="bbox 295 2585 1901 2667">
     <span class='ocr_line' id='line_1_44' title="bbox 295 2585 1901 2667; baseline -0.004 -22"><span class='ocrx_word' id='word_1_293' title='bbox 295 2593 497 2667; x_wconf 82' lang='grc' dir='ltr'>ὁρμῶσι</span> <span class='ocrx_word' id='word_1_294' title='bbox 550 2592 621 2650; x_wconf 81' lang='grc'>⁵⁸.</span> <span class='ocrx_word' id='word_1_295' title='bbox 717 2592 910 2644; x_wconf 85' lang='grc' dir='ltr'>Σκύθαι</span> <span class='ocrx_word' id='word_1_296' title='bbox 972 2585 1032 2642; x_wconf 69' lang='grc' dir='ltr'>δὲ</span> <span class='ocrx_word' id='word_1_297' title='bbox 1096 2591 1405 2662; x_wconf 72' lang='grc' dir='ltr'>κουφότερον</span> <span class='ocrx_word' id='word_1_298' title='bbox 1436 2586 1552 2659; x_wconf 87' lang='lat'>(97)</span> <span class='ocrx_word' id='word_1_299' title='bbox 1584 2585 1901 2659; x_wconf 76' lang='grc' dir='ltr'>ὡπλισμένοι</span> 
     </span>
    </p>
   </div>
   <div class='ocr_carea' id='block_1_45' title="bbox 295 2674 1901 2756">
    <p class='ocr_par' dir='ltr' id='par_1_45' title="bbox 295 2674 1901 2756">
     <span class='ocr_line' id='line_1_45' title="bbox 295 2674 1901 2756; baseline -0.005 -21"><span class='ocrx_word' id='word_1_300' title='bbox 295 2681 686 2756; x_wconf 77' lang='grc' dir='ltr'>έλευθερώτερον</span> <span class='ocrx_word' id='word_1_301' title='bbox 718 2675 1023 2737; x_wconf 72' lang='grc' dir='ltr'>ἐπιπηδῶσι</span> <span class='ocrx_word' id='word_1_302' title='bbox 1074 2683 1186 2740; x_wconf 86' lang='grc' dir='ltr'>τοῖς</span> <span class='ocrx_word' id='word_1_303' title='bbox 1240 2677 1483 2736; x_wconf 84' lang='grc' dir='ltr'>ἐναντίοις</span> <span class='ocrx_word' id='word_1_304' title='bbox 1531 2674 1610 2728; x_wconf 77' lang='grc' dir='ltr'>Οὔ</span> <span class='ocrx_word' id='word_1_305' title='bbox 1655 2677 1726 2748; x_wconf 83' lang='grc' dir='ltr'>μὴ</span> <span class='ocrx_word' id='word_1_306' title='bbox 1783 2675 1901 2739; x_wconf 84' lang='grc' dir='ltr'>ξυν-</span> 
     </span>
    </p>
   </div>
   <div class='ocr_carea' id='block_1_46' title="bbox 296 2766 1901 2838">
    <p class='ocr_par' dir='ltr' id='par_1_46' title="bbox 296 2766 1901 2838">
     <span class='ocr_line' id='line_1_46' title="bbox 296 2766 1901 2838; baseline -0.006 -13"><span class='ocrx_word' id='word_1_307' title='bbox 296 2774 447 2832; x_wconf 70' lang='grc' dir='ltr'>ιόντες</span> <span class='ocrx_word' id='word_1_308' title='bbox 508 2771 558 2822; x_wconf 84' lang='grc' dir='ltr'>οἱ</span> <span class='ocrx_word' id='word_1_309' title='bbox 616 2767 808 2824; x_wconf 83' lang='grc' dir='ltr'>Ἰταλοί</span> <span class='ocrx_word' id='word_1_310' title='bbox 871 2769 1017 2838; x_wconf 85' lang='grc' dir='ltr'>παρά</span> <span class='ocrx_word' id='word_1_311' title='bbox 1087 2774 1184 2820; x_wconf 89' lang='grc' dir='ltr'>τῶν</span> <span class='ocrx_word' id='word_1_312' title='bbox 1259 2766 1466 2818; x_wconf 83' lang='grc' dir='ltr'>Σκυθῶν</span> <span class='ocrx_word' id='word_1_313' title='bbox 1537 2783 1901 2838; x_wconf 77' lang='grc' dir='ltr'>καταστρατη·</span> 
     </span>
    </p>
   </div>
   <div class='ocr_carea' id='block_1_47' title="bbox 297 2850 1903 2932">
    <p class='ocr_par' dir='ltr' id='par_1_47' title="bbox 297 2850 1903 2932">
     <span class='ocr_line' id='line_1_47' title="bbox 297 2850 1903 2932; baseline -0.004 -20"><span class='ocrx_word' id='word_1_314' title='bbox 297 2867 538 2932; x_wconf 76' lang='grc' dir='ltr'>γοῦνται,</span> <span class='ocrx_word' id='word_1_315' title='bbox 570 2860 705 2911; x_wconf 82' lang='grc' dir='ltr'>ὥστε</span> <span class='ocrx_word' id='word_1_316' title='bbox 733 2861 824 2909; x_wconf 85' lang='grc' dir='ltr'>καὶ</span> <span class='ocrx_word' id='word_1_317' title='bbox 872 2856 1029 2908; x_wconf 73' lang='grc' dir='ltr'>αὐτὸν</span> <span class='ocrx_word' id='word_1_318' title='bbox 1053 2858 1140 2907; x_wconf 86' lang='grc' dir='ltr'>τὸν</span> <span class='ocrx_word' id='word_1_319' title='bbox 1172 2852 1397 2927; x_wconf 85' lang='grc' dir='ltr'>βασιλέα</span> <span class='ocrx_word' id='word_1_320' title='bbox 1434 2850 1744 2906; x_wconf 81' lang='grc' dir='ltr'>Βαλδουῖνον</span> <span class='ocrx_word' id='word_1_321' title='bbox 1791 2855 1903 2926; x_wconf 84' lang='grc'>(98)</span> 
     </span>
    </p>
   </div>
   <div class='ocr_carea' id='block_1_48' title="bbox 374 2960 1603 3029">
    <p class='ocr_par' dir='ltr' id='par_1_48' title="bbox 374 2960 1603 3029">
     <span class='ocr_line' id='line_1_48' title="bbox 374 2960 1603 3029; baseline -0.001 -13"><span class='ocrx_word' id='word_1_322' title='bbox 374 2965 590 3016; x_wconf 81' lang='grc' dir='ltr'>⁵²αύτοῦ</span> <span class='ocrx_word' id='word_1_323' title='bbox 637 2995 707 3004; x_wconf 90' lang='lat'><strong><em>—</em></strong></span> <span class='ocrx_word' id='word_1_324' title='bbox 769 2960 1308 3029; x_wconf 70' lang='grc' dir='ltr'>Κωνσταντινουπὸλει</span> <span class='ocrx_word' id='word_1_325' title='bbox 1365 2975 1488 3029; x_wconf 77' lang='lat' dir='ltr'>om.</span> <span class='ocrx_word' id='word_1_326' title='bbox 1541 2963 1603 3016; x_wconf 90' lang='lat' dir='ltr'>D.</span> 
     </span>
    </p>
   </div>
   <div class='ocr_carea' id='block_1_49' title="bbox 303 3028 1662 3108">
    <p class='ocr_par' dir='ltr' id='par_1_49' title="bbox 303 3028 1662 3108">
     <span class='ocr_line' id='line_1_49' title="bbox 303 3028 1662 3108; baseline 0.001 -22"><span class='ocrx_word' id='word_1_327' title='bbox 303 3036 352 3071; x_wconf 79' lang='grc'><strong><em>⁵⁵</em></strong></span> <span class='ocrx_word' id='word_1_328' title='bbox 385 3041 656 3108; x_wconf 80' lang='grc' dir='ltr'>μηχαναῖς</span> <span class='ocrx_word' id='word_1_329' title='bbox 684 3028 919 3088; x_wconf 85' lang='grc' dir='ltr'>Λατίνων</span> <span class='ocrx_word' id='word_1_330' title='bbox 940 3033 1300 3108; x_wconf 72' lang='grc' dir='ltr'>περιγενέσθαι</span> <span class='ocrx_word' id='word_1_331' title='bbox 1327 3028 1544 3086; x_wconf 76' lang='grc' dir='ltr'>σπεύδει</span> <span class='ocrx_word' id='word_1_332' title='bbox 1598 3034 1662 3088; x_wconf 90' lang='lat' dir='ltr'>D.</span> 
     </span>
    </p>
   </div>
   <div class='ocr_carea' id='block_1_50' title="bbox 281 3108 689 3179">
    <p class='ocr_par' dir='ltr' id='par_1_50' title="bbox 281 3108 689 3179">
     <span class='ocr_line' id='line_1_50' title="bbox 281 3108 689 3179; baseline 0.007 -22"><span class='ocrx_word' id='word_1_333' title='bbox 281 3111 439 3179; x_wconf 86' lang='grc' dir='ltr'>’μῶσι</span> <span class='ocrx_word' id='word_1_334' title='bbox 468 3121 589 3163; x_wconf 90' lang='lat' dir='ltr'>om.</span> <span class='ocrx_word' id='word_1_335' title='bbox 628 3108 689 3162; x_wconf 91' lang='lat' dir='ltr'>D.</span> 
     </span>
    </p>
   </div>
   <div class='ocr_carea' id='block_1_51' title="bbox 1681 2960 2554 3036">
    <p class='ocr_par' dir='ltr' id='par_1_51' title="bbox 1681 2960 2554 3036">
     <span class='ocr_line' id='line_1_51' title="bbox 1681 2960 2554 3036; baseline 0.002 -24"><span class='ocrx_word' id='word_1_336' title='bbox 1681 2961 1872 3036; x_wconf 70' lang='lat' dir='ltr'>53__zui</span> <span class='ocrx_word' id='word_1_337' title='bbox 1919 2992 1990 3001; x_wconf 94' lang='lat'>—</span> <span class='ocrx_word' id='word_1_338' title='bbox 2035 2960 2267 3036; x_wconf 78' lang='grc' dir='ltr'>ῥύσηται</span> <span class='ocrx_word' id='word_1_339' title='bbox 2315 2976 2460 3036; x_wconf 88' lang='lat' dir='ltr'>om._</span> <span class='ocrx_word' id='word_1_340' title='bbox 2491 2961 2554 3016; x_wconf 86' lang='lat' dir='ltr'>D.</span> 
     </span>
    </p>
   </div>
   <div class='ocr_carea' id='block_1_52' title="bbox 1743 3031 2494 3106">
    <p class='ocr_par' dir='ltr' id='par_1_52' title="bbox 1743 3031 2494 3106">
     <span class='ocr_line' id='line_1_52' title="bbox 1743 3031 2494 3106; baseline 0 -20"><span class='ocrx_word' id='word_1_341' title='bbox 1743 3033 1789 3068; x_wconf 78' lang='grc'><strong>⁵³</strong></span> <span class='ocrx_word' id='word_1_342' title='bbox 1846 3031 2196 3106; x_wconf 75' lang='grc' dir='ltr'>τῇ-αύτῶν</span> <span class='ocrx_word' id='word_1_343' title='bbox 2249 3047 2369 3089; x_wconf 89' lang='lat' dir='ltr'>om.</span> <span class='ocrx_word' id='word_1_344' title='bbox 2426 3031 2494 3087; x_wconf 88' lang='lat' dir='ltr'>D.</span> 
     </span>
    </p>
   </div>
   <div class='ocr_carea' id='block_1_53' title="bbox 2004 1870 3669 1944">
    <p class='ocr_par' dir='ltr' id='par_1_53' title="bbox 2004 1870 3669 1944">
     <span class='ocr_line' id='line_1_53' title="bbox 2004 1870 3669 1944; baseline 0.002 -18"><span class='ocrx_word' id='word_1_345' title='bbox 2004 1871 2250 1927; x_wconf 91' lang='lat' dir='ltr'>rocitate</span> <span class='ocrx_word' id='word_1_346' title='bbox 2281 1870 2721 1926; x_wconf 82' lang='lat' dir='ltr'>exsultantibus</span> <span class='ocrx_word' id='word_1_347' title='bbox 2747 1870 2900 1940; x_wconf 90' lang='lat' dir='ltr'>vehi,</span> <span class='ocrx_word' id='word_1_348' title='bbox 2937 1871 3278 1944; x_wconf 89' lang='lat' dir='ltr'>munirique</span> <span class='ocrx_word' id='word_1_349' title='bbox 3331 1873 3516 1928; x_wconf 89' lang='lat' dir='ltr'>armis</span> <span class='ocrx_word' id='word_1_350' title='bbox 3555 1873 3669 1929; x_wconf 87' lang='lat' dir='ltr'>cir-</span> 
     </span>
    </p>
   </div>
   <div class='ocr_carea' id='block_1_54' title="bbox 2005 1959 3669 2034">
    <p class='ocr_par' dir='ltr' id='par_1_54' title="bbox 2005 1959 3669 2034">
     <span class='ocr_line' id='line_1_54' title="bbox 2005 1959 3669 2034; baseline 0.002 -19"><span class='ocrx_word' id='word_1_351' title='bbox 2005 1975 2390 2032; x_wconf 89' lang='lat' dir='ltr'>cumquaque</span> <span class='ocrx_word' id='word_1_352' title='bbox 2413 1963 2534 2016; x_wconf 90' lang='lat' dir='ltr'>toto</span> <span class='ocrx_word' id='word_1_353' title='bbox 2557 1975 2824 2032; x_wconf 87' lang='lat' dir='ltr'>corpore,</span> <span class='ocrx_word' id='word_1_354' title='bbox 2851 1959 3108 2034; x_wconf 90' lang='lat' dir='ltr'>ideoque</span> <span class='ocrx_word' id='word_1_355' title='bbox 3131 1976 3346 2032; x_wconf 87' lang='lat' dir='ltr'>segnes</span> <span class='ocrx_word' id='word_1_356' title='bbox 3369 1976 3440 2017; x_wconf 92' lang='lat' dir='ltr'>ac</span> <span class='ocrx_word' id='word_1_357' title='bbox 3463 1961 3669 2018; x_wconf 89' lang='lat' dir='ltr'>tardos</span> 
     </span>
    </p>
   </div>
   <div class='ocr_carea' id='block_1_55' title="bbox 2001 2048 3664 2121">
    <p class='ocr_par' dir='ltr' id='par_1_55' title="bbox 2001 2048 3664 2121">
     <span class='ocr_line' id='line_1_55' title="bbox 2001 2048 3664 2121; baseline 0.001 -15"><span class='ocrx_word' id='word_1_358' title='bbox 2001 2050 2063 2106; x_wconf 91' lang='lat' dir='ltr'>in</span> <span class='ocrx_word' id='word_1_359' title='bbox 2079 2049 2281 2105; x_wconf 89' lang='lat' dir='ltr'>hostes</span> <span class='ocrx_word' id='word_1_360' title='bbox 2294 2048 2452 2106; x_wconf 85' lang='lat' dir='ltr'>ferri.</span> <span class='ocrx_word' id='word_1_361' title='bbox 2467 2050 2686 2104; x_wconf 88' lang='lat' dir='ltr'>Verum</span> <span class='ocrx_word' id='word_1_362' title='bbox 2703 2049 2959 2121; x_wconf 73' lang='lat' dir='ltr'>Sycthae,</span> <span class='ocrx_word' id='word_1_363' title='bbox 2975 2049 3313 2106; x_wconf 90' lang='lat' dir='ltr'>cumlevius</span> <span class='ocrx_word' id='word_1_364' title='bbox 3330 2054 3664 2118; x_wconf 87' lang='lat' dir='ltr'>armentur,</span> 
     </span>
    </p>
   </div>
   <div class='ocr_carea' id='block_1_56' title="bbox 1999 2122 3668 2211">
    <p class='ocr_par' dir='ltr' id='par_1_56' title="bbox 1999 2122 3668 2211">
     <span class='ocr_line' id='line_1_56' title="bbox 1999 2122 3668 2211; baseline 0.002 -16"><span class='ocrx_word' id='word_1_365' title='bbox 1999 2122 2247 2195; x_wconf 73' lang='lat' dir='ltr'>liberius</span> <span class='ocrx_word' id='word_1_366' title='bbox 2280 2139 2352 2194; x_wconf 92' lang='lat' dir='ltr'>ad</span> <span class='ocrx_word' id='word_1_367' title='bbox 2365 2139 2988 2211; x_wconf 88' lang='lat' dir='ltr'>versariosimpetunt.</span> <span class='ocrx_word' id='word_1_368' title='bbox 3007 2139 3152 2196; x_wconf 88' lang='lat' dir='ltr'>Illud</span> <span class='ocrx_word' id='word_1_369' title='bbox 3170 2140 3519 2210; x_wconf 86' lang='lat' dir='ltr'>ignorantes</span> <span class='ocrx_word' id='word_1_370' title='bbox 3538 2140 3668 2198; x_wconf 90' lang='lat' dir='ltr'>Itali</span> 
     </span>
    </p>
   </div>
   <div class='ocr_carea' id='block_1_57' title="bbox 2004 2227 3669 2302">
    <p class='ocr_par' dir='ltr' id='par_1_57' title="bbox 2004 2227 3669 2302">
     <span class='ocr_line' id='line_1_57' title="bbox 2004 2227 3669 2302; baseline 0.001 -17"><span class='ocrx_word' id='word_1_371' title='bbox 2004 2245 2040 2285; x_wconf 92' lang='lat' dir='ltr'>a</span> <span class='ocrx_word' id='word_1_372' title='bbox 2066 2229 2298 2301; x_wconf 84' lang='lat' dir='ltr'>Scythis</span> <span class='ocrx_word' id='word_1_373' title='bbox 2311 2233 2524 2300; x_wconf 84' lang='lat' dir='ltr'>praeter</span> <span class='ocrx_word' id='word_1_374' title='bbox 2539 2228 2887 2301; x_wconf 89' lang='lat' dir='ltr'>opinionem</span> <span class='ocrx_word' id='word_1_375' title='bbox 2902 2227 3056 2284; x_wconf 91' lang='lat' dir='ltr'>dolis</span> <span class='ocrx_word' id='word_1_376' title='bbox 3075 2229 3521 2302; x_wconf 90' lang='lat' dir='ltr'>opprimuntur.</span> <span class='ocrx_word' id='word_1_377' title='bbox 3543 2230 3669 2287; x_wconf 86' lang='lat' dir='ltr'>Bal-</span> 
     </span>
    </p>
   </div>
   <div class='ocr_carea' id='block_1_58' title="bbox 2005 2317 3669 2390">
    <p class='ocr_par' dir='ltr' id='par_1_58' title="bbox 2005 2317 3669 2390">
     <span class='ocr_line' id='line_1_58' title="bbox 2005 2317 3669 2390; baseline 0.001 -16"><span class='ocrx_word' id='word_1_378' title='bbox 2005 2317 2227 2374; x_wconf 91' lang='lat' dir='ltr'>duinus</span> <span class='ocrx_word' id='word_1_379' title='bbox 2256 2317 2585 2390; x_wconf 88' lang='lat' dir='ltr'>imperator</span> <span class='ocrx_word' id='word_1_380' title='bbox 2615 2322 2830 2389; x_wconf 91' lang='lat' dir='ltr'>captus</span> <span class='ocrx_word' id='word_1_381' title='bbox 2852 2322 2907 2373; x_wconf 91' lang='lat' dir='ltr'>et</span> <span class='ocrx_word' id='word_1_382' title='bbox 2937 2317 3186 2374; x_wconf 88' lang='lat' dir='ltr'>vinculis</span> <span class='ocrx_word' id='word_1_383' title='bbox 3209 2319 3406 2388; x_wconf 88' lang='lat' dir='ltr'>gravis</span> <span class='ocrx_word' id='word_1_384' title='bbox 3428 2318 3501 2375; x_wconf 84' lang='lat' dir='ltr'>ad</span> <span class='ocrx_word' id='word_1_385' title='bbox 3530 2319 3669 2376; x_wconf 90' lang='lat' dir='ltr'>Bul-</span> 
     </span>
    </p>
   </div>
   <div class='ocr_carea' id='block_1_59' title="bbox 2006 2406 3666 2481">
    <p class='ocr_par' dir='ltr' id='par_1_59' title="bbox 2006 2406 3666 2481">
     <span class='ocr_line' id='line_1_59' title="bbox 2006 2406 3666 2481; baseline 0.001 -17"><span class='ocrx_word' id='word_1_386' title='bbox 2006 2423 2291 2479; x_wconf 90' lang='lat' dir='ltr'>garorum</span> <span class='ocrx_word' id='word_1_387' title='bbox 2321 2422 2525 2477; x_wconf 88' lang='lat' dir='ltr'>regem</span> <span class='ocrx_word' id='word_1_388' title='bbox 2559 2408 2852 2462; x_wconf 84' lang='lat' dir='ltr'>Joannem</span> <span class='ocrx_word' id='word_1_389' title='bbox 2892 2406 3213 2463; x_wconf 88' lang='lat' dir='ltr'>adducitur</span> <span class='ocrx_word' id='word_1_390' title='bbox 3247 2407 3440 2477; x_wconf 90' lang='lat' dir='ltr'>;illius</span> <span class='ocrx_word' id='word_1_391' title='bbox 3479 2413 3666 2481; x_wconf 89' lang='lat' dir='ltr'>caput</span> 
     </span>
    </p>
   </div>
   <div class='ocr_carea' id='block_1_60' title="bbox 2007 2495 3667 2570">
    <p class='ocr_par' dir='ltr' id='par_1_60' title="bbox 2007 2495 3667 2570">
     <span class='ocr_line' id='line_1_60' title="bbox 2007 2495 3667 2570; baseline 0.001 -16"><span class='ocrx_word' id='word_1_392' title='bbox 2007 2496 2365 2565; x_wconf 90' lang='lat' dir='ltr'>abscissum,</span> <span class='ocrx_word' id='word_1_393' title='bbox 2413 2495 2818 2568; x_wconf 90' lang='lat' dir='ltr'>sordibusque</span> <span class='ocrx_word' id='word_1_394' title='bbox 2867 2497 3113 2553; x_wconf 88' lang='lat' dir='ltr'>internis</span> <span class='ocrx_word' id='word_1_395' title='bbox 3150 2503 3552 2570; x_wconf 85' lang='lat' dir='ltr'>expurgatum</span> <span class='ocrx_word' id='word_1_396' title='bbox 3609 2501 3667 2556; x_wconf 88' lang='lat' dir='ltr'>et</span> 
     </span>
    </p>
   </div>
   <div class='ocr_carea' id='block_1_61' title="bbox 2007 2584 3666 2659">
    <p class='ocr_par' dir='ltr' id='par_1_61' title="bbox 2007 2584 3666 2659">
     <span class='ocr_line' id='line_1_61' title="bbox 2007 2584 3666 2659; baseline 0.001 -16"><span class='ocrx_word' id='word_1_397' title='bbox 2007 2586 2377 2645; x_wconf 88' lang='lat' dir='ltr'>ornamentis</span> <span class='ocrx_word' id='word_1_398' title='bbox 2418 2584 2684 2657; x_wconf 88' lang='lat' dir='ltr'>undique</span> <span class='ocrx_word' id='word_1_399' title='bbox 2741 2585 3228 2658; x_wconf 87' lang='lat' dir='ltr'>circumseptum,</span> <span class='ocrx_word' id='word_1_400' title='bbox 3286 2587 3487 2659; x_wconf 92' lang='lat' dir='ltr'>poculi</span> <span class='ocrx_word' id='word_1_401' title='bbox 3529 2587 3666 2644; x_wconf 90' lang='lat' dir='ltr'>loco</span> 
     </span>
    </p>
   </div>
   <div class='ocr_carea' id='block_1_62' title="bbox 2007 2672 3666 2747">
    <p class='ocr_par' dir='ltr' id='par_1_62' title="bbox 2007 2672 3666 2747">
     <span class='ocr_line' id='line_1_62' title="bbox 2007 2672 3666 2747; baseline 0.001 -15"><span class='ocrx_word' id='word_1_402' title='bbox 2007 2674 2270 2732; x_wconf 89' lang='lat' dir='ltr'>barbaro</span> <span class='ocrx_word' id='word_1_403' title='bbox 2305 2673 2620 2729; x_wconf 81' lang='lat' dir='ltr'>inservisse</span> <span class='ocrx_word' id='word_1_404' title='bbox 2649 2672 2812 2730; x_wconf 87' lang='lat' dir='ltr'>fama</span> <span class='ocrx_word' id='word_1_405' title='bbox 2868 2677 2976 2730; x_wconf 90' lang='lat' dir='ltr'>est.</span> <span class='ocrx_word' id='word_1_406' title='bbox 3016 2674 3484 2747; x_wconf 79' lang='lat' dir='ltr'>Adrianopolitae</span> <span class='ocrx_word' id='word_1_407' title='bbox 3541 2691 3666 2733; x_wconf 91' lang='lat' dir='ltr'>non</span> 
     </span>
    </p>
   </div>
   <div class='ocr_carea' id='block_1_63' title="bbox 2012 2763 3667 2836">
    <p class='ocr_par' dir='ltr' id='par_1_63' title="bbox 2012 2763 3667 2836">
     <span class='ocr_line' id='line_1_63' title="bbox 2012 2763 3667 2836; baseline 0.001 -15"><span class='ocrx_word' id='word_1_408' title='bbox 2012 2764 2216 2821; x_wconf 90' lang='lat' dir='ltr'>statim</span> <span class='ocrx_word' id='word_1_409' title='bbox 2243 2778 2371 2818; x_wconf 90' lang='lat' dir='ltr'>rem</span> <span class='ocrx_word' id='word_1_410' title='bbox 2403 2767 2794 2836; x_wconf 89' lang='lat' dir='ltr'>perceperant</span> <span class='ocrx_word' id='word_1_411' title='bbox 2831 2781 2843 2819; x_wconf 92' lang='lat'><strong>:</strong></span> <span class='ocrx_word' id='word_1_412' title='bbox 2872 2778 3015 2818; x_wconf 90' lang='lat' dir='ltr'>nam</span> <span class='ocrx_word' id='word_1_413' title='bbox 3048 2763 3196 2819; x_wconf 91' lang='lat' dir='ltr'>urbe</span> <span class='ocrx_word' id='word_1_414' title='bbox 3218 2765 3667 2834; x_wconf 89' lang='lat' dir='ltr'>egressicastris</span> 
     </span>
    </p>
   </div>
   <div class='ocr_carea' id='block_1_64' title="bbox 2011 2850 3669 2925">
    <p class='ocr_par' dir='ltr' id='par_1_64' title="bbox 2011 2850 3669 2925">
     <span class='ocr_line' id='line_1_64' title="bbox 2011 2850 3669 2925; baseline 0.001 -15"><span class='ocrx_word' id='word_1_415' title='bbox 2011 2852 2418 2910; x_wconf 90' lang='lat' dir='ltr'>adsultassent</span> <span class='ocrx_word' id='word_1_416' title='bbox 2431 2850 2713 2907; x_wconf 86' lang='lat' dir='ltr'>Italorum</span> <span class='ocrx_word' id='word_1_417' title='bbox 2729 2853 2780 2921; x_wconf 78' lang='lat'><strong>2</strong></span> <span class='ocrx_word' id='word_1_418' title='bbox 2793 2853 2844 2924; x_wconf 86' lang='lat'><strong>5</strong></span> <span class='ocrx_word' id='word_1_419' title='bbox 2864 2868 2934 2907; x_wconf 92' lang='lat' dir='ltr'>ac</span> <span class='ocrx_word' id='word_1_420' title='bbox 2945 2851 3111 2909; x_wconf 92' lang='lat' dir='ltr'>bona</span> <span class='ocrx_word' id='word_1_421' title='bbox 3122 2852 3532 2925; x_wconf 87' lang='lat' dir='ltr'>diripuissent.</span> <span class='ocrx_word' id='word_1_422' title='bbox 3558 2857 3669 2911; x_wconf 87' lang='lat' dir='ltr'>Re-</span> 
     </span>
    </p>
   </div>
   <div class='ocr_carea' id='block_1_65' title="bbox 3151 2964 3160 2976">
    <p class='ocr_par' dir='ltr' id='par_1_65' title="bbox 3151 2964 3160 2976">
     <span class='ocr_line' id='line_1_65' title="bbox 3151 2964 3160 2976; baseline 0 0"><span class='ocrx_word' id='word_1_423' title='bbox 3151 2964 3160 2976; x_wconf 68' lang='grc' dir='ltr'><em>ι</em></span> 
     </span>
    </p>
   </div>
   <div class='ocr_carea' id='block_1_66' title="bbox 2634 2959 3666 3033">
    <p class='ocr_par' dir='ltr' id='par_1_66' title="bbox 2634 2959 3666 3033">
     <span class='ocr_line' id='line_1_66' title="bbox 2634 2959 3666 3033; baseline 0.013 -25"><span class='ocrx_word' id='word_1_424' title='bbox 2634 2960 2681 2994; x_wconf 69' lang='lat'><strong>5&quot;</strong></span> <span class='ocrx_word' id='word_1_425' title='bbox 2733 2959 2845 3012; x_wconf 84' lang='grc' dir='ltr'>ἐπεί</span> <span class='ocrx_word' id='word_1_426' title='bbox 2890 2992 2961 3000; x_wconf 92' lang='grc'>--</span> <span class='ocrx_word' id='word_1_427' title='bbox 3015 2963 3364 3033; x_wconf 84' lang='grc' dir='ltr'>μαχέσασθαι</span> <span class='ocrx_word' id='word_1_428' title='bbox 3423 2977 3544 3018; x_wconf 91' lang='lat' dir='ltr'>om.</span> <span class='ocrx_word' id='word_1_429' title='bbox 3599 2965 3666 3021; x_wconf 85' lang='lat' dir='ltr'>D.</span> 
     </span>
    </p>
   </div>
   <div class='ocr_carea' id='block_1_67' title="bbox 2570 2982 3670 3109">
    <p class='ocr_par' dir='ltr' id='par_1_67' title="bbox 2570 2982 3670 3109">
     <span class='ocr_line' id='line_1_67' title="bbox 2634 2982 3666 3033; baseline 0.011 -23"><span class='ocrx_word' id='word_1_430' title='bbox 2634 2982 2681 2994; x_wconf 82' lang='lat'><strong>&quot;</strong></span> <span class='ocrx_word' id='word_1_431' title='bbox 2733 2982 2844 3012; x_wconf 79' lang='grc' dir='ltr'>επει</span> <span class='ocrx_word' id='word_1_432' title='bbox 2890 2992 2961 3000; x_wconf 93' lang='grc'>--</span> <span class='ocrx_word' id='word_1_433' title='bbox 3015 2982 3364 3033; x_wconf 61' lang='grc' dir='ltr'>μαλεσασσαι</span> <span class='ocrx_word' id='word_1_434' title='bbox 3423 2982 3544 3018; x_wconf 87' lang='lat' dir='ltr'>om.</span> <span class='ocrx_word' id='word_1_435' title='bbox 3600 2982 3666 3021; x_wconf 80' lang='grc' dir='ltr'>υ.</span> 
     </span>
     <span class='ocr_line' id='line_1_68' title="bbox 2570 2982 3670 3109; baseline 0.002 -25"><span class='ocrx_word' id='word_1_436' title='bbox 2570 3031 2613 3066; x_wconf 78' lang='grc'>⁵⁷</span> <span class='ocrx_word' id='word_1_437' title='bbox 2665 3050 2720 3084; x_wconf 83' lang='grc' dir='ltr'>τε</span> <span class='ocrx_word' id='word_1_438' title='bbox 2771 3039 2879 3094; x_wconf 88' lang='grc' dir='ltr'>τοῖς</span> <span class='ocrx_word' id='word_1_439' title='bbox 2926 3047 3052 3088; x_wconf 89' lang='lat' dir='ltr'>om.</span> <span class='ocrx_word' id='word_1_440' title='bbox 3266 3033 3314 3068; x_wconf 79' lang='grc'><strong>⁵⁸</strong></span> <span class='ocrx_word' id='word_1_441' title='bbox 3365 3041 3456 3087; x_wconf 80' lang='grc' dir='ltr'>τοῦ</span> <span class='ocrx_word' id='word_1_442' title='bbox 3487 3036 3670 3109; x_wconf 85' lang='grc' dir='ltr'>-ὁρ-</span> 
     </span>
    </p>
   </div>
   <div class='ocr_carea' id='block_1_68' title="bbox 1163 3191 2762 3263">
    <p class='ocr_par' dir='ltr' id='par_1_68' title="bbox 1163 3191 2762 3263">
     <span class='ocr_line' id='line_1_69' title="bbox 1163 3191 2762 3263; baseline 0.001 -3"><span class='ocrx_word' id='word_1_443' title='bbox 1163 3191 1508 3262; x_wconf 88' lang='lat' dir='ltr'>Theodori</span> <span class='ocrx_word' id='word_1_444' title='bbox 1557 3193 1809 3263; x_wconf 65' lang='lat' dir='ltr'>Dousa:</span> <span class='ocrx_word' id='word_1_445' title='bbox 1858 3202 1926 3262; x_wconf 89' lang='lat' dir='ltr'>et</span> <span class='ocrx_word' id='word_1_446' title='bbox 1972 3195 2223 3263; x_wconf 89' lang='lat' dir='ltr'>Leonis</span> <span class='ocrx_word' id='word_1_447' title='bbox 2271 3191 2506 3261; x_wconf 92' lang='lat' dir='ltr'>Allatii</span> <span class='ocrx_word' id='word_1_448' title='bbox 2558 3202 2762 3261; x_wconf 85' lang='lat' dir='ltr'>notae.</span> 
     </span>
    </p>
   </div>
   <div class='ocr_carea' id='block_1_69' title="bbox 363 3297 1909 3384">
    <p class='ocr_par' dir='ltr' id='par_1_69' title="bbox 363 3305 1886 3384">
     <span class='ocr_line' id='line_1_70' title="bbox 363 3305 1886 3384; baseline 0 -19"><span class='ocrx_word' id='word_1_449' title='bbox 363 3310 482 3384; x_wconf 85' lang='lat'>(95)</span> <span class='ocrx_word' id='word_1_450' title='bbox 525 3314 631 3370; x_wconf 81' lang='grc' dir='ltr'>Τὴν</span> <span class='ocrx_word' id='word_1_451' title='bbox 683 3309 830 3384; x_wconf 79' lang='grc' dir='ltr'>πόλιν</span> <span class='ocrx_word' id='word_1_452' title='bbox 884 3305 1184 3384; x_wconf 74' lang='grc' dir='ltr'>Ἀδριανοῦ.</span> <span class='ocrx_word' id='word_1_453' title='bbox 1243 3308 1662 3384; x_wconf 73' lang='lat' dir='ltr'>Adrianopolis</span> <span class='ocrx_word' id='word_1_454' title='bbox 1728 3310 1886 3384; x_wconf 74' lang='lat' dir='ltr'>obsi-</span> 
     </span>
    </p>
   </div>
   <div class='ocr_carea' id='block_1_70' title="bbox 2001 3297 3662 3384">
    <p class='ocr_par' dir='ltr' id='par_1_70' title="bbox 2001 3297 3662 3384">
     <span class='ocr_line' id='line_1_71' title="bbox 2001 3297 3662 3384; baseline 0.002 -18"><span class='ocrx_word' id='word_1_455' title='bbox 2001 3311 2146 3366; x_wconf 89' lang='lat' dir='ltr'>culis</span> <span class='ocrx_word' id='word_1_456' title='bbox 2176 3315 2459 3366; x_wconf 89' lang='lat' dir='ltr'>oneratus</span> <span class='ocrx_word' id='word_1_457' title='bbox 2485 3310 2666 3384; x_wconf 83' lang='lat' dir='ltr'>longo</span> <span class='ocrx_word' id='word_1_458' title='bbox 2698 3314 2965 3384; x_wconf 82' lang='lat' dir='ltr'>tempore</span> <span class='ocrx_word' id='word_1_459' title='bbox 3001 3297 3272 3384; x_wconf 14' lang='lat' dir='ltr'>ATernobi‘</span> <span class='ocrx_word' id='word_1_460' title='bbox 3320 3311 3452 3369; x_wconf 89' lang='lat' dir='ltr'>fuit.</span> <span class='ocrx_word' id='word_1_461' title='bbox 3510 3314 3662 3370; x_wconf 88' lang='lat' dir='ltr'>Cum</span> 
     </span>
    </p>
   </div>
   <div class='ocr_carea' id='block_1_71' title="bbox 291 3380 1892 3439">
    <p class='ocr_par' dir='ltr' id='par_1_71' title="bbox 291 3380 1892 3439">
     <span class='ocr_line' id='line_1_72' title="bbox 291 3380 1892 3439; baseline -0.001 -1"><span class='ocrx_word' id='word_1_462' title='bbox 291 3380 534 3438; x_wconf 86' lang='lat' dir='ltr'>dionem</span> <span class='ocrx_word' id='word_1_463' title='bbox 554 3388 609 3438; x_wconf 93' lang='lat' dir='ltr'>et</span> <span class='ocrx_word' id='word_1_464' title='bbox 623 3381 866 3439; x_wconf 91' lang='lat' dir='ltr'>Joannis</span> <span class='ocrx_word' id='word_1_465' title='bbox 878 3380 1193 3437; x_wconf 87' lang='lat' dir='ltr'>machinas</span> <span class='ocrx_word' id='word_1_466' title='bbox 1212 3380 1500 3439; x_wconf 81' lang='lat' dir='ltr'>prolixius</span> <span class='ocrx_word' id='word_1_467' title='bbox 1522 3385 1724 3437; x_wconf 90' lang='lat' dir='ltr'>narrat</span> <span class='ocrx_word' id='word_1_468' title='bbox 1745 3381 1892 3438; x_wconf 88' lang='lat' dir='ltr'>Cho-</span> 
     </span>
    </p>
   </div>
   <div class='ocr_carea' id='block_1_72' title="bbox 289 3453 1887 3510">
    <p class='ocr_par' dir='ltr' id='par_1_72' title="bbox 289 3453 1887 3510">
     <span class='ocr_line' id='line_1_73' title="bbox 289 3453 1887 3510; baseline -0.001 -1"><span class='ocrx_word' id='word_1_469' title='bbox 289 3454 452 3510; x_wconf 89' lang='lat' dir='ltr'>niata</span> <span class='ocrx_word' id='word_1_470' title='bbox 473 3454 534 3508; x_wconf 92' lang='lat' dir='ltr'>in</span> <span class='ocrx_word' id='word_1_471' title='bbox 569 3453 880 3510; x_wconf 90' lang='lat' dir='ltr'>Balduino.</span> <span class='ocrx_word' id='word_1_472' title='bbox 905 3453 982 3509; x_wconf 92' lang='lat' dir='ltr'>De</span> <span class='ocrx_word' id='word_1_473' title='bbox 1005 3453 1117 3508; x_wconf 90' lang='lat' dir='ltr'>hac</span> <span class='ocrx_word' id='word_1_474' title='bbox 1140 3453 1286 3507; x_wconf 86' lang='lat' dir='ltr'>urbe</span> <span class='ocrx_word' id='word_1_475' title='bbox 1313 3458 1522 3507; x_wconf 88' lang='lat' dir='ltr'>auctor</span> <span class='ocrx_word' id='word_1_476' title='bbox 1545 3454 1682 3507; x_wconf 68' lang='lat' dir='ltr'>Vitae</span> <span class='ocrx_word' id='word_1_477' title='bbox 1713 3453 1887 3508; x_wconf 81' lang='lat' dir='ltr'>Atha-</span> 
     </span>
    </p>
   </div>
   <div class='ocr_carea' id='block_1_73' title="bbox 289 3523 1890 3597">
    <p class='ocr_par' dir='ltr' id='par_1_73' title="bbox 289 3523 1890 3597">
     <span class='ocr_line' id='line_1_74' title="bbox 289 3523 1890 3597; baseline -0.002 -17"><span class='ocrx_word' id='word_1_478' title='bbox 289 3525 439 3597; x_wconf 84' lang='lat' dir='ltr'>nasii</span> <span class='ocrx_word' id='word_1_479' title='bbox 458 3525 810 3597; x_wconf 67' lang='lat' dir='ltr'>patriarcha:</span> <span class='ocrx_word' id='word_1_480' title='bbox 834 3523 1475 3597; x_wconf 90' lang='lat' dir='ltr'>Co_ntantinopolitani:</span> <span class='ocrx_word' id='word_1_481' title='bbox 1501 3523 1664 3597; x_wconf 73' lang='grc' dir='ltr'>Οὗτος</span> <span class='ocrx_word' id='word_1_482' title='bbox 1681 3525 1706 3576; x_wconf 87' lang='grc' dir='ltr'><em>ὁ</em></span> <span class='ocrx_word' id='word_1_483' title='bbox 1727 3529 1890 3596; x_wconf 76' lang='grc' dir='ltr'>μέγας</span> 
     </span>
    </p>
   </div>
   <div class='ocr_carea' id='block_1_74' title="bbox 287 3591 1889 3670">
    <p class='ocr_par' dir='ltr' id='par_1_74' title="bbox 287 3591 1889 3670">
     <span class='ocr_line' id='line_1_75' title="bbox 287 3591 1889 3670; baseline 0.001 -24"><span class='ocrx_word' id='word_1_484' title='bbox 287 3601 381 3670; x_wconf 75' lang='grc' dir='ltr'>τὴν</span> <span class='ocrx_word' id='word_1_485' title='bbox 408 3591 588 3670; x_wconf 79' lang='grc' dir='ltr'>ἀρετὴν</span> <span class='ocrx_word' id='word_1_486' title='bbox 636 3602 726 3648; x_wconf 85' lang='grc' dir='ltr'>καὶ</span> <span class='ocrx_word' id='word_1_487' title='bbox 784 3593 982 3670; x_wconf 81' lang='grc' dir='ltr'>σχεδὸν</span> <span class='ocrx_word' id='word_1_488' title='bbox 1029 3591 1310 3670; x_wconf 39' lang='grc' dir='ltr'>παντίίτῶ</span> <span class='ocrx_word' id='word_1_489' title='bbox 1367 3599 1546 3670; x_wconf 69' lang='grc' dir='ltr'>τὸσμῳ</span> <span class='ocrx_word' id='word_1_490' title='bbox 1613 3591 1889 3670; x_wconf 75' lang='grc' dir='ltr'>διαϐόητος</span> 
     </span>
    </p>
   </div>
   <div class='ocr_carea' id='block_1_75' title="bbox 287 3615 1889 3741">
    <p class='ocr_par' dir='ltr' id='par_1_75' title="bbox 287 3615 1889 3741">
     <span class='ocr_line' id='line_1_76' title="bbox 287 3615 1889 3670; baseline -0.002 -20"><span class='ocrx_word' id='word_1_491' title='bbox 287 3615 381 3654; x_wconf 88' lang='grc' dir='ltr'>την</span> <span class='ocrx_word' id='word_1_492' title='bbox 408 3615 588 3670; x_wconf 87' lang='grc' dir='ltr'>αρετην</span> <span class='ocrx_word' id='word_1_493' title='bbox 636 3616 726 3648; x_wconf 90' lang='grc' dir='ltr'>και</span> <span class='ocrx_word' id='word_1_494' title='bbox 784 3617 817 3649; x_wconf 90' lang='grc' dir='ltr'>σ</span> <span class='ocrx_word' id='word_1_495' title='bbox 866 3615 982 3648; x_wconf 81' lang='grc' dir='ltr'>εοον</span> <span class='ocrx_word' id='word_1_496' title='bbox 1029 3615 1185 3648; x_wconf 89' lang='grc' dir='ltr'>παντι</span> <span class='ocrx_word' id='word_1_497' title='bbox 1238 3615 1310 3665; x_wconf 84' lang='grc' dir='ltr'>τῳ</span> <span class='ocrx_word' id='word_1_498' title='bbox 1367 3615 1546 3667; x_wconf 76' lang='grc' dir='ltr'>τοο-μω</span> <span class='ocrx_word' id='word_1_499' title='bbox 1613 3615 1889 3656; x_wconf 77' lang='grc' dir='ltr'>οιαοοητος</span> 
     </span>
     <span class='ocr_line' id='line_1_77' title="bbox 287 3615 1889 3741; baseline -0.002 -22"><span class='ocrx_word' id='word_1_500' title='bbox 287 3667 601 3729; x_wconf 82' lang='grc' dir='ltr'>Ἀθανάσιος</span> <span class='ocrx_word' id='word_1_501' title='bbox 629 3615 864 3741; x_wconf 55' lang='grc' dir='ltr'>πατρίὸξι</span> <span class='ocrx_word' id='word_1_502' title='bbox 901 3671 991 3740; x_wconf 85' lang='grc' dir='ltr'>μέν</span> <span class='ocrx_word' id='word_1_503' title='bbox 1013 3669 1151 3741; x_wconf 63' lang='grc' dir='ltr'>Δἔσχε</span> <span class='ocrx_word' id='word_1_504' title='bbox 1181 3669 1265 3717; x_wconf 81' lang='grc' dir='ltr'>τὸν</span> <span class='ocrx_word' id='word_1_505' title='bbox 1297 3661 1559 3739; x_wconf 79' lang='grc' dir='ltr'>Ὀδρυσον</span> <span class='ocrx_word' id='word_1_506' title='bbox 1603 3666 1750 3741; x_wconf 74' lang='grc' dir='ltr'>πόλιν</span> <span class='ocrx_word' id='word_1_507' title='bbox 1801 3665 1889 3738; x_wconf 81' lang='grc' dir='ltr'>ἀρ-</span> 
     </span>
    </p>
   </div>
   <div class='ocr_carea' id='block_1_76' title="bbox 287 3736 1887 3812">
    <p class='ocr_par' dir='ltr' id='par_1_76' title="bbox 287 3736 1887 3812">
     <span class='ocr_line' id='line_1_78' title="bbox 287 3736 1887 3812; baseline -0.001 -22"><span class='ocrx_word' id='word_1_508' title='bbox 287 3744 453 3812; x_wconf 86' lang='grc' dir='ltr'>χαίαν</span> <span class='ocrx_word' id='word_1_509' title='bbox 483 3757 538 3791; x_wconf 89' lang='grc' dir='ltr'>τε</span> <span class='ocrx_word' id='word_1_510' title='bbox 565 3743 656 3792; x_wconf 80' lang='grc' dir='ltr'>καὶ</span> <span class='ocrx_word' id='word_1_511' title='bbox 684 3736 926 3812; x_wconf 60' lang='grc' dir='ltr'>ἐπιφανῆ,</span> <span class='ocrx_word' id='word_1_512' title='bbox 969 3738 1042 3812; x_wconf 33' lang='grc' dir='ltr'>ού-</span> <span class='ocrx_word' id='word_1_513' title='bbox 1062 3736 1239 3812; x_wconf 30' lang='grc' dir='ltr'>,μόνον</span> <span class='ocrx_word' id='word_1_514' title='bbox 1286 3736 1566 3812; x_wconf 41' lang='grc' dir='ltr'>παντοίοις-</span> <span class='ocrx_word' id='word_1_515' title='bbox 1596 3736 1887 3809; x_wconf 84' lang='grc' dir='ltr'>βρίθουσαν</span> 
     </span>
    </p>
   </div>
   <div class='ocr_carea' id='block_1_77' title="bbox 285 3806 1885 3883">
    <p class='ocr_par' dir='ltr' id='par_1_77' title="bbox 285 3806 1885 3883">
     <span class='ocr_line' id='line_1_79' title="bbox 285 3806 1885 3883; baseline -0.001 -21"><span class='ocrx_word' id='word_1_516' title='bbox 285 3806 397 3872; x_wconf 72' lang='grc' dir='ltr'>τοῖς</span> <span class='ocrx_word' id='word_1_517' title='bbox 451 3810 632 3874; x_wconf 80' lang='grc' dir='ltr'>ἔξωθεν</span> <span class='ocrx_word' id='word_1_518' title='bbox 699 3806 932 3883; x_wconf 74' lang='grc' dir='ltr'>ἀγαθοῖς,</span> <span class='ocrx_word' id='word_1_519' title='bbox 972 3806 1126 3883; x_wconf 21' lang='grc' dir='ltr'>,ἀλλά</span> <span class='ocrx_word' id='word_1_520' title='bbox 1164 3813 1253 3883; x_wconf 64' lang='grc' dir='ltr'>καὶ</span> <span class='ocrx_word' id='word_1_521' title='bbox 1300 3809 1498 3883; x_wconf 82' lang='grc' dir='ltr'>πάσαις</span> <span class='ocrx_word' id='word_1_522' title='bbox 1545 3806 1749 3881; x_wconf 80' lang='grc' dir='ltr'>ἀρεταῖς</span> <span class='ocrx_word' id='word_1_523' title='bbox 1801 3829 1885 3883; x_wconf 75' lang='grc' dir='ltr'>κο-</span> 
     </span>
    </p>
   </div>
   <div class='ocr_carea' id='block_1_78' title="bbox 289 3876 1886 3954">
    <p class='ocr_par' dir='ltr' id='par_1_78' title="bbox 289 3876 1886 3954">
     <span class='ocr_line' id='line_1_80' title="bbox 289 3876 1886 3954; baseline 0 -22"><span class='ocrx_word' id='word_1_524' title='bbox 289 3888 470 3953; x_wconf 86' lang='grc' dir='ltr'>μῶσαν</span> <span class='ocrx_word' id='word_1_525' title='bbox 507 3886 597 3934; x_wconf 85' lang='grc' dir='ltr'>καὶ</span> <span class='ocrx_word' id='word_1_526' title='bbox 626 3876 804 3954; x_wconf 73' lang='grc' dir='ltr'>πάσης</span> <span class='ocrx_word' id='word_1_527' title='bbox 851 3880 1056 3952; x_wconf 76' lang='grc' dir='ltr'>ἀγαθῆς</span> <span class='ocrx_word' id='word_1_528' title='bbox 1105 3876 1352 3954; x_wconf 71' lang='grc' dir='ltr'>παιδείας</span> <span class='ocrx_word' id='word_1_529' title='bbox 1397 3876 1784 3954; x_wconf 19' lang='grc' dir='ltr'>ὑπερέχουσαν,</span> <span class='ocrx_word' id='word_1_530' title='bbox 1809 3879 1886 3954; x_wconf 85' lang='grc' dir='ltr'>έρ-</span> 
     </span>
    </p>
   </div>
   <div class='ocr_carea' id='block_1_79' title="bbox 286 3952 1885 4027">
    <p class='ocr_par' dir='ltr' id='par_1_79' title="bbox 286 3952 1885 4027">
     <span class='ocr_line' id='line_1_81' title="bbox 286 3952 1885 4027; baseline 0.001 -24"><span class='ocrx_word' id='word_1_531' title='bbox 286 3952 590 4027; x_wconf 56' lang='grc' dir='ltr'>ἒχαστήριον,</span> <span class='ocrx_word' id='word_1_532' title='bbox 655 3952 708 4017; x_wconf 78' lang='grc' dir='ltr'><strong>ἐξ</strong></span> <span class='ocrx_word' id='word_1_533' title='bbox 781 3953 1064 4027; x_wconf 33' lang='grc' dir='ltr'>Ὀρέστου-</span> <span class='ocrx_word' id='word_1_534' title='bbox 1109 3953 1198 4024; x_wconf 78' lang='grc' dir='ltr'>μέν</span> <span class='ocrx_word' id='word_1_535' title='bbox 1272 3958 1364 4027; x_wconf 70' lang='grc' dir='ltr'>τοῦ</span> <span class='ocrx_word' id='word_1_536' title='bbox 1437 3952 1660 4027; x_wconf 54' lang='grc' dir='ltr'>πρώτως⁸</span> <span class='ocrx_word' id='word_1_537' title='bbox 1726 3952 1885 4027; x_wconf 61' lang='grc' dir='ltr'>αὐτὴν</span> 
     </span>
    </p>
   </div>
   <div class='ocr_carea' id='block_1_80' title="bbox 289 4017 1887 4097">
    <p class='ocr_par' dir='ltr' id='par_1_80' title="bbox 289 4017 1887 4097">
     <span class='ocr_line' id='line_1_82' title="bbox 289 4017 1887 4097; baseline 0.002 -23"><span class='ocrx_word' id='word_1_538' title='bbox 289 4017 639 4097; x_wconf 68' lang='grc' dir='ltr'>ἀνεγείραντος</span> <span class='ocrx_word' id='word_1_539' title='bbox 695 4017 1001 4097; x_wconf 59' lang='grc' dir='ltr'>κληθέῖσανΔ</span> <span class='ocrx_word' id='word_1_540' title='bbox 1054 4017 1394 4097; x_wconf 60' lang='grc' dir='ltr'>Ὀρέστιάὸα,</span> <span class='ocrx_word' id='word_1_541' title='bbox 1458 4017 1512 4084; x_wconf 79' lang='grc' dir='ltr'>ἐξ</span> <span class='ocrx_word' id='word_1_542' title='bbox 1583 4023 1760 4097; x_wconf 78' lang='grc' dir='ltr'>Αἰλίου</span> <span class='ocrx_word' id='word_1_543' title='bbox 1827 4019 1887 4077; x_wconf 66' lang='grc' dir='ltr'>δὲ</span> 
     </span>
    </p>
   </div>
   <div class='ocr_carea' id='block_1_81' title="bbox 281 4092 1888 4170">
    <p class='ocr_par' dir='ltr' id='par_1_81' title="bbox 281 4092 1888 4170">
     <span class='ocr_line' id='line_1_83' title="bbox 281 4092 1888 4170; baseline -0.001 -22"><span class='ocrx_word' id='word_1_544' title='bbox 281 4092 392 4148; x_wconf 68' lang='grc' dir='ltr'>τοῦ⁷</span> <span class='ocrx_word' id='word_1_545' title='bbox 416 4092 695 4170; x_wconf 76' lang='grc' dir='ltr'>Ἀδριανοῦ</span> <span class='ocrx_word' id='word_1_546' title='bbox 750 4103 840 4149; x_wconf 77' lang='grc' dir='ltr'>τοῦ</span> <span class='ocrx_word' id='word_1_547' title='bbox 892 4092 1370 4170; x_wconf 34' lang='grc' dir='ltr'>πολλοῖς-ὓστερον</span> <span class='ocrx_word' id='word_1_548' title='bbox 1423 4099 1637 4170; x_wconf 69' lang='grc' dir='ltr'>χρρνοις</span> <span class='ocrx_word' id='word_1_549' title='bbox 1687 4094 1888 4170; x_wconf 79' lang='grc' dir='ltr'>πλατύ-</span> 
     </span>
    </p>
   </div>
   <div class='ocr_carea' id='block_1_82' title="bbox 280 4161 1880 4240">
    <p class='ocr_par' dir='ltr' id='par_1_82' title="bbox 280 4161 1880 4240">
     <span class='ocr_line' id='line_1_84' title="bbox 280 4161 1880 4240; baseline -0.001 -23"><span class='ocrx_word' id='word_1_550' title='bbox 280 4186 459 4228; x_wconf 88' lang='grc' dir='ltr'>ναντος</span> <span class='ocrx_word' id='word_1_551' title='bbox 486 4161 574 4220; x_wconf 84' lang='grc' dir='ltr'>κάὶ</span> <span class='ocrx_word' id='word_1_552' title='bbox 635 4172 1000 4240; x_wconf 69' lang='grc' dir='ltr'>κοσμήσαντος</span> <span class='ocrx_word' id='word_1_553' title='bbox 1062 4161 1380 4236; x_wconf 80' lang='grc' dir='ltr'>καλουμένην</span> <span class='ocrx_word' id='word_1_554' title='bbox 1420 4161 1880 4240; x_wconf 42' lang='grc' dir='ltr'>ξᾸδριανούπολιν,</span> 
     </span>
    </p>
   </div>
   <div class='ocr_carea' id='block_1_83' title="bbox 281 4235 1887 4313">
    <p class='ocr_par' dir='ltr' id='par_1_83' title="bbox 281 4235 1887 4313">
     <span class='ocr_line' id='line_1_85' title="bbox 281 4235 1887 4313; baseline 0 -23"><span class='ocrx_word' id='word_1_555' title='bbox 281 4239 403 4300; x_wconf 82' lang='grc' dir='ltr'>ἣτις</span> <span class='ocrx_word' id='word_1_556' title='bbox 463 4237 607 4300; x_wconf 83' lang='grc' dir='ltr'>ὅσοις</span> <span class='ocrx_word' id='word_1_557' title='bbox 657 4235 977 4313; x_wconf 76' lang='grc' dir='ltr'>περιῤῥεῖται</span> <span class='ocrx_word' id='word_1_558' title='bbox 1031 4235 1298 4313; x_wconf 77' lang='grc' dir='ltr'>πάντοίοις</span> <span class='ocrx_word' id='word_1_559' title='bbox 1356 4235 1604 4313; x_wconf 72' lang='grc' dir='ltr'>πάντοθεν</span> <span class='ocrx_word' id='word_1_560' title='bbox 1669 4235 1887 4313; x_wconf 71' lang='grc' dir='ltr'>ἀγαθοῖς</span> 
     </span>
    </p>
   </div>
   <div class='ocr_carea' id='block_1_84' title="bbox 279 4307 1887 4384">
    <p class='ocr_par' dir='ltr' id='par_1_84' title="bbox 279 4307 1887 4384">
     <span class='ocr_line' id='line_1_86' title="bbox 279 4307 1887 4384; baseline 0 -23"><span class='ocrx_word' id='word_1_561' title='bbox 279 4315 374 4362; x_wconf 84' lang='grc' dir='ltr'>καὶ</span> <span class='ocrx_word' id='word_1_562' title='bbox 434 4316 690 4382; x_wconf 85' lang='grc' dir='ltr'>ποταμοῖς</span> <span class='ocrx_word' id='word_1_563' title='bbox 722 4307 865 4384; x_wconf 68' lang='grc' dir='ltr'>’πρὸς</span> <span class='ocrx_word' id='word_1_564' title='bbox 910 4311 1115 4368; x_wconf 82' lang='grc' dir='ltr'>τούτοις</span> <span class='ocrx_word' id='word_1_565' title='bbox 1165 4307 1349 4384; x_wconf 73' lang='grc' dir='ltr'>ἀένναα</span> <span class='ocrx_word' id='word_1_566' title='bbox 1383 4308 1638 4384; x_wconf 66' lang='grc' dir='ltr'>Δῥέουσιν,</span> <span class='ocrx_word' id='word_1_567' title='bbox 1710 4307 1887 4371; x_wconf 22' lang='grc' dir='ltr'>ίὲξεστι</span> 
     </span>
    </p>
   </div>
   <div class='ocr_carea' id='block_1_85' title="bbox 276 4375 1887 4453">
    <p class='ocr_par' dir='ltr' id='par_1_85' title="bbox 276 4375 1887 4453">
     <span class='ocr_line' id='line_1_87' title="bbox 276 4375 1887 4453; baseline -0.001 -20"><span class='ocrx_word' id='word_1_568' title='bbox 276 4389 355 4452; x_wconf 87' lang='grc' dir='ltr'>τῷ</span> <span class='ocrx_word' id='word_1_569' title='bbox 430 4375 726 4453; x_wconf 79' lang='grc' dir='ltr'>βουλομένῳ</span> <span class='ocrx_word' id='word_1_570' title='bbox 775 4375 1116 4453; x_wconf 76' lang='grc' dir='ltr'>’καταμαθεῖν</span> <span class='ocrx_word' id='word_1_571' title='bbox 1192 4379 1297 4432; x_wconf 78' lang='grc' dir='ltr'>ἐκεῖ</span> <span class='ocrx_word' id='word_1_572' title='bbox 1371 4375 1631 4453; x_wconf 40' lang='grc' dir='ltr'>δῇωκαι</span> <span class='ocrx_word' id='word_1_573' title='bbox 1690 4385 1887 4452; x_wconf 77' lang='grc' dir='ltr'>φοιπή-</span> 
     </span>
    </p>
   </div>
   <div class='ocr_carea' id='block_1_86' title="bbox 280 4437 1888 4518">
    <p class='ocr_par' dir='ltr' id='par_1_86' title="bbox 280 4437 1888 4518">
     <span class='ocr_line' id='line_1_88' title="bbox 280 4437 1888 4518; baseline 0.002 -13"><span class='ocrx_word' id='word_1_574' title='bbox 280 4437 456 4506; x_wconf 52' lang='lat' dir='ltr'>cani.</span> <span class='ocrx_word' id='word_1_575' title='bbox 493 4455 569 4508; x_wconf 88' lang='lat' dir='ltr'>De</span> <span class='ocrx_word' id='word_1_576' title='bbox 594 4437 814 4508; x_wconf 72' lang='lat' dir='ltr'>eadem</span> <span class='ocrx_word' id='word_1_577' title='bbox 835 4437 1094 4508; x_wconf 74' lang='lat' dir='ltr'>Joannes</span> <span class='ocrx_word' id='word_1_578' title='bbox 1114 4453 1340 4507; x_wconf 89' lang='lat' dir='ltr'>Tzetzes</span> <span class='ocrx_word' id='word_1_579' title='bbox 1365 4437 1672 4518; x_wconf 80' lang='lat' dir='ltr'>Chiliad.8,</span> <span class='ocrx_word' id='word_1_580' title='bbox 1696 4437 1888 4508; x_wconf 58' lang='lat' dir='ltr'>&#39;versu</span> 
     </span>
    </p>
   </div>
   <div class='ocr_carea' id='block_1_87' title="bbox 279 4529 569 4580">
    <p class='ocr_par' dir='ltr' id='par_1_87' title="bbox 279 4529 569 4580">
     <span class='ocr_line' id='line_1_89' title="bbox 279 4529 569 4580; baseline 0 0"><span class='ocrx_word' id='word_1_581' title='bbox 279 4529 407 4580; x_wconf 77' lang='grc'><strong>951.</strong></span> <span class='ocrx_word' id='word_1_582' title='bbox 435 4529 569 4580; x_wconf 79' lang='lat' dir='ltr'><strong>ALL.</strong></span> 
     </span>
    </p>
   </div>
   <div class='ocr_carea' id='block_1_88' title="bbox 355 4592 1886 4666">
    <p class='ocr_par' dir='ltr' id='par_1_88' title="bbox 355 4592 1886 4666">
     <span class='ocr_line' id='line_1_90' title="bbox 355 4592 1886 4666; baseline 0.001 -18"><span class='ocrx_word' id='word_1_583' title='bbox 355 4594 465 4666; x_wconf 83' lang='lat'>(96)</span> <span class='ocrx_word' id='word_1_584' title='bbox 493 4599 598 4652; x_wconf 77' lang='grc' dir='ltr'>Τὴν</span> <span class='ocrx_word' id='word_1_585' title='bbox 630 4593 1056 4648; x_wconf 73' lang='grc' dir='ltr'>Φιλιππούπολιν.</span> <span class='ocrx_word' id='word_1_586' title='bbox 1116 4593 1429 4666; x_wconf 14' lang='grc' dir='ltr'>(Σὴῗοῐιὶᾶζᾶ-</span> <span class='ocrx_word' id='word_1_587' title='bbox 1475 4593 1536 4647; x_wconf 88' lang='lat' dir='ltr'>in</span> <span class='ocrx_word' id='word_1_588' title='bbox 1591 4592 1886 4666; x_wconf 73' lang='lat' dir='ltr'>Balduino</span> 
     </span>
    </p>
   </div>
   <div class='ocr_carea' id='block_1_89' title="bbox 285 4660 1885 4745">
    <p class='ocr_par' dir='ltr' id='par_1_89' title="bbox 285 4660 1885 4745">
     <span class='ocr_line' id='line_1_91' title="bbox 285 4660 1885 4745; baseline -0.003 -26"><span class='ocrx_word' id='word_1_589' title='bbox 285 4660 562 4745; x_wconf 52' lang='lat' dir='ltr'>glandro,</span> <span class='ocrx_word' id='word_1_590' title='bbox 610 4681 676 4745; x_wconf 15' lang='lat' dir='ltr'>Ap.</span> <span class='ocrx_word' id='word_1_591' title='bbox 708 4669 829 4745; x_wconf 67' lang='lat'>829.</span> <span class='ocrx_word' id='word_1_592' title='bbox 863 4672 1085 4745; x_wconf 32' lang='lat' dir='ltr'>anis—ﬂ</span> <span class='ocrx_word' id='word_1_593' title='bbox 1106 4668 1165 4719; x_wconf 91' lang='lat' dir='ltr'>In</span> <span class='ocrx_word' id='word_1_594' title='bbox 1192 4665 1305 4745; x_wconf 79' lang='lat' dir='ltr'>hoc</span> <span class='ocrx_word' id='word_1_595' title='bbox 1337 4660 1756 4745; x_wconf 56' lang='grc' dir='ltr'>ἀνδραπορξισμῴ</span> <span class='ocrx_word' id='word_1_596' title='bbox 1787 4674 1885 4717; x_wconf 85' lang='grc' dir='ltr'>τῶν</span> 
     </span>
    </p>
   </div>
   <div class='ocr_carea' id='block_1_90' title="bbox 281 4734 1887 4808">
    <p class='ocr_par' dir='ltr' id='par_1_90' title="bbox 281 4734 1887 4808">
     <span class='ocr_line' id='line_1_92' title="bbox 281 4734 1887 4808; baseline 0.002 -22"><span class='ocrx_word' id='word_1_597' title='bbox 281 4734 545 4808; x_wconf 69' lang='grc' dir='ltr'>Ῥωμαίων</span> <span class='ocrx_word' id='word_1_598' title='bbox 568 4734 637 4793; x_wconf 73' lang='grc' dir='ltr'>ρι’</span> <span class='ocrx_word' id='word_1_599' title='bbox 669 4737 991 4808; x_wconf 82' lang='lat' dir='ltr'>miserabili</span> <span class='ocrx_word' id='word_1_600' title='bbox 1031 4736 1363 4808; x_wconf 76' lang='lat' dir='ltr'>direptione</span> <span class='ocrx_word' id='word_1_601' title='bbox 1387 4734 1551 4790; x_wconf 82' lang='lat' dir='ltr'>urbis</span> <span class='ocrx_word' id='word_1_602' title='bbox 1583 4734 1887 4808; x_wconf 82' lang='lat' dir='ltr'>Philippo-</span> 
     </span>
    </p>
   </div>
   <div class='ocr_carea' id='block_1_91' title="bbox 279 4792 1885 4881">
    <p class='ocr_par' dir='ltr' id='par_1_91' title="bbox 279 4792 1885 4881">
     <span class='ocr_line' id='line_1_93' title="bbox 279 4792 1885 4881; baseline 0.001 -20"><span class='ocrx_word' id='word_1_603' title='bbox 279 4792 438 4880; x_wconf 77' lang='lat' dir='ltr'>polis</span> <span class='ocrx_word' id='word_1_604' title='bbox 461 4792 618 4881; x_wconf 65' lang='lat' dir='ltr'>(quae</span> <span class='ocrx_word' id='word_1_605' title='bbox 636 4808 714 4881; x_wconf 85' lang='lat' dir='ltr'>ab</span> <span class='ocrx_word' id='word_1_606' title='bbox 728 4807 1047 4881; x_wconf 76' lang='lat' dir='ltr'>Alexandri</span> <span class='ocrx_word' id='word_1_607' title='bbox 1058 4792 1254 4881; x_wconf 66' lang='lat' dir='ltr'>Magni</span> <span class='ocrx_word' id='word_1_608' title='bbox 1288 4811 1454 4878; x_wconf 89' lang='lat' dir='ltr'>patre</span> <span class='ocrx_word' id='word_1_609' title='bbox 1471 4822 1695 4881; x_wconf 86' lang='lat' dir='ltr'>nomen</span> <span class='ocrx_word' id='word_1_610' title='bbox 1723 4792 1885 4881; x_wconf 63' lang='lat' dir='ltr'>acce-</span> 
     </span>
    </p>
   </div>
   <div class='ocr_carea' id='block_1_92' title="bbox 279 4878 1885 4952">
    <p class='ocr_par' dir='ltr' id='par_1_92' title="bbox 279 4878 1885 4952">
     <span class='ocr_line' id='line_1_94' title="bbox 279 4878 1885 4952; baseline 0.001 -19"><span class='ocrx_word' id='word_1_611' title='bbox 279 4878 1068 4952; x_wconf 62' lang='lat' dir='ltr'>pitetincunabula)autiqui</span> <span class='ocrx_word' id='word_1_612' title='bbox 1084 4880 1401 4952; x_wconf 81' lang='lat' dir='ltr'>scriptores</span> <span class='ocrx_word' id='word_1_613' title='bbox 1415 4894 1550 4952; x_wconf 85' lang='lat' dir='ltr'>cum</span> <span class='ocrx_word' id='word_1_614' title='bbox 1571 4878 1885 4952; x_wconf 83' lang='lat' dir='ltr'>Logotheta</span> 
     </span>
    </p>
   </div>
   <div class='ocr_carea' id='block_1_93' title="bbox 272 4948 1879 5010">
    <p class='ocr_par' dir='ltr' id='par_1_93' title="bbox 272 4948 1879 5010">
     <span class='ocr_line' id='line_1_95' title="bbox 272 4948 1879 5010; baseline -0.004 -4"><span class='ocrx_word' id='word_1_615' title='bbox 272 4948 680 5006; x_wconf 71' lang='lat' dir='ltr'>consentiunt.</span> <span class='ocrx_word' id='word_1_616' title='bbox 718 4955 869 5006; x_wconf 92' lang='lat' dir='ltr'>Inter</span> <span class='ocrx_word' id='word_1_617' title='bbox 891 4948 1137 5005; x_wconf 75' lang='lat' dir='ltr'>caeteros</span> <span class='ocrx_word' id='word_1_618' title='bbox 1179 4948 1346 5004; x_wconf 87' lang='lat' dir='ltr'>testis</span> <span class='ocrx_word' id='word_1_619' title='bbox 1380 4948 1644 5010; x_wconf 69' lang='grc' dir='ltr'>αὐτόπτης</span> <span class='ocrx_word' id='word_1_620' title='bbox 1700 4949 1879 5004; x_wconf 87' lang='lat' dir='ltr'>Gode-</span> 
     </span>
    </p>
   </div>
   <div class='ocr_carea' id='block_1_94' title="bbox 274 5019 1881 5091">
    <p class='ocr_par' dir='ltr' id='par_1_94' title="bbox 274 5019 1881 5091">
     <span class='ocr_line' id='line_1_96' title="bbox 274 5019 1881 5091; baseline -0.001 -14"><span class='ocrx_word' id='word_1_621' title='bbox 274 5021 471 5077; x_wconf 75' lang='lat' dir='ltr'>{ridus</span> <span class='ocrx_word' id='word_1_622' title='bbox 499 5021 1035 5088; x_wconf 84' lang='lat' dir='ltr'>Ville-Harduinus,</span> <span class='ocrx_word' id='word_1_623' title='bbox 1066 5019 1502 5091; x_wconf 85' lang='lat' dir='ltr'>mareschallus</span> <span class='ocrx_word' id='word_1_624' title='bbox 1518 5020 1881 5091; x_wconf 83' lang='lat' dir='ltr'>Campaniae,</span> 
     </span>
    </p>
   </div>
   <div class='ocr_carea' id='block_1_95' title="bbox 273 5090 1886 5172">
    <p class='ocr_par' dir='ltr' id='par_1_95' title="bbox 273 5090 1886 5172">
     <span class='ocr_line' id='line_1_97' title="bbox 273 5090 1886 5172; baseline 0 -26"><span class='ocrx_word' id='word_1_625' title='bbox 273 5095 343 5172; x_wconf 69' lang='grc' dir='ltr'>γ.</span> <span class='ocrx_word' id='word_1_626' title='bbox 377 5095 429 5172; x_wconf 53' lang='lat'>1‘1</span> <span class='ocrx_word' id='word_1_627' title='bbox 453 5110 465 5147; x_wconf 90' lang='lat'>:</span> <span class='ocrx_word' id='word_1_628' title='bbox 501 5093 581 5172; x_wconf 84' lang='lat' dir='ltr'>ait</span> <span class='ocrx_word' id='word_1_629' title='bbox 605 5091 1087 5172; x_wconf 74' lang='lat' dir='ltr'>enim_Joannem</span> <span class='ocrx_word' id='word_1_630' title='bbox 1113 5094 1386 5172; x_wconf 49' lang='lat' dir='ltr'>Asianum</span> <span class='ocrx_word' id='word_1_631' title='bbox 1408 5090 1584 5172; x_wconf 84' lang='lat' dir='ltr'>pulso</span> <span class='ocrx_word' id='word_1_632' title='bbox 1617 5090 1886 5172; x_wconf 73' lang='lat' dir='ltr'>Reinerio</span> 
     </span>
    </p>
   </div>
   <div class='ocr_carea' id='block_1_96' title="bbox 271 5162 1885 5235">
    <p class='ocr_par' dir='ltr' id='par_1_96' title="bbox 271 5162 1885 5235">
     <span class='ocr_line' id='line_1_98' title="bbox 271 5162 1885 5235; baseline 0 -17"><span class='ocrx_word' id='word_1_633' title='bbox 271 5166 380 5235; x_wconf 88' lang='lat' dir='ltr'>(an</span> <span class='ocrx_word' id='word_1_634' title='bbox 394 5163 722 5235; x_wconf 69' lang='lat' dir='ltr'>Renat0)de</span> <span class='ocrx_word' id='word_1_635' title='bbox 742 5164 992 5231; x_wconf 84' lang='lat' dir='ltr'>Utrecht,</span> <span class='ocrx_word' id='word_1_636' title='bbox 1044 5163 1145 5234; x_wconf 84' lang='lat' dir='ltr'>qui</span> <span class='ocrx_word' id='word_1_637' title='bbox 1159 5163 1288 5229; x_wconf 82' lang='lat' dir='ltr'>eius</span> <span class='ocrx_word' id='word_1_638' title='bbox 1303 5162 1464 5235; x_wconf 86' lang='lat' dir='ltr'>urbis</span> <span class='ocrx_word' id='word_1_639' title='bbox 1479 5162 1885 5235; x_wconf 82' lang='lat' dir='ltr'>principatum</span> 
     </span>
    </p>
   </div>
   <div class='ocr_carea' id='block_1_97' title="bbox 273 5233 1886 5306">
    <p class='ocr_par' dir='ltr' id='par_1_97' title="bbox 273 5233 1886 5306">
     <span class='ocr_line' id='line_1_99' title="bbox 273 5233 1886 5306; baseline -0.002 -15"><span class='ocrx_word' id='word_1_640' title='bbox 273 5233 316 5291; x_wconf 65' lang='grc' dir='ltr'>ἐι</span> <span class='ocrx_word' id='word_1_641' title='bbox 350 5233 637 5288; x_wconf 68' lang='lat' dir='ltr'>Balduino</span> <span class='ocrx_word' id='word_1_642' title='bbox 667 5233 1026 5306; x_wconf 87' lang='lat' dir='ltr'>imperatore</span> <span class='ocrx_word' id='word_1_643' title='bbox 1046 5233 1376 5306; x_wconf 83' lang='lat' dir='ltr'>acceperat,</span> <span class='ocrx_word' id='word_1_644' title='bbox 1398 5233 1593 5306; x_wconf 84' lang='lat' dir='ltr'>ipsam</span> <span class='ocrx_word' id='word_1_645' title='bbox 1616 5233 1771 5306; x_wconf 85' lang='lat' dir='ltr'>hanc</span> <span class='ocrx_word' id='word_1_646' title='bbox 1797 5249 1886 5288; x_wconf 88' lang='lat' dir='ltr'>ur-</span> 
     </span>
    </p>
   </div>
   <div class='ocr_carea' id='block_1_98' title="bbox 273 5304 1886 5376">
    <p class='ocr_par' dir='ltr' id='par_1_98' title="bbox 273 5304 1886 5376">
     <span class='ocr_line' id='line_1_100' title="bbox 273 5304 1886 5376; baseline -0.001 -15"><span class='ocrx_word' id='word_1_647' title='bbox 273 5307 643 5376; x_wconf 26' lang='lat' dir='ltr'>bem‘contra</span> <span class='ocrx_word' id='word_1_648' title='bbox 663 5304 844 5360; x_wconf 77' lang='lat' dir='ltr'>ﬁdem</span> <span class='ocrx_word' id='word_1_649' title='bbox 866 5308 1069 5361; x_wconf 87' lang='lat' dir='ltr'>datam</span> <span class='ocrx_word' id='word_1_650' title='bbox 1094 5304 1360 5376; x_wconf 83' lang='lat' dir='ltr'>funditus</span> <span class='ocrx_word' id='word_1_651' title='bbox 1377 5304 1679 5376; x_wconf 85' lang='lat' dir='ltr'>evertisse,</span> <span class='ocrx_word' id='word_1_652' title='bbox 1704 5304 1886 5376; x_wconf 91' lang='lat' dir='ltr'>inque</span> 
     </span>
    </p>
   </div>
   <div class='ocr_carea' id='block_1_99' title="bbox 273 5373 1888 5447">
    <p class='ocr_par' dir='ltr' id='par_1_99' title="bbox 273 5373 1888 5447">
     <span class='ocr_line' id='line_1_101' title="bbox 273 5373 1888 5447; baseline -0.002 -14"><span class='ocrx_word' id='word_1_653' title='bbox 273 5373 511 5433; x_wconf 89' lang='lat' dir='ltr'>incolas</span> <span class='ocrx_word' id='word_1_654' title='bbox 539 5373 861 5447; x_wconf 84' lang='lat' dir='ltr'>plusquam</span> <span class='ocrx_word' id='word_1_655' title='bbox 879 5377 1200 5431; x_wconf 87' lang='lat' dir='ltr'>barbarica</span> <span class='ocrx_word' id='word_1_656' title='bbox 1215 5375 1382 5430; x_wconf 90' lang='lat' dir='ltr'>rabie</span> <span class='ocrx_word' id='word_1_657' title='bbox 1405 5374 1688 5447; x_wconf 60' lang='lat' dir='ltr'>saeviisse,</span> <span class='ocrx_word' id='word_1_658' title='bbox 1713 5373 1888 5431; x_wconf 77' lang='lat' dir='ltr'>inter-</span> 
     </span>
    </p>
   </div>
   <div class='ocr_carea' id='block_1_100' title="bbox 274 5446 1882 5519">
    <p class='ocr_par' dir='ltr' id='par_1_100' title="bbox 274 5446 1882 5519">
     <span class='ocr_line' id='line_1_102' title="bbox 274 5446 1882 5519; baseline 0 -17"><span class='ocrx_word' id='word_1_659' title='bbox 274 5448 496 5519; x_wconf 88' lang='lat' dir='ltr'>emptis</span> <span class='ocrx_word' id='word_1_660' title='bbox 522 5446 840 5503; x_wconf 77' lang='lat' dir='ltr'>crudeliter</span> <span class='ocrx_word' id='word_1_661' title='bbox 896 5447 1349 5519; x_wconf 83' lang='lat' dir='ltr'>archiepiscopo</span> <span class='ocrx_word' id='word_1_662' title='bbox 1393 5446 1882 5518; x_wconf 87' lang='lat' dir='ltr'>proceribusque,</span> 
     </span>
    </p>
   </div>
   <div class='ocr_carea' id='block_1_101' title="bbox 276 5518 1596 5576">
    <p class='ocr_par' dir='ltr' id='par_1_101' title="bbox 276 5518 1596 5576">
     <span class='ocr_line' id='line_1_103' title="bbox 276 5518 1596 5576; baseline -0.004 0"><span class='ocrx_word' id='word_1_663' title='bbox 276 5534 352 5576; x_wconf 86' lang='lat' dir='ltr'>ac</span> <span class='ocrx_word' id='word_1_664' title='bbox 383 5518 609 5573; x_wconf 71' lang='lat' dir='ltr'>Caeteris</span> <span class='ocrx_word' id='word_1_665' title='bbox 632 5519 692 5573; x_wconf 89' lang='lat' dir='ltr'>in</span> <span class='ocrx_word' id='word_1_666' title='bbox 723 5519 1064 5573; x_wconf 85' lang='lat' dir='ltr'>servitutem</span> <span class='ocrx_word' id='word_1_667' title='bbox 1091 5518 1366 5573; x_wconf 87' lang='lat' dir='ltr'>abductis</span> <span class='ocrx_word' id='word_1_668' title='bbox 1387 5521 1596 5574; x_wconf 60' lang='lat' dir='ltr'>Dousa.</span> 
     </span>
    </p>
   </div>
   <div class='ocr_carea' id='block_1_102' title="bbox 351 5587 1528 5664">
    <p class='ocr_par' dir='ltr' id='par_1_102' title="bbox 351 5587 1528 5664">
     <span class='ocr_line' id='line_1_104' title="bbox 351 5587 1528 5664; baseline 0.001 -22"><span class='ocrx_word' id='word_1_669' title='bbox 351 5587 464 5664; x_wconf 68' lang='lat'>(97)</span> <span class='ocrx_word' id='word_1_670' title='bbox 494 5595 810 5664; x_wconf 67' lang='grc' dir='ltr'>Κουφρτερον</span> <span class='ocrx_word' id='word_1_671' title='bbox 841 5590 1131 5664; x_wconf 29' lang='grc' dir='ltr'>ΟὶιοΑηὶειει</span> <span class='ocrx_word' id='word_1_672' title='bbox 1157 5605 1215 5661; x_wconf 90' lang='lat' dir='ltr'>p.</span> <span class='ocrx_word' id='word_1_673' title='bbox 1249 5593 1372 5647; x_wconf 83' lang='lat' dir='ltr'>8l&#39;2.</span> <span class='ocrx_word' id='word_1_674' title='bbox 1392 5595 1528 5664; x_wconf 67' lang='lat' dir='ltr'>ALL.</span> 
     </span>
    </p>
   </div>
   <div class='ocr_carea' id='block_1_103' title="bbox 356 5657 1885 5735">
    <p class='ocr_par' dir='ltr' id='par_1_103' title="bbox 356 5657 1885 5735">
     <span class='ocr_line' id='line_1_105' title="bbox 356 5657 1885 5735; baseline -0.003 -15"><span class='ocrx_word' id='word_1_675' title='bbox 356 5657 471 5735; x_wconf 34' lang='lat'>(98&#39;)</span> <span class='ocrx_word' id='word_1_676' title='bbox 512 5657 846 5720; x_wconf 59' lang='grc' dir='ltr'>Βαλδουῗνον.</span> <span class='ocrx_word' id='word_1_677' title='bbox 915 5657 1225 5732; x_wconf 76' lang='lat' dir='ltr'>Choniata,</span> <span class='ocrx_word' id='word_1_678' title='bbox 1286 5675 1348 5735; x_wconf 93' lang='lat' dir='ltr'>p.</span> <span class='ocrx_word' id='word_1_679' title='bbox 1417 5663 1541 5717; x_wconf 73' lang='grc'>814.</span> <span class='ocrx_word' id='word_1_680' title='bbox 1599 5659 1692 5717; x_wconf 92' lang='lat' dir='ltr'>Sic</span> <span class='ocrx_word' id='word_1_681' title='bbox 1756 5659 1885 5716; x_wconf 90' lang='lat' dir='ltr'>vin-</span> 
     </span>
    </p>
   </div>
   <div class='ocr_carea' id='block_1_104' title="bbox 1997 3381 3661 3454">
    <p class='ocr_par' dir='ltr' id='par_1_104' title="bbox 1997 3381 3661 3454">
     <span class='ocr_line' id='line_1_106' title="bbox 1997 3381 3661 3454; baseline 0.002 -17"><span class='ocrx_word' id='word_1_682' title='bbox 1997 3388 2201 3438; x_wconf 89' lang='lat' dir='ltr'>autem</span> <span class='ocrx_word' id='word_1_683' title='bbox 2234 3384 2502 3454; x_wconf 86' lang='lat' dir='ltr'>Aspietas</span> <span class='ocrx_word' id='word_1_684' title='bbox 2533 3381 2610 3438; x_wconf 91' lang='lat' dir='ltr'>ad</span> <span class='ocrx_word' id='word_1_685' title='bbox 2645 3381 2882 3454; x_wconf 79' lang='lat' dir='ltr'>Latinos</span> <span class='ocrx_word' id='word_1_686' title='bbox 2911 3381 3242 3452; x_wconf 87' lang='lat' dir='ltr'>defecisset,</span> <span class='ocrx_word' id='word_1_687' title='bbox 3283 3384 3546 3440; x_wconf 88' lang='lat' dir='ltr'>Joannes</span> <span class='ocrx_word' id='word_1_688' title='bbox 3567 3385 3661 3441; x_wconf 87' lang='lat' dir='ltr'>vir</span> 
     </span>
    </p>
   </div>
   <div class='ocr_carea' id='block_1_105' title="bbox 1996 3453 3655 3528">
    <p class='ocr_par' dir='ltr' id='par_1_105' title="bbox 1996 3453 3655 3528">
     <span class='ocr_line' id='line_1_107' title="bbox 1996 3453 3655 3528; baseline 0.002 -18"><span class='ocrx_word' id='word_1_689' title='bbox 1996 3458 2227 3528; x_wconf 81' lang='lat' dir='ltr'>astutus</span> <span class='ocrx_word' id='word_1_690' title='bbox 2255 3453 2545 3528; x_wconf 53' lang='lat' dir='ltr'>et&#39;do_lore_</span> <span class='ocrx_word' id='word_1_691' title='bbox 2563 3454 2622 3528; x_wconf 85' lang='lat' dir='ltr'>in</span> <span class='ocrx_word' id='word_1_692' title='bbox 2653 3453 2795 3528; x_wconf 78' lang='lat' dir='ltr'>dies</span> <span class='ocrx_word' id='word_1_693' title='bbox 2809 3454 3261 3524; x_wconf 86' lang='lat' dir='ltr'>ingravescente</span> <span class='ocrx_word' id='word_1_694' title='bbox 3287 3471 3440 3528; x_wconf 86' lang='lat' dir='ltr'>pene</span> <span class='ocrx_word' id='word_1_695' title='bbox 3466 3457 3526 3512; x_wconf 92' lang='lat' dir='ltr'>in</span> <span class='ocrx_word' id='word_1_696' title='bbox 3548 3471 3655 3514; x_wconf 90' lang='lat' dir='ltr'>ra-</span> 
     </span>
    </p>
   </div>
   <div class='ocr_carea' id='block_1_106' title="bbox 1996 3524 3657 3598">
    <p class='ocr_par' dir='ltr' id='par_1_106' title="bbox 1996 3524 3657 3598">
     <span class='ocr_line' id='line_1_108' title="bbox 1996 3524 3657 3598; baseline 0.002 -18"><span class='ocrx_word' id='word_1_697' title='bbox 1996 3524 2157 3598; x_wconf 79' lang='lat' dir='ltr'>biem</span> <span class='ocrx_word' id='word_1_698' title='bbox 2186 3529 2372 3595; x_wconf 89' lang='lat' dir='ltr'>actus,</span> <span class='ocrx_word' id='word_1_699' title='bbox 2403 3524 2697 3598; x_wconf 82' lang='lat' dir='ltr'>Balduino</span> <span class='ocrx_word' id='word_1_700' title='bbox 2727 3525 2942 3598; x_wconf 84' lang='lat' dir='ltr'>educto</span> <span class='ocrx_word' id='word_1_701' title='bbox 2964 3541 2995 3579; x_wconf 91' lang='lat' dir='ltr'>e</span> <span class='ocrx_word' id='word_1_702' title='bbox 3017 3541 3254 3598; x_wconf 81' lang='lat' dir='ltr'>carcere</span> <span class='ocrx_word' id='word_1_703' title='bbox 3276 3524 3461 3598; x_wconf 80' lang='lat' dir='ltr'>pedes</span> <span class='ocrx_word' id='word_1_704' title='bbox 3488 3542 3524 3583; x_wconf 91' lang='lat' dir='ltr'>a</span> <span class='ocrx_word' id='word_1_705' title='bbox 3553 3542 3657 3598; x_wconf 83' lang='lat' dir='ltr'>ge-</span> 
     </span>
    </p>
   </div>
   <div class='ocr_carea' id='block_1_107' title="bbox 1998 3595 3657 3668">
    <p class='ocr_par' dir='ltr' id='par_1_107' title="bbox 1998 3595 3657 3668">
     <span class='ocr_line' id='line_1_109' title="bbox 1998 3595 3657 3668; baseline 0.002 -18"><span class='ocrx_word' id='word_1_706' title='bbox 1998 3595 2176 3668; x_wconf 82' lang='lat' dir='ltr'>nibus</span> <span class='ocrx_word' id='word_1_707' title='bbox 2206 3601 2261 3668; x_wconf 12' lang='lat' dir='ltr'>ert</span> <span class='ocrx_word' id='word_1_708' title='bbox 2293 3611 2509 3668; x_wconf 75' lang='lat' dir='ltr'>manus</span> <span class='ocrx_word' id='word_1_709' title='bbox 2537 3612 2574 3651; x_wconf 88' lang='lat' dir='ltr'>a</span> <span class='ocrx_word' id='word_1_710' title='bbox 2597 3595 2856 3668; x_wconf 84' lang='lat' dir='ltr'>brachiis</span> <span class='ocrx_word' id='word_1_711' title='bbox 2879 3596 3068 3668; x_wconf 79' lang='lat' dir='ltr'>securi</span> <span class='ocrx_word' id='word_1_712' title='bbox 3089 3595 3412 3668; x_wconf 75' lang='lat' dir='ltr'>amputari,</span> <span class='ocrx_word' id='word_1_713' title='bbox 3437 3595 3657 3668; x_wconf 82' lang='lat' dir='ltr'>deinde</span> 
     </span>
    </p>
   </div>
   <div class='ocr_carea' id='block_1_108' title="bbox 1998 3665 3656 3738">
    <p class='ocr_par' dir='ltr' id='par_1_108' title="bbox 1998 3665 3656 3738">
     <span class='ocr_line' id='line_1_110' title="bbox 1998 3665 3656 3738; baseline 0.003 -18"><span class='ocrx_word' id='word_1_714' title='bbox 1998 3667 2199 3738; x_wconf 88' lang='lat' dir='ltr'>ipsum</span> <span class='ocrx_word' id='word_1_715' title='bbox 2230 3667 2290 3721; x_wconf 90' lang='lat' dir='ltr'>in</span> <span class='ocrx_word' id='word_1_716' title='bbox 2321 3665 2536 3721; x_wconf 86' lang='lat' dir='ltr'>vallem</span> <span class='ocrx_word' id='word_1_717' title='bbox 2569 3666 2928 3738; x_wconf 75' lang='lat' dir='ltr'>praecipitari</span> <span class='ocrx_word' id='word_1_718' title='bbox 2969 3665 3148 3738; x_wconf 85' lang='lat' dir='ltr'>jubet</span> <span class='ocrx_word' id='word_1_719' title='bbox 3172 3665 3314 3731; x_wconf 57' lang='lat' dir='ltr'>{ubi</span> <span class='ocrx_word' id='word_1_720' title='bbox 3349 3667 3517 3724; x_wconf 90' lang='lat' dir='ltr'>tertio</span> <span class='ocrx_word' id='word_1_721' title='bbox 3551 3669 3656 3725; x_wconf 89' lang='lat' dir='ltr'>de-</span> 
     </span>
    </p>
   </div>
   <div class='ocr_carea' id='block_1_109' title="bbox 1998 3737 3654 3811">
    <p class='ocr_par' dir='ltr' id='par_1_109' title="bbox 1998 3737 3654 3811">
     <span class='ocr_line' id='line_1_111' title="bbox 1998 3737 3654 3811; baseline 0.002 -18"><span class='ocrx_word' id='word_1_722' title='bbox 1998 3737 2165 3811; x_wconf 81' lang='lat' dir='ltr'>mum</span> <span class='ocrx_word' id='word_1_723' title='bbox 2207 3737 2303 3792; x_wconf 92' lang='lat' dir='ltr'>die</span> <span class='ocrx_word' id='word_1_724' title='bbox 2326 3753 2463 3792; x_wconf 86' lang='lat' dir='ltr'>esca</span> <span class='ocrx_word' id='word_1_725' title='bbox 2485 3737 2795 3811; x_wconf 72' lang='lat' dir='ltr'>volucrum</span> <span class='ocrx_word' id='word_1_726' title='bbox 2831 3737 3273 3811; x_wconf 17' lang='lat' dir='ltr'>miserabiliter;</span> <span class='ocrx_word' id='word_1_727' title='bbox 3303 3739 3654 3811; x_wconf 84' lang='lat' dir='ltr'>exspiravit.</span> 
     </span>
    </p>
   </div>
   <div class='ocr_carea' id='block_1_110' title="bbox 1998 3807 3657 3881">
    <p class='ocr_par' dir='ltr' id='par_1_110' title="bbox 1998 3807 3657 3881">
     <span class='ocr_line' id='line_1_112' title="bbox 1998 3807 3657 3881; baseline 0.002 -17"><span class='ocrx_word' id='word_1_728' title='bbox 1998 3809 2141 3864; x_wconf 85' lang='lat' dir='ltr'>Hinc</span> <span class='ocrx_word' id='word_1_729' title='bbox 2170 3813 2331 3881; x_wconf 88' lang='lat' dir='ltr'>patet</span> <span class='ocrx_word' id='word_1_730' title='bbox 2351 3813 2647 3881; x_wconf 82' lang='lat' dir='ltr'>quantum</span> <span class='ocrx_word' id='word_1_731' title='bbox 2677 3807 2964 3881; x_wconf 77' lang='lat' dir='ltr'>fallantur</span> <span class='ocrx_word' id='word_1_732' title='bbox 2986 3807 3152 3881; x_wconf 13' lang='lat' dir='ltr'>iiiqui</span> <span class='ocrx_word' id='word_1_733' title='bbox 3175 3807 3540 3881; x_wconf 43' lang='lat' dir='ltr'>Balduin—um</span> <span class='ocrx_word' id='word_1_734' title='bbox 3570 3810 3657 3868; x_wconf 84' lang='lat' dir='ltr'>fa-</span> 
     </span>
    </p>
   </div>
   <div class='ocr_carea' id='block_1_111' title="bbox 1997 3878 3656 3939">
    <p class='ocr_par' dir='ltr' id='par_1_111' title="bbox 1997 3878 3656 3939">
     <span class='ocr_line' id='line_1_113' title="bbox 1997 3878 3656 3939; baseline 0.001 -3"><span class='ocrx_word' id='word_1_735' title='bbox 1997 3882 2101 3936; x_wconf 88' lang='lat' dir='ltr'>tali</span> <span class='ocrx_word' id='word_1_736' title='bbox 2131 3878 2320 3935; x_wconf 81' lang='lat' dir='ltr'>niorte</span> <span class='ocrx_word' id='word_1_737' title='bbox 2361 3878 2689 3934; x_wconf 89' lang='lat' dir='ltr'>decessisse</span> <span class='ocrx_word' id='word_1_738' title='bbox 2721 3884 2824 3934; x_wconf 92' lang='lat' dir='ltr'>aut</span> <span class='ocrx_word' id='word_1_739' title='bbox 2858 3879 2918 3933; x_wconf 91' lang='lat' dir='ltr'>in</span> <span class='ocrx_word' id='word_1_740' title='bbox 2949 3878 3106 3936; x_wconf 77' lang='lat' dir='ltr'>bello</span> <span class='ocrx_word' id='word_1_741' title='bbox 3134 3880 3508 3936; x_wconf 90' lang='lat' dir='ltr'>interfectum</span> <span class='ocrx_word' id='word_1_742' title='bbox 3539 3886 3656 3939; x_wconf 87' lang='lat' dir='ltr'>tra-</span> 
     </span>
    </p>
   </div>
   <div class='ocr_carea' id='block_1_112' title="bbox 1995 3950 3658 4023">
    <p class='ocr_par' dir='ltr' id='par_1_112' title="bbox 1995 3950 3658 4023">
     <span class='ocr_line' id='line_1_114' title="bbox 1995 3950 3658 4023; baseline 0.002 -17"><span class='ocrx_word' id='word_1_743' title='bbox 1995 3951 2166 4007; x_wconf 91' lang='lat' dir='ltr'>dunt.</span> <span class='ocrx_word' id='word_1_744' title='bbox 2201 3953 2265 4006; x_wconf 91' lang='lat' dir='ltr'>Et</span> <span class='ocrx_word' id='word_1_745' title='bbox 2288 3955 2585 4023; x_wconf 89' lang='lat' dir='ltr'>quantum</span> <span class='ocrx_word' id='word_1_746' title='bbox 2611 3950 2791 4019; x_wconf 88' lang='lat' dir='ltr'>garrit</span> <span class='ocrx_word' id='word_1_747' title='bbox 2823 3951 3153 4023; x_wconf 86' lang='lat' dir='ltr'>Dorotheus</span> <span class='ocrx_word' id='word_1_748' title='bbox 3185 3952 3658 4010; x_wconf 80' lang='lat' dir='ltr'>Monembasien-</span> 
     </span>
    </p>
   </div>
   <div class='ocr_carea' id='block_1_113' title="bbox 1996 4022 3654 4094">
    <p class='ocr_par' dir='ltr' id='par_1_113' title="bbox 1996 4022 3654 4094">
     <span class='ocr_line' id='line_1_115' title="bbox 1996 4022 3654 4094; baseline 0.002 -17"><span class='ocrx_word' id='word_1_749' title='bbox 1996 4023 2098 4090; x_wconf 90' lang='lat' dir='ltr'>sis,</span> <span class='ocrx_word' id='word_1_750' title='bbox 2128 4024 2230 4094; x_wconf 88' lang='lat' dir='ltr'>qui</span> <span class='ocrx_word' id='word_1_751' title='bbox 2253 4022 2390 4094; x_wconf 84' lang='lat' dir='ltr'>eum</span> <span class='ocrx_word' id='word_1_752' title='bbox 2421 4022 2481 4077; x_wconf 93' lang='lat' dir='ltr'>in</span> <span class='ocrx_word' id='word_1_753' title='bbox 2505 4023 2738 4078; x_wconf 90' lang='lat' dir='ltr'>Oriente</span> <span class='ocrx_word' id='word_1_754' title='bbox 2764 4025 2900 4094; x_wconf 88' lang='lat' dir='ltr'>post</span> <span class='ocrx_word' id='word_1_755' title='bbox 2930 4022 3214 4079; x_wconf 87' lang='lat' dir='ltr'>tredecim</span> <span class='ocrx_word' id='word_1_756' title='bbox 3271 4039 3464 4079; x_wconf 91' lang='lat' dir='ltr'>annos</span> <span class='ocrx_word' id='word_1_757' title='bbox 3513 4040 3654 4080; x_wconf 88' lang='lat' dir='ltr'>cum</span> 
     </span>
    </p>
   </div>
   <div class='ocr_carea' id='block_1_114' title="bbox 1993 4093 3655 4166">
    <p class='ocr_par' dir='ltr' id='par_1_114' title="bbox 1993 4093 3655 4166">
     <span class='ocr_line' id='line_1_116' title="bbox 1993 4093 3655 4166; baseline 0.002 -18"><span class='ocrx_word' id='word_1_758' title='bbox 1993 4093 2291 4166; x_wconf 85' lang='lat' dir='ltr'>pugnaret</span> <span class='ocrx_word' id='word_1_759' title='bbox 2320 4093 2612 4166; x_wconf 82' lang='lat' dir='ltr'>adversus</span> <span class='ocrx_word' id='word_1_760' title='bbox 2639 4093 3016 4150; x_wconf 89' lang='lat' dir='ltr'>Theodorum</span> <span class='ocrx_word' id='word_1_761' title='bbox 3058 4095 3364 4151; x_wconf 87' lang='lat' dir='ltr'>Lascarim</span> <span class='ocrx_word' id='word_1_762' title='bbox 3410 4095 3655 4166; x_wconf 87' lang='lat' dir='ltr'>defunc-</span> 
     </span>
    </p>
   </div>
   <div class='ocr_carea' id='block_1_115' title="bbox 1995 4164 3652 4240">
    <p class='ocr_par' dir='ltr' id='par_1_115' title="bbox 1995 4164 3652 4240">
     <span class='ocr_line' id='line_1_117' title="bbox 1995 4164 3652 4240; baseline -0.001 -20"><span class='ocrx_word' id='word_1_763' title='bbox 1995 4164 2120 4240; x_wconf 67' lang='lat' dir='ltr'>tum</span> <span class='ocrx_word' id='word_1_764' title='bbox 2157 4165 2394 4240; x_wconf 63' lang='lat' dir='ltr'>scribit;</span> <span class='ocrx_word' id='word_1_765' title='bbox 2431 4170 2532 4218; x_wconf 85' lang='grc' dir='ltr'>Καὶ</span> <span class='ocrx_word' id='word_1_766' title='bbox 2553 4164 2804 4240; x_wconf 66' lang='grc' dir='ltr'>ᾆσύναξαν</span> <span class='ocrx_word' id='word_1_767' title='bbox 2845 4170 3083 4237; x_wconf 77' lang='grc' dir='ltr'>φούσατα</span> <span class='ocrx_word' id='word_1_768' title='bbox 3106 4166 3289 4240; x_wconf 77' lang='grc' dir='ltr'>πολλὰ,</span> <span class='ocrx_word' id='word_1_769' title='bbox 3329 4171 3419 4218; x_wconf 85' lang='grc' dir='ltr'>καὶ</span> <span class='ocrx_word' id='word_1_770' title='bbox 3456 4165 3652 4240; x_wconf 62' lang='grc' dir='ltr'>Δἐπῆρεν</span> 
     </span>
    </p>
   </div>
   <div class='ocr_carea' id='block_1_116' title="bbox 1995 4234 3654 4314">
    <p class='ocr_par' dir='ltr' id='par_1_116' title="bbox 1995 4234 3654 4314">
     <span class='ocr_line' id='line_1_118' title="bbox 1995 4234 3654 4314; baseline 0.002 -26"><span class='ocrx_word' id='word_1_771' title='bbox 1995 4236 2180 4314; x_wconf 52' lang='lat' dir='ltr'>«erae</span> <span class='ocrx_word' id='word_1_772' title='bbox 2235 4235 2486 4314; x_wconf 70' lang='grc' dir='ltr'>βασιλεύς</span> <span class='ocrx_word' id='word_1_773' title='bbox 2542 4239 2567 4288; x_wconf 83' lang='grc' dir='ltr'><strong>ὁ</strong></span> <span class='ocrx_word' id='word_1_774' title='bbox 2619 4234 2946 4314; x_wconf 69' lang='grc' dir='ltr'>Βαλδουῖνος,</span> <span class='ocrx_word' id='word_1_775' title='bbox 2995 4242 3104 4314; x_wconf 46' lang='grc' dir='ltr'>καὶ-</span> <span class='ocrx_word' id='word_1_776' title='bbox 3132 4234 3375 4314; x_wconf 84' lang='grc' dir='ltr'>ἐπέρασεν</span> <span class='ocrx_word' id='word_1_777' title='bbox 3428 4237 3495 4300; x_wconf 86' lang='grc' dir='ltr'>εἰς</span> <span class='ocrx_word' id='word_1_778' title='bbox 3533 4234 3654 4314; x_wconf 38' lang='lat' dir='ltr'>sint</span> 
     </span>
    </p>
   </div>
   <div class='ocr_carea' id='block_1_117' title="bbox 1995 4307 3652 4382">
    <p class='ocr_par' dir='ltr' id='par_1_117' title="bbox 1995 4307 3652 4382">
     <span class='ocr_line' id='line_1_119' title="bbox 1995 4307 3652 4382; baseline 0.004 -24"><span class='ocrx_word' id='word_1_779' title='bbox 1995 4307 2268 4382; x_wconf 68' lang='grc' dir='ltr'>ἀνατολὴν,</span> <span class='ocrx_word' id='word_1_780' title='bbox 2301 4312 2392 4360; x_wconf 83' lang='grc' dir='ltr'>καὶ</span> <span class='ocrx_word' id='word_1_781' title='bbox 2442 4307 2627 4382; x_wconf 74' lang='grc' dir='ltr'>ἐπῆγεν</span> <span class='ocrx_word' id='word_1_782' title='bbox 2681 4309 2748 4369; x_wconf 84' lang='grc' dir='ltr'>εἰς</span> <span class='ocrx_word' id='word_1_783' title='bbox 2802 4314 2896 4367; x_wconf 78' lang='grc' dir='ltr'>τὴν</span> <span class='ocrx_word' id='word_1_784' title='bbox 2929 4307 3331 4382; x_wconf 65' lang='grc' dir='ltr'>φιλαδελφέιαν,</span> <span class='ocrx_word' id='word_1_785' title='bbox 3377 4314 3466 4382; x_wconf 83' lang='grc' dir='ltr'>καὶ</span> <span class='ocrx_word' id='word_1_786' title='bbox 3525 4308 3652 4364; x_wconf 84' lang='grc' dir='ltr'>ἐπο-</span> 
     </span>
    </p>
   </div>
   <div class='ocr_carea' id='block_1_118' title="bbox 1994 4378 3650 4468">
    <p class='ocr_par' dir='ltr' id='par_1_118' title="bbox 1994 4378 3650 4468">
     <span class='ocr_line' id='line_1_120' title="bbox 1994 4378 3650 4468; baseline 0.002 -37"><span class='ocrx_word' id='word_1_787' title='bbox 1994 4379 2125 4468; x_wconf 48' lang='grc' dir='ltr'>ξέμα</span> <span class='ocrx_word' id='word_1_788' title='bbox 2163 4382 2304 4452; x_wconf 80' lang='grc' dir='ltr'>ματά</span> <span class='ocrx_word' id='word_1_789' title='bbox 2333 4386 2422 4432; x_wconf 78' lang='grc' dir='ltr'>τοῦ</span> <span class='ocrx_word' id='word_1_790' title='bbox 2473 4378 2730 4451; x_wconf 85' lang='grc' dir='ltr'>βασιλέως</span> <span class='ocrx_word' id='word_1_791' title='bbox 2780 4388 2886 4466; x_wconf 54' lang='grc' dir='ltr'>,τῶν</span> <span class='ocrx_word' id='word_1_792' title='bbox 2924 4378 3209 4468; x_wconf 62' lang='grc' dir='ltr'>Ῥωμαίων,</span> <span class='ocrx_word' id='word_1_793' title='bbox 3255 4386 3346 4434; x_wconf 86' lang='grc' dir='ltr'>καὶ</span> <span class='ocrx_word' id='word_1_794' title='bbox 3392 4381 3650 4455; x_wconf 83' lang='grc' dir='ltr'>έμάχετον</span> 
     </span>
    </p>
   </div>
   <div class='ocr_carea' id='block_1_119' title="bbox 1998 4449 3648 4526">
    <p class='ocr_par' dir='ltr' id='par_1_119' title="bbox 1998 4449 3648 4526">
     <span class='ocr_line' id='line_1_121' title="bbox 1998 4449 3648 4526; baseline 0.003 -24"><span class='ocrx_word' id='word_1_795' title='bbox 1998 4449 2266 4526; x_wconf 64' lang='grc' dir='ltr'>δέκατρεῖς</span> <span class='ocrx_word' id='word_1_796' title='bbox 2320 4449 2566 4525; x_wconf 83' lang='grc' dir='ltr'>χρόνους,</span> <span class='ocrx_word' id='word_1_797' title='bbox 2617 4456 2706 4503; x_wconf 87' lang='grc' dir='ltr'>καὶ</span> <span class='ocrx_word' id='word_1_798' title='bbox 2773 4449 2876 4503; x_wconf 81' lang='grc' dir='ltr'>ἐκεῖ</span> <span class='ocrx_word' id='word_1_799' title='bbox 2931 4449 3199 4522; x_wconf 77' lang='grc' dir='ltr'>ἀπέθανεν,</span> <span class='ocrx_word' id='word_1_800' title='bbox 3255 4457 3344 4505; x_wconf 83' lang='grc' dir='ltr'>καὶ</span> <span class='ocrx_word' id='word_1_801' title='bbox 3384 4449 3648 4526; x_wconf 64' lang='grc' dir='ltr'>τὶνξξμὲν</span> 
     </span>
    </p>
   </div>
   <div class='ocr_carea' id='block_1_120' title="bbox 1992 4475 3650 4596">
    <p class='ocr_par' dir='ltr' id='par_1_120' title="bbox 1992 4475 3650 4596">
     <span class='ocr_line' id='line_1_122' title="bbox 1998 4475 3648 4526; baseline 0.002 -23"><span class='ocrx_word' id='word_1_802' title='bbox 1998 4475 2266 4526; x_wconf 75' lang='grc' dir='ltr'>σεκατρεις</span> <span class='ocrx_word' id='word_1_803' title='bbox 2320 4475 2566 4525; x_wconf 78' lang='grc' dir='ltr'>χρονους,</span> <span class='ocrx_word' id='word_1_804' title='bbox 2617 4475 2706 4503; x_wconf 81' lang='grc' dir='ltr'>και</span> <span class='ocrx_word' id='word_1_805' title='bbox 2773 4475 2874 4503; x_wconf 73' lang='grc' dir='ltr'>εχει</span> <span class='ocrx_word' id='word_1_806' title='bbox 2931 4475 3199 4522; x_wconf 64' lang='grc' dir='ltr'>απευανεν,</span> <span class='ocrx_word' id='word_1_807' title='bbox 3255 4475 3344 4505; x_wconf 73' lang='grc' dir='ltr'>και</span> <span class='ocrx_word' id='word_1_808' title='bbox 3384 4475 3516 4515; x_wconf 76' lang='grc' dir='ltr'><strong>τινες</strong></span> <span class='ocrx_word' id='word_1_809' title='bbox 3599 4475 3648 4507; x_wconf 74' lang='lat' dir='ltr'>E‘J</span> 
     </span>
     <span class='ocr_line' id='line_1_123' title="bbox 1992 4475 3650 4596; baseline 0.002 -22"><span class='ocrx_word' id='word_1_810' title='bbox 1992 4521 2173 4594; x_wconf 68' lang='grc' dir='ltr'>λέγουν</span> <span class='ocrx_word' id='word_1_811' title='bbox 2213 4525 2299 4596; x_wconf 19' lang='grc' dir='ltr'>ὅτι,</span> <span class='ocrx_word' id='word_1_812' title='bbox 2347 4523 2562 4574; x_wconf 72' lang='grc' dir='ltr'>ἀπέθανε</span> <span class='ocrx_word' id='word_1_813' title='bbox 2608 4526 2693 4574; x_wconf 83' lang='grc' dir='ltr'>τὸν</span> <span class='ocrx_word' id='word_1_814' title='bbox 2728 4526 2913 4596; x_wconf 63' lang='grc' dir='ltr'>⁸κοινὸν</span> <span class='ocrx_word' id='word_1_815' title='bbox 2967 4527 3204 4596; x_wconf 88' lang='grc' dir='ltr'>θάνατον,</span> <span class='ocrx_word' id='word_1_816' title='bbox 3266 4524 3410 4578; x_wconf 78' lang='grc' dir='ltr'>ἄλλοι</span> <span class='ocrx_word' id='word_1_817' title='bbox 3459 4521 3518 4578; x_wconf 76' lang='grc' dir='ltr'>δὲ</span> <span class='ocrx_word' id='word_1_818' title='bbox 3557 4475 3650 4578; x_wconf 49' lang='grc' dir='ltr'>ςέ-</span> 
     </span>
    </p>
   </div>
   <div class='ocr_carea' id='block_1_121' title="bbox 1993 4593 3650 4670">
    <p class='ocr_par' dir='ltr' id='par_1_121' title="bbox 1993 4593 3650 4670">
     <span class='ocr_line' id='line_1_124' title="bbox 1993 4593 3650 4670; baseline 0.005 -26"><span class='ocrx_word' id='word_1_819' title='bbox 1993 4593 2231 4670; x_wconf 40' lang='grc' dir='ltr'>’χουν-ὅτι</span> <span class='ocrx_word' id='word_1_820' title='bbox 2263 4595 2334 4655; x_wconf 83' lang='grc' dir='ltr'>εἰς</span> <span class='ocrx_word' id='word_1_821' title='bbox 2363 4598 2448 4647; x_wconf 83' lang='grc' dir='ltr'>τὸν</span> <span class='ocrx_word' id='word_1_822' title='bbox 2485 4596 2699 4670; x_wconf 80' lang='grc' dir='ltr'>θάνατον</span> <span class='ocrx_word' id='word_1_823' title='bbox 2721 4593 3008 4670; x_wconf 66' lang='grc' dir='ltr'>ἐσκοτῶθη.</span> <span class='ocrx_word' id='word_1_824' title='bbox 3062 4593 3357 4670; x_wconf 64' lang='grc' dir='ltr'>δᾶὒὲηίυβ</span> <span class='ocrx_word' id='word_1_825' title='bbox 3403 4612 3650 4670; x_wconf 88' lang='lat' dir='ltr'>quoque</span> 
     </span>
    </p>
   </div>
   <div class='ocr_carea' id='block_1_122' title="bbox 1996 4665 3652 4734">
    <p class='ocr_par' dir='ltr' id='par_1_122' title="bbox 1996 4665 3652 4734">
     <span class='ocr_line' id='line_1_125' title="bbox 1996 4665 3652 4734; baseline 0.002 -14"><span class='ocrx_word' id='word_1_826' title='bbox 1996 4665 2070 4720; x_wconf 90' lang='lat' dir='ltr'>de</span> <span class='ocrx_word' id='word_1_827' title='bbox 2087 4667 2218 4734; x_wconf 88' lang='lat' dir='ltr'>ejus</span> <span class='ocrx_word' id='word_1_828' title='bbox 2244 4671 2431 4721; x_wconf 86' lang='lat' dir='ltr'>morte</span> <span class='ocrx_word' id='word_1_829' title='bbox 2451 4666 2613 4722; x_wconf 90' lang='lat' dir='ltr'>varia</span> <span class='ocrx_word' id='word_1_830' title='bbox 2636 4665 2833 4733; x_wconf 86' lang='lat' dir='ltr'>tradit,</span> <span class='ocrx_word' id='word_1_831' title='bbox 2860 4666 2961 4722; x_wconf 91' lang='lat' dir='ltr'>lib.</span> <span class='ocrx_word' id='word_1_832' title='bbox 2985 4684 3064 4734; x_wconf 83' lang='lat' dir='ltr'>v1,</span> <span class='ocrx_word' id='word_1_833' title='bbox 3092 4669 3356 4724; x_wconf 87' lang='lat' dir='ltr'>Ennead.</span> <span class='ocrx_word' id='word_1_834' title='bbox 3382 4665 3440 4723; x_wconf 67' lang='lat' dir='ltr'>1i</span> <span class='ocrx_word' id='word_1_835' title='bbox 3460 4683 3482 4724; x_wconf 86' lang='lat'>.°</span> <span class='ocrx_word' id='word_1_836' title='bbox 3508 4665 3652 4724; x_wconf 69' lang='lat' dir='ltr'>Bal-</span> 
     </span>
    </p>
   </div>
   <div class='ocr_carea' id='block_1_123' title="bbox 1995 4737 3650 4808">
    <p class='ocr_par' dir='ltr' id='par_1_123' title="bbox 1995 4737 3650 4808">
     <span class='ocr_line' id='line_1_126' title="bbox 1995 4737 3650 4808; baseline 0.002 -16"><span class='ocrx_word' id='word_1_837' title='bbox 1995 4737 2237 4801; x_wconf 88' lang='lat' dir='ltr'>duinus,</span> <span class='ocrx_word' id='word_1_838' title='bbox 2271 4738 2374 4808; x_wconf 88' lang='lat' dir='ltr'>qui</span> <span class='ocrx_word' id='word_1_839' title='bbox 2401 4744 2530 4806; x_wconf 74' lang='lat' dir='ltr'>post</span> <span class='ocrx_word' id='word_1_840' title='bbox 2563 4739 2924 4807; x_wconf 80' lang='lat' dir='ltr'>Byzantium</span> <span class='ocrx_word' id='word_1_841' title='bbox 2973 4754 3011 4794; x_wconf 89' lang='lat' dir='ltr'>a</span> <span class='ocrx_word' id='word_1_842' title='bbox 3069 4740 3260 4794; x_wconf 82' lang='lat' dir='ltr'>Gallis</span> <span class='ocrx_word' id='word_1_843' title='bbox 3299 4744 3354 4795; x_wconf 88' lang='lat' dir='ltr'>et</span> <span class='ocrx_word' id='word_1_844' title='bbox 3423 4740 3650 4796; x_wconf 82' lang='lat' dir='ltr'>Venetis</span> 
     </span>
    </p>
   </div>
   <div class='ocr_carea' id='block_1_124' title="bbox 1996 4810 3649 4878">
    <p class='ocr_par' dir='ltr' id='par_1_124' title="bbox 1996 4810 3649 4878">
     <span class='ocr_line' id='line_1_127' title="bbox 1996 4810 3649 4878; baseline 0.002 -16"><span class='ocrx_word' id='word_1_845' title='bbox 1996 4815 2236 4875; x_wconf 81' lang='lat' dir='ltr'>captam</span> <span class='ocrx_word' id='word_1_846' title='bbox 2252 4810 2460 4878; x_wconf 78' lang='lat' dir='ltr'>fuerat</span> <span class='ocrx_word' id='word_1_847' title='bbox 2482 4810 2814 4877; x_wconf 81' lang='lat' dir='ltr'>imperator</span> <span class='ocrx_word' id='word_1_848' title='bbox 2835 4810 3203 4876; x_wconf 79' lang='lat' dir='ltr'>declaratus,</span> <span class='ocrx_word' id='word_1_849' title='bbox 3227 4812 3395 4865; x_wconf 83' lang='lat' dir='ltr'>intra</span> <span class='ocrx_word' id='word_1_850' title='bbox 3416 4826 3649 4866; x_wconf 87' lang='lat' dir='ltr'>annum</span> 
     </span>
    </p>
   </div>
   <div class='ocr_carea' id='block_1_125' title="bbox 2036 4879 3652 4952">
    <p class='ocr_par' dir='ltr' id='par_1_125' title="bbox 2036 4879 3652 4952">
     <span class='ocr_line' id='line_1_128' title="bbox 2036 4879 3652 4952; baseline 0.001 -19"><span class='ocrx_word' id='word_1_851' title='bbox 2036 4894 2110 4934; x_wconf 89' lang='lat' dir='ltr'>uo</span> <span class='ocrx_word' id='word_1_852' title='bbox 2123 4879 2246 4952; x_wconf 82' lang='lat' dir='ltr'>fuit</span> <span class='ocrx_word' id='word_1_853' title='bbox 2267 4880 2515 4952; x_wconf 81' lang='lat' dir='ltr'>imperio</span> <span class='ocrx_word' id='word_1_854' title='bbox 2534 4881 2760 4949; x_wconf 81' lang='lat' dir='ltr'>potitus</span> <span class='ocrx_word' id='word_1_855' title='bbox 2782 4881 2904 4937; x_wconf 85' lang='lat' dir='ltr'>vita</span> <span class='ocrx_word' id='word_1_856' title='bbox 2927 4881 3190 4936; x_wconf 84' lang='lat' dir='ltr'>decessit.</span> <span class='ocrx_word' id='word_1_857' title='bbox 3214 4883 3368 4937; x_wconf 72' lang='lat' dir='ltr'>bunt</span> <span class='ocrx_word' id='word_1_858' title='bbox 3384 4881 3488 4952; x_wconf 86' lang='lat' dir='ltr'>qui</span> <span class='ocrx_word' id='word_1_859' title='bbox 3507 4881 3652 4937; x_wconf 82' lang='lat' dir='ltr'>scri-</span> 
     </span>
    </p>
   </div>
   <div class='ocr_carea' id='block_1_126' title="bbox 1995 4894 3654 5022">
    <p class='ocr_par' dir='ltr' id='par_1_126' title="bbox 1995 4894 3654 5022">
     <span class='ocr_line' id='line_1_129' title="bbox 1995 4894 3652 5005; baseline 0.001 -72"><span class='ocrx_word' id='word_1_860' title='bbox 1995 4894 2110 5005; x_wconf 63' lang='lat' dir='ltr'>Zuo</span> <span class='ocrx_word' id='word_1_861' title='bbox 2123 4894 2244 4948; x_wconf 81' lang='grc' dir='ltr'>Ῑιιιι</span> <span class='ocrx_word' id='word_1_862' title='bbox 2267 4895 2515 4948; x_wconf 79' lang='lat' dir='ltr'>imperio</span> <span class='ocrx_word' id='word_1_863' title='bbox 2534 4894 2760 4949; x_wconf 81' lang='lat' dir='ltr'>pomus</span> <span class='ocrx_word' id='word_1_864' title='bbox 2782 4894 2904 4937; x_wconf 78' lang='lat' dir='ltr'>vita</span> <span class='ocrx_word' id='word_1_865' title='bbox 2927 4894 3190 4936; x_wconf 81' lang='lat' dir='ltr'>accessit.</span> <span class='ocrx_word' id='word_1_866' title='bbox 3214 4894 3368 4937; x_wconf 67' lang='lat' dir='ltr'>bunt</span> <span class='ocrx_word' id='word_1_867' title='bbox 3384 4897 3486 4952; x_wconf 80' lang='lat' dir='ltr'>qui</span> <span class='ocrx_word' id='word_1_868' title='bbox 3507 4897 3652 4937; x_wconf 81' lang='lat' dir='ltr'>scri-</span> 
     </span>
     <span class='ocr_line' id='line_1_130' title="bbox 2036 4950 3654 5022; baseline 0.002 -17"><span class='ocrx_word' id='word_1_869' title='bbox 2036 4957 2144 5005; x_wconf 87' lang='lat' dir='ltr'>unl</span> <span class='ocrx_word' id='word_1_870' title='bbox 2167 4950 2247 5005; x_wconf 89' lang='lat' dir='ltr'>ad</span> <span class='ocrx_word' id='word_1_871' title='bbox 2267 4951 2762 5021; x_wconf 76' lang='lat' dir='ltr'>Hadrianopolim</span> <span class='ocrx_word' id='word_1_872' title='bbox 2783 4953 3002 5008; x_wconf 86' lang='lat' dir='ltr'>victum</span> <span class='ocrx_word' id='word_1_873' title='bbox 3023 4953 3085 5007; x_wconf 88' lang='lat' dir='ltr'>in</span> <span class='ocrx_word' id='word_1_874' title='bbox 3105 4952 3359 5008; x_wconf 85' lang='lat' dir='ltr'>hostium</span> <span class='ocrx_word' id='word_1_875' title='bbox 3389 4956 3654 5022; x_wconf 82' lang='lat' dir='ltr'>potesta-</span> 
     </span>
    </p>
   </div>
   <div class='ocr_carea' id='block_1_127' title="bbox 1997 5022 3652 5094">
    <p class='ocr_par' dir='ltr' id='par_1_127' title="bbox 1997 5022 3652 5094">
     <span class='ocr_line' id='line_1_131' title="bbox 1997 5022 3652 5094; baseline 0.001 -18"><span class='ocrx_word' id='word_1_876' title='bbox 1997 5027 2110 5094; x_wconf 78' lang='lat' dir='ltr'>tem</span> <span class='ocrx_word' id='word_1_877' title='bbox 2135 5022 2359 5078; x_wconf 82' lang='lat' dir='ltr'>venisse</span> <span class='ocrx_word' id='word_1_878' title='bbox 2389 5029 2569 5094; x_wconf 87' lang='lat' dir='ltr'>atque</span> <span class='ocrx_word' id='word_1_879' title='bbox 2596 5023 2660 5079; x_wconf 85' lang='lat' dir='ltr'>in</span> <span class='ocrx_word' id='word_1_880' title='bbox 2700 5025 2958 5079; x_wconf 83' lang='lat' dir='ltr'>vinculis</span> <span class='ocrx_word' id='word_1_881' title='bbox 2989 5029 3180 5080; x_wconf 89' lang='lat' dir='ltr'>morte</span> <span class='ocrx_word' id='word_1_882' title='bbox 3210 5029 3652 5094; x_wconf 69' lang='lat' dir='ltr'>consumptum,</span> 
     </span>
    </p>
   </div>
   <div class='ocr_carea' id='block_1_128' title="bbox 1996 5041 3657 5165">
    <p class='ocr_par' dir='ltr' id='par_1_128' title="bbox 1996 5041 3657 5165">
     <span class='ocr_line' id='line_1_132' title="bbox 1997 5041 3652 5094; baseline 0.002 -18"><span class='ocrx_word' id='word_1_883' title='bbox 1997 5041 2110 5076; x_wconf 77' lang='grc' dir='ltr'>ιργη</span> <span class='ocrx_word' id='word_1_884' title='bbox 2135 5041 2359 5078; x_wconf 83' lang='lat' dir='ltr'>venisse</span> <span class='ocrx_word' id='word_1_885' title='bbox 2389 5041 2569 5094; x_wconf 71' lang='lat' dir='ltr'>atque</span> <span class='ocrx_word' id='word_1_886' title='bbox 2596 5041 2660 5079; x_wconf 76' lang='lat' dir='ltr'>in</span> <span class='ocrx_word' id='word_1_887' title='bbox 2700 5041 2958 5079; x_wconf 73' lang='lat' dir='ltr'>vinculis</span> <span class='ocrx_word' id='word_1_888' title='bbox 2989 5041 3180 5080; x_wconf 77' lang='lat' dir='ltr'>morte</span> <span class='ocrx_word' id='word_1_889' title='bbox 3210 5041 3457 5080; x_wconf 86' lang='lat' dir='ltr'>consum</span> <span class='ocrx_word' id='word_1_890' title='bbox 3501 5041 3652 5088; x_wconf 75' lang='lat' dir='ltr'>tum,</span> 
     </span>
     <span class='ocr_line' id='line_1_133' title="bbox 1996 5041 3657 5165; baseline 0 -16"><span class='ocrx_word' id='word_1_891' title='bbox 1996 5093 2416 5165; x_wconf 82' lang='lat' dir='ltr'>aliiByzantii</span> <span class='ocrx_word' id='word_1_892' title='bbox 2450 5095 2623 5149; x_wconf 86' lang='lat' dir='ltr'>aiunt</span> <span class='ocrx_word' id='word_1_893' title='bbox 2646 5095 2778 5163; x_wconf 82' lang='lat' dir='ltr'>fato</span> <span class='ocrx_word' id='word_1_894' title='bbox 2813 5096 3187 5165; x_wconf 82' lang='lat' dir='ltr'>defunctum.</span> <span class='ocrx_word' id='word_1_895' title='bbox 3229 5094 3406 5149; x_wconf 86' lang='lat' dir='ltr'>Addit</span> <span class='ocrx_word' id='word_1_896' title='bbox 3445 5041 3657 5150; x_wconf 54' lang='lat' dir='ltr'>ghoni-</span> 
     </span>
    </p>
   </div>
   <div class='ocr_carea' id='block_1_129' title="bbox 1995 5164 3661 5238">
    <p class='ocr_par' dir='ltr' id='par_1_129' title="bbox 1995 5164 3661 5238">
     <span class='ocr_line' id='line_1_134' title="bbox 1995 5164 3661 5238; baseline 0.002 -20"><span class='ocrx_word' id='word_1_897' title='bbox 1995 5171 2093 5238; x_wconf 81' lang='lat' dir='ltr'>ata</span> <span class='ocrx_word' id='word_1_898' title='bbox 2113 5164 2466 5238; x_wconf 80' lang='lat' dir='ltr'>lectissimos</span> <span class='ocrx_word' id='word_1_899' title='bbox 2498 5165 2841 5238; x_wconf 82' lang='lat' dir='ltr'>Latinorum</span> <span class='ocrx_word' id='word_1_900' title='bbox 2872 5164 3099 5238; x_wconf 89' lang='lat' dir='ltr'>equites</span> <span class='ocrx_word' id='word_1_901' title='bbox 3131 5172 3184 5222; x_wconf 91' lang='lat' dir='ltr'>et</span> <span class='ocrx_word' id='word_1_902' title='bbox 3209 5165 3395 5238; x_wconf 79' lang='lat' dir='ltr'>hastis</span> <span class='ocrx_word' id='word_1_903' title='bbox 3419 5165 3661 5238; x_wconf 77' lang='lat' dir='ltr'>vibran-</span> 
     </span>
    </p>
   </div>
   <div class='ocr_carea' id='block_1_130' title="bbox 1994 5235 3654 5301">
    <p class='ocr_par' dir='ltr' id='par_1_130' title="bbox 1994 5235 3654 5301">
     <span class='ocr_line' id='line_1_135' title="bbox 1994 5235 3654 5301; baseline 0.002 -11"><span class='ocrx_word' id='word_1_904' title='bbox 1994 5235 2087 5290; x_wconf 91' lang='lat' dir='ltr'>dis</span> <span class='ocrx_word' id='word_1_905' title='bbox 2111 5235 2372 5290; x_wconf 91' lang='lat' dir='ltr'>celebres</span> <span class='ocrx_word' id='word_1_906' title='bbox 2396 5251 2466 5290; x_wconf 94' lang='lat' dir='ltr'>eo</span> <span class='ocrx_word' id='word_1_907' title='bbox 2492 5238 2550 5291; x_wconf 91' lang='lat' dir='ltr'>in</span> <span class='ocrx_word' id='word_1_908' title='bbox 2579 5236 2860 5292; x_wconf 89' lang='lat' dir='ltr'>conﬂictu</span> <span class='ocrx_word' id='word_1_909' title='bbox 2890 5235 3196 5301; x_wconf 82' lang='lat' dir='ltr'>cecidisse,</span> <span class='ocrx_word' id='word_1_910' title='bbox 3213 5243 3270 5293; x_wconf 90' lang='lat' dir='ltr'>et</span> <span class='ocrx_word' id='word_1_911' title='bbox 3293 5235 3445 5293; x_wconf 60' lang='lat' dir='ltr'>Pleas</span> <span class='ocrx_word' id='word_1_912' title='bbox 3467 5236 3654 5293; x_wconf 87' lang='lat' dir='ltr'>comi-</span> 
     </span>
    </p>
   </div>
   <div class='ocr_carea' id='block_1_131' title="bbox 1995 5307 3658 5373">
    <p class='ocr_par' dir='ltr' id='par_1_131' title="bbox 1995 5307 3658 5373">
     <span class='ocr_line' id='line_1_136' title="bbox 1995 5307 3658 5373; baseline 0.002 -11"><span class='ocrx_word' id='word_1_913' title='bbox 1995 5311 2114 5362; x_wconf 88' lang='lat' dir='ltr'>tem</span> <span class='ocrx_word' id='word_1_914' title='bbox 2145 5307 2469 5363; x_wconf 89' lang='lat' dir='ltr'>Lodoicum</span> <span class='ocrx_word' id='word_1_915' title='bbox 2502 5327 2515 5373; x_wconf 86' lang='lat'><strong>;</strong></span> <span class='ocrx_word' id='word_1_916' title='bbox 2545 5308 3000 5365; x_wconf 87' lang='lat' dir='ltr'>callidissimum</span> <span class='ocrx_word' id='word_1_917' title='bbox 3029 5309 3257 5366; x_wconf 90' lang='lat' dir='ltr'>malum</span> <span class='ocrx_word' id='word_1_918' title='bbox 3286 5315 3342 5365; x_wconf 93' lang='lat' dir='ltr'>et</span> <span class='ocrx_word' id='word_1_919' title='bbox 3379 5308 3658 5366; x_wconf 89' lang='lat' dir='ltr'>omnium</span> 
     </span>
    </p>
   </div>
   <div class='ocr_carea' id='block_1_132' title="bbox 1997 5379 3656 5452">
    <p class='ocr_par' dir='ltr' id='par_1_132' title="bbox 1997 5379 3656 5452">
     <span class='ocr_line' id='line_1_137' title="bbox 1997 5379 3656 5452; baseline 0.002 -19"><span class='ocrx_word' id='word_1_920' title='bbox 1997 5380 2404 5452; x_wconf 83' lang='lat' dir='ltr'>Romanarum</span> <span class='ocrx_word' id='word_1_921' title='bbox 2428 5379 2705 5452; x_wconf 10' lang='lat' dir='ltr'>hcladiuﬁm</span> <span class='ocrx_word' id='word_1_922' title='bbox 2734 5381 2995 5452; x_wconf 83' lang='lat' dir='ltr'>primum</span> <span class='ocrx_word' id='word_1_923' title='bbox 3025 5385 3350 5450; x_wconf 87' lang='lat' dir='ltr'>auctorem,</span> <span class='ocrx_word' id='word_1_924' title='bbox 3385 5380 3656 5438; x_wconf 84' lang='lat' dir='ltr'>Venetia-</span> 
     </span>
    </p>
   </div>
   <div class='ocr_carea' id='block_1_133' title="bbox 1993 5450 3658 5522">
    <p class='ocr_par' dir='ltr' id='par_1_133' title="bbox 1993 5450 3658 5522">
     <span class='ocr_line' id='line_1_138' title="bbox 1993 5450 3658 5522; baseline 0.002 -18"><span class='ocrx_word' id='word_1_925' title='bbox 1993 5464 2130 5522; x_wconf 80' lang='lat' dir='ltr'>rum</span> <span class='ocrx_word' id='word_1_926' title='bbox 2164 5450 2380 5505; x_wconf 88' lang='lat' dir='ltr'>ducem</span> <span class='ocrx_word' id='word_1_927' title='bbox 2423 5450 2781 5519; x_wconf 81' lang='lat' dir='ltr'>Dandulum,</span> <span class='ocrx_word' id='word_1_928' title='bbox 2819 5451 2986 5507; x_wconf 85' lang='lat' dir='ltr'>clade</span> <span class='ocrx_word' id='word_1_929' title='bbox 3019 5453 3310 5508; x_wconf 80' lang='lat' dir='ltr'>exercitus</span> <span class='ocrx_word' id='word_1_930' title='bbox 3335 5467 3406 5507; x_wconf 80' lang='lat' dir='ltr'>ex</span> <span class='ocrx_word' id='word_1_931' title='bbox 3429 5453 3658 5522; x_wconf 86' lang='lat' dir='ltr'>fugien-</span> 
     </span>
    </p>
   </div>
   <div class='ocr_carea' id='block_1_134' title="bbox 1994 5520 3657 5596">
    <p class='ocr_par' dir='ltr' id='par_1_134' title="bbox 1994 5520 3657 5596">
     <span class='ocr_line' id='line_1_139' title="bbox 1994 5520 3657 5596; baseline 0.003 -21"><span class='ocrx_word' id='word_1_932' title='bbox 1994 5520 2154 5575; x_wconf 91' lang='lat' dir='ltr'>tibus</span> <span class='ocrx_word' id='word_1_933' title='bbox 2168 5523 2634 5596; x_wconf 87' lang='lat' dir='ltr'>cognita,s_tatim</span> <span class='ocrx_word' id='word_1_934' title='bbox 2650 5537 2762 5596; x_wconf 78' lang='lat' dir='ltr'>con</span> <span class='ocrx_word' id='word_1_935' title='bbox 2771 5525 2953 5596; x_wconf 85' lang='lat' dir='ltr'>versis</span> <span class='ocrx_word' id='word_1_936' title='bbox 2969 5523 3149 5579; x_wconf 89' lang='lat' dir='ltr'>frenis</span> <span class='ocrx_word' id='word_1_937' title='bbox 3162 5525 3219 5580; x_wconf 93' lang='lat' dir='ltr'>in</span> <span class='ocrx_word' id='word_1_938' title='bbox 3236 5529 3430 5580; x_wconf 88' lang='lat' dir='ltr'>castra</span> <span class='ocrx_word' id='word_1_939' title='bbox 3444 5520 3657 5596; x_wconf 74' lang='lat' dir='ltr'>prope-</span> 
     </span>
    </p>
   </div>
   <div class='ocr_carea' id='block_1_135' title="bbox 1993 5593 3655 5666">
    <p class='ocr_par' dir='ltr' id='par_1_135' title="bbox 1993 5593 3655 5666">
     <span class='ocr_line' id='line_1_140' title="bbox 1993 5593 3655 5666; baseline 0.004 -21"><span class='ocrx_word' id='word_1_940' title='bbox 1993 5598 2231 5648; x_wconf 90' lang='lat' dir='ltr'>rasseet</span> <span class='ocrx_word' id='word_1_941' title='bbox 2247 5594 2591 5666; x_wconf 81' lang='lat' dir='ltr'>Byzantium</span> <span class='ocrx_word' id='word_1_942' title='bbox 2605 5593 3172 5666; x_wconf 88' lang='lat' dir='ltr'>rediisse,intestinis</span> <span class='ocrx_word' id='word_1_943' title='bbox 3195 5597 3340 5666; x_wconf 87' lang='lat' dir='ltr'>fuga</span> <span class='ocrx_word' id='word_1_944' title='bbox 3363 5593 3655 5666; x_wconf 30' lang='lat' dir='ltr'>tot‘para-</span> 
     </span>
    </p>
   </div>
   <div class='ocr_carea' id='block_1_136' title="bbox 1996 5665 3652 5738">
    <p class='ocr_par' dir='ltr' id='par_1_136' title="bbox 1996 5665 3652 5738">
     <span class='ocr_line' id='line_1_141' title="bbox 1996 5665 3652 5738; baseline 0.005 -22"><span class='ocrx_word' id='word_1_945' title='bbox 1996 5677 2327 5733; x_wconf 88' lang='lat' dir='ltr'>sangarum</span> <span class='ocrx_word' id='word_1_946' title='bbox 2349 5665 2534 5738; x_wconf 86' lang='lat' dir='ltr'>ruptis</span> <span class='ocrx_word' id='word_1_947' title='bbox 2547 5668 2604 5721; x_wconf 92' lang='lat' dir='ltr'>et</span> <span class='ocrx_word' id='word_1_948' title='bbox 2614 5671 2810 5723; x_wconf 89' lang='lat' dir='ltr'>scroto</span> <span class='ocrx_word' id='word_1_949' title='bbox 2829 5665 2892 5722; x_wconf 92' lang='lat' dir='ltr'>in</span> <span class='ocrx_word' id='word_1_950' title='bbox 2921 5665 3288 5724; x_wconf 84' lang='lat' dir='ltr'>immensum</span> <span class='ocrx_word' id='word_1_951' title='bbox 3302 5665 3652 5725; x_wconf 74' lang='lat' dir='ltr'>tumefacto.</span> 
     </span>
    </p>
   </div>
  </div>
