4152 6382
279 353 425 412 1017

1784 345 2138 405 ANNALES.

3530 355 3666 410 1018

287 485 526 546 σκηναῖς,
583 481 674 530 καὶ
733 477 963 549 ὑποψίαν
1021 474 1193 538 δόντες
1237 482 1346 537 τοῖς
1391 473 1626 535 πολίταις
1681 476 1748 534 ὡς
1796 475 1894 525 πά-

2006 476 2126 528 tem
2156 472 2394 542 callent,
2416 488 2614 546 neque
2644 475 2960 548 quippiam
2996 475 3160 531 aliud
3179 475 3490 549 capiendis
3508 478 3666 535 urbi-

283 585 443 640 ρεισι,
494 571 666 640 μέσων
705 575 903 619 νυκτῶν
937 565 1170 640 φυγάδες
1216 564 1301 618 ἐπὶ
1356 569 1450 623 τὴν
1509 566 1896 617 Κωνσταντίνου

284 664 530 732 χωροῦσι
591 659 804 730 Πρωῖας
834 664 960 730 γοῦν
1005 661 1212 728 γνόντες
1243 663 1392 708 τοῦτο
1452 653 1500 706 οἱ
1543 661 1636 716 τῆς
1680 649 1898 725 Ἀδριαο

284 754 374 799 νοῦ
444 747 715 820 οἰκήτορες
793 751 858 800 τὰ
936 747 1292 820 ἐλλελειμμένα
1329 752 1443 806 ταῖς
1491 751 1708 806 σκηναῖς
1764 743 1898 801 ἐληί·

289 855 470 891 σαντο.
499 835 561 888 Ὀ
588 840 676 910 μὲν
702 833 789 889 οὖν
844 836 1092 910 βασιλεὺς
1146 836 1450 912 Βουλγάρων
1502 837 1638 887 κατά
1682 837 1750 886 τά
1779 835 1898 885 υπε-

292 929 540 998 σχημένα
587 933 693 986 τοῖς
747 923 1028 1002 Ἀδριανου
1054 926 1293 988 πολίταις
1330 925 1584 1002 ἐγκρατὴς
1658 924 1898 995 γενέσθαι

289 1023 352 1074 τῆ
366 1036 387 1077 ς
415 1023 555 1087 σφῶν
584 1015 778 1078 πόλεως
810 1019 1052 1090 ὥρμησεν
1087 1039 1099 1051 ·
1139 1019 1190 1069 οἱ
1245 1014 1303 1070 δὲ
1355 1015 1682 1074 ἀπηνήναντο
1721 1021 1893 1067 τοῦτο.

293 1109 777 1176 Δυσανασχετήσας
809 1102 895 1158 οὖν
945 1108 971 1158 ό
1027 1116 1127 1159 τῶν
1170 1106 1474 1181 Βουλγάρων
1535 1102 1785 1178 βασιλεὺς
1831 1111 1893 1174 τῇ

292 1191 464 1266 ἀπάτῃ
522 1194 874 1268 πολιορκῆσαι
937 1199 1152 1258 τούτους
1208 1196 1479 1256 ἠθελησεν.
1537 1193 1672 1248 Ἀλλ’
1726 1191 1899 1264 ἀφυεῖς

290 1281 548 1344 παντελῶς
602 1283 674 1344 εἰς
730 1285 1033 1361 πολιορκίαν
1104 1289 1152 1339 οἱ
1207 1285 1492 1360 Βούλγαροι
1534 1305 1547 1318 ο
1599 1286 1744 1343 οὗτος
1799 1284 1898 1354 γὰρ

290 1369 542 1434 ἑλεπόλεις
573 1369 757 1426 οἴδασι
786 1382 1007 1444 στῆσαι,
1056 1376 1168 1428 οὔθ’
1217 1377 1384 1450 ἔτερόν
1429 1394 1482 1426 τι
1528 1381 1627 1426 τῶν
1678 1369 1900 1443 δυναμέ-

291 1479 390 1511 νων
442 1463 712 1534 πορθῆσαι
775 1459 1190 1522 διανοὴσασθαι.
1242 1463 1477 1540 Ἀπάρας
1529 1469 1655 1533 γοῦν
1713 1459 1900 1513 ἐκεῖθεν

294 1548 321 1600 ό
353 1547 607 1621 βασιλεὺς
635 1559 734 1602 τῶν
773 1552 1098 1628 Βουλγάρων,
1159 1559 1230 1626 μὴ
1280 1556 1416 1626 ἔχων
1453 1556 1512 1605 τὸ
1545 1547 1785 1624 ἐμποδὼν
1821 1549 1898 1620 (2)

292 1638 364 1699 ὡς
393 1646 492 1690 τῶν
529 1639 732 1693 Ἰταλῶν
785 1641 945 1695 αὐτοῦ
985 1646 1484 1720 καταπορθηθίντων
1541 1645 1600 1694 τὸ
1653 1643 1897 1713 ἔσχατον,

291 1725 466 1800 ἐτέρου
505 1725 566 1782 δὲ
616 1735 688 1803 μὴ
722 1735 866 1794 ὄντος
913 1741 1003 1786 τοῦ
1058 1733 1457 1806 ἀνθισταμένου,
1512 1739 1686 1786 πᾶσαν
1743 1749 1902 1782 κατα-

289 1821 465 1890 τρέχει
506 1818 856 1877 Μακεδονίαν.
890 1828 1040 1876 Δείαν
1091 1821 1178 1876 οὖν
1231 1823 1540 1897 παμπόλλην
1594 1821 1880 1879 ἐποιήσατο

287 1903 615 1981 αὐτάνδρους
671 1914 768 1974 τὰς
823 1912 992 1974 πόλεις
1046 1911 1571 1990 ἀνδραποδισάμενος
1621 1916 1710 1964 καὶ
1741 1883 1904 1996 τέλεσί

247 1998 628 2069 -κατασκάψας
668 2000 848 2063 αὐτάς.
878 2007 948 2056 T6
981 2000 1042 2058 δέ
1071 2006 1119 2057 οἱ
1147 2001 1412 2078 διανόημα
1464 2011 1545 2070 ἧν,
1581 2006 1651 2064 ὡς
1699 2007 1903 2073 μήποτε

279 2081 562 2156 Ῥωμαίους
628 2087 914 2149 ἀνάκλησιν
997 2101 1171 2165 σχεῖν,
1228 2102 1326 2146 τῶν
1384 2097 1637 2167 σφετέρων
1685 2090 1900 2166 ἐπιδράο

282 2172 477 2235 ξασθαι
532 2177 748 2234 πόλεων.
817 2183 1130 2254 Κατέσκαψε
1205 2191 1327 2255 γοῦν
1405 2183 1461 2235 ἐκ
1547 2181 1758 2258 βάθρων
1812 2183 1900 2234 αὐ-

277 2270 380 2314 τῶν
423 2265 500 2336 (3)
569 2272 662 2327 τὴν
730 2269 1199 2339 Φιλιποπύπολιν,.
1255 2275 1569 2345 θαυμαστὴν
1649 2273 1696 2308 ⁶²
1769 2273 1900 2344 ἄγαν

285 2351 471 2422 οὖσαν,
506 2357 622 2419 ἣτις
662 2363 808 2434 παρά
845 2369 918 2432 τῷ
968 2361 1140 2434 Ἕϐρῳ
1197 2370 1384 2430 κεῖται,
1439 2360 1556 2414 οἶτα
1607 2364 1702 2424 τὰς
1747 2362 1900 2420 ἄλλας

277 2443 451 2504 πάσας
501 2446 696 2518 πόλεις,
734 2454 828 2508 τὴν
885 2452 1214 2525 Ἡράκλειαν,
1256 2455 1316 2504 τό
1375 2454 1584 2521 Πάνιον,
1634 2456 1728 2510 τὴν
1768 2451 1900 2504 Ῥαι-

281 2527 489 2605 δεστὸν,
522 2539 892 2612 Χαριούπολιν,
946 2541 1374 2614 Τραῑανούπολιν,
1428 2543 1671 2614 Μάκρην,
1730 2541 1897 2594 Κλαυ-

283 2617 576 2693 διούπολιν,
655 2631 1061 2698 Υοσυνούπολιν,
1138 2633 1456 2698 ΙΙεριθώριον
1547 2637 1638 2684 καὶ
1738 2632 1897 2698 ἄλλας

278 2711 490 2777 πολλὰς,
536 2714 594 2777 ἂς
633 2719 873 2792 ἀριθμεῖν
915 2721 974 2772 οὐ
1019 2727 1212 2796 χρεών.
1270 2724 1368 2774 Τὸν
1416 2718 1475 2773 δὲ
1519 2720 1640 2773 λαὸν
1689 2721 1894 2797 ἀπάρας

655 2631 1061 2701 Υοσυνούπολιν,
1138 2633 1456 2707 ΙΙεριθώριον
1547 2637 1638 2684 καὶ

280 2799 470 2856 ἐκεῖθεν
518 2811 635 2879 περὶ
703 2812 800 2870 τας
869 2810 1196 2885 παραῤῥοίας
1243 2811 1450 2872 καθίζει
1499 2819 1591 2864 τοῦ
1659 2819 1889 2885 Ἴστρου,

282 2889 338 2943 ἐκ
387 2901 489 2944 τῶν
533 2891 679 2946 ἰδίων
755 2895 1260 2971 ἡνδραποδισμένων
1325 2909 1510 2973 κωμῶν
1569 2905 1658 2953 καὶ
1697 2901 1889 2954 πόλεων

280 2981 377 3041 τὰς
409 2979 620 3044 κλήσεις
678 2983 870 3046 ἐπιθεὶς
893 2994 1008 3049 ταῖς
1065 2988 1352 3046 οἰκήσεσιν.
1404 2991 1723 3064 Ἀντάμυναν
1777 2988 1885 3059 οὖν,

281 3068 354 3128 ὡς
378 3070 616 3140 ἔφασκεν,
659 3071 876 3127 ἐποιεῖτο
908 3083 1006 3127 τῶν
1055 3078 1122 3128 ὧν
1158 3077 1438 3151 εἰργάσατο
1488 3085 1615 3155 πρὸς
1665 3081 1881 3154 Βουλγά-

277 3174 405 3229 ρους
424 3167 596 3210 κακῶν
618 3162 642 3212 ό
666 3160 918 3235 βασιλεὺς
953 3166 1239 3234 Βασίλειος,
1273 3171 1351 3241 [Ρ.
1392 3170 1474 3241 l3]
1500 3175 1590 3223 καὶ
1613 3170 1886 3224 καλεῖσθαι
1917 3178 1956 3234 C

276 3248 369 3317 μὲν
424 3245 594 3332 ἔλεγεν
647 3249 835 3304 ἐκεῖνον
887 3254 1331 3331 Βουλγαροκτόνον
1386 3260 1485 3331 (4),
1543 3259 1886 3332 Ῥωμαιοκτόο

276 3353 359 3386 νον
411 3331 470 3389 δὲ
499 3341 760 3411 ὠνόμαζεν
806 3341 1011 3402 ἑαυτόν,
1060 3351 1238 3421 Μέχρι
1270 3354 1395 3418 γοῦν
1437 3355 1768 3412 καταντήσας
1797 3356 1885 3404 καὶ

279 3423 439 3515 αὐτῆς
479 3427 560 3497 (5)
607 3437 704 3491 τῆς
760 3433 1150 3496 Θεσσαλονίκης
1202 3435 1367 3489 ἐκεῖσε
1418 3439 1626 3496 θνήσκει
1677 3439 1886 3515 πλευρί-

277 3509 390 3565 τιδι
446 3519 583 3587 νόσῳ
621 3515 991 3592 κατασχεθεὶς,
1061 3526 1126 3585 ὡς
1184 3522 1245 3577 δέ
1299 3545 1427 3587 τινες
1478 3526 1646 3600 ἔλεγον
1694 3530 1773 3581 ὅτι
1831 3529 1886 3582 ἐκ

277 3605 552 3676 θεομηνίας
583 3607 725 3679 αὐτῷ
756 3610 781 3662 ό
814 3612 1028 3674 θάνατος
1048 3617 1251 3685 γέγονεν
1279 3636 1291 3648 ·
1326 3612 1472 3679 ἔδοξε
1502 3619 1603 3692 γὰρ
1636 3618 1776 3689 αὐτῷ
1805 3619 1885 3692 (6)

273 3694 393 3746 καθ’
449 3695 640 3758 ὕπνους
693 3699 898 3753 ἔνοπλον
947 3699 1118 3777 ἄνδρα
1157 3703 1435 3764 ἐπιστῆναι
1490 3706 1631 3778 αὐτῷ
1660 3713 1750 3760 καὶ
1791 3705 1883 3761 δό-

2006 561 2123 618 bus
2154 567 2563 634 opportunum
2619 563 2815 619 moliri
2865 569 3472 638 possunt.Propterea
3523 566 3664 624 inde

2007 651 2342 717 discedens,
2371 669 2512 708 cum
2541 653 2741 708 nullus
2767 653 2848 708 illi
2881 669 2943 708 se
2965 659 3314 725 opponeret,
3367 655 3526 711 Italis
3582 656 3660 713 ab

2007 756 2078 797 eo
2109 742 2344 814 penitus
2374 742 2705 810 debellatis,
2731 741 3078 798 universam
3100 744 3509 802 Macedoniam
3559 761 3660 801 ex-

2007 831 2208 899 currit,
2225 832 2666 904 praedaingenti
2686 832 3101 904 locupletatus,
3127 832 3306 888 urbes
3329 850 3468 889 cum
3513 835 3658 906 ipsis

2007 921 2448 978 habitatoribus
2495 922 2761 995 spolians
2809 921 3199 994 funditusque
3247 927 3541 992 evertens,
3591 940 3662 980 eo

2009 1009 2213 1066 animo
2245 1015 2308 1067 ut
2332 1013 2380 1066 si
2408 1011 2916 1084 quandoRomani
2946 1011 3272 1067 infortunio
3285 1011 3650 1071 desmviente

2008 1100 2422 1172 respirassent,
2442 1101 2686 1173 propria
2702 1101 2929 1173 oppida
2950 1115 3303 1173 recuperare
3320 1102 3660 1173 nequirent.

2009 1189 2200 1254 Quare
2215 1205 2244 1245 e
2258 1189 2659 1247 fundamentis
2673 1190 2908 1247 sustulit
2919 1190 3399 1264 Philippopolim,
3413 1190 3663 1263 praecla-

2005 1293 2136 1334 ram
2165 1279 2422 1335 nimium
2449 1285 2630 1353 atque
2661 1281 2966 1351 egregiam
3005 1280 3238 1343 urbem,
3284 1296 3422 1354 quae
3467 1280 3663 1337 Hebro

2009 1367 2264 1438 adjacet,
2297 1369 2446 1425 alias
2474 1370 2758 1442 deinceps
2779 1371 2893 1442 26
2913 1369 3247 1438 universas,
3271 1368 3659 1437 Heracleiam,

2010 1458 2278 1530 Panium,
2317 1461 2677 1527 Raedestum,
2713 1460 3141 1533 Chariupolim,
3184 1459 3659 1532 Trajanupolim,

2010 1549 2285 1619 Macrem,
2303 1549 2744 1623 Claudiupolin,
2760 1550 3220 1623 Mosynupolim,
3257 1549 3381 1605 Peri
3390 1548 3662 1605 theoriOn

2010 1637 2281 1711 aliasque
2293 1639 2774 1712 quamplurimas,
2789 1655 2945 1713 quas
2959 1654 3300 1695 enumerare
3314 1652 3512 1710 operae
3529 1652 3662 1710 pre-

2011 1727 2158 1783 tium
2190 1743 2314 1784 non
2334 1729 2884 1785 est.Multitudinem
2910 1729 3160 1796 abigens
3191 1729 3348 1784 circa
3379 1727 3504 1783 lstri
3549 1725 3660 1782 ﬂu-

1941 1833 1983 1889 B
2013 1822 2152 1874 enta
2179 1818 2432 1875 collocat
2459 1823 2516 1875 et
2546 1835 2618 1874 ex
2652 1820 2781 1890 jam
2803 1819 3050 1892 direptis
3073 1817 3311 1891 oppidis
3331 1821 3387 1874 et
3408 1815 3660 1872 urbibus

2013 1908 2263 1965 nomina
2292 1908 2548 1981 propriis
2580 1909 2831 1964 coloniis
2861 1908 3133 1980 imponit,
3162 1907 3407 1976 damna,
3442 1910 3508 1961 ut
3531 1905 3658 1975 ipse

2013 1998 2344 2061 dictitabat,
2364 2015 2792 2071 compensans,
2813 1998 3037 2071 quibus
3058 1998 3386 2069 imperator
3411 1994 3659 2052 Basilius

2015 2088 2302 2158 Bulgaros
2335 2087 2647 2156 afﬂixerat,
2680 2103 2941 2158 eumque
2966 2086 3265 2142 fatebatur
3295 2084 3408 2139 dici
3453 2082 3661 2154 Bulga-

2010 2182 2348 2244 roctonum,
2378 2193 2439 2233 se
2471 2193 2607 2233 vero
2653 2179 3143 2233 Rommoctonum
3190 2172 3569 2244 indigitabat.
3608 2173 3661 2226 ls

2011 2283 2202 2339 usque
2232 2265 2716 2324 Thessalonicam
2778 2266 3132 2338 perveniens
3177 2262 3409 2320 laterali
3454 2260 3660 2318 morbo

2013 2359 2194 2416 vitam
2212 2359 2361 2428 ﬁnit,
2398 2359 2571 2414 velut
2604 2359 2700 2415 alii
2715 2357 3080 2423 asserebant,
3113 2357 3200 2412 ira
3227 2353 3496 2411 Numinis
3514 2351 3662 2410 tristi

2009 2455 2199 2505 morte
2212 2449 2498 2505 multatus
2509 2452 2620 2504 est.
2665 2447 2996 2506 Somniavit
3015 2447 3176 2502 enim
3198 2444 3277 2502 ab
3303 2447 3535 2501 armato
3549 2441 3662 2498 sibi

2009 2538 2280 2594 adstante
2302 2539 2473 2594 hasta
2493 2537 2649 2594 latus
2665 2536 2936 2593 confodi:
2957 2551 3136 2591 nemo
3158 2534 3340 2600 enim,
3372 2548 3482 2589 nec
3501 2546 3661 2589 men-

2007 2628 2139 2698 tior,
2169 2644 2200 2684 e
2226 2628 2520 2685 memoria
2548 2627 2866 2684 hominum
2901 2630 3071 2682 totac
3091 2626 3201 2680 iste
3220 2621 3660 2680 calamitatibus

2005 2721 2313 2774 Romanos
2335 2717 2562 2784 afﬂixit,
2583 2716 2736 2772 adeo
2758 2720 2822 2771 ut
2848 2731 2884 2771 a
2901 2730 3048 2771 cane
3069 2729 3292 2770 nomen
3314 2712 3394 2768 illi
3415 2710 3660 2783 imposi-

2006 2814 2132 2864 tum
2175 2807 2272 2875 sit,
2305 2813 2362 2863 et
2385 2806 2846 2880 Scylo-Joannes
2875 2805 2954 2861 ab
3008 2803 3292 2860 omnibus
3333 2800 3656 2873 compella-

2001 2903 2178 2954 retur.
2215 2899 2360 2953 Cum
2384 2897 2544 2952 enim
2565 2895 2814 2968 Scythas
2834 2895 2948 2950 sibi
2973 2893 3339 2950 devinxisset
3370 2880 3658 2946 al’finitate

2000 3004 2138 3045 cum
2169 2987 2281 3042 illis
2311 2989 2636 3054 contracta,
2655 2989 2712 3041 et
2740 3000 2938 3040 mores
2957 2983 3070 3038 sibi
3122 2981 3454 3038 vindicaret
3481 2979 3560 3035 ob
3578 2977 3658 3034 fe-

1998 3079 2292 3135 rociorem
2320 3082 2603 3132 naturam
2625 3075 3032 3140 immaniores,
3063 3071 3334 3129 caedibus
3359 3074 3658 3127 Romano-

1999 3185 2134 3226 rum
2157 3167 2492 3225 admodum
2514 3164 2946 3221 delectabatur.
2971 3166 3090 3219 lloc
3114 3161 3249 3218 fatis
3271 3162 3475 3217 functo
3495 3174 3656 3216 soro-

1997 3260 2080 3316 ris
2111 3258 2266 3314 illius
2292 3257 2449 3312 ﬁlius
2471 3254 2766 3312 Phrorilas
2798 3253 3065 3323 nomine,
3099 3251 3380 3325 Scythide
3428 3249 3566 3306 avia
3592 3249 3654 3305 in

1997 3347 2450 3405 matrimonium
2481 3345 2663 3401 ducta
2682 3359 2938 3413 regnum
2952 3341 3348 3413 Bulgarorum
3377 3343 3654 3413 occupat.

1995 3439 2175 3495 Filius
2191 3453 2334 3494 vero
2354 3435 2535 3492 Asani
2551 3437 2810 3490 Joannes
2826 3433 2984 3489 clam
3009 3435 3344 3505 ereptus,ut
3371 3430 3655 3500 diximus,

1995 3529 2073 3587 ad
2097 3527 2348 3599 Scythas
2371 3529 2731 3597 asportatur.
2756 3523 2865 3593 27
2895 3525 2960 3578 Et
2988 3521 3117 3577 haec
3137 3520 3387 3593 quidem
3411 3519 3486 3575 de
3521 3519 3652 3575 Bul-

1996 3619 2154 3691 garis
2175 3635 2187 3672 :
2206 3617 2441 3687 reliqua
2460 3614 2670 3680 oratio,
2686 3612 2909 3686 quibus
2929 3615 3102 3682 gesta
3113 3614 3252 3666 sunt
3283 3608 3656 3681 temporibus

1994 3706 2304 3766 enodabit.

273 3801 395 3856 ρατι
468 3784 664 3849 πλῆξαί
710 3789 760 3840 οἰ
820 3794 913 3848 τὸν
983 3791 1223 3866 πλευράν,
1274 3793 1371 3846 Ἤν
1415 3796 1517 3868 γὰρ
1577 3801 1666 3848 καὶ
1726 3796 1930 3862 ἀληθῶς
1983 3801 2054 3861 ὡς
2111 3793 2358 3850 οὐδέποτε
2409 3801 2470 3865 τῇ
2513 3792 2777 3867 Ῥωμαίων
2822 3796 3058 3844 τοσαῦτα
3108 3792 3252 3865 παρά
3306 3807 3398 3841 του
3461 3786 3644 3851 ξυνέϐη

349 3882 395 3916 ⁸³
429 3883 733 3956 θαυμαστὴν
762 3918 833 3928 -
861 3895 1033 3942 κεῖταν
1075 3905 1198 3946 om.
1239 3894 1303 3948 Β.

1169 3979 1513 4049 Theodori
1563 3985 1814 4053 Dousa;
1854 3996 1920 4054 et
1965 3984 2214 4056 Leonis
2264 3981 2496 4050 Allatii
2549 3989 2754 4048 notae.

274 4091 404 4161 πρόν
428 4089 622 4170 ίᾳυοά
645 4095 732 4148 est
748 4097 806 4148 τὸ
827 4095 1084 4168 λαμπρόν)
1116 4100 1309 4180 eiistat
1337 4098 1397 4180 in
1443 4101 1886 4161 Turco-Graecia

275 4161 483 4239 Crusn:
509 4161 621 4239 Sed
643 4162 718 4219 de
736 4182 883 4239 voce
897 4168 1032 4239 plus
1057 4173 1222 4224 satis.
1241 4171 1440 4228 Simile
1463 4177 1663 4229 autem
1679 4179 1884 4232 strata-

273 4231 681 4314 gemalegiiur
693 4238 856 4309 apud
877 4231 1104 4314 L'ivium
1123 4258 1236 4314 xiii,
1261 4244 1350 4314 32,
1377 4243 1710 4314 Annibalis,
1743 4231 1883 4302 cum

272 4309 560 4374 superato
586 4306 870 4375 Pyrenaeo
922 4312 1079 4367 saltu
1111 4312 1188 4367 ad
1220 4306 1401 4384 Alpes
1429 4306 1798 4387 pervenisset
1828 4323 1884 4375 et

268 4379 595 4453 montanos
613 4378 808 4435 Gallos
832 4381 1176 4453 debellaret.
1205 4387 1504 4453 Leguntur
1529 4389 1691 4453 apud
1719 4406 1880 4445 eum-

269 4404 595 4458 ωυιιιαιιγδ
613 4404 808 4435 uanus
833 4404 1176 4462 (iBDBllaI'CI.
1206 4404 1504 4453 Leguntur
1529 4404 1691 4460 8pll(l
1719 4406 1880 4445 eum-

269 4445 412 4534 dem
435 4445 1484 4534 huiuscemodi.stratagemataiaiia,
1531 4459 1780 4534 ignibus
1819 4462 1880 4516 in

270 4523 480 4600 castris
494 4523 681 4600 etiam
710 4524 914 4578 vacuis
937 4523 1203 4600 accensis
1226 4527 1305 4583 ad
1327 4523 1621 4586 fallendos
1652 4532 1874 4588 hostes.

269 4591 420 4674 i‘lam
436 4589 730 4674 ad'ignem
753 4601 1060 4674 nocturnae
1078 4597 1138 4674 in
1156 4600 1363 4674 castris
1390 4601 1600 4674 vigilite
1617 4603 1877 4674 ageban-

271 4662 369 4744 iur
393 4679 406 4725 ;
431 4662 602 4731 cujus
621 4664 705 4744 rei
722 4666 930 4744 crebra
944 4669 1166 4744 mentio
1181 4671 1407 4744 passim
1438 4662 1761 4744 inlectione
1782 4690 1878 4728 ve-

271 4733 1076 4814 terumsoccurritgilorat.04li
1092 4733 1577 4814 ill,iibr.l;Vll‘gll.ll
1598 4746 1873 4814 zEneid.;

270 4804 417 4884 Stat.
451 4806 660 4884 Papin.
681 4808 986 4884 Thebaid.,
1019 4811 1122 4866 lib.
1152 4827 1228 4875 iv,
1260 4804 1359 4868 lib.
1396 4804 1489 4870 viii
1530 4821 1586 4871 et
1618 4815 1724 4873 lib.
1752 4832 1830 4870 xu

268 4876 533 4958 Rropert.
558 4878 729 4948 Eleg.
758 4883 811 4945 4,
839 4876 1033 4958 li_b._'iv
1066 4899 1078 4946 ;
1104 4883 1341 4958 Tacitus
1359 4885 1583 4958 aliique
1612 4876 1876 4944 historici

269 4946 413 5027 Vide
445 4946 772 5027 Homerum
801 4953 914 5027 sub
939 4953 1128 5027 finem
1166 4971 1256 5010 vui
1288 4956 1460 5012 Iliad.
1487 4946 1875 5015 ‘Nocturnum

266 5025 514 5101 signum
539 5025 838 5101 castrense
870 5025 1042 5101 ignis,
1063 5026 1359 5101 _diur_num
1391 5027 1611 5084 fumus.
1645 5031 1877 5086 Notavit

271 5089 632 5172 Scholiastes
674 5089 919 5172 Homeri
935 5089 1242 5172 advlliad.‘
1266 5115 1394 5154 vxm
1419 5117 1431 5167 ;
1456 5116 1760 5172 pyrasque
1792 5101 1875 5156 in-

267 5162 644 5246 censaslego
657 5165 735 5246 ad
759 5168 1018 5246 speciem
1035 5162 1579 5246 maiorisexerc‘it'us
1601 5162 1876 5246 apud_Ni-

267 5235 472 5315 oetam.
485 5235 548 5315 in
569 5235 771 5315 Alexio
790 5235 1092 5315 Comineno
1115 5235 1668 5315 Porphyrogenito
1693 5243 1795 5298 sed
1820 5247 1877 5300 et

267 5303 329 5357 in
374 5303 581 5389 militia
608 5306 837 5389 ignium
869 5303 1461 5389 alius_usus,he_iripe
1489 5330 1595 5389 pro
1621 5303 1825 5389 litteris
1859 5331 1873 5381 ;

267 5374 436 5458 q‘uod
476 5375 959 5458 elegantissimus
993 5374 1224 5456 Lipsius
1273 5374 1550 5451 observit,
1593 5388 1674 5442 De
1695 5374 1870 5442 militi

266 5447 536 5504 Romam.
571 5449 672 5505 lib.
704 5468 762 5520 v,
796 5452 1018 5522 dialog.
1058 5447 1271 5513 ilOUSA.

343 5522 532 5601 (2)}!6
581 5524 717 5592 ἔχων
765 5523 1495 5601 T§_iy1fod"a3V._Gregpras,
1545 5527 1648 5584 lib.
1709 5543 1745 5594 ι,
1797 5544 1862 5601 p.

273 5591 360 5643 16.
390 5591 535 5648 Vide
565 5591 748 5649 etiam
777 5591 1131 5653 Choniatam
1159 5597 1218 5654 in
1253 5591 1564 5655 Balduino.
1594 5603 1730 5655 ALL.

295 5731 304 5741 _
341 5661 420 5733 (3)
453 5663 542 5717 Ἐκ
570 5665 780 5738 βάθρων
812 5667 996 5727 αὐτὴν.
1031 5671 1208 5727 Anna
1228 5675 1554 5738 Comncna,
1585 5671 1867 5730 Alexiad.

266 5730 379 5790 lib.
404 5751 519 5792 xw.
544 5739 683 5794 ALL.

363 5777 379 5790 ι
404 5751 519 5792 XIV.
544 5751 683 5794 ALL.

2072 4103 2153 4176 (4)
2199 4100 2679 4176 Βουλγαροκτόνονη
2743 4099 2821 4153 De
2881 4094 3039 4152 bello
3070 4093 3397 4176 liuigarico
3434 4095 3500 4176 ‘et
3541 4095 3646 4176 [ja-

2001 4164 2111 4230 silii
2132 4164 2286 4246 'imp.
2312 4164 2616 4246 triumpho
2632 4171 2789 4246 circa
2804 4184 3042 4246 annuin
3060 4170 3199 4246 i916
3237 4164 3649 4246 consulendus

2000 4237 2283 4309 Zonaras,
2316 4237 2531 4299 Annal.
2571 4247 2712 4298 tom.
2749 4241 2841 4310 Ill,
2879 4239 2939 4296 in
2970 4237 3188 4294 Basilio
3237 4237 3648 4309 Porphyroge-

1997 4318 2144 4373 nilo.
2176 4315 2433 4372 Meminit
2463 4319 2520 4369 et
2549 4313 3257 4386 Nicephoru_s__Gregoras.
3288 4312 3505 4386 Dousa.

2071 4388 2143 4457 (5)
2181 4391 2522 4445 Καταντησας
2551 4390 2640 4437 καὶ
2672 4379 3220 4457 αὐτῆςκῦϋωιῐᾶιίιῐι
3249 4382 3454 4457 omnia
3474 4379 3651 4457 refert

1920 4427 1966 4482 Β
1996 4427 2287 4516 Ch‘o’iiiata
2337 4427 2412 4514 int
2451 4427 2718 4518 Historia,
2748 4427 3115 4511 et‘Joannes
3162 4452 3524 4520 Stauracius,
3561 4453 3650 4510 De

1993 4532 2306 4587 miraculis
2332 4531 2393 4586 δ’.
2427 4529 2714 4585 Demetrii
2743 4527 3054 4597 martyris.
3093 4531 3229 4582 ALL.

2064 4606 2140 4671 (6)
2182 4599 2370 4664 Ἔδοξε
2399 4603 2498 4674 γάρ
2533 4599 2691 4674 αὐτῷ.
2713 4595 2926 4674 ίΗιωιί
2959 4598 3236 4674 fuisses.
3288 4595 3648 4674 Demetrium

1989 4667 2315 4745 martyrem
2375 4667 3000 4745 ThessaIOnicensiiim
3069 4673 3394 4745 patronum
3474 4667 3649 4745 refert

1987 4739 2246 4799 Joannes
2298 4743 2657 4811 Stauracius,
2714 4743 2800 4797 De
2845 4739 3162 4796 Miraculis
3201 4741 3265 4796 S.
3320 4739 3646 4811 Demetrii:

1987 4820 2115 4868 Τότε
2148 4812 2226 4886 δὴ.
2244 4821 2358 4867 τότε
2389 4813 2518 4886 ἀωρὶ
2548 4810 2648 4865 τῶν
2670 4821 2866 4864 νυκτῶν
2900 4813 2971 4871 εἰς
2993 4812 3134 4872 τελος
3175 4814 3303 4871 Θεὸς
3335 4815 3428 4869 τὴν
3460 4810 3646 4862 ἑαυτοῦ

1986 4894 2077 4957 τῆς
2139 4881 2748 4957 ἐκδικήσεωςρομφαίαν
2795 4884 3076 4937 ἐστίλϐωσε
3124 4886 3213 4935 καὶ
3269 4881 3518 4957 ὑπέθηξεν
3577 4884 3647 4942 ὡς

1987 4906 2077 4948 της
2139 4905 2462 4947 εκοικησεως
2525 4905 2748 4957 οιιφαιαν
2795 4905 3076 4937 εστιλοωσε
3124 4905 3213 4935 και
3269 4905 3518 4942 υπευηςεν
3577 4905 3643 4942 ως

1987 4956 2034 5031 ἐν
2101 4959 2299 5031 θηγάνη
2354 4965 2425 5028 τῷ
2476 4905 2617 5029 ξυήλῳ
2663 4963 2765 5031 *του
2824 4958 3109 5031 μάρτυρος.
3194 4956 3293 5006 Καὶ
3359 4955 3545 5031 αἴφνης
3615 4954 3643 5002 6

1985 5025 2246 5104 ἄγρυπνος
2277 5025 2351 5101 τῷ
2397 5025 2529 5104 όντι
2590 5025 2778 5104 ’φυλαξ-
2824 5025 2936 5080 καὶ
2999 5025 3286 5095 πολιοῦχος
3350 5025 3496 5104 ἡμῶν
3555 5027 3646 5076 καὶ

1984 5097 2143 5173 μὲγας
2188 5109 2279 5153 τοῦ
2322 5097 2558 5188 μεγάλου
2602 5097 2883 5223 Euathlo;
2953 5101 3277 5170 στρατιώτης
3353 5097 3646 5169 Δημήτριος

1985 5175 2205 5223 ἔφιππος
2261 5171 2316 5223 ἐφ
2407 5174 2566 5223 ἵππου
2667 5178 2818 5222 ευκοῦ
2851 5177 2922 5223 τῶ
2993 5168 3414 5223 Βουλναοάνακτι
3471 5171 3642 5223 φαίνε-

1985 5168 2205 5244 ἒφίππος
2261 5168 2342 5245 ἐφ’
2405 5168 2596 5245 ἵππου⁸
2629 5168 2818 5223 λευκοῦ
2851 5177 2922 5242 τῷ
2993 5168 3414 5240 Βουλγαράνακτι
3458 5168 3642 5245 ἐραίνε-

1983 5238 2090 5317 ται,
2121 5312 2138 5317 _
2170 5249 2258 5296 καὶ
2291 5238 2514 5317 ’καιρίαν
2575 5242 2835 5317 ἀκοντίζει
2894 5238 3232 5316 παραχρῆμα
3303 5243 3390 5317 τμόν
3441 5238 3638 5295 ἄθλιον.

1983 5313 2040 5388 ’ρ
2079 5310 2168 5368 Ἴδε
2227 5320 2358 5386 μέγα
2398 5310 2731 5388 ’παραυτίκα
2801 5310 3107 5388 ἀνακραγῶν
3159 5310 3471 5363 -κατεϐοᾱτο
3551 5317 3645 5363 τοῦ

1984 5385 2420 5496 ἀρχιστρατήγου
2496 5385 2592 5449 τῆς
2662 5385 2941 5459 στρατιᾶς
2991 5385 3146 5438 αὐτοῦ
3227 5389 3518 5456 Μαναστρᾶ
3574 5385 3649 5445 ὡς

1984 5455 2140 5496 Χίρων
2211 5464 2424 5496 viniis},
2473 5458 2558 5496 ἴυγγ’
2621 5457 2780 5496 nsi-rm?
2827 5479 2839 5490 ο
2895 5464 3076 5496 η-Λῆιι-ην
3124 5458 3225 5496 σκιὴν)
3277 5452 3444 5496 ἒτῨὸγερ
3518 5455 3647 5496 {inﬁxa

1984 5452 2140 5533 δῆθεν
2187 5452 2558 5533 ’τρωθεὶςῌὺπ
2621 5452 2780 5510 αὐτοῦ
2827 5479 2839 5490 ·
2895 5464 3076 5509 τοῦτον
3124 5458 3225 5527 γὰρ
3276 5452 3458 5508 ἐδόκει
3518 5455 3647 5527 όρᾷνι

1985 5527 2352 5604 ίππαζόμένον,
2422 5527 2557 5604 ᾧπερ
2635 5530 2828 5604 εὐγενεῖ
2891 5533 2982 5581 καὶ
3051 5528 3215 5599 λευκῷ
3286 5529 3426 5598 ῖππῳ
3485 5528 3641 5578 ἱππά-

1983 5601 2121 5668 ζετο,
2186 5597 2291 5664 ’τῆς
2336 5597 2569 5688 ’σκηνῆς
2637 5597 2781 5654 ἔνδον
2830 5606 3118 5688 γενόμενον,
3183 5597 3272 5652 καὶ
3319 5597 3554 5684 λόγχηνν
3579 5597 3644 5656 ἣν

2116 5676 2125 5687 .
2332 5681 2352 5688 η
2583 5677 2592 5688 ,
2751 5675 2761 5687 .
3058 5672 3098 5688 ..
3338 5678 3375 5688 -,
3422 5677 3432 5688 .
3567 5672 3591 5688 ρ.

1981 5666 2244 5747 περιέ-φερε
2292 5681 2352 5746 τῇ
2421 5670 2628 5747 καρδίᾳ
2677 5666 2884 5747 τούτουΔ
2935 5666 3269 5746 ἐμϐάψαντα.
3338 5666 3455 5747 Ιςαῖ
3492 5666 3644 5731 αὖθις

1979 5743 2262 5797 κάτεϐοᾶτο
2329 5743 2525 5798 ’τούτου
2583 5743 2674 5798 καὶ
2722 5743 2992 5817 πολλάκις,
3049 5743 3119 5808 ὣς
3176 5747 3267 5796 καὶ
3310 5743 3467 5796 αὐτὸν
3521 5749 3643 5805 ταῖς
