4152 6418
298 270 439 332 1021

1826 264 2182 327 ANNALES.

3547 278 3685 336 wn

300 401 392 452 καὶ
426 397 620 469 Πέτρον
669 390 749 464 (9)
798 390 929 463 μετά
980 392 1241 463 μεγίστης
1296 396 1547 465 στρατιᾶς
1590 388 1644 454 ἕξ
1692 389 1914 455 Ἰταλίας

2022 390 2441 464 claratumque
2469 390 2630 450 circa
2656 393 2872 452 eadem
2891 395 3028 457 loca
3056 397 3508 472 imperatorem,
3538 403 3685 475 Dyr-

301 488 600 563 ὁρμώμενον
645 485 738 535 καὶ
784 482 856 539 ὣς
897 481 1031 553 πρὸς
1078 483 1176 538 τὴν
1233 479 1774 535 Κωνσταντινούπολιν
1825 500 1916 534 πεμ-

298 579 580 648 ποιημένον
653 576 748 629 τὴν
836 564 1042 637 δίοδον,
1125 566 1532 642 ἀνηγορευμένον
1618 572 1751 645 πρὸς
1820 577 1913 623 τοῦ

299 666 497 721 πάππα
538 662 656 735 (10)
700 663 793 712 καὶ
852 655 1096 731 βασιλέα,
1156 658 1318 710 αὐτοῦ
1398 677 1498 711 που
1581 662 1912 731 γεγενημένον

300 752 801 830 προχειρωσάμενόν
828 765 886 801 τι
911 750 1002 799 καὶ
1028 745 1155 799 αὐτό
1203 750 1262 800 τὸ
1324 745 1622 823 Δυρῥοίχιον
1666 752 1912 819 ’γενναίως

300 838 849 916 κατετροπώσατο,[Ρ.
885 835 971 911 14]
994 836 1053 890 Ὀ
1082 838 1173 909 μὲν
1205 836 1293 889 οὖν
1322 837 1498 912 ῥηθεὶς
1537 840 1731 911 Πέτρος
1776 856 1912 909 γαμ-

305 932 431 1007 ϐρός
479 934 720 1006 ὑπῆρχεν
785 927 864 981 ἐπ’
916 923 1113 1000 ἀδελφῇ
1162 933 1254 979 τοῦ
1298 932 1514 1002 πρώτως
1560 925 1910 999 βασιλεύσαν-

302 1041 390 1084 τος
419 1020 475 1074 Ξκ
502 1027 595 1073 τοῦ
618 1021 852 1074 Λατίνων
900 1020 1087 1091 μέρους
1141 1012 1461 1069 Βαλδουῐνου
1515 1021 1607 1070 καὶ
1651 1022 1744 1069 τοῦ
1799 1015 1911 1089 μετ’

305 1111 462 1165 αὐτὸν
515 1108 692 1183 Ἐῤῥῆ,
716 1105 942 1160 ἐκαλεῖτο
995 1102 1057 1159 δὶ
1113 1106 1143 1164 ἡ
1194 1105 1364 1159 αὐτῶν
1422 1102 1618 1178 ἀδελφὴ
1670 1104 1908 1174 Ἰολέντα,

303 1198 359 1263 ἕξ
382 1199 443 1260 ἧς
493 1193 680 1259 παῖδες
732 1204 805 1268 τῷ
851 1198 1027 1269 Πέτρῳ
1077 1197 1383 1266 γεγένηνταὶ
1427 1201 1579 1268 τρεῖς,
1605 1195 1633 1247 ὅ
1682 1213 1737 1247 τε
1794 1193 1910 1248 Φίλ-

302 1286 865 1359 ιππος,ὀῬομ.πέρτος
904 1288 993 1337 καὶ
1048 1285 1075 1337 ὁ
1127 1280 1444 1346 Βαλδουίνος
1495 1284 1568 1351 ⁷³,
1618 1280 1705 1348 ὧν,
1739 1284 1765 1336 ὃ

294 1376 606 1450 Ῥομπέρτος
650 1380 740 1428 καὶ
795 1375 823 1426 ὁ
872 1370 1189 1435 Βαλδουῖνος
1237 1381 1335 1435 τῆς
1380 1376 1770 1427 Κωνσταντίνου
1823 1371 1909 1444 βε-

299 1465 668 1532 ϐασιλεύκασι,
701 1470 795 1517 τοῦ
836 1468 1042 1536 πρώτου
1088 1463 1257 1515 αὐτῶν
1310 1459 1534 1535 ἀδελφοῦ
1585 1470 1678 1514 τοῦ
1731 1461 1909 1516 Φιλίπ-

297 1574 401 1609 που
444 1562 519 1625 τῷ
567 1549 772 1625 ἀδελφῷ
810 1551 1106 1627 Ῥομπέρτῳ
1153 1561 1249 1614 τῆς
1307 1550 1577 1624 βασιλείας
1651 1570 1906 1624 παραχω-

298 1648 579 1720 ρήσαντος.
615 1641 881 1714 Ὑπῆρχον
941 1636 1001 1693 δέ
1047 1659 1202 1713 σφισι
1257 1645 1348 1693 καὶ
1395 1637 1636 1711 ἀδελφαὶ,
1693 1640 1761 1691 ὧν
1808 1644 1907 1713 μία

2020 479 2268 537 rhachio
2284 486 2704 554 praeoccupato
2725 483 2948 543 fortiter
2971 486 3035 544 in
3058 488 3269 559 fugam
3284 489 3685 548 vertit.Petrus

2020 585 2287 627 sororem
2312 570 2493 642 primi
2521 572 2593 625 ex
2632 571 2852 629 Latinis
2902 575 3175 633 Balduini
3223 583 3281 634 et
3313 580 3682 637 successoris

2019 657 2177 714 illius
2203 659 2353 715 Erici
2380 658 2491 714 sibi
2508 660 2892 719 matrimonio
2909 664 3212 735 iunxerat.
3238 667 3437 723 Sorori
3459 683 3684 726 nomen

2019 747 2264 805 Jolentse
2289 747 2419 816 fuit,
2451 763 2522 804 ex
2549 764 2674 821 qua
2716 754 2832 806 tres
2875 754 3079 809 Petrus
3124 759 3467 829 susceperat
3503 756 3697 827 ﬁlios,-

2020 837 2388 912 Philippum,
2424 838 2751 897 Robertum
2777 844 2834 897 et
2863 842 3242 916 Balduinum,
3277 861 3540 918 quorum
3566 850 3681 905 Ro-

2018 927 2226 983 bertus
2257 932 2315 983 et
2358 927 2704 998 Balduinus,
2759 945 2898 986 cum
2948 932 3180 1003 primus
3231 948 3438 991 eorum
3500 934 3681 992 frater

2019 1015 2328 1088 Philippus
2358 1016 2614 1073 Roberto
2655 1017 3117 1078 administrandi
3144 1021 3380 1095 imperii
3418 1026 3685 1096 potesta-

2020 1109 2139 1163 tem
2160 1104 2414 1168 fecisset,
2439 1104 2639 1179 Cpolis
2669 1107 2979 1179 regionem
3003 1114 3342 1167 tenuerunt.
3368 1114 3452 1168 Ex
3472 1128 3685 1170 eorum

2020 1193 2328 1250 sororibus
2363 1194 2544 1251 Maria
2600 1195 2915 1254 Theodoro
2952 1199 3303 1272 imperatori
3339 1200 3677 1274 copulatur.

2019 1282 2225 1349 Porro,
2251 1298 2435 1356 quem
2457 1299 2643 1356 supra
2672 1285 3003 1353 innuimus,
3027 1287 3400 1359 Theodorus,
3427 1288 3685 1346 exercitu

2017 1376 2246 1439 coacto,
2265 1375 2431 1428 Petro
2452 1372 2768 1446 paululum
2792 1375 3229 1447 Dyrrhachium
3251 1381 3683 1449 prsetergresso

2017 1464 2075 1517 et
2095 1461 2247 1516 inter
2273 1460 2487 1517 Albani
2517 1462 2831 1532 angustias
2868 1464 3134 1521 adducto
3158 1480 3287 1522 sese
3309 1467 3580 1540 opponit.
3596 1466 3683 1524 Ibi

2014 1549 2308 1607 Theodori
2333 1550 2621 1609 Comneni
2649 1551 2866 1608 milites
2901 1554 3248 1610 Latinorum
3287 1556 3497 1629 copias
3533 1559 3680 1623 stre-

2015 1653 2133 1694 nue
2154 1638 2436 1705 fundunt,
2457 1640 2766 1712 oppressis
2790 1642 3107 1710 universis,
3133 1644 3250 1716 29
3279 1644 3434 1701 adeo
3466 1650 3534 1701 ut
3550 1660 3679 1702 om-

298 1739 478 1808 Μαρια
506 1728 584 1801 ἧν,
616 1731 647 1804 ᾖ
682 1732 940 1802 συνεζύγη
982 1731 1008 1782 ὁ
1058 1728 1306 1803 βασιλεὺς
1358 1725 1650 1804 Θεόδωρος.
1702 1728 1761 1781 '0
1813 1732 1902 1802 μὲν

2016 1728 2615 1801 nes‘comprehensos
2629 1729 2881 1786 vinculis
2899 1731 3215 1804 alligarint,
3240 1733 3681 1806 impedimenta

299 1817 388 1874 οὖν
431 1818 686 1882 δηλωθεὶς
734 1816 1007 1893 Θεόδωρος
1063 1820 1134 1886 7",
1189 1821 1365 1882 καθὼς
1411 1819 1657 1894 stipi-xeno,
1711 1822 1770 1871 τὸ
1824 1818 1904 1871 οἰ-

298 1916 434 1963 κεῖον
471 1907 786 1985 παραλαϐὼν
843 1910 1144 1982 στράτευμα
1192 1905 1551 1968 ἀντιτάττεται
1596 1915 1670 1978 τῷ
1724 1910 1902 1983 Πέτρῳ

295 2003 482 2075 μικρὸν
511 1995 953 2075 ὑπερπηδήσαντι
984 2002 1043 2051 τό
1068 1997 1364 2073 Δυρράχιον
1408 2002 1499 2050 καὶ
1546 1996 1595 2050 ἓν
1640 2005 1755 2059 ταῖς
1809 2004 1902 2051 τοῦ

2016 1817 2406 1889 abripuerint,
2425 1818 2750 1891 ipsumque
2777 1819 2957 1876 etiam
2982 1820 3409 1893 imperatorem
3433 1824 3678 1881 Petrum

2014 1906 2214 1978 gladio
2247 1907 2627 1979 peremerint.
2657 1910 2777 1964 Hac
2802 1909 3051 1967 victoria
3079 1926 3174 1967 res
3207 1914 3480 1970 Romana
3507 1912 3679 1970 haud

2012 1996 2335 2052 minimum
2371 1996 2682 2054 sublevata
2712 2003 2818 2054 est.

294 2087 549 2142 ’Δλϐανοῦ
601 2085 936 2163 δυσχωρίαις
992 2091 1329 2161 γεγενημένῳ.
1368 2095 1577 2142 Νιχῶσι
1622 2094 1749 2158 γοῦν
1833 2088 1968 2140 κατὰ
2037 2086 2225 2160 κράτος
2305 2087 2355 2121 ⁷⁸
2421 2088 2472 2139 οἱ
2539 2094 2631 2139 τοῦ
2705 2094 2976 2161 Κομνηνοῦ
3069 2085 3347 2164 Θεοδώρου
3431 2091 3491 2143 τὸ
3570 2097 3674 2144 τῶν

294 2183 532 2233 Λατίνων
588 2178 909 2252 στράτιυμα,
951 2180 1019 2239 ὡς
1073 2178 1268 2238 πάντας
1319 2173 1491 2253 ἄρδην
1538 2173 1816 2248 δεσμώτας
1862 2184 2086 2236 ποιῆσαι
2138 2179 2231 2227 σὺν
2272 2181 2407 2228 πᾶσι
2464 2177 2695 2244 σκεύεσι,
2765 2182 2856 2230 καὶ
2943 2177 3097 2231 αὐτὸν
3175 2174 3235 2231 δὲ
3292 2181 3380 2231 τὸν
3447 2178 3677 2253 βασιλέα

293 2273 486 2341 Πέτρον
515 2269 661 2343 ἔργον
690 2272 962 2341 μαχαίρας
989 2268 1233 2339 γενέσθαι
1263 2267 1398 2339 (Η).
1429 2272 1591 2320 Τοῦτο
1620 2262 1687 2325 δὴ
1720 2270 1835 2320 τότε
1851 2270 1988 2339 μέγα
2015 2272 2127 2328 τοῖς
2152 2264 2426 2340 Ῥωμαίοις
2457 2265 2681 2339 ἐγεγόνει
2716 2265 2989 2341 βοήθημα.

361 2412 411 2488 7³
440 2416 532 2465 καὶ
554 2410 1048 2488 προχειρωσοίμινον
1072 2412 1156 2488 τὸΔ
1189 2408 1531 2488 ᾼυρῥοὶχιονκ
1550 2407 1625 2488 ix;
1650 2414 1743 2488 τοῦ
1786 2412 2022 2488 Aonium»
2049 2412 2255 2488 pipou;
2316 2404 2635 2488 Παλδουῖνου
2665 2413 2774 2488 Δκαὶ
2828 2416 2923 2488 τοῦ
2950 2411 3091 2488 ’μετ’
3145 2410 3303 2488 αιξτὸν
3555 2428 3676 2488 γαν·

368 2432 411 2446 η’
440 2432 532 2465 και
554 2432 1048 2486 προχειρωσαμινον
1072 2432 1132 2462 το
1189 2432 1508 2484 Δυρραχιον,
1550 2432 1607 2461 εκ
1650 2432 1743 2461 του
1786 2432 2022 2463 Λατινων
2065 2432 2255 2483 μερυυς
2316 2432 2632 2462 βαλσουινου
2684 2432 2774 2463 και
2828 2432 2923 2463 του
2979 2432 3074 2483 μετ
3145 2432 3303 2465 “UT-0v
3594 2432 3652 2466 θ’

293 2487 449 2558 ναίως
498 2488 959 2558 κατατιινροειι-ώσατο2
989 2479 1249 2558 ,Γαμϐρὸε
1386 2477 1480 2558 in:
1508 2481 1534 2533 ὀ
1593 2484 1786 2558 Πέτρος
1837 2476 2154 2558 Βαλδουῑνου
2203 2478 2266 2558 ἐπ
2292 2476 2519 2558 -ἁδελφῇ
2550 2480 2787 2558 Ἰολέντᾳ,
2842 2480 2896 2545 ἐξ
2947 2478 3028 2558 ἧς-
3076 2480 3261 2545 παῖδες
3305 2483 3447 2557 αὐτῷ
3495 2432 3652 2540 tam

289 2573 402 2622 πος,
423 2548 734 2632 Ῥομπέρτος
751 2558 842 2607 καὶ
871 2548 1182 2614 Βαλδουῗνος
1212 2555 1277 2610 D.
1302 2554 1352 2587 7‘
1375 2554 1401 2605 ὁ
1436 2548 1495 2605 δὲ
1520 2559 1612 2613 τῆς
1632 2548 1873 2624 Ἠπείρου
1907 2548 2181 2627 Θεοδωρος
2206 2554 2264 2604 τὸ
2292 2554 2358 2607 D.
2403 2548 2617 2605 πέρατὰ
2637 2548 2828 2627 κρατος
2853 2568 2975 2610 om.
2998 2556 3063 2610 D.

1180 2639 1527 2709 Theodori
1577 2640 1829 2708 Dousae
1877 2650 1943 2707 et
1988 2640 2238 2709 Leonis
2286 2639 2523 2707 Allatii
2571 2648 2778 2711 notae.

364 2761 637 2833 (9)-Ἔνθα
671 2763 764 2812 καὶ
815 2763 1029 2833 Πέτρον.
1088 2761 1260 2833 anno
1326 2757 1463 2813 1219
1518 2755 1903 2833 Honoriolll

291 2828 508 2903 pontii.
532 2834 702 2903 Rom.
717 2828 941 2903 Petrus
963 2829 1060 2884 hic
1083 2830 1527 2903 Cortengeusex
1546 2828 1761 2884 comite
1781 2832 1902 2903 _An-

294 2897 689 2971 tisiodorensi
709 2900 902 2971 factus
928 2900 1256 2971 imperator
1286 2897 1901 2971 Cpolitanus,readem

293 2973 411 3029 hac
423 2972 651 3043 pagina
662 2970 950 3043 diciturin
962 2969 1167 3043 praelio
1179 2969 1495 3043 confossus
1507 2970 1892 3043 occubuisse.

295 3040 672 3113 AtAiitonius
686 3040 995 3113 Bontinius
1031 3041 1464 3113 (RersUngar:
1508 3040 1790 3097 Decad.II
1817 3040 1901 3113 lib

297 3113 396 3185 vii)
427 3111 610 3194 trad
626 3112 825 3185 ipsum
842 3112 903 3167 in
923 3111 1213 3194 Theodori
1225 3111 1636 3194 pyrrhachini
1664 3112 1900 3194 tyranni

296 3182 538 3240 carcere
553 3182 705 3239 diein
724 3200 892 3239 suum
907 3182 1147 3249 obiisse,
1162 3182 1277 3239 Iole
1292 3182 1520 3241 interim
1539 3184 1659 3240 sive
1674 3182 1901 3240 l‘olanta

291 3254 613 3328 imperium
628 3254 680 3337 ej
691 3254 1003 3337 usadmini
1012 3258 1235 3336 ettanta
1246 3254 1358 3312 Alii
1374 3255 1436 3311 in
1459 3254 1774 3340 Thessalia;
1787 3254 1902 3311 sal-

291 3325 430 3406 tbus
444 3329 827 3406 praeterluris‘]
838 3325 1052 3406 urandi
1070 3326 1421 3406 religionem
1433 3330 1491 3383 et
1512 3325 1697 3406 tidem
1715 3397 1731 3406 _
1747 3332 1896 3383 inte-

2013 2755 2106 2839 t_is,
2148 2756 2372 2839 carceri
2439 2756 2884 2839 mancipantur.
2914 2759 3216 2839 leguntur
3255 2759 3335 2816 ad
3385 2758 3672 2839 eumdem

2010 2827 2390 2902 Theodorum
2439 2827 2694 2902 Honorii
2724 2827 3015 2900 epistolae,
3057 2829 3278 2902 quibus
3330 2846 3470 2886 eum
3521 2831 3673 2888 tanti

2009 2897 2293 2972 facinoris
2336 2902 2600 2972 accusat,
2678 2897 3175 2972 hortaturque—qut
3210 2900 3477 2972 legatum
3510 2902 3672 2959 sedis

2010 2969 2661 3055 apostolicaetPetru-m
2675 2970 2890 3051 eximat
2918 2969 3239 3053 vinculiset
3258 2969 3671 3055 solutos‘abir‘e‘

2010 3045 2168 3097 sinat
2196 3058 2212 3110 ;
2236 3045 2294 3098 et
2312 3045 2374 3097 ni
2403 3045 2631 3114 pareat,
2682 3045 2882 3098 minas
2933 3045 3317 3113 gravissimas
3340 3045 3572 3101 incutit.
3604 3046 3674 3102 Et

2007 3111 2293 3196 liberasse
2294 3112 2993 3196 'pos‘tmodum‘legatum
3016 3112 3673 3196 pontificiumcomper-

2010 3188 2261 3257 tumest.
2294 3183 2372 3257 De
2401 3186 2569 3240 Petro
2589 3183 2768 3257 quid
2795 3189 2995 3257 actum
3016 3183 3117 3257 sit,
3152 3186 3329 3242 silent
3383 3183 3669 3243 historici.

2010 3254 2269 3327 Dubium
2290 3255 2492 3327 itaque
2521 3254 2629 3311 est'
2642 3270 2721 3311 an
2748 3254 2816 3327 in
2834 3255 3088 3312 vinculis
3119 3272 3151 3312 e
3177 3257 3328 3313 vivis
3348 3256 3673 3315 excesserit

2008 3342 2088 3383 an
2126 3326 2712 3400 libertati’restitutus
2738 3326 2935 3400 fuerit.
2981 3329 3146 3384 Certe
3167 3328 3420 3400 imperio
3469 3328 3664 3386 reddi-

290 3395 532 3469 reptum
562 3395 851 3470 scribunt,
877 3399 936 3454 et
962 3400 1087 3453 toto
1128 3396 1374 3453 biennio
1403 3398 1465 3453 in
1495 3397 1895 3470 squalidaque
1926 3399 1969 3457 C
2007 3401 2103 3470 tus
2131 3413 2254 3454 non
2276 3401 2382 3454 est.
2404 3397 2732 3470 Richardus
2752 3398 2828 3455 de
2851 3400 3068 3470 Sancto
3089 3395 3386 3457 Germano
3408 3400 3471 3457 in
3489 3400 3673 3458 Chro-

292 3467 531 3524 carcere
566 3467 883 3538 fatigatum
923 3483 993 3524 ac
1029 3483 1185 3539 pene
1215 3475 1492 3526 enectum
1532 3467 1778 3525 tandem
1796 3467 1895 3526 ‘ob

293 3543 638 3596 truncatum
668 3553 798 3594 esse
818 3553 981 3595 anno
1011 3540 1168 3596 1221.
1217 3540 1435 3597 Dousa.

359 3610 513 3685 (101)
604 3609 1040 3685 Ἀνηγορβυμένον
1108 3613 1381 3685 πρὸς-τοῦ
1440 3612 1661 3685 παπ-πα.-
1704 3609 1897 3685 Latini

359 3629 513 3681 (IUI)
609 3629 796 3681 'Avn'yo
833 3629 1040 3682 ευμενον
1108 3629 1238 3685 προς
1288 3630 1381 3664 του
1440 3629 1649 3665 παπ-πα.
1708 3629 1897 3666 Laum

293 3682 614 3754 scriptores
626 3697 752 3754 rem
769 3629 935 3754 aiiter
948 3687 1221 3754 narrant,
1246 3682 1444 3754 ferunt
1465 3680 1766 3754 siquidem
1797 3679 1897 3737 de—

291 3751 499 3825 functo
537 3752 786 3825 Henrico
808 3751 1129 3825 imperium
1170 3753 1249 3810 ab
1269 3752 1340 3809 iis
1377 3752 1484 3825 qui
1516 3751 1688 3825 Cpoli
1727 3755 1899 3809 erant

292 3822 561 3895 delatum
603 3822 784 3895 fuisse
808 3822 1053 3895 Andreae
1104 3824 1377 3895 Ungariee
1396 3822 1527 3895 regi
1558 3822 1653 3879 vel
1688 3838 1897 3895 socero

294 3893 457 3966 illius
484 3893 687 3952 comiti
716 3897 885 3966 Petro
921 3894 1412 3966 Antisiodorensi,
1435 3893 1513 3966 de
1541 3909 1665 3966 quo
1696 3894 1895 3966 statim

296 3965 566 4037 Andreas
590 3963 931 4037 pontiﬁcem
942 3965 1267 4037 Honorium
1292 3963 1684 4037 lllc'ertioi‘em
1702 3964 1895 4022 reddi-

295 4034 627 4109 dit:_Petrus
655 4041 857 4093 tamen
889 4036 1223 4109 potioribus
1254 4036 1554 4109 suﬂ‘ragiis
1586 4041 1831 4109 vocatus
1864 4053 1895 4093 e

290 4106 494 4164 Galliis
524 4110 772 4164 Romam
791 4105 927 4163 cum
953 4122 1138 4163 uxore
1159 4112 1214 4163 et
1234 4105 1368 4163 ﬁliis
1395 4114 1454 4163 et
1472 4107 1589 4163 alio
1609 4107 1897 4164 comitatu

290 4179 557 4244 advolat,
575 4185 634 4235 et
650 4179 730 4235 ab
745 4179 1003 4235 Honorio
1016 4177 1356 4235 diademate
1369 4178 1694 4249 cingiturin
1710 4178 1895 4235 eccle-

290 4250 380 4323 sia
393 4252 450 4307 S.
470 4250 764 4323 Laurentii
776 4255 943 4323 extra
954 4266 1181 4323 muros,
1202 4251 1425 4323 nequid
1433 4251 1455 4321 j
1467 4249 1594 4323 uris
1602 4250 1895 4307 Orientale

286 4322 612 4393 imperium
634 4321 695 4393 in
713 4320 1088 4393 Occidentale
1102 4336 1234 4393 com
1244 4320 1490 4393 pérasSe
1504 4320 1815 4393 videretur,
1841 4326 1898 4378 et

284 4409 365 4448 ne
378 4391 672 4465 Cpolitani
687 4391 1440 4465 patriarchsajuribusinun
1450 4392 1624 4465 gendi
1646 4391 1896 4449 Orientis

283 4463 668 4536 imperatoris
694 4463 1036 4536 detractum
1080 4463 1696 4536 videretur.Honorius
1736 4464 1893 4536 cpis-

287 4534 411 4591 tola
424 4535 500 4590 ad
520 4535 926 4606 partiarcham
961 4534 1337 4606 Cpolitanum
1360 4553 1373 4590 :
1393 4536 1515 4591 Nos
1531 4542 1728 4591 autem
1764 4534 1896 4592 licet

286 4605 989 4677 pluﬁes’denegassemus
1010 4605 1246 4678 eisdem,
1273 4622 1348 4662 ne
1389 4607 1520 4678 quis
1539 4612 1731 4676 posset
1756 4622 1894 4678 que-

286 4679 436 4733 mvis
455 4678 528 4735 de
572 4678 877 4746 superﬂuo
920 4677 1251 4745 suspicari.
1319 4679 1481 4748 quod
1515 4678 1579 4732 in
1609 4677 1890 4734 Ecclesiae

290 4749 624 4817 Cpolitanae
659 4748 1079 4818 przejudicium
1100 4748 1616 4819 faceremus,quia
1649 4749 1891 4804 timeba-

288 4826 396 4876 tur
413 4836 448 4877 a
486 4819 693 4880 multis
717 4835 811 4888 ne,
825 4819 879 4874 si
893 4819 978 4876 sic
993 4819 1159 4875 nobis
1179 4819 1465 4888 confusus
1482 4818 1497 4819 ί
1523 4818 1887 4876 abscederet.

284 4907 409 4948 non
428 4893 621 4949 solum
644 4890 757 4947 sibi
776 4891 880 4948 sed
899 4891 1174 4946 universo
1188 4890 1438 4958 imperio
1452 4905 1636 4960 grave
1657 4891 1891 4957 dispen-

284 4962 456 5018 dium
492 4963 848 5031 immineret,
878 4961 1405 5018 ccndescendentes
1449 4963 1688 5017 tandem
1726 4960 1885 5031 ipsos

282 5034 412 5115 sine
434 5041 535 5115 tuo
562 5036 656 5115 uel
675 5030 925 5115 alterius
939 5048 1076 5115 pra
1080 5032 1312 5115 judicio
1339 5033 1432 5088 vel
1452 5030 1797 5115 contempsit
1826 5032 1891 5088 in

282 5105 530 5163 ecclesia
555 5106 624 5159 Β.
644 5104 949 5160 Laurentii
968 5103 1116 5168 foris
1135 5118 1336 5160 muros
1385 5103 1553 5158 urbis
1605 5103 1891 5160 duximus

279 5176 630 5233 solemniter
667 5176 1061 5232 coronandus.
1106 5177 1170 5231 Et
1198 5181 1258 5230 ut
1312 5174 1507 5233 major
1561 5176 1888 5231 auctoritas

281 5249 526 5311 negotio
552 5245 886 5313 acceddrct,
935 5246 1217 5301 comitem
1263 5244 1345 5300 illi
1399 5244 1564 5301 dedit
1592 5245 1887 5302 Joannem

283 5317 623 5374 Columnan
654 5317 737 5374 tit.
775 5319 831 5373 S.
866 5317 1169 5373 Praxedis.
1212 5334 1336 5372 ALL.

359 5386 679 5463 (11)”Ερ·γον
704 5393 953 5463 μαχαίρᾳ
980 5389 1240 5463 γενέσθαι.
1291 5390 1409 5463 Hoc
1450 5402 1695 5460 quoque
1723 5386 1890 5463 aliter

280 5458 532 5517 narrant
556 5458 893 5532 scriptores
911 5458 1224 5532 Lat_ini,qui
1252 5458 1521 5532 scribunt
1545 5458 1666 5514 non
1691 5459 1887 5523 armis,

285 5532 393 5587 sed
410 5529 747 5604 proditione
763 5530 1085 5604 etperlidia
1102 5529 1459 5604 a_Theodor_o
1477 5532 1776 5604 Comneno
1789 5546 1887 5604 ca-

284 5600 636 5676 ptum;nam
659 5619 799 5658 cum
814 5600 875 5676 in
901 5602 999 5676 via
1020 5601 1374 5676 faeduscum
1396 5600 1715 5676 Theodoro
1732 5601 1889 5676 iniis-

284 5671 393 5741 ἑοῖ,
425 5675 709 5731 invitatur
730 5690 766 5728 a
784 5672 1116 5745 Theodoro,
1141 5672 1293 5745 etin
1312 5672 1589 5745 convivio
1610 5677 1738 5728 tum
1758 5671 1889 5745 ipse

283 5752 405 5805 tum
420 5746 653 5817 legatus
663 5743 1255 5817 capiuntur,reliquis
1271 5743 1491 5814 fugatis
1513 5748 1617 5801 aut
1632 5743 1886 5817 prostra-

2006 3467 2165 3533 nico,
2240 3484 2403 3524 nunc
2466 3469 2732 3533 primum
2792 3484 2829 3526 a
2883 3469 3235 3527 doctissimo
3286 3470 3665 3529 Ferdinando

2007 3538 2253 3609 Ughello
2280 3540 2340 3596 in
2367 3538 2558 3596 Italia"
2577 3555 2766 3597 sacrae
2801 3545 2949 3596 tom.
2985 3543 3052 3595 III
3074 3541 3257 3610 edito,
3278 3558 3440 3598 anno
3480 3542 3620 3599 1217
3653 3559 3671 3600 z

2003 3611 2714 3668 PetrusAltissodorensis
2735 3625 2920 3668 comes
2944 3613 3008 3668 in
3032 3611 3230 3682 Cpolis
3251 3612 3671 3681 imperatorem

2005 3683 2226 3738 electus
2273 3689 2376 3739 est.
2410 3683 2657 3738 Romam
2685 3684 2923 3738 veniens
2951 3697 3084 3737 cum
3125 3690 3400 3740 consorte
3457 3699 3566 3740 sua
3588 3683 3665 3741 ab

2004 3753 2270 3808 Honorio
2299 3766 2463 3822 papa
2493 3753 2662 3822 apud
2707 3754 2761 3808 S.
2813 3753 3207 3809 Laurentium
3261 3760 3438 3811 extra
3460 3770 3665 3812 muros

2006 3823 2171 3880 urbis
2193 3825 2255 3878 in
2285 3824 2707 3892 imperatorem
2734 3828 2790 3880 et
2807 3825 3248 3891 imperatricem
3270 3833 3670 3885 coronantur.

2008 3894 2123 3962 Qui
2131 3910 2277 3966 regn
2286 3909 2380 3950 um
2399 3896 2697 3951 intrantes
2721 3900 2775 3950 et
2786 3909 2847 3950 se
2864 3895 3281 3952 Brundusium
3296 3897 3670 3966 conferentes

2005 3981 2139 4023 cum
2172 3965 2413 4022 honesto
2443 3965 2699 4022 militari
2721 3969 3011 4033 exercitu,
3048 3966 3134 4022 ibi
3151 3965 3454 4024 dominum
3486 3970 3672 4025 Joan-

2004 4051 2138 4093 nem
2158 4036 2231 4093 de
2257 4037 2553 4093 Columna
2574 4036 2744 4093 card.
2768 4037 2831 4092 in
2846 4036 3014 4106 Cpol.
3054 4038 3318 4109 legatum
3344 4045 3666 4097 venturum

2005 4114 2375 4177 exspectant,
2436 4123 2571 4181 cum
2637 4122 2753 4179 quo
2821 4108 3123 4178 infausto
3163 4113 3359 4166 omine
3420 4110 3665 4181 navigio

2007 4180 2472 4249 transfretantes
2489 4180 2572 4236 ad
2581 4186 2824 4248 portum
2859 4181 3236 4250 Dyrrhachii
3245 4180 3665 4251 pervenerunt.

2007 4252 2123 4318 Qui
2145 4266 2333 4320 pravo
2361 4250 2534 4323 ducti
2558 4251 2827 4308 consilio‘
2853 4250 3350 4321 imperatrice'eos
3380 4267 3672 4323 permare

2001 4328 2313 4393 praeeunte
2323 4322 2405 4378 ad
2415 4324 2712 4396 civitatem
2730 4323 3091 4396 Byzantium
3101 4322 3407 4396 ,obsidere,
3415 4331 3469 4382 et
3483 4340 3672 4395 expu-

2004 4392 2194 4467 gnare
2210 4392 2634 4467 prwvzderunt
2682 4392 3233 4467 Dyrrhachiumet
3278 4392 3411 4452 cum
3449 4392 3671 4467 parum

2004 4464 2361 4538 proﬁcerent
2396 4506 2526 4538 ..:..,
2570 4465 2647 4522 ab
2697 4464 3002 4521 obszdione
3039 4466 3303 4523 civitatis
3360 4464 3549 4538 ipsius
3586 4469 3673 4525 di-

2004 4537 2194 4606 gressi
2220 4540 2378 4591 sunt.
2424 4534 2538 4603 Qui
2585 4543 2855 4593 errantes
2919 4550 3028 4606 per
3065 4537 3241 4595 devia
3280 4549 3335 4595 et
3366 4534 3671 4597 condensa

2004 4608 2291 4680 silvarum
2306 4623 2342 4680 ᾳ
2357 4607 2574 4663 ϐνκσίδ
2590 4608 2899 4674 intercepti
2909 4609 3149 4680 sunt,de
3159 4610 3371 4680 quibus
3383 4612 3675 4668 nonnulli

2004 4680 2066 4733 in
2080 4693 2226 4761 oreg
2236 4678 3122 4761 ladig‘perierunt,nonullipero
3138 4678 3306 4761 capti
3316 4688 3455 4737 sunt
3471 4689 3524 4739 et
3539 4697 3671 4739 car-

1930 4752 1975 4804 D
2004 4749 2484 4820 ceralisqualore
2512 4765 2637 4806 una
2651 4765 2782 4806 cum
2801 4751 2929 4819 ipso
2960 4749 3323 4820 imperatore
3347 4767 3590 4809 consum

2004 4820 2068 4876 ti.
2106 4821 2239 4886 Ipse
2266 4821 2446 4876 etiam
2468 4821 2801 4877 cardinalis
2831 4827 3045 4889 captus
3064 4828 3147 4877 est
3170 4829 3226 4878 et
3256 4820 3669 4881 detentus.Hic

2003 4890 2211 4946 miscet
2223 4906 2363 4946 omn
2373 4892 2427 4945 ia
2440 4897 2497 4947 et
2507 4893 2704 4948 turbat
2718 4891 2909 4946 Blond
2919 4892 3075 4949 usDe
3087 4895 3267 4962 gestis
3284 4895 3668 4952 Venetorum:

1999 4963 2263 5019 Joannes
2292 4977 2456 5017 nunc
2485 4964 2815 5033 imperator
2854 4963 3082 5020 Venetis
3103 4965 3482 5030 promiserat,
3509 4968 3562 5022 si
3589 4966 3667 5024 ab

1999 5035 2080 5090 eis
2092 5033 2413 5105 quianoli
2423 5034 2768 5105 detulerunt
2785 5049 2916 5089 cum
2933 5033 3140 5092 habito
3157 5051 3194 5091 a
3206 5036 3486 5105 pontiﬁce
3501 5052 3666 5094 carer-

1999 5105 2121 5161 citu
2151 5104 2382 5173 Cpolim
2397 5104 2844 5178 deportaretur,
2867 5105 3311 5178 Dyrrhachium
3326 5108 3407 5163 eis
3423 5123 3666 5178 recupe-

1999 5191 2155 5246 rare,
2187 5190 2368 5247 quam
2393 5178 2598 5233 urbem
2638 5175 2975 5233 Theodorus
2998 5177 3275 5246 Epirotes
3296 5179 3468 5247 furto
3487 5175 3668 5237 dolis-

1997 5249 2537 5329 quesurripuerat:
2548 5248 2968 5329 erellaturus
2982 5253 3181 5329 autem
3211 5250 3667 5329 Dyrrhachium

1997 5318 2327 5387 imperator
2342 5318 2483 5375 hinc
2500 5319 2685 5376 [clem
2704 5333 2975 5387 amarem,
2999 5320 3142 5377 inde
3158 5318 3534 5379 cardinalem
3557 5324 3669 5381 Co-

2000 5389 2267 5461 lumnam
2284 5389 2511 5456 Cpolim
2549 5392 2737 5461 jussit
2795 5391 3099 5460 accedere,
3148 5393 3547 5461 inchoataque
3577 5400 3664 5453 est

1996 5460 2242 5527 obsidio,
2274 5466 2334 5535 et,
2357 5460 2825 5535 oppugnationes
2836 5476 2948 5531 per
2961 5462 3087 5518 dies
3102 5463 3234 5533 fere
3248 5460 3519 5535 singulos
3576 5467 3666 5524 in-

1998 5538 2262 5589 tentatce.
2290 5531 2407 5587 Sed
2434 5533 2638 5606 urbem
2669 5535 2854 5606 veteri
2870 5548 3064 5606 muro,
3090 5531 3259 5606 quem
3303 5531 3555 5594 Venetus
3580 5540 3665 5594 in-

1995 5609 2350 5669 slaurasset,
2368 5604 2665 5660 munitam
2686 5604 3026 5661 Theodorus
3044 5604 3233 5664 milite
3249 5608 3567 5665 abundans
3589 5624 3665 5667 ea:

1995 5672 2184 5744 Epiro
2210 5674 2380 5744 ﬁdeli
2403 5675 2593 5745 facile
2618 5674 2991 5747 defensabat,
3023 5678 3173 5735 adeo
3224 5684 3290 5735 ut
3341 5681 3666 5752 imperator
