  <div class='ocr_page' id='page_1' title='image "/cluster/home/n/w/nwhite01/storage/ocr_20150623/140/coo.31924054870450/522.png"; bbox 0 0 4152 6384; ppageno 0'>
   <div class='ocr_carea' id='block_1_1' title="bbox 243 391 384 446">
    <p class='ocr_par' dir='ltr' id='par_1_1' title="bbox 243 391 384 446">
     <span class='ocr_line' id='line_1_1' title="bbox 243 391 384 446; baseline -0.007 0"><span class='ocrx_word' id='word_1_1' title='bbox 243 391 384 446; x_wconf 75' lang='grc'><strong>1025</strong></span> 
     </span>
    </p>
   </div>
   <div class='ocr_carea' id='block_1_2' title="bbox 1751 380 2091 440">
    <p class='ocr_par' dir='ltr' id='par_1_2' title="bbox 1751 380 2091 440">
     <span class='ocr_line' id='line_1_2' title="bbox 1751 380 2091 440; baseline 0 -2"><span class='ocrx_word' id='word_1_2' title='bbox 1751 380 2091 440; x_wconf 79' lang='lat' dir='ltr'><strong>ANNALES.</strong></span> 
     </span>
    </p>
   </div>
   <div class='ocr_carea' id='block_1_3' title="bbox 3475 392 3615 447">
    <p class='ocr_par' dir='ltr' id='par_1_3' title="bbox 3475 392 3615 447">
     <span class='ocr_line' id='line_1_3' title="bbox 3475 392 3615 447; baseline 0.014 -2"><span class='ocrx_word' id='word_1_3' title='bbox 3475 392 3615 447; x_wconf 81' lang='grc'>1026</span> 
     </span>
    </p>
   </div>
   <div class='ocr_carea' id='block_1_4' title="bbox 239 507 1880 590">
    <p class='ocr_par' dir='ltr' id='par_1_4' title="bbox 239 507 1880 590">
     <span class='ocr_line' id='line_1_4' title="bbox 239 507 1880 590; baseline -0.004 -22"><span class='ocrx_word' id='word_1_4' title='bbox 239 513 421 590; x_wconf 80' lang='grc' dir='ltr'><strong>Ἐῥρῆς</strong></span> <span class='ocrx_word' id='word_1_5' title='bbox 472 510 638 566; x_wconf 84' lang='grc' dir='ltr'>πολλὰ</span> <span class='ocrx_word' id='word_1_6' title='bbox 721 515 1011 584; x_wconf 85' lang='grc' dir='ltr'>πράγματα</span> <span class='ocrx_word' id='word_1_7' title='bbox 1100 511 1340 582; x_wconf 79' lang='grc' dir='ltr'><strong>παρέσχε</strong></span> <span class='ocrx_word' id='word_1_8' title='bbox 1417 507 1686 580; x_wconf 86' lang='grc' dir='ltr'>Ῥωμαίοις</span> <span class='ocrx_word' id='word_1_9' title='bbox 1758 513 1880 562; x_wconf 85' lang='grc' dir='ltr'>καὶ.</span> 
     </span>
    </p>
   </div>
   <div class='ocr_carea' id='block_1_5' title="bbox 1968 507 3620 590">
    <p class='ocr_par' dir='ltr' id='par_1_5' title="bbox 1968 507 3620 580">
     <span class='ocr_line' id='line_1_5' title="bbox 1968 507 3620 580; baseline 0.006 -18"><span class='ocrx_word' id='word_1_10' title='bbox 1968 507 2219 578; x_wconf 85' lang='lat' dir='ltr'><strong>militem,</strong></span> <span class='ocrx_word' id='word_1_11' title='bbox 2246 522 2367 580; x_wconf 92' lang='lat' dir='ltr'><strong>quo</strong></span> <span class='ocrx_word' id='word_1_12' title='bbox 2397 507 2580 564; x_wconf 88' lang='lat' dir='ltr'><strong>fultus</strong></span> <span class='ocrx_word' id='word_1_13' title='bbox 2607 523 2746 564; x_wconf 90' lang='lat' dir='ltr'><strong>cum</strong></span> <span class='ocrx_word' id='word_1_14' title='bbox 2778 524 2899 564; x_wconf 85' lang='lat' dir='ltr'><strong>suae</strong></span> <span class='ocrx_word' id='word_1_15' title='bbox 2951 509 3210 567; x_wconf 83' lang='lat' dir='ltr'><strong>nationis</strong></span> <span class='ocrx_word' id='word_1_16' title='bbox 3267 511 3620 572; x_wconf 89' lang='lat' dir='ltr'><strong>hominibus</strong></span> 
     </span>
    </p>
   </div>
   <div class='ocr_carea' id='block_1_6' title="bbox 239 593 1849 674">
    <p class='ocr_par' dir='ltr' id='par_1_6' title="bbox 239 593 1849 674">
     <span class='ocr_line' id='line_1_6' title="bbox 239 593 1849 674; baseline -0.004 -18"><span class='ocrx_word' id='word_1_17' title='bbox 239 604 380 674; x_wconf 75' lang='grc' dir='ltr'>αὐτῷ</span> <span class='ocrx_word' id='word_1_18' title='bbox 417 610 492 673; x_wconf 85' lang='grc' dir='ltr'>τῷ</span> <span class='ocrx_word' id='word_1_19' title='bbox 525 599 740 674; x_wconf 84' lang='grc' dir='ltr'>βασιλεί</span> <span class='ocrx_word' id='word_1_20' title='bbox 775 595 1053 673; x_wconf 81' lang='grc' dir='ltr'>Θεοδώρῳ.</span> <span class='ocrx_word' id='word_1_21' title='bbox 1108 593 1370 671; x_wconf 86' lang='grc' dir='ltr'>Ἀνδρεῖος</span> <span class='ocrx_word' id='word_1_22' title='bbox 1425 599 1526 670; x_wconf 80' lang='grc' dir='ltr'>γὰρ</span> <span class='ocrx_word' id='word_1_23' title='bbox 1583 596 1670 666; x_wconf 83' lang='grc' dir='ltr'>ὧν,</span> <span class='ocrx_word' id='word_1_24' title='bbox 1729 601 1849 668; x_wconf 79' lang='grc' dir='ltr'>περὶ</span> 
     </span>
    </p>
   </div>
   <div class='ocr_carea' id='block_1_7' title="bbox 240 686 1850 766">
    <p class='ocr_par' dir='ltr' id='par_1_7' title="bbox 240 686 1850 766">
     <span class='ocr_line' id='line_1_7' title="bbox 240 686 1850 766; baseline -0.004 -22"><span class='ocrx_word' id='word_1_25' title='bbox 240 695 424 766; x_wconf 89' lang='grc' dir='ltr'>μάχας</span> <span class='ocrx_word' id='word_1_26' title='bbox 494 689 800 765; x_wconf 76' lang='grc' dir='ltr'>ὀξύρροπος,</span> <span class='ocrx_word' id='word_1_27' title='bbox 853 693 942 740; x_wconf 83' lang='lat' dir='ltr'><strong>xui</strong></span> <span class='ocrx_word' id='word_1_28' title='bbox 994 690 1404 760; x_wconf 84' lang='grc' dir='ltr'>τεταπεινωμένα</span> <span class='ocrx_word' id='word_1_29' title='bbox 1466 688 1532 738; x_wconf 81' lang='grc' dir='ltr'>τὰ</span> <span class='ocrx_word' id='word_1_30' title='bbox 1576 695 1676 738; x_wconf 86' lang='grc' dir='ltr'>τῶν</span> <span class='ocrx_word' id='word_1_31' title='bbox 1725 686 1850 739; x_wconf 83' lang='grc' dir='ltr'><strong>Ῥω-</strong></span> 
     </span>
    </p>
   </div>
   <div class='ocr_carea' id='block_1_8' title="bbox 241 775 1852 858">
    <p class='ocr_par' dir='ltr' id='par_1_8' title="bbox 241 775 1852 858">
     <span class='ocr_line' id='line_1_8' title="bbox 241 775 1852 858; baseline -0.004 -24"><span class='ocrx_word' id='word_1_32' title='bbox 241 787 411 858; x_wconf 85' lang='grc' dir='ltr'>μαίων</span> <span class='ocrx_word' id='word_1_33' title='bbox 439 782 590 858; x_wconf 77' lang='grc' dir='ltr'>ὁρῶν,</span> <span class='ocrx_word' id='word_1_34' title='bbox 623 784 714 832; x_wconf 87' lang='grc' dir='ltr'>καὶ</span> <span class='ocrx_word' id='word_1_35' title='bbox 737 778 970 852; x_wconf 89' lang='grc' dir='ltr'>μάλιστα</span> <span class='ocrx_word' id='word_1_36' title='bbox 998 776 1051 840; x_wconf 77' lang='grc' dir='ltr'><strong>ἐξ</strong></span> <span class='ocrx_word' id='word_1_37' title='bbox 1079 778 1128 812; x_wconf 75' lang='grc' dir='ltr'><strong>⁸ο</strong></span> <span class='ocrx_word' id='word_1_38' title='bbox 1172 779 1292 829; x_wconf 85' lang='grc' dir='ltr'>ὅτου</span> <span class='ocrx_word' id='word_1_39' title='bbox 1342 779 1428 829; x_wconf 88' lang='grc' dir='ltr'>τὸν</span> <span class='ocrx_word' id='word_1_40' title='bbox 1489 775 1709 828; x_wconf 81' lang='grc' dir='ltr'>σουλτὰν</span> <span class='ocrx_word' id='word_1_41' title='bbox 1767 794 1852 828; x_wconf 88' lang='grc' dir='ltr'>πε-</span> 
     </span>
    </p>
   </div>
   <div class='ocr_carea' id='block_1_9' title="bbox 244 863 1852 946">
    <p class='ocr_par' dir='ltr' id='par_1_9' title="bbox 244 863 1852 946">
     <span class='ocr_line' id='line_1_9' title="bbox 244 863 1852 946; baseline -0.005 -22"><span class='ocrx_word' id='word_1_42' title='bbox 244 876 484 946; x_wconf 81' lang='grc' dir='ltr'>φόνευκεν</span> <span class='ocrx_word' id='word_1_43' title='bbox 538 871 564 922; x_wconf 90' lang='lat'><strong><em>6</em></strong></span> <span class='ocrx_word' id='word_1_44' title='bbox 630 867 882 942; x_wconf 81' lang='grc' dir='ltr'>βασιλεὺς</span> <span class='ocrx_word' id='word_1_45' title='bbox 959 863 1252 940; x_wconf 73' lang='grc' dir='ltr'>Θεόδωροςο</span> <span class='ocrx_word' id='word_1_46' title='bbox 1337 869 1450 919; x_wconf 87' lang='grc' dir='ltr'>τότε</span> <span class='ocrx_word' id='word_1_47' title='bbox 1517 867 1618 940; x_wconf 83' lang='grc' dir='ltr'>γὰρ</span> <span class='ocrx_word' id='word_1_48' title='bbox 1683 867 1743 917; x_wconf 87' lang='grc' dir='ltr'>τὸ</span> <span class='ocrx_word' id='word_1_49' title='bbox 1795 863 1852 916; x_wconf 76' lang='grc' dir='ltr'>ἐκ</span> 
     </span>
    </p>
   </div>
   <div class='ocr_carea' id='block_1_10' title="bbox 245 952 1852 1035">
    <p class='ocr_par' dir='ltr' id='par_1_10' title="bbox 245 952 1852 1035">
     <span class='ocr_line' id='line_1_10' title="bbox 245 952 1852 1035; baseline -0.006 -21"><span class='ocrx_word' id='word_1_50' title='bbox 245 963 498 1035; x_wconf 61' lang='grc' dir='ltr'>Φράγκων</span> <span class='ocrx_word' id='word_1_51' title='bbox 544 961 740 1031; x_wconf 88' lang='grc' dir='ltr'>προσὸν</span> <span class='ocrx_word' id='word_1_52' title='bbox 831 957 973 1028; x_wconf 74' lang='grc' dir='ltr'>αὐτῷ</span> <span class='ocrx_word' id='word_1_53' title='bbox 1045 955 1332 1008; x_wconf 76' lang='grc' dir='ltr'><strong>ἀπολώλεκε</strong></span> <span class='ocrx_word' id='word_1_54' title='bbox 1428 957 1749 1030; x_wconf 81' lang='grc' dir='ltr'>στράτευμα,</span> <span class='ocrx_word' id='word_1_55' title='bbox 1803 952 1852 1005; x_wconf 74' lang='grc' dir='ltr'><strong>ἓν</strong></span> 
     </span>
    </p>
   </div>
   <div class='ocr_carea' id='block_1_11' title="bbox 247 1040 1853 1122">
    <p class='ocr_par' dir='ltr' id='par_1_11' title="bbox 247 1040 1853 1122">
     <span class='ocr_line' id='line_1_11' title="bbox 247 1040 1853 1122; baseline -0.004 -20"><span class='ocrx_word' id='word_1_56' title='bbox 247 1050 287 1122; x_wconf 81' lang='grc' dir='ltr'><em>ᾧ</em></span> <span class='ocrx_word' id='word_1_57' title='bbox 317 1054 409 1102; x_wconf 84' lang='grc' dir='ltr'>καὶ</span> <span class='ocrx_word' id='word_1_58' title='bbox 451 1052 546 1109; x_wconf 80' lang='grc' dir='ltr'>τὰς</span> <span class='ocrx_word' id='word_1_59' title='bbox 600 1049 732 1122; x_wconf 85' lang='grc' dir='ltr'>πρὸς</span> <span class='ocrx_word' id='word_1_60' title='bbox 784 1050 906 1108; x_wconf 85' lang='grc' dir='ltr'>τοὺς</span> <span class='ocrx_word' id='word_1_61' title='bbox 944 1048 1207 1119; x_wconf 74' lang='grc' dir='ltr'><strong>ὁμογενεῖς</strong></span> <span class='ocrx_word' id='word_1_62' title='bbox 1257 1044 1582 1119; x_wconf 75' lang='grc' dir='ltr'>τεθαρρηκὼς</span> <span class='ocrx_word' id='word_1_63' title='bbox 1629 1040 1690 1102; x_wconf 75' lang='grc' dir='ltr'><strong>ἧν</strong></span> <span class='ocrx_word' id='word_1_64' title='bbox 1745 1044 1853 1117; x_wconf 85' lang='grc' dir='ltr'>μά-</span> 
     </span>
    </p>
   </div>
   <div class='ocr_carea' id='block_1_12' title="bbox 245 1131 1852 1211">
    <p class='ocr_par' dir='ltr' id='par_1_12' title="bbox 245 1131 1852 1211">
     <span class='ocr_line' id='line_1_12' title="bbox 245 1131 1852 1211; baseline -0.004 -21"><span class='ocrx_word' id='word_1_65' title='bbox 245 1158 370 1210; x_wconf 90' lang='grc' dir='ltr'>χας.</span> <span class='ocrx_word' id='word_1_66' title='bbox 402 1137 502 1198; x_wconf 74' lang='grc' dir='ltr'><strong>Οὓς</strong></span> <span class='ocrx_word' id='word_1_67' title='bbox 526 1140 616 1189; x_wconf 84' lang='grc' dir='ltr'>καὶ</span> <span class='ocrx_word' id='word_1_68' title='bbox 658 1137 684 1188; x_wconf 93' lang='lat'><strong><em>6</em></strong></span> <span class='ocrx_word' id='word_1_69' title='bbox 712 1134 964 1209; x_wconf 80' lang='grc' dir='ltr'>βασιλεὺς</span> <span class='ocrx_word' id='word_1_70' title='bbox 1018 1135 1205 1211; x_wconf 80' lang='grc' dir='ltr'>Ἐῥρῆς</span> <span class='ocrx_word' id='word_1_71' title='bbox 1251 1131 1464 1187; x_wconf 72' lang='grc' dir='ltr'>ἐδεδίει·</span> <span class='ocrx_word' id='word_1_72' title='bbox 1515 1132 1698 1186; x_wconf 85' lang='grc' dir='ltr'>πολλοὶ</span> <span class='ocrx_word' id='word_1_73' title='bbox 1749 1135 1852 1207; x_wconf 81' lang='grc' dir='ltr'><strong>γὰρ</strong></span> 
     </span>
    </p>
   </div>
   <div class='ocr_carea' id='block_1_13' title="bbox 246 1222 1854 1299">
    <p class='ocr_par' dir='ltr' id='par_1_13' title="bbox 246 1222 1854 1299">
     <span class='ocr_line' id='line_1_13' title="bbox 246 1222 1854 1299; baseline -0.003 -20"><span class='ocrx_word' id='word_1_74' title='bbox 246 1223 380 1285; x_wconf 82' lang='grc' dir='ltr'>ἦσαν</span> <span class='ocrx_word' id='word_1_75' title='bbox 420 1225 704 1299; x_wconf 83' lang='grc' dir='ltr'>ὀνομαστοὶ</span> <span class='ocrx_word' id='word_1_76' title='bbox 729 1223 834 1278; x_wconf 75' lang='grc' dir='ltr'><strong>ἀπὸ</strong></span> <span class='ocrx_word' id='word_1_77' title='bbox 873 1245 926 1278; x_wconf 89' lang='grc' dir='ltr'><strong>τε</strong></span> <span class='ocrx_word' id='word_1_78' title='bbox 950 1229 1127 1298; x_wconf 85' lang='grc' dir='ltr'>γένους</span> <span class='ocrx_word' id='word_1_79' title='bbox 1152 1222 1254 1277; x_wconf 77' lang='grc' dir='ltr'><strong>ἀπό</strong></span> <span class='ocrx_word' id='word_1_80' title='bbox 1277 1243 1330 1277; x_wconf 91' lang='grc' dir='ltr'><strong>τε</strong></span> <span class='ocrx_word' id='word_1_81' title='bbox 1385 1227 1488 1296; x_wconf 78' lang='grc' dir='ltr'>μὴν</span> <span class='ocrx_word' id='word_1_82' title='bbox 1541 1231 1636 1285; x_wconf 81' lang='grc' dir='ltr'>τῆς</span> <span class='ocrx_word' id='word_1_83' title='bbox 1690 1241 1854 1291; x_wconf 87' lang='grc' dir='ltr'>προσ-</span> 
     </span>
    </p>
   </div>
   <div class='ocr_carea' id='block_1_14' title="bbox 243 1312 1852 1388">
    <p class='ocr_par' dir='ltr' id='par_1_14' title="bbox 243 1312 1852 1388">
     <span class='ocr_line' id='line_1_14' title="bbox 243 1312 1852 1388; baseline -0.002 -20"><span class='ocrx_word' id='word_1_84' title='bbox 243 1318 406 1376; x_wconf 85' lang='grc' dir='ltr'>ούσης</span> <span class='ocrx_word' id='word_1_85' title='bbox 435 1313 650 1377; x_wconf 76' lang='grc' dir='ltr'>ἐκείνοις</span> <span class='ocrx_word' id='word_1_86' title='bbox 711 1312 958 1388; x_wconf 80' lang='grc' dir='ltr'>ἀνδρίας.</span> <span class='ocrx_word' id='word_1_87' title='bbox 1018 1317 1112 1367; x_wconf 86' lang='grc' dir='ltr'>Διὰ</span> <span class='ocrx_word' id='word_1_88' title='bbox 1161 1321 1350 1382; x_wconf 82' lang='grc' dir='ltr'>ταῦτα,</span> <span class='ocrx_word' id='word_1_89' title='bbox 1413 1314 1480 1374; x_wconf 85' lang='grc' dir='ltr'>ὥς</span> <span class='ocrx_word' id='word_1_90' title='bbox 1525 1331 1654 1384; x_wconf 89' lang='grc' dir='ltr'>φασι</span> <span class='ocrx_word' id='word_1_91' title='bbox 1699 1331 1852 1380; x_wconf 85' lang='grc' dir='ltr'>τινες,</span> 
     </span>
    </p>
   </div>
   <div class='ocr_carea' id='block_1_15' title="bbox 241 1401 1856 1478">
    <p class='ocr_par' dir='ltr' id='par_1_15' title="bbox 241 1401 1856 1478">
     <span class='ocr_line' id='line_1_15' title="bbox 241 1401 1856 1478; baseline -0.003 -20"><span class='ocrx_word' id='word_1_92' title='bbox 241 1410 332 1458; x_wconf 84' lang='grc' dir='ltr'>καὶ</span> <span class='ocrx_word' id='word_1_93' title='bbox 359 1409 454 1464; x_wconf 77' lang='grc' dir='ltr'>τὴν</span> <span class='ocrx_word' id='word_1_94' title='bbox 475 1412 568 1458; x_wconf 85' lang='grc' dir='ltr'>τοῦ</span> <span class='ocrx_word' id='word_1_95' title='bbox 597 1403 858 1478; x_wconf 81' lang='grc' dir='ltr'>βασιλέως</span> <span class='ocrx_word' id='word_1_96' title='bbox 887 1409 1035 1463; x_wconf 89' lang='grc' dir='ltr'>νίκην</span> <span class='ocrx_word' id='word_1_97' title='bbox 1067 1403 1306 1465; x_wconf 80' lang='grc' dir='ltr'>ἀκηκοὼς</span> <span class='ocrx_word' id='word_1_98' title='bbox 1335 1404 1361 1454; x_wconf 97' lang='lat'><strong><em>6</em></strong></span> <span class='ocrx_word' id='word_1_99' title='bbox 1401 1401 1607 1477; x_wconf 78' lang='grc' dir='ltr'>Ἐρρῆς,</span> <span class='ocrx_word' id='word_1_100' title='bbox 1668 1405 1856 1454; x_wconf 72' lang='lat' dir='ltr'><strong>(Navi-</strong></span> 
     </span>
    </p>
   </div>
   <div class='ocr_carea' id='block_1_16' title="bbox 242 1489 1858 1568">
    <p class='ocr_par' dir='ltr' id='par_1_16' title="bbox 242 1489 1858 1568">
     <span class='ocr_line' id='line_1_16' title="bbox 242 1489 1858 1568; baseline -0.004 -21"><span class='ocrx_word' id='word_1_101' title='bbox 242 1513 424 1564; x_wconf 83' lang='grc' dir='ltr'>κηται,</span> <span class='ocrx_word' id='word_1_102' title='bbox 454 1512 486 1546; x_wconf 83' lang='grc'><strong>›</strong></span> <span class='ocrx_word' id='word_1_103' title='bbox 517 1496 632 1566; x_wconf 79' lang='grc' dir='ltr'>ἔφη,</span> <span class='ocrx_word' id='word_1_104' title='bbox 665 1517 693 1545; x_wconf 90' lang='grc'><em>‹‹</em></span> <span class='ocrx_word' id='word_1_105' title='bbox 728 1496 754 1546; x_wconf 86' lang='grc' dir='ltr'><strong>ὁ</strong></span> <span class='ocrx_word' id='word_1_106' title='bbox 776 1496 1074 1568; x_wconf 86' lang='grc' dir='ltr'>Λάσκαρις,</span> <span class='ocrx_word' id='word_1_107' title='bbox 1101 1493 1161 1547; x_wconf 72' lang='grc' dir='ltr'>οὗ</span> <span class='ocrx_word' id='word_1_108' title='bbox 1189 1493 1504 1550; x_wconf 74' lang='grc' dir='ltr'><strong>νενίκηκεν.»</strong></span> <span class='ocrx_word' id='word_1_109' title='bbox 1540 1489 1620 1564; x_wconf 84' lang='grc' dir='ltr'><strong>[Ρ.</strong></span> <span class='ocrx_word' id='word_1_110' title='bbox 1648 1490 1858 1562; x_wconf 74' lang='grc' dir='ltr'>15]Ἱνα</span> 
     </span>
    </p>
   </div>
   <div class='ocr_carea' id='block_1_17' title="bbox 245 1579 1858 1656">
    <p class='ocr_par' dir='ltr' id='par_1_17' title="bbox 245 1579 1858 1656">
     <span class='ocr_line' id='line_1_17' title="bbox 245 1579 1858 1656; baseline -0.004 -20"><span class='ocrx_word' id='word_1_111' title='bbox 245 1591 370 1656; x_wconf 85' lang='grc' dir='ltr'>γοῦν</span> <span class='ocrx_word' id='word_1_112' title='bbox 409 1587 480 1656; x_wconf 82' lang='grc' dir='ltr'>μὴ</span> <span class='ocrx_word' id='word_1_113' title='bbox 504 1581 664 1636; x_wconf 82' lang='grc' dir='ltr'>πολὺν</span> <span class='ocrx_word' id='word_1_114' title='bbox 727 1588 1010 1636; x_wconf 89' lang='grc' dir='ltr'>κατατείνω</span> <span class='ocrx_word' id='word_1_115' title='bbox 1053 1582 1202 1656; x_wconf 82' lang='grc' dir='ltr'>λόγον</span> <span class='ocrx_word' id='word_1_116' title='bbox 1257 1589 1347 1642; x_wconf 80' lang='grc' dir='ltr'>τῆς</span> <span class='ocrx_word' id='word_1_117' title='bbox 1400 1582 1655 1656; x_wconf 84' lang='grc' dir='ltr'><strong>ἱστορίας,</strong></span> <span class='ocrx_word' id='word_1_118' title='bbox 1715 1579 1858 1631; x_wconf 80' lang='grc' dir='ltr'>τοῦτ’</span> 
     </span>
    </p>
   </div>
   <div class='ocr_carea' id='block_1_18' title="bbox 249 1671 1858 1746">
    <p class='ocr_par' dir='ltr' id='par_1_18' title="bbox 249 1671 1858 1746">
     <span class='ocr_line' id='line_1_18' title="bbox 249 1671 1858 1746; baseline -0.003 -22"><span class='ocrx_word' id='word_1_119' title='bbox 249 1674 310 1724; x_wconf 84' lang='grc' dir='ltr'><strong>ἄν</strong></span> <span class='ocrx_word' id='word_1_120' title='bbox 371 1676 523 1745; x_wconf 85' lang='grc' dir='ltr'>μόνον</span> <span class='ocrx_word' id='word_1_121' title='bbox 608 1672 763 1725; x_wconf 82' lang='grc' dir='ltr'>εἰπὼν</span> <span class='ocrx_word' id='word_1_122' title='bbox 812 1675 871 1726; x_wconf 89' lang='grc' dir='ltr'>τὸ</span> <span class='ocrx_word' id='word_1_123' title='bbox 916 1677 1016 1725; x_wconf 85' lang='grc' dir='ltr'>πᾶν</span> <span class='ocrx_word' id='word_1_124' title='bbox 1069 1676 1498 1746; x_wconf 81' lang='grc' dir='ltr'>παραστήσαιμι·</span> <span class='ocrx_word' id='word_1_125' title='bbox 1553 1671 1717 1742; x_wconf 69' lang='grc' dir='ltr'>μεχρι</span> <span class='ocrx_word' id='word_1_126' title='bbox 1767 1672 1858 1720; x_wconf 79' lang='grc' dir='ltr'><strong>καί</strong></span> 
     </span>
    </p>
   </div>
   <div class='ocr_carea' id='block_1_19' title="bbox 250 1755 1858 1835">
    <p class='ocr_par' dir='ltr' id='par_1_19' title="bbox 250 1755 1858 1835">
     <span class='ocr_line' id='line_1_19' title="bbox 250 1755 1858 1835; baseline 0 -21"><span class='ocrx_word' id='word_1_127' title='bbox 250 1757 412 1815; x_wconf 75' lang='grc' dir='ltr'>αὐτοῦ</span> <span class='ocrx_word' id='word_1_128' title='bbox 453 1769 546 1814; x_wconf 80' lang='grc' dir='ltr'>τοῦ</span> <span class='ocrx_word' id='word_1_129' title='bbox 574 1766 851 1834; x_wconf 79' lang='grc' dir='ltr'><strong>Νυμφαίου</strong></span> <span class='ocrx_word' id='word_1_130' title='bbox 877 1761 995 1835; x_wconf 85' lang='grc'>(16)</span> <span class='ocrx_word' id='word_1_131' title='bbox 1025 1763 1118 1822; x_wconf 83' lang='grc' dir='ltr'><strong>τὰς</strong></span> <span class='ocrx_word' id='word_1_132' title='bbox 1166 1762 1364 1822; x_wconf 82' lang='grc' dir='ltr'>σκηνὰς</span> <span class='ocrx_word' id='word_1_133' title='bbox 1420 1760 1446 1810; x_wconf 92' lang='lat'><strong><em>6</em></strong></span> <span class='ocrx_word' id='word_1_134' title='bbox 1499 1757 1686 1833; x_wconf 81' lang='grc' dir='ltr'><strong>Ἐῥρῆς</strong></span> <span class='ocrx_word' id='word_1_135' title='bbox 1736 1755 1858 1814; x_wconf 71' lang='grc' dir='ltr'><strong>ἐπήν</strong></span> 
     </span>
    </p>
   </div>
   <div class='ocr_carea' id='block_1_20' title="bbox 1959 595 3622 674">
    <p class='ocr_par' dir='ltr' id='par_1_20' title="bbox 1959 595 3622 674">
     <span class='ocr_line' id='line_1_20' title="bbox 1959 595 3622 674; baseline 0.005 -21"><span class='ocrx_word' id='word_1_136' title='bbox 1959 596 2248 653; x_wconf 84' lang='lat' dir='ltr'><strong>audacter</strong></span> <span class='ocrx_word' id='word_1_137' title='bbox 2267 595 2494 651; x_wconf 90' lang='lat' dir='ltr'><strong>bellum</strong></span> <span class='ocrx_word' id='word_1_138' title='bbox 2524 597 2904 665; x_wconf 86' lang='lat' dir='ltr'><strong>conserebat,</strong></span> <span class='ocrx_word' id='word_1_139' title='bbox 2937 602 2993 653; x_wconf 88' lang='lat' dir='ltr'><strong>et</strong></span> <span class='ocrx_word' id='word_1_140' title='bbox 3026 614 3210 670; x_wconf 89' lang='lat' dir='ltr'><strong>quem</strong></span> <span class='ocrx_word' id='word_1_141' title='bbox 3292 600 3622 674; x_wconf 84' lang='lat' dir='ltr'><strong>imperator</strong></span> 
     </span>
    </p>
   </div>
   <div class='ocr_carea' id='block_1_21' title="bbox 1959 684 3624 756">
    <p class='ocr_par' dir='ltr' id='par_1_21' title="bbox 1959 684 3624 756">
     <span class='ocr_line' id='line_1_21' title="bbox 1959 684 3624 756; baseline 0.006 -17"><span class='ocrx_word' id='word_1_142' title='bbox 1959 684 2161 740; x_wconf 91' lang='lat' dir='ltr'><strong>Ericus</strong></span> <span class='ocrx_word' id='word_1_143' title='bbox 2191 684 2497 740; x_wconf 80' lang='lat' dir='ltr'><strong>metuebat</strong></span> <span class='ocrx_word' id='word_1_144' title='bbox 2522 685 2689 756; x_wconf 92' lang='lat' dir='ltr'><strong>quod</strong></span> <span class='ocrx_word' id='word_1_145' title='bbox 2720 685 2782 740; x_wconf 90' lang='lat' dir='ltr'><strong>in</strong></span> <span class='ocrx_word' id='word_1_146' title='bbox 2822 701 2894 740; x_wconf 95' lang='lat' dir='ltr'><strong>eo</strong></span> <span class='ocrx_word' id='word_1_147' title='bbox 2924 689 2981 740; x_wconf 90' lang='lat' dir='ltr'><strong>et</strong></span> <span class='ocrx_word' id='word_1_148' title='bbox 3003 702 3217 756; x_wconf 82' lang='lat' dir='ltr'><strong>genere</strong></span> <span class='ocrx_word' id='word_1_149' title='bbox 3268 690 3506 748; x_wconf 85' lang='lat' dir='ltr'><strong>nobiles</strong></span> <span class='ocrx_word' id='word_1_150' title='bbox 3566 697 3624 749; x_wconf 91' lang='lat' dir='ltr'><strong>et</strong></span> 
     </span>
    </p>
   </div>
   <div class='ocr_carea' id='block_1_22' title="bbox 1957 774 3624 852">
    <p class='ocr_par' dir='ltr' id='par_1_22' title="bbox 1957 774 3624 852">
     <span class='ocr_line' id='line_1_22' title="bbox 1957 774 3624 852; baseline 0.007 -22"><span class='ocrx_word' id='word_1_151' title='bbox 1957 775 2108 831; x_wconf 86' lang='lat' dir='ltr'><strong>irato</strong></span> <span class='ocrx_word' id='word_1_152' title='bbox 2139 775 2247 831; x_wconf 88' lang='lat' dir='ltr'><strong>sibi</strong></span> <span class='ocrx_word' id='word_1_153' title='bbox 2289 774 2532 845; x_wconf 88' lang='lat' dir='ltr'><strong>ingenio</strong></span> <span class='ocrx_word' id='word_1_154' title='bbox 2589 775 2814 831; x_wconf 90' lang='lat' dir='ltr'><strong>viribus</strong></span> <span class='ocrx_word' id='word_1_155' title='bbox 2878 775 3144 833; x_wconf 89' lang='lat' dir='ltr'><strong>valentes</strong></span> <span class='ocrx_word' id='word_1_156' title='bbox 3209 781 3624 852; x_wconf 90' lang='lat' dir='ltr'><strong>conspiceren-</strong></span> 
     </span>
    </p>
   </div>
   <div class='ocr_carea' id='block_1_23' title="bbox 1960 863 3622 937">
    <p class='ocr_par' dir='ltr' id='par_1_23' title="bbox 1960 863 3622 937">
     <span class='ocr_line' id='line_1_23' title="bbox 1960 863 3622 937; baseline 0.005 -16"><span class='ocrx_word' id='word_1_157' title='bbox 1960 869 2072 935; x_wconf 86' lang='lat' dir='ltr'><strong>tur,</strong></span> <span class='ocrx_word' id='word_1_158' title='bbox 2115 863 2391 936; x_wconf 78' lang='lat' dir='ltr'><strong>perdidit.</strong></span> <span class='ocrx_word' id='word_1_159' title='bbox 2420 867 2722 930; x_wconf 59' lang='lat' dir='ltr'><strong>Praeterea,</strong></span> <span class='ocrx_word' id='word_1_160' title='bbox 2759 869 2823 921; x_wconf 91' lang='lat' dir='ltr'><strong>ut</strong></span> <span class='ocrx_word' id='word_1_161' title='bbox 2846 865 3092 937; x_wconf 90' lang='lat' dir='ltr'><strong>quidem</strong></span> <span class='ocrx_word' id='word_1_162' title='bbox 3133 875 3494 937; x_wconf 80' lang='lat' dir='ltr'><strong>memorant,</strong></span> <span class='ocrx_word' id='word_1_163' title='bbox 3545 871 3622 930; x_wconf 91' lang='lat' dir='ltr'><strong>de</strong></span> 
     </span>
    </p>
   </div>
   <div class='ocr_carea' id='block_1_24' title="bbox 1958 952 3627 1027">
    <p class='ocr_par' dir='ltr' id='par_1_24' title="bbox 1958 952 3627 1027">
     <span class='ocr_line' id='line_1_24' title="bbox 1958 952 3627 1027; baseline 0.004 -18"><span class='ocrx_word' id='word_1_164' title='bbox 1958 953 2338 1026; x_wconf 86' lang='lat' dir='ltr'><strong>imperatoris</strong></span> <span class='ocrx_word' id='word_1_165' title='bbox 2363 953 2607 1009; x_wconf 87' lang='lat' dir='ltr'><strong>victoria</strong></span> <span class='ocrx_word' id='word_1_166' title='bbox 2646 953 2860 1010; x_wconf 85' lang='lat' dir='ltr'><strong>certior</strong></span> <span class='ocrx_word' id='word_1_167' title='bbox 2887 952 3101 1023; x_wconf 87' lang='lat' dir='ltr'><strong>factus,</strong></span> <span class='ocrx_word' id='word_1_168' title='bbox 3133 957 3459 1027; x_wconf 86' lang='lat' dir='ltr'><strong>«Lascaris,</strong></span> <span class='ocrx_word' id='word_1_169' title='bbox 3479 981 3506 1009; x_wconf 88' lang='lat'>»</span> <span class='ocrx_word' id='word_1_170' title='bbox 3528 976 3627 1016; x_wconf 84' lang='lat' dir='ltr'><strong>ex-</strong></span> 
     </span>
    </p>
   </div>
   <div class='ocr_carea' id='block_1_25' title="bbox 1961 1042 3623 1112">
    <p class='ocr_par' dir='ltr' id='par_1_25' title="bbox 1961 1042 3623 1112">
     <span class='ocr_line' id='line_1_25' title="bbox 1961 1042 3623 1112; baseline 0.004 -14"><span class='ocrx_word' id='word_1_171' title='bbox 1961 1042 2203 1112; x_wconf 86' lang='lat' dir='ltr'><strong>clamat,</strong></span> <span class='ocrx_word' id='word_1_172' title='bbox 2246 1065 2274 1093; x_wconf 88' lang='lat'><strong>«</strong></span> <span class='ocrx_word' id='word_1_173' title='bbox 2303 1042 2496 1098; x_wconf 91' lang='lat' dir='ltr'><strong>victus</strong></span> <span class='ocrx_word' id='word_1_174' title='bbox 2527 1047 2634 1111; x_wconf 88' lang='lat' dir='ltr'><strong>est,</strong></span> <span class='ocrx_word' id='word_1_175' title='bbox 2665 1058 2790 1099; x_wconf 91' lang='lat' dir='ltr'><strong>non</strong></span> <span class='ocrx_word' id='word_1_176' title='bbox 2819 1043 2976 1099; x_wconf 85' lang='lat' dir='ltr'><strong>vicit.</strong></span> <span class='ocrx_word' id='word_1_177' title='bbox 3026 1066 3056 1094; x_wconf 82' lang='lat'><strong>»</strong></span> <span class='ocrx_word' id='word_1_178' title='bbox 3109 1045 3222 1101; x_wconf 92' lang='lat' dir='ltr'><strong>Sed</strong></span> <span class='ocrx_word' id='word_1_179' title='bbox 3271 1061 3346 1102; x_wconf 89' lang='lat' dir='ltr'><strong>ne</strong></span> <span class='ocrx_word' id='word_1_180' title='bbox 3398 1047 3623 1104; x_wconf 89' lang='lat' dir='ltr'><strong>diutius</strong></span> 
     </span>
    </p>
   </div>
   <div class='ocr_carea' id='block_1_26' title="bbox 1963 1131 3626 1209">
    <p class='ocr_par' dir='ltr' id='par_1_26' title="bbox 1963 1131 3626 1209">
     <span class='ocr_line' id='line_1_26' title="bbox 1963 1131 3626 1209; baseline 0.003 -20"><span class='ocrx_word' id='word_1_181' title='bbox 1963 1131 2296 1189; x_wconf 88' lang='lat' dir='ltr'><strong>orationem</strong></span> <span class='ocrx_word' id='word_1_182' title='bbox 2324 1132 2694 1204; x_wconf 88' lang='lat' dir='ltr'><strong>protraham,</strong></span> <span class='ocrx_word' id='word_1_183' title='bbox 2736 1131 2830 1188; x_wconf 88' lang='lat' dir='ltr'><strong>vel</strong></span> <span class='ocrx_word' id='word_1_184' title='bbox 2858 1133 2976 1188; x_wconf 90' lang='lat' dir='ltr'><strong>hoc</strong></span> <span class='ocrx_word' id='word_1_185' title='bbox 3015 1134 3144 1189; x_wconf 89' lang='lat' dir='ltr'><strong>solo</strong></span> <span class='ocrx_word' id='word_1_186' title='bbox 3174 1150 3268 1190; x_wconf 92' lang='lat' dir='ltr'><strong>res</strong></span> <span class='ocrx_word' id='word_1_187' title='bbox 3293 1137 3626 1209; x_wconf 90' lang='lat' dir='ltr'><strong>conspicua</strong></span> 
     </span>
    </p>
   </div>
   <div class='ocr_carea' id='block_1_27' title="bbox 1964 1221 3619 1296">
    <p class='ocr_par' dir='ltr' id='par_1_27' title="bbox 1964 1221 3619 1296">
     <span class='ocr_line' id='line_1_27' title="bbox 1964 1221 3619 1296; baseline 0.005 -19"><span class='ocrx_word' id='word_1_188' title='bbox 1964 1223 2088 1278; x_wconf 91' lang='lat' dir='ltr'><strong>erit.</strong></span> <span class='ocrx_word' id='word_1_189' title='bbox 2131 1221 2530 1293; x_wconf 61' lang='lat' dir='ltr'><strong>Nymphaeum</strong></span> <span class='ocrx_word' id='word_1_190' title='bbox 2553 1236 2764 1293; x_wconf 90' lang='lat' dir='ltr'><strong>usque,</strong></span> <span class='ocrx_word' id='word_1_191' title='bbox 2785 1236 2923 1278; x_wconf 90' lang='lat' dir='ltr'><strong>cum</strong></span> <span class='ocrx_word' id='word_1_192' title='bbox 2952 1221 3152 1279; x_wconf 90' lang='lat' dir='ltr'><strong>nullus</strong></span> <span class='ocrx_word' id='word_1_193' title='bbox 3173 1224 3619 1296; x_wconf 83' lang='lat' dir='ltr'><strong>adversaretur,</strong></span> 
     </span>
    </p>
   </div>
   <div class='ocr_carea' id='block_1_28' title="bbox 1965 1309 3625 1387">
    <p class='ocr_par' dir='ltr' id='par_1_28' title="bbox 1965 1309 3625 1387">
     <span class='ocr_line' id='line_1_28' title="bbox 1965 1309 3625 1387; baseline 0.004 -20"><span class='ocrx_word' id='word_1_194' title='bbox 1965 1314 2164 1367; x_wconf 88' lang='lat' dir='ltr'><strong>castra</strong></span> <span class='ocrx_word' id='word_1_195' title='bbox 2178 1311 2380 1382; x_wconf 89' lang='lat' dir='ltr'><strong>posuit</strong></span> <span class='ocrx_word' id='word_1_196' title='bbox 2392 1310 2620 1379; x_wconf 88' lang='lat' dir='ltr'><strong>Ericus;</strong></span> <span class='ocrx_word' id='word_1_197' title='bbox 2637 1309 2898 1383; x_wconf 87' lang='lat' dir='ltr'><strong>indeque</strong></span> <span class='ocrx_word' id='word_1_198' title='bbox 2910 1311 3166 1381; x_wconf 90' lang='lat' dir='ltr'><strong>rediens,</strong></span> <span class='ocrx_word' id='word_1_199' title='bbox 3183 1315 3400 1386; x_wconf 88' lang='lat' dir='ltr'><strong>partim</strong></span> <span class='ocrx_word' id='word_1_200' title='bbox 3416 1316 3625 1387; x_wconf 70' lang='lat' dir='ltr'><strong>praeda</strong></span> 
     </span>
    </p>
   </div>
   <div class='ocr_carea' id='block_1_29' title="bbox 1936 1400 3623 1473">
    <p class='ocr_par' dir='ltr' id='par_1_29' title="bbox 1936 1400 3623 1473">
     <span class='ocr_line' id='line_1_29' title="bbox 1936 1400 3623 1473; baseline 0.003 -17"><span class='ocrx_word' id='word_1_201' title='bbox 1936 1403 2138 1473; x_wconf 88' lang='lat' dir='ltr'><strong>&#39;parta</strong></span> <span class='ocrx_word' id='word_1_202' title='bbox 2155 1400 2396 1472; x_wconf 92' lang='lat' dir='ltr'><strong>opimus</strong></span> <span class='ocrx_word' id='word_1_203' title='bbox 2427 1415 2498 1456; x_wconf 89' lang='lat' dir='ltr'><strong>ac</strong></span> <span class='ocrx_word' id='word_1_204' title='bbox 2553 1403 2814 1470; x_wconf 90' lang='lat' dir='ltr'><strong>saturus,</strong></span> <span class='ocrx_word' id='word_1_205' title='bbox 2861 1402 3138 1472; x_wconf 90' lang='lat' dir='ltr'><strong>partima</strong></span> <span class='ocrx_word' id='word_1_206' title='bbox 3177 1402 3488 1461; x_wconf 86' lang='lat' dir='ltr'><strong>laboribus</strong></span> <span class='ocrx_word' id='word_1_207' title='bbox 3536 1404 3623 1462; x_wconf 90' lang='lat' dir='ltr'><strong>fe-</strong></span> 
     </span>
    </p>
   </div>
   <div class='ocr_carea' id='block_1_30' title="bbox 1965 1489 3622 1562">
    <p class='ocr_par' dir='ltr' id='par_1_30' title="bbox 1965 1489 3622 1562">
     <span class='ocr_line' id='line_1_30' title="bbox 1965 1489 3622 1562; baseline 0.004 -16"><span class='ocrx_word' id='word_1_208' title='bbox 1965 1489 2104 1546; x_wconf 90' lang='lat' dir='ltr'><strong>riari</strong></span> <span class='ocrx_word' id='word_1_209' title='bbox 2132 1495 2348 1562; x_wconf 89' lang='lat' dir='ltr'><strong>optans</strong></span> <span class='ocrx_word' id='word_1_210' title='bbox 2379 1493 2595 1561; x_wconf 85' lang='lat' dir='ltr'><strong>(neque</strong></span> <span class='ocrx_word' id='word_1_211' title='bbox 2624 1490 2785 1545; x_wconf 88' lang='lat' dir='ltr'><strong>enim</strong></span> <span class='ocrx_word' id='word_1_212' title='bbox 2811 1490 2873 1544; x_wconf 91' lang='lat' dir='ltr'><strong>in</strong></span> <span class='ocrx_word' id='word_1_213' title='bbox 2914 1491 3276 1548; x_wconf 89' lang='lat' dir='ltr'><strong>sustinendis</strong></span> <span class='ocrx_word' id='word_1_214' title='bbox 3321 1493 3622 1552; x_wconf 90' lang='lat' dir='ltr'><strong>bellorum</strong></span> 
     </span>
    </p>
   </div>
   <div class='ocr_carea' id='block_1_31' title="bbox 1966 1579 3623 1656">
    <p class='ocr_par' dir='ltr' id='par_1_31' title="bbox 1966 1579 3623 1656">
     <span class='ocr_line' id='line_1_31' title="bbox 1966 1579 3623 1656; baseline 0.004 -20"><span class='ocrx_word' id='word_1_215' title='bbox 1966 1579 2396 1644; x_wconf 87' lang='lat' dir='ltr'><strong>certaminibus</strong></span> <span class='ocrx_word' id='word_1_216' title='bbox 2429 1579 2634 1636; x_wconf 86' lang='lat' dir='ltr'><strong>Latina</strong></span> <span class='ocrx_word' id='word_1_217' title='bbox 2661 1579 2827 1635; x_wconf 90' lang='lat' dir='ltr'><strong>natio</strong></span> <span class='ocrx_word' id='word_1_218' title='bbox 2847 1579 3171 1652; x_wconf 88' lang='lat' dir='ltr'><strong>perdurat),</strong></span> <span class='ocrx_word' id='word_1_219' title='bbox 3195 1599 3334 1639; x_wconf 92' lang='lat' dir='ltr'><strong>cum</strong></span> <span class='ocrx_word' id='word_1_220' title='bbox 3363 1583 3623 1656; x_wconf 88' lang='lat' dir='ltr'><strong>impera-</strong></span> 
     </span>
    </p>
   </div>
   <div class='ocr_carea' id='block_1_32' title="bbox 1964 1667 3624 1746">
    <p class='ocr_par' dir='ltr' id='par_1_32' title="bbox 1964 1667 3624 1746">
     <span class='ocr_line' id='line_1_32' title="bbox 1964 1667 3624 1746; baseline 0.004 -22"><span class='ocrx_word' id='word_1_221' title='bbox 1964 1673 2091 1725; x_wconf 89' lang='lat' dir='ltr'><strong>tore</strong></span> <span class='ocrx_word' id='word_1_222' title='bbox 2127 1668 2438 1724; x_wconf 88' lang='lat' dir='ltr'><strong>Theodoro</strong></span> <span class='ocrx_word' id='word_1_223' title='bbox 2491 1667 2688 1724; x_wconf 88' lang='lat' dir='ltr'><strong>foedus</strong></span> <span class='ocrx_word' id='word_1_224' title='bbox 2732 1668 3474 1746; x_wconf 89' lang='lat' dir='ltr'><strong>iniit;concordatumque</strong></span> <span class='ocrx_word' id='word_1_225' title='bbox 3530 1678 3624 1732; x_wconf 85' lang='lat' dir='ltr'><strong>est</strong></span> 
     </span>
    </p>
   </div>
   <div class='ocr_carea' id='block_1_33' title="bbox 1968 1756 3619 1835">
    <p class='ocr_par' dir='ltr' id='par_1_33' title="bbox 1968 1756 3619 1835">
     <span class='ocr_line' id='line_1_33' title="bbox 1968 1756 3619 1835; baseline 0.004 -23"><span class='ocrx_word' id='word_1_226' title='bbox 1968 1757 2191 1812; x_wconf 87' lang='lat' dir='ltr'><strong>Cimeni</strong></span> <span class='ocrx_word' id='word_1_227' title='bbox 2222 1757 2331 1829; x_wconf 89' lang='lat' dir='ltr'><strong>(sic</strong></span> <span class='ocrx_word' id='word_1_228' title='bbox 2353 1756 2514 1812; x_wconf 91' lang='lat' dir='ltr'><strong>enim</strong></span> <span class='ocrx_word' id='word_1_229' title='bbox 2543 1773 2719 1813; x_wconf 87' lang='lat' dir='ltr'><strong>mons</strong></span> <span class='ocrx_word' id='word_1_230' title='bbox 2749 1757 3000 1814; x_wconf 85' lang='lat' dir='ltr'><strong>Achirao</strong></span> <span class='ocrx_word' id='word_1_231' title='bbox 3023 1759 3312 1831; x_wconf 90' lang='lat' dir='ltr'><strong>adjacens</strong></span> <span class='ocrx_word' id='word_1_232' title='bbox 3353 1763 3619 1835; x_wconf 87' lang='lat' dir='ltr'><strong>appella-</strong></span> 
     </span>
    </p>
   </div>
   <div class='ocr_carea' id='block_1_34' title="bbox 250 1845 1880 1930">
    <p class='ocr_par' dir='ltr' id='par_1_34' title="bbox 250 1845 1856 1925">
     <span class='ocr_line' id='line_1_34' title="bbox 250 1845 1856 1925; baseline -0.004 -22"><span class='ocrx_word' id='word_1_233' title='bbox 250 1850 392 1914; x_wconf 84' lang='grc' dir='ltr'>ξατο,</span> <span class='ocrx_word' id='word_1_234' title='bbox 453 1849 568 1903; x_wconf 85' lang='grc' dir='ltr'>κατ’</span> <span class='ocrx_word' id='word_1_235' title='bbox 621 1849 838 1925; x_wconf 75' lang='grc' dir='ltr'><strong>ἐρημίαν</strong></span> <span class='ocrx_word' id='word_1_236' title='bbox 900 1849 1110 1916; x_wconf 82' lang='grc' dir='ltr'>πολλὴν,</span> <span class='ocrx_word' id='word_1_237' title='bbox 1167 1845 1379 1911; x_wconf 77' lang='grc' dir='ltr'>οὐδενὸς</span> <span class='ocrx_word' id='word_1_238' title='bbox 1445 1847 1730 1907; x_wconf 82' lang='grc' dir='ltr'>κωλύοντος</span> <span class='ocrx_word' id='word_1_239' title='bbox 1786 1846 1856 1904; x_wconf 72' lang='grc'><strong>⁸1.</strong></span> 
     </span>
    </p>
   </div>
   <div class='ocr_carea' id='block_1_35' title="bbox 1968 1845 3621 1930">
    <p class='ocr_par' dir='ltr' id='par_1_35' title="bbox 1968 1845 3621 1924">
     <span class='ocr_line' id='line_1_35' title="bbox 1968 1845 3621 1924; baseline 0.002 -21"><span class='ocrx_word' id='word_1_240' title='bbox 1968 1847 2082 1918; x_wconf 90' lang='lat' dir='ltr'><strong>tur)</strong></span> <span class='ocrx_word' id='word_1_241' title='bbox 2109 1847 2386 1902; x_wconf 91' lang='lat' dir='ltr'><strong>universa</strong></span> <span class='ocrx_word' id='word_1_242' title='bbox 2410 1851 2468 1902; x_wconf 88' lang='lat' dir='ltr'><strong>et</strong></span> <span class='ocrx_word' id='word_1_243' title='bbox 2495 1845 2694 1918; x_wconf 89' lang='lat' dir='ltr'><strong>ipsam</strong></span> <span class='ocrx_word' id='word_1_244' title='bbox 2734 1847 3059 1904; x_wconf 81' lang='lat' dir='ltr'><strong>Achiraum</strong></span> <span class='ocrx_word' id='word_1_245' title='bbox 3096 1865 3132 1904; x_wconf 92' lang='lat' dir='ltr'><strong>a</strong></span> <span class='ocrx_word' id='word_1_246' title='bbox 3164 1849 3379 1906; x_wconf 88' lang='lat' dir='ltr'><strong>Latinis</strong></span> <span class='ocrx_word' id='word_1_247' title='bbox 3430 1852 3621 1924; x_wconf 89' lang='lat' dir='ltr'><strong>possi-</strong></span> 
     </span>
    </p>
   </div>
   <div class='ocr_carea' id='block_1_36' title="bbox 257 1937 1858 2014">
    <p class='ocr_par' dir='ltr' id='par_1_36' title="bbox 257 1937 1858 2014">
     <span class='ocr_line' id='line_1_36' title="bbox 257 1937 1858 2014; baseline -0.004 -21"><span class='ocrx_word' id='word_1_248' title='bbox 257 1940 482 1994; x_wconf 83' lang='grc' dir='ltr'>Ἐκεῖθέν</span> <span class='ocrx_word' id='word_1_249' title='bbox 507 1959 564 1993; x_wconf 85' lang='grc' dir='ltr'><strong>τε</strong></span> <span class='ocrx_word' id='word_1_250' title='bbox 615 1939 953 2014; x_wconf 64' lang='grc' dir='ltr'>ὑποστρεψας</span> <span class='ocrx_word' id='word_1_251' title='bbox 1013 1943 1073 1993; x_wconf 89' lang='grc' dir='ltr'>τὸ</span> <span class='ocrx_word' id='word_1_252' title='bbox 1102 1942 1192 2013; x_wconf 71' lang='grc' dir='ltr'>μὲν</span> <span class='ocrx_word' id='word_1_253' title='bbox 1258 1945 1363 1999; x_wconf 87' lang='grc' dir='ltr'>τοῖς</span> <span class='ocrx_word' id='word_1_254' title='bbox 1414 1937 1725 2013; x_wconf 79' lang='grc' dir='ltr'><strong>κρατηθεῖσι</strong></span> <span class='ocrx_word' id='word_1_255' title='bbox 1774 1955 1858 1988; x_wconf 89' lang='lat' dir='ltr'><strong>xo-</strong></span> 
     </span>
    </p>
   </div>
   <div class='ocr_carea' id='block_1_37' title="bbox 251 2025 1857 2107">
    <p class='ocr_par' dir='ltr' id='par_1_37' title="bbox 251 2025 1857 2107">
     <span class='ocr_line' id='line_1_37' title="bbox 251 2025 1857 2107; baseline -0.004 -24"><span class='ocrx_word' id='word_1_256' title='bbox 251 2032 473 2106; x_wconf 79' lang='grc' dir='ltr'>ρεσθεὶς,</span> <span class='ocrx_word' id='word_1_257' title='bbox 538 2033 600 2084; x_wconf 90' lang='lat'><strong>1&#39;6</strong></span> <span class='ocrx_word' id='word_1_258' title='bbox 653 2027 713 2084; x_wconf 64' lang='grc' dir='ltr'>δὲ</span> <span class='ocrx_word' id='word_1_259' title='bbox 767 2035 858 2083; x_wconf 80' lang='grc' dir='ltr'>καὶ</span> <span class='ocrx_word' id='word_1_260' title='bbox 917 2031 1208 2107; x_wconf 76' lang='grc' dir='ltr'><strong>ἐκεχειρίαν</strong></span> <span class='ocrx_word' id='word_1_261' title='bbox 1262 2027 1507 2089; x_wconf 74' lang='grc' dir='ltr'><strong>ἐθελήσας</strong></span> <span class='ocrx_word' id='word_1_262' title='bbox 1551 2025 1723 2079; x_wconf 80' lang='grc' dir='ltr'>λαϐεῖν</span> <span class='ocrx_word' id='word_1_263' title='bbox 1777 2025 1857 2098; x_wconf 80' lang='grc' dir='ltr'>(οὗ</span> 
     </span>
    </p>
   </div>
   <div class='ocr_carea' id='block_1_38' title="bbox 244 2116 1857 2195">
    <p class='ocr_par' dir='ltr' id='par_1_38' title="bbox 244 2116 1857 2195">
     <span class='ocr_line' id='line_1_38' title="bbox 244 2116 1857 2195; baseline -0.002 -23"><span class='ocrx_word' id='word_1_264' title='bbox 244 2121 354 2195; x_wconf 77' lang='grc' dir='ltr'>γὰρ</span> <span class='ocrx_word' id='word_1_265' title='bbox 408 2120 542 2193; x_wconf 78' lang='grc' dir='ltr'>ἄγαν</span> <span class='ocrx_word' id='word_1_266' title='bbox 627 2121 934 2192; x_wconf 82' lang='grc' dir='ltr'>καρτερικὸν</span> <span class='ocrx_word' id='word_1_267' title='bbox 976 2123 1036 2171; x_wconf 88' lang='grc' dir='ltr'>τὸ</span> <span class='ocrx_word' id='word_1_268' title='bbox 1085 2121 1366 2174; x_wconf 88' lang='grc' dir='ltr'>Λατινικόν</span> <span class='ocrx_word' id='word_1_269' title='bbox 1429 2116 1583 2190; x_wconf 78' lang='grc' dir='ltr'>φῦλον</span> <span class='ocrx_word' id='word_1_270' title='bbox 1639 2116 1686 2168; x_wconf 83' lang='grc' dir='ltr'><strong>ἐν</strong></span> <span class='ocrx_word' id='word_1_271' title='bbox 1743 2123 1857 2177; x_wconf 83' lang='grc' dir='ltr'>ταῖς</span> 
     </span>
    </p>
   </div>
   <div class='ocr_carea' id='block_1_39' title="bbox 249 2208 1858 2284">
    <p class='ocr_par' dir='ltr' id='par_1_39' title="bbox 249 2208 1858 2284">
     <span class='ocr_line' id='line_1_39' title="bbox 249 2208 1858 2284; baseline -0.003 -22"><span class='ocrx_word' id='word_1_272' title='bbox 249 2212 462 2282; x_wconf 78' lang='grc' dir='ltr'>μάχαις</span> <span class='ocrx_word' id='word_1_273' title='bbox 489 2211 808 2268; x_wconf 74' lang='grc' dir='ltr'>καθέστηκεν</span> <span class='ocrx_word' id='word_1_274' title='bbox 839 2210 929 2280; x_wconf 76' lang='grc'>⁸³),</span> <span class='ocrx_word' id='word_1_275' title='bbox 965 2209 1038 2271; x_wconf 85' lang='grc' dir='ltr'>εἰς</span> <span class='ocrx_word' id='word_1_276' title='bbox 1067 2208 1353 2284; x_wconf 82' lang='grc' dir='ltr'>ξυμϐάσεις</span> <span class='ocrx_word' id='word_1_277' title='bbox 1409 2208 1534 2267; x_wconf 75' lang='grc' dir='ltr'>ἦλθε</span> <span class='ocrx_word' id='word_1_278' title='bbox 1580 2208 1712 2280; x_wconf 81' lang='grc' dir='ltr'>μετὰ</span> <span class='ocrx_word' id='word_1_279' title='bbox 1766 2211 1858 2258; x_wconf 83' lang='grc' dir='ltr'>τοῦ</span> 
     </span>
    </p>
   </div>
   <div class='ocr_carea' id='block_1_40' title="bbox 250 2295 1858 2374">
    <p class='ocr_par' dir='ltr' id='par_1_40' title="bbox 250 2295 1858 2374">
     <span class='ocr_line' id='line_1_40' title="bbox 250 2295 1858 2374; baseline -0.002 -23"><span class='ocrx_word' id='word_1_280' title='bbox 250 2297 512 2372; x_wconf 80' lang='grc' dir='ltr'>βασιλέως</span> <span class='ocrx_word' id='word_1_281' title='bbox 582 2295 882 2374; x_wconf 81' lang='grc' dir='ltr'>Θεοδώρου.</span> <span class='ocrx_word' id='word_1_282' title='bbox 950 2303 1051 2353; x_wconf 75' lang='grc' dir='ltr'><strong>Καὶ</strong></span> <span class='ocrx_word' id='word_1_283' title='bbox 1110 2299 1445 2372; x_wconf 78' lang='grc' dir='ltr'>συνεφωνήθη</span> <span class='ocrx_word' id='word_1_284' title='bbox 1503 2299 1570 2349; x_wconf 78' lang='grc' dir='ltr'>τὰ</span> <span class='ocrx_word' id='word_1_285' title='bbox 1623 2298 1714 2369; x_wconf 69' lang='grc' dir='ltr'>μὲν</span> <span class='ocrx_word' id='word_1_286' title='bbox 1767 2303 1858 2348; x_wconf 82' lang='grc' dir='ltr'>τοῦ</span> 
     </span>
    </p>
   </div>
   <div class='ocr_carea' id='block_1_41' title="bbox 251 2385 1861 2464">
    <p class='ocr_par' dir='ltr' id='par_1_41' title="bbox 251 2385 1861 2464">
     <span class='ocr_line' id='line_1_41' title="bbox 251 2385 1861 2464; baseline -0.002 -24"><span class='ocrx_word' id='word_1_287' title='bbox 251 2394 446 2462; x_wconf 79' lang='grc' dir='ltr'>Κιμινᾶ</span> <span class='ocrx_word' id='word_1_288' title='bbox 469 2390 642 2441; x_wconf 89' lang='grc' dir='ltr'>πάντα</span> <span class='ocrx_word' id='word_1_289' title='bbox 673 2389 832 2460; x_wconf 84' lang='grc' dir='ltr'>(οὕτω</span> <span class='ocrx_word' id='word_1_290' title='bbox 855 2390 954 2464; x_wconf 83' lang='grc' dir='ltr'><strong>γὰρ</strong></span> <span class='ocrx_word' id='word_1_291' title='bbox 1011 2391 1070 2442; x_wconf 88' lang='grc' dir='ltr'>τὸ</span> <span class='ocrx_word' id='word_1_292' title='bbox 1115 2388 1231 2464; x_wconf 86' lang='grc' dir='ltr'>ὃρος</span> <span class='ocrx_word' id='word_1_293' title='bbox 1292 2387 1526 2440; x_wconf 85' lang='grc' dir='ltr'>καλεῖται</span> <span class='ocrx_word' id='word_1_294' title='bbox 1580 2388 1640 2438; x_wconf 89' lang='grc' dir='ltr'><strong>τό</strong></span> <span class='ocrx_word' id='word_1_295' title='bbox 1705 2385 1861 2457; x_wconf 75' lang='grc' dir='ltr'>ἐγγὺς</span> 
     </span>
    </p>
   </div>
   <div class='ocr_carea' id='block_1_42' title="bbox 247 2475 1862 2552">
    <p class='ocr_par' dir='ltr' id='par_1_42' title="bbox 247 2475 1862 2552">
     <span class='ocr_line' id='line_1_42' title="bbox 247 2475 1862 2552; baseline -0.004 -20"><span class='ocrx_word' id='word_1_296' title='bbox 247 2486 340 2538; x_wconf 83' lang='grc' dir='ltr'>τῆς</span> <span class='ocrx_word' id='word_1_297' title='bbox 373 2478 679 2552; x_wconf 86' lang='grc' dir='ltr'>Ἀχυράους</span> <span class='ocrx_word' id='word_1_298' title='bbox 713 2477 1000 2551; x_wconf 75' lang='grc' dir='ltr'>τυγχάνον)</span> <span class='ocrx_word' id='word_1_299' title='bbox 1030 2479 1163 2551; x_wconf 87' lang='grc' dir='ltr'>μετὰ</span> <span class='ocrx_word' id='word_1_300' title='bbox 1199 2482 1289 2530; x_wconf 90' lang='lat' dir='ltr'><strong>xui</strong></span> <span class='ocrx_word' id='word_1_301' title='bbox 1329 2477 1491 2538; x_wconf 75' lang='grc' dir='ltr'>αὐτῆς</span> <span class='ocrx_word' id='word_1_302' title='bbox 1549 2484 1642 2538; x_wconf 83' lang='grc' dir='ltr'>τῆς</span> <span class='ocrx_word' id='word_1_303' title='bbox 1697 2475 1862 2547; x_wconf 85' lang='grc' dir='ltr'>Ἀχυ-</span> 
     </span>
    </p>
   </div>
   <div class='ocr_carea' id='block_1_43' title="bbox 245 2561 1855 2642">
    <p class='ocr_par' dir='ltr' id='par_1_43' title="bbox 245 2561 1855 2642">
     <span class='ocr_line' id='line_1_43' title="bbox 245 2561 1855 2642; baseline -0.002 -23"><span class='ocrx_word' id='word_1_304' title='bbox 245 2567 404 2642; x_wconf 84' lang='grc' dir='ltr'>ράους</span> <span class='ocrx_word' id='word_1_305' title='bbox 451 2569 596 2642; x_wconf 80' lang='grc' dir='ltr'>παρὰ</span> <span class='ocrx_word' id='word_1_306' title='bbox 643 2574 736 2620; x_wconf 79' lang='grc' dir='ltr'>τοῦ</span> <span class='ocrx_word' id='word_1_307' title='bbox 787 2575 884 2620; x_wconf 84' lang='grc' dir='ltr'>τῶν</span> <span class='ocrx_word' id='word_1_308' title='bbox 941 2570 1189 2640; x_wconf 68' lang='grc' dir='ltr'>Φράγιιων</span> <span class='ocrx_word' id='word_1_309' title='bbox 1237 2569 1418 2639; x_wconf 85' lang='grc' dir='ltr'>γένους</span> <span class='ocrx_word' id='word_1_310' title='bbox 1476 2561 1855 2633; x_wconf 75' lang='grc' dir='ltr'>δεσπόζεσθαι,</span> 
     </span>
    </p>
   </div>
   <div class='ocr_carea' id='block_1_44' title="bbox 247 2649 1857 2730">
    <p class='ocr_par' dir='ltr' id='par_1_44' title="bbox 247 2649 1857 2730">
     <span class='ocr_line' id='line_1_44' title="bbox 247 2649 1857 2730; baseline -0.003 -21"><span class='ocrx_word' id='word_1_311' title='bbox 247 2658 335 2709; x_wconf 86' lang='grc' dir='ltr'>τὸν</span> <span class='ocrx_word' id='word_1_312' title='bbox 364 2652 424 2709; x_wconf 84' lang='grc' dir='ltr'><strong>δέ</strong></span> <span class='ocrx_word' id='word_1_313' title='bbox 468 2656 708 2730; x_wconf 84' lang='grc' dir='ltr'>Κάλαμον</span> <span class='ocrx_word' id='word_1_314' title='bbox 763 2657 935 2728; x_wconf 86' lang='grc' dir='ltr'>(κώμη</span> <span class='ocrx_word' id='word_1_315' title='bbox 991 2652 1052 2710; x_wconf 82' lang='grc' dir='ltr'><strong>δέ</strong></span> <span class='ocrx_word' id='word_1_316' title='bbox 1103 2655 1244 2709; x_wconf 72' lang='grc' dir='ltr'>ἐστιν</span> <span class='ocrx_word' id='word_1_317' title='bbox 1297 2657 1323 2708; x_wconf 92' lang='lat'><strong><em>6</em></strong></span> <span class='ocrx_word' id='word_1_318' title='bbox 1381 2653 1641 2727; x_wconf 78' lang='grc' dir='ltr'>Κάλαμος,</span> <span class='ocrx_word' id='word_1_319' title='bbox 1691 2651 1744 2716; x_wconf 80' lang='grc' dir='ltr'><strong>ἐξ</strong></span> <span class='ocrx_word' id='word_1_320' title='bbox 1798 2649 1857 2705; x_wconf 82' lang='grc' dir='ltr'>οὖ</span> 
     </span>
    </p>
   </div>
   <div class='ocr_carea' id='block_1_45' title="bbox 1965 1936 3624 2013">
    <p class='ocr_par' dir='ltr' id='par_1_45' title="bbox 1965 1936 3624 2013">
     <span class='ocr_line' id='line_1_45' title="bbox 1965 1936 3624 2013; baseline 0.004 -20"><span class='ocrx_word' id='word_1_321' title='bbox 1965 1937 2112 2004; x_wconf 92' lang='lat' dir='ltr'><strong>deri,</strong></span> <span class='ocrx_word' id='word_1_322' title='bbox 2138 1936 2451 1993; x_wconf 77' lang='lat' dir='ltr'><strong>Calamum</strong></span> <span class='ocrx_word' id='word_1_323' title='bbox 2481 1952 2623 1993; x_wconf 93' lang='lat' dir='ltr'><strong>vero</strong></span> <span class='ocrx_word' id='word_1_324' title='bbox 2653 1936 2740 2008; x_wconf 90' lang='lat' dir='ltr'><strong>(id</strong></span> <span class='ocrx_word' id='word_1_325' title='bbox 2777 1938 3070 2010; x_wconf 90' lang='lat' dir='ltr'><strong>oppidum</strong></span> <span class='ocrx_word' id='word_1_326' title='bbox 3093 1943 3199 2006; x_wconf 89' lang='lat' dir='ltr'><strong>est,</strong></span> <span class='ocrx_word' id='word_1_327' title='bbox 3224 1955 3296 1996; x_wconf 86' lang='lat' dir='ltr'><strong>ex</strong></span> <span class='ocrx_word' id='word_1_328' title='bbox 3325 1956 3449 2013; x_wconf 93' lang='lat' dir='ltr'><strong>quo</strong></span> <span class='ocrx_word' id='word_1_329' title='bbox 3477 1945 3624 2000; x_wconf 87' lang='lat' dir='ltr'><strong>Neo-</strong></span> 
     </span>
    </p>
   </div>
   <div class='ocr_carea' id='block_1_46' title="bbox 1967 2025 3623 2098">
    <p class='ocr_par' dir='ltr' id='par_1_46' title="bbox 1967 2025 3623 2098">
     <span class='ocr_line' id='line_1_46' title="bbox 1967 2025 3623 2098; baseline 0.004 -16"><span class='ocrx_word' id='word_1_330' title='bbox 1967 2031 2300 2082; x_wconf 89' lang='lat' dir='ltr'><strong>castrorum</strong></span> <span class='ocrx_word' id='word_1_331' title='bbox 2333 2026 2534 2082; x_wconf 86' lang='lat' dir='ltr'><strong>thema</strong></span> <span class='ocrx_word' id='word_1_332' title='bbox 2575 2025 2810 2082; x_wconf 89' lang='lat' dir='ltr'><strong>initium</strong></span> <span class='ocrx_word' id='word_1_333' title='bbox 2865 2027 3069 2098; x_wconf 90' lang='lat' dir='ltr'><strong>sumit)</strong></span> <span class='ocrx_word' id='word_1_334' title='bbox 3128 2028 3468 2087; x_wconf 85' lang='lat' dir='ltr'><strong>inhabitum</strong></span> <span class='ocrx_word' id='word_1_335' title='bbox 3518 2031 3623 2088; x_wconf 88' lang='lat' dir='ltr'><strong>de-</strong></span> 
     </span>
    </p>
   </div>
   <div class='ocr_carea' id='block_1_47' title="bbox 1968 2115 3622 2192">
    <p class='ocr_par' dir='ltr' id='par_1_47' title="bbox 1968 2115 3622 2192">
     <span class='ocr_line' id='line_1_47' title="bbox 1968 2115 3622 2192; baseline 0.004 -20"><span class='ocrx_word' id='word_1_336' title='bbox 1968 2116 2080 2172; x_wconf 87' lang='lat' dir='ltr'><strong>seri</strong></span> <span class='ocrx_word' id='word_1_337' title='bbox 2103 2135 2115 2185; x_wconf 88' lang='lat'><strong>;</strong></span> <span class='ocrx_word' id='word_1_338' title='bbox 2135 2131 2270 2188; x_wconf 68' lang='lat' dir='ltr'><strong>quae</strong></span> <span class='ocrx_word' id='word_1_339' title='bbox 2291 2118 2683 2187; x_wconf 88' lang='lat' dir='ltr'><strong>sequerentur</strong></span> <span class='ocrx_word' id='word_1_340' title='bbox 2701 2115 2817 2172; x_wconf 88' lang='lat' dir='ltr'><strong>sub</strong></span> <span class='ocrx_word' id='word_1_341' title='bbox 2829 2115 3072 2173; x_wconf 88' lang='lat' dir='ltr'><strong>arbitrio</strong></span> <span class='ocrx_word' id='word_1_342' title='bbox 3093 2133 3222 2174; x_wconf 90' lang='lat' dir='ltr'><strong>esse</strong></span> <span class='ocrx_word' id='word_1_343' title='bbox 3242 2119 3622 2192; x_wconf 88' lang='lat' dir='ltr'><strong>imperatoris</strong></span> 
     </span>
    </p>
   </div>
   <div class='ocr_carea' id='block_1_48' title="bbox 1965 2205 3620 2281">
    <p class='ocr_par' dir='ltr' id='par_1_48' title="bbox 1965 2205 3620 2281">
     <span class='ocr_line' id='line_1_48' title="bbox 1965 2205 3620 2281; baseline 0.003 -19"><span class='ocrx_word' id='word_1_344' title='bbox 1965 2205 2258 2262; x_wconf 90' lang='lat' dir='ltr'><strong>Theodori</strong></span> <span class='ocrx_word' id='word_1_345' title='bbox 2279 2221 2292 2260; x_wconf 93' lang='lat'>:</span> <span class='ocrx_word' id='word_1_346' title='bbox 2312 2220 2386 2262; x_wconf 90' lang='lat' dir='ltr'><strong>ea</strong></span> <span class='ocrx_word' id='word_1_347' title='bbox 2407 2209 2576 2261; x_wconf 89' lang='lat' dir='ltr'><strong>erant</strong></span> <span class='ocrx_word' id='word_1_348' title='bbox 2595 2207 2936 2277; x_wconf 87' lang='lat' dir='ltr'><strong>Neocastra,</strong></span> <span class='ocrx_word' id='word_1_349' title='bbox 2972 2205 3341 2278; x_wconf 88' lang='lat' dir='ltr'><strong>Celbianum,</strong></span> <span class='ocrx_word' id='word_1_350' title='bbox 3366 2209 3620 2281; x_wconf 89' lang='lat' dir='ltr'><strong>Chliara,</strong></span> 
     </span>
    </p>
   </div>
   <div class='ocr_carea' id='block_1_49' title="bbox 1966 2293 3621 2370">
    <p class='ocr_par' dir='ltr' id='par_1_49' title="bbox 1966 2293 3621 2370">
     <span class='ocr_line' id='line_1_49' title="bbox 1966 2293 3621 2370; baseline 0.003 -20"><span class='ocrx_word' id='word_1_351' title='bbox 1966 2296 2386 2365; x_wconf 89' lang='lat' dir='ltr'><strong>Pergamus,et</strong></span> <span class='ocrx_word' id='word_1_352' title='bbox 2404 2309 2542 2366; x_wconf 63' lang='lat' dir='ltr'><strong>quae</strong></span> <span class='ocrx_word' id='word_1_353' title='bbox 2564 2309 2600 2350; x_wconf 91' lang='lat' dir='ltr'><strong>a</strong></span> <span class='ocrx_word' id='word_1_354' title='bbox 2618 2293 2801 2350; x_wconf 90' lang='lat' dir='ltr'><strong>latere</strong></span> <span class='ocrx_word' id='word_1_355' title='bbox 2821 2299 2989 2350; x_wconf 90' lang='lat' dir='ltr'><strong>erant</strong></span> <span class='ocrx_word' id='word_1_356' title='bbox 3004 2295 3259 2366; x_wconf 87' lang='lat' dir='ltr'><strong>Magidia</strong></span> <span class='ocrx_word' id='word_1_357' title='bbox 3275 2301 3332 2354; x_wconf 90' lang='lat' dir='ltr'><strong>et</strong></span> <span class='ocrx_word' id='word_1_358' title='bbox 3358 2298 3621 2370; x_wconf 89' lang='lat' dir='ltr'><strong>Opiscia.</strong></span> 
     </span>
    </p>
   </div>
   <div class='ocr_carea' id='block_1_50' title="bbox 1966 2383 3620 2457">
    <p class='ocr_par' dir='ltr' id='par_1_50' title="bbox 1966 2383 3620 2457">
     <span class='ocr_line' id='line_1_50' title="bbox 1966 2383 3620 2457; baseline 0.003 -17"><span class='ocrx_word' id='word_1_359' title='bbox 1966 2387 2180 2441; x_wconf 72' lang='lat' dir='ltr'><strong>Praeter</strong></span> <span class='ocrx_word' id='word_1_360' title='bbox 2208 2385 2337 2440; x_wconf 67' lang='lat' dir='ltr'><strong>haec</strong></span> <span class='ocrx_word' id='word_1_361' title='bbox 2379 2383 2533 2439; x_wconf 88' lang='lat' dir='ltr'><strong>alius</strong></span> <span class='ocrx_word' id='word_1_362' title='bbox 2564 2383 2744 2440; x_wconf 88' lang='lat' dir='ltr'><strong>etiam</strong></span> <span class='ocrx_word' id='word_1_363' title='bbox 2775 2383 3034 2454; x_wconf 79' lang='lat' dir='ltr'><strong>regionis</strong></span> <span class='ocrx_word' id='word_1_364' title='bbox 3064 2385 3390 2457; x_wconf 87' lang='lat' dir='ltr'><strong>imperator</strong></span> <span class='ocrx_word' id='word_1_365' title='bbox 3433 2389 3620 2445; x_wconf 87' lang='lat' dir='ltr'><strong>Theo-</strong></span> 
     </span>
    </p>
   </div>
   <div class='ocr_carea' id='block_1_51' title="bbox 1966 2472 3624 2549">
    <p class='ocr_par' dir='ltr' id='par_1_51' title="bbox 1966 2472 3624 2549">
     <span class='ocr_line' id='line_1_51' title="bbox 1966 2472 3624 2549; baseline 0.003 -21"><span class='ocrx_word' id='word_1_366' title='bbox 1966 2473 2153 2530; x_wconf 92' lang='lat' dir='ltr'><strong>dorus</strong></span> <span class='ocrx_word' id='word_1_367' title='bbox 2181 2473 2291 2544; x_wconf 81' lang='lat'><strong>31</strong></span> <span class='ocrx_word' id='word_1_368' title='bbox 2331 2472 2782 2541; x_wconf 87' lang='lat' dir='ltr'><strong>dominabatur,</strong></span> <span class='ocrx_word' id='word_1_369' title='bbox 2827 2489 2964 2546; x_wconf 71' lang='lat' dir='ltr'><strong>quae</strong></span> <span class='ocrx_word' id='word_1_370' title='bbox 3015 2489 3052 2530; x_wconf 91' lang='lat' dir='ltr'><strong>a</strong></span> <span class='ocrx_word' id='word_1_371' title='bbox 3098 2475 3363 2547; x_wconf 90' lang='lat' dir='ltr'><strong>Lopadio</strong></span> <span class='ocrx_word' id='word_1_372' title='bbox 3401 2476 3624 2549; x_wconf 89' lang='lat' dir='ltr'><strong>princi-</strong></span> 
     </span>
    </p>
   </div>
   <div class='ocr_carea' id='block_1_52' title="bbox 1965 2561 3623 2636">
    <p class='ocr_par' dir='ltr' id='par_1_52' title="bbox 1965 2561 3623 2636">
     <span class='ocr_line' id='line_1_52' title="bbox 1965 2561 3623 2636; baseline 0.002 -18"><span class='ocrx_word' id='word_1_373' title='bbox 1965 2562 2136 2636; x_wconf 89' lang='lat' dir='ltr'><strong>pium</strong></span> <span class='ocrx_word' id='word_1_374' title='bbox 2157 2561 2391 2618; x_wconf 89' lang='lat' dir='ltr'><strong>babens</strong></span> <span class='ocrx_word' id='word_1_375' title='bbox 2414 2563 2660 2618; x_wconf 87' lang='lat' dir='ltr'><strong>Prusam</strong></span> <span class='ocrx_word' id='word_1_376' title='bbox 2689 2561 3069 2636; x_wconf 70' lang='lat' dir='ltr'><strong>Nieaaamque</strong></span> <span class='ocrx_word' id='word_1_377' title='bbox 3091 2579 3201 2620; x_wconf 88' lang='lat' dir='ltr'><strong>suo</strong></span> <span class='ocrx_word' id='word_1_378' title='bbox 3231 2564 3463 2622; x_wconf 91' lang='lat' dir='ltr'><strong>ambitu</strong></span> <span class='ocrx_word' id='word_1_379' title='bbox 3484 2581 3623 2622; x_wconf 90' lang='lat' dir='ltr'><strong>con-</strong></span> 
     </span>
    </p>
   </div>
   <div class='ocr_carea' id='block_1_53' title="bbox 1968 2651 3512 2724">
    <p class='ocr_par' dir='ltr' id='par_1_53' title="bbox 1968 2651 3512 2724">
     <span class='ocr_line' id='line_1_53' title="bbox 1968 2651 3512 2724; baseline 0 -16"><span class='ocrx_word' id='word_1_380' title='bbox 1968 2653 2126 2708; x_wconf 87' lang='lat' dir='ltr'><strong>tinet.</strong></span> <span class='ocrx_word' id='word_1_381' title='bbox 2155 2653 2221 2707; x_wconf 88' lang='lat' dir='ltr'><strong>Et</strong></span> <span class='ocrx_word' id='word_1_382' title='bbox 2250 2651 2334 2708; x_wconf 92' lang='lat' dir='ltr'><strong>sic</strong></span> <span class='ocrx_word' id='word_1_383' title='bbox 2357 2651 2666 2707; x_wconf 87' lang='lat' dir='ltr'><strong>Theodoro</strong></span> <span class='ocrx_word' id='word_1_384' title='bbox 2695 2651 3042 2724; x_wconf 82' lang='lat' dir='ltr'><strong>imperatori</strong></span> <span class='ocrx_word' id='word_1_385' title='bbox 3071 2668 3164 2708; x_wconf 92' lang='lat' dir='ltr'><strong>res</strong></span> <span class='ocrx_word' id='word_1_386' title='bbox 3191 2660 3512 2710; x_wconf 87' lang='lat' dir='ltr'><strong>cesserant.</strong></span> 
     </span>
    </p>
   </div>
   <div class='ocr_carea' id='block_1_54' title="bbox 245 2737 3620 2819">
    <p class='ocr_par' dir='ltr' id='par_1_54' title="bbox 245 2737 3620 2819">
     <span class='ocr_line' id='line_1_54' title="bbox 245 2737 3620 2819; baseline -0 -21"><span class='ocrx_word' id='word_1_387' title='bbox 245 2749 305 2798; x_wconf 88' lang='lat'><strong>1&#39;6</strong></span> <span class='ocrx_word' id='word_1_388' title='bbox 334 2765 435 2798; x_wconf 90' lang='grc' dir='ltr'><strong>των</strong></span> <span class='ocrx_word' id='word_1_389' title='bbox 459 2749 802 2819; x_wconf 84' lang='grc' dir='ltr'>Νεοκάστρων</span> <span class='ocrx_word' id='word_1_390' title='bbox 833 2747 949 2813; x_wconf 76' lang='grc'>(17)</span> <span class='ocrx_word' id='word_1_391' title='bbox 981 2747 1210 2818; x_wconf 84' lang='grc' dir='ltr'>ἄρχεται</span> <span class='ocrx_word' id='word_1_392' title='bbox 1247 2745 1399 2818; x_wconf 74' lang='grc' dir='ltr'>θέμα)</span> <span class='ocrx_word' id='word_1_393' title='bbox 1429 2748 1593 2817; x_wconf 81' lang='grc' dir='ltr'>μένειν</span> <span class='ocrx_word' id='word_1_394' title='bbox 1621 2744 1820 2808; x_wconf 78' lang='grc' dir='ltr'>ἄοικον,</span> <span class='ocrx_word' id='word_1_395' title='bbox 1847 2745 1913 2796; x_wconf 86' lang='grc' dir='ltr'>τὰ</span> <span class='ocrx_word' id='word_1_396' title='bbox 1946 2739 2005 2796; x_wconf 71' lang='grc' dir='ltr'>δὲ</span> <span class='ocrx_word' id='word_1_397' title='bbox 2035 2741 2254 2794; x_wconf 83' lang='grc' dir='ltr'>ἐντεῦθεν</span> <span class='ocrx_word' id='word_1_398' title='bbox 2279 2743 2424 2816; x_wconf 83' lang='grc' dir='ltr'>παρὰ</span> <span class='ocrx_word' id='word_1_399' title='bbox 2452 2749 2544 2792; x_wconf 84' lang='grc' dir='ltr'>τοῦ</span> <span class='ocrx_word' id='word_1_400' title='bbox 2587 2739 2846 2812; x_wconf 78' lang='grc' dir='ltr'>βασιλέως</span> <span class='ocrx_word' id='word_1_401' title='bbox 2903 2737 3180 2814; x_wconf 77' lang='grc' dir='ltr'>Θεοδώρου</span> <span class='ocrx_word' id='word_1_402' title='bbox 3242 2738 3620 2804; x_wconf 77' lang='grc' dir='ltr'>δεσπόζεσθαι·</span> 
     </span>
    </p>
   </div>
   <div class='ocr_carea' id='block_1_55' title="bbox 245 2835 3624 2918">
    <p class='ocr_par' dir='ltr' id='par_1_55' title="bbox 245 2835 3624 2918">
     <span class='ocr_line' id='line_1_55' title="bbox 245 2835 3624 2918; baseline -0.001 -22"><span class='ocrx_word' id='word_1_403' title='bbox 245 2847 557 2918; x_wconf 85' lang='grc' dir='ltr'>Νεόκαστρα</span> <span class='ocrx_word' id='word_1_404' title='bbox 583 2841 642 2897; x_wconf 73' lang='grc' dir='ltr'><strong>δε</strong></span> <span class='ocrx_word' id='word_1_405' title='bbox 671 2851 840 2896; x_wconf 82' lang='grc' dir='ltr'>ταῦτα</span> <span class='ocrx_word' id='word_1_406' title='bbox 859 2839 920 2902; x_wconf 83' lang='grc' dir='ltr'>ἧν</span> <span class='ocrx_word' id='word_1_407' title='bbox 950 2849 1040 2896; x_wconf 81' lang='grc' dir='ltr'>καὶ</span> <span class='ocrx_word' id='word_1_408' title='bbox 1072 2843 1346 2896; x_wconf 77' lang='grc' dir='ltr'>Κελϐιανόν</span> <span class='ocrx_word' id='word_1_409' title='bbox 1376 2841 1582 2914; x_wconf 81' lang='grc' dir='ltr'>Χλίαρά</span> <span class='ocrx_word' id='word_1_410' title='bbox 1611 2860 1662 2894; x_wconf 90' lang='grc' dir='ltr'><strong>τε</strong></span> <span class='ocrx_word' id='word_1_411' title='bbox 1688 2846 1777 2893; x_wconf 85' lang='lat' dir='ltr'><strong>xui</strong></span> <span class='ocrx_word' id='word_1_412' title='bbox 1810 2845 2077 2916; x_wconf 82' lang='grc' dir='ltr'>Πέργαμος</span> <span class='ocrx_word' id='word_1_413' title='bbox 2115 2844 2204 2892; x_wconf 87' lang='grc' dir='ltr'>καὶ</span> <span class='ocrx_word' id='word_1_414' title='bbox 2232 2841 2299 2891; x_wconf 83' lang='grc' dir='ltr'>τὰ</span> <span class='ocrx_word' id='word_1_415' title='bbox 2326 2838 2560 2910; x_wconf 84' lang='grc' dir='ltr'>πλαγίως</span> <span class='ocrx_word' id='word_1_416' title='bbox 2589 2836 2870 2911; x_wconf 71' lang='grc' dir='ltr'>ἐγκείμενα,</span> <span class='ocrx_word' id='word_1_417' title='bbox 2911 2835 3155 2911; x_wconf 86' lang='grc' dir='ltr'>Μαγίδιά</span> <span class='ocrx_word' id='word_1_418' title='bbox 3185 2857 3238 2892; x_wconf 91' lang='grc' dir='ltr'><strong>τε</strong></span> <span class='ocrx_word' id='word_1_419' title='bbox 3265 2846 3355 2893; x_wconf 86' lang='grc' dir='ltr'>καὶ</span> <span class='ocrx_word' id='word_1_420' title='bbox 3404 2841 3624 2912; x_wconf 73' lang='grc' dir='ltr'>Ὀψίκια</span> 
     </span>
    </p>
   </div>
   <div class='ocr_carea' id='block_1_56' title="bbox 247 2925 3626 3006">
    <p class='ocr_par' dir='ltr' id='par_1_56' title="bbox 247 2925 3626 3006">
     <span class='ocr_line' id='line_1_56' title="bbox 247 2925 3626 3006; baseline -0.001 -18"><span class='ocrx_word' id='word_1_421' title='bbox 247 2931 382 3004; x_wconf 90' lang='grc'>(18).</span> <span class='ocrx_word' id='word_1_422' title='bbox 412 2935 648 3005; x_wconf 77' lang='grc' dir='ltr'>Ὺπῆρχε</span> <span class='ocrx_word' id='word_1_423' title='bbox 671 2928 730 2984; x_wconf 71' lang='grc' dir='ltr'>δὲ</span> <span class='ocrx_word' id='word_1_424' title='bbox 751 2937 842 2985; x_wconf 87' lang='lat' dir='ltr'><strong>xui.</strong></span> <span class='ocrx_word' id='word_1_425' title='bbox 863 2931 986 2991; x_wconf 84' lang='grc' dir='ltr'>ἆλλη</span> <span class='ocrx_word' id='word_1_426' title='bbox 1021 2937 1178 3004; x_wconf 87' lang='grc' dir='ltr'>χώρα</span> <span class='ocrx_word' id='word_1_427' title='bbox 1202 2933 1248 2968; x_wconf 76' lang='grc'><strong>⁸³</strong></span> <span class='ocrx_word' id='word_1_428' title='bbox 1280 2940 1352 3003; x_wconf 83' lang='grc' dir='ltr'>τῷ</span> <span class='ocrx_word' id='word_1_429' title='bbox 1381 2930 1594 3005; x_wconf 80' lang='grc' dir='ltr'>βασιλεί</span> <span class='ocrx_word' id='word_1_430' title='bbox 1623 2926 1933 3006; x_wconf 66' lang='grc' dir='ltr'>Θεοδωρῳξὴ</span> <span class='ocrx_word' id='word_1_431' title='bbox 1965 2930 2065 2984; x_wconf 79' lang='grc' dir='ltr'>ἀπὸ</span> <span class='ocrx_word' id='word_1_432' title='bbox 2094 2937 2184 2983; x_wconf 80' lang='grc' dir='ltr'>τοῦ</span> <span class='ocrx_word' id='word_1_433' title='bbox 2212 2925 2487 2982; x_wconf 89' lang='grc' dir='ltr'>Λοπαδίου</span> <span class='ocrx_word' id='word_1_434' title='bbox 2512 2925 3144 3002; x_wconf 81' lang='grc' dir='ltr'>ἀρχομένη,καιῐίροῦσαν</span> <span class='ocrx_word' id='word_1_435' title='bbox 3165 2929 3626 3003; x_wconf 84' lang='grc' dir='ltr'>πέριλαμϐάνουσα</span> 
     </span>
    </p>
   </div>
   <div class='ocr_carea' id='block_1_57' title="bbox 250 3017 2373 3096">
    <p class='ocr_par' dir='ltr' id='par_1_57' title="bbox 250 3017 2373 3096">
     <span class='ocr_line' id='line_1_57' title="bbox 250 3017 2373 3096; baseline 0.001 -24"><span class='ocrx_word' id='word_1_436' title='bbox 250 3024 344 3073; x_wconf 74' lang='grc' dir='ltr'>καὶ</span> <span class='ocrx_word' id='word_1_437' title='bbox 369 3025 616 3075; x_wconf 84' lang='grc' dir='ltr'>Νίκαιαν.</span> <span class='ocrx_word' id='word_1_438' title='bbox 641 3026 743 3074; x_wconf 83' lang='grc' dir='ltr'><strong>Καὶ</strong></span> <span class='ocrx_word' id='word_1_439' title='bbox 773 3020 908 3074; x_wconf 80' lang='grc' dir='ltr'>οὕτω</span> <span class='ocrx_word' id='word_1_440' title='bbox 938 3025 1028 3094; x_wconf 71' lang='grc' dir='ltr'>μὲν</span> <span class='ocrx_word' id='word_1_441' title='bbox 1059 3020 1240 3084; x_wconf 80' lang='grc' dir='ltr'>ξυνέϐη</span> <span class='ocrx_word' id='word_1_442' title='bbox 1269 3030 1342 3094; x_wconf 84' lang='grc' dir='ltr'>τῷ</span> <span class='ocrx_word' id='word_1_443' title='bbox 1373 3021 1586 3094; x_wconf 85' lang='grc' dir='ltr'>βασιλεῖ</span> <span class='ocrx_word' id='word_1_444' title='bbox 1609 3017 1867 3096; x_wconf 75' lang='grc' dir='ltr'>Θεοδώρῳ</span> <span class='ocrx_word' id='word_1_445' title='bbox 1897 3023 1964 3073; x_wconf 85' lang='grc' dir='ltr'>τὰ</span> <span class='ocrx_word' id='word_1_446' title='bbox 1991 3023 2280 3095; x_wconf 85' lang='grc' dir='ltr'>πράγματα</span> <span class='ocrx_word' id='word_1_447' title='bbox 2304 3020 2373 3075; x_wconf 72' lang='grc'><strong>⁸⁸.</strong></span> 
     </span>
    </p>
   </div>
   <div class='ocr_carea' id='block_1_58' title="bbox 327 3105 1934 3185">
    <p class='ocr_par' dir='ltr' id='par_1_58' title="bbox 327 3105 1934 3185">
     <span class='ocr_line' id='line_1_58' title="bbox 327 3105 1934 3185; baseline 0.001 -25"><span class='ocrx_word' id='word_1_448' title='bbox 327 3107 489 3172; x_wconf 85' lang='grc' dir='ltr'>ις’.Ὀ</span> <span class='ocrx_word' id='word_1_449' title='bbox 524 3105 583 3162; x_wconf 70' lang='grc' dir='ltr'><strong>δε</strong></span> <span class='ocrx_word' id='word_1_450' title='bbox 613 3109 873 3184; x_wconf 83' lang='grc' dir='ltr'>εἰρημένος</span> <span class='ocrx_word' id='word_1_451' title='bbox 938 3110 1121 3185; x_wconf 78' lang='grc' dir='ltr'><strong>Ἐῤῥῆς</strong></span> <span class='ocrx_word' id='word_1_452' title='bbox 1162 3110 1298 3183; x_wconf 80' lang='grc'>(19),</span> <span class='ocrx_word' id='word_1_453' title='bbox 1370 3111 1413 3163; x_wconf 88' lang='grc' dir='ltr'>εἰ</span> <span class='ocrx_word' id='word_1_454' title='bbox 1476 3114 1564 3163; x_wconf 85' lang='lat' dir='ltr'><strong>xui</strong></span> <span class='ocrx_word' id='word_1_455' title='bbox 1621 3113 1857 3185; x_wconf 81' lang='grc' dir='ltr'>Φράγκος</span> <span class='ocrx_word' id='word_1_456' title='bbox 1895 3111 1934 3170; x_wconf 88' lang='lat' dir='ltr'>C</span> 
     </span>
    </p>
   </div>
   <div class='ocr_carea' id='block_1_59' title="bbox 248 3195 1858 3273">
    <p class='ocr_par' dir='ltr' id='par_1_59' title="bbox 248 3195 1858 3273">
     <span class='ocr_line' id='line_1_59' title="bbox 248 3195 1858 3273; baseline 0.002 -24"><span class='ocrx_word' id='word_1_457' title='bbox 248 3199 310 3250; x_wconf 88' lang='lat'><strong>1&#39;6</strong></span> <span class='ocrx_word' id='word_1_458' title='bbox 352 3203 494 3270; x_wconf 83' lang='grc' dir='ltr'>γένος</span> <span class='ocrx_word' id='word_1_459' title='bbox 585 3197 889 3272; x_wconf 80' lang='grc' dir='ltr'>ἐτύγχανεν,</span> <span class='ocrx_word' id='word_1_460' title='bbox 971 3198 1078 3252; x_wconf 79' lang='grc' dir='ltr'>ἀλλ’</span> <span class='ocrx_word' id='word_1_461' title='bbox 1133 3195 1220 3252; x_wconf 79' lang='grc' dir='ltr'>οὖν</span> <span class='ocrx_word' id='word_1_462' title='bbox 1281 3197 1386 3262; x_wconf 81' lang='grc' dir='ltr'>τοῖς</span> <span class='ocrx_word' id='word_1_463' title='bbox 1440 3199 1714 3273; x_wconf 81' lang='grc' dir='ltr'>Ῥωμαίοις</span> <span class='ocrx_word' id='word_1_464' title='bbox 1769 3205 1858 3253; x_wconf 79' lang='grc' dir='ltr'><strong>καὶ</strong></span> 
     </span>
    </p>
   </div>
   <div class='ocr_carea' id='block_1_60' title="bbox 251 3286 1860 3364">
    <p class='ocr_par' dir='ltr' id='par_1_60' title="bbox 251 3286 1860 3364">
     <span class='ocr_line' id='line_1_60' title="bbox 251 3286 1860 3364; baseline 0.004 -28"><span class='ocrx_word' id='word_1_465' title='bbox 251 3286 512 3358; x_wconf 83' lang='grc' dir='ltr'>ἱθαγενέσι</span> <span class='ocrx_word' id='word_1_466' title='bbox 577 3294 674 3349; x_wconf 89' lang='grc' dir='ltr'>τῆς</span> <span class='ocrx_word' id='word_1_467' title='bbox 748 3293 1139 3342; x_wconf 81' lang='grc' dir='ltr'>Κωνσταντίνου</span> <span class='ocrx_word' id='word_1_468' title='bbox 1218 3288 1523 3364; x_wconf 83' lang='grc' dir='ltr'>ἱλαρώτερον</span> <span class='ocrx_word' id='word_1_469' title='bbox 1610 3293 1860 3362; x_wconf 86' lang='grc' dir='ltr'>προσεφέ-</span> 
     </span>
    </p>
   </div>
   <div class='ocr_carea' id='block_1_61' title="bbox 247 3373 1859 3451">
    <p class='ocr_par' dir='ltr' id='par_1_61' title="bbox 247 3373 1859 3451">
     <span class='ocr_line' id='line_1_61' title="bbox 247 3373 1859 3451; baseline 0.002 -24"><span class='ocrx_word' id='word_1_470' title='bbox 247 3393 384 3450; x_wconf 86' lang='grc' dir='ltr'>ρετο,</span> <span class='ocrx_word' id='word_1_471' title='bbox 417 3381 508 3429; x_wconf 89' lang='lat' dir='ltr'><strong>xui</strong></span> <span class='ocrx_word' id='word_1_472' title='bbox 535 3375 756 3439; x_wconf 84' lang='grc' dir='ltr'>πολλοὺς</span> <span class='ocrx_word' id='word_1_473' title='bbox 798 3373 912 3450; x_wconf 85' lang='grc' dir='ltr'>εἶχε</span> <span class='ocrx_word' id='word_1_474' title='bbox 946 3381 1068 3440; x_wconf 81' lang='grc' dir='ltr'>τοὺς</span> <span class='ocrx_word' id='word_1_475' title='bbox 1124 3381 1214 3451; x_wconf 70' lang='grc' dir='ltr'>μὲν</span> <span class='ocrx_word' id='word_1_476' title='bbox 1270 3385 1380 3439; x_wconf 87' lang='grc' dir='ltr'>τοῖς</span> <span class='ocrx_word' id='word_1_477' title='bbox 1439 3377 1682 3451; x_wconf 86' lang='grc' dir='ltr'>μεγάλοις</span> <span class='ocrx_word' id='word_1_478' title='bbox 1731 3382 1859 3432; x_wconf 80' lang='grc' dir='ltr'>τού-</span> 
     </span>
    </p>
   </div>
   <div class='ocr_carea' id='block_1_62' title="bbox 248 3464 1860 3542">
    <p class='ocr_par' dir='ltr' id='par_1_62' title="bbox 248 3464 1860 3542">
     <span class='ocr_line' id='line_1_62' title="bbox 248 3464 1860 3542; baseline 0.003 -26"><span class='ocrx_word' id='word_1_479' title='bbox 248 3482 340 3516; x_wconf 87' lang='grc' dir='ltr'><strong>του</strong></span> <span class='ocrx_word' id='word_1_480' title='bbox 374 3469 828 3539; x_wconf 85' lang='grc' dir='ltr'>συντεταγμένους,</span> <span class='ocrx_word' id='word_1_481' title='bbox 859 3472 979 3529; x_wconf 85' lang='grc' dir='ltr'>τοὺς</span> <span class='ocrx_word' id='word_1_482' title='bbox 1007 3464 1067 3520; x_wconf 72' lang='grc' dir='ltr'>δὲ</span> <span class='ocrx_word' id='word_1_483' title='bbox 1105 3475 1214 3528; x_wconf 85' lang='grc' dir='ltr'>τοῖς</span> <span class='ocrx_word' id='word_1_484' title='bbox 1265 3473 1628 3542; x_wconf 88' lang='grc' dir='ltr'>στρατιώταις,</span> <span class='ocrx_word' id='word_1_485' title='bbox 1681 3472 1740 3520; x_wconf 87' lang='grc' dir='ltr'>τὸ</span> <span class='ocrx_word' id='word_1_486' title='bbox 1800 3464 1860 3521; x_wconf 69' lang='grc' dir='ltr'>δὲ</span> 
     </span>
    </p>
   </div>
   <div class='ocr_carea' id='block_1_63' title="bbox 245 3555 1860 3630">
    <p class='ocr_par' dir='ltr' id='par_1_63' title="bbox 245 3555 1860 3630">
     <span class='ocr_line' id='line_1_63' title="bbox 245 3555 1860 3630; baseline 0.003 -25"><span class='ocrx_word' id='word_1_487' title='bbox 245 3556 418 3606; x_wconf 87' lang='grc' dir='ltr'>κοινὸν</span> <span class='ocrx_word' id='word_1_488' title='bbox 462 3555 658 3616; x_wconf 84' lang='grc' dir='ltr'>πλῆθος</span> <span class='ocrx_word' id='word_1_489' title='bbox 748 3557 813 3616; x_wconf 86' lang='grc' dir='ltr'>ὡς</span> <span class='ocrx_word' id='word_1_490' title='bbox 875 3556 1060 3608; x_wconf 76' lang='grc' dir='ltr'>οἰκεῖον</span> <span class='ocrx_word' id='word_1_491' title='bbox 1103 3557 1219 3628; x_wconf 81' lang='lat'><strong>(&#39;20)</strong></span> <span class='ocrx_word' id='word_1_492' title='bbox 1274 3563 1504 3630; x_wconf 83' lang='grc' dir='ltr'>περιεῖπε</span> <span class='ocrx_word' id='word_1_493' title='bbox 1553 3555 1698 3614; x_wconf 86' lang='grc' dir='ltr'>λαόν.</span> <span class='ocrx_word' id='word_1_494' title='bbox 1757 3561 1860 3610; x_wconf 81' lang='grc' dir='ltr'><strong>Καὶ</strong></span> 
     </span>
    </p>
   </div>
   <div class='ocr_carea' id='block_1_64' title="bbox 244 3645 1858 3719">
    <p class='ocr_par' dir='ltr' id='par_1_64' title="bbox 244 3645 1858 3719">
     <span class='ocr_line' id='line_1_64' title="bbox 244 3645 1858 3719; baseline 0.002 -24"><span class='ocrx_word' id='word_1_495' title='bbox 244 3645 348 3716; x_wconf 82' lang='grc' dir='ltr'>γὰρ</span> <span class='ocrx_word' id='word_1_496' title='bbox 418 3649 810 3719; x_wconf 83' lang='grc' dir='ltr'>περιγενόμενος</span> <span class='ocrx_word' id='word_1_497' title='bbox 860 3653 960 3698; x_wconf 85' lang='grc' dir='ltr'>τῶν</span> <span class='ocrx_word' id='word_1_498' title='bbox 1026 3645 1324 3718; x_wconf 76' lang='grc' dir='ltr'>Ῥωμαϊκῶν</span> <span class='ocrx_word' id='word_1_499' title='bbox 1385 3645 1581 3699; x_wconf 85' lang='grc' dir='ltr'>ἀστέων</span> <span class='ocrx_word' id='word_1_500' title='bbox 1645 3652 1858 3699; x_wconf 82' lang='grc' dir='ltr'>Λεντια-</span> 
     </span>
    </p>
   </div>
   <div class='ocr_carea' id='block_1_65' title="bbox 244 3732 1856 3811">
    <p class='ocr_par' dir='ltr' id='par_1_65' title="bbox 244 3732 1856 3811">
     <span class='ocr_line' id='line_1_65' title="bbox 244 3732 1856 3811; baseline 0.002 -26"><span class='ocrx_word' id='word_1_501' title='bbox 244 3740 344 3785; x_wconf 85' lang='grc' dir='ltr'><strong>νῶν</strong></span> <span class='ocrx_word' id='word_1_502' title='bbox 373 3752 428 3786; x_wconf 87' lang='grc' dir='ltr'><strong>τε</strong></span> <span class='ocrx_word' id='word_1_503' title='bbox 456 3739 547 3786; x_wconf 81' lang='grc' dir='ltr'>καὶ</span> <span class='ocrx_word' id='word_1_504' title='bbox 579 3741 930 3808; x_wconf 88' lang='grc' dir='ltr'>Ποιμανηνοῦ,</span> <span class='ocrx_word' id='word_1_505' title='bbox 963 3740 1053 3788; x_wconf 82' lang='grc' dir='ltr'>καὶ</span> <span class='ocrx_word' id='word_1_506' title='bbox 1073 3732 1270 3811; x_wconf 82' lang='grc' dir='ltr'>ἄνδρας</span> <span class='ocrx_word' id='word_1_507' title='bbox 1333 3739 1420 3788; x_wconf 86' lang='grc' dir='ltr'>τὸν</span> <span class='ocrx_word' id='word_1_508' title='bbox 1468 3741 1629 3809; x_wconf 79' lang='grc' dir='ltr'>Ἀρην</span> <span class='ocrx_word' id='word_1_509' title='bbox 1681 3740 1856 3788; x_wconf 86' lang='grc' dir='ltr'>πνέον-</span> 
     </span>
    </p>
   </div>
   <div class='ocr_carea' id='block_1_66' title="bbox 244 3821 1858 3898">
    <p class='ocr_par' dir='ltr' id='par_1_66' title="bbox 244 3821 1858 3898">
     <span class='ocr_line' id='line_1_66' title="bbox 244 3821 1858 3898; baseline 0.002 -24"><span class='ocrx_word' id='word_1_510' title='bbox 244 3840 335 3883; x_wconf 88' lang='grc' dir='ltr'><strong>τας</strong></span> <span class='ocrx_word' id='word_1_511' title='bbox 384 3827 476 3876; x_wconf 86' lang='grc' dir='ltr'>καὶ</span> <span class='ocrx_word' id='word_1_512' title='bbox 549 3825 676 3898; x_wconf 76' lang='grc' dir='ltr'>ἔργά</span> <span class='ocrx_word' id='word_1_513' title='bbox 758 3823 942 3897; x_wconf 70' lang='grc' dir='ltr'>ψυχῆς</span> <span class='ocrx_word' id='word_1_514' title='bbox 1015 3829 1250 3896; x_wconf 89' lang='grc' dir='ltr'>γενναίας</span> <span class='ocrx_word' id='word_1_515' title='bbox 1323 3821 1712 3898; x_wconf 71' lang='grc' dir='ltr'>ἐνδειξαμένους</span> <span class='ocrx_word' id='word_1_516' title='bbox 1790 3827 1858 3887; x_wconf 84' lang='grc' dir='ltr'>ὡς</span> 
     </span>
    </p>
   </div>
   <div class='ocr_carea' id='block_1_67' title="bbox 254 3911 1861 3990">
    <p class='ocr_par' dir='ltr' id='par_1_67' title="bbox 254 3911 1861 3990">
     <span class='ocr_line' id='line_1_67' title="bbox 254 3911 1861 3990; baseline 0.003 -28"><span class='ocrx_word' id='word_1_517' title='bbox 254 3912 465 3983; x_wconf 78' lang='grc' dir='ltr'>ἕρμαιόν</span> <span class='ocrx_word' id='word_1_518' title='bbox 501 3933 554 3965; x_wconf 93' lang='grc' dir='ltr'><strong>τι</strong></span> <span class='ocrx_word' id='word_1_519' title='bbox 578 3911 788 3977; x_wconf 80' lang='grc' dir='ltr'>ἐδέξατο</span> <span class='ocrx_word' id='word_1_520' title='bbox 829 3914 1070 3990; x_wconf 79' lang='grc' dir='ltr'>ἐφευρών.</span> <span class='ocrx_word' id='word_1_521' title='bbox 1104 3914 1186 3968; x_wconf 84' lang='grc' dir='ltr'><strong>Ἐν</strong></span> <span class='ocrx_word' id='word_1_522' title='bbox 1214 3916 1314 3990; x_wconf 83' lang='grc' dir='ltr'><strong>γὰρ</strong></span> <span class='ocrx_word' id='word_1_523' title='bbox 1373 3917 1430 3967; x_wconf 85' lang='grc' dir='ltr'>τὸ</span> <span class='ocrx_word' id='word_1_524' title='bbox 1488 3923 1587 3966; x_wconf 87' lang='grc' dir='ltr'>τῶν</span> <span class='ocrx_word' id='word_1_525' title='bbox 1647 3919 1861 3967; x_wconf 87' lang='grc' dir='ltr'>Λεαντί-</span> 
     </span>
    </p>
   </div>
   <div class='ocr_carea' id='block_1_68' title="bbox 254 4002 1859 4077">
    <p class='ocr_par' dir='ltr' id='par_1_68' title="bbox 254 4002 1859 4077">
     <span class='ocr_line' id='line_1_68' title="bbox 254 4002 1859 4077; baseline 0.006 -25"><span class='ocrx_word' id='word_1_526' title='bbox 254 4021 353 4052; x_wconf 92' lang='grc' dir='ltr'><strong>νων</strong></span> <span class='ocrx_word' id='word_1_527' title='bbox 377 4002 509 4054; x_wconf 87' lang='grc' dir='ltr'>οῖστυ</span> <span class='ocrx_word' id='word_1_528' title='bbox 553 4003 682 4056; x_wconf 84' lang='grc' dir='ltr'>ὥστε</span> <span class='ocrx_word' id='word_1_529' title='bbox 732 4008 822 4057; x_wconf 86' lang='grc' dir='ltr'>καὶ</span> <span class='ocrx_word' id='word_1_530' title='bbox 887 4010 1031 4063; x_wconf 83' lang='grc' dir='ltr'>σήτει</span> <span class='ocrx_word' id='word_1_531' title='bbox 1096 4011 1273 4076; x_wconf 85' lang='grc' dir='ltr'>φαγεῖν</span> <span class='ocrx_word' id='word_1_532' title='bbox 1337 4005 1700 4076; x_wconf 83' lang='grc' dir='ltr'>κατηάγκασεν</span> <span class='ocrx_word' id='word_1_533' title='bbox 1745 4003 1859 4077; x_wconf 80' lang='grc'>(21)</span> 
     </span>
    </p>
   </div>
   <div class='ocr_carea' id='block_1_69' title="bbox 2041 3106 3623 3179">
    <p class='ocr_par' dir='ltr' id='par_1_69' title="bbox 2041 3106 3623 3179">
     <span class='ocr_line' id='line_1_69' title="bbox 2041 3106 3623 3179; baseline 0.001 -14"><span class='ocrx_word' id='word_1_534' title='bbox 2041 3113 2126 3165; x_wconf 82' lang='grc'><strong>16.</strong></span> <span class='ocrx_word' id='word_1_535' title='bbox 2156 3108 2271 3166; x_wconf 92' lang='lat' dir='ltr'><strong>Sed</strong></span> <span class='ocrx_word' id='word_1_536' title='bbox 2296 3108 2496 3164; x_wconf 88' lang='lat' dir='ltr'><strong>Ericus</strong></span> <span class='ocrx_word' id='word_1_537' title='bbox 2521 3108 2656 3164; x_wconf 92' lang='lat' dir='ltr'><strong>licet</strong></span> <span class='ocrx_word' id='word_1_538' title='bbox 2685 3106 2864 3164; x_wconf 85' lang='lat' dir='ltr'><strong>Italus</strong></span> <span class='ocrx_word' id='word_1_539' title='bbox 2903 3123 3140 3179; x_wconf 84' lang='lat' dir='ltr'><strong>genere,</strong></span> <span class='ocrx_word' id='word_1_540' title='bbox 3181 3112 3484 3167; x_wconf 83' lang='lat' dir='ltr'><strong>Romanos</strong></span> <span class='ocrx_word' id='word_1_541' title='bbox 3534 3113 3623 3167; x_wconf 88' lang='lat' dir='ltr'><strong>ta-</strong></span> 
     </span>
    </p>
   </div>
   <div class='ocr_carea' id='block_1_70' title="bbox 1967 3196 3626 3272">
    <p class='ocr_par' dir='ltr' id='par_1_70' title="bbox 1967 3196 3626 3272">
     <span class='ocr_line' id='line_1_70' title="bbox 1967 3196 3626 3272; baseline 0 -17"><span class='ocrx_word' id='word_1_542' title='bbox 1967 3215 2104 3255; x_wconf 90' lang='lat' dir='ltr'><strong>men</strong></span> <span class='ocrx_word' id='word_1_543' title='bbox 2138 3203 2194 3255; x_wconf 92' lang='lat' dir='ltr'><strong>et</strong></span> <span class='ocrx_word' id='word_1_544' title='bbox 2219 3196 2902 3272; x_wconf 83' lang='lat' dir='ltr'><strong>Byzantinosindigenas</strong></span> <span class='ocrx_word' id='word_1_545' title='bbox 2914 3197 3207 3270; x_wconf 87' lang='lat' dir='ltr'><strong>placidius</strong></span> <span class='ocrx_word' id='word_1_546' title='bbox 3233 3198 3626 3272; x_wconf 87' lang='lat' dir='ltr'><strong>sedatiusque</strong></span> 
     </span>
    </p>
   </div>
   <div class='ocr_carea' id='block_1_71' title="bbox 1969 3286 3625 3362">
    <p class='ocr_par' dir='ltr' id='par_1_71' title="bbox 1969 3286 3625 3362">
     <span class='ocr_line' id='line_1_71' title="bbox 1969 3286 3625 3362; baseline -0.001 -16"><span class='ocrx_word' id='word_1_547' title='bbox 1969 3287 2460 3362; x_wconf 81' lang='lat' dir='ltr'><strong>amplectebatur,</strong></span> <span class='ocrx_word' id='word_1_548' title='bbox 2494 3291 2548 3344; x_wconf 89' lang='lat' dir='ltr'><strong>et</strong></span> <span class='ocrx_word' id='word_1_549' title='bbox 2577 3303 2650 3344; x_wconf 82' lang='lat' dir='ltr'><strong>ex</strong></span> <span class='ocrx_word' id='word_1_550' title='bbox 2673 3286 2787 3342; x_wconf 91' lang='lat' dir='ltr'><strong>illis</strong></span> <span class='ocrx_word' id='word_1_551' title='bbox 2804 3287 3005 3360; x_wconf 89' lang='lat' dir='ltr'><strong>plures</strong></span> <span class='ocrx_word' id='word_1_552' title='bbox 3024 3288 3176 3344; x_wconf 89' lang='lat' dir='ltr'><strong>inter</strong></span> <span class='ocrx_word' id='word_1_553' title='bbox 3195 3288 3484 3362; x_wconf 90' lang='lat' dir='ltr'><strong>primates</strong></span> <span class='ocrx_word' id='word_1_554' title='bbox 3507 3288 3625 3344; x_wconf 90' lang='lat' dir='ltr'><strong>col-</strong></span> 
     </span>
    </p>
   </div>
   <div class='ocr_carea' id='block_1_72' title="bbox 1967 3375 3628 3450">
    <p class='ocr_par' dir='ltr' id='par_1_72' title="bbox 1967 3375 3628 3450">
     <span class='ocr_line' id='line_1_72' title="bbox 1967 3375 3628 3450; baseline 0.001 -16"><span class='ocrx_word' id='word_1_555' title='bbox 1967 3377 2288 3450; x_wconf 86' lang='lat' dir='ltr'><strong>locaverat,</strong></span> <span class='ocrx_word' id='word_1_556' title='bbox 2345 3377 2494 3434; x_wconf 91' lang='lat' dir='ltr'><strong>alios</strong></span> <span class='ocrx_word' id='word_1_557' title='bbox 2551 3376 2705 3433; x_wconf 89' lang='lat' dir='ltr'><strong>inter</strong></span> <span class='ocrx_word' id='word_1_558' title='bbox 2779 3375 3029 3434; x_wconf 90' lang='lat' dir='ltr'><strong>militem</strong></span> <span class='ocrx_word' id='word_1_559' title='bbox 3107 3377 3628 3448; x_wconf 75' lang='lat' dir='ltr'><strong>adnumeraverat,</strong></span> 
     </span>
    </p>
   </div>
   <div class='ocr_carea' id='block_1_73' title="bbox 1967 3466 3627 3540">
    <p class='ocr_par' dir='ltr' id='par_1_73' title="bbox 1967 3466 3627 3540">
     <span class='ocr_line' id='line_1_73' title="bbox 1967 3466 3627 3540; baseline 0.001 -18"><span class='ocrx_word' id='word_1_560' title='bbox 1967 3467 2207 3540; x_wconf 86' lang='lat' dir='ltr'><strong>plebem</strong></span> <span class='ocrx_word' id='word_1_561' title='bbox 2239 3483 2377 3523; x_wconf 89' lang='lat' dir='ltr'><strong>vero</strong></span> <span class='ocrx_word' id='word_1_562' title='bbox 2408 3466 2590 3523; x_wconf 90' lang='lat' dir='ltr'><strong>veluti</strong></span> <span class='ocrx_word' id='word_1_563' title='bbox 2637 3466 2953 3538; x_wconf 89' lang='lat' dir='ltr'><strong>proprium</strong></span> <span class='ocrx_word' id='word_1_564' title='bbox 3010 3467 3306 3539; x_wconf 91' lang='lat' dir='ltr'><strong>populum</strong></span> <span class='ocrx_word' id='word_1_565' title='bbox 3362 3467 3627 3524; x_wconf 88' lang='lat' dir='ltr'><strong>fovebat.</strong></span> 
     </span>
    </p>
   </div>
   <div class='ocr_carea' id='block_1_74' title="bbox 1969 3555 3630 3613">
    <p class='ocr_par' dir='ltr' id='par_1_74' title="bbox 1969 3555 3630 3613">
     <span class='ocr_line' id='line_1_74' title="bbox 1969 3555 3630 3613; baseline -0.001 -1"><span class='ocrx_word' id='word_1_566' title='bbox 1969 3557 2201 3613; x_wconf 88' lang='lat' dir='ltr'><strong>Etenim</strong></span> <span class='ocrx_word' id='word_1_567' title='bbox 2231 3559 2516 3612; x_wconf 85' lang='lat' dir='ltr'><strong>Romanis</strong></span> <span class='ocrx_word' id='word_1_568' title='bbox 2555 3555 2806 3612; x_wconf 90' lang='lat' dir='ltr'><strong>urbibus</strong></span> <span class='ocrx_word' id='word_1_569' title='bbox 2843 3557 3138 3612; x_wconf 85' lang='lat' dir='ltr'><strong>Lentianis</strong></span> <span class='ocrx_word' id='word_1_570' title='bbox 3165 3571 3234 3612; x_wconf 88' lang='lat' dir='ltr'><strong>ac</strong></span> <span class='ocrx_word' id='word_1_571' title='bbox 3261 3557 3630 3613; x_wconf 74' lang='lat' dir='ltr'><strong>Poemaneno</strong></span> 
     </span>
    </p>
   </div>
   <div class='ocr_carea' id='block_1_75' title="bbox 1968 3643 3630 3720">
    <p class='ocr_par' dir='ltr' id='par_1_75' title="bbox 1968 3643 3630 3720">
     <span class='ocr_line' id='line_1_75' title="bbox 1968 3643 3630 3720; baseline -0.001 -18"><span class='ocrx_word' id='word_1_572' title='bbox 1968 3646 2393 3720; x_wconf 79' lang='lat' dir='ltr'><strong>expugnantis,</strong></span> <span class='ocrx_word' id='word_1_573' title='bbox 2407 3645 2570 3700; x_wconf 91' lang='lat' dir='ltr'><strong>viros</strong></span> <span class='ocrx_word' id='word_1_574' title='bbox 2583 3645 2645 3700; x_wconf 91' lang='lat' dir='ltr'><strong>in</strong></span> <span class='ocrx_word' id='word_1_575' title='bbox 2667 3643 2781 3700; x_wconf 89' lang='lat' dir='ltr'><strong>illis</strong></span> <span class='ocrx_word' id='word_1_576' title='bbox 2797 3647 3041 3701; x_wconf 85' lang='lat' dir='ltr'><strong>Martem</strong></span> <span class='ocrx_word' id='word_1_577' title='bbox 3054 3645 3352 3717; x_wconf 87' lang='lat' dir='ltr'><strong>spirantes</strong></span> <span class='ocrx_word' id='word_1_578' title='bbox 3383 3650 3440 3701; x_wconf 90' lang='lat' dir='ltr'><strong>et</strong></span> <span class='ocrx_word' id='word_1_579' title='bbox 3459 3645 3630 3701; x_wconf 86' lang='lat' dir='ltr'><strong>editis</strong></span> 
     </span>
    </p>
   </div>
   <div class='ocr_carea' id='block_1_76' title="bbox 1968 3732 3632 3806">
    <p class='ocr_par' dir='ltr' id='par_1_76' title="bbox 1968 3732 3632 3806">
     <span class='ocr_line' id='line_1_76' title="bbox 1968 3732 3632 3806; baseline 0 -16"><span class='ocrx_word' id='word_1_580' title='bbox 1968 3733 2338 3792; x_wconf 89' lang='lat' dir='ltr'><strong>facinoribus</strong></span> <span class='ocrx_word' id='word_1_581' title='bbox 2370 3732 2707 3803; x_wconf 89' lang='lat' dir='ltr'><strong>singulares</strong></span> <span class='ocrx_word' id='word_1_582' title='bbox 2729 3737 2944 3806; x_wconf 80' lang='lat' dir='ltr'><strong>praeter</strong></span> <span class='ocrx_word' id='word_1_583' title='bbox 2960 3749 3131 3806; x_wconf 87' lang='lat' dir='ltr'><strong>spem</strong></span> <span class='ocrx_word' id='word_1_584' title='bbox 3147 3733 3423 3790; x_wconf 91' lang='lat' dir='ltr'><strong>inventos</strong></span> <span class='ocrx_word' id='word_1_585' title='bbox 3445 3735 3507 3790; x_wconf 92' lang='lat' dir='ltr'><strong>in</strong></span> <span class='ocrx_word' id='word_1_586' title='bbox 3535 3733 3632 3790; x_wconf 89' lang='lat' dir='ltr'><strong>lu-</strong></span> 
     </span>
    </p>
   </div>
   <div class='ocr_carea' id='block_1_77' title="bbox 1969 3820 3630 3895">
    <p class='ocr_par' dir='ltr' id='par_1_77' title="bbox 1969 3820 3630 3895">
     <span class='ocr_line' id='line_1_77' title="bbox 1969 3820 3630 3895; baseline -0.002 -16"><span class='ocrx_word' id='word_1_587' title='bbox 1969 3839 2071 3879; x_wconf 93' lang='lat' dir='ltr'><strong>cro</strong></span> <span class='ocrx_word' id='word_1_588' title='bbox 2096 3821 2428 3895; x_wconf 89' lang='lat' dir='ltr'><strong>deputavit.</strong></span> <span class='ocrx_word' id='word_1_589' title='bbox 2463 3825 2613 3877; x_wconf 89' lang='lat' dir='ltr'><strong>Nam</strong></span> <span class='ocrx_word' id='word_1_590' title='bbox 2643 3820 2940 3877; x_wconf 88' lang='lat' dir='ltr'><strong>Lentianis</strong></span> <span class='ocrx_word' id='word_1_591' title='bbox 2969 3837 3092 3878; x_wconf 91' lang='lat' dir='ltr'><strong>non</strong></span> <span class='ocrx_word' id='word_1_592' title='bbox 3122 3821 3306 3878; x_wconf 91' lang='lat' dir='ltr'><strong>modo</strong></span> <span class='ocrx_word' id='word_1_593' title='bbox 3344 3821 3630 3879; x_wconf 89' lang='lat' dir='ltr'><strong>custodes</strong></span> 
     </span>
    </p>
   </div>
   <div class='ocr_carea' id='block_1_78' title="bbox 1971 3908 3632 3986">
    <p class='ocr_par' dir='ltr' id='par_1_78' title="bbox 1971 3908 3632 3986">
     <span class='ocr_line' id='line_1_78' title="bbox 1971 3908 3632 3986; baseline -0.001 -18"><span class='ocrx_word' id='word_1_594' title='bbox 1971 3927 2268 3986; x_wconf 90' lang='lat' dir='ltr'><strong>aquarum</strong></span> <span class='ocrx_word' id='word_1_595' title='bbox 2309 3909 2562 3984; x_wconf 90' lang='lat' dir='ltr'><strong>penuria</strong></span> <span class='ocrx_word' id='word_1_596' title='bbox 2589 3908 2817 3979; x_wconf 78' lang='lat' dir='ltr'><strong>afﬂixit,</strong></span> <span class='ocrx_word' id='word_1_597' title='bbox 2844 3926 3054 3966; x_wconf 88' lang='lat' dir='ltr'><strong>verum</strong></span> <span class='ocrx_word' id='word_1_598' title='bbox 3077 3909 3324 3967; x_wconf 88' lang='lat' dir='ltr'><strong>etfamis</strong></span> <span class='ocrx_word' id='word_1_599' title='bbox 3350 3911 3503 3967; x_wconf 89' lang='lat' dir='ltr'><strong>adeo</strong></span> <span class='ocrx_word' id='word_1_600' title='bbox 3534 3926 3632 3967; x_wconf 84' lang='lat' dir='ltr'><strong>ex-</strong></span> 
     </span>
    </p>
   </div>
   <div class='ocr_carea' id='block_1_79' title="bbox 1971 3999 3631 4073">
    <p class='ocr_par' dir='ltr' id='par_1_79' title="bbox 1971 3999 3631 4073">
     <span class='ocr_line' id='line_1_79' title="bbox 1971 3999 3631 4073; baseline -0.001 -15"><span class='ocrx_word' id='word_1_601' title='bbox 1971 4001 2251 4058; x_wconf 83' lang='lat' dir='ltr'><strong>cruciavit</strong></span> <span class='ocrx_word' id='word_1_602' title='bbox 2279 4006 2343 4057; x_wconf 91' lang='lat' dir='ltr'><strong>ut</strong></span> <span class='ocrx_word' id='word_1_603' title='bbox 2371 4004 2680 4056; x_wconf 90' lang='lat' dir='ltr'><strong>scutorum</strong></span> <span class='ocrx_word' id='word_1_604' title='bbox 2717 4015 2830 4056; x_wconf 91' lang='lat' dir='ltr'><strong>nec</strong></span> <span class='ocrx_word' id='word_1_605' title='bbox 2884 4016 3008 4055; x_wconf 92' lang='lat' dir='ltr'><strong>non</strong></span> <span class='ocrx_word' id='word_1_606' title='bbox 3066 4000 3415 4070; x_wconf 81' lang='lat' dir='ltr'><strong>sagulorum</strong></span> <span class='ocrx_word' id='word_1_607' title='bbox 3445 3999 3631 4073; x_wconf 85' lang='lat' dir='ltr'><strong>pelles</strong></span> 
     </span>
    </p>
   </div>
   <div class='ocr_carea' id='block_1_80' title="bbox 327 4121 3632 4202">
    <p class='ocr_par' dir='ltr' id='par_1_80' title="bbox 327 4121 3632 4202">
     <span class='ocr_line' id='line_1_80' title="bbox 327 4121 3632 4202; baseline -0.001 -23"><span class='ocrx_word' id='word_1_608' title='bbox 327 4126 375 4161; x_wconf 77' lang='grc' dir='ltr'><strong>⁸ο</strong></span> <span class='ocrx_word' id='word_1_609' title='bbox 401 4124 894 4202; x_wconf 50' lang='grc' dir='ltr'>βασιλέωςῖῐταλῶν</span> <span class='ocrx_word' id='word_1_610' title='bbox 917 4128 1229 4202; x_wconf 56' lang='grc' dir='ltr'>Ἰξομπέρτου</span> <span class='ocrx_word' id='word_1_611' title='bbox 1261 4124 1645 4202; x_wconf 38' lang='grc' dir='ltr'>ἀδελφήνηΚαὶ</span> <span class='ocrx_word' id='word_1_612' title='bbox 1683 4130 1770 4180; x_wconf 87' lang='grc' dir='ltr'>τὸν</span> <span class='ocrx_word' id='word_1_613' title='bbox 1815 4129 1946 4180; x_wconf 69' lang='grc' dir='ltr'>θεῖον</span> <span class='ocrx_word' id='word_1_614' title='bbox 1971 4128 2072 4202; x_wconf 68' lang='grc' dir='ltr'><strong>γαρ</strong></span> <span class='ocrx_word' id='word_1_615' title='bbox 2129 4124 2316 4202; x_wconf 15' lang='grc' dir='ltr'><strong>νἘῥρῆν</strong></span> <span class='ocrx_word' id='word_1_616' title='bbox 2378 4126 2403 4177; x_wconf 91' lang='lat'><strong><em>6</em></strong></span> <span class='ocrx_word' id='word_1_617' title='bbox 2458 4124 2769 4202; x_wconf 49' lang='grc' dir='ltr'>ξΡόμπερτος</span> <span class='ocrx_word' id='word_1_618' title='bbox 2818 4121 3295 4202; x_wconf 29' lang='grc' dir='ltr'>διεδέξατοᾹπολλὰ</span> <span class='ocrx_word' id='word_1_619' title='bbox 3347 4124 3632 4202; x_wconf 55' lang='grc' dir='ltr'>Ἱξωμαίους</span> 
     </span>
    </p>
   </div>
   <div class='ocr_carea' id='block_1_81' title="bbox 249 4194 3628 4272">
    <p class='ocr_par' dir='ltr' id='par_1_81' title="bbox 249 4194 3628 4272">
     <span class='ocr_line' id='line_1_81' title="bbox 249 4194 3628 4272; baseline -0 -21"><span class='ocrx_word' id='word_1_620' title='bbox 249 4199 381 4257; x_wconf 83' lang='grc' dir='ltr'>ἡττή</span> <span class='ocrx_word' id='word_1_621' title='bbox 394 4194 580 4268; x_wconf 79' lang='grc' dir='ltr'>σαντα,</span> <span class='ocrx_word' id='word_1_622' title='bbox 611 4200 840 4272; x_wconf 82' lang='grc' dir='ltr'>μάλιστα</span> <span class='ocrx_word' id='word_1_623' title='bbox 867 4197 925 4253; x_wconf 75' lang='grc' dir='ltr'>δὲ</span> <span class='ocrx_word' id='word_1_624' title='bbox 955 4194 1010 4262; x_wconf 76' lang='grc' dir='ltr'><em>ἐξ</em></span> <span class='ocrx_word' id='word_1_625' title='bbox 1039 4194 1114 4257; x_wconf 47' lang='grc'><strong>1)(</strong></span> <span class='ocrx_word' id='word_1_626' title='bbox 1137 4200 1182 4234; x_wconf 81' lang='grc'><strong>⁸¹</strong></span> <span class='ocrx_word' id='word_1_627' title='bbox 1215 4200 1329 4252; x_wconf 88' lang='grc' dir='ltr'>κατ’</span> <span class='ocrx_word' id='word_1_628' title='bbox 1367 4194 1722 4261; x_wconf 45' lang='grc' dir='ltr'>-ζκωλὺοντος</span> <span class='ocrx_word' id='word_1_629' title='bbox 1749 4215 1869 4255; x_wconf 91' lang='lat' dir='ltr'><strong>om.</strong></span> <span class='ocrx_word' id='word_1_630' title='bbox 1906 4194 1990 4255; x_wconf 47' lang='grc' dir='ltr'><strong>Β(</strong></span> <span class='ocrx_word' id='word_1_631' title='bbox 2015 4194 2061 4234; x_wconf 51' lang='grc' dir='ltr'><strong>δὲ</strong></span> <span class='ocrx_word' id='word_1_632' title='bbox 2083 4194 2256 4272; x_wconf 72' lang='grc' dir='ltr'>τὸμὲν</span> <span class='ocrx_word' id='word_1_633' title='bbox 2281 4229 2351 4237; x_wconf 96' lang='lat'><strong>—</strong></span> <span class='ocrx_word' id='word_1_634' title='bbox 2380 4194 2696 4272; x_wconf 56' lang='grc' dir='ltr'>καθέστηκεν</span> <span class='ocrx_word' id='word_1_635' title='bbox 2723 4213 2843 4253; x_wconf 94' lang='lat' dir='ltr'><strong>om.</strong></span> <span class='ocrx_word' id='word_1_636' title='bbox 2962 4197 3018 4272; x_wconf 50' lang='lat' dir='ltr'><strong>fa</strong></span> <span class='ocrx_word' id='word_1_637' title='bbox 3048 4198 3114 4249; x_wconf 90' lang='grc' dir='ltr'><strong>τά</strong></span> <span class='ocrx_word' id='word_1_638' title='bbox 3145 4194 3194 4250; x_wconf 86' lang='grc' dir='ltr'>δ’</span> <span class='ocrx_word' id='word_1_639' title='bbox 3222 4194 3454 4250; x_wconf 71' lang='grc' dir='ltr'>ἐντεῦθεν</span> <span class='ocrx_word' id='word_1_640' title='bbox 3480 4195 3628 4272; x_wconf 71' lang='grc' dir='ltr'>τάδε,</span> 
     </span>
    </p>
   </div>
   <div class='ocr_carea' id='block_1_82' title="bbox 245 4266 3633 4346">
    <p class='ocr_par' dir='ltr' id='par_1_82' title="bbox 245 4266 3633 4346">
     <span class='ocr_line' id='line_1_82' title="bbox 245 4266 3633 4346; baseline -0 -23"><span class='ocrx_word' id='word_1_641' title='bbox 245 4266 578 4346; x_wconf 56' lang='grc' dir='ltr'>ῌεόκαστρα,</span> <span class='ocrx_word' id='word_1_642' title='bbox 611 4266 910 4346; x_wconf 54' lang='lat' dir='ltr'><strong>Raetiae»,</strong></span> <span class='ocrx_word' id='word_1_643' title='bbox 938 4272 1144 4346; x_wconf 80' lang='grc' dir='ltr'>Χλίαρά</span> <span class='ocrx_word' id='word_1_644' title='bbox 1163 4291 1214 4324; x_wconf 83' lang='grc' dir='ltr'><strong>τε</strong></span> <span class='ocrx_word' id='word_1_645' title='bbox 1240 4276 1330 4324; x_wconf 89' lang='lat' dir='ltr'><strong>xui</strong></span> <span class='ocrx_word' id='word_1_646' title='bbox 1361 4276 1631 4346; x_wconf 60' lang='grc' dir='ltr'>Πέργαμος</span> <span class='ocrx_word' id='word_1_647' title='bbox 1664 4277 1753 4324; x_wconf 89' lang='lat' dir='ltr'><strong>xui</strong></span> <span class='ocrx_word' id='word_1_648' title='bbox 1785 4271 2109 4346; x_wconf 85' lang='grc' dir='ltr'>πλαγίως</span> <span class='ocrx_word' id='word_1_649' title='bbox 2136 4266 2407 4346; x_wconf 63' lang='grc' dir='ltr'>ἐγκείμενοι</span> <span class='ocrx_word' id='word_1_650' title='bbox 2434 4266 2590 4346; x_wconf 75' lang='grc' dir='ltr'>Μαλδ</span> <span class='ocrx_word' id='word_1_651' title='bbox 2595 4274 2649 4321; x_wconf 84' lang='lat' dir='ltr'><strong>iu</strong></span> <span class='ocrx_word' id='word_1_652' title='bbox 2685 4288 2739 4321; x_wconf 87' lang='grc' dir='ltr'><strong>τε</strong></span> <span class='ocrx_word' id='word_1_653' title='bbox 2767 4274 2856 4346; x_wconf 71' lang='grc' dir='ltr'><strong>καί</strong></span> <span class='ocrx_word' id='word_1_654' title='bbox 2884 4267 3103 4339; x_wconf 78' lang='grc' dir='ltr'>Ὀψίκια</span> <span class='ocrx_word' id='word_1_655' title='bbox 3141 4272 3286 4346; x_wconf 70' lang='grc' dir='ltr'>παρὰ</span> <span class='ocrx_word' id='word_1_656' title='bbox 3330 4277 3424 4322; x_wconf 78' lang='grc' dir='ltr'>τοῦ</span> <span class='ocrx_word' id='word_1_657' title='bbox 3474 4267 3633 4342; x_wconf 83' lang='grc' dir='ltr'>βασι·</span> 
     </span>
    </p>
   </div>
   <div class='ocr_carea' id='block_1_83' title="bbox 246 4288 3271 4420">
    <p class='ocr_par' dir='ltr' id='par_1_83' title="bbox 246 4288 3271 4420">
     <span class='ocr_line' id='line_1_83' title="bbox 246 4288 3271 4397; baseline -0.001 -74"><span class='ocrx_word' id='word_1_658' title='bbox 246 4288 578 4344; x_wconf 62' lang='grc' dir='ltr'>Πεοκαστρα,</span> <span class='ocrx_word' id='word_1_659' title='bbox 617 4288 910 4342; x_wconf 67' lang='grc' dir='ltr'>ιςελϋιανον,</span> <span class='ocrx_word' id='word_1_660' title='bbox 941 4288 1143 4346; x_wconf 63' lang='grc' dir='ltr'>λλιαρα</span> <span class='ocrx_word' id='word_1_661' title='bbox 1163 4291 1214 4324; x_wconf 84' lang='grc' dir='ltr'><strong>τε</strong></span> <span class='ocrx_word' id='word_1_662' title='bbox 1240 4288 1330 4324; x_wconf 86' lang='grc' dir='ltr'><strong>και</strong></span> <span class='ocrx_word' id='word_1_663' title='bbox 1361 4288 1631 4345; x_wconf 84' lang='grc' dir='ltr'>ιιεργαμος</span> <span class='ocrx_word' id='word_1_664' title='bbox 1664 4291 1753 4324; x_wconf 89' lang='grc' dir='ltr'><strong>και</strong></span> <span class='ocrx_word' id='word_1_665' title='bbox 1785 4290 1851 4324; x_wconf 86' lang='grc' dir='ltr'><strong>τα</strong></span> <span class='ocrx_word' id='word_1_666' title='bbox 1877 4288 2109 4342; x_wconf 73' lang='grc' dir='ltr'>πλαγίως</span> <span class='ocrx_word' id='word_1_667' title='bbox 2141 4289 2407 4342; x_wconf 85' lang='grc' dir='ltr'>εγκειμενα</span> <span class='ocrx_word' id='word_1_668' title='bbox 2435 4288 2582 4322; x_wconf 75' lang='lat' dir='ltr'><strong>mum</strong></span> <span class='ocrx_word' id='word_1_669' title='bbox 2595 4289 2649 4321; x_wconf 85' lang='grc' dir='ltr'><strong>ια</strong></span> <span class='ocrx_word' id='word_1_670' title='bbox 2685 4288 2739 4321; x_wconf 86' lang='grc' dir='ltr'><strong>τε</strong></span> <span class='ocrx_word' id='word_1_671' title='bbox 2767 4288 2856 4320; x_wconf 89' lang='grc' dir='ltr'><strong>και</strong></span> <span class='ocrx_word' id='word_1_672' title='bbox 2900 4288 3103 4339; x_wconf 77' lang='grc' dir='ltr'>υψικια</span> <span class='ocrx_word' id='word_1_673' title='bbox 3141 4288 3271 4397; x_wconf 56' lang='lat' dir='ltr'><strong>ruﬁo</strong></span> 
     </span>
     <span class='ocr_line' id='line_1_84' title="bbox 246 4339 3271 4420; baseline -0.001 -24"><span class='ocrx_word' id='word_1_674' title='bbox 246 4341 376 4404; x_wconf 87' lang='grc' dir='ltr'>λέως</span> <span class='ocrx_word' id='word_1_675' title='bbox 406 4341 685 4417; x_wconf 79' lang='grc' dir='ltr'>Θεοδώρου</span> <span class='ocrx_word' id='word_1_676' title='bbox 715 4340 1090 4405; x_wconf 79' lang='grc' dir='ltr'>δεσπόζεσθαι.</span> <span class='ocrx_word' id='word_1_677' title='bbox 1121 4342 1355 4420; x_wconf 77' lang='grc' dir='ltr'>Ὑπῆρχε</span> <span class='ocrx_word' id='word_1_678' title='bbox 1386 4339 1445 4396; x_wconf 71' lang='grc' dir='ltr'>δὲ</span> <span class='ocrx_word' id='word_1_679' title='bbox 1477 4345 1643 4416; x_wconf 82' lang='grc' dir='ltr'>τούτῳ</span> <span class='ocrx_word' id='word_1_680' title='bbox 1671 4347 1761 4397; x_wconf 86' lang='grc' dir='ltr'>καὶ</span> <span class='ocrx_word' id='word_1_681' title='bbox 1788 4342 1914 4402; x_wconf 79' lang='grc' dir='ltr'>ἄλλη</span> <span class='ocrx_word' id='word_1_682' title='bbox 1942 4349 2100 4418; x_wconf 89' lang='grc' dir='ltr'>χώρα</span> <span class='ocrx_word' id='word_1_683' title='bbox 2122 4345 2153 4401; x_wconf 82' lang='grc' dir='ltr'>ἡ</span> <span class='ocrx_word' id='word_1_684' title='bbox 2189 4341 2254 4397; x_wconf 92' lang='lat' dir='ltr'><strong>D.</strong></span> <span class='ocrx_word' id='word_1_685' title='bbox 2289 4343 2336 4377; x_wconf 67' lang='grc'><strong>⁸⁸</strong></span> <span class='ocrx_word' id='word_1_686' title='bbox 2376 4347 2466 4394; x_wconf 84' lang='grc' dir='ltr'>καὶ</span> <span class='ocrx_word' id='word_1_687' title='bbox 2493 4342 2626 4394; x_wconf 77' lang='grc' dir='ltr'>οὕτω</span> <span class='ocrx_word' id='word_1_688' title='bbox 2656 4372 2724 4380; x_wconf 90' lang='grc'><strong>-</strong></span> <span class='ocrx_word' id='word_1_689' title='bbox 2744 4343 3033 4416; x_wconf 88' lang='grc' dir='ltr'>πράγματα</span> <span class='ocrx_word' id='word_1_690' title='bbox 3061 4357 3177 4398; x_wconf 89' lang='lat' dir='ltr'><strong>em.</strong></span> <span class='ocrx_word' id='word_1_691' title='bbox 3257 4384 3271 4397; x_wconf 92' lang='lat'><strong>.</strong></span> 
     </span>
    </p>
   </div>
   <div class='ocr_carea' id='block_1_84' title="bbox 1139 4484 2738 4556">
    <p class='ocr_par' dir='ltr' id='par_1_84' title="bbox 1139 4484 2738 4556">
     <span class='ocr_line' id='line_1_85' title="bbox 1139 4484 2738 4556; baseline 0.001 -3"><span class='ocrx_word' id='word_1_692' title='bbox 1139 4485 1484 4555; x_wconf 91' lang='lat' dir='ltr'><strong>Theodori</strong></span> <span class='ocrx_word' id='word_1_693' title='bbox 1534 4487 1785 4556; x_wconf 68' lang='lat' dir='ltr'><strong>Dousa:</strong></span> <span class='ocrx_word' id='word_1_694' title='bbox 1834 4494 1901 4555; x_wconf 89' lang='lat' dir='ltr'><strong>et</strong></span> <span class='ocrx_word' id='word_1_695' title='bbox 1945 4485 2200 4555; x_wconf 89' lang='lat' dir='ltr'><strong>Leonis</strong></span> <span class='ocrx_word' id='word_1_696' title='bbox 2248 4484 2485 4554; x_wconf 88' lang='lat' dir='ltr'><strong>Allatii</strong></span> <span class='ocrx_word' id='word_1_697' title='bbox 2534 4493 2738 4554; x_wconf 80' lang='lat' dir='ltr'><strong>notae.</strong></span> 
     </span>
    </p>
   </div>
   <div class='ocr_carea' id='block_1_85' title="bbox 321 4644 1938 4728">
    <p class='ocr_par' dir='ltr' id='par_1_85' title="bbox 321 4644 1938 4728">
     <span class='ocr_line' id='line_1_86' title="bbox 321 4644 1938 4728; baseline -0.001 -26"><span class='ocrx_word' id='word_1_698' title='bbox 321 4646 640 4728; x_wconf 46' lang='lat' dir='ltr'><strong>(Mur-lixa:</strong></span> <span class='ocrx_word' id='word_1_699' title='bbox 668 4649 781 4728; x_wconf 56' lang='grc' dir='ltr'>καὶ-</span> <span class='ocrx_word' id='word_1_700' title='bbox 803 4644 965 4728; x_wconf 62' lang='grc' dir='ltr'>αυτοῦ</span> <span class='ocrx_word' id='word_1_701' title='bbox 1013 4652 1106 4698; x_wconf 82' lang='grc' dir='ltr'>τοῦ</span> <span class='ocrx_word' id='word_1_702' title='bbox 1135 4649 1498 4728; x_wconf 43' lang='grc' dir='ltr'>,Νυμηφαίοω</span> <span class='ocrx_word' id='word_1_703' title='bbox 1552 4645 1859 4728; x_wconf 45' lang='lat' dir='ltr'><strong>Multamde</strong></span> <span class='ocrx_word' id='word_1_704' title='bbox 1892 4649 1938 4701; x_wconf 92' lang='lat' dir='ltr'><strong>D</strong></span> 
     </span>
    </p>
   </div>
   <div class='ocr_carea' id='block_1_86' title="bbox 244 4716 1862 4789">
    <p class='ocr_par' dir='ltr' id='par_1_86' title="bbox 244 4716 1862 4789">
     <span class='ocr_line' id='line_1_87' title="bbox 244 4716 1862 4789; baseline 0.001 -15"><span class='ocrx_word' id='word_1_705' title='bbox 244 4716 730 4789; x_wconf 77' lang='lat' dir='ltr'><strong>expeditionibus</strong></span> <span class='ocrx_word' id='word_1_706' title='bbox 763 4718 1112 4774; x_wconf 86' lang='lat' dir='ltr'><strong>Latinorum</strong></span> <span class='ocrx_word' id='word_1_707' title='bbox 1130 4716 1194 4774; x_wconf 92' lang='lat' dir='ltr'><strong>in</strong></span> <span class='ocrx_word' id='word_1_708' title='bbox 1225 4716 1460 4775; x_wconf 79' lang='lat' dir='ltr'><strong>Oriente</strong></span> <span class='ocrx_word' id='word_1_709' title='bbox 1480 4723 1688 4774; x_wconf 87' lang='lat' dir='ltr'><strong>narrat</strong></span> <span class='ocrx_word' id='word_1_710' title='bbox 1714 4718 1862 4776; x_wconf 89' lang='lat' dir='ltr'><strong>Cho-</strong></span> 
     </span>
    </p>
   </div>
   <div class='ocr_carea' id='block_1_87' title="bbox 240 4788 1011 4848">
    <p class='ocr_par' dir='ltr' id='par_1_87' title="bbox 240 4788 1011 4848">
     <span class='ocr_line' id='line_1_88' title="bbox 240 4788 1011 4848; baseline -0.008 0"><span class='ocrx_word' id='word_1_711' title='bbox 240 4788 412 4848; x_wconf 86' lang='lat' dir='ltr'><strong>niata</strong></span> <span class='ocrx_word' id='word_1_712' title='bbox 433 4791 496 4846; x_wconf 90' lang='lat' dir='ltr'><strong>in</strong></span> <span class='ocrx_word' id='word_1_713' title='bbox 526 4789 842 4846; x_wconf 91' lang='lat' dir='ltr'><strong>Balduino.</strong></span> <span class='ocrx_word' id='word_1_714' title='bbox 874 4793 1011 4845; x_wconf 85' lang='lat' dir='ltr'><strong>ALL.</strong></span> 
     </span>
    </p>
   </div>
   <div class='ocr_carea' id='block_1_88' title="bbox 318 4858 1856 4934">
    <p class='ocr_par' dir='ltr' id='par_1_88' title="bbox 318 4858 1856 4934">
     <span class='ocr_line' id='line_1_89' title="bbox 318 4858 1856 4934; baseline 0.001 -17"><span class='ocrx_word' id='word_1_715' title='bbox 318 4861 432 4934; x_wconf 85' lang='lat' dir='ltr'><strong>(l7)</strong></span> <span class='ocrx_word' id='word_1_716' title='bbox 487 4863 849 4934; x_wconf 84' lang='grc' dir='ltr'>Νεοκάστρὼν.</span> <span class='ocrx_word' id='word_1_717' title='bbox 937 4865 1112 4916; x_wconf 80' lang='lat' dir='ltr'><strong>Anna</strong></span> <span class='ocrx_word' id='word_1_718' title='bbox 1199 4859 1526 4928; x_wconf 90' lang='lat' dir='ltr'><strong>Comnena,</strong></span> <span class='ocrx_word' id='word_1_719' title='bbox 1588 4858 1693 4915; x_wconf 93' lang='lat' dir='ltr'><strong>lib.</strong></span> <span class='ocrx_word' id='word_1_720' title='bbox 1746 4869 1856 4918; x_wconf 81' lang='lat' dir='ltr'><strong>xiv.</strong></span> 
     </span>
    </p>
   </div>
   <div class='ocr_carea' id='block_1_89' title="bbox 237 4938 383 4990">
    <p class='ocr_par' dir='ltr' id='par_1_89' title="bbox 237 4938 383 4990">
     <span class='ocr_line' id='line_1_90' title="bbox 237 4938 383 4990; baseline -0.007 0"><span class='ocrx_word' id='word_1_721' title='bbox 237 4938 383 4990; x_wconf 82' lang='lat' dir='ltr'><strong>ALL.</strong></span> 
     </span>
    </p>
   </div>
   <div class='ocr_carea' id='block_1_90' title="bbox 317 5000 1861 5076">
    <p class='ocr_par' dir='ltr' id='par_1_90' title="bbox 317 5000 1861 5076">
     <span class='ocr_line' id='line_1_91' title="bbox 317 5000 1861 5076; baseline -0.002 -16"><span class='ocrx_word' id='word_1_722' title='bbox 317 5005 429 5076; x_wconf 90' lang='grc'>(18)</span> <span class='ocrx_word' id='word_1_723' title='bbox 455 5000 687 5072; x_wconf 80' lang='grc' dir='ltr'>Μολδία,</span> <span class='ocrx_word' id='word_1_724' title='bbox 729 5009 818 5056; x_wconf 86' lang='grc' dir='ltr'>καὶ</span> <span class='ocrx_word' id='word_1_725' title='bbox 877 5002 1082 5076; x_wconf 67' lang='grc' dir='ltr'>ὀψίχια.</span> <span class='ocrx_word' id='word_1_726' title='bbox 1108 5005 1196 5076; x_wconf 85' lang='lat' dir='ltr'><strong>De</strong></span> <span class='ocrx_word' id='word_1_727' title='bbox 1262 5002 1545 5076; x_wconf 84' lang='lat' dir='ltr'><strong>themat_e_</strong></span> <span class='ocrx_word' id='word_1_728' title='bbox 1582 5001 1861 5076; x_wconf 78' lang='lat' dir='ltr'><strong>Obsequii</strong></span> 
     </span>
    </p>
   </div>
   <div class='ocr_carea' id='block_1_91' title="bbox 239 5069 1860 5203">
    <p class='ocr_par' dir='ltr' id='par_1_91' title="bbox 239 5069 1860 5203">
     <span class='ocr_line' id='line_1_92' title="bbox 240 5069 1860 5148; baseline -0.001 -17"><span class='ocrx_word' id='word_1_729' title='bbox 240 5069 428 5142; x_wconf 79' lang='lat' dir='ltr'><strong>supra</strong></span> <span class='ocrx_word' id='word_1_730' title='bbox 458 5069 742 5148; x_wconf 63' lang='lat' dir='ltr'><strong>quaedam</strong></span> <span class='ocrx_word' id='word_1_731' title='bbox 773 5069 1079 5132; x_wconf 79' lang='lat' dir='ltr'><strong>attulimus</strong></span> <span class='ocrx_word' id='word_1_732' title='bbox 1101 5075 1163 5131; x_wconf 90' lang='lat' dir='ltr'><strong>in</strong></span> <span class='ocrx_word' id='word_1_733' title='bbox 1191 5075 1370 5145; x_wconf 86' lang='lat' dir='ltr'><strong>notis,</strong></span> <span class='ocrx_word' id='word_1_734' title='bbox 1399 5069 1609 5128; x_wconf 85' lang='grc' dir='ltr'>Μολδία</span> <span class='ocrx_word' id='word_1_735' title='bbox 1633 5069 1860 5130; x_wconf 75' lang='lat' dir='ltr'><strong>videtur</strong></span> 
     </span>
     <span class='ocr_line' id='line_1_93' title="bbox 239 5147 811 5203; baseline 0 -1"><span class='ocrx_word' id='word_1_736' title='bbox 239 5147 574 5203; x_wconf 64' lang='lat' dir='ltr'><strong>Moldattia.</strong></span> <span class='ocrx_word' id='word_1_737' title='bbox 600 5150 811 5203; x_wconf 82' lang='lat' dir='ltr'><strong>DOUSA.</strong></span> 
     </span>
    </p>
   </div>
   <div class='ocr_carea' id='block_1_92' title="bbox 307 5163 811 5203">
    <p class='ocr_par' dir='ltr' id='par_1_92' title="bbox 307 5163 811 5203">
     <span class='ocr_line' id='line_1_94' title="bbox 307 5163 811 5203; baseline 0 -1"><span class='ocrx_word' id='word_1_738' title='bbox 307 5163 574 5203; x_wconf 69' lang='lat' dir='ltr'><strong>Otaaua.</strong></span> <span class='ocrx_word' id='word_1_739' title='bbox 601 5163 811 5203; x_wconf 82' lang='lat' dir='ltr'><strong>UOUSA.</strong></span> 
     </span>
    </p>
   </div>
   <div class='ocr_carea' id='block_1_93' title="bbox 312 5163 1860 5292">
    <p class='ocr_par' dir='ltr' id='par_1_93' title="bbox 312 5163 1860 5292">
     <span class='ocr_line' id='line_1_95' title="bbox 312 5163 811 5204; baseline 0 -2"><span class='ocrx_word' id='word_1_740' title='bbox 312 5163 574 5204; x_wconf 68' lang='lat' dir='ltr'><strong>ozaama.</strong></span> <span class='ocrx_word' id='word_1_741' title='bbox 601 5163 811 5204; x_wconf 82' lang='lat' dir='ltr'><strong>UOUSA.</strong></span> 
     </span>
     <span class='ocr_line' id='line_1_96' title="bbox 312 5216 1860 5292; baseline 0.001 -20"><span class='ocrx_word' id='word_1_742' title='bbox 312 5218 424 5292; x_wconf 66' lang='lat'><strong>(19)</strong></span> <span class='ocrx_word' id='word_1_743' title='bbox 454 5217 658 5292; x_wconf 76' lang='grc' dir='ltr'><strong>Ἐῥρῆς.</strong></span> <span class='ocrx_word' id='word_1_744' title='bbox 691 5217 965 5292; x_wconf 86' lang='lat' dir='ltr'><strong>Balduini</strong></span> <span class='ocrx_word' id='word_1_745' title='bbox 1006 5216 1188 5292; x_wconf 77' lang='lat' dir='ltr'><strong>frater</strong></span> <span class='ocrx_word' id='word_1_746' title='bbox 1234 5221 1371 5292; x_wconf 83' lang='lat' dir='ltr'><strong>post</strong></span> <span class='ocrx_word' id='word_1_747' title='bbox 1416 5221 1674 5292; x_wconf 77' lang='lat' dir='ltr'><strong>mortem</strong></span> <span class='ocrx_word' id='word_1_748' title='bbox 1736 5216 1860 5273; x_wconf 89' lang='lat' dir='ltr'><strong>Bal-</strong></span> 
     </span>
    </p>
   </div>
   <div class='ocr_carea' id='block_1_94' title="bbox 237 5287 1858 5361">
    <p class='ocr_par' dir='ltr' id='par_1_94' title="bbox 237 5287 1858 5361">
     <span class='ocr_line' id='line_1_97' title="bbox 237 5287 1858 5361; baseline 0.001 -17"><span class='ocrx_word' id='word_1_749' title='bbox 237 5288 412 5344; x_wconf 90' lang='lat' dir='ltr'><strong>duini</strong></span> <span class='ocrx_word' id='word_1_750' title='bbox 441 5287 628 5345; x_wconf 83' lang='lat' dir='ltr'><strong>tenuit</strong></span> <span class='ocrx_word' id='word_1_751' title='bbox 657 5295 714 5345; x_wconf 91' lang='lat' dir='ltr'><strong>et</strong></span> <span class='ocrx_word' id='word_1_752' title='bbox 737 5289 1096 5359; x_wconf 87' lang='lat' dir='ltr'><strong>gubernavit</strong></span> <span class='ocrx_word' id='word_1_753' title='bbox 1125 5287 1447 5361; x_wconf 81' lang='lat' dir='ltr'><strong>imperium</strong></span> <span class='ocrx_word' id='word_1_754' title='bbox 1479 5287 1858 5361; x_wconf 90' lang='lat' dir='ltr'><strong>Cpolitanum</strong></span> 
     </span>
    </p>
   </div>
   <div class='ocr_carea' id='block_1_95' title="bbox 237 5361 1857 5432">
    <p class='ocr_par' dir='ltr' id='par_1_95' title="bbox 237 5361 1857 5432">
     <span class='ocr_line' id='line_1_98' title="bbox 237 5361 1857 5432; baseline 0 -16"><span class='ocrx_word' id='word_1_755' title='bbox 237 5376 672 5432; x_wconf 12' lang='lat' dir='ltr'><strong>annumiunum</strong></span> <span class='ocrx_word' id='word_1_756' title='bbox 686 5369 992 5418; x_wconf 90' lang='lat' dir='ltr'><strong>etmenses</strong></span> <span class='ocrx_word' id='word_1_757' title='bbox 1004 5366 1268 5432; x_wconf 89' lang='lat' dir='ltr'><strong>quatuor</strong></span> <span class='ocrx_word' id='word_1_758' title='bbox 1281 5361 1514 5432; x_wconf 89' lang='lat' dir='ltr'><strong>absque</strong></span> <span class='ocrx_word' id='word_1_759' title='bbox 1534 5361 1857 5432; x_wconf 90' lang='lat' dir='ltr'><strong>imperato-</strong></span> 
     </span>
    </p>
   </div>
   <div class='ocr_carea' id='block_1_96' title="bbox 235 5431 1852 5504">
    <p class='ocr_par' dir='ltr' id='par_1_96' title="bbox 235 5431 1852 5504">
     <span class='ocr_line' id='line_1_99' title="bbox 235 5431 1852 5504; baseline -0.001 -16"><span class='ocrx_word' id='word_1_760' title='bbox 235 5433 326 5488; x_wconf 91' lang='lat' dir='ltr'><strong>rio</strong></span> <span class='ocrx_word' id='word_1_761' title='bbox 357 5431 528 5489; x_wconf 88' lang='lat' dir='ltr'><strong>titulo</strong></span> <span class='ocrx_word' id='word_1_762' title='bbox 557 5451 570 5500; x_wconf 90' lang='lat'><strong>;</strong></span> <span class='ocrx_word' id='word_1_763' title='bbox 603 5433 830 5489; x_wconf 88' lang='lat' dir='ltr'><strong>nemini</strong></span> <span class='ocrx_word' id='word_1_764' title='bbox 860 5431 1045 5499; x_wconf 64' lang='lat' dir='ltr'><strong>enim;</strong></span> <span class='ocrx_word' id='word_1_765' title='bbox 1075 5431 1154 5488; x_wconf 89' lang='lat' dir='ltr'><strong>ita</strong></span> <span class='ocrx_word' id='word_1_766' title='bbox 1197 5431 1484 5489; x_wconf 80' lang='lat' dir='ltr'><strong>referente</strong></span> <span class='ocrx_word' id='word_1_767' title='bbox 1539 5431 1756 5504; x_wconf 81' lang='lat' dir='ltr'><strong>Niceta,</strong></span> <span class='ocrx_word' id='word_1_768' title='bbox 1792 5446 1852 5504; x_wconf 93' lang='lat' dir='ltr'><strong>p.</strong></span> 
     </span>
    </p>
   </div>
   <div class='ocr_carea' id='block_1_97' title="bbox 235 5501 1856 5577">
    <p class='ocr_par' dir='ltr' id='par_1_97' title="bbox 235 5501 1856 5577">
     <span class='ocr_line' id='line_1_100' title="bbox 235 5501 1856 5577; baseline 0.001 -20"><span class='ocrx_word' id='word_1_769' title='bbox 235 5504 784 5577; x_wconf 66' lang='lat' dir='ltr'><strong>847,_popularium</strong></span> <span class='ocrx_word' id='word_1_770' title='bbox 817 5520 1070 5577; x_wconf 89' lang='lat' dir='ltr'><strong>suorum</strong></span> <span class='ocrx_word' id='word_1_771' title='bbox 1117 5504 1287 5577; x_wconf 81' lang='lat' dir='ltr'><strong>regni</strong></span> <span class='ocrx_word' id='word_1_772' title='bbox 1318 5501 1856 5577; x_wconf 78' lang='lat' dir='ltr'><strong>inaugurationem</strong></span> 
     </span>
    </p>
   </div>
   <div class='ocr_carea' id='block_1_98' title="bbox 237 5573 1855 5647">
    <p class='ocr_par' dir='ltr' id='par_1_98' title="bbox 237 5573 1855 5647">
     <span class='ocr_line' id='line_1_101' title="bbox 237 5573 1855 5647; baseline 0 -17"><span class='ocrx_word' id='word_1_773' title='bbox 237 5573 586 5633; x_wconf 72' lang='lat' dir='ltr'><strong>condonare</strong></span> <span class='ocrx_word' id='word_1_774' title='bbox 617 5575 1072 5647; x_wconf 85' lang='lat' dir='ltr'><strong>voluerunt.nisi</strong></span> <span class='ocrx_word' id='word_1_775' title='bbox 1124 5573 1396 5647; x_wconf 81' lang='lat' dir='ltr'><strong>Balduini</strong></span> <span class='ocrx_word' id='word_1_776' title='bbox 1435 5573 1855 5647; x_wconf 82' lang='lat' dir='ltr'><strong>morteexplo-</strong></span> 
     </span>
    </p>
   </div>
   <div class='ocr_carea' id='block_1_99' title="bbox 229 5646 1854 5720">
    <p class='ocr_par' dir='ltr' id='par_1_99' title="bbox 229 5646 1854 5720">
     <span class='ocr_line' id='line_1_102' title="bbox 229 5646 1854 5720; baseline -0.001 -17"><span class='ocrx_word' id='word_1_777' title='bbox 229 5647 561 5720; x_wconf 89' lang='lat' dir='ltr'><strong>rata,quod</strong></span> <span class='ocrx_word' id='word_1_778' title='bbox 597 5661 984 5720; x_wconf 82' lang='lat' dir='ltr'><strong>summopere</strong></span> <span class='ocrx_word' id='word_1_779' title='bbox 1013 5646 1276 5704; x_wconf 88' lang='lat' dir='ltr'><strong>laudans</strong></span> <span class='ocrx_word' id='word_1_780' title='bbox 1306 5646 1599 5705; x_wconf 87' lang='lat' dir='ltr'><strong>Cboniata</strong></span> <span class='ocrx_word' id='word_1_781' title='bbox 1628 5646 1689 5703; x_wconf 91' lang='lat' dir='ltr'><strong>in</strong></span> <span class='ocrx_word' id='word_1_782' title='bbox 1708 5646 1854 5704; x_wconf 89' lang='lat' dir='ltr'><strong>suos</strong></span> 
     </span>
    </p>
   </div>
   <div class='ocr_carea' id='block_1_100' title="bbox 233 5719 992 5779">
    <p class='ocr_par' dir='ltr' id='par_1_100' title="bbox 233 5719 992 5779">
     <span class='ocr_line' id='line_1_103' title="bbox 233 5719 992 5779; baseline -0.001 -3"><span class='ocrx_word' id='word_1_783' title='bbox 233 5719 472 5779; x_wconf 78' lang='lat' dir='ltr'><strong>Graecos</strong></span> <span class='ocrx_word' id='word_1_784' title='bbox 497 5719 820 5777; x_wconf 88' lang='lat' dir='ltr'><strong>invehitur.</strong></span> <span class='ocrx_word' id='word_1_785' title='bbox 851 5721 992 5775; x_wconf 83' lang='lat' dir='ltr'><strong>ALL.</strong></span> 
     </span>
    </p>
   </div>
   <div class='ocr_carea' id='block_1_101' title="bbox 2043 4641 3319 4717">
    <p class='ocr_par' dir='ltr' id='par_1_101' title="bbox 2043 4641 3319 4717">
     <span class='ocr_line' id='line_1_104' title="bbox 2043 4641 3319 4717; baseline 0.002 -16"><span class='ocrx_word' id='word_1_786' title='bbox 2043 4646 2166 4717; x_wconf 11' lang='grc'>(20),</span> <span class='ocrx_word' id='word_1_787' title='bbox 2212 4647 2294 4717; x_wconf 35' lang='grc' dir='ltr'><strong>Τὸ-</strong></span> <span class='ocrx_word' id='word_1_788' title='bbox 2340 4641 2399 4698; x_wconf 77' lang='grc' dir='ltr'>δὲ</span> <span class='ocrx_word' id='word_1_789' title='bbox 2489 4647 2657 4698; x_wconf 87' lang='grc' dir='ltr'>κοινὸν</span> <span class='ocrx_word' id='word_1_790' title='bbox 2707 4645 2900 4707; x_wconf 82' lang='grc' dir='ltr'>πλῆθος</span> <span class='ocrx_word' id='word_1_791' title='bbox 2957 4647 3028 4709; x_wconf 87' lang='grc' dir='ltr'><strong>ὡς</strong></span> <span class='ocrx_word' id='word_1_792' title='bbox 3106 4646 3319 4703; x_wconf 86' lang='grc' dir='ltr'>οἰκεῖον.</span> 
     </span>
    </p>
   </div>
   <div class='ocr_carea' id='block_1_102' title="bbox 1968 4715 2572 4773">
    <p class='ocr_par' dir='ltr' id='par_1_102' title="bbox 1968 4715 2572 4773">
     <span class='ocr_line' id='line_1_105' title="bbox 1968 4715 2572 4773; baseline -0.002 0"><span class='ocrx_word' id='word_1_793' title='bbox 1968 4715 2216 4773; x_wconf 69' lang='grc' dir='ltr'>ωῐιιεὶη</span> <span class='ocrx_word' id='word_1_794' title='bbox 2239 4715 2530 4772; x_wconf 88' lang='lat' dir='ltr'><strong>Chronico</strong></span> <span class='ocrx_word' id='word_1_795' title='bbox 2559 4734 2572 4772; x_wconf 90' lang='lat'>:</span> 
     </span>
    </p>
   </div>
   <div class='ocr_carea' id='block_1_103' title="bbox 2112 4787 3262 4861">
    <p class='ocr_par' dir='ltr' id='par_1_103' title="bbox 2112 4787 3262 4861">
     <span class='ocr_line' id='line_1_106' title="bbox 2112 4787 3262 4861; baseline 0.001 -21"><span class='ocrx_word' id='word_1_796' title='bbox 2112 4787 2242 4861; x_wconf 73' lang='grc' dir='ltr'>Μεθ’</span> <span class='ocrx_word' id='word_1_797' title='bbox 2269 4788 2321 4839; x_wconf 86' lang='grc' dir='ltr'>ὃν</span> <span class='ocrx_word' id='word_1_798' title='bbox 2341 4789 2612 4861; x_wconf 66' lang='grc' dir='ltr'><strong>Δκατάρχει</strong></span> <span class='ocrx_word' id='word_1_799' title='bbox 2643 4792 2878 4840; x_wconf 77' lang='grc' dir='ltr'>Λατίνων</span> <span class='ocrx_word' id='word_1_800' title='bbox 2904 4797 3003 4841; x_wconf 86' lang='grc' dir='ltr'>τῶν</span> <span class='ocrx_word' id='word_1_801' title='bbox 3020 4789 3082 4861; x_wconf 20' lang='grc' dir='ltr'><strong>λέν</strong></span> <span class='ocrx_word' id='word_1_802' title='bbox 3117 4791 3262 4843; x_wconf 85' lang='grc' dir='ltr'>πόλει</span> 
     </span>
    </p>
   </div>
   <div class='ocr_carea' id='block_1_104' title="bbox 2114 4856 3284 4933">
    <p class='ocr_par' dir='ltr' id='par_1_104' title="bbox 2114 4856 3284 4933">
     <span class='ocr_line' id='line_1_107' title="bbox 2114 4856 3284 4933; baseline 0.005 -25"><span class='ocrx_word' id='word_1_803' title='bbox 2114 4856 2532 4933; x_wconf 33' lang='grc' dir='ltr'><strong>κλῆσινᾼἘῤῥῆς</strong></span> <span class='ocrx_word' id='word_1_804' title='bbox 2551 4856 2808 4933; x_wconf 69' lang='grc' dir='ltr'>σύναιμος</span> <span class='ocrx_word' id='word_1_805' title='bbox 2847 4869 2912 4912; x_wconf 88' lang='grc' dir='ltr'><strong>ῶν</strong></span> <span class='ocrx_word' id='word_1_806' title='bbox 2947 4858 3284 4931; x_wconf 82' lang='grc' dir='ltr'>Βαλδουῖνου,</span> 
     </span>
    </p>
   </div>
   <div class='ocr_carea' id='block_1_105' title="bbox 2114 4928 3043 5004">
    <p class='ocr_par' dir='ltr' id='par_1_105' title="bbox 2114 4928 3043 5004">
     <span class='ocr_line' id='line_1_108' title="bbox 2114 4928 3043 5004; baseline 0 -22"><span class='ocrx_word' id='word_1_807' title='bbox 2114 4929 2270 5004; x_wconf 79' lang='grc' dir='ltr'>Ἀνὴρ</span> <span class='ocrx_word' id='word_1_808' title='bbox 2303 4928 2495 5004; x_wconf 51' lang='grc' dir='ltr'>ἱλαρὰ,</span> <span class='ocrx_word' id='word_1_809' title='bbox 2533 4928 3043 5004; x_wconf 22' lang='grc' dir='ltr'>εὐμενὴςμὺπηκόοις,</span> 
     </span>
    </p>
   </div>
   <div class='ocr_carea' id='block_1_106' title="bbox 2140 4997 3317 5073">
    <p class='ocr_par' dir='ltr' id='par_1_106' title="bbox 2140 4997 3317 5073">
     <span class='ocr_line' id='line_1_109' title="bbox 2140 4997 3317 5073; baseline 0.001 -19"><span class='ocrx_word' id='word_1_810' title='bbox 2140 4997 2278 5073; x_wconf 80' lang='grc' dir='ltr'>Πρὸς</span> <span class='ocrx_word' id='word_1_811' title='bbox 2309 4997 2368 5052; x_wconf 67' lang='grc' dir='ltr'><strong>δε</strong></span> <span class='ocrx_word' id='word_1_812' title='bbox 2388 4997 2690 5073; x_wconf 71' lang='grc' dir='ltr'>’στρατηγὸς</span> <span class='ocrx_word' id='word_1_813' title='bbox 2721 5000 2932 5073; x_wconf 74' lang='grc' dir='ltr'>εὐσθενὴ</span> <span class='ocrx_word' id='word_1_814' title='bbox 2947 5023 2986 5069; x_wconf 93' lang='grc' dir='ltr'><strong>ς,</strong></span> <span class='ocrx_word' id='word_1_815' title='bbox 3013 4997 3317 5073; x_wconf 80' lang='grc' dir='ltr'>τολμητίας,</span> 
     </span>
    </p>
   </div>
   <div class='ocr_carea' id='block_1_107' title="bbox 2115 5071 3222 5148">
    <p class='ocr_par' dir='ltr' id='par_1_107' title="bbox 2115 5071 3222 5148">
     <span class='ocr_line' id='line_1_110' title="bbox 2115 5071 3222 5148; baseline 0 -24"><span class='ocrx_word' id='word_1_816' title='bbox 2115 5071 2432 5146; x_wconf 81' lang='grc' dir='ltr'><strong>Ὀξύῤῥοπός</strong></span> <span class='ocrx_word' id='word_1_817' title='bbox 2461 5071 2516 5124; x_wconf 75' lang='grc' dir='ltr'><strong>τε</strong></span> <span class='ocrx_word' id='word_1_818' title='bbox 2547 5071 2674 5148; x_wconf 86' lang='grc' dir='ltr'>πρὸς</span> <span class='ocrx_word' id='word_1_819' title='bbox 2699 5075 2882 5148; x_wconf 71' lang='grc' dir='ltr'>μάχας</span> <span class='ocrx_word' id='word_1_820' title='bbox 2909 5071 3222 5148; x_wconf 67' lang='grc' dir='ltr'>ᾁντιπάλων,</span> 
     </span>
    </p>
   </div>
   <div class='ocr_carea' id='block_1_108' title="bbox 2112 5141 3204 5219">
    <p class='ocr_par' dir='ltr' id='par_1_108' title="bbox 2112 5141 3204 5219">
     <span class='ocr_line' id='line_1_111' title="bbox 2112 5141 3204 5219; baseline -0.001 -23"><span class='ocrx_word' id='word_1_821' title='bbox 2112 5149 2214 5219; x_wconf 48' lang='lat' dir='ltr'><strong>Fui</strong></span> <span class='ocrx_word' id='word_1_822' title='bbox 2242 5141 2562 5219; x_wconf 71' lang='grc' dir='ltr'>’στρατίώτας</span> <span class='ocrx_word' id='word_1_823' title='bbox 2585 5141 2861 5216; x_wconf 74' lang='grc' dir='ltr'>γεννάδας,</span> <span class='ocrx_word' id='word_1_824' title='bbox 2892 5144 3204 5219; x_wconf 77' lang='grc' dir='ltr'>ῥωμαλέους,</span> 
     </span>
    </p>
   </div>
   <div class='ocr_carea' id='block_1_109' title="bbox 2108 5213 3258 5288">
    <p class='ocr_par' dir='ltr' id='par_1_109' title="bbox 2108 5213 3258 5288">
     <span class='ocr_line' id='line_1_112' title="bbox 2108 5213 3258 5288; baseline -0.003 -18"><span class='ocrx_word' id='word_1_825' title='bbox 2108 5213 2360 5288; x_wconf 67' lang='grc' dir='ltr'>Ἕλληνας</span> <span class='ocrx_word' id='word_1_826' title='bbox 2397 5213 2498 5269; x_wconf 82' lang='grc' dir='ltr'><strong>άνδ</strong></span> <span class='ocrx_word' id='word_1_827' title='bbox 2500 5213 2605 5288; x_wconf 77' lang='grc' dir='ltr'><strong>ρας</strong></span> <span class='ocrx_word' id='word_1_828' title='bbox 2625 5213 3062 5288; x_wconf 76' lang='grc' dir='ltr'>συντεταγμένους</span> <span class='ocrx_word' id='word_1_829' title='bbox 3099 5213 3258 5288; x_wconf 79' lang='grc' dir='ltr'>ἄγων,</span> 
     </span>
    </p>
   </div>
   <div class='ocr_carea' id='block_1_110' title="bbox 2109 5236 3288 5364">
    <p class='ocr_par' dir='ltr' id='par_1_110' title="bbox 2109 5236 3288 5364">
     <span class='ocr_line' id='line_1_113' title="bbox 2131 5236 3258 5340; baseline -0.003 -70"><span class='ocrx_word' id='word_1_830' title='bbox 2131 5236 2360 5277; x_wconf 67' lang='grc' dir='ltr'>ιΛΑηνας</span> <span class='ocrx_word' id='word_1_831' title='bbox 2397 5236 2591 5340; x_wconf 57' lang='grc' dir='ltr'>ανοςας</span> <span class='ocrx_word' id='word_1_832' title='bbox 2625 5236 3062 5288; x_wconf 85' lang='grc' dir='ltr'>συντεταγμενους</span> <span class='ocrx_word' id='word_1_833' title='bbox 3099 5236 3258 5288; x_wconf 85' lang='grc' dir='ltr'>αγων,</span> 
     </span>
     <span class='ocr_line' id='line_1_114' title="bbox 2109 5287 3288 5364; baseline -0.001 -22"><span class='ocrx_word' id='word_1_834' title='bbox 2109 5287 2404 5364; x_wconf 76' lang='grc' dir='ltr'>Ἐπίλεκτον</span> <span class='ocrx_word' id='word_1_835' title='bbox 2429 5291 2507 5364; x_wconf 81' lang='grc' dir='ltr'>φά</span> <span class='ocrx_word' id='word_1_836' title='bbox 2540 5307 2680 5361; x_wconf 86' lang='grc' dir='ltr'>αγγα</span> <span class='ocrx_word' id='word_1_837' title='bbox 2707 5293 2796 5341; x_wconf 83' lang='lat' dir='ltr'><strong>xui</strong></span> <span class='ocrx_word' id='word_1_838' title='bbox 2829 5293 3124 5364; x_wconf 86' lang='grc' dir='ltr'>νικηφόρον.</span> <span class='ocrx_word' id='word_1_839' title='bbox 3156 5295 3288 5364; x_wconf 70' lang='grc' dir='ltr'><strong>ᾼω..</strong></span> 
     </span>
    </p>
   </div>
   <div class='ocr_carea' id='block_1_111' title="bbox 2040 5358 3632 5434">
    <p class='ocr_par' dir='ltr' id='par_1_111' title="bbox 2040 5358 3632 5434">
     <span class='ocr_line' id='line_1_115' title="bbox 2040 5358 3632 5434; baseline 0 -21"><span class='ocrx_word' id='word_1_840' title='bbox 2040 5359 2152 5431; x_wconf 81' lang='grc'>(21)</span> <span class='ocrx_word' id='word_1_841' title='bbox 2220 5361 2302 5413; x_wconf 88' lang='grc' dir='ltr'><strong>Ἐν</strong></span> <span class='ocrx_word' id='word_1_842' title='bbox 2381 5358 2480 5434; x_wconf 73' lang='grc' dir='ltr'><strong>γάρ</strong></span> <span class='ocrx_word' id='word_1_843' title='bbox 2545 5358 2624 5434; x_wconf 58' lang='grc' dir='ltr'><strong>το</strong></span> <span class='ocrx_word' id='word_1_844' title='bbox 2659 5369 2758 5412; x_wconf 87' lang='grc' dir='ltr'>τῶν</span> <span class='ocrx_word' id='word_1_845' title='bbox 2812 5358 3100 5412; x_wconf 77' lang='grc' dir='ltr'>Λεαντίνων</span> <span class='ocrx_word' id='word_1_846' title='bbox 3145 5361 3277 5434; x_wconf 77' lang='grc' dir='ltr'>ἄστυ</span> <span class='ocrx_word' id='word_1_847' title='bbox 3347 5358 3509 5434; x_wconf 58' lang='grc' dir='ltr'>ὥστε</span> <span class='ocrx_word' id='word_1_848' title='bbox 3541 5363 3632 5413; x_wconf 83' lang='lat' dir='ltr'><strong>xui</strong></span> 
     </span>
    </p>
   </div>
   <div class='ocr_carea' id='block_1_112' title="bbox 1969 5432 3634 5505">
    <p class='ocr_par' dir='ltr' id='par_1_112' title="bbox 1969 5432 3634 5505">
     <span class='ocr_line' id='line_1_116' title="bbox 1969 5432 3634 5505; baseline 0.002 -22"><span class='ocrx_word' id='word_1_849' title='bbox 1969 5435 2117 5489; x_wconf 81' lang='grc' dir='ltr'>σήτει</span> <span class='ocrx_word' id='word_1_850' title='bbox 2162 5439 2338 5505; x_wconf 80' lang='grc' dir='ltr'>φαγεῖν</span> <span class='ocrx_word' id='word_1_851' title='bbox 2387 5432 2800 5502; x_wconf 78' lang='grc' dir='ltr'>κατηνάγκασεν.</span> <span class='ocrx_word' id='word_1_852' title='bbox 2853 5435 3178 5505; x_wconf 73' lang='lat' dir='ltr'><strong>corruptus</strong></span> <span class='ocrx_word' id='word_1_853' title='bbox 3236 5432 3428 5490; x_wconf 91' lang='lat' dir='ltr'><strong>locus.</strong></span> <span class='ocrx_word' id='word_1_854' title='bbox 3489 5433 3634 5490; x_wconf 91' lang='lat' dir='ltr'><strong>Sen-</strong></span> 
     </span>
    </p>
   </div>
   <div class='ocr_carea' id='block_1_113' title="bbox 1969 5503 3633 5576">
    <p class='ocr_par' dir='ltr' id='par_1_113' title="bbox 1969 5503 3633 5576">
     <span class='ocr_line' id='line_1_117' title="bbox 1969 5503 3633 5576; baseline 0.001 -18"><span class='ocrx_word' id='word_1_855' title='bbox 1969 5520 2105 5576; x_wconf 84' lang='lat' dir='ltr'><strong>sum</strong></span> <span class='ocrx_word' id='word_1_856' title='bbox 2131 5503 2617 5576; x_wconf 86' lang='lat' dir='ltr'><strong>qualemcunque</strong></span> <span class='ocrx_word' id='word_1_857' title='bbox 2648 5503 3073 5576; x_wconf 80' lang='lat' dir='ltr'><strong>expressimus.</strong></span> <span class='ocrx_word' id='word_1_858' title='bbox 3122 5504 3188 5559; x_wconf 91' lang='lat' dir='ltr'><strong>In</strong></span> <span class='ocrx_word' id='word_1_859' title='bbox 3246 5520 3368 5576; x_wconf 90' lang='lat' dir='ltr'><strong>quo</strong></span> <span class='ocrx_word' id='word_1_860' title='bbox 3428 5508 3633 5576; x_wconf 87' lang='lat' dir='ltr'><strong>tamen</strong></span> 
     </span>
    </p>
   </div>
   <div class='ocr_carea' id='block_1_114' title="bbox 1965 5574 3633 5648">
    <p class='ocr_par' dir='ltr' id='par_1_114' title="bbox 1965 5574 3633 5648">
     <span class='ocr_line' id='line_1_118' title="bbox 1965 5574 3633 5648; baseline 0.002 -19"><span class='ocrx_word' id='word_1_861' title='bbox 1965 5574 2432 5648; x_wconf 80' lang='lat' dir='ltr'><strong>nobismetipSis</strong></span> <span class='ocrx_word' id='word_1_862' title='bbox 2463 5574 2585 5631; x_wconf 81' lang='lat' dir='ltr'><strong>non</strong></span> <span class='ocrx_word' id='word_1_863' title='bbox 2608 5574 3024 5631; x_wconf 72' lang='lat' dir='ltr'><strong>satisfacimus.</strong></span> <span class='ocrx_word' id='word_1_864' title='bbox 3053 5574 3464 5648; x_wconf 45' lang='lat' dir='ltr'><strong>Neque—etiam</strong></span> <span class='ocrx_word' id='word_1_865' title='bbox 3485 5575 3633 5632; x_wconf 88' lang='lat' dir='ltr'><strong>ami-</strong></span> 
     </span>
    </p>
   </div>
   <div class='ocr_carea' id='block_1_115' title="bbox 1967 5645 3632 5720">
    <p class='ocr_par' dir='ltr' id='par_1_115' title="bbox 1967 5645 3632 5720">
     <span class='ocr_line' id='line_1_119' title="bbox 1967 5645 3632 5720; baseline 0.001 -19"><span class='ocrx_word' id='word_1_866' title='bbox 1967 5645 2075 5703; x_wconf 90' lang='lat' dir='ltr'><strong>cis.</strong></span> <span class='ocrx_word' id='word_1_867' title='bbox 2108 5645 2375 5713; x_wconf 83' lang='lat' dir='ltr'><strong>Quoruin</strong></span> <span class='ocrx_word' id='word_1_868' title='bbox 2403 5648 3130 5720; x_wconf 17' lang='lat' dir='ltr'><strong>princeps‘Dusa‘rumque</strong></span> <span class='ocrx_word' id='word_1_869' title='bbox 3155 5645 3238 5704; x_wconf 73' lang='lat' dir='ltr'><strong>ac</strong></span> <span class='ocrx_word' id='word_1_870' title='bbox 3303 5647 3632 5720; x_wconf 83' lang='lat' dir='ltr'><strong>muliarum</strong></span> 
     </span>
    </p>
   </div>
   <div class='ocr_carea' id='block_1_116' title="bbox 1966 5717 3632 5794">
    <p class='ocr_par' dir='ltr' id='par_1_116' title="bbox 1966 5717 3632 5794">
     <span class='ocr_line' id='line_1_120' title="bbox 1966 5717 3632 5794; baseline -0.001 -18"><span class='ocrx_word' id='word_1_871' title='bbox 1966 5733 2161 5787; x_wconf 88' lang='lat' dir='ltr'><strong>amor,</strong></span> <span class='ocrx_word' id='word_1_872' title='bbox 2191 5717 2423 5777; x_wconf 66' lang='lat' dir='ltr'><strong>Petrus&#39;</strong></span> <span class='ocrx_word' id='word_1_873' title='bbox 2457 5717 2782 5778; x_wconf 77' lang='lat' dir='ltr'><strong>Scriverius</strong></span> <span class='ocrx_word' id='word_1_874' title='bbox 2830 5717 2997 5778; x_wconf 90' lang='lat' dir='ltr'><strong>aliud</strong></span> <span class='ocrx_word' id='word_1_875' title='bbox 3031 5717 3393 5794; x_wconf 60' lang='lat' dir='ltr'><strong>suspicatus</strong></span> <span class='ocrx_word' id='word_1_876' title='bbox 3448 5718 3632 5778; x_wconf 89' lang='lat' dir='ltr'><strong>latere</strong></span> 
     </span>
    </p>
   </div>
   <div class='ocr_carea' id='block_1_117' title="bbox 3399 4644 3635 4718">
    <p class='ocr_par' dir='ltr' id='par_1_117' title="bbox 3399 4644 3635 4718">
     <span class='ocr_line' id='line_1_121' title="bbox 3399 4644 3635 4718; baseline -0.004 -18"><span class='ocrx_word' id='word_1_877' title='bbox 3399 4644 3635 4718; x_wconf 78' lang='lat' dir='ltr'><strong>Ephrse-</strong></span> 
     </span>
    </p>
   </div>
  </div>
