4152 6384
220 281 362 338 1029

1845 267 2183 324 ANNALES.

3472 274 3610 330 1030

219 410 378 479 νόμια
406 410 499 456 τοῦ
522 401 718 454 πάππα
765 401 1002 472 φέροντα·
1058 391 1382 470 ἐρυθροϐαφῆ
1427 391 1538 463 (23)
1581 395 1671 444 καὶ
1725 391 1869 464 γὰρλ

1964 389 2256 460 nduebat,
2283 405 2480 463 neque
2509 391 3030 448 diversicoloribus
3055 392 3422 451 indumentis
3452 397 3609 453 ami-

223 489 508 549 ὑπεδέδετο
537 486 751 556 πέδιλα,
783 485 838 540 ἔκ
863 495 958 547 τῆς
987 485 1148 545 αὐτῆς
1188 479 1247 536 δὲ
1269 481 1350 555 [Ρ.
1381 481 1468 554 i6]
1513 486 1701 554 χροιᾶς
1743 484 1833 532 καὶ

223 587 291 638 τὰ
339 579 612 655 ἐνδύματα
637 577 769 652 εἶχε,
815 577 961 634 καὶὴ
987 572 1228 648 ἕφεστρὶς
1278 567 1337 624 δὲ
1381 577 1474 622 τοῦ
1525 575 1685 622 ἱππου
1744 573 1836 620 καὶ

226 676 294 728 τὰ
347 672 546 746 χαλινὰ
593 677 667 740 τῷ
721 665 939 737 τοιοῦτῳ
988 661 1270 716 ἕϐάπτοντο
1328 665 1596 735 χρώματι.
1645 657 1840 720 Ἠθους

231 759 293 817 δε
326 766 509 835 τυχὼν
567 758 886 833 ἀγριωτέρου
935 757 1025 805 καὶ
1069 749 1344 822 ἀλαζονείᾳ
1389 755 1658 824 χρώμενος
1678 747 1841 801 πολλὰ

233 849 384 906 δεινὰ
431 845 721 910 ἐνεδείξατο
798 843 884 897 ἐπὶ
925 849 1032 903 τοῖς
1074 849 1170 904 τῆς
1222 843 1612 893 Κωνσταντίνου
1691 836 1838 894 οἰκό-

232 961 410 1016 τορσι.
441 939 597 997 Καὶὴ
631 935 831 1007 σκῆψις
871 935 940 996 ὡς
990 931 1218 1002 εὔλογοςο
1274 928 1537 1000 ἠνάγκαζε
1587 931 1679 979 καὶ
1737 928 1838 1016 γὰρ

233 1013 359 1092 τοὺς
412 1030 611 1088 πάντας
648 1033 709 1085 τῆ
755 1031 849 1084 τῆς
904 1019 1257 1097 πρεσϐυτέρας
1302 1016 1497 1090 Ῥωμης
1570 1013 1840 1086 ὑποκύψαι

235 1122 498 1192 ὑποταγῆ.
556 1115 814 1170 Ἐντεῦθεν
890 1113 1258 1184 καθείργνυντο
1365 1112 1610 1180 μοναχοὶ,
1691 1107 1841 1179 ἱερεῖς

237 1206 572 1281 ἕδεσμοῡντο,
631 1208 722 1258 καὶ
795 1204 918 1263 ναὸς
969 1201 1104 1260 ἅπας
1162 1196 1466 1251 ἐκέκλειστο.
1537 1201 1637 1250 Καὶ
1685 1193 1745 1254 ἧν
1789 1194 1839 1249 ἐν

232 1297 374 1368 αὐτῷ
401 1293 550 1349 δυοῖν
579 1295 814 1367 θάτερον,
843 1292 874 1352 ἣ
909 1289 1233 1363 ὁμολογῆσαι
1287 1289 1374 1339 τὸν
1427 1288 1644 1338 πάππαν
1701 1294 1840 1361 πρῶ-

231 1405 318 1440 τον
359 1385 612 1460 ἀρχιερέα
651 1383 760 1455 (24)
816 1383 908 1432 καὶ
963 1381 1151 1431 τούτου
1204 1380 1296 1434 τὴν
1345 1379 1554 1448 μνήμην
1609 1372 1657 1426 ἕν
1715 1377 1841 1448 ἱερο-

233 1474 522 1536 τελεστίαις
553 1469 879 1542 ποιεῖν,(25),
921 1472 951 1528 ἧ
1014 1469 1230 1521 θάνατον
1283 1461 1413 1518 εἶναι
1468 1471 1541 1534 τῷ
1593 1467 1666 1536 μὴ
1717 1460 1844 1517 δια-

233 1563 550 1640 πραξαμένῳ
574 1567 728 1614 τοῦτο
756 1561 816 1612 τὸ
842 1556 1120 1630 ἕπιτίμιον.
1169 1561 1334 1608 Τοῦτο
1382 1553 1450 1614 εἰς
1511 1552 1848 1626 βαρυθυμίαν

236 1649 337 1726 ἦγε
365 1656 488 1714 τοὺς
537 1650 810 1723 οἰκήτορας
860 1655 956 1709 τῆς
1010 1647 1425 1710 Κωνσταντίνου,
1483 1646 1575 1694 καὶ
1619 1641 1852 1714 μάλιστα

239 1751 344 1796 τῶν
393 1741 558 1794 ἄλλων
610 1742 733 1802 τοὺς
787 1739 1141 1814 προῦχοντας,
1196 1736 1245 1786 οἶ
1297 1737 1388 1784 καὶ
1433 1734 1560 1804 πρὸς
1611 1735 1699 1784 τὸν
1748 1730 1850 1804 βα·
1890 1745 1930 1799 Β

247 1831 393 1886 σιλέα
439 1828 622 1905 Ἐῤῥῆν
703 1826 997 1901 ἀφιφμένοι,
1052 1846 1080 1875 ‹‹
1124 1821 1301 1896 Ἡμεῖς
1377 1823 1488 1894 μὲν,
1543 1843 1572 1870 ››
1632 1823 1851 1893 ἔφασαν,

245 1942 274 1972 ι(
381 1918 536 1970 ἄλλου
604 1919 866 1990 γεγονότες
933 1917 1127 1986 γένους,
1212 1915 1302 1963 καὶ
1376 1909 1526 1961 ἄλλον
1601 1909 1854 1984 ἀρχιερέα

243 2012 474 2084 ἔχοντες,
545 2007 764 2069 ἑαυτοὺς
839 2012 914 2076 τῷ
961 2005 1140 2079 κράτει
1198 2021 1292 2054 σου
1349 1999 1672 2073 ὑπετάξαμεν
1719 2003 1853 2052 ὥστε

245 2105 556 2173 σωματικῶς
621 2097 909 2169 κατάρχειν
991 2094 1158 2166 ἡμῶν,
1215 2089 1274 2143 οὐ
1331 2094 1435 2164 μήν
1487 2108 1545 2161 γε
1603 2087 1853 2162 ψυχικῶς

240 2193 332 2242 καὶ
376 2193 758 2260 πνενματικῶς.
814 2189 910 2237 Σοῦ
1001 2185 1092 2253 μὲν
1165 2182 1264 2254 γὰρ
1331 2178 1380 2232 ἐν
1440 2177 1648 2252 πολέμῳ
1700 2179 1854 2254 ὑπερ-

242 2278 540 2352 μαχείσθαι
581 2284 681 2328 τῶν
768 2271 1084 2345 ἀναγκαίων,
1157 2278 1257 2322 τῶν
1331 2265 1380 2321 δ’
1455 2270 1717 2343 ἡμετέρων
1773 2265 1852 2319 ἐκ·

245 2374 434 2426 στῆναι
497 2363 838 2437 σεϐασμάτων
911 2365 1002 2414 καὶ
1070 2358 1480 2430 θρησκευμάτων
1549 2365 1648 2409 τῶν
1719 2352 1853 2409 ἁδυν

241 2457 405 2510 νάτων
459 2456 628 2512 πάντη
681 2453 1018 2510 καθέστηκεν.
1065 2447 1132 2502 Ἦ
1198 2455 1322 2520 γοῦν
1373 2445 1530 2499 λῦσον
1588 2448 1712 2519 ἡμῖν
1786 2447 1853 2498 τὰ

245 2545 521 2599 ἐπελθόντα
551 2539 716 2610 δεινὰ,
767 2550 798 2602 ἥ
849 2541 972 2614 ἄφες
1031 2541 1102 2600 ὡς
1143 2537 1438 2610 ἐλευθέρους
1480 2534 1529 2588 ἓν
1579 2543 1684 2596 τοῖς
1741 2536 1852 2588 ἰθα-

245 2637 446 2708 γενέσιν
477 2632 728 2706 ἀφῖχθαι.
765 2652 793 2681 ››
815 2629 975 2684 Ταῦτ’
1000 2626 1162 2697 εἶπον,
1187 2626 1418 2686 κάκεῖνος
1470 2630 1541 2698 μὴ
1601 2623 1850 2697 βουλόμε-

249 2743 331 2785 νος
380 2723 428 2776 ἐν
472 2726 716 2797 στερήσει
761 2721 1004 2793 γενέσθαι
1057 2719 1321 2771 τοσούτων
1385 2713 1554 2767 καλῶν
1607 2716 1849 2786 κάγαθῶν

253 2813 560 2888 ἀνθρώπων,
602 2815 694 2863 καὶ
743 2810 957 2870 ἄκοντος
1005 2814 1098 2860 τοῦ
1153 2805 1422 2881 εἰρημένου
1465 2803 1682 2874 λεγάτου
1731 2805 1852 2866 τούς

1948 479 2237 543 ciebatur,
2269 479 2542 551 quinimo
2589 480 2728 553 equi
2763 481 3043 552 sagulum
3072 489 3126 540 et
3155 482 3344 542 frtena
3395 487 3608 543 eodem

1946 567 2366 625 inﬁciebantur
2385 585 2636 625 veneno.
2664 572 2730 625 Et
2760 586 2897 626 cum
2924 572 3194 629 moribus
3221 580 3376 631 esset
3399 575 3613 633 imma-

1946 656 2235 725 nioribus,
2291 657 2481 713 fastus
2512 674 2582 713 ac
2637 658 2965 714 insolentiae
2996 660 3230 734 plenus,
3263 664 3518 721 nimium
3548 665 3609 721 in

1947 746 2305 818 Byzantinos
2362 747 2575 803 saeviit.
2611 749 2678 802 Et
2710 748 3083 820 propositum
3115 768 3151 806 a
3181 753 3407 809 ratione
3439 753 3608 810 aber-

1947 851 2078 892 rare
2111 850 2234 891 non
2261 835 2620 892 videbatur:
2654 852 2866 893 omnes
2892 839 3073 902 enim,
3106 843 3166 894 ut
3199 842 3377 896 veteri
3406 841 3610 899 Romae

1949 923 2101 980 colla
2159 923 2540 995 subjicerent,
2593 925 3009 998 compellebat.
3042 928 3185 983 Hinc
3215 931 3498 986 monachi
3551 932 3613 986 in

1948 1001 2249 1071 carcerem
2269 1013 2543 1086 impingi,
2563 1015 2904 1072 sacerdotes
2923 1017 2986 1072 in
3018 1017 3276 1086 vincula,
3301 1025 3356 1076 et
3392 1021 3615 1094 templa

1948 1103 2155 1160 omnia
2181 1103 2436 1172 occludi,
2464 1120 2573 1160 nec
2593 1110 2806 1177 praeter
2831 1105 2960 1162 haec
2985 1107 3107 1164 duo
3133 1108 3368 1165 tertium
3395 1109 3574 1166 statui

1948 1192 2168 1250 etenim
2194 1193 2289 1250 vel
2317 1209 2542 1266 papam
2569 1195 2835 1266 primum
2862 1195 3134 1252 omnium
3163 1198 3510 1270 pontiﬁcem
3534 1198 3616 1257 fa-

1950 1286 2234 1352 terentur,
2286 1281 2568 1354 illiusque
2613 1282 2766 1340 inter
2812 1300 3119 1341 sacrorum
3180 1285 3475 1344 solemnia
3497 1304 3619 1344 me-

1950 1371 2206 1427 moriam
2231 1370 2512 1438 facerent,
2537 1371 2627 1426 vel
2646 1371 2750 1444 qui
2777 1371 2836 1428 id
2861 1372 3233 1446 abnuissent,
3257 1380 3447 1433 morte
3468 1392 3617 1450 pen-

1953 1459 2163 1516 derent
2209 1476 2476 1532 poenam.
2505 1463 2625 1516 Hoc
2654 1461 2920 1533 Byzantii
2951 1463 3189 1534 accolae,
3225 1472 3283 1522 et
3336 1466 3488 1522 inter
3514 1483 3618 1523 eos

1957 1550 2182 1622 primas
2204 1549 2562 1616 obtinentes,
2586 1552 2727 1622 angi
2755 1553 3202 1626 excruciarique
3227 1554 3433 1612 animo
3453 1560 3510 1612 et
3539 1555 3619 1613 ad

1960 1639 2195 1694 Ericum
2243 1639 2667 1712 imperatorem
2714 1641 2980 1712 profecti,
3015 1665 3042 1692 ‹‹
3075 1646 3212 1710 Nos,
3262 1667 3290 1696 »
3316 1645 3615 1718 inquiunt,

1965 1751 1987 1778 ι
2026 1728 2143 1784 alio
2173 1743 2387 1799 genere
2434 1729 2546 1785 orti
2577 1729 2882 1804 aliumque
2933 1731 3226 1789 habentes
3270 1735 3620 1807 pontiﬁcem

1959 1817 2471 1890 nosmetiimperio
2504 1823 2605 1874 tuo
2636 1824 2693 1875 et
2718 1821 2993 1891 potestati
3019 1821 3406 1893 subjecimus,
3455 1824 3538 1882 ita
3558 1827 3622 1881 ut

1958 1908 2020 1964 in
2032 1923 2305 1980 corpora,
2322 1922 2444 1963 non
2460 1907 2522 1962 in
2542 1909 2703 1964 anim
2714 1925 2813 1964 um
2827 1913 2885 1965 et
2901 1910 3174 1982 spiritum
3191 1911 3587 1970 dominareris
3598 1955 3612 1968 .

1960 2000 2229 2069 Namque
2259 1998 2322 2052 in
2355 1998 2435 2052 tui
2464 1996 2898 2066 defensionem,
2930 1998 3078 2055 dum
3121 1999 3341 2056 bellum
3373 2002 3619 2073 geritur,

1961 2087 2076 2158 33
2106 2086 2512 2158 arma'capere
2543 2101 2789 2143 necesse
2819 2092 2904 2144 est
2934 2106 2946 2144 :
2980 2093 3040 2145 at
3064 2090 3282 2146 nostris
3323 2091 3534 2148 ritibus
3565 2096 3622 2148 et

1959 2175 2745 2247 cteremoniismtjcedamus
2802 2176 2930 2233 ﬁeri
2963 2179 3212 2235 omnino
3243 2181 3468 2254 nequit.
3505 2183 3624 2238 Aut

1957 2265 2160 2338 itaque
2191 2281 2299 2321 nos
2350 2264 2429 2321 ab
2460 2265 2694 2335 urgenti
2723 2265 3067 2324 discrimine
3123 2267 3332 2340 libera,
3365 2274 3469 2327 aut
3495 2275 3621 2328 tan-

1958 2371 2146 2428 quam
2175 2355 2374 2412 liberis
2413 2355 2492 2410 ad
2545 2355 2863 2426 indigenas
2912 2356 3239 2414 aditionem
3271 2360 3433 2416 dato.
3464 2380 3492 2412 ι
3529 2360 3622 2417 Sic

1959 2446 2160 2502 locuti.
2192 2445 2290 2501 Ille
2321 2461 2460 2500 cum
2488 2449 2575 2501 tot
2603 2445 2808 2518 probis
2835 2447 3200 2520 optimisque
3232 2449 3370 2506 viris
3402 2450 3626 2522 privari

1959 2534 2164 2602 nollet,
2198 2535 2377 2590 etiam
2407 2534 2589 2590 invito
2608 2534 2806 2605 legato
2838 2535 3061 2608 templa
3085 2539 3389 2609 reseravit,
3416 2539 3622 2596 vincu-

1960 2623 2031 2680 lis
2061 2623 2473 2696 custodiisque
2501 2624 2834 2681 monachos
2863 2641 2933 2680 ac
2965 2626 3304 2684 sacerdotes
3330 2627 3622 2698 liberavit,

1962 2719 2017 2770 et
2065 2717 2500 2786 tempestatem,
2533 2729 2660 2785 qua
2712 2719 2850 2770 tunc
2884 2715 3230 2785 Byzantium
3259 2717 3622 2788 jactabatur,

1965 2802 2214 2859 sedavit.
2248 2801 2403 2859 Multi
2452 2817 2594 2857 vero
2650 2819 2723 2858 ex
2775 2804 3111 2873 monachis,
3145 2810 3472 2879 antequam
3492 2806 3624 2864 haec

1139 2893 1482 2961 Theodori
1532 2893 1784 2960 Dousae
1831 2903 1897 2960 et
1945 2891 2194 2960 Leonis
2244 2891 2478 2958 Allatii
2529 2901 2730 2960 notae.

323 3008 459 3080 (‘23)_
493 3001 989 3080 ‘Epuepoeapij._Ex
1018 3017 1218 3080 rerum
1252 3000 1592 3080 Latinarum
1614 3000 1853 3080 ignora-
1887 3003 1926 3058 C
1967 2998 2670 3080 tractanruntOrientales:
2705 3001 3100 3080 Quonomine
3129 3001 3372 3080 haecad
3403 3003 3567 3080 ipsos
3590 3020 3627 3061 a

255 3071 664 3155 tione'fact'um'
682 3080 771 3155 e_s_t
786 3071 850 3155 ut
867 3072 1396 3155 Acropolita,quod
1417 3089 1487 3155 ex
1512 3088 1679 3155 more
1700 3071 1855 3155 illius

253 3147 448 3220 gentis
463 3145 952 3220 esset,ad_fastum_
967 3143 1413 3220 etinsolen’tiam
1424 3143 1855 3220 traheret.__Quis

249 3214 411 3277 Enim
443 3219 629 3274 nescit
649 3217 833 3274 rubra
854 3216 1206 3286 indumenta
1231 3220 1285 3270 et
1313 3214 1545 3286 reliqua
1578 3215 1852 3270 cardina-

242 3291 394 3362 lium
426 3287 1009 3362 supellectilisrubro
1031 3285 1471 3362 colore_inﬁcis.
1500 3288 1626 3362 Non
1654 3292 1854 3342 tamen

241 3361 384 3438 inde
404 3356 692 3438 sequitur,
721 3358 1068 3438 quicunque
1089 3356 1251 3438 apud
1275 3373 1409 3412 eam
1433 3357 1740 3438 nationem
1763 3373 1854 3438 r_u-

242 3433 368 3490 bris
392 3427 640 3488 utu'utur
656 3427 948 3496 vestibus,
968 3427 1316 3484 cardinales
1344 3443 1472 3482 esse
1496 3433 1560 3483 ut
1580 3429 1855 3498 nugacis-

247 3504 394 3560 sime
426 3507 739 3573 argutatur
767 3501 1085 3573 zacharias
1118 3502 1422 3573 Gergenus
1451 3499 1523 3573 in
1549 3515 1666 3573 sua
1695 3500 1855 3573 Gate-

243 3575 427 3638 chesi,
451 3569 556 3643 qui
579 3589 716 3629 cum
742 3572 994 3643 vidisset
1020 3571 1333 3643 papam__in
1363 3570 1504 3643 sede
1529 3569 1744 3643 deferri
1774 3570 1854 3625 ab

240 3640 594 3704 hominibus
627 3643 821 3698 rubris
853 3640 1854 3710 amictis'vestibus,inconsiderate

239 3722 302 3774 et
325 3716 504 3790 plane
530 3714 784 3790 ridicule
812 3712 1140 3790 enuntiavit
1174 3727 1398 3790 papam
1443 3712 1852 3790 cardinatium

237 3783 508 3861 quatuor
546 3785 810 3842 humeris
840 3784 1086 3861 supvehi
1123 3783 1381 3861 satetlito
1426 3783 1737 3861 stipatum,
1766 3786 1854 3835 τὸν

247 3851 523 3945 στάξονσι
527 3862 778 3945 τέσσαρες
799 3853 938 3929 καρὸ
946 3855 1132 3943 ινάλεις
1151 3857 1220 3939 μὲ
1243 3851 1585 3945 δορνφὸρορς.
1607 3857 1750 3936 ALL:

321 3929 460 4002 (24);
483 3933 580 3982 Τὸν
606 4000 613 4002 _
635 3925 812 3982 πάπαν
868 3925 1073 4002 πρῶτον
1141 3925 1414 4002 ᾇρχιερέα.
1443 3925 1451 3928 ⁷
1475 3929 1700 4002 Nempe
1725 3925 1854 3996 jam

251 3997 397 4057 olim
411 3997 500 4073 fde
530 4000 791 4073 primatu
817 3997 1116 4073 contentio
1134 3997 1458 4073 fuitninter
1513 3997 1851 4073 Romanum

249 4067 596 4146 pontiﬁcem
614 4078 678 4146 _et
696 4069 1101 4146 patriarcham
1124 4067 1535 4146 on‘litanum;
1556 4083 1741 4146 quam
1758 4067 1858 4146 def

251 4138 786 4200 ciditJustinianus
807 4149 864 4196 et
885 4143 1085 4196 Romae
1115 4138 1343 4212 Oppolim
1375 4138 1646 4210 subjecit.
1693 4140 1859 4212 Patet

249 4230 328 4271 ex
353 4214 596 4271 Novella
622 4218 743 4270 131.
769 4213 922 4268 Fecit
943 4212 1098 4266 idem
1149 4210 1374 4266 Phocas
1399 4216 1648 4279 rogante
1690 4211 1856 4266 Boni-

247 4286 409 4363 facio
437 4285 718 4363 pontiﬁce
745 4299 759 4348 ;
786 4283 859 4363 d_e
887 4299 1011 4363 quo
1045 4280 1258 4336 Paulus
1281 4281 1723 4363 \Karnefridus,
1773 4284 1857 4337 De

251 4357 414 4414 Gest.
438 4353 848 4422 'Lonr/obard.
888 4353 993 4409 lib.
1055 4368 1270 4425 xv,cap.
1307 4357 1393 4408 37.
1429 4355 1856 4480 Romanusqlue
1888 4362 1932 4416 Ι)

251 4427 517 4481 nontifex
540 4441 778 4481 semper
793 4425 1116 4481 primatum
1136 4439 1399 4480 asserere
1418 4425 1775 4481 studuit.rec
1801 4441 1858 4481 a-

246 4427 520 4504 pontifeir
540 4441 778 4504 semper
793 4425 1116 4504 primatum
1136 4439 1399 4504 asserere
1418 4425 1666 4504 studuitZ
1677 4441 1738 4480 re

245 4495 458 4558 inante
485 4499 622 4556 licet
639 4495 696 4568 et
715 4495 970 4568 multum
997 4500 1369 4566 repugnante
1392 4496 1861 4568 patriarcha,do-

245 4586 366 4629 nec
398 4570 512 4626 sub
535 4567 829 4625 Balduino
855 4567 1108 4641 Flandro
1139 4572 1317 4641 capta
1357 4567 1504 4623 urbe
1534 4567 1861 4641 fugatoque

300 4641 594 4698 atriarcha
625 4641 850 4708 Graeco,
879 4640 1220 4708 Venetoque
1249 4638 1479 4694 Thoma
1508 4638 1860 4696 Maurocéno

300 4656 594 4698 atriarcna
625 4656 850 4708 Graeco,
888 4656 1220 4708 venetoque
1250 4656 1479 4694 'i'noma
1508 4656 1860 4696 mauroceno

247 4656 478 4841 ξρτὶωο
521 4728 595 4769 ex
623 4708 1486 4834 Latinis.patriarcha2_electo,
1540 4710 1861 4793 Orientalis

314 4784 546 4841 cclesia.
591 4785 763 4841 cujus
785 4782 925 4837 olim
952 4785 1214 4841 metropo
1242 4795 1292 4835 is
1313 4785 1444 4836 erat
1468 4783 1685 4841 Gnatis.
1725 4799 1860 4839 cum

314 4784 546 4851 cclesia,
591 4785 763 4853 cujus
785 4779 925 4837 olim
952 4779 1292 4853 metropolis
1313 4785 1444 4853 erat
1468 4779 1685 4852 Cpolis,
1725 4799 1860 4839 cum

249 4850 617 4932 imperatam;
630 4850 683 4932 et
701 4853 976 4932 universo
995 4850 1244 4932 imperio
1266 4851 1392 4932 ejus
1423 4853 1608 4932 capiti
1627 4850 1732 4932 suo
1752 4856 1862 4932 130-

250 4921 434 4984 mano
445 4925 736 4996 pontiﬁci,
754 4924 905 4980 sicut
918 4922 1040 4993 fuit
1062 4921 1712 4996 antiquitusrenodata,
1745 4926 1860 4982 Ro-

251 4994 455 5056 mana;
463 4997 742 5055 Ecclesia:
761 5011 883 5052 sese
901 5009 1024 5051 esse
1051 4994 1237 5066 ﬁliam
1265 5001 1705 5066 recognocm'et;
1737 4997 1862 5064 ipse

253 5069 432 5128 etiam
452 5068 812 5139 patriarcha
848 5065 987 5122 huic
1020 5064 1299 5139 aspirans
1320 5065 1486 5134 operi
1509 5071 1563 5121 et
1593 5064 1861 5139 applau-

250 5142 420 5204 dens,
437 5136 496 5198 se
524 5137 838 5210 dignitatis
868 5151 993 5194 suae
1010 5136 1270 5210 pallium
1298 5151 1335 5192 a
1351 5151 1578 5210 summo
1601 5138 1861 5210 Romano

247 5211 424 5283 ponti
463 5207 1010 5283 rice—recepturum
1057 5207 1683 5283 promitteret_._Ve_rba
1723 5215 1864 5266 sunt

253 5279 486 5354 Henric‘i
515 5281 640 5354 (qui
676 5284 908 5354 Meyero
950 5283 1037 5354 est
1063 5279 1512 5354 llugo)_comitis
1545 5279 1620 5334 de
1645 5281 1860 5354 sancto

254 5353 464 5424 Paulo,
496 5349 574 5408 ex"
598 5351 689 5424 epi
711 5349 862 5424 stola
887 5350 1110 5424 scripta
1131 5349 1315 5424 Cpoli,
1336 5365 1523 5424 quam
1540 5351 1862 5407 annalibus

255 5425 378 5482 suis
399 5421 605 5480 inserit
635 5421 988 5479 Godefridus
1010 5421 1375 5494 monachus;
1399 5422 1503 5494 qui
1525 5426 1714 5494 exstat
1749 5425 1860 5478 Re-

253 5513 391 5554 rum
410 5496 896 5553 Germanicarum
914 5498 1079 5549 torno
1099 5491 1453 5564 Freheriano
1475 5493 1689 5564 primo.
1729 5496 1862 5549 Haec

253 5568 602 5626 acciderunt
627 5582 789 5623 anno
820 5569 970 5622 1203.
1003 5562 1116 5620 Sed
1141 5564 1361 5627 statim,
1387 5566 1450 5618 ut
1474 5562 1718 5634 videtur,
1735 5564 1860 5620 dis-

253 5639 416 5699 siluit
445 5639 576 5696 hsec
605 5635 946 5705 concordia,
977 5635 1313 5708 jugumque
1343 5634 1720 5692 Occidentale
1762 5635 1862 5693 de-

1967 3071 2261 3153 pontiﬁce
2275 3072 2548 3153 Romano
2571 3070 2808 3153 videtur
2820 3073 3098 3153 instituta
3129 3073 3368 3153 legatio,
3388 3070 3470 3153 Ad'e
3502 3091 3629 3148 qua

1965 3141 2216 3211 insignis
2245 3141 2582 3214 Logothetae
2604 3141 2794 3214 locus.
2816 3144 2925 3200 Sed
2948 3141 3218 3214 Pelagius
3243 3145 3475 3214 legatus
3498 3141 3623 3203 sur-

1966 3213 2059 3286 dis
2098 3213 2330 3286 cecinit,
2360 3212 2597 3286 favente
2642 3212 3342 3286 Cpolitanisimperatore
3378 3219 3626 3274 Henrico

1967 3285 2238 3360 Balduini
2268 3285 2461 3360 fratre.
2481 3285 2844 3360 Quanquam
2858 3302 3018 3360 anno
3037 3285 3466 3360 12t5,tempore
3483 3291 3630 3345 Con-

1966 3356 2080 3430 c_i_lii
2107 3356 2378 3430 Romani,
2415 3356 3053 3430 OrientalisiEcclesia,
3091 3375 3208 3430 quo
3251 3356 3431 3416 antea
3457 3361 3631 3418 inau-

1965 3428 2153 3483 ditum
2175 3427 2298 3498 fuit
2307 3441 2387 3487 .se
2405 3427 2703 3483 subditam
2726 3429 3006 3484 Romanae
3032 3427 3312 3486 Ecclesiae
3335 3431 3626 3488 exhibuit.

1964 3500 2119 3556 Nam
2153 3499 2321 3567 (ἐροιὶ
2341 3499 2459 3553 duo
2478 3498 2542 3553 in
2560 3499 2977 3567 patriarcham
3002 3501 3174 3556 electi
3193 3504 3437 3558 Romam
3462 3518 3628 3560 vene-

1965 3577 2130 3640 runt,
2161 3585 2306 3641 quos
2333 3569 2532 3642 ambos
2555 3585 2718 3639 papa
2739 3571 2987 3626 consitio
3017 3573 3424 3629 cardinalium
3449 3574 3628 3642 depo-

1964 3642 2106 3708 suit,
2145 3647 2199 3696 et
2232 3641 2474 3696 tertium
2505 3642 2810 3696 substituit
2839 3648 2894 3698 et
2917 3642 3213 3698 investivit
3245 3650 3301 3699 et
3331 3645 3410 3700 ad
3436 3641 3628 3701 sedem

1959 3712 2276 3840 pzoprianm
2297 3711 2544 3769 remisit.
2567 3712 2756 3769 Refert
2795 3711 2955 3768 idem
2981 3714 3318 3770 monachus
3339 3715 3399 3770 in
3419 3718 3627 3772 Anna-

1989 3799 2009 3837 ι
2057 3799 2144 3839 us.
2243 3799 2408 3838 ous.»

1989 3799 2144 3839 taus.
2198 3799 2408 3838 υυυελ.

2039 3854 2170 3927 (25).
2259 3858 2464 3932 ’Τούτου
2575 3859 2670 3911 τὴν
2774 3860 2982 3928 μνήμην
3017 3927 3027 3932 _
3078 3854 3126 3908 ἓν
3235 3857 3627 3932 ἱεροτλελεστίαις

1966 3925 2223 4001 ᾂφωνεῖν.
2259 3927 2377 3981 Hac
2407 3926 2482 3980 de
2539 3941 2622 3992 re,
2675 3925 2893 4001 nempe
2918 3932 2986 4001 ut
3013 3927 3073 3982 in
3131 3925 3315 4001 sacris
3365 3929 3623 4001 hymno-

1966 3999 2078 4052 diis
2106 3999 2448 4070 Graecorum
2479 4011 2656 4068 papae
2680 3999 2930 4054 Romani
2963 3999 3182 4054 mentio
3225 3999 3390 4056 ﬁeret
3411 3999 3476 4056 'et
3501 4016 3624 4056 me-
3660 4068 3663 4070 _

1967 4069 2159 4142 moria
2197 4067 2505 4142 coleretur,
2562 4067 2867 4133 diuturna,
2926 4073 2991 4142 ut
3021 4076 3079 4124 et
3129 4070 3202 4125 de
3233 4072 3496 4142 primatu
3527 4072 3624 4142 (de

1967 4156 2090 4266 quo
2116 4141 2243 4210 jam
2297 4139 2586 4210 diximus;
2614 4142 2915 4196 contentio
2964 4141 3072 4196 fuit
3101 4139 3252 4197 inter
3305 4139 3625 4198 Ecclesiam

2018 4227 2305 4266 omanam
2359 4214 2415 4265 et
2444 4211 2839 4266 Cnolitanam.
2893 4212 3252 4266 duravitaue
3282 4229 3353 4266 ea
3377 4214 3453 4266 ad
3483 4219 3625 4266 tem-

2018 4227 2305 4284 omanam
2359 4214 2415 4284 et
2444 4211 2839 4284 Cpolitanam,
2893 4212 3252 4284 duravitque
3282 4229 3353 4270 ea
3377 4214 3453 4270 ad
3483 4219 3626 4269 tem-

1969 4298 2120 4355 pora
2145 4281 2439 4357 Michaelis
2465 4282 2804 4357 Palaeologi,
2827 4284 2940 4357 sub
2968 4299 3090 4357 quo
3121 4281 3454 4357 composita
3483 4301 3626 4341 con-

1974 4352 2261 4428 troversia
2307 4352 2406 4408 illa
2433 4354 2730 4428 unitaeque
2767 4352 3042 4410 Ecclesiae
3099 4357 3212 4412 etsi
3260 4352 3459 4428 neque
3513 4357 3630 4413 ista

1971 4426 2115 4481 unio
2145 4427 2569 4498 perseveravit.
2615 4427 2912 4498 _Haectria
2968 4431 3094 4498 tum
3147 4426 3628 4498 paciscebantur,

1971 4496 2166 4569 primo
2189 4502 2253 4552 ut
2282 4512 2317 4552 a
2340 4496 2663 4571 Cpolitanis
2689 4497 2754 4571 in
2781 4497 3125 4571 hymnodiis
3151 4496 3347 4571 ‘papee
3377 4499 3630 4571 Romani

1972 4567 2108 4641 cum
2139 4567 2401 4641 quatuor
2427 4567 2779 4641 patriarchis
2806 4567 3029 4625 mentio
3054 4567 3240 4636 ﬁeret,
3257 4567 3541 4626 ‘secundo
3569 4573 3633 4626 ut

1972 4585 2108 4624 cum
2139 4584 2400 4641 quatuor
2416 4584 2779 4694 ἔθηκα-θοις
2806 4584 3029 4625 mentio
3054 4584 3240 4636 neret,
3273 4584 3541 4626 secundo
3569 4584 3632 4626 ut

1969 4639 2170 4713 liceret
2199 4638 2385 4694 cuivis
2463 4645 2958 4713 omamveterem
2989 4646 3280 4713 tanquam
3309 4641 3508 4713 majus
3535 4641 3632 4696 tri-

1968 4709 2157 4784 bunal
2180 4724 2527 4784 provocare,
2561 4709 2736 4784 tertio
2760 4716 2824 4768 ut
2853 4727 3030 4784 papae
3080 4709 3351 4768 Romano
3391 4709 3458 4784 in
3501 4727 3629 4768 om-

1969 4782 2148 4839 nibus
2184 4779 2522 4854 deferretur
2550 4779 3232 4854 principatuszuctores
3261 4783 3632 4854 Nicephorus

1970 4800 2148 4839 mnus
2195 4800 2522 4836 αθιθιτθιυι·
2550 4800 3232 4854 ρτιηοιραιιιε.Αιιοιοι·θε
3261 4800 3398 4839 ruce
3447 4800 3632 4839 norus

1970 4857 2262 4932 Gregoras
2281 4853 2776 4932 Atiistor.‘i3y§ant_.
2807 4852 2908 4908 lib.
2944 4858 3025 4932 5,Δ
3045 4855 3330 4932 Georgius
3361 4800 3633 4932 Pgranza

1971 4921 2242 4995 Chronici
2273 4921 2592 4995 Orientalis
2614 4923 2718 4995 libi.
2754 4929 2800 4994 1,
2836 4939 2970 4995 cap.
3000 4928 3052 4982 6.
3086 4921 3373 4995 Georgius
3405 4923 3632 4995 Pachy-

1971 4997 2193 5053 merius
2213 4994 2273 5050 in
2303 4994 2601 5066 Excerptis
2645 4994 2852 5050 Histor.

1971 5071 2258 5124 steterunt
2304 5062 2514 5138 postea
2561 5065 2676 5138 hoc
2733 5071 2911 5138 pacto
2960 5065 3166 5138 Graeci,
3218 5062 3280 5120 ct
3332 5062 3632 5138 pontiﬁcis

1971 5135 2328 5196 memoriam
2359 5136 2667 5207 dedignati
2699 5135 2839 5192 sunt
2871 5153 2883 5203 ;
2919 5137 3141 5192 idcirco
3171 5135 3376 5192 monet
3407 5135 3634 5191 Palico-

1968 5211 2143 5281 logos
2169 5210 2229 5265 in
2251 5207 2504 5281 epistola
2534 5207 2854 5281 cardinalis
2872 5209 3229 5281 _Bessari_on,
3255 5207 3632 5280 inculcatque

1969 5278 2388 5364 τιὸ-μνημοσ-ιξνον
2417 5288 2508 5362 τοιξ
2538 5281 2746 5333 πάππα.
2784 5278 2926 5335 Vide
2968 5279 3408 5364 'erudissimum
3452 5278 3633 5364 lie—ur:

1971 5349 2124 5408 siu'm
2157 5349 2217 5408 in
2245 5353 2547 5424 Glossario
2597 5368 2741 5407 voce
2781 5353 3143 5424 πατριάρχης,
3191 5352 3336 5424 etin
3366 5352 3524 5408 notis
3553 5349 3634 5407 ad

1969 5424 2282 5497 epistolam
2311 5423 2472 5497 illam
2497 5423 2861 5497 Bessarionis
2907 5423 3108 5497 Graeco
3131 5423 3480 5497 barbaram,
3510 5437 3636 5478 una

1969 5493 2381 5568 cumillustris
2423 5495 2692 5568 Hesychii
2741 5493 3047 5565 opusculis
3100 5510 3280 5568 super
3317 5495 3540 5554 editam
3579 5499 3636 5554 et

1968 5565 2315 5623 doctissime
2338 5565 2716 5638 explicatam.
2747 5568 2952 5624 Dousa.

2928 4995 2988 5050 ib
3016 4999 3069 5056 ὅ,
3098 4993 3336 5066 aliique.
3369 4993 3632 5066 Sedgnon
3712 5049 3720 5059 ,
