  <div class='ocr_page' id='page_1' title='image "/cluster/home/n/w/nwhite01/storage/ocr_20150623/140/coo.31924054870450/526.png"; bbox 0 0 4152 6406; ppageno 0'>
   <div class='ocr_carea' id='block_1_1' title="bbox 285 291 423 347">
    <p class='ocr_par' dir='ltr' id='par_1_1' title="bbox 285 291 423 347">
     <span class='ocr_line' id='line_1_1' title="bbox 285 291 423 347; baseline -0.029 0"><span class='ocrx_word' id='word_1_1' title='bbox 285 291 423 347; x_wconf 80' lang='grc'>1033</span> 
     </span>
    </p>
   </div>
   <div class='ocr_carea' id='block_1_2' title="bbox 1782 275 2126 333">
    <p class='ocr_par' dir='ltr' id='par_1_2' title="bbox 1782 275 2126 333">
     <span class='ocr_line' id='line_1_2' title="bbox 1782 275 2126 333; baseline 0 -2"><span class='ocrx_word' id='word_1_2' title='bbox 1782 275 2126 333; x_wconf 84' lang='lat' dir='ltr'><strong>ANNALES.</strong></span> 
     </span>
    </p>
   </div>
   <div class='ocr_carea' id='block_1_3' title="bbox 3517 275 3657 333">
    <p class='ocr_par' dir='ltr' id='par_1_3' title="bbox 3517 275 3657 333">
     <span class='ocr_line' id='line_1_3' title="bbox 3517 275 3657 333; baseline 0.007 -1"><span class='ocrx_word' id='word_1_3' title='bbox 3517 277 3538 332; x_wconf 90' lang='grc'><strong>1</strong></span> <span class='ocrx_word' id='word_1_4' title='bbox 3550 275 3657 333; x_wconf 70' lang='grc'>034</span> 
     </span>
    </p>
   </div>
   <div class='ocr_carea' id='block_1_4' title="bbox 283 398 1931 483">
    <p class='ocr_par' dir='ltr' id='par_1_4' title="bbox 283 401 1931 483">
     <span class='ocr_line' id='line_1_4' title="bbox 283 401 1931 483; baseline -0.006 -19"><span class='ocrx_word' id='word_1_5' title='bbox 283 411 412 483; x_wconf 77' lang='grc' dir='ltr'>ὑπὲρ</span> <span class='ocrx_word' id='word_1_6' title='bbox 444 408 679 465; x_wconf 77' lang='grc' dir='ltr'>ὀκταετες</span> <span class='ocrx_word' id='word_1_7' title='bbox 718 404 781 462; x_wconf 75' lang='grc' dir='ltr'>ἧν</span> <span class='ocrx_word' id='word_1_8' title='bbox 810 404 969 462; x_wconf 77' lang='grc' dir='ltr'>ἡνίκα</span> <span class='ocrx_word' id='word_1_9' title='bbox 997 404 1021 454; x_wconf 99' lang='lat'><strong>6</strong></span> <span class='ocrx_word' id='word_1_10' title='bbox 1055 401 1306 476; x_wconf 85' lang='grc' dir='ltr'>βασιλεὺς</span> <span class='ocrx_word' id='word_1_11' title='bbox 1361 407 1450 454; x_wconf 86' lang='grc' dir='ltr'>καὶ</span> <span class='ocrx_word' id='word_1_12' title='bbox 1511 403 1680 475; x_wconf 76' lang='grc' dir='ltr'>πατὴρ</span> <span class='ocrx_word' id='word_1_13' title='bbox 1729 401 1891 454; x_wconf 77' lang='grc' dir='ltr'>αὐτοῦ</span> <span class='ocrx_word' id='word_1_14' title='bbox 1925 449 1931 457; x_wconf 75' lang='grc'><strong>.</strong></span> 
     </span>
    </p>
   </div>
   <div class='ocr_carea' id='block_1_5' title="bbox 2032 398 3659 483">
    <p class='ocr_par' dir='ltr' id='par_1_5' title="bbox 2032 398 3659 474">
     <span class='ocr_line' id='line_1_5' title="bbox 2032 398 3659 474; baseline 0 -17"><span class='ocrx_word' id='word_1_15' title='bbox 2032 403 2333 474; x_wconf 86' lang='lat' dir='ltr'><strong>mperator</strong></span> <span class='ocrx_word' id='word_1_16' title='bbox 2359 399 2705 456; x_wconf 89' lang='lat' dir='ltr'><strong>Theodorus</strong></span> <span class='ocrx_word' id='word_1_17' title='bbox 2746 401 3012 458; x_wconf 90' lang='lat' dir='ltr'><strong>Lascaris</strong></span> <span class='ocrx_word' id='word_1_18' title='bbox 3060 416 3254 458; x_wconf 90' lang='lat' dir='ltr'><strong>annos</strong></span> <span class='ocrx_word' id='word_1_19' title='bbox 3300 398 3571 474; x_wconf 91' lang='lat' dir='ltr'><strong>quinque</strong></span> <span class='ocrx_word' id='word_1_20' title='bbox 3599 399 3659 457; x_wconf 89' lang='lat' dir='ltr'><strong>et</strong></span> 
     </span>
    </p>
   </div>
   <div class='ocr_carea' id='block_1_6' title="bbox 285 490 1896 566">
    <p class='ocr_par' dir='ltr' id='par_1_6' title="bbox 285 490 1896 566">
     <span class='ocr_line' id='line_1_6' title="bbox 285 490 1896 566; baseline -0.006 -14"><span class='ocrx_word' id='word_1_21' title='bbox 285 499 570 558; x_wconf 74' lang='grc' dir='ltr'>ἐτεθνήκει.</span> <span class='ocrx_word' id='word_1_22' title='bbox 609 497 706 548; x_wconf 83' lang='grc' dir='ltr'><strong>Διὰ</strong></span> <span class='ocrx_word' id='word_1_23' title='bbox 733 512 800 546; x_wconf 88' lang='grc' dir='ltr'><strong>πο</strong></span> <span class='ocrx_word' id='word_1_24' title='bbox 836 491 1068 565; x_wconf 81' lang='grc' dir='ltr'><strong>ἀμοιρεῖν</strong></span> <span class='ocrx_word' id='word_1_25' title='bbox 1114 500 1239 564; x_wconf 77' lang='grc' dir='ltr'>γοῦν</span> <span class='ocrx_word' id='word_1_26' title='bbox 1315 492 1469 544; x_wconf 77' lang='grc' dir='ltr'>αὐτὸν</span> <span class='ocrx_word' id='word_1_27' title='bbox 1523 491 1732 566; x_wconf 77' lang='grc' dir='ltr'>ἄρρενος</span> <span class='ocrx_word' id='word_1_28' title='bbox 1784 490 1896 550; x_wconf 81' lang='grc' dir='ltr'><strong>ἐνή-</strong></span> 
     </span>
    </p>
   </div>
   <div class='ocr_carea' id='block_1_7' title="bbox 286 580 1896 660">
    <p class='ocr_par' dir='ltr' id='par_1_7' title="bbox 286 580 1896 660">
     <span class='ocr_line' id='line_1_7' title="bbox 286 580 1896 660; baseline -0.005 -18"><span class='ocrx_word' id='word_1_29' title='bbox 286 589 381 642; x_wconf 78' lang='grc' dir='ltr'><strong>ϐου</strong></span> <span class='ocrx_word' id='word_1_30' title='bbox 404 587 615 660; x_wconf 82' lang='grc' dir='ltr'>γονῆςό</span> <span class='ocrx_word' id='word_1_31' title='bbox 661 583 744 637; x_wconf 78' lang='grc' dir='ltr'><strong>ἐπὶ</strong></span> <span class='ocrx_word' id='word_1_32' title='bbox 771 591 834 641; x_wconf 85' lang='grc' dir='ltr'>τῆ</span> <span class='ocrx_word' id='word_1_33' title='bbox 871 584 1095 656; x_wconf 85' lang='grc' dir='ltr'>θυγατρὶ</span> <span class='ocrx_word' id='word_1_34' title='bbox 1138 580 1373 656; x_wconf 81' lang='grc' dir='ltr'>γαμϐρὸς</span> <span class='ocrx_word' id='word_1_35' title='bbox 1438 581 1598 633; x_wconf 72' lang='grc' dir='ltr'>αὑτοῦ</span> <span class='ocrx_word' id='word_1_36' title='bbox 1646 588 1741 641; x_wconf 82' lang='grc' dir='ltr'>τῆς</span> <span class='ocrx_word' id='word_1_37' title='bbox 1800 580 1896 653; x_wconf 83' lang='grc' dir='ltr'>βα-</span> 
     </span>
    </p>
   </div>
   <div class='ocr_carea' id='block_1_8' title="bbox 291 666 1896 748">
    <p class='ocr_par' dir='ltr' id='par_1_8' title="bbox 291 666 1896 748">
     <span class='ocr_line' id='line_1_8' title="bbox 291 666 1896 748; baseline -0.007 -16"><span class='ocrx_word' id='word_1_38' title='bbox 291 678 489 740; x_wconf 85' lang='grc' dir='ltr'>σιλείας</span> <span class='ocrx_word' id='word_1_39' title='bbox 552 675 880 748; x_wconf 85' lang='grc' dir='ltr'>κληρονομεῖ.</span> <span class='ocrx_word' id='word_1_40' title='bbox 921 672 1019 724; x_wconf 86' lang='grc' dir='ltr'>Ἤν</span> <span class='ocrx_word' id='word_1_41' title='bbox 1071 668 1128 724; x_wconf 70' lang='grc' dir='ltr'><strong>δὲ</strong></span> <span class='ocrx_word' id='word_1_42' title='bbox 1181 672 1206 724; x_wconf 85' lang='grc' dir='ltr'>ὁ</span> <span class='ocrx_word' id='word_1_43' title='bbox 1275 669 1526 742; x_wconf 83' lang='grc' dir='ltr'>βασιλεύς</span> <span class='ocrx_word' id='word_1_44' title='bbox 1575 666 1896 744; x_wconf 72' lang='grc' dir='ltr'>Θεόδωροςό</span> 
     </span>
    </p>
   </div>
   <div class='ocr_carea' id='block_1_9' title="bbox 296 758 1899 840">
    <p class='ocr_par' dir='ltr' id='par_1_9' title="bbox 296 758 1899 840">
     <span class='ocr_line' id='line_1_9' title="bbox 296 758 1899 840; baseline -0.007 -19"><span class='ocrx_word' id='word_1_45' title='bbox 296 770 588 840; x_wconf 82' lang='grc' dir='ltr'>Λάσκαρις,</span> <span class='ocrx_word' id='word_1_46' title='bbox 632 765 786 817; x_wconf 85' lang='grc' dir='ltr'>όπότε</span> <span class='ocrx_word' id='word_1_47' title='bbox 838 764 896 813; x_wconf 87' lang='grc' dir='ltr'>τὸ</span> <span class='ocrx_word' id='word_1_48' title='bbox 943 760 1082 820; x_wconf 97' lang='grc' dir='ltr'>τέλος</span> <span class='ocrx_word' id='word_1_49' title='bbox 1134 762 1262 832; x_wconf 83' lang='grc' dir='ltr'>ἔσχε</span> <span class='ocrx_word' id='word_1_50' title='bbox 1321 766 1413 811; x_wconf 80' lang='grc' dir='ltr'>τοῦ</span> <span class='ocrx_word' id='word_1_51' title='bbox 1460 758 1604 831; x_wconf 80' lang='grc' dir='ltr'>βίου,</span> <span class='ocrx_word' id='word_1_52' title='bbox 1657 768 1757 811; x_wconf 89' lang='grc' dir='ltr'>τῶν</span> <span class='ocrx_word' id='word_1_53' title='bbox 1809 762 1899 831; x_wconf 72' lang='grc' dir='ltr'>μὲν</span> 
     </span>
    </p>
   </div>
   <div class='ocr_carea' id='block_1_10' title="bbox 290 844 1900 928">
    <p class='ocr_par' dir='ltr' id='par_1_10' title="bbox 290 844 1900 928">
     <span class='ocr_line' id='line_1_10' title="bbox 290 844 1900 928; baseline -0.006 -18"><span class='ocrx_word' id='word_1_54' title='bbox 290 856 683 928; x_wconf 83' lang='grc' dir='ltr'>τεσσαράκοντα</span> <span class='ocrx_word' id='word_1_55' title='bbox 740 854 890 904; x_wconf 82' lang='grc' dir='ltr'><strong>πέντε</strong></span> <span class='ocrx_word' id='word_1_56' title='bbox 972 848 1095 903; x_wconf 81' lang='grc' dir='ltr'>ἐτῶν</span> <span class='ocrx_word' id='word_1_57' title='bbox 1147 850 1460 924; x_wconf 81' lang='grc' dir='ltr'><strong>ὑπερέκεινα,</strong></span> <span class='ocrx_word' id='word_1_58' title='bbox 1543 848 1759 900; x_wconf 83' lang='grc' dir='ltr'>ἐλάττων</span> <span class='ocrx_word' id='word_1_59' title='bbox 1841 844 1900 900; x_wconf 76' lang='grc' dir='ltr'><strong>δὲ</strong></span> 
     </span>
    </p>
   </div>
   <div class='ocr_carea' id='block_1_11' title="bbox 293 935 1898 1012">
    <p class='ocr_par' dir='ltr' id='par_1_11' title="bbox 293 935 1898 1012">
     <span class='ocr_line' id='line_1_11' title="bbox 293 935 1898 1012; baseline -0.002 -17"><span class='ocrx_word' id='word_1_60' title='bbox 293 953 395 998; x_wconf 86' lang='grc' dir='ltr'>τῶν</span> <span class='ocrx_word' id='word_1_61' title='bbox 425 947 758 1009; x_wconf 77' lang='grc' dir='ltr'>πεντήκοντα,</span> <span class='ocrx_word' id='word_1_62' title='bbox 794 938 1114 1012; x_wconf 79' lang='grc' dir='ltr'><strong>βασιλεύσας</strong></span> <span class='ocrx_word' id='word_1_63' title='bbox 1143 936 1198 990; x_wconf 85' lang='grc' dir='ltr'>ἐκ</span> <span class='ocrx_word' id='word_1_64' title='bbox 1254 939 1450 990; x_wconf 89' lang='grc' dir='ltr'>τούτων</span> <span class='ocrx_word' id='word_1_65' title='bbox 1509 937 1595 995; x_wconf 82' lang='grc' dir='ltr'>ἔτη</span> <span class='ocrx_word' id='word_1_66' title='bbox 1668 935 1734 996; x_wconf 89' lang='grc' dir='ltr'>ιη’</span> <span class='ocrx_word' id='word_1_67' title='bbox 1763 938 1898 1007; x_wconf 88' lang='grc'>(30).</span> 
     </span>
    </p>
   </div>
   <div class='ocr_carea' id='block_1_12' title="bbox 296 1023 1902 1103">
    <p class='ocr_par' dir='ltr' id='par_1_12' title="bbox 296 1023 1902 1103">
     <span class='ocr_line' id='line_1_12' title="bbox 296 1023 1902 1103; baseline -0.006 -16"><span class='ocrx_word' id='word_1_68' title='bbox 296 1033 395 1087; x_wconf 86' lang='grc' dir='ltr'>Ἦν</span> <span class='ocrx_word' id='word_1_69' title='bbox 422 1030 482 1086; x_wconf 73' lang='grc' dir='ltr'><strong>δὲ</strong></span> <span class='ocrx_word' id='word_1_70' title='bbox 509 1035 567 1084; x_wconf 86' lang='grc' dir='ltr'>τὸ</span> <span class='ocrx_word' id='word_1_71' title='bbox 631 1039 785 1103; x_wconf 84' lang='grc' dir='ltr'>σῶμα</span> <span class='ocrx_word' id='word_1_72' title='bbox 834 1031 1042 1102; x_wconf 84' lang='grc' dir='ltr'>μικρὸς,</span> <span class='ocrx_word' id='word_1_73' title='bbox 1106 1027 1200 1080; x_wconf 75' lang='grc' dir='ltr'>οὐκ</span> <span class='ocrx_word' id='word_1_74' title='bbox 1239 1026 1371 1098; x_wconf 85' lang='grc' dir='ltr'>ἆγαν</span> <span class='ocrx_word' id='word_1_75' title='bbox 1426 1023 1504 1098; x_wconf 75' lang='grc' dir='ltr'><strong>δὲ,</strong></span> <span class='ocrx_word' id='word_1_76' title='bbox 1575 1026 1902 1099; x_wconf 75' lang='grc' dir='ltr'><strong>μελάγχρους</strong></span> 
     </span>
    </p>
   </div>
   <div class='ocr_carea' id='block_1_13' title="bbox 297 1116 1902 1194">
    <p class='ocr_par' dir='ltr' id='par_1_13' title="bbox 297 1116 1902 1194">
     <span class='ocr_line' id='line_1_13' title="bbox 297 1116 1902 1194; baseline -0.006 -20"><span class='ocrx_word' id='word_1_77' title='bbox 297 1121 374 1194; x_wconf 77' lang='grc' dir='ltr'><strong>ἐφ’</strong></span> <span class='ocrx_word' id='word_1_78' title='bbox 405 1123 594 1187; x_wconf 83' lang='grc' dir='ltr'>ἱκανόν,</span> <span class='ocrx_word' id='word_1_79' title='bbox 652 1119 953 1190; x_wconf 80' lang='grc' dir='ltr'>καθειμένον</span> <span class='ocrx_word' id='word_1_80' title='bbox 1006 1117 1142 1187; x_wconf 82' lang='grc' dir='ltr'>ἔχων</span> <span class='ocrx_word' id='word_1_81' title='bbox 1194 1118 1252 1166; x_wconf 87' lang='grc' dir='ltr'>τὸ</span> <span class='ocrx_word' id='word_1_82' title='bbox 1305 1118 1495 1186; x_wconf 87' lang='grc' dir='ltr'>γένειον</span> <span class='ocrx_word' id='word_1_83' title='bbox 1547 1120 1636 1167; x_wconf 90' lang='grc' dir='ltr'>καὶ</span> <span class='ocrx_word' id='word_1_84' title='bbox 1679 1119 1793 1187; x_wconf 80' lang='grc' dir='ltr'>περὶ</span> <span class='ocrx_word' id='word_1_85' title='bbox 1843 1116 1902 1166; x_wconf 90' lang='grc' dir='ltr'><strong>τό</strong></span> 
     </span>
    </p>
   </div>
   <div class='ocr_carea' id='block_1_14' title="bbox 298 1203 1904 1280">
    <p class='ocr_par' dir='ltr' id='par_1_14' title="bbox 298 1203 1904 1280">
     <span class='ocr_line' id='line_1_14' title="bbox 298 1203 1904 1280; baseline -0.005 -18"><span class='ocrx_word' id='word_1_86' title='bbox 298 1211 455 1276; x_wconf 81' lang='grc' dir='ltr'>ἄκρον</span> <span class='ocrx_word' id='word_1_87' title='bbox 513 1208 851 1280; x_wconf 76' lang='grc' dir='ltr'><strong>σχιζόμενον,</strong></span> <span class='ocrx_word' id='word_1_88' title='bbox 939 1204 1017 1257; x_wconf 76' lang='grc' dir='ltr'><strong>ἐπ’</strong></span> <span class='ocrx_word' id='word_1_89' title='bbox 1079 1204 1251 1276; x_wconf 78' lang='grc' dir='ltr'>ὀλίγον</span> <span class='ocrx_word' id='word_1_90' title='bbox 1323 1203 1714 1277; x_wconf 77' lang='grc' dir='ltr'>ἑτερόφθαλμος,</span> <span class='ocrx_word' id='word_1_91' title='bbox 1777 1207 1904 1278; x_wconf 88' lang='grc' dir='ltr'>πρὸς</span> 
     </span>
    </p>
   </div>
   <div class='ocr_carea' id='block_1_15' title="bbox 297 1289 1905 1370">
    <p class='ocr_par' dir='ltr' id='par_1_15' title="bbox 297 1289 1905 1370">
     <span class='ocr_line' id='line_1_15' title="bbox 297 1289 1905 1370; baseline -0.006 -18"><span class='ocrx_word' id='word_1_92' title='bbox 297 1318 386 1360; x_wconf 85' lang='grc' dir='ltr'><strong>τας</strong></span> <span class='ocrx_word' id='word_1_93' title='bbox 417 1301 602 1370; x_wconf 86' lang='grc' dir='ltr'>μάχας</span> <span class='ocrx_word' id='word_1_94' title='bbox 626 1297 764 1366; x_wconf 78' lang='grc' dir='ltr'>ὀξὺς,</span> <span class='ocrx_word' id='word_1_95' title='bbox 814 1297 981 1368; x_wconf 86' lang='grc' dir='ltr'>θυμοῦ</span> <span class='ocrx_word' id='word_1_96' title='bbox 1036 1313 1090 1346; x_wconf 86' lang='grc' dir='ltr'><strong>τε</strong></span> <span class='ocrx_word' id='word_1_97' title='bbox 1137 1293 1248 1366; x_wconf 85' lang='grc'>(51)</span> <span class='ocrx_word' id='word_1_98' title='bbox 1290 1297 1380 1345; x_wconf 83' lang='grc' dir='ltr'>καὶ</span> <span class='ocrx_word' id='word_1_99' title='bbox 1428 1289 1750 1366; x_wconf 70' lang='grc' dir='ltr'>ἀφροδισίων</span> <span class='ocrx_word' id='word_1_100' title='bbox 1816 1293 1905 1350; x_wconf 80' lang='grc' dir='ltr'>ἡτ-</span> 
     </span>
    </p>
   </div>
   <div class='ocr_carea' id='block_1_16' title="bbox 296 1378 1901 1460">
    <p class='ocr_par' dir='ltr' id='par_1_16' title="bbox 296 1378 1901 1460">
     <span class='ocr_line' id='line_1_16' title="bbox 296 1378 1901 1460; baseline -0.005 -20"><span class='ocrx_word' id='word_1_101' title='bbox 296 1393 544 1460; x_wconf 87' lang='grc' dir='ltr'>τώμενος,</span> <span class='ocrx_word' id='word_1_102' title='bbox 616 1385 1028 1459; x_wconf 80' lang='grc' dir='ltr'>ἐλευθεριώτερος</span> <span class='ocrx_word' id='word_1_103' title='bbox 1085 1381 1133 1435; x_wconf 88' lang='grc' dir='ltr'>ἐν</span> <span class='ocrx_word' id='word_1_104' title='bbox 1204 1390 1317 1442; x_wconf 85' lang='grc' dir='ltr'>ταῖς</span> <span class='ocrx_word' id='word_1_105' title='bbox 1384 1378 1624 1454; x_wconf 79' lang='grc' dir='ltr'><strong>δωρεαῖς·</strong></span> <span class='ocrx_word' id='word_1_106' title='bbox 1673 1381 1746 1441; x_wconf 78' lang='grc' dir='ltr'>οἷς</span> <span class='ocrx_word' id='word_1_107' title='bbox 1801 1383 1901 1453; x_wconf 82' lang='grc' dir='ltr'><strong>γὰρ</strong></span> 
     </span>
    </p>
   </div>
   <div class='ocr_carea' id='block_1_17' title="bbox 301 1467 1905 1548">
    <p class='ocr_par' dir='ltr' id='par_1_17' title="bbox 301 1467 1905 1548">
     <span class='ocr_line' id='line_1_17' title="bbox 301 1467 1905 1548; baseline -0.004 -20"><span class='ocrx_word' id='word_1_108' title='bbox 301 1477 362 1528; x_wconf 81' lang='grc' dir='ltr'>ἄν</span> <span class='ocrx_word' id='word_1_109' title='bbox 395 1474 662 1548; x_wconf 85' lang='grc' dir='ltr'>βούλοιτο,</span> <span class='ocrx_word' id='word_1_110' title='bbox 691 1473 822 1527; x_wconf 86' lang='grc' dir='ltr'>πολὺ</span> <span class='ocrx_word' id='word_1_111' title='bbox 853 1476 911 1524; x_wconf 88' lang='grc' dir='ltr'><strong>τό</strong></span> <span class='ocrx_word' id='word_1_112' title='bbox 955 1476 1182 1546; x_wconf 89' lang='grc' dir='ltr'>χρυσίον</span> <span class='ocrx_word' id='word_1_113' title='bbox 1248 1467 1480 1536; x_wconf 73' lang='grc' dir='ltr'>ἐδίδοτο,</span> <span class='ocrx_word' id='word_1_114' title='bbox 1521 1473 1591 1532; x_wconf 84' lang='grc' dir='ltr'>ὡς</span> <span class='ocrx_word' id='word_1_115' title='bbox 1620 1469 1669 1522; x_wconf 88' lang='grc' dir='ltr'>ἐν</span> <span class='ocrx_word' id='word_1_116' title='bbox 1724 1469 1905 1542; x_wconf 80' lang='grc' dir='ltr'>ἀκαρεῖ</span> 
     </span>
    </p>
   </div>
   <div class='ocr_carea' id='block_1_18' title="bbox 301 1556 1903 1634">
    <p class='ocr_par' dir='ltr' id='par_1_18' title="bbox 301 1556 1903 1634">
     <span class='ocr_line' id='line_1_18' title="bbox 301 1556 1903 1634; baseline -0.005 -17"><span class='ocrx_word' id='word_1_117' title='bbox 301 1568 518 1625; x_wconf 85' lang='grc' dir='ltr'>τούτους</span> <span class='ocrx_word' id='word_1_118' title='bbox 571 1564 828 1617; x_wconf 87' lang='grc' dir='ltr'>πλουτεῖν.</span> <span class='ocrx_word' id='word_1_119' title='bbox 896 1561 1329 1634; x_wconf 84' lang='grc' dir='ltr'>Τεταλαιπώρηκε</span> <span class='ocrx_word' id='word_1_120' title='bbox 1405 1556 1464 1611; x_wconf 72' lang='grc' dir='ltr'><strong>δὲ</strong></span> <span class='ocrx_word' id='word_1_121' title='bbox 1528 1557 1809 1630; x_wconf 86' lang='grc' dir='ltr'>πάμπολλα</span> <span class='ocrx_word' id='word_1_122' title='bbox 1855 1557 1903 1610; x_wconf 84' lang='grc' dir='ltr'>ἐν</span> 
     </span>
    </p>
   </div>
   <div class='ocr_carea' id='block_1_19' title="bbox 302 1648 1901 1725">
    <p class='ocr_par' dir='ltr' id='par_1_19' title="bbox 302 1648 1901 1725">
     <span class='ocr_line' id='line_1_19' title="bbox 302 1648 1901 1725; baseline -0.003 -20"><span class='ocrx_word' id='word_1_123' title='bbox 302 1661 420 1715; x_wconf 85' lang='grc' dir='ltr'>ταῖς</span> <span class='ocrx_word' id='word_1_124' title='bbox 445 1655 648 1725; x_wconf 77' lang='grc' dir='ltr'>μάχαις</span> <span class='ocrx_word' id='word_1_125' title='bbox 679 1659 793 1712; x_wconf 87' lang='grc' dir='ltr'>ταῖς</span> <span class='ocrx_word' id='word_1_126' title='bbox 816 1670 869 1703; x_wconf 90' lang='grc' dir='ltr'><strong>τε</strong></span> <span class='ocrx_word' id='word_1_127' title='bbox 896 1652 1028 1723; x_wconf 88' lang='grc' dir='ltr'>πρὸς</span> <span class='ocrx_word' id='word_1_128' title='bbox 1072 1648 1298 1710; x_wconf 82' lang='grc' dir='ltr'>Ἰταλοὺς</span> <span class='ocrx_word' id='word_1_129' title='bbox 1353 1651 1444 1699; x_wconf 86' lang='grc' dir='ltr'>καὶ</span> <span class='ocrx_word' id='word_1_130' title='bbox 1502 1651 1621 1707; x_wconf 82' lang='grc' dir='ltr'>τοὺς</span> <span class='ocrx_word' id='word_1_131' title='bbox 1679 1650 1901 1720; x_wconf 84' lang='grc' dir='ltr'>Πέρσας.</span> 
     </span>
    </p>
   </div>
   <div class='ocr_carea' id='block_1_20' title="bbox 2003 490 3658 566">
    <p class='ocr_par' dir='ltr' id='par_1_20' title="bbox 2003 490 3658 566">
     <span class='ocr_line' id='line_1_20' title="bbox 2003 490 3658 566; baseline -0.001 -19"><span class='ocrx_word' id='word_1_132' title='bbox 2003 491 2406 564; x_wconf 84' lang='lat' dir='ltr'><strong>quadraginta</strong></span> <span class='ocrx_word' id='word_1_133' title='bbox 2426 493 2482 546; x_wconf 91' lang='lat' dir='ltr'><strong>et</strong></span> <span class='ocrx_word' id='word_1_134' title='bbox 2497 490 2777 563; x_wconf 83' lang='lat' dir='ltr'><strong>amplius,</strong></span> <span class='ocrx_word' id='word_1_135' title='bbox 2801 493 2995 548; x_wconf 90' lang='lat' dir='ltr'><strong>minor</strong></span> <span class='ocrx_word' id='word_1_136' title='bbox 3015 492 3457 566; x_wconf 83' lang='lat' dir='ltr'><strong>quinquaginta</strong></span> <span class='ocrx_word' id='word_1_137' title='bbox 3475 493 3658 547; x_wconf 85' lang='lat' dir='ltr'><strong>natus</strong></span> 
     </span>
    </p>
   </div>
   <div class='ocr_carea' id='block_1_21' title="bbox 2005 580 3657 653">
    <p class='ocr_par' dir='ltr' id='par_1_21' title="bbox 2005 580 3657 653">
     <span class='ocr_line' id='line_1_21' title="bbox 2005 580 3657 653; baseline 0 -17"><span class='ocrx_word' id='word_1_138' title='bbox 2005 581 2274 650; x_wconf 75' lang='lat' dir='ltr'><strong>excessit,</strong></span> <span class='ocrx_word' id='word_1_139' title='bbox 2306 597 2336 636; x_wconf 94' lang='lat' dir='ltr'><strong>e</strong></span> <span class='ocrx_word' id='word_1_140' title='bbox 2368 580 2506 649; x_wconf 89' lang='lat' dir='ltr'><strong>vita,</strong></span> <span class='ocrx_word' id='word_1_141' title='bbox 2535 580 2744 638; x_wconf 90' lang='lat' dir='ltr'><strong>decem</strong></span> <span class='ocrx_word' id='word_1_142' title='bbox 2767 587 2822 638; x_wconf 88' lang='lat' dir='ltr'><strong>et</strong></span> <span class='ocrx_word' id='word_1_143' title='bbox 2852 587 2985 639; x_wconf 89' lang='lat' dir='ltr'><strong>octo</strong></span> <span class='ocrx_word' id='word_1_144' title='bbox 3029 582 3316 653; x_wconf 83' lang='lat' dir='ltr'><strong>regnavit,</strong></span> <span class='ocrx_word' id='word_1_145' title='bbox 3379 595 3657 653; x_wconf 86' lang='lat' dir='ltr'><strong>corpore,</strong></span> 
     </span>
    </p>
   </div>
   <div class='ocr_carea' id='block_1_22' title="bbox 2008 668 3658 742">
    <p class='ocr_par' dir='ltr' id='par_1_22' title="bbox 2008 668 3658 742">
     <span class='ocr_line' id='line_1_22' title="bbox 2008 668 3658 742; baseline 0.002 -19"><span class='ocrx_word' id='word_1_146' title='bbox 2008 669 2113 724; x_wconf 92' lang='lat' dir='ltr'><strong>sed</strong></span> <span class='ocrx_word' id='word_1_147' title='bbox 2142 684 2265 724; x_wconf 96' lang='lat' dir='ltr'><strong>non</strong></span> <span class='ocrx_word' id='word_1_148' title='bbox 2299 669 2576 737; x_wconf 88' lang='lat' dir='ltr'><strong>nimium,</strong></span> <span class='ocrx_word' id='word_1_149' title='bbox 2626 668 2904 742; x_wconf 90' lang='lat' dir='ltr'><strong>pusillus,</strong></span> <span class='ocrx_word' id='word_1_150' title='bbox 2970 671 3278 727; x_wconf 88' lang='lat' dir='ltr'><strong>moderate</strong></span> <span class='ocrx_word' id='word_1_151' title='bbox 3324 669 3658 740; x_wconf 83' lang='lat' dir='ltr'><strong>nigricante</strong></span> 
     </span>
    </p>
   </div>
   <div class='ocr_carea' id='block_1_23' title="bbox 2007 758 3655 831">
    <p class='ocr_par' dir='ltr' id='par_1_23' title="bbox 2007 758 3655 831">
     <span class='ocr_line' id='line_1_23' title="bbox 2007 758 3655 831; baseline 0.001 -18"><span class='ocrx_word' id='word_1_152' title='bbox 2007 758 2309 831; x_wconf 90' lang='lat' dir='ltr'><strong>promissa</strong></span> <span class='ocrx_word' id='word_1_153' title='bbox 2328 758 2542 827; x_wconf 83' lang='lat' dir='ltr'><strong>barba,</strong></span> <span class='ocrx_word' id='word_1_154' title='bbox 2585 759 2691 814; x_wconf 92' lang='lat' dir='ltr'><strong>sed</strong></span> <span class='ocrx_word' id='word_1_155' title='bbox 2712 775 2847 831; x_wconf 83' lang='lat' dir='ltr'><strong>quae</strong></span> <span class='ocrx_word' id='word_1_156' title='bbox 2877 761 2939 816; x_wconf 91' lang='lat' dir='ltr'><strong>in</strong></span> <span class='ocrx_word' id='word_1_157' title='bbox 2963 760 3241 816; x_wconf 84' lang='lat' dir='ltr'><strong>extremis</strong></span> <span class='ocrx_word' id='word_1_158' title='bbox 3264 760 3655 829; x_wconf 87' lang='lat' dir='ltr'><strong>scinderetur,</strong></span> 
     </span>
    </p>
   </div>
   <div class='ocr_carea' id='block_1_24' title="bbox 2007 848 3657 922">
    <p class='ocr_par' dir='ltr' id='par_1_24' title="bbox 2007 848 3657 922">
     <span class='ocr_line' id='line_1_24' title="bbox 2007 848 3657 922; baseline 0.001 -18"><span class='ocrx_word' id='word_1_159' title='bbox 2007 848 2210 914; x_wconf 87' lang='lat' dir='ltr'><strong>variis,</strong></span> <span class='ocrx_word' id='word_1_160' title='bbox 2242 848 2347 903; x_wconf 93' lang='lat' dir='ltr'><strong>sed</strong></span> <span class='ocrx_word' id='word_1_161' title='bbox 2373 864 2720 921; x_wconf 86' lang='lat' dir='ltr'><strong>parumper,</strong></span> <span class='ocrx_word' id='word_1_162' title='bbox 2761 849 2968 918; x_wconf 92' lang='lat' dir='ltr'><strong>oculis,</strong></span> <span class='ocrx_word' id='word_1_163' title='bbox 3019 865 3288 922; x_wconf 61' lang='lat' dir='ltr'><strong>praeceps</strong></span> <span class='ocrx_word' id='word_1_164' title='bbox 3339 849 3400 905; x_wconf 94' lang='lat' dir='ltr'><strong>in</strong></span> <span class='ocrx_word' id='word_1_165' title='bbox 3424 849 3657 922; x_wconf 76' lang='lat' dir='ltr'><strong>prcelia,</strong></span> 
     </span>
    </p>
   </div>
   <div class='ocr_carea' id='block_1_25' title="bbox 2009 937 3659 1011">
    <p class='ocr_par' dir='ltr' id='par_1_25' title="bbox 2009 937 3659 1011">
     <span class='ocr_line' id='line_1_25' title="bbox 2009 937 3659 1011; baseline 0.001 -18"><span class='ocrx_word' id='word_1_166' title='bbox 2009 937 2112 994; x_wconf 75' lang='lat' dir='ltr'><strong>irae</strong></span> <span class='ocrx_word' id='word_1_167' title='bbox 2144 954 2216 1009; x_wconf 85' lang='lat' dir='ltr'><strong>ac</strong></span> <span class='ocrx_word' id='word_1_168' title='bbox 2242 939 2481 995; x_wconf 89' lang='lat' dir='ltr'><strong>Veneris</strong></span> <span class='ocrx_word' id='word_1_169' title='bbox 2514 940 2854 1011; x_wconf 81' lang='lat' dir='ltr'><strong>impatiens,</strong></span> <span class='ocrx_word' id='word_1_170' title='bbox 2903 942 2964 996; x_wconf 91' lang='lat' dir='ltr'><strong>in</strong></span> <span class='ocrx_word' id='word_1_171' title='bbox 3015 940 3368 996; x_wconf 88' lang='lat' dir='ltr'><strong>muneribus</strong></span> <span class='ocrx_word' id='word_1_172' title='bbox 3416 939 3659 996; x_wconf 85' lang='lat' dir='ltr'><strong>muniﬁ-</strong></span> 
     </span>
    </p>
   </div>
   <div class='ocr_carea' id='block_1_26' title="bbox 2011 1028 3665 1100">
    <p class='ocr_par' dir='ltr' id='par_1_26' title="bbox 2011 1028 3665 1100">
     <span class='ocr_line' id='line_1_26' title="bbox 2011 1028 3665 1100; baseline 0.002 -17"><span class='ocrx_word' id='word_1_173' title='bbox 2011 1028 2240 1084; x_wconf 89' lang='lat' dir='ltr'><strong>centior</strong></span> <span class='ocrx_word' id='word_1_174' title='bbox 2275 1047 2287 1084; x_wconf 90' lang='lat'><strong>:</strong></span> <span class='ocrx_word' id='word_1_175' title='bbox 2321 1028 2545 1100; x_wconf 88' lang='lat' dir='ltr'><strong>quibus</strong></span> <span class='ocrx_word' id='word_1_176' title='bbox 2573 1031 2735 1085; x_wconf 85' lang='lat' dir='ltr'><strong>enim</strong></span> <span class='ocrx_word' id='word_1_177' title='bbox 2773 1030 2853 1086; x_wconf 87' lang='lat' dir='ltr'><strong>illi</strong></span> <span class='ocrx_word' id='word_1_178' title='bbox 2881 1030 3234 1087; x_wconf 88' lang='lat' dir='ltr'><strong>collubitum</strong></span> <span class='ocrx_word' id='word_1_179' title='bbox 3263 1033 3408 1097; x_wconf 89' lang='lat' dir='ltr'><strong>erat,</strong></span> <span class='ocrx_word' id='word_1_180' title='bbox 3445 1029 3665 1100; x_wconf 78' lang='lat' dir='ltr'><strong>ingens</strong></span> 
     </span>
    </p>
   </div>
   <div class='ocr_carea' id='block_1_27' title="bbox 2014 1116 3664 1192">
    <p class='ocr_par' dir='ltr' id='par_1_27' title="bbox 2014 1116 3664 1192">
     <span class='ocr_line' id='line_1_27' title="bbox 2014 1116 3664 1192; baseline 0.002 -21"><span class='ocrx_word' id='word_1_181' title='bbox 2014 1116 2140 1172; x_wconf 85' lang='lat' dir='ltr'><strong>auri</strong></span> <span class='ocrx_word' id='word_1_182' title='bbox 2173 1116 2262 1172; x_wconf 87' lang='lat' dir='ltr'><strong>vis</strong></span> <span class='ocrx_word' id='word_1_183' title='bbox 2292 1117 2653 1186; x_wconf 86' lang='lat' dir='ltr'><strong>donabatur,</strong></span> <span class='ocrx_word' id='word_1_184' title='bbox 2681 1123 2748 1176; x_wconf 93' lang='lat' dir='ltr'><strong>ut</strong></span> <span class='ocrx_word' id='word_1_185' title='bbox 2776 1119 2980 1177; x_wconf 78' lang='lat' dir='ltr'><strong>statim</strong></span> <span class='ocrx_word' id='word_1_186' title='bbox 3009 1119 3277 1192; x_wconf 90' lang='lat' dir='ltr'><strong>opulenti</strong></span> <span class='ocrx_word' id='word_1_187' title='bbox 3320 1119 3664 1176; x_wconf 83' lang='lat' dir='ltr'><strong>evaderent.</strong></span> 
     </span>
    </p>
   </div>
   <div class='ocr_carea' id='block_1_28' title="bbox 2011 1205 3666 1281">
    <p class='ocr_par' dir='ltr' id='par_1_28' title="bbox 2011 1205 3666 1281">
     <span class='ocr_line' id='line_1_28' title="bbox 2011 1205 3666 1281; baseline 0.002 -21"><span class='ocrx_word' id='word_1_188' title='bbox 2011 1205 2230 1275; x_wconf 84' lang='lat' dir='ltr'><strong>Pugnis</strong></span> <span class='ocrx_word' id='word_1_189' title='bbox 2296 1206 2585 1263; x_wconf 89' lang='lat' dir='ltr'><strong>adversus</strong></span> <span class='ocrx_word' id='word_1_190' title='bbox 2632 1209 2808 1265; x_wconf 90' lang='lat' dir='ltr'><strong>Italos</strong></span> <span class='ocrx_word' id='word_1_191' title='bbox 2850 1213 2907 1265; x_wconf 91' lang='lat' dir='ltr'><strong>et</strong></span> <span class='ocrx_word' id='word_1_192' title='bbox 2955 1209 3166 1265; x_wconf 90' lang='lat' dir='ltr'><strong>Persas</strong></span> <span class='ocrx_word' id='word_1_193' title='bbox 3208 1208 3666 1281; x_wconf 85' lang='lat' dir='ltr'><strong>quammaxime</strong></span> 
     </span>
    </p>
   </div>
   <div class='ocr_carea' id='block_1_29' title="bbox 2012 1294 3666 1370">
    <p class='ocr_par' dir='ltr' id='par_1_29' title="bbox 2012 1294 3666 1370">
     <span class='ocr_line' id='line_1_29' title="bbox 2012 1294 3666 1370; baseline 0.001 -20"><span class='ocrx_word' id='word_1_194' title='bbox 2012 1294 2409 1363; x_wconf 85' lang='lat' dir='ltr'><strong>conflictatus,</strong></span> <span class='ocrx_word' id='word_1_195' title='bbox 2457 1297 2655 1368; x_wconf 89' lang='lat' dir='ltr'><strong>prima</strong></span> <span class='ocrx_word' id='word_1_196' title='bbox 2706 1301 2911 1355; x_wconf 90' lang='lat' dir='ltr'><strong>tamen</strong></span> <span class='ocrx_word' id='word_1_197' title='bbox 2962 1298 3218 1354; x_wconf 85' lang='lat' dir='ltr'><strong>Romani</strong></span> <span class='ocrx_word' id='word_1_198' title='bbox 3271 1297 3507 1370; x_wconf 91' lang='lat' dir='ltr'><strong>imperii</strong></span> <span class='ocrx_word' id='word_1_199' title='bbox 3534 1297 3666 1370; x_wconf 91' lang='lat' dir='ltr'><strong>ipse</strong></span> 
     </span>
    </p>
   </div>
   <div class='ocr_carea' id='block_1_30' title="bbox 2011 1382 3666 1460">
    <p class='ocr_par' dir='ltr' id='par_1_30' title="bbox 2011 1382 3666 1460">
     <span class='ocr_line' id='line_1_30' title="bbox 2011 1382 3666 1460; baseline 0.004 -23"><span class='ocrx_word' id='word_1_200' title='bbox 2011 1382 2589 1456; x_wconf 86' lang='lat' dir='ltr'><strong>fundamentajecit,</strong></span> <span class='ocrx_word' id='word_1_201' title='bbox 2639 1388 2732 1443; x_wconf 90' lang='lat' dir='ltr'><strong>cui</strong></span> <span class='ocrx_word' id='word_1_202' title='bbox 2786 1403 2822 1443; x_wconf 89' lang='lat' dir='ltr'><strong>a</strong></span> <span class='ocrx_word' id='word_1_203' title='bbox 2872 1388 3155 1444; x_wconf 80' lang='lat' dir='ltr'><strong>Romanis</strong></span> <span class='ocrx_word' id='word_1_204' title='bbox 3205 1386 3666 1460; x_wconf 83' lang='lat' dir='ltr'><strong>quammaxime</strong></span> 
     </span>
    </p>
   </div>
   <div class='ocr_carea' id='block_1_31' title="bbox 2015 1472 3666 1549">
    <p class='ocr_par' dir='ltr' id='par_1_31' title="bbox 2015 1472 3666 1549">
     <span class='ocr_line' id='line_1_31' title="bbox 2015 1472 3666 1549; baseline 0.001 -18"><span class='ocrx_word' id='word_1_205' title='bbox 2015 1472 2130 1543; x_wconf 83' lang='lat'><strong><em>35</em></strong></span> <span class='ocrx_word' id='word_1_206' title='bbox 2165 1474 2366 1542; x_wconf 60' lang='lat' dir='ltr'><strong>gratias</strong></span> <span class='ocrx_word' id='word_1_207' title='bbox 2405 1475 2700 1532; x_wconf 80' lang='lat' dir='ltr'><strong>habendae</strong></span> <span class='ocrx_word' id='word_1_208' title='bbox 2733 1480 2887 1532; x_wconf 89' lang='lat' dir='ltr'><strong>sunt.</strong></span> <span class='ocrx_word' id='word_1_209' title='bbox 2938 1477 3216 1549; x_wconf 88' lang='lat' dir='ltr'><strong>Sepultus</strong></span> <span class='ocrx_word' id='word_1_210' title='bbox 3255 1476 3364 1532; x_wconf 87' lang='lat' dir='ltr'><strong>fuit</strong></span> <span class='ocrx_word' id='word_1_211' title='bbox 3398 1476 3462 1532; x_wconf 90' lang='lat' dir='ltr'><strong>in</strong></span> <span class='ocrx_word' id='word_1_212' title='bbox 3512 1478 3666 1548; x_wconf 84' lang='lat' dir='ltr'><strong>Hya-</strong></span> 
     </span>
    </p>
   </div>
   <div class='ocr_carea' id='block_1_32' title="bbox 2015 1561 3664 1639">
    <p class='ocr_par' dir='ltr' id='par_1_32' title="bbox 2015 1561 3664 1639">
     <span class='ocr_line' id='line_1_32' title="bbox 2015 1561 3664 1639; baseline 0.005 -25"><span class='ocrx_word' id='word_1_213' title='bbox 2015 1561 2196 1616; x_wconf 89' lang='lat' dir='ltr'><strong>cinthi</strong></span> <span class='ocrx_word' id='word_1_214' title='bbox 2213 1566 2595 1631; x_wconf 87' lang='lat' dir='ltr'><strong>monasterio,</strong></span> <span class='ocrx_word' id='word_1_215' title='bbox 2617 1565 2716 1621; x_wconf 90' lang='lat' dir='ltr'><strong>ubi</strong></span> <span class='ocrx_word' id='word_1_216' title='bbox 2737 1570 2792 1623; x_wconf 91' lang='lat' dir='ltr'><strong>et</strong></span> <span class='ocrx_word' id='word_1_217' title='bbox 2818 1566 3143 1639; x_wconf 89' lang='lat' dir='ltr'><strong>imperator</strong></span> <span class='ocrx_word' id='word_1_218' title='bbox 3154 1565 3398 1622; x_wconf 84' lang='lat' dir='ltr'><strong>AIexius</strong></span> <span class='ocrx_word' id='word_1_219' title='bbox 3427 1565 3664 1638; x_wconf 86' lang='lat' dir='ltr'><strong>positus</strong></span> 
     </span>
    </p>
   </div>
   <div class='ocr_carea' id='block_1_33' title="bbox 2013 1646 3440 1725">
    <p class='ocr_par' dir='ltr' id='par_1_33' title="bbox 2013 1646 3440 1725">
     <span class='ocr_line' id='line_1_33' title="bbox 2013 1646 3440 1725; baseline 0.005 -22"><span class='ocrx_word' id='word_1_220' title='bbox 2013 1646 2207 1706; x_wconf 87' lang='lat' dir='ltr'><strong>fuerat</strong></span> <span class='ocrx_word' id='word_1_221' title='bbox 2232 1657 2288 1706; x_wconf 88' lang='lat' dir='ltr'><strong>et</strong></span> <span class='ocrx_word' id='word_1_222' title='bbox 2317 1652 2665 1725; x_wconf 85' lang='lat' dir='ltr'><strong>imperatrix</strong></span> <span class='ocrx_word' id='word_1_223' title='bbox 2692 1663 2863 1711; x_wconf 87' lang='lat' dir='ltr'><strong>Anna</strong></span> <span class='ocrx_word' id='word_1_224' title='bbox 2893 1655 3140 1712; x_wconf 84' lang='lat' dir='ltr'><strong>thalami</strong></span> <span class='ocrx_word' id='word_1_225' title='bbox 3171 1670 3440 1711; x_wconf 88' lang='lat' dir='ltr'><strong>consors.</strong></span> 
     </span>
    </p>
   </div>
   <div class='ocr_carea' id='block_1_34' title="bbox 303 1734 3666 1816">
    <p class='ocr_par' dir='ltr' id='par_1_34' title="bbox 303 1734 3666 1816">
     <span class='ocr_line' id='line_1_34' title="bbox 303 1734 3666 1816; baseline -0.001 -15"><span class='ocrx_word' id='word_1_226' title='bbox 303 1743 477 1814; x_wconf 83' lang='grc' dir='ltr'>Ἀρχή</span> <span class='ocrx_word' id='word_1_227' title='bbox 501 1748 624 1813; x_wconf 78' lang='grc' dir='ltr'>γοῦν</span> <span class='ocrx_word' id='word_1_228' title='bbox 654 1736 798 1800; x_wconf 81' lang='grc' dir='ltr'>οὗτος</span> <span class='ocrx_word' id='word_1_229' title='bbox 827 1737 1048 1811; x_wconf 73' lang='grc' dir='ltr'>ἐγεγόνει</span> <span class='ocrx_word' id='word_1_230' title='bbox 1073 1746 1166 1799; x_wconf 82' lang='grc' dir='ltr'>τῆς</span> <span class='ocrx_word' id='word_1_231' title='bbox 1197 1746 1296 1789; x_wconf 82' lang='grc' dir='ltr'>τῶν</span> <span class='ocrx_word' id='word_1_232' title='bbox 1320 1737 1584 1809; x_wconf 76' lang='grc' dir='ltr'>Ῥωμαίων</span> <span class='ocrx_word' id='word_1_233' title='bbox 1617 1734 1812 1810; x_wconf 76' lang='grc' dir='ltr'>ἀρχῆς,</span> <span class='ocrx_word' id='word_1_234' title='bbox 1849 1735 1887 1805; x_wconf 82' lang='grc' dir='ltr'><em>ᾧ</em></span> <span class='ocrx_word' id='word_1_235' title='bbox 1925 1741 2016 1788; x_wconf 84' lang='grc' dir='ltr'><strong>καὶ</strong></span> <span class='ocrx_word' id='word_1_236' title='bbox 2041 1737 2230 1797; x_wconf 79' lang='grc' dir='ltr'>πολλὴν</span> <span class='ocrx_word' id='word_1_237' title='bbox 2262 1743 2423 1816; x_wconf 81' lang='grc' dir='ltr'>χάριν</span> <span class='ocrx_word' id='word_1_238' title='bbox 2453 1742 2618 1813; x_wconf 78' lang='grc' dir='ltr'>ὅφλειν</span> <span class='ocrx_word' id='word_1_239' title='bbox 2658 1750 2766 1804; x_wconf 88' lang='grc' dir='ltr'>τοῖς</span> <span class='ocrx_word' id='word_1_240' title='bbox 2791 1743 3065 1815; x_wconf 83' lang='grc' dir='ltr'>Ῥωμαίοις</span> <span class='ocrx_word' id='word_1_241' title='bbox 3089 1742 3224 1796; x_wconf 82' lang='grc' dir='ltr'>πάνυ</span> <span class='ocrx_word' id='word_1_242' title='bbox 3257 1739 3372 1795; x_wconf 74' lang='grc' dir='ltr'>δέον</span> <span class='ocrx_word' id='word_1_243' title='bbox 3397 1744 3666 1803; x_wconf 84' lang='grc' dir='ltr'>καθέστη-</span> 
     </span>
    </p>
   </div>
   <div class='ocr_carea' id='block_1_35' title="bbox 304 1825 3670 1905">
    <p class='ocr_par' dir='ltr' id='par_1_35' title="bbox 304 1825 3670 1905">
     <span class='ocr_line' id='line_1_35' title="bbox 304 1825 3670 1905; baseline 0.001 -23"><span class='ocrx_word' id='word_1_244' title='bbox 304 1833 406 1885; x_wconf 84' lang='grc' dir='ltr'>κέν.</span> <span class='ocrx_word' id='word_1_245' title='bbox 436 1831 691 1887; x_wconf 78' lang='grc' dir='ltr'>Κατετέθη</span> <span class='ocrx_word' id='word_1_246' title='bbox 727 1825 786 1882; x_wconf 75' lang='grc' dir='ltr'><strong>δὲ</strong></span> <span class='ocrx_word' id='word_1_247' title='bbox 811 1829 836 1880; x_wconf 92' lang='lat'><strong>6</strong></span> <span class='ocrx_word' id='word_1_248' title='bbox 863 1831 1040 1902; x_wconf 86' lang='grc' dir='ltr'>νεκρὸς</span> <span class='ocrx_word' id='word_1_249' title='bbox 1072 1827 1232 1880; x_wconf 78' lang='grc' dir='ltr'>αὐτοῦ</span> <span class='ocrx_word' id='word_1_250' title='bbox 1264 1825 1313 1878; x_wconf 80' lang='grc' dir='ltr'>ἐν</span> <span class='ocrx_word' id='word_1_251' title='bbox 1335 1833 1398 1886; x_wconf 84' lang='grc' dir='ltr'>τῆ</span> <span class='ocrx_word' id='word_1_252' title='bbox 1432 1833 1524 1878; x_wconf 83' lang='grc' dir='ltr'>τοῦ</span> <span class='ocrx_word' id='word_1_253' title='bbox 1559 1825 1828 1878; x_wconf 80' lang='grc' dir='ltr'>Ὑακίνθου</span> <span class='ocrx_word' id='word_1_254' title='bbox 1860 1833 2014 1898; x_wconf 81' lang='grc' dir='ltr'>μονῆ,</span> <span class='ocrx_word' id='word_1_255' title='bbox 2049 1829 2170 1880; x_wconf 82' lang='grc' dir='ltr'>ἔνθα</span> <span class='ocrx_word' id='word_1_256' title='bbox 2196 1834 2285 1882; x_wconf 87' lang='grc' dir='ltr'>καὶ</span> <span class='ocrx_word' id='word_1_257' title='bbox 2322 1833 2346 1882; x_wconf 90' lang='lat'><strong>6</strong></span> <span class='ocrx_word' id='word_1_258' title='bbox 2406 1830 2655 1904; x_wconf 82' lang='grc' dir='ltr'>βασιλεὺς</span> <span class='ocrx_word' id='word_1_259' title='bbox 2719 1832 2944 1896; x_wconf 84' lang='grc' dir='ltr'>Ἀλέξιος</span> <span class='ocrx_word' id='word_1_260' title='bbox 2994 1835 3248 1886; x_wconf 87' lang='grc' dir='ltr'>τέθαπται</span> <span class='ocrx_word' id='word_1_261' title='bbox 3273 1837 3363 1885; x_wconf 86' lang='grc' dir='ltr'>καὶ</span> <span class='ocrx_word' id='word_1_262' title='bbox 3393 1833 3425 1891; x_wconf 83' lang='grc' dir='ltr'><strong>ἠ</strong></span> <span class='ocrx_word' id='word_1_263' title='bbox 3457 1830 3670 1905; x_wconf 85' lang='grc' dir='ltr'>βασιλὶς</span> 
     </span>
    </p>
   </div>
   <div class='ocr_carea' id='block_1_36' title="bbox 301 1926 1031 1998">
    <p class='ocr_par' dir='ltr' id='par_1_36' title="bbox 301 1926 1031 1998">
     <span class='ocr_line' id='line_1_36' title="bbox 301 1926 1031 1998; baseline -0.007 -15"><span class='ocrx_word' id='word_1_264' title='bbox 301 1929 462 1984; x_wconf 79' lang='grc' dir='ltr'>Ἀννα</span> <span class='ocrx_word' id='word_1_265' title='bbox 491 1931 521 1987; x_wconf 80' lang='grc' dir='ltr'><em>ἡ</em></span> <span class='ocrx_word' id='word_1_266' title='bbox 555 1931 744 1980; x_wconf 89' lang='grc' dir='ltr'>τούτου</span> <span class='ocrx_word' id='word_1_267' title='bbox 778 1926 1031 1998; x_wconf 82' lang='grc' dir='ltr'>σύζυγος.</span> 
     </span>
    </p>
   </div>
   <div class='ocr_carea' id='block_1_37' title="bbox 374 2011 1976 2090">
    <p class='ocr_par' dir='ltr' id='par_1_37' title="bbox 374 2011 1976 2090">
     <span class='ocr_line' id='line_1_37' title="bbox 374 2011 1976 2090; baseline -0.006 -18"><span class='ocrx_word' id='word_1_268' title='bbox 374 2017 457 2072; x_wconf 90' lang='grc' dir='ltr'>ιθ’.</span> <span class='ocrx_word' id='word_1_269' title='bbox 489 2019 670 2078; x_wconf 83' lang='grc' dir='ltr'>Καθὼς</span> <span class='ocrx_word' id='word_1_270' title='bbox 707 2024 834 2089; x_wconf 84' lang='grc' dir='ltr'>γοῦν</span> <span class='ocrx_word' id='word_1_271' title='bbox 891 2015 1130 2090; x_wconf 81' lang='grc' dir='ltr'>εἰρήκειν,</span> <span class='ocrx_word' id='word_1_272' title='bbox 1183 2016 1316 2086; x_wconf 80' lang='grc' dir='ltr'>μετὰ</span> <span class='ocrx_word' id='word_1_273' title='bbox 1374 2018 1469 2072; x_wconf 78' lang='grc' dir='ltr'>τὴν</span> <span class='ocrx_word' id='word_1_274' title='bbox 1523 2012 1760 2071; x_wconf 78' lang='grc' dir='ltr'>τελευτήν</span> <span class='ocrx_word' id='word_1_275' title='bbox 1811 2011 1904 2064; x_wconf 80' lang='grc' dir='ltr'>αύ-</span> <span class='ocrx_word' id='word_1_276' title='bbox 1936 2014 1976 2068; x_wconf 91' lang='grc' dir='ltr'>Β</span> 
     </span>
    </p>
   </div>
   <div class='ocr_carea' id='block_1_38' title="bbox 300 2101 1906 2180">
    <p class='ocr_par' dir='ltr' id='par_1_38' title="bbox 300 2101 1906 2180">
     <span class='ocr_line' id='line_1_38' title="bbox 300 2101 1906 2180; baseline -0.006 -19"><span class='ocrx_word' id='word_1_277' title='bbox 300 2116 394 2161; x_wconf 84' lang='grc' dir='ltr'>τοῦ</span> <span class='ocrx_word' id='word_1_278' title='bbox 431 2106 835 2180; x_wconf 79' lang='grc' dir='ltr'>ἐπιλαμϐάνεται</span> <span class='ocrx_word' id='word_1_279' title='bbox 880 2113 980 2157; x_wconf 86' lang='grc' dir='ltr'>τῶν</span> <span class='ocrx_word' id='word_1_280' title='bbox 1026 2102 1325 2177; x_wconf 82' lang='grc' dir='ltr'>Ῥωμαῖκῶν</span> <span class='ocrx_word' id='word_1_281' title='bbox 1383 2107 1662 2176; x_wconf 78' lang='grc' dir='ltr'>σκήπτρων</span> <span class='ocrx_word' id='word_1_282' title='bbox 1730 2101 1906 2154; x_wconf 90' lang='grc' dir='ltr'>Ἰωάν-</span> 
     </span>
    </p>
   </div>
   <div class='ocr_carea' id='block_1_39' title="bbox 303 2192 1905 2269">
    <p class='ocr_par' dir='ltr' id='par_1_39' title="bbox 303 2192 1905 2269">
     <span class='ocr_line' id='line_1_39' title="bbox 303 2192 1905 2269; baseline -0.005 -19"><span class='ocrx_word' id='word_1_283' title='bbox 303 2216 395 2259; x_wconf 86' lang='grc' dir='ltr'><strong>νης</strong></span> <span class='ocrx_word' id='word_1_284' title='bbox 434 2198 459 2249; x_wconf 90' lang='lat'><strong>6</strong></span> <span class='ocrx_word' id='word_1_285' title='bbox 499 2199 694 2258; x_wconf 89' lang='grc' dir='ltr'>Δούκας</span> <span class='ocrx_word' id='word_1_286' title='bbox 724 2197 750 2246; x_wconf 97' lang='lat'><strong>6</strong></span> <span class='ocrx_word' id='word_1_287' title='bbox 802 2192 1031 2269; x_wconf 81' lang='grc' dir='ltr'>γαμϐρός</span> <span class='ocrx_word' id='word_1_288' title='bbox 1088 2193 1271 2263; x_wconf 73' lang='grc' dir='ltr'>αὐτοῦ,</span> <span class='ocrx_word' id='word_1_289' title='bbox 1334 2193 1568 2264; x_wconf 84' lang='grc' dir='ltr'>στεφθεὶς</span> <span class='ocrx_word' id='word_1_290' title='bbox 1619 2193 1764 2266; x_wconf 85' lang='grc' dir='ltr'>παρὰ</span> <span class='ocrx_word' id='word_1_291' title='bbox 1814 2197 1905 2243; x_wconf 82' lang='grc' dir='ltr'>τοῦ</span> 
     </span>
    </p>
   </div>
   <div class='ocr_carea' id='block_1_40' title="bbox 303 2277 1908 2360">
    <p class='ocr_par' dir='ltr' id='par_1_40' title="bbox 303 2277 1908 2360">
     <span class='ocr_line' id='line_1_40' title="bbox 303 2277 1908 2360; baseline -0.005 -20"><span class='ocrx_word' id='word_1_292' title='bbox 303 2288 640 2360; x_wconf 75' lang='grc' dir='ltr'>πατριάρχου</span> <span class='ocrx_word' id='word_1_293' title='bbox 671 2283 918 2344; x_wconf 79' lang='grc' dir='ltr'>Μανουὴλ</span> <span class='ocrx_word' id='word_1_294' title='bbox 963 2284 1100 2354; x_wconf 84' lang='lat'><strong>(32),</strong></span> <span class='ocrx_word' id='word_1_295' title='bbox 1133 2281 1187 2344; x_wconf 85' lang='grc' dir='ltr'>ὃς</span> <span class='ocrx_word' id='word_1_296' title='bbox 1244 2285 1329 2335; x_wconf 87' lang='grc' dir='ltr'><strong>τόν</strong></span> <span class='ocrx_word' id='word_1_297' title='bbox 1378 2281 1618 2353; x_wconf 80' lang='grc' dir='ltr'>Μάξιμον</span> <span class='ocrx_word' id='word_1_298' title='bbox 1669 2277 1908 2343; x_wconf 72' lang='grc' dir='ltr'>διεδέξα-</span> 
     </span>
    </p>
   </div>
   <div class='ocr_carea' id='block_1_41' title="bbox 299 2369 1908 2448">
    <p class='ocr_par' dir='ltr' id='par_1_41' title="bbox 299 2369 1908 2448">
     <span class='ocr_line' id='line_1_41' title="bbox 299 2369 1908 2448; baseline -0.004 -19"><span class='ocrx_word' id='word_1_299' title='bbox 299 2394 375 2429; x_wconf 88' lang='grc' dir='ltr'><strong>το.</strong></span> <span class='ocrx_word' id='word_1_300' title='bbox 410 2378 554 2430; x_wconf 82' lang='grc' dir='ltr'>Μετὰ</span> <span class='ocrx_word' id='word_1_301' title='bbox 577 2378 676 2448; x_wconf 79' lang='grc' dir='ltr'><strong>γὰρ</strong></span> <span class='ocrx_word' id='word_1_302' title='bbox 727 2378 820 2433; x_wconf 78' lang='grc' dir='ltr'>τὴν</span> <span class='ocrx_word' id='word_1_303' title='bbox 857 2372 1095 2430; x_wconf 77' lang='grc' dir='ltr'>τελευτήν</span> <span class='ocrx_word' id='word_1_304' title='bbox 1150 2379 1243 2425; x_wconf 82' lang='grc' dir='ltr'>τοῦ</span> <span class='ocrx_word' id='word_1_305' title='bbox 1293 2372 1632 2444; x_wconf 86' lang='grc' dir='ltr'>πατριάρχου</span> <span class='ocrx_word' id='word_1_306' title='bbox 1684 2369 1908 2441; x_wconf 84' lang='grc' dir='ltr'>Μιχαὴλ</span> 
     </span>
    </p>
   </div>
   <div class='ocr_carea' id='block_1_42' title="bbox 305 2455 1908 2540">
    <p class='ocr_par' dir='ltr' id='par_1_42' title="bbox 305 2455 1908 2540">
     <span class='ocr_line' id='line_1_42' title="bbox 305 2455 1908 2540; baseline -0.006 -22"><span class='ocrx_word' id='word_1_307' title='bbox 305 2467 331 2518; x_wconf 88' lang='grc' dir='ltr'><strong><em>ὁ</em></strong></span> <span class='ocrx_word' id='word_1_308' title='bbox 387 2464 658 2540; x_wconf 78' lang='grc' dir='ltr'>Εῖρηνικος</span> <span class='ocrx_word' id='word_1_309' title='bbox 720 2459 992 2536; x_wconf 79' lang='grc' dir='ltr'>Θεόδωρος</span> <span class='ocrx_word' id='word_1_310' title='bbox 1067 2469 1140 2532; x_wconf 88' lang='grc' dir='ltr'>τῷ</span> <span class='ocrx_word' id='word_1_311' title='bbox 1199 2467 1577 2534; x_wconf 83' lang='grc' dir='ltr'>πατριαρχικῷ</span> <span class='ocrx_word' id='word_1_312' title='bbox 1643 2455 1908 2532; x_wconf 77' lang='grc' dir='ltr'>ἐνίδρυται</span> 
     </span>
    </p>
   </div>
   <div class='ocr_carea' id='block_1_43' title="bbox 306 2546 1906 2629">
    <p class='ocr_par' dir='ltr' id='par_1_43' title="bbox 306 2546 1906 2629">
     <span class='ocr_line' id='line_1_43' title="bbox 306 2546 1906 2629; baseline -0.005 -22"><span class='ocrx_word' id='word_1_313' title='bbox 306 2557 490 2629; x_wconf 82' lang='grc' dir='ltr'>θρόνῳ,</span> <span class='ocrx_word' id='word_1_314' title='bbox 523 2556 574 2614; x_wconf 86' lang='grc' dir='ltr'>ὅς</span> <span class='ocrx_word' id='word_1_315' title='bbox 603 2557 692 2605; x_wconf 88' lang='grc' dir='ltr'>καὶ</span> <span class='ocrx_word' id='word_1_316' title='bbox 724 2558 914 2613; x_wconf 83' lang='grc' dir='ltr'>Κωπᾶς</span> <span class='ocrx_word' id='word_1_317' title='bbox 941 2551 1056 2621; x_wconf 88' lang='grc'>(33)</span> <span class='ocrx_word' id='word_1_318' title='bbox 1109 2551 1209 2601; x_wconf 79' lang='grc' dir='ltr'><strong>ὑπὸ</strong></span> <span class='ocrx_word' id='word_1_319' title='bbox 1261 2557 1360 2601; x_wconf 89' lang='grc' dir='ltr'>τῶν</span> <span class='ocrx_word' id='word_1_320' title='bbox 1417 2547 1614 2601; x_wconf 84' lang='grc' dir='ltr'>πολλῶν</span> <span class='ocrx_word' id='word_1_321' title='bbox 1659 2546 1906 2618; x_wconf 84' lang='grc' dir='ltr'>ἐκαλεῖτο,</span> 
     </span>
    </p>
   </div>
   <div class='ocr_carea' id='block_1_44' title="bbox 306 2635 1909 2717">
    <p class='ocr_par' dir='ltr' id='par_1_44' title="bbox 306 2635 1909 2717">
     <span class='ocr_line' id='line_1_44' title="bbox 306 2635 1909 2717; baseline -0.006 -21"><span class='ocrx_word' id='word_1_322' title='bbox 306 2645 438 2717; x_wconf 80' lang='grc' dir='ltr'>μετὰ</span> <span class='ocrx_word' id='word_1_323' title='bbox 467 2639 526 2696; x_wconf 73' lang='grc' dir='ltr'><strong>δὲ</strong></span> <span class='ocrx_word' id='word_1_324' title='bbox 563 2641 828 2701; x_wconf 75' lang='grc' dir='ltr'>ἕνιαυτοὺς</span> <span class='ocrx_word' id='word_1_325' title='bbox 866 2639 918 2703; x_wconf 82' lang='grc' dir='ltr'><strong>ἔξ</strong></span> <span class='ocrx_word' id='word_1_326' title='bbox 945 2637 1059 2711; x_wconf 83' lang='grc'>(34)</span> <span class='ocrx_word' id='word_1_327' title='bbox 1089 2637 1280 2691; x_wconf 78' lang='grc' dir='ltr'>ἐκείνου</span> <span class='ocrx_word' id='word_1_328' title='bbox 1313 2640 1399 2689; x_wconf 88' lang='grc' dir='ltr'>τὸν</span> <span class='ocrx_word' id='word_1_329' title='bbox 1459 2635 1574 2710; x_wconf 82' lang='grc' dir='ltr'>βίον</span> <span class='ocrx_word' id='word_1_330' title='bbox 1635 2635 1909 2688; x_wconf 80' lang='grc' dir='ltr'>ἀπολιπόν-</span> 
     </span>
    </p>
   </div>
   <div class='ocr_carea' id='block_1_45' title="bbox 302 2727 1909 2805">
    <p class='ocr_par' dir='ltr' id='par_1_45' title="bbox 302 2727 1909 2805">
     <span class='ocr_line' id='line_1_45' title="bbox 302 2727 1909 2805; baseline -0.006 -18"><span class='ocrx_word' id='word_1_331' title='bbox 302 2753 392 2796; x_wconf 88' lang='grc' dir='ltr'><strong>τος</strong></span> <span class='ocrx_word' id='word_1_332' title='bbox 420 2734 446 2786; x_wconf 91' lang='lat'><strong>6</strong></span> <span class='ocrx_word' id='word_1_333' title='bbox 499 2735 728 2805; x_wconf 88' lang='grc' dir='ltr'>μοναχὸς</span> <span class='ocrx_word' id='word_1_334' title='bbox 785 2729 1022 2802; x_wconf 84' lang='grc' dir='ltr'>Μάξιμος</span> <span class='ocrx_word' id='word_1_335' title='bbox 1080 2729 1194 2800; x_wconf 83' lang='grc'>(35)</span> <span class='ocrx_word' id='word_1_336' title='bbox 1235 2727 1302 2788; x_wconf 83' lang='grc' dir='ltr'><strong>εἰς</strong></span> <span class='ocrx_word' id='word_1_337' title='bbox 1357 2729 1444 2779; x_wconf 89' lang='grc' dir='ltr'><strong>τόν</strong></span> <span class='ocrx_word' id='word_1_338' title='bbox 1519 2728 1909 2800; x_wconf 84' lang='grc' dir='ltr'>πατριαρχικὸν</span> 
     </span>
    </p>
   </div>
   <div class='ocr_carea' id='block_1_46' title="bbox 306 2812 1912 2897">
    <p class='ocr_par' dir='ltr' id='par_1_46' title="bbox 306 2812 1912 2897">
     <span class='ocr_line' id='line_1_46' title="bbox 306 2812 1912 2897; baseline -0.005 -21"><span class='ocrx_word' id='word_1_339' title='bbox 306 2821 550 2895; x_wconf 79' lang='grc' dir='ltr'>ἀνάγεται</span> <span class='ocrx_word' id='word_1_340' title='bbox 609 2824 805 2897; x_wconf 78' lang='grc' dir='ltr'>θρόνον,</span> <span class='ocrx_word' id='word_1_341' title='bbox 864 2821 1154 2894; x_wconf 83' lang='grc' dir='ltr'>θεραπεύων</span> <span class='ocrx_word' id='word_1_342' title='bbox 1208 2820 1302 2875; x_wconf 81' lang='grc' dir='ltr'>τὴν</span> <span class='ocrx_word' id='word_1_343' title='bbox 1357 2812 1772 2889; x_wconf 78' lang='grc' dir='ltr'>γυναικωνῖτιδα</span> <span class='ocrx_word' id='word_1_344' title='bbox 1821 2821 1912 2868; x_wconf 82' lang='grc' dir='ltr'><strong>καὶ</strong></span> 
     </span>
    </p>
   </div>
   <div class='ocr_carea' id='block_1_47' title="bbox 307 2901 1910 2982">
    <p class='ocr_par' dir='ltr' id='par_1_47' title="bbox 307 2901 1910 2982">
     <span class='ocr_line' id='line_1_47' title="bbox 307 2901 1910 2982; baseline -0.006 -17"><span class='ocrx_word' id='word_1_345' title='bbox 307 2914 410 2965; x_wconf 83' lang='grc' dir='ltr'><strong>ὑπὸ</strong></span> <span class='ocrx_word' id='word_1_346' title='bbox 441 2914 631 2971; x_wconf 85' lang='grc' dir='ltr'>ταύτης</span> <span class='ocrx_word' id='word_1_347' title='bbox 660 2910 1181 2982; x_wconf 84' lang='grc' dir='ltr'>ἁντιθεραπευόμενος</span> <span class='ocrx_word' id='word_1_348' title='bbox 1212 2927 1225 2939; x_wconf 92' lang='grc'><strong>·</strong></span> <span class='ocrx_word' id='word_1_349' title='bbox 1260 2902 1410 2958; x_wconf 63' lang='grc' dir='ltr'>οὐδὲν</span> <span class='ocrx_word' id='word_1_350' title='bbox 1460 2907 1561 2978; x_wconf 88' lang='grc' dir='ltr'><strong>γάρ</strong></span> <span class='ocrx_word' id='word_1_351' title='bbox 1585 2905 1708 2957; x_wconf 75' lang='grc' dir='ltr'>ἄλλο</span> <span class='ocrx_word' id='word_1_352' title='bbox 1741 2901 1800 2962; x_wconf 80' lang='grc' dir='ltr'><strong>ἧν</strong></span> <span class='ocrx_word' id='word_1_353' title='bbox 1851 2907 1910 2956; x_wconf 89' lang='grc' dir='ltr'>τὸ</span> 
     </span>
    </p>
   </div>
   <div class='ocr_carea' id='block_1_48' title="bbox 312 2991 1912 3068">
    <p class='ocr_par' dir='ltr' id='par_1_48' title="bbox 312 2991 1912 3068">
     <span class='ocr_line' id='line_1_48' title="bbox 312 2991 1912 3068; baseline -0.006 -14"><span class='ocrx_word' id='word_1_354' title='bbox 312 3005 384 3062; x_wconf 80' lang='grc' dir='ltr'><strong>είς</strong></span> <span class='ocrx_word' id='word_1_355' title='bbox 412 3003 607 3056; x_wconf 88' lang='grc' dir='ltr'>ταύτην</span> <span class='ocrx_word' id='word_1_356' title='bbox 637 2993 964 3050; x_wconf 72' lang='grc' dir='ltr'>άναϐιϐᾶσαν</span> <span class='ocrx_word' id='word_1_357' title='bbox 1001 2995 1154 3047; x_wconf 78' lang='grc' dir='ltr'>αὐτὸν</span> <span class='ocrx_word' id='word_1_358' title='bbox 1189 2998 1280 3053; x_wconf 80' lang='grc' dir='ltr'>τὴν</span> <span class='ocrx_word' id='word_1_359' title='bbox 1319 2998 1605 3068; x_wconf 73' lang='grc' dir='ltr'>περιωπήν.</span> <span class='ocrx_word' id='word_1_360' title='bbox 1650 2991 1912 3054; x_wconf 78' lang='grc' dir='ltr'>Ἐπιϐιοὺς</span> 
     </span>
    </p>
   </div>
   <div class='ocr_carea' id='block_1_49' title="bbox 317 3083 1911 3161">
    <p class='ocr_par' dir='ltr' id='par_1_49' title="bbox 317 3083 1911 3161">
     <span class='ocr_line' id='line_1_49' title="bbox 317 3083 1911 3161; baseline -0.004 -20"><span class='ocrx_word' id='word_1_361' title='bbox 317 3085 378 3141; x_wconf 69' lang='grc' dir='ltr'>δε</span> <span class='ocrx_word' id='word_1_362' title='bbox 402 3097 568 3161; x_wconf 87' lang='grc' dir='ltr'>μῆνας</span> <span class='ocrx_word' id='word_1_363' title='bbox 599 3086 651 3150; x_wconf 78' lang='grc' dir='ltr'><strong>ἔξ</strong></span> <span class='ocrx_word' id='word_1_364' title='bbox 681 3085 792 3158; x_wconf 87' lang='lat'><strong>(36)</strong></span> <span class='ocrx_word' id='word_1_365' title='bbox 823 3085 1048 3155; x_wconf 77' lang='grc' dir='ltr'>τελευτᾷ,</span> <span class='ocrx_word' id='word_1_366' title='bbox 1093 3089 1182 3136; x_wconf 85' lang='grc' dir='ltr'>καὶ</span> <span class='ocrx_word' id='word_1_367' title='bbox 1214 3085 1239 3136; x_wconf 90' lang='lat'><strong>6</strong></span> <span class='ocrx_word' id='word_1_368' title='bbox 1266 3083 1506 3141; x_wconf 79' lang='grc' dir='ltr'>Μανουηλ</span> <span class='ocrx_word' id='word_1_369' title='bbox 1541 3084 1654 3155; x_wconf 88' lang='grc'>(37)</span> <span class='ocrx_word' id='word_1_370' title='bbox 1708 3088 1780 3145; x_wconf 82' lang='grc' dir='ltr'>εἰς</span> <span class='ocrx_word' id='word_1_371' title='bbox 1824 3085 1911 3135; x_wconf 85' lang='grc' dir='ltr'><strong>τόν</strong></span> 
     </span>
    </p>
   </div>
   <div class='ocr_carea' id='block_1_50' title="bbox 2087 2017 3672 2093">
    <p class='ocr_par' dir='ltr' id='par_1_50' title="bbox 2087 2017 3672 2093">
     <span class='ocr_line' id='line_1_50' title="bbox 2087 2017 3672 2093; baseline 0.005 -24"><span class='ocrx_word' id='word_1_372' title='bbox 2087 2017 2176 2071; x_wconf 89' lang='grc'>19.</span> <span class='ocrx_word' id='word_1_373' title='bbox 2209 2018 2734 2082; x_wconf 87' lang='lat' dir='ltr'><strong>Quemadmodum</strong></span> <span class='ocrx_word' id='word_1_374' title='bbox 2761 2035 2906 2091; x_wconf 85' lang='lat' dir='ltr'><strong>ergo</strong></span> <span class='ocrx_word' id='word_1_375' title='bbox 2937 2020 3079 2088; x_wconf 84' lang='lat' dir='ltr'><strong>dixi,</strong></span> <span class='ocrx_word' id='word_1_376' title='bbox 3095 2023 3233 2093; x_wconf 91' lang='lat' dir='ltr'><strong>post</strong></span> <span class='ocrx_word' id='word_1_377' title='bbox 3255 2019 3412 2077; x_wconf 90' lang='lat' dir='ltr'><strong>illius</strong></span> <span class='ocrx_word' id='word_1_378' title='bbox 3437 2019 3672 2077; x_wconf 89' lang='lat' dir='ltr'><strong>obitum</strong></span> 
     </span>
    </p>
   </div>
   <div class='ocr_carea' id='block_1_51' title="bbox 2015 2106 3676 2180">
    <p class='ocr_par' dir='ltr' id='par_1_51' title="bbox 2015 2106 3676 2180">
     <span class='ocr_line' id='line_1_51' title="bbox 2015 2106 3676 2180; baseline 0.004 -22"><span class='ocrx_word' id='word_1_379' title='bbox 2015 2106 2267 2162; x_wconf 85' lang='lat' dir='ltr'><strong>Romani</strong></span> <span class='ocrx_word' id='word_1_380' title='bbox 2293 2108 2525 2180; x_wconf 91' lang='lat' dir='ltr'><strong>imperii</strong></span> <span class='ocrx_word' id='word_1_381' title='bbox 2559 2109 2968 2177; x_wconf 89' lang='lat' dir='ltr'><strong>gubernacula</strong></span> <span class='ocrx_word' id='word_1_382' title='bbox 2987 2112 3247 2166; x_wconf 84' lang='lat' dir='ltr'><strong>Joannes</strong></span> <span class='ocrx_word' id='word_1_383' title='bbox 3269 2113 3463 2166; x_wconf 90' lang='lat' dir='ltr'><strong>Ducas</strong></span> <span class='ocrx_word' id='word_1_384' title='bbox 3491 2122 3676 2179; x_wconf 84' lang='lat' dir='ltr'><strong>gener</strong></span> 
     </span>
    </p>
   </div>
   <div class='ocr_carea' id='block_1_52' title="bbox 2014 2192 3663 2272">
    <p class='ocr_par' dir='ltr' id='par_1_52' title="bbox 2014 2192 3663 2272">
     <span class='ocr_line' id='line_1_52' title="bbox 2014 2192 3663 2272; baseline 0.005 -25"><span class='ocrx_word' id='word_1_385' title='bbox 2014 2192 2170 2249; x_wconf 90' lang='lat' dir='ltr'><strong>illius</strong></span> <span class='ocrx_word' id='word_1_386' title='bbox 2197 2197 2461 2270; x_wconf 91' lang='lat' dir='ltr'><strong>suscipit,</strong></span> <span class='ocrx_word' id='word_1_387' title='bbox 2495 2214 2531 2255; x_wconf 91' lang='lat' dir='ltr'><strong>a</strong></span> <span class='ocrx_word' id='word_1_388' title='bbox 2564 2198 2828 2256; x_wconf 85' lang='lat' dir='ltr'><strong>Manuele</strong></span> <span class='ocrx_word' id='word_1_389' title='bbox 2853 2199 3217 2272; x_wconf 88' lang='lat' dir='ltr'><strong>patriarcha,</strong></span> <span class='ocrx_word' id='word_1_390' title='bbox 3259 2199 3362 2272; x_wconf 88' lang='lat' dir='ltr'><strong>qui</strong></span> <span class='ocrx_word' id='word_1_391' title='bbox 3406 2198 3663 2255; x_wconf 88' lang='lat' dir='ltr'><strong>Maximo</strong></span> 
     </span>
    </p>
   </div>
   <div class='ocr_carea' id='block_1_53' title="bbox 2017 2287 3670 2362">
    <p class='ocr_par' dir='ltr' id='par_1_53' title="bbox 2017 2287 3670 2362">
     <span class='ocr_line' id='line_1_53' title="bbox 2017 2287 3670 2362; baseline 0.004 -24"><span class='ocrx_word' id='word_1_392' title='bbox 2017 2292 2406 2357; x_wconf 90' lang='lat' dir='ltr'><strong>successerat,</strong></span> <span class='ocrx_word' id='word_1_393' title='bbox 2451 2292 2794 2345; x_wconf 89' lang='lat' dir='ltr'><strong>coronatus.</strong></span> <span class='ocrx_word' id='word_1_394' title='bbox 2843 2292 3114 2362; x_wconf 88' lang='lat' dir='ltr'><strong>Namque</strong></span> <span class='ocrx_word' id='word_1_395' title='bbox 3156 2287 3670 2362; x_wconf 62' lang='lat' dir='ltr'><strong>postpatriarchm</strong></span> 
     </span>
    </p>
   </div>
   <div class='ocr_carea' id='block_1_54' title="bbox 2017 2374 3672 2446">
    <p class='ocr_par' dir='ltr' id='par_1_54' title="bbox 2017 2374 3672 2446">
     <span class='ocr_line' id='line_1_54' title="bbox 2017 2374 3672 2446; baseline 0.003 -17"><span class='ocrx_word' id='word_1_396' title='bbox 2017 2374 2316 2431; x_wconf 86' lang='lat' dir='ltr'><strong>Michaelis</strong></span> <span class='ocrx_word' id='word_1_397' title='bbox 2373 2393 2689 2434; x_wconf 80' lang='lat' dir='ltr'><strong>excessum</strong></span> <span class='ocrx_word' id='word_1_398' title='bbox 2761 2379 3021 2434; x_wconf 88' lang='lat' dir='ltr'><strong>lrenicus</strong></span> <span class='ocrx_word' id='word_1_399' title='bbox 3063 2378 3434 2446; x_wconf 88' lang='lat' dir='ltr'><strong>Theodorus,</strong></span> <span class='ocrx_word' id='word_1_400' title='bbox 3487 2376 3584 2432; x_wconf 89' lang='lat' dir='ltr'><strong>cui</strong></span> <span class='ocrx_word' id='word_1_401' title='bbox 3633 2391 3672 2434; x_wconf 81' lang='grc' dir='ltr'>θ.</span> 
     </span>
    </p>
   </div>
   <div class='ocr_carea' id='block_1_55' title="bbox 2016 2464 3671 2540">
    <p class='ocr_par' dir='ltr' id='par_1_55' title="bbox 2016 2464 3671 2540">
     <span class='ocr_line' id='line_1_55' title="bbox 2016 2464 3671 2540; baseline 0.003 -22"><span class='ocrx_word' id='word_1_402' title='bbox 2016 2464 2315 2537; x_wconf 90' lang='lat' dir='ltr'><strong>plerisque</strong></span> <span class='ocrx_word' id='word_1_403' title='bbox 2348 2469 2524 2539; x_wconf 75' lang='lat' dir='ltr'><strong>Copae</strong></span> <span class='ocrx_word' id='word_1_404' title='bbox 2553 2483 2778 2524; x_wconf 92' lang='lat' dir='ltr'><strong>nomen</strong></span> <span class='ocrx_word' id='word_1_405' title='bbox 2807 2468 3066 2524; x_wconf 91' lang='lat' dir='ltr'><strong>inditum</strong></span> <span class='ocrx_word' id='word_1_406' title='bbox 3091 2468 3304 2538; x_wconf 82' lang='lat' dir='ltr'><strong>fuerat,</strong></span> <span class='ocrx_word' id='word_1_407' title='bbox 3335 2468 3396 2523; x_wconf 89' lang='lat' dir='ltr'><strong>in</strong></span> <span class='ocrx_word' id='word_1_408' title='bbox 3415 2465 3671 2540; x_wconf 89' lang='lat' dir='ltr'><strong>patriar-</strong></span> 
     </span>
    </p>
   </div>
   <div class='ocr_carea' id='block_1_56' title="bbox 2019 2553 3672 2629">
    <p class='ocr_par' dir='ltr' id='par_1_56' title="bbox 2019 2553 3672 2629">
     <span class='ocr_line' id='line_1_56' title="bbox 2019 2553 3672 2629; baseline 0.002 -20"><span class='ocrx_word' id='word_1_409' title='bbox 2019 2553 2194 2610; x_wconf 88' lang='lat' dir='ltr'><strong>cham</strong></span> <span class='ocrx_word' id='word_1_410' title='bbox 2213 2555 2464 2626; x_wconf 87' lang='lat' dir='ltr'><strong>eligitur;</strong></span> <span class='ocrx_word' id='word_1_411' title='bbox 2490 2561 2624 2629; x_wconf 92' lang='lat' dir='ltr'><strong>post</strong></span> <span class='ocrx_word' id='word_1_412' title='bbox 2637 2573 2829 2613; x_wconf 90' lang='lat' dir='ltr'><strong>annos</strong></span> <span class='ocrx_word' id='word_1_413' title='bbox 2843 2573 2944 2613; x_wconf 89' lang='lat' dir='ltr'><strong>sex</strong></span> <span class='ocrx_word' id='word_1_414' title='bbox 2961 2573 3033 2614; x_wconf 88' lang='lat' dir='ltr'><strong>eo</strong></span> <span class='ocrx_word' id='word_1_415' title='bbox 3050 2558 3368 2614; x_wconf 87' lang='lat' dir='ltr'><strong>demortuo</strong></span> <span class='ocrx_word' id='word_1_416' title='bbox 3383 2557 3672 2614; x_wconf 83' lang='lat' dir='ltr'><strong>Maximus</strong></span> 
     </span>
    </p>
   </div>
   <div class='ocr_carea' id='block_1_57' title="bbox 2020 2645 3671 2719">
    <p class='ocr_par' dir='ltr' id='par_1_57' title="bbox 2020 2645 3671 2719">
     <span class='ocr_line' id='line_1_57' title="bbox 2020 2645 3671 2719; baseline 0.002 -20"><span class='ocrx_word' id='word_1_417' title='bbox 2020 2645 2355 2700; x_wconf 89' lang='lat' dir='ltr'><strong>monachus</strong></span> <span class='ocrx_word' id='word_1_418' title='bbox 2382 2646 2782 2716; x_wconf 89' lang='lat' dir='ltr'><strong>patriarchale</strong></span> <span class='ocrx_word' id='word_1_419' title='bbox 2805 2645 3024 2702; x_wconf 91' lang='lat' dir='ltr'><strong>solium</strong></span> <span class='ocrx_word' id='word_1_420' title='bbox 3052 2647 3341 2714; x_wconf 88' lang='lat' dir='ltr'><strong>ascendit,</strong></span> <span class='ocrx_word' id='word_1_421' title='bbox 3362 2645 3671 2719; x_wconf 84' lang='lat' dir='ltr'><strong>gynaeceio</strong></span> 
     </span>
    </p>
   </div>
   <div class='ocr_carea' id='block_1_58' title="bbox 2019 2733 3677 2806">
    <p class='ocr_par' dir='ltr' id='par_1_58' title="bbox 2019 2733 3677 2806">
     <span class='ocr_line' id='line_1_58' title="bbox 2019 2733 3677 2806; baseline 0.001 -18"><span class='ocrx_word' id='word_1_422' title='bbox 2019 2733 2276 2806; x_wconf 89' lang='lat' dir='ltr'><strong>palpans</strong></span> <span class='ocrx_word' id='word_1_423' title='bbox 2299 2750 2369 2789; x_wconf 92' lang='lat' dir='ltr'><strong>ac</strong></span> <span class='ocrx_word' id='word_1_424' title='bbox 2392 2736 2867 2806; x_wconf 87' lang='lat' dir='ltr'><strong>supparasitans,</strong></span> <span class='ocrx_word' id='word_1_425' title='bbox 2893 2741 2950 2792; x_wconf 89' lang='lat' dir='ltr'><strong>et</strong></span> <span class='ocrx_word' id='word_1_426' title='bbox 2965 2737 3090 2792; x_wconf 90' lang='lat' dir='ltr'><strong>vice</strong></span> <span class='ocrx_word' id='word_1_427' title='bbox 3109 2753 3284 2793; x_wconf 88' lang='lat' dir='ltr'><strong>versa</strong></span> <span class='ocrx_word' id='word_1_428' title='bbox 3297 2752 3369 2792; x_wconf 87' lang='lat' dir='ltr'><strong>ex</strong></span> <span class='ocrx_word' id='word_1_429' title='bbox 3386 2751 3456 2792; x_wconf 92' lang='lat' dir='ltr'><strong>eo</strong></span> <span class='ocrx_word' id='word_1_430' title='bbox 3472 2750 3677 2792; x_wconf 89' lang='lat' dir='ltr'><strong>assen-</strong></span> 
     </span>
    </p>
   </div>
   <div class='ocr_carea' id='block_1_59' title="bbox 2019 2821 3678 2897">
    <p class='ocr_par' dir='ltr' id='par_1_59' title="bbox 2019 2821 3678 2897">
     <span class='ocr_line' id='line_1_59' title="bbox 2019 2821 3678 2897; baseline 0.001 -20"><span class='ocrx_word' id='word_1_431' title='bbox 2019 2823 2275 2878; x_wconf 89' lang='lat' dir='ltr'><strong>tationes</strong></span> <span class='ocrx_word' id='word_1_432' title='bbox 2303 2828 2359 2879; x_wconf 91' lang='lat' dir='ltr'><strong>et</strong></span> <span class='ocrx_word' id='word_1_433' title='bbox 2377 2822 2702 2881; x_wconf 85' lang='lat' dir='ltr'><strong>blanditias</strong></span> <span class='ocrx_word' id='word_1_434' title='bbox 2729 2841 3046 2896; x_wconf 89' lang='lat' dir='ltr'><strong>aucupans</strong></span> <span class='ocrx_word' id='word_1_435' title='bbox 3081 2841 3315 2897; x_wconf 86' lang='lat' dir='ltr'><strong>:neque</strong></span> <span class='ocrx_word' id='word_1_436' title='bbox 3335 2824 3496 2880; x_wconf 89' lang='lat' dir='ltr'><strong>enim</strong></span> <span class='ocrx_word' id='word_1_437' title='bbox 3512 2821 3678 2881; x_wconf 89' lang='lat' dir='ltr'><strong>aliud</strong></span> 
     </span>
    </p>
   </div>
   <div class='ocr_carea' id='block_1_60' title="bbox 2021 2911 3680 2987">
    <p class='ocr_par' dir='ltr' id='par_1_60' title="bbox 2021 2911 3680 2987">
     <span class='ocr_line' id='line_1_60' title="bbox 2021 2911 3680 2987; baseline 0.003 -20"><span class='ocrx_word' id='word_1_438' title='bbox 2021 2927 2160 2967; x_wconf 93' lang='lat' dir='ltr'><strong>eum</strong></span> <span class='ocrx_word' id='word_1_439' title='bbox 2184 2911 2246 2967; x_wconf 91' lang='lat' dir='ltr'><strong>in</strong></span> <span class='ocrx_word' id='word_1_440' title='bbox 2276 2917 2402 2968; x_wconf 91' lang='lat' dir='ltr'><strong>tam</strong></span> <span class='ocrx_word' id='word_1_441' title='bbox 2441 2912 2697 2969; x_wconf 90' lang='lat' dir='ltr'><strong>sublime</strong></span> <span class='ocrx_word' id='word_1_442' title='bbox 2751 2914 2988 2970; x_wconf 90' lang='lat' dir='ltr'><strong>culmen</strong></span> <span class='ocrx_word' id='word_1_443' title='bbox 3039 2918 3337 2971; x_wconf 87' lang='lat' dir='ltr'><strong>evexerat.</strong></span> <span class='ocrx_word' id='word_1_444' title='bbox 3389 2913 3504 2970; x_wconf 91' lang='lat' dir='ltr'><strong>Sed</strong></span> <span class='ocrx_word' id='word_1_445' title='bbox 3542 2916 3680 2987; x_wconf 85' lang='lat' dir='ltr'><strong>post</strong></span> 
     </span>
    </p>
   </div>
   <div class='ocr_carea' id='block_1_61' title="bbox 2021 3003 3678 3078">
    <p class='ocr_par' dir='ltr' id='par_1_61' title="bbox 2021 3003 3678 3078">
     <span class='ocr_line' id='line_1_61' title="bbox 2021 3003 3678 3078; baseline 0.002 -20"><span class='ocrx_word' id='word_1_446' title='bbox 2021 3018 2261 3059; x_wconf 92' lang='lat' dir='ltr'><strong>menses</strong></span> <span class='ocrx_word' id='word_1_447' title='bbox 2283 3020 2389 3060; x_wconf 90' lang='lat' dir='ltr'><strong>sex</strong></span> <span class='ocrx_word' id='word_1_448' title='bbox 2410 3003 2682 3072; x_wconf 90' lang='lat' dir='ltr'><strong>moritur,</strong></span> <span class='ocrx_word' id='word_1_449' title='bbox 2704 3009 2761 3061; x_wconf 92' lang='lat' dir='ltr'><strong>et</strong></span> <span class='ocrx_word' id='word_1_450' title='bbox 2781 3004 3014 3062; x_wconf 90' lang='lat' dir='ltr'><strong>Manuel</strong></span> <span class='ocrx_word' id='word_1_451' title='bbox 3033 3005 3096 3061; x_wconf 91' lang='lat' dir='ltr'><strong>in</strong></span> <span class='ocrx_word' id='word_1_452' title='bbox 3115 3003 3500 3078; x_wconf 88' lang='lat' dir='ltr'><strong>patriarchali</strong></span> <span class='ocrx_word' id='word_1_453' title='bbox 3529 3003 3678 3061; x_wconf 90' lang='lat' dir='ltr'><strong>solio</strong></span> 
     </span>
    </p>
   </div>
   <div class='ocr_carea' id='block_1_62' title="bbox 2023 3092 3681 3168">
    <p class='ocr_par' dir='ltr' id='par_1_62' title="bbox 2023 3092 3681 3168">
     <span class='ocr_line' id='line_1_62' title="bbox 2023 3092 3681 3168; baseline 0.002 -19"><span class='ocrx_word' id='word_1_454' title='bbox 2023 3092 2368 3160; x_wconf 88' lang='lat' dir='ltr'><strong>collocatur,</strong></span> <span class='ocrx_word' id='word_1_455' title='bbox 2391 3108 2528 3149; x_wconf 90' lang='lat' dir='ltr'><strong>vere</strong></span> <span class='ocrx_word' id='word_1_456' title='bbox 2558 3094 2649 3150; x_wconf 89' lang='lat' dir='ltr'><strong>vir</strong></span> <span class='ocrx_word' id='word_1_457' title='bbox 2667 3093 3087 3166; x_wconf 90' lang='lat' dir='ltr'><strong>philosophus,</strong></span> <span class='ocrx_word' id='word_1_458' title='bbox 3112 3098 3178 3152; x_wconf 89' lang='lat' dir='ltr'><strong>ut</strong></span> <span class='ocrx_word' id='word_1_459' title='bbox 3196 3093 3619 3168; x_wconf 80' lang='lat' dir='ltr'><strong>apparebat,et</strong></span> <span class='ocrx_word' id='word_1_460' title='bbox 3640 3107 3681 3152; x_wconf 80' lang='lat' dir='ltr'><strong>a</strong></span> 
     </span>
    </p>
   </div>
   <div class='ocr_carea' id='block_1_63' title="bbox 314 3158 1931 3252">
    <p class='ocr_par' dir='ltr' id='par_1_63' title="bbox 314 3158 1911 3252">
     <span class='ocr_line' id='line_1_63' title="bbox 314 3158 1911 3252; baseline -0.004 -22"><span class='ocrx_word' id='word_1_461' title='bbox 314 3158 704 3252; x_wconf 77' lang='grc' dir='ltr'>πατριαρχικὸν</span> <span class='ocrx_word' id='word_1_462' title='bbox 747 3173 988 3246; x_wconf 78' lang='grc' dir='ltr'>ἀνάγεται</span> <span class='ocrx_word' id='word_1_463' title='bbox 1037 3175 1234 3249; x_wconf 87' lang='grc' dir='ltr'>θρόνον,</span> <span class='ocrx_word' id='word_1_464' title='bbox 1282 3172 1580 3246; x_wconf 85' lang='grc' dir='ltr'>φιλόσοφος,</span> <span class='ocrx_word' id='word_1_465' title='bbox 1614 3175 1678 3233; x_wconf 84' lang='grc' dir='ltr'>ὡς</span> <span class='ocrx_word' id='word_1_466' title='bbox 1719 3169 1911 3241; x_wconf 80' lang='grc' dir='ltr'>ἐδόκει,</span> 
     </span>
    </p>
   </div>
   <div class='ocr_carea' id='block_1_64' title="bbox 2032 3158 2999 3252">
    <p class='ocr_par' dir='ltr' id='par_1_64' title="bbox 2032 3182 2999 3241">
     <span class='ocr_line' id='line_1_64' title="bbox 2032 3182 2999 3241; baseline -0.002 -2"><span class='ocrx_word' id='word_1_467' title='bbox 2032 3182 2228 3240; x_wconf 89' lang='lat' dir='ltr'><strong>multis</strong></span> <span class='ocrx_word' id='word_1_468' title='bbox 2255 3197 2326 3240; x_wconf 92' lang='lat' dir='ltr'><strong>eo</strong></span> <span class='ocrx_word' id='word_1_469' title='bbox 2355 3183 2600 3240; x_wconf 91' lang='lat' dir='ltr'><strong>nomine</strong></span> <span class='ocrx_word' id='word_1_470' title='bbox 2628 3183 2999 3241; x_wconf 87' lang='lat' dir='ltr'><strong>honestatus.</strong></span> 
     </span>
    </p>
   </div>
   <div class='ocr_carea' id='block_1_65' title="bbox 312 3263 1387 3336">
    <p class='ocr_par' dir='ltr' id='par_1_65' title="bbox 312 3263 1387 3336">
     <span class='ocr_line' id='line_1_65' title="bbox 312 3263 1387 3336; baseline -0.005 -17"><span class='ocrx_word' id='word_1_471' title='bbox 312 3267 382 3319; x_wconf 86' lang='grc' dir='ltr'>ὧν</span> <span class='ocrx_word' id='word_1_472' title='bbox 407 3270 499 3319; x_wconf 86' lang='grc' dir='ltr'>καὶ</span> <span class='ocrx_word' id='word_1_473' title='bbox 529 3267 629 3318; x_wconf 83' lang='grc' dir='ltr'>ὑπὸ</span> <span class='ocrx_word' id='word_1_474' title='bbox 655 3263 852 3318; x_wconf 85' lang='grc' dir='ltr'>πολλῶν</span> <span class='ocrx_word' id='word_1_475' title='bbox 878 3263 1387 3336; x_wconf 81' lang='grc' dir='ltr'>κατονομαζόμεπος·</span> 
     </span>
    </p>
   </div>
   <div class='ocr_carea' id='block_1_66' title="bbox 382 3348 1914 3426">
    <p class='ocr_par' dir='ltr' id='par_1_66' title="bbox 382 3348 1914 3426">
     <span class='ocr_line' id='line_1_66' title="bbox 382 3348 1914 3426; baseline -0.005 -16"><span class='ocrx_word' id='word_1_476' title='bbox 382 3355 426 3409; x_wconf 84' lang='grc' dir='ltr'>κ’</span> <span class='ocrx_word' id='word_1_477' title='bbox 466 3357 560 3410; x_wconf 88' lang='grc' dir='ltr'><strong>Ἐπ</strong></span> <span class='ocrx_word' id='word_1_478' title='bbox 615 3350 676 3408; x_wconf 73' lang='grc' dir='ltr'>δε</span> <span class='ocrx_word' id='word_1_479' title='bbox 725 3355 792 3407; x_wconf 83' lang='grc' dir='ltr'>τὰ</span> <span class='ocrx_word' id='word_1_480' title='bbox 840 3352 1141 3426; x_wconf 85' lang='grc' dir='ltr'>Βουλγάρων</span> <span class='ocrx_word' id='word_1_481' title='bbox 1179 3356 1270 3404; x_wconf 83' lang='grc' dir='ltr'>καὶ</span> <span class='ocrx_word' id='word_1_482' title='bbox 1305 3348 1455 3414; x_wconf 80' lang='grc' dir='ltr'>αὖθις</span> <span class='ocrx_word' id='word_1_483' title='bbox 1508 3354 1533 3403; x_wconf 88' lang='grc' dir='ltr'><strong>ό</strong></span> <span class='ocrx_word' id='word_1_484' title='bbox 1585 3350 1735 3424; x_wconf 89' lang='grc' dir='ltr'>λόγος</span> <span class='ocrx_word' id='word_1_485' title='bbox 1792 3349 1914 3404; x_wconf 79' lang='grc' dir='ltr'>ἀνα-</span> 
     </span>
    </p>
   </div>
   <div class='ocr_carea' id='block_1_67' title="bbox 311 3439 1915 3521">
    <p class='ocr_par' dir='ltr' id='par_1_67' title="bbox 311 3439 1915 3521">
     <span class='ocr_line' id='line_1_67' title="bbox 311 3439 1915 3521; baseline -0.004 -23"><span class='ocrx_word' id='word_1_486' title='bbox 311 3452 498 3521; x_wconf 87' lang='grc' dir='ltr'>χωρεῖ.</span> <span class='ocrx_word' id='word_1_487' title='bbox 530 3443 590 3497; x_wconf 86' lang='grc' dir='ltr'><strong>Ὀ</strong></span> <span class='ocrx_word' id='word_1_488' title='bbox 618 3451 822 3520; x_wconf 86' lang='grc' dir='ltr'>πρῶτος</span> <span class='ocrx_word' id='word_1_489' title='bbox 879 3440 1128 3516; x_wconf 75' lang='grc' dir='ltr'>βασιλεὺς</span> <span class='ocrx_word' id='word_1_490' title='bbox 1205 3449 1304 3494; x_wconf 86' lang='grc' dir='ltr'>τῶν</span> <span class='ocrx_word' id='word_1_491' title='bbox 1373 3439 1681 3516; x_wconf 88' lang='grc' dir='ltr'>Βουλγάρων</span> <span class='ocrx_word' id='word_1_492' title='bbox 1755 3441 1915 3496; x_wconf 81' lang='grc' dir='ltr'>Ἀσὰν</span> 
     </span>
    </p>
   </div>
   <div class='ocr_carea' id='block_1_68' title="bbox 313 3527 1909 3607">
    <p class='ocr_par' dir='ltr' id='par_1_68' title="bbox 313 3527 1909 3607">
     <span class='ocr_line' id='line_1_68' title="bbox 313 3527 1909 3607; baseline -0.003 -19"><span class='ocrx_word' id='word_1_493' title='bbox 313 3531 408 3588; x_wconf 76' lang='grc' dir='ltr'>δύο</span> <span class='ocrx_word' id='word_1_494' title='bbox 435 3537 590 3607; x_wconf 78' lang='grc' dir='ltr'>ἔσχεν</span> <span class='ocrx_word' id='word_1_495' title='bbox 613 3535 778 3600; x_wconf 80' lang='grc' dir='ltr'>υἱοὺς,</span> <span class='ocrx_word' id='word_1_496' title='bbox 827 3535 914 3584; x_wconf 88' lang='grc' dir='ltr'><strong>τόν</strong></span> <span class='ocrx_word' id='word_1_497' title='bbox 967 3532 1211 3588; x_wconf 86' lang='grc' dir='ltr'>Ἰωάννην</span> <span class='ocrx_word' id='word_1_498' title='bbox 1265 3535 1356 3583; x_wconf 86' lang='grc' dir='ltr'>καὶ</span> <span class='ocrx_word' id='word_1_499' title='bbox 1411 3532 1500 3582; x_wconf 86' lang='grc' dir='ltr'>τὸν</span> <span class='ocrx_word' id='word_1_500' title='bbox 1547 3527 1909 3604; x_wconf 73' lang='grc' dir='ltr'>Ἀλέξανδρον.</span> 
     </span>
    </p>
   </div>
   <div class='ocr_carea' id='block_1_69' title="bbox 307 3618 1914 3698">
    <p class='ocr_par' dir='ltr' id='par_1_69' title="bbox 307 3618 1914 3698">
     <span class='ocr_line' id='line_1_69' title="bbox 307 3618 1914 3698; baseline -0.004 -19"><span class='ocrx_word' id='word_1_501' title='bbox 307 3631 411 3679; x_wconf 85' lang='grc' dir='ltr'><strong>Τοῦ</strong></span> <span class='ocrx_word' id='word_1_502' title='bbox 436 3632 561 3696; x_wconf 85' lang='grc' dir='ltr'>γοῦν</span> <span class='ocrx_word' id='word_1_503' title='bbox 601 3623 868 3698; x_wconf 83' lang='grc' dir='ltr'>εἰρημένου</span> <span class='ocrx_word' id='word_1_504' title='bbox 903 3620 1091 3696; x_wconf 84' lang='grc' dir='ltr'>Βορὶλα</span> <span class='ocrx_word' id='word_1_505' title='bbox 1118 3621 1231 3692; x_wconf 88' lang='grc'>(38)</span> <span class='ocrx_word' id='word_1_506' title='bbox 1277 3618 1565 3692; x_wconf 82' lang='grc' dir='ltr'>βασιλικῶς</span> <span class='ocrx_word' id='word_1_507' title='bbox 1600 3628 1698 3673; x_wconf 86' lang='grc' dir='ltr'>τῶν</span> <span class='ocrx_word' id='word_1_508' title='bbox 1749 3619 1914 3672; x_wconf 86' lang='grc' dir='ltr'>Βουλ-</span> 
     </span>
    </p>
   </div>
   <div class='ocr_carea' id='block_1_70' title="bbox 306 3709 1916 3789">
    <p class='ocr_par' dir='ltr' id='par_1_70' title="bbox 306 3709 1916 3789">
     <span class='ocr_line' id='line_1_70' title="bbox 306 3709 1916 3789; baseline -0.005 -22"><span class='ocrx_word' id='word_1_509' title='bbox 306 3716 482 3789; x_wconf 85' lang='grc' dir='ltr'>γάρων</span> <span class='ocrx_word' id='word_1_510' title='bbox 510 3714 874 3788; x_wconf 88' lang='grc' dir='ltr'>κατάρχοντος</span> <span class='ocrx_word' id='word_1_511' title='bbox 903 3709 1036 3782; x_wconf 88' lang='grc'>(39),</span> <span class='ocrx_word' id='word_1_512' title='bbox 1071 3711 1096 3763; x_wconf 93' lang='lat'><strong>6</strong></span> <span class='ocrx_word' id='word_1_513' title='bbox 1127 3716 1220 3762; x_wconf 85' lang='grc' dir='ltr'>τοῦ</span> <span class='ocrx_word' id='word_1_514' title='bbox 1279 3709 1438 3761; x_wconf 83' lang='grc' dir='ltr'>Ἀσαν</span> <span class='ocrx_word' id='word_1_515' title='bbox 1498 3711 1611 3772; x_wconf 79' lang='grc' dir='ltr'>υἱός</span> <span class='ocrx_word' id='word_1_516' title='bbox 1670 3710 1916 3771; x_wconf 81' lang='grc' dir='ltr'>Ἰωάννης</span> 
     </span>
    </p>
   </div>
   <div class='ocr_carea' id='block_1_71' title="bbox 315 3797 1911 3878">
    <p class='ocr_par' dir='ltr' id='par_1_71' title="bbox 315 3797 1911 3878">
     <span class='ocr_line' id='line_1_71' title="bbox 315 3797 1911 3878; baseline -0.004 -21"><span class='ocrx_word' id='word_1_517' title='bbox 315 3799 577 3878; x_wconf 76' lang='grc' dir='ltr'>φυγαδείᾳ</span> <span class='ocrx_word' id='word_1_518' title='bbox 626 3803 962 3875; x_wconf 85' lang='grc' dir='ltr'>χρησάμενος</span> <span class='ocrx_word' id='word_1_519' title='bbox 1018 3798 1102 3852; x_wconf 86' lang='grc' dir='ltr'><strong>ἐπὶ</strong></span> <span class='ocrx_word' id='word_1_520' title='bbox 1157 3800 1224 3850; x_wconf 85' lang='grc' dir='ltr'><strong>τὰ</strong></span> <span class='ocrx_word' id='word_1_521' title='bbox 1277 3807 1377 3851; x_wconf 86' lang='grc' dir='ltr'>τῶν</span> <span class='ocrx_word' id='word_1_522' title='bbox 1442 3797 1646 3851; x_wconf 87' lang='grc' dir='ltr'>Ῥώσων</span> <span class='ocrx_word' id='word_1_523' title='bbox 1725 3803 1911 3872; x_wconf 83' lang='grc' dir='ltr'>χωρεῖ,</span> 
     </span>
    </p>
   </div>
   <div class='ocr_carea' id='block_1_72' title="bbox 316 3883 1915 3966">
    <p class='ocr_par' dir='ltr' id='par_1_72' title="bbox 316 3883 1915 3966">
     <span class='ocr_line' id='line_1_72' title="bbox 316 3883 1915 3966; baseline -0.004 -21"><span class='ocrx_word' id='word_1_524' title='bbox 316 3893 480 3945; x_wconf 77' lang='grc' dir='ltr'>ἐκεῖσέ</span> <span class='ocrx_word' id='word_1_525' title='bbox 507 3911 561 3945; x_wconf 89' lang='grc' dir='ltr'><strong>τε</strong></span> <span class='ocrx_word' id='word_1_526' title='bbox 589 3895 780 3966; x_wconf 89' lang='grc' dir='ltr'>χρόνον</span> <span class='ocrx_word' id='word_1_527' title='bbox 812 3888 884 3962; x_wconf 79' lang='grc' dir='ltr'><strong>ἐφ’</strong></span> <span class='ocrx_word' id='word_1_528' title='bbox 919 3891 1090 3941; x_wconf 86' lang='grc' dir='ltr'>ἱκανόν</span> <span class='ocrx_word' id='word_1_529' title='bbox 1131 3883 1431 3959; x_wconf 78' lang='grc' dir='ltr'>διαμείνας,</span> <span class='ocrx_word' id='word_1_530' title='bbox 1483 3891 1572 3938; x_wconf 86' lang='grc' dir='ltr'><strong>καί</strong></span> <span class='ocrx_word' id='word_1_531' title='bbox 1629 3906 1773 3947; x_wconf 88' lang='grc' dir='ltr'>τινας</span> <span class='ocrx_word' id='word_1_532' title='bbox 1815 3895 1915 3938; x_wconf 84' lang='grc' dir='ltr'>τῶν</span> 
     </span>
    </p>
   </div>
   <div class='ocr_carea' id='block_1_73' title="bbox 320 3976 1915 4054">
    <p class='ocr_par' dir='ltr' id='par_1_73' title="bbox 320 3976 1915 4054">
     <span class='ocr_line' id='line_1_73' title="bbox 320 3976 1915 4054; baseline -0.004 -19"><span class='ocrx_word' id='word_1_533' title='bbox 320 3976 622 4054; x_wconf 82' lang='grc' dir='ltr'>συγκλύδων</span> <span class='ocrx_word' id='word_1_534' title='bbox 645 3985 847 4035; x_wconf 84' lang='grc' dir='ltr'>Ῥώσων</span> <span class='ocrx_word' id='word_1_535' title='bbox 897 3982 990 4032; x_wconf 86' lang='grc' dir='ltr'>σὺν</span> <span class='ocrx_word' id='word_1_536' title='bbox 1043 3977 1208 4047; x_wconf 77' lang='grc' dir='ltr'>ἑαυτῷ</span> <span class='ocrx_word' id='word_1_537' title='bbox 1260 3979 1613 4048; x_wconf 84' lang='grc' dir='ltr'>περιαγαγὼν,</span> <span class='ocrx_word' id='word_1_538' title='bbox 1669 3979 1766 4034; x_wconf 76' lang='grc' dir='ltr'>τὴν</span> <span class='ocrx_word' id='word_1_539' title='bbox 1817 3995 1915 4028; x_wconf 91' lang='grc' dir='ltr'>πα-</span> 
     </span>
    </p>
   </div>
   <div class='ocr_carea' id='block_1_74' title="bbox 318 4063 1919 4146">
    <p class='ocr_par' dir='ltr' id='par_1_74' title="bbox 318 4063 1919 4146">
     <span class='ocr_line' id='line_1_74' title="bbox 318 4063 1919 4146; baseline -0.005 -22"><span class='ocrx_word' id='word_1_540' title='bbox 318 4075 503 4146; x_wconf 80' lang='grc' dir='ltr'>τρικὴν</span> <span class='ocrx_word' id='word_1_541' title='bbox 534 4069 863 4123; x_wconf 80' lang='grc' dir='ltr'>ἀνακαλεῖται</span> <span class='ocrx_word' id='word_1_542' title='bbox 917 4066 1262 4142; x_wconf 88' lang='grc' dir='ltr'>κληρονομίαν</span> <span class='ocrx_word' id='word_1_543' title='bbox 1311 4069 1400 4116; x_wconf 81' lang='grc' dir='ltr'>καὶ</span> <span class='ocrx_word' id='word_1_544' title='bbox 1447 4063 1660 4137; x_wconf 81' lang='grc' dir='ltr'>πολεμεῖ</span> <span class='ocrx_word' id='word_1_545' title='bbox 1707 4073 1780 4136; x_wconf 83' lang='grc' dir='ltr'>τῷ</span> <span class='ocrx_word' id='word_1_546' title='bbox 1828 4072 1919 4117; x_wconf 83' lang='grc' dir='ltr'><strong>Βο-</strong></span> 
     </span>
    </p>
   </div>
   <div class='ocr_carea' id='block_1_75' title="bbox 315 4152 1918 4234">
    <p class='ocr_par' dir='ltr' id='par_1_75' title="bbox 315 4152 1918 4234">
     <span class='ocr_line' id='line_1_75' title="bbox 315 4152 1918 4234; baseline -0.004 -21"><span class='ocrx_word' id='word_1_547' title='bbox 315 4159 438 4234; x_wconf 81' lang='grc' dir='ltr'>ρίλᾳ</span> <span class='ocrx_word' id='word_1_548' title='bbox 464 4165 553 4212; x_wconf 83' lang='grc' dir='ltr'>καὶ</span> <span class='ocrx_word' id='word_1_549' title='bbox 579 4165 702 4231; x_wconf 85' lang='grc' dir='ltr'>νικᾷ</span> <span class='ocrx_word' id='word_1_550' title='bbox 727 4166 929 4226; x_wconf 81' lang='grc' dir='ltr'>τοῦτον,</span> <span class='ocrx_word' id='word_1_551' title='bbox 978 4160 1068 4207; x_wconf 86' lang='grc' dir='ltr'>καὶ</span> <span class='ocrx_word' id='word_1_552' title='bbox 1120 4160 1302 4228; x_wconf 85' lang='grc' dir='ltr'>χώρας</span> <span class='ocrx_word' id='word_1_553' title='bbox 1358 4152 1453 4206; x_wconf 76' lang='grc' dir='ltr'>οὐκ</span> <span class='ocrx_word' id='word_1_554' title='bbox 1511 4153 1688 4224; x_wconf 85' lang='grc' dir='ltr'>ὀλίγης</span> <span class='ocrx_word' id='word_1_555' title='bbox 1735 4152 1918 4226; x_wconf 79' lang='grc' dir='ltr'>ἐγκρα-</span> 
     </span>
    </p>
   </div>
   <div class='ocr_carea' id='block_1_76' title="bbox 316 4240 1919 4323">
    <p class='ocr_par' dir='ltr' id='par_1_76' title="bbox 316 4240 1919 4323">
     <span class='ocr_line' id='line_1_76' title="bbox 316 4240 1919 4323; baseline -0.004 -21"><span class='ocrx_word' id='word_1_556' title='bbox 316 4254 409 4310; x_wconf 81' lang='grc' dir='ltr'>τὴς</span> <span class='ocrx_word' id='word_1_557' title='bbox 453 4255 668 4323; x_wconf 85' lang='grc' dir='ltr'>γίνεται.</span> <span class='ocrx_word' id='word_1_558' title='bbox 713 4255 772 4301; x_wconf 90' lang='grc' dir='ltr'><strong>Ὀ</strong></span> <span class='ocrx_word' id='word_1_559' title='bbox 839 4244 898 4300; x_wconf 76' lang='grc' dir='ltr'>δε</span> <span class='ocrx_word' id='word_1_560' title='bbox 949 4244 1165 4319; x_wconf 86' lang='grc' dir='ltr'>Βορίλας</span> <span class='ocrx_word' id='word_1_561' title='bbox 1230 4240 1375 4296; x_wconf 79' lang='grc' dir='ltr'>ἔνδον</span> <span class='ocrx_word' id='word_1_562' title='bbox 1457 4242 1753 4316; x_wconf 83' lang='grc' dir='ltr'>εἰσέρχεται</span> <span class='ocrx_word' id='word_1_563' title='bbox 1827 4251 1919 4296; x_wconf 84' lang='grc' dir='ltr'>τοῦ</span> 
     </span>
    </p>
   </div>
   <div class='ocr_carea' id='block_1_77' title="bbox 315 4331 1914 4414">
    <p class='ocr_par' dir='ltr' id='par_1_77' title="bbox 315 4331 1914 4414">
     <span class='ocr_line' id='line_1_77' title="bbox 315 4331 1914 4414; baseline -0.004 -21"><span class='ocrx_word' id='word_1_564' title='bbox 315 4338 590 4414; x_wconf 81' lang='grc' dir='ltr'>Τρινόϐου,</span> <span class='ocrx_word' id='word_1_565' title='bbox 616 4343 705 4391; x_wconf 87' lang='grc' dir='ltr'>καὶ</span> <span class='ocrx_word' id='word_1_566' title='bbox 744 4335 828 4390; x_wconf 82' lang='grc' dir='ltr'><strong>ἐπὶ</strong></span> <span class='ocrx_word' id='word_1_567' title='bbox 858 4335 988 4389; x_wconf 83' lang='grc' dir='ltr'>ἑπτὰ</span> <span class='ocrx_word' id='word_1_568' title='bbox 1034 4337 1170 4387; x_wconf 83' lang='grc' dir='ltr'>ἔτεσι</span> <span class='ocrx_word' id='word_1_569' title='bbox 1227 4337 1486 4406; x_wconf 79' lang='grc' dir='ltr'>τειχήρης</span> <span class='ocrx_word' id='word_1_570' title='bbox 1541 4331 1914 4408; x_wconf 86' lang='grc' dir='ltr'>πολιορκεῖται.</span> 
     </span>
    </p>
   </div>
   <div class='ocr_carea' id='block_1_78' title="bbox 311 4422 1918 4499">
    <p class='ocr_par' dir='ltr' id='par_1_78' title="bbox 311 4422 1918 4499">
     <span class='ocr_line' id='line_1_78' title="bbox 311 4422 1918 4499; baseline -0.006 -16"><span class='ocrx_word' id='word_1_571' title='bbox 311 4429 461 4482; x_wconf 77' lang='grc' dir='ltr'>Ἐπεὶ</span> <span class='ocrx_word' id='word_1_572' title='bbox 514 4425 574 4481; x_wconf 74' lang='grc' dir='ltr'><strong>ὃὶ</strong></span> <span class='ocrx_word' id='word_1_573' title='bbox 627 4427 888 4499; x_wconf 77' lang='grc' dir='ltr'>ἀπέκαμον</span> <span class='ocrx_word' id='word_1_574' title='bbox 944 4426 992 4477; x_wconf 85' lang='grc' dir='ltr'>οἱ</span> <span class='ocrx_word' id='word_1_575' title='bbox 1052 4427 1290 4483; x_wconf 89' lang='grc' dir='ltr'>συνόντες</span> <span class='ocrx_word' id='word_1_576' title='bbox 1364 4422 1526 4492; x_wconf 66' lang='grc' dir='ltr'>αὐτῷ,</span> <span class='ocrx_word' id='word_1_577' title='bbox 1605 4429 1678 4492; x_wconf 85' lang='grc' dir='ltr'>τῷ</span> <span class='ocrx_word' id='word_1_578' title='bbox 1753 4423 1918 4475; x_wconf 83' lang='grc' dir='ltr'>Ἀσὰν</span> 
     </span>
    </p>
   </div>
   <div class='ocr_carea' id='block_1_79' title="bbox 2093 3344 3673 3417">
    <p class='ocr_par' dir='ltr' id='par_1_79' title="bbox 2093 3344 3673 3417">
     <span class='ocr_line' id='line_1_79' title="bbox 2093 3344 3673 3417; baseline 0 -14"><span class='ocrx_word' id='word_1_579' title='bbox 2093 3349 2185 3405; x_wconf 83' lang='grc'>20.</span> <span class='ocrx_word' id='word_1_580' title='bbox 2219 3347 2333 3404; x_wconf 91' lang='lat' dir='ltr'><strong>Sed</strong></span> <span class='ocrx_word' id='word_1_581' title='bbox 2366 3346 2446 3402; x_wconf 91' lang='lat' dir='ltr'><strong>ad</strong></span> <span class='ocrx_word' id='word_1_582' title='bbox 2500 3362 2595 3404; x_wconf 90' lang='lat' dir='ltr'><strong>res</strong></span> <span class='ocrx_word' id='word_1_583' title='bbox 2649 3346 2990 3417; x_wconf 89' lang='lat' dir='ltr'><strong>Bulgaricas</strong></span> <span class='ocrx_word' id='word_1_584' title='bbox 3031 3345 3372 3403; x_wconf 90' lang='lat' dir='ltr'><strong>redeamus.</strong></span> <span class='ocrx_word' id='word_1_585' title='bbox 3434 3344 3673 3404; x_wconf 82' lang='lat' dir='ltr'><strong>Primus</strong></span> 
     </span>
    </p>
   </div>
   <div class='ocr_carea' id='block_1_80' title="bbox 2025 3435 3675 3509">
    <p class='ocr_par' dir='ltr' id='par_1_80' title="bbox 2025 3435 3675 3509">
     <span class='ocr_line' id='line_1_80' title="bbox 2025 3435 3675 3509; baseline -0.002 -14"><span class='ocrx_word' id='word_1_586' title='bbox 2025 3438 2418 3509; x_wconf 87' lang='lat' dir='ltr'><strong>Bulgarorum</strong></span> <span class='ocrx_word' id='word_1_587' title='bbox 2433 3453 2539 3494; x_wconf 84' lang='lat' dir='ltr'><strong>rex</strong></span> <span class='ocrx_word' id='word_1_588' title='bbox 2553 3442 2788 3494; x_wconf 90' lang='lat' dir='ltr'><strong>Asanus</strong></span> <span class='ocrx_word' id='word_1_589' title='bbox 2803 3437 2956 3493; x_wconf 90' lang='lat' dir='ltr'><strong>duos</strong></span> <span class='ocrx_word' id='word_1_590' title='bbox 2971 3435 3184 3493; x_wconf 90' lang='lat' dir='ltr'><strong>habuit</strong></span> <span class='ocrx_word' id='word_1_591' title='bbox 3199 3436 3374 3505; x_wconf 91' lang='lat' dir='ltr'><strong>ﬁlios,</strong></span> <span class='ocrx_word' id='word_1_592' title='bbox 3388 3438 3675 3494; x_wconf 87' lang='lat' dir='ltr'><strong>Joannem</strong></span> 
     </span>
    </p>
   </div>
   <div class='ocr_carea' id='block_1_81' title="bbox 2023 3524 3674 3597">
    <p class='ocr_par' dir='ltr' id='par_1_81' title="bbox 2023 3524 3674 3597">
     <span class='ocr_line' id='line_1_81' title="bbox 2023 3524 3674 3597; baseline 0 -15"><span class='ocrx_word' id='word_1_593' title='bbox 2023 3532 2080 3584; x_wconf 92' lang='lat' dir='ltr'><strong>et</strong></span> <span class='ocrx_word' id='word_1_594' title='bbox 2099 3526 2526 3582; x_wconf 85' lang='lat' dir='ltr'><strong>Alexandrum.</strong></span> <span class='ocrx_word' id='word_1_595' title='bbox 2556 3526 2762 3597; x_wconf 89' lang='lat' dir='ltr'><strong>Itaque</strong></span> <span class='ocrx_word' id='word_1_596' title='bbox 2789 3525 2998 3592; x_wconf 89' lang='lat' dir='ltr'><strong>Borila,</strong></span> <span class='ocrx_word' id='word_1_597' title='bbox 3024 3525 3196 3596; x_wconf 90' lang='lat' dir='ltr'><strong>cujus</strong></span> <span class='ocrx_word' id='word_1_598' title='bbox 3219 3540 3404 3596; x_wconf 88' lang='lat' dir='ltr'><strong>supra</strong></span> <span class='ocrx_word' id='word_1_599' title='bbox 3418 3524 3674 3582; x_wconf 81' lang='lat' dir='ltr'><strong>mentio-</strong></span> 
     </span>
    </p>
   </div>
   <div class='ocr_carea' id='block_1_82' title="bbox 2021 3612 3674 3686">
    <p class='ocr_par' dir='ltr' id='par_1_82' title="bbox 2021 3612 3674 3686">
     <span class='ocr_line' id='line_1_82' title="bbox 2021 3612 3674 3686; baseline -0.002 -13"><span class='ocrx_word' id='word_1_600' title='bbox 2021 3633 2163 3673; x_wconf 89' lang='lat' dir='ltr'><strong>nem</strong></span> <span class='ocrx_word' id='word_1_601' title='bbox 2185 3616 2453 3685; x_wconf 88' lang='lat' dir='ltr'><strong>fecimus,</strong></span> <span class='ocrx_word' id='word_1_602' title='bbox 2475 3614 2635 3686; x_wconf 91' lang='lat' dir='ltr'><strong>regie</strong></span> <span class='ocrx_word' id='word_1_603' title='bbox 2659 3613 2924 3684; x_wconf 90' lang='lat' dir='ltr'><strong>Bulgaris</strong></span> <span class='ocrx_word' id='word_1_604' title='bbox 2939 3614 3294 3686; x_wconf 88' lang='lat' dir='ltr'><strong>imperante,</strong></span> <span class='ocrx_word' id='word_1_605' title='bbox 3315 3614 3498 3669; x_wconf 89' lang='lat' dir='ltr'><strong>Asani</strong></span> <span class='ocrx_word' id='word_1_606' title='bbox 3513 3612 3674 3670; x_wconf 79' lang='lat' dir='ltr'><strong>ﬁlius</strong></span> 
     </span>
    </p>
   </div>
   <div class='ocr_carea' id='block_1_83' title="bbox 2023 3700 3675 3776">
    <p class='ocr_par' dir='ltr' id='par_1_83' title="bbox 2023 3700 3675 3776">
     <span class='ocr_line' id='line_1_83' title="bbox 2023 3700 3675 3776; baseline -0.002 -13"><span class='ocrx_word' id='word_1_607' title='bbox 2023 3708 2275 3763; x_wconf 92' lang='lat' dir='ltr'><strong>Ioannes</strong></span> <span class='ocrx_word' id='word_1_608' title='bbox 2298 3703 2442 3774; x_wconf 81' lang='lat' dir='ltr'><strong>fuga</strong></span> <span class='ocrx_word' id='word_1_609' title='bbox 2472 3720 2533 3759; x_wconf 92' lang='lat' dir='ltr'><strong>se</strong></span> <span class='ocrx_word' id='word_1_610' title='bbox 2555 3703 2860 3776; x_wconf 87' lang='lat' dir='ltr'><strong>abripiens</strong></span> <span class='ocrx_word' id='word_1_611' title='bbox 2881 3703 2944 3758; x_wconf 91' lang='lat' dir='ltr'><strong>in</strong></span> <span class='ocrx_word' id='word_1_612' title='bbox 2965 3705 3156 3759; x_wconf 84' lang='lat' dir='ltr'><strong>Rusos</strong></span> <span class='ocrx_word' id='word_1_613' title='bbox 3174 3700 3675 3775; x_wconf 84' lang='lat' dir='ltr'><strong>confugit,ibique</strong></span> 
     </span>
    </p>
   </div>
   <div class='ocr_carea' id='block_1_84' title="bbox 2022 3792 3676 3868">
    <p class='ocr_par' dir='ltr' id='par_1_84' title="bbox 2022 3792 3676 3868">
     <span class='ocr_line' id='line_1_84' title="bbox 2022 3792 3676 3868; baseline -0.001 -18"><span class='ocrx_word' id='word_1_614' title='bbox 2022 3811 2130 3868; x_wconf 85' lang='lat' dir='ltr'><strong>per</strong></span> <span class='ocrx_word' id='word_1_615' title='bbox 2165 3799 2406 3865; x_wconf 90' lang='lat' dir='ltr'><strong>tempus</strong></span> <span class='ocrx_word' id='word_1_616' title='bbox 2439 3792 2687 3864; x_wconf 87' lang='lat' dir='ltr'><strong>aliquod</strong></span> <span class='ocrx_word' id='word_1_617' title='bbox 2717 3795 3146 3859; x_wconf 84' lang='lat' dir='ltr'><strong>commoratus,</strong></span> <span class='ocrx_word' id='word_1_618' title='bbox 3176 3794 3234 3847; x_wconf 89' lang='lat' dir='ltr'><strong>et</strong></span> <span class='ocrx_word' id='word_1_619' title='bbox 3262 3805 3676 3848; x_wconf 86' lang='lat' dir='ltr'><strong>convenarum</strong></span> 
     </span>
    </p>
   </div>
   <div class='ocr_carea' id='block_1_85' title="bbox 2024 3879 3677 3953">
    <p class='ocr_par' dir='ltr' id='par_1_85' title="bbox 2024 3879 3677 3953">
     <span class='ocr_line' id='line_1_85' title="bbox 2024 3879 3677 3953; baseline -0.003 -12"><span class='ocrx_word' id='word_1_620' title='bbox 2024 3888 2319 3941; x_wconf 82' lang='lat' dir='ltr'><strong>Rusorum</strong></span> <span class='ocrx_word' id='word_1_621' title='bbox 2344 3881 2651 3938; x_wconf 91' lang='lat' dir='ltr'><strong>nonnullis</strong></span> <span class='ocrx_word' id='word_1_622' title='bbox 2673 3881 2734 3937; x_wconf 91' lang='lat' dir='ltr'><strong>in</strong></span> <span class='ocrx_word' id='word_1_623' title='bbox 2760 3897 2951 3936; x_wconf 90' lang='lat' dir='ltr'><strong>unum</strong></span> <span class='ocrx_word' id='word_1_624' title='bbox 2984 3879 3302 3951; x_wconf 89' lang='lat' dir='ltr'><strong>congestis,</strong></span> <span class='ocrx_word' id='word_1_625' title='bbox 3357 3884 3677 3953; x_wconf 85' lang='lat' dir='ltr'><strong>paternam</strong></span> 
     </span>
    </p>
   </div>
   <div class='ocr_carea' id='block_1_86' title="bbox 2023 3966 3680 4041">
    <p class='ocr_par' dir='ltr' id='par_1_86' title="bbox 2023 3966 3680 4041">
     <span class='ocr_line' id='line_1_86' title="bbox 2023 3966 3680 4041; baseline -0.003 -14"><span class='ocrx_word' id='word_1_626' title='bbox 2023 3969 2433 4028; x_wconf 69' lang='lat' dir='ltr'><strong>haereditatem</strong></span> <span class='ocrx_word' id='word_1_627' title='bbox 2461 3968 2739 4041; x_wconf 87' lang='lat' dir='ltr'><strong>reposcit,</strong></span> <span class='ocrx_word' id='word_1_628' title='bbox 2763 3969 2879 4040; x_wconf 80' lang='lat'><strong>36</strong></span> <span class='ocrx_word' id='word_1_629' title='bbox 2906 3972 2964 4024; x_wconf 90' lang='lat' dir='ltr'><strong>et</strong></span> <span class='ocrx_word' id='word_1_630' title='bbox 2991 3968 3053 4023; x_wconf 91' lang='lat' dir='ltr'><strong>in</strong></span> <span class='ocrx_word' id='word_1_631' title='bbox 3075 3966 3332 4023; x_wconf 90' lang='lat' dir='ltr'><strong>Borilam</strong></span> <span class='ocrx_word' id='word_1_632' title='bbox 3350 3982 3522 4024; x_wconf 89' lang='lat' dir='ltr'><strong>arma</strong></span> <span class='ocrx_word' id='word_1_633' title='bbox 3552 3983 3680 4023; x_wconf 86' lang='lat' dir='ltr'><strong>sus-</strong></span> 
     </span>
    </p>
   </div>
   <div class='ocr_carea' id='block_1_87' title="bbox 2026 4056 3684 4135">
    <p class='ocr_par' dir='ltr' id='par_1_87' title="bbox 2026 4056 3684 4135">
     <span class='ocr_line' id='line_1_87' title="bbox 2026 4056 3684 4135; baseline -0.004 -17"><span class='ocrx_word' id='word_1_634' title='bbox 2026 4061 2186 4135; x_wconf 89' lang='lat' dir='ltr'><strong>cipit,</strong></span> <span class='ocrx_word' id='word_1_635' title='bbox 2209 4064 2266 4116; x_wconf 90' lang='lat' dir='ltr'><strong>et</strong></span> <span class='ocrx_word' id='word_1_636' title='bbox 2287 4059 2486 4128; x_wconf 91' lang='lat' dir='ltr'><strong>vincit,</strong></span> <span class='ocrx_word' id='word_1_637' title='bbox 2506 4058 2914 4131; x_wconf 89' lang='lat' dir='ltr'><strong>dominusque</strong></span> <span class='ocrx_word' id='word_1_638' title='bbox 2936 4057 3002 4113; x_wconf 90' lang='lat' dir='ltr'><strong>ﬁt</strong></span> <span class='ocrx_word' id='word_1_639' title='bbox 3020 4072 3143 4114; x_wconf 94' lang='lat' dir='ltr'><strong>non</strong></span> <span class='ocrx_word' id='word_1_640' title='bbox 3161 4057 3390 4127; x_wconf 82' lang='lat' dir='ltr'><strong>exiguae</strong></span> <span class='ocrx_word' id='word_1_641' title='bbox 3418 4056 3684 4126; x_wconf 86' lang='lat' dir='ltr'><strong>regionis</strong></span> 
     </span>
    </p>
   </div>
   <div class='ocr_carea' id='block_1_88' title="bbox 2029 4144 3686 4219">
    <p class='ocr_par' dir='ltr' id='par_1_88' title="bbox 2029 4144 3686 4219">
     <span class='ocr_line' id='line_1_88' title="bbox 2029 4144 3686 4219; baseline -0.003 -12"><span class='ocrx_word' id='word_1_642' title='bbox 2029 4151 2251 4207; x_wconf 91' lang='lat' dir='ltr'><strong>Borilas</strong></span> <span class='ocrx_word' id='word_1_643' title='bbox 2300 4148 2626 4205; x_wconf 90' lang='lat' dir='ltr'><strong>Trinobum</strong></span> <span class='ocrx_word' id='word_1_644' title='bbox 2675 4147 2983 4216; x_wconf 88' lang='lat' dir='ltr'><strong>ingressus</strong></span> <span class='ocrx_word' id='word_1_645' title='bbox 3025 4149 3257 4219; x_wconf 90' lang='lat' dir='ltr'><strong>septem</strong></span> <span class='ocrx_word' id='word_1_646' title='bbox 3296 4162 3494 4203; x_wconf 91' lang='lat' dir='ltr'><strong>annos</strong></span> <span class='ocrx_word' id='word_1_647' title='bbox 3526 4144 3686 4202; x_wconf 90' lang='lat' dir='ltr'><strong>obsi-</strong></span> 
     </span>
    </p>
   </div>
   <div class='ocr_carea' id='block_1_89' title="bbox 2027 4234 3681 4305">
    <p class='ocr_par' dir='ltr' id='par_1_89' title="bbox 2027 4234 3681 4305">
     <span class='ocr_line' id='line_1_89' title="bbox 2027 4234 3681 4305; baseline -0.004 -8"><span class='ocrx_word' id='word_1_648' title='bbox 2027 4241 2261 4297; x_wconf 88' lang='lat' dir='ltr'><strong>dionem</strong></span> <span class='ocrx_word' id='word_1_649' title='bbox 2288 4238 2537 4295; x_wconf 90' lang='lat' dir='ltr'><strong>sustinet</strong></span> <span class='ocrx_word' id='word_1_650' title='bbox 2571 4256 2583 4305; x_wconf 92' lang='lat'><strong>;</strong></span> <span class='ocrx_word' id='word_1_651' title='bbox 2617 4240 2836 4293; x_wconf 89' lang='lat' dir='ltr'><strong>etcum</strong></span> <span class='ocrx_word' id='word_1_652' title='bbox 2867 4235 3012 4292; x_wconf 92' lang='lat' dir='ltr'><strong>socii</strong></span> <span class='ocrx_word' id='word_1_653' title='bbox 3050 4234 3359 4305; x_wconf 87' lang='lat' dir='ltr'><strong>defatigati</strong></span> <span class='ocrx_word' id='word_1_654' title='bbox 3411 4251 3681 4292; x_wconf 86' lang='lat' dir='ltr'><strong>succum-</strong></span> 
     </span>
    </p>
   </div>
   <div class='ocr_carea' id='block_1_90' title="bbox 2026 4324 3688 4398">
    <p class='ocr_par' dir='ltr' id='par_1_90' title="bbox 2026 4324 3688 4398">
     <span class='ocr_line' id='line_1_90' title="bbox 2026 4324 3688 4398; baseline -0.003 -11"><span class='ocrx_word' id='word_1_655' title='bbox 2026 4331 2257 4398; x_wconf 88' lang='lat' dir='ltr'><strong>berent,</strong></span> <span class='ocrx_word' id='word_1_656' title='bbox 2282 4328 2361 4384; x_wconf 94' lang='lat' dir='ltr'><strong>ad</strong></span> <span class='ocrx_word' id='word_1_657' title='bbox 2395 4328 2582 4384; x_wconf 87' lang='lat' dir='ltr'><strong>Asani</strong></span> <span class='ocrx_word' id='word_1_658' title='bbox 2607 4329 2898 4382; x_wconf 89' lang='lat' dir='ltr'><strong>Joannem</strong></span> <span class='ocrx_word' id='word_1_659' title='bbox 2937 4324 3244 4381; x_wconf 85' lang='lat' dir='ltr'><strong>deﬁciunt.</strong></span> <span class='ocrx_word' id='word_1_660' title='bbox 3273 4325 3497 4382; x_wconf 90' lang='lat' dir='ltr'><strong>Borilas</strong></span> <span class='ocrx_word' id='word_1_661' title='bbox 3546 4324 3688 4382; x_wconf 89' lang='lat' dir='ltr'><strong>inde</strong></span> 
     </span>
    </p>
   </div>
   <div class='ocr_carea' id='block_1_91' title="bbox 2029 4413 3684 4490">
    <p class='ocr_par' dir='ltr' id='par_1_91' title="bbox 2029 4413 3684 4490">
     <span class='ocr_line' id='line_1_91' title="bbox 2029 4413 3684 4490; baseline -0.004 -14"><span class='ocrx_word' id='word_1_662' title='bbox 2029 4421 2181 4476; x_wconf 88' lang='lat' dir='ltr'><strong>inter</strong></span> <span class='ocrx_word' id='word_1_663' title='bbox 2247 4418 2598 4490; x_wconf 88' lang='lat' dir='ltr'><strong>fugiendum</strong></span> <span class='ocrx_word' id='word_1_664' title='bbox 2650 4415 3059 4489; x_wconf 89' lang='lat' dir='ltr'><strong>deprehensus</strong></span> <span class='ocrx_word' id='word_1_665' title='bbox 3116 4415 3194 4472; x_wconf 90' lang='lat' dir='ltr'><strong>ab</strong></span> <span class='ocrx_word' id='word_1_666' title='bbox 3234 4417 3462 4474; x_wconf 83' lang='lat' dir='ltr'><strong>Joanne</strong></span> <span class='ocrx_word' id='word_1_667' title='bbox 3493 4413 3684 4472; x_wconf 87' lang='lat' dir='ltr'><strong>oculis</strong></span> 
     </span>
    </p>
   </div>
   <div class='ocr_carea' id='block_1_92' title="bbox 316 4477 1931 4592">
    <p class='ocr_par' dir='ltr' id='par_1_92' title="bbox 316 4477 1919 4592">
     <span class='ocr_line' id='line_1_92' title="bbox 333 4477 1657 4499; baseline -0.007 -1"><span class='ocrx_word' id='word_1_668' title='bbox 333 4477 460 4482; x_wconf 81' lang='lat'><strong>—&quot;&quot;</strong></span> <span class='ocrx_word' id='word_1_669' title='bbox 520 4477 571 4481; x_wconf 66' lang='grc' dir='ltr'>ν’</span> <span class='ocrx_word' id='word_1_670' title='bbox 631 4477 853 4499; x_wconf 44' lang='grc' dir='ltr'><strong>’ν---νηιννί</strong></span> <span class='ocrx_word' id='word_1_671' title='bbox 1275 4477 1289 4483; x_wconf 90' lang='grc'><strong><em>-</em></strong></span> <span class='ocrx_word' id='word_1_672' title='bbox 1477 4477 1526 4492; x_wconf 81' lang='grc' dir='ltr'><strong>ιι</strong></span> <span class='ocrx_word' id='word_1_673' title='bbox 1649 4477 1657 4492; x_wconf 78' lang='lat'><strong>.</strong></span> 
     </span>
     <span class='ocr_line' id='line_1_93' title="bbox 316 4508 1919 4592; baseline -0.005 -20"><span class='ocrx_word' id='word_1_674' title='bbox 316 4519 526 4592; x_wconf 77' lang='grc' dir='ltr'>Ἰωάννῃ</span> <span class='ocrx_word' id='word_1_675' title='bbox 577 4519 989 4591; x_wconf 87' lang='grc' dir='ltr'>προσέρχονται.</span> <span class='ocrx_word' id='word_1_676' title='bbox 1052 4515 1257 4584; x_wconf 82' lang='grc' dir='ltr'>Φεύγων</span> <span class='ocrx_word' id='word_1_677' title='bbox 1286 4508 1345 4564; x_wconf 70' lang='grc' dir='ltr'><strong>δὲ</strong></span> <span class='ocrx_word' id='word_1_678' title='bbox 1420 4510 1740 4564; x_wconf 81' lang='grc' dir='ltr'>ἁλίσκεταιό</span> <span class='ocrx_word' id='word_1_679' title='bbox 1818 4518 1919 4564; x_wconf 89' lang='grc' dir='ltr'><strong>Βο-</strong></span> 
     </span>
    </p>
   </div>
   <div class='ocr_carea' id='block_1_93' title="bbox 2032 4477 3686 4592">
    <p class='ocr_par' dir='ltr' id='par_1_93' title="bbox 2032 4503 3686 4580">
     <span class='ocr_line' id='line_1_94' title="bbox 2032 4503 3686 4580; baseline -0.003 -14"><span class='ocrx_word' id='word_1_680' title='bbox 2032 4509 2281 4575; x_wconf 73' lang='lat' dir='ltr'><strong>laeditur,</strong></span> <span class='ocrx_word' id='word_1_681' title='bbox 2305 4509 2510 4580; x_wconf 90' lang='lat' dir='ltr'><strong>sicque</strong></span> <span class='ocrx_word' id='word_1_682' title='bbox 2531 4506 2811 4563; x_wconf 91' lang='lat' dir='ltr'><strong>universa</strong></span> <span class='ocrx_word' id='word_1_683' title='bbox 2829 4505 3052 4562; x_wconf 89' lang='lat' dir='ltr'><strong>ditione</strong></span> <span class='ocrx_word' id='word_1_684' title='bbox 3074 4505 3464 4576; x_wconf 91' lang='lat' dir='ltr'><strong>Bulgarorum</strong></span> <span class='ocrx_word' id='word_1_685' title='bbox 3495 4503 3686 4562; x_wconf 90' lang='lat' dir='ltr'><strong>Joan-</strong></span> 
     </span>
    </p>
   </div>
   <div class='ocr_carea' id='block_1_94' title="bbox 317 4601 1920 4682">
    <p class='ocr_par' dir='ltr' id='par_1_94' title="bbox 317 4601 1920 4682">
     <span class='ocr_line' id='line_1_95' title="bbox 317 4601 1920 4682; baseline -0.004 -21"><span class='ocrx_word' id='word_1_686' title='bbox 317 4607 469 4682; x_wconf 86' lang='grc' dir='ltr'>ρίλας</span> <span class='ocrx_word' id='word_1_687' title='bbox 505 4612 596 4660; x_wconf 83' lang='grc' dir='ltr'>καὶ</span> <span class='ocrx_word' id='word_1_688' title='bbox 656 4608 800 4682; x_wconf 83' lang='grc' dir='ltr'>παρὰ</span> <span class='ocrx_word' id='word_1_689' title='bbox 848 4611 943 4657; x_wconf 81' lang='grc' dir='ltr'>τοῦ</span> <span class='ocrx_word' id='word_1_690' title='bbox 994 4601 1230 4657; x_wconf 79' lang='grc' dir='ltr'>Ἰωάννου</span> <span class='ocrx_word' id='word_1_691' title='bbox 1279 4601 1579 4674; x_wconf 75' lang='grc' dir='ltr'>τυφλοῦται,</span> <span class='ocrx_word' id='word_1_692' title='bbox 1629 4605 1718 4653; x_wconf 85' lang='grc' dir='ltr'>καὶ</span> <span class='ocrx_word' id='word_1_693' title='bbox 1758 4601 1920 4663; x_wconf 73' lang='grc' dir='ltr'>οὕτως</span> 
     </span>
    </p>
   </div>
   <div class='ocr_carea' id='block_1_95' title="bbox 2034 4595 3369 4670">
    <p class='ocr_par' dir='ltr' id='par_1_95' title="bbox 2034 4595 3369 4670">
     <span class='ocr_line' id='line_1_96' title="bbox 2034 4595 3369 4670; baseline -0.001 -15"><span class='ocrx_word' id='word_1_694' title='bbox 2034 4616 2140 4655; x_wconf 92' lang='lat' dir='ltr'><strong>nes</strong></span> <span class='ocrx_word' id='word_1_695' title='bbox 2167 4598 2408 4670; x_wconf 79' lang='lat' dir='ltr'><strong>potitur.</strong></span> <span class='ocrx_word' id='word_1_696' title='bbox 2439 4600 2506 4655; x_wconf 91' lang='lat' dir='ltr'><strong>Et</strong></span> <span class='ocrx_word' id='word_1_697' title='bbox 2533 4597 2661 4653; x_wconf 67' lang='lat' dir='ltr'><strong>haec</strong></span> <span class='ocrx_word' id='word_1_698' title='bbox 2684 4595 2935 4669; x_wconf 88' lang='lat' dir='ltr'><strong>quidem</strong></span> <span class='ocrx_word' id='word_1_699' title='bbox 2963 4596 3040 4654; x_wconf 87' lang='lat' dir='ltr'><strong>de</strong></span> <span class='ocrx_word' id='word_1_700' title='bbox 3075 4595 3369 4668; x_wconf 86' lang='lat' dir='ltr'><strong>Bulgaris.</strong></span> 
     </span>
    </p>
   </div>
   <div class='ocr_carea' id='block_1_96' title="bbox 1193 4739 2787 4811">
    <p class='ocr_par' dir='ltr' id='par_1_96' title="bbox 1193 4739 2787 4811">
     <span class='ocr_line' id='line_1_97' title="bbox 1193 4739 2787 4811; baseline -0.003 -1"><span class='ocrx_word' id='word_1_701' title='bbox 1193 4742 1535 4810; x_wconf 90' lang='lat' dir='ltr'><strong>Theodori</strong></span> <span class='ocrx_word' id='word_1_702' title='bbox 1584 4743 1835 4811; x_wconf 57' lang='lat' dir='ltr'><strong>Dousa</strong></span> <span class='ocrx_word' id='word_1_703' title='bbox 1884 4750 1950 4810; x_wconf 89' lang='lat' dir='ltr'><strong>et</strong></span> <span class='ocrx_word' id='word_1_704' title='bbox 1995 4741 2248 4811; x_wconf 90' lang='lat' dir='ltr'><strong>Leonis</strong></span> <span class='ocrx_word' id='word_1_705' title='bbox 2299 4739 2535 4807; x_wconf 87' lang='lat' dir='ltr'><strong>Allatii</strong></span> <span class='ocrx_word' id='word_1_706' title='bbox 2584 4747 2787 4806; x_wconf 60' lang='lat' dir='ltr'><strong>notae.</strong></span> 
     </span>
    </p>
   </div>
   <div class='ocr_carea' id='block_1_97' title="bbox 421 4887 1504 4966">
    <p class='ocr_par' dir='ltr' id='par_1_97' title="bbox 421 4887 1504 4966">
     <span class='ocr_line' id='line_1_98' title="bbox 421 4887 1504 4966; baseline -0.01 -15"><span class='ocrx_word' id='word_1_707' title='bbox 421 4893 511 4966; x_wconf 90' lang='lat'><strong>30)</strong></span> <span class='ocrx_word' id='word_1_708' title='bbox 548 4891 675 4951; x_wconf 78' lang='grc' dir='ltr'>*Ετη</span> <span class='ocrx_word' id='word_1_709' title='bbox 708 4889 794 4951; x_wconf 81' lang='grc' dir='ltr'>ιη’.</span> <span class='ocrx_word' id='word_1_710' title='bbox 830 4891 1139 4966; x_wconf 62' lang='lat' dir='ltr'><strong>Gregoras,</strong></span> <span class='ocrx_word' id='word_1_711' title='bbox 1163 4901 1222 4966; x_wconf 86' lang='lat' dir='ltr'><strong>p_,</strong></span> <span class='ocrx_word' id='word_1_712' title='bbox 1252 4887 1354 4966; x_wconf 68' lang='lat'><strong>24,</strong></span> <span class='ocrx_word' id='word_1_713' title='bbox 1369 4887 1504 4966; x_wconf 81' lang='lat' dir='ltr'><strong>ALL.</strong></span> 
     </span>
    </p>
   </div>
   <div class='ocr_carea' id='block_1_98' title="bbox 396 4896 1929 5039">
    <p class='ocr_par' dir='ltr' id='par_1_98' title="bbox 396 4896 1929 5039">
     <span class='ocr_line' id='line_1_99' title="bbox 421 4896 1504 4966; baseline -0.01 -15"><span class='ocrx_word' id='word_1_714' title='bbox 421 4896 511 4966; x_wconf 90' lang='lat'><strong>30)</strong></span> <span class='ocrx_word' id='word_1_715' title='bbox 548 4896 675 4951; x_wconf 85' lang='grc' dir='ltr'>Ἐτη</span> <span class='ocrx_word' id='word_1_716' title='bbox 708 4896 794 4951; x_wconf 84' lang='lat' dir='ltr'><strong>m&#39;.</strong></span> <span class='ocrx_word' id='word_1_717' title='bbox 830 4896 1139 4959; x_wconf 87' lang='lat' dir='ltr'><strong>Gregoras,</strong></span> <span class='ocrx_word' id='word_1_718' title='bbox 1163 4901 1222 4959; x_wconf 91' lang='lat' dir='ltr'><strong>p,</strong></span> <span class='ocrx_word' id='word_1_719' title='bbox 1252 4896 1343 4957; x_wconf 88' lang='lat'><strong>24,</strong></span> <span class='ocrx_word' id='word_1_720' title='bbox 1369 4896 1504 4941; x_wconf 84' lang='lat' dir='ltr'><strong>ALL.</strong></span> 
     </span>
     <span class='ocr_line' id='line_1_100' title="bbox 396 4896 1929 5039; baseline -0.007 -17"><span class='ocrx_word' id='word_1_721' title='bbox 396 4896 510 5039; x_wconf 72' lang='grc'>(31)</span> <span class='ocrx_word' id='word_1_722' title='bbox 549 4969 677 5038; x_wconf 88' lang='grc' dir='ltr'>Περὶ</span> <span class='ocrx_word' id='word_1_723' title='bbox 706 4967 797 5026; x_wconf 80' lang='grc' dir='ltr'>τὰς</span> <span class='ocrx_word' id='word_1_724' title='bbox 817 4963 996 5036; x_wconf 88' lang='grc' dir='ltr'>μάχας</span> <span class='ocrx_word' id='word_1_725' title='bbox 1035 4956 1154 5023; x_wconf 85' lang='grc' dir='ltr'><strong>ὀξὺς</strong></span> <span class='ocrx_word' id='word_1_726' title='bbox 1188 4960 1356 5031; x_wconf 83' lang='grc' dir='ltr'>θυμοῦ</span> <span class='ocrx_word' id='word_1_727' title='bbox 1385 4975 1460 5012; x_wconf 86' lang='grc' dir='ltr'><strong>τε.</strong></span> <span class='ocrx_word' id='word_1_728' title='bbox 1492 4958 1784 5028; x_wconf 87' lang='lat' dir='ltr'><strong>Gregoras</strong></span> <span class='ocrx_word' id='word_1_729' title='bbox 1820 4955 1929 5013; x_wconf 86' lang='lat' dir='ltr'><strong>lib.</strong></span> 
     </span>
    </p>
   </div>
   <div class='ocr_carea' id='block_1_99' title="bbox 319 5041 752 5096">
    <p class='ocr_par' dir='ltr' id='par_1_99' title="bbox 319 5041 752 5096">
     <span class='ocr_line' id='line_1_101' title="bbox 319 5041 752 5096; baseline -0.014 0"><span class='ocrx_word' id='word_1_730' title='bbox 319 5054 386 5096; x_wconf 81' lang='grc' dir='ltr'><strong>ιι.</strong></span> <span class='ocrx_word' id='word_1_731' title='bbox 408 5053 469 5096; x_wconf 87' lang='lat' dir='ltr'><strong>D.</strong></span> <span class='ocrx_word' id='word_1_732' title='bbox 494 5041 584 5094; x_wconf 86' lang='lat'><strong>24.</strong></span> <span class='ocrx_word' id='word_1_733' title='bbox 617 5043 752 5092; x_wconf 88' lang='lat' dir='ltr'><strong>ALL.</strong></span> 
     </span>
    </p>
   </div>
   <div class='ocr_carea' id='block_1_100' title="bbox 369 5053 1937 5181">
    <p class='ocr_par' dir='ltr' id='par_1_100' title="bbox 369 5053 1937 5181">
     <span class='ocr_line' id='line_1_102' title="bbox 369 5053 1937 5181; baseline -0.007 -16"><span class='ocrx_word' id='word_1_734' title='bbox 369 5053 796 5181; x_wconf 47' lang='grc' dir='ltr'><strong>’(ἓξῗῗθῒῗζόθ</strong></span> <span class='ocrx_word' id='word_1_735' title='bbox 816 5098 1818 5181; x_wconf 63' lang='lat' dir='ltr'><strong>patr_iar(_‘._l_1is,_Manuele,lliaximoz</strong></span> <span class='ocrx_word' id='word_1_736' title='bbox 1841 5098 1937 5156; x_wconf 86' lang='lat' dir='ltr'><strong>Mi—</strong></span> 
     </span>
    </p>
   </div>
   <div class='ocr_carea' id='block_1_101' title="bbox 320 5170 1936 5248">
    <p class='ocr_par' dir='ltr' id='par_1_101' title="bbox 320 5170 1936 5248">
     <span class='ocr_line' id='line_1_103' title="bbox 320 5170 1936 5248; baseline -0.007 -10"><span class='ocrx_word' id='word_1_737' title='bbox 320 5170 552 5248; x_wconf 73' lang='lat' dir='ltr'><strong>chaele,</strong></span> <span class='ocrx_word' id='word_1_738' title='bbox 570 5170 900 5244; x_wconf 74' lang='lat' dir='ltr'><strong>Theodoro,</strong></span> <span class='ocrx_word' id='word_1_739' title='bbox 925 5173 1144 5248; x_wconf 76' lang='lat' dir='ltr'><strong>Cpolita</strong></span> <span class='ocrx_word' id='word_1_740' title='bbox 1155 5170 1265 5244; x_wconf 85' lang='lat' dir='ltr'><strong>nis,</strong></span> <span class='ocrx_word' id='word_1_741' title='bbox 1282 5172 1492 5228; x_wconf 62' lang='lat' dir='ltr'><strong>Nicaeae</strong></span> <span class='ocrx_word' id='word_1_742' title='bbox 1509 5175 1702 5248; x_wconf 82' lang='lat' dir='ltr'><strong>tamen</strong></span> <span class='ocrx_word' id='word_1_743' title='bbox 1717 5170 1936 5226; x_wconf 90' lang='lat' dir='ltr'><strong>seden-</strong></span> 
     </span>
    </p>
   </div>
   <div class='ocr_carea' id='block_1_102' title="bbox 321 5243 1940 5317">
    <p class='ocr_par' dir='ltr' id='par_1_102' title="bbox 321 5243 1940 5317">
     <span class='ocr_line' id='line_1_104' title="bbox 321 5243 1940 5317; baseline -0.008 -7"><span class='ocrx_word' id='word_1_744' title='bbox 321 5251 508 5317; x_wconf 84' lang='lat' dir='ltr'><strong>tibus,</strong></span> <span class='ocrx_word' id='word_1_745' title='bbox 524 5243 785 5306; x_wconf 88' lang='lat' dir='ltr'><strong>diximus</strong></span> <span class='ocrx_word' id='word_1_746' title='bbox 806 5243 1099 5304; x_wconf 56' lang='lat' dir='ltr'><strong>nonn&#39;ulla</strong></span> <span class='ocrx_word' id='word_1_747' title='bbox 1129 5245 1190 5299; x_wconf 91' lang='lat' dir='ltr'><strong>in</strong></span> <span class='ocrx_word' id='word_1_748' title='bbox 1213 5243 1393 5317; x_wconf 90' lang='lat' dir='ltr'><strong>opere</strong></span> <span class='ocrx_word' id='word_1_749' title='bbox 1413 5243 1704 5317; x_wconf 79' lang='lat' dir='ltr'><strong>nostrode</strong></span> <span class='ocrx_word' id='word_1_750' title='bbox 1730 5256 1940 5317; x_wconf 80' lang='lat' dir='ltr'><strong>perpe-</strong></span> 
     </span>
    </p>
   </div>
   <div class='ocr_carea' id='block_1_103' title="bbox 323 5258 1936 5395">
    <p class='ocr_par' dir='ltr' id='par_1_103' title="bbox 323 5258 1936 5395">
     <span class='ocr_line' id='line_1_105' title="bbox 323 5258 1936 5370; baseline -0.008 -60"><span class='ocrx_word' id='word_1_751' title='bbox 323 5258 508 5317; x_wconf 83' lang='lat' dir='ltr'><strong>tibus,</strong></span> <span class='ocrx_word' id='word_1_752' title='bbox 524 5258 785 5306; x_wconf 85' lang='lat' dir='ltr'><strong>diximus</strong></span> <span class='ocrx_word' id='word_1_753' title='bbox 806 5258 1099 5304; x_wconf 83' lang='lat' dir='ltr'><strong>nonnulla</strong></span> <span class='ocrx_word' id='word_1_754' title='bbox 1129 5259 1190 5299; x_wconf 90' lang='lat' dir='ltr'><strong>1n</strong></span> <span class='ocrx_word' id='word_1_755' title='bbox 1213 5258 1393 5370; x_wconf 41' lang='lat' dir='ltr'><strong>ogere</strong></span> <span class='ocrx_word' id='word_1_756' title='bbox 1413 5258 1617 5298; x_wconf 83' lang='lat' dir='ltr'><strong>nostro</strong></span> <span class='ocrx_word' id='word_1_757' title='bbox 1630 5258 1704 5298; x_wconf 82' lang='lat' dir='ltr'><strong>de</strong></span> <span class='ocrx_word' id='word_1_758' title='bbox 1730 5258 1936 5368; x_wconf 56' lang='lat' dir='ltr'><strong>perre-</strong></span> 
     </span>
     <span class='ocr_line' id='line_1_106' title="bbox 323 5313 1936 5395; baseline -0.007 -16"><span class='ocrx_word' id='word_1_759' title='bbox 323 5329 434 5380; x_wconf 88' lang='lat' dir='ltr'><strong>tua</strong></span> <span class='ocrx_word' id='word_1_760' title='bbox 461 5322 770 5395; x_wconf 85' lang='lat' dir='ltr'><strong>utriusque</strong></span> <span class='ocrx_word' id='word_1_761' title='bbox 784 5318 1075 5395; x_wconf 61' lang='lat' dir='ltr'><strong>Ecclesiae,</strong></span> <span class='ocrx_word' id='word_1_762' title='bbox 1092 5315 1227 5395; x_wconf 27' lang='lat' dir='ltr'><strong>O‘cci</strong></span> <span class='ocrx_word' id='word_1_763' title='bbox 1276 5314 1488 5395; x_wconf 85' lang='lat' dir='ltr'><strong>entalis</strong></span> <span class='ocrx_word' id='word_1_764' title='bbox 1511 5314 1838 5395; x_wconf 39' lang='lat' dir='ltr'><strong>IetHOrienta</strong></span> <span class='ocrx_word' id='word_1_765' title='bbox 1864 5313 1936 5379; x_wconf 90' lang='lat' dir='ltr'><strong>is,</strong></span> 
     </span>
    </p>
   </div>
   <div class='ocr_carea' id='block_1_104' title="bbox 324 5385 1878 5464">
    <p class='ocr_par' dir='ltr' id='par_1_104' title="bbox 324 5385 1878 5464">
     <span class='ocr_line' id='line_1_107' title="bbox 324 5385 1878 5464; baseline -0.008 -13"><span class='ocrx_word' id='word_1_766' title='bbox 324 5385 751 5462; x_wconf 78' lang='lat' dir='ltr'><strong>consensione,</strong></span> <span class='ocrx_word' id='word_1_767' title='bbox 784 5408 857 5448; x_wconf 88' lang='lat' dir='ltr'><strong>ex</strong></span> <span class='ocrx_word' id='word_1_768' title='bbox 885 5405 1007 5464; x_wconf 91' lang='lat' dir='ltr'><strong>quo</strong></span> <span class='ocrx_word' id='word_1_769' title='bbox 1035 5387 1220 5464; x_wconf 88' lang='lat' dir='ltr'><strong>l_e_ctor</strong></span> <span class='ocrx_word' id='word_1_770' title='bbox 1251 5390 1431 5464; x_wconf 79' lang='lat' dir='ltr'><strong>petat,</strong></span> <span class='ocrx_word' id='word_1_771' title='bbox 1456 5386 1526 5464; x_wconf 88' lang='lat' dir='ltr'><strong>_si</strong></span> <span class='ocrx_word' id='word_1_772' title='bbox 1553 5385 1715 5441; x_wconf 92' lang='lat' dir='ltr'><strong>libet.</strong></span> <span class='ocrx_word' id='word_1_773' title='bbox 1746 5389 1878 5464; x_wconf 79' lang='lat' dir='ltr'><strong>ALL.</strong></span> 
     </span>
    </p>
   </div>
   <div class='ocr_carea' id='block_1_105' title="bbox 401 5457 1942 5536">
    <p class='ocr_par' dir='ltr' id='par_1_105' title="bbox 401 5457 1942 5536">
     <span class='ocr_line' id='line_1_108' title="bbox 401 5457 1942 5536; baseline -0.011 -13"><span class='ocrx_word' id='word_1_774' title='bbox 401 5466 516 5536; x_wconf 87' lang='lat'><strong>(33)</strong></span> <span class='ocrx_word' id='word_1_775' title='bbox 554 5457 759 5525; x_wconf 66' lang='grc' dir='ltr'>Κωπᾱςζ</span> <span class='ocrx_word' id='word_1_776' title='bbox 813 5468 877 5520; x_wconf 94' lang='lat' dir='ltr'><strong>ln</strong></span> <span class='ocrx_word' id='word_1_777' title='bbox 904 5457 1142 5518; x_wconf 54' lang='lat' dir='ltr'><strong>&quot;Notitia</strong></span> <span class='ocrx_word' id='word_1_778' title='bbox 1197 5457 1677 5531; x_wconf 84' lang='lat' dir='ltr'><strong>patriarcharum</strong></span> <span class='ocrx_word' id='word_1_779' title='bbox 1731 5461 1942 5516; x_wconf 85' lang='grc' dir='ltr'>Κουπᾶς</span> 
     </span>
    </p>
   </div>
   <div class='ocr_carea' id='block_1_106' title="bbox 327 5536 823 5595">
    <p class='ocr_par' dir='ltr' id='par_1_106' title="bbox 327 5536 823 5595">
     <span class='ocr_line' id='line_1_109' title="bbox 327 5536 823 5595; baseline -0.008 -1"><span class='ocrx_word' id='word_1_780' title='bbox 327 5536 568 5595; x_wconf 90' lang='lat' dir='ltr'><strong>dicitur.</strong></span> <span class='ocrx_word' id='word_1_781' title='bbox 601 5537 796 5594; x_wconf 61' lang='lat' dir='ltr'><strong>Dousa</strong></span> <span class='ocrx_word' id='word_1_782' title='bbox 810 5577 823 5590; x_wconf 94' lang='lat'><strong>.</strong></span> 
     </span>
    </p>
   </div>
   <div class='ocr_carea' id='block_1_107' title="bbox 404 5599 1946 5682">
    <p class='ocr_par' dir='ltr' id='par_1_107' title="bbox 404 5599 1946 5682">
     <span class='ocr_line' id='line_1_110' title="bbox 404 5599 1946 5682; baseline -0.008 -17"><span class='ocrx_word' id='word_1_783' title='bbox 404 5609 520 5682; x_wconf 75' lang='lat'><strong>(34)</strong></span> <span class='ocrx_word' id='word_1_784' title='bbox 571 5615 694 5682; x_wconf 72' lang='grc' dir='ltr'>Μετ’</span> <span class='ocrx_word' id='word_1_785' title='bbox 732 5605 996 5682; x_wconf 70' lang='grc' dir='ltr'>ἐνιαυτούς</span> <span class='ocrx_word' id='word_1_786' title='bbox 1061 5601 1140 5664; x_wconf 81' lang='grc' dir='ltr'><strong>ἔξ.</strong></span> <span class='ocrx_word' id='word_1_787' title='bbox 1200 5600 1414 5682; x_wconf 62' lang='grc' dir='ltr'>Νοιὶῐὶει</span> <span class='ocrx_word' id='word_1_788' title='bbox 1465 5599 1946 5682; x_wconf 72' lang='lat' dir='ltr'><strong>patriarcharum</strong></span> 
     </span>
    </p>
   </div>
   <div class='ocr_carea' id='block_1_108' title="bbox 326 5672 1943 5741">
    <p class='ocr_par' dir='ltr' id='par_1_108' title="bbox 326 5672 1943 5741">
     <span class='ocr_line' id='line_1_111' title="bbox 326 5672 1943 5741; baseline -0.011 0"><span class='ocrx_word' id='word_1_789' title='bbox 326 5672 513 5741; x_wconf 72' lang='lat' dir='ltr'><strong>tradit</strong></span> <span class='ocrx_word' id='word_1_790' title='bbox 524 5680 1007 5740; x_wconf 84' lang='lat' dir='ltr'><strong>vixisse-tantum</strong></span> <span class='ocrx_word' id='word_1_791' title='bbox 1037 5688 1179 5730; x_wconf 89' lang='lat' dir='ltr'><strong>ann.</strong></span> <span class='ocrx_word' id='word_1_792' title='bbox 1199 5677 1220 5730; x_wconf 91' lang='grc'><strong>1</strong></span> <span class='ocrx_word' id='word_1_793' title='bbox 1252 5687 1445 5730; x_wconf 87' lang='lat' dir='ltr'><strong>mens.</strong></span> <span class='ocrx_word' id='word_1_794' title='bbox 1467 5672 1502 5730; x_wconf 73' lang='lat'><strong>4</strong></span> <span class='ocrx_word' id='word_1_795' title='bbox 1523 5672 1650 5729; x_wconf 90' lang='lat' dir='ltr'><strong>dies</strong></span> <span class='ocrx_word' id='word_1_796' title='bbox 1673 5674 1943 5731; x_wconf 61' lang='lat' dir='ltr'><strong>5.Dousa.</strong></span> 
     </span>
    </p>
   </div>
   <div class='ocr_carea' id='block_1_109' title="bbox 619 5745 1183 5810">
    <p class='ocr_par' dir='ltr' id='par_1_109' title="bbox 619 5745 1183 5810">
     <span class='ocr_line' id='line_1_112' title="bbox 619 5745 1183 5810; baseline -0.011 0"><span class='ocrx_word' id='word_1_797' title='bbox 619 5755 867 5810; x_wconf 79' lang='lat' dir='ltr'><strong>PATROL.</strong></span> <span class='ocrx_word' id='word_1_798' title='bbox 899 5750 1001 5805; x_wconf 74' lang='lat' dir='ltr'><strong>Gn.</strong></span> <span class='ocrx_word' id='word_1_799' title='bbox 1029 5745 1183 5804; x_wconf 82' lang='lat' dir='ltr'><strong>CXL.</strong></span> 
     </span>
    </p>
   </div>
   <div class='ocr_carea' id='block_1_110' title="bbox 2107 4879 3688 4954">
    <p class='ocr_par' dir='ltr' id='par_1_110' title="bbox 2107 4879 3688 4954">
     <span class='ocr_line' id='line_1_113' title="bbox 2107 4879 3688 4954; baseline -0.004 -14"><span class='ocrx_word' id='word_1_800' title='bbox 2107 4884 2220 4954; x_wconf 82' lang='lat'><strong>(35)</strong></span> <span class='ocrx_word' id='word_1_801' title='bbox 2249 4883 2489 4954; x_wconf 79' lang='grc' dir='ltr'>Μάξιμος</span> <span class='ocrx_word' id='word_1_802' title='bbox 2549 4884 2804 4952; x_wconf 85' lang='grc' dir='ltr'>μοναχός.</span> <span class='ocrx_word' id='word_1_803' title='bbox 2868 4879 2970 4936; x_wconf 87' lang='lat' dir='ltr'><strong>Hic</strong></span> <span class='ocrx_word' id='word_1_804' title='bbox 3016 4881 3502 4954; x_wconf 13' lang='lat' dir='ltr'><strong>anteaﬂpraaerat</strong></span> <span class='ocrx_word' id='word_1_805' title='bbox 3540 4892 3688 4954; x_wconf 78' lang='lat' dir='ltr'><strong>mo-</strong></span> 
     </span>
    </p>
   </div>
   <div class='ocr_carea' id='block_1_111' title="bbox 2045 4949 3701 5026">
    <p class='ocr_par' dir='ltr' id='par_1_111' title="bbox 2045 4949 3701 5026">
     <span class='ocr_line' id='line_1_114' title="bbox 2045 4949 3701 5026; baseline -0.004 -15"><span class='ocrx_word' id='word_1_806' title='bbox 2045 4949 2306 5012; x_wconf 86' lang='lat' dir='ltr'><strong>nasterio</strong></span> <span class='ocrx_word' id='word_1_807' title='bbox 2332 4949 2430 5006; x_wconf 72' lang='grc' dir='ltr'>τᾱὶν</span> <span class='ocrx_word' id='word_1_808' title='bbox 2459 4949 2807 5026; x_wconf 40' lang='lat' dir='ltr'><strong>amttam,</strong></span> <span class='ocrx_word' id='word_1_809' title='bbox 2839 4955 2906 5007; x_wconf 88' lang='lat' dir='ltr'><strong>ut</strong></span> <span class='ocrx_word' id='word_1_810' title='bbox 2951 4954 3040 5008; x_wconf 87' lang='lat' dir='ltr'><strong>est</strong></span> <span class='ocrx_word' id='word_1_811' title='bbox 3085 4950 3146 5006; x_wconf 91' lang='lat' dir='ltr'><strong>in</strong></span> <span class='ocrx_word' id='word_1_812' title='bbox 3189 4949 3406 5007; x_wconf 87' lang='lat' dir='ltr'><strong>Notitia</strong></span> <span class='ocrx_word' id='word_1_813' title='bbox 3446 4949 3701 5022; x_wconf 87' lang='lat' dir='ltr'><strong>patriar-</strong></span> 
     </span>
    </p>
   </div>
   <div class='ocr_carea' id='block_1_112' title="bbox 2043 5028 2568 5084">
    <p class='ocr_par' dir='ltr' id='par_1_112' title="bbox 2043 5028 2568 5084">
     <span class='ocr_line' id='line_1_115' title="bbox 2043 5028 2568 5084; baseline -0.006 0"><span class='ocrx_word' id='word_1_814' title='bbox 2043 5028 2316 5084; x_wconf 90' lang='lat' dir='ltr'><strong>charum.</strong></span> <span class='ocrx_word' id='word_1_815' title='bbox 2353 5029 2568 5082; x_wconf 85' lang='lat' dir='ltr'><strong>DOUSA.</strong></span> 
     </span>
    </p>
   </div>
   <div class='ocr_carea' id='block_1_113' title="bbox 2118 5089 3704 5170">
    <p class='ocr_par' dir='ltr' id='par_1_113' title="bbox 2118 5089 3704 5170">
     <span class='ocr_line' id='line_1_116' title="bbox 2118 5089 3704 5170; baseline -0.004 -16"><span class='ocrx_word' id='word_1_816' title='bbox 2118 5099 2228 5170; x_wconf 89' lang='lat'><strong>(36)</strong></span> <span class='ocrx_word' id='word_1_817' title='bbox 2282 5105 2463 5159; x_wconf 86' lang='grc' dir='ltr'>Μῆνας</span> <span class='ocrx_word' id='word_1_818' title='bbox 2540 5095 2614 5159; x_wconf 83' lang='grc' dir='ltr'><strong>ἐξ.</strong></span> <span class='ocrx_word' id='word_1_819' title='bbox 2685 5093 2902 5152; x_wconf 88' lang='lat' dir='ltr'><strong>Notitia</strong></span> <span class='ocrx_word' id='word_1_820' title='bbox 2982 5090 3465 5166; x_wconf 87' lang='lat' dir='ltr'><strong>patriarcharum</strong></span> <span class='ocrx_word' id='word_1_821' title='bbox 3520 5089 3704 5150; x_wconf 85' lang='lat' dir='ltr'><strong>tradit</strong></span> 
     </span>
    </p>
   </div>
   <div class='ocr_carea' id='block_1_114' title="bbox 2046 5173 2642 5227">
    <p class='ocr_par' dir='ltr' id='par_1_114' title="bbox 2046 5173 2642 5227">
     <span class='ocr_line' id='line_1_117' title="bbox 2046 5173 2642 5227; baseline -0.003 0"><span class='ocrx_word' id='word_1_822' title='bbox 2046 5185 2286 5227; x_wconf 89' lang='lat' dir='ltr'><strong>menses</strong></span> <span class='ocrx_word' id='word_1_823' title='bbox 2329 5174 2386 5227; x_wconf 91' lang='lat'><strong>8.</strong></span> <span class='ocrx_word' id='word_1_824' title='bbox 2426 5173 2642 5225; x_wconf 84' lang='lat' dir='ltr'><strong>DOUSA.</strong></span> 
     </span>
    </p>
   </div>
   <div class='ocr_carea' id='block_1_115' title="bbox 2121 5232 3706 5312">
    <p class='ocr_par' dir='ltr' id='par_1_115' title="bbox 2121 5232 3706 5312">
     <span class='ocr_line' id='line_1_118' title="bbox 2121 5232 3706 5312; baseline -0.004 -15"><span class='ocrx_word' id='word_1_825' title='bbox 2121 5243 2236 5312; x_wconf 88' lang='lat'><strong>(37)</strong></span> <span class='ocrx_word' id='word_1_826' title='bbox 2273 5241 2332 5294; x_wconf 84' lang='grc' dir='ltr'>Ὁ</span> <span class='ocrx_word' id='word_1_827' title='bbox 2377 5239 2657 5312; x_wconf 60' lang='grc' dir='ltr'>Μανουὴλ.</span> <span class='ocrx_word' id='word_1_828' title='bbox 2699 5238 2801 5293; x_wconf 88' lang='lat' dir='ltr'><strong>Hic</strong></span> <span class='ocrx_word' id='word_1_829' title='bbox 2858 5240 2949 5312; x_wconf 90' lang='lat' dir='ltr'><strong>es_t</strong></span> <span class='ocrx_word' id='word_1_830' title='bbox 2996 5232 3229 5292; x_wconf 87' lang='lat' dir='ltr'><strong>Manuel</strong></span> <span class='ocrx_word' id='word_1_831' title='bbox 3281 5233 3706 5310; x_wconf 86' lang='lat' dir='ltr'><strong>Charitopulus</strong></span> 
     </span>
    </p>
   </div>
   <div class='ocr_carea' id='block_1_116' title="bbox 2048 5309 3120 5371">
    <p class='ocr_par' dir='ltr' id='par_1_116' title="bbox 2048 5309 3120 5371">
     <span class='ocr_line' id='line_1_119' title="bbox 2048 5309 3120 5371; baseline -0.009 0"><span class='ocrx_word' id='word_1_832' title='bbox 2048 5314 2112 5371; x_wconf 92' lang='lat' dir='ltr'><strong>in</strong></span> <span class='ocrx_word' id='word_1_833' title='bbox 2133 5309 2354 5370; x_wconf 44' lang='lat' dir='ltr'><strong>&#39;Notitia</strong></span> <span class='ocrx_word' id='word_1_834' title='bbox 2381 5310 2877 5371; x_wconf 79' lang='lat' dir='ltr'><strong>patriarcharum.</strong></span> <span class='ocrx_word' id='word_1_835' title='bbox 2912 5309 3120 5363; x_wconf 81' lang='lat' dir='ltr'><strong>DOUSA.</strong></span> 
     </span>
    </p>
   </div>
   <div class='ocr_carea' id='block_1_117' title="bbox 2121 5377 3710 5460">
    <p class='ocr_par' dir='ltr' id='par_1_117' title="bbox 2121 5377 3710 5460">
     <span class='ocr_line' id='line_1_120' title="bbox 2121 5377 3710 5460; baseline -0.004 -19"><span class='ocrx_word' id='word_1_836' title='bbox 2121 5384 2237 5456; x_wconf 93' lang='lat'><strong>(38)</strong></span> <span class='ocrx_word' id='word_1_837' title='bbox 2268 5377 2662 5460; x_wconf 47' lang='lat' dir='ltr'><strong>Bopi)oz._DiXit</strong></span> <span class='ocrx_word' id='word_1_838' title='bbox 2709 5396 2900 5460; x_wconf 82' lang='lat' dir='ltr'><strong>supra</strong></span> <span class='ocrx_word' id='word_1_839' title='bbox 2930 5382 2998 5435; x_wconf 89' lang='lat' dir='ltr'><strong>ut</strong></span> <span class='ocrx_word' id='word_1_840' title='bbox 3050 5379 3434 5450; x_wconf 87' lang='lat' dir='ltr'><strong>occupaverit</strong></span> <span class='ocrx_word' id='word_1_841' title='bbox 3496 5377 3710 5449; x_wconf 78' lang='lat' dir='ltr'><strong>Bulga-</strong></span> 
     </span>
    </p>
   </div>
   <div class='ocr_carea' id='block_1_118' title="bbox 2051 5454 3011 5521">
    <p class='ocr_par' dir='ltr' id='par_1_118' title="bbox 2051 5454 3011 5521">
     <span class='ocr_line' id='line_1_121' title="bbox 2051 5454 3011 5521; baseline -0.007 -9"><span class='ocrx_word' id='word_1_842' title='bbox 2051 5454 2259 5512; x_wconf 87' lang='lat' dir='ltr'><strong>rorum</strong></span> <span class='ocrx_word' id='word_1_843' title='bbox 2294 5454 2636 5521; x_wconf 85' lang='lat' dir='ltr'><strong>imperium,</strong></span> <span class='ocrx_word' id='word_1_844' title='bbox 2668 5470 2718 5509; x_wconf 91' lang='lat' dir='ltr'><strong>c.</strong></span> <span class='ocrx_word' id='word_1_845' title='bbox 2750 5454 2838 5508; x_wconf 89' lang='grc'><strong>13.</strong></span> <span class='ocrx_word' id='word_1_846' title='bbox 2872 5455 3011 5506; x_wconf 87' lang='lat' dir='ltr'><strong>ALL.</strong></span> 
     </span>
    </p>
   </div>
   <div class='ocr_carea' id='block_1_119' title="bbox 2128 5519 3708 5655">
    <p class='ocr_par' dir='ltr' id='par_1_119' title="bbox 2128 5519 3708 5655">
     <span class='ocr_line' id='line_1_122' title="bbox 2128 5519 3708 5655; baseline -0.002 -71"><span class='ocrx_word' id='word_1_847' title='bbox 2128 5528 2239 5655; x_wconf 64' lang='grc'>(39)</span> <span class='ocrx_word' id='word_1_848' title='bbox 2277 5531 2356 5584; x_wconf 90' lang='lat' dir='ltr'><strong>De</strong></span> <span class='ocrx_word' id='word_1_849' title='bbox 2378 5519 2524 5598; x_wconf 79' lang='lat' dir='ltr'><strong>fuga</strong></span> <span class='ocrx_word' id='word_1_850' title='bbox 2546 5519 2792 5582; x_wconf 87' lang='lat' dir='ltr'><strong>Joannis</strong></span> <span class='ocrx_word' id='word_1_851' title='bbox 2822 5521 3012 5581; x_wconf 86' lang='lat' dir='ltr'><strong>Asani</strong></span> <span class='ocrx_word' id='word_1_852' title='bbox 3037 5519 3145 5578; x_wconf 87' lang='lat' dir='ltr'><strong>ﬁlii</strong></span> <span class='ocrx_word' id='word_1_853' title='bbox 3173 5537 3361 5596; x_wconf 84' lang='lat' dir='ltr'><strong>supra</strong></span> <span class='ocrx_word' id='word_1_854' title='bbox 3381 5521 3505 5595; x_wconf 83' lang='lat' dir='ltr'><strong>agit</strong></span> <span class='ocrx_word' id='word_1_855' title='bbox 3523 5522 3708 5581; x_wconf 83' lang='lat' dir='ltr'><strong>Acro-</strong></span> 
     </span>
     <span class='ocr_line' id='line_1_123' title="bbox 2128 5599 2802 5655; baseline -0.001 -5"><span class='ocrx_word' id='word_1_856' title='bbox 2128 5604 2242 5655; x_wconf 63' lang='grc' dir='ltr'><strong>μηδ,</strong></span> <span class='ocrx_word' id='word_1_857' title='bbox 2272 5616 2323 5655; x_wconf 93' lang='lat' dir='ltr'><strong>c.</strong></span> <span class='ocrx_word' id='word_1_858' title='bbox 2361 5603 2424 5655; x_wconf 85' lang='grc'>12</span> <span class='ocrx_word' id='word_1_859' title='bbox 2455 5603 2512 5655; x_wconf 88' lang='lat' dir='ltr'><strong>et</strong></span> <span class='ocrx_word' id='word_1_860' title='bbox 2548 5601 2632 5655; x_wconf 89' lang='grc'><strong>13.</strong></span> <span class='ocrx_word' id='word_1_861' title='bbox 2664 5599 2802 5652; x_wconf 89' lang='lat' dir='ltr'><strong>ALL.</strong></span> 
     </span>
    </p>
   </div>
   <div class='ocr_carea' id='block_1_120' title="bbox 2053 5599 2802 5672">
    <p class='ocr_par' dir='ltr' id='par_1_120' title="bbox 2053 5599 2802 5672">
     <span class='ocr_line' id='line_1_124' title="bbox 2053 5599 2802 5672; baseline -0.009 -16"><span class='ocrx_word' id='word_1_862' title='bbox 2053 5599 2242 5672; x_wconf 88' lang='lat' dir='ltr'><strong>polita</strong></span> <span class='ocrx_word' id='word_1_863' title='bbox 2272 5616 2323 5657; x_wconf 93' lang='lat' dir='ltr'><strong>c.</strong></span> <span class='ocrx_word' id='word_1_864' title='bbox 2361 5603 2424 5656; x_wconf 87' lang='grc'>12</span> <span class='ocrx_word' id='word_1_865' title='bbox 2455 5603 2512 5656; x_wconf 89' lang='lat' dir='ltr'><strong>et</strong></span> <span class='ocrx_word' id='word_1_866' title='bbox 2548 5601 2632 5655; x_wconf 88' lang='grc'><strong>13.</strong></span> <span class='ocrx_word' id='word_1_867' title='bbox 2664 5599 2802 5652; x_wconf 88' lang='lat' dir='ltr'><strong>ALL.</strong></span> 
     </span>
    </p>
   </div>
   <div class='ocr_carea' id='block_1_121' title="bbox 3375 5731 3443 5788">
    <p class='ocr_par' dir='ltr' id='par_1_121' title="bbox 3375 5731 3443 5788">
     <span class='ocr_line' id='line_1_125' title="bbox 3375 5731 3443 5788; baseline -0.015 0"><span class='ocrx_word' id='word_1_868' title='bbox 3375 5731 3443 5788; x_wconf 82' lang='lat'><strong>33</strong></span> 
     </span>
    </p>
   </div>
  </div>
