4152 6392
272 394 402 450 1041

1777 379 2121 437 ANNALES.

3516 383 3656 441 1042

282 517 648 576 Ελλήσποντον
676 513 871 572 ταύτας
917 511 1137 569 ἔστησεν
1186 507 1236 561 ἓν
1265 509 1407 579 τόπῳ
1453 504 1508 568 ὃς
1543 503 1726 566 Ὀλκός
1773 503 2081 578 ὀνομάζεται
2107 504 2174 572 9⁵,
2209 507 2298 556 καὶ
2341 499 2402 561 ἦν
2449 501 2615 556 πολλά
2657 507 2900 576 παρέχων
2950 503 3122 566 αὐτοῖς
3168 505 3472 580 πράγματα,
3515 507 3654 560 κατὰ

269 604 424 661 δύσιν
456 607 754 680 ὁρμώμενος
782 605 874 654 καὶ
905 600 1044 653 λείαν
1087 601 1155 651 τὰ
1201 597 1402 650 ἐκείνων
1432 597 1752 668 ποιούμενος,
1784 596 1990 670 πορθῶν
2017 612 2073 647 τε
2101 596 2160 647 τό
2189 601 2288 647 τῶν
2319 589 2572 647 Μαδύτυν
2603 594 2739 646 ἄστυ
2777 598 2867 646 καὶ
2907 597 3001 654 τὴν
3048 594 3420 649 Καλλιούπολιν
3450 601 3541 650 καὶ
3578 597 3648 651 τὰ

273 693 628 772 παραιγιάλια
657 693 821 745 τάντα
847 697 958 752 τοῖς
984 687 1201 750 Ἰταλοῖς
1228 688 1464 760 ὑπόφορα
1493 688 1633 741 ὄντα.

343 769 445 857 κγ’.
476 785 565 837 Ἐν
609 784 846 834 τουτοισὶ
887 776 946 832 δὲ
998 781 1138 839 ὄντος
1182 783 1276 830 τοῦ
1317 773 1572 856 βασιλέως
1621 773 1874 838 Ἰωάννου,

2064 775 2151 828 23.
2199 773 2346 828 Cum
2392 770 2520 827 haec
2562 773 2764 840 ageret
2809 772 3135 844 imperator
3186 774 3468 845 Joannes,
3500 775 3649 832 acri-

275 878 364 927 καὶ
418 873 654 949 ἀκρατῶς
708 873 1013 944 μαχομένου
1068 874 1174 928 τοῖς
1225 865 1440 928 Ἰταλοῖς
1477 866 1610 917 κατά
1655 882 1709 916 τε
1760 866 1883 936 χέρ-

281 982 372 1016 σον
416 967 507 1015 καὶ
556 961 845 1026 θάλασσαν,
895 963 1234 1031 σκευωρεῖται
1289 957 1453 1027 τούτῳ
1508 952 1773 1012 ἐπιϐουλή.
1824 949 1881 1004 Ὀ

281 1047 342 1104 δὲ
381 1053 574 1110 ταύτην
619 1049 1012 1121 συστησάμενος
1040 1041 1463 1122 πρωτεξάδελφος
1493 1040 1554 1102 ἦν
1584 1049 1676 1095 τοῦ
1715 1041 1882 1114 βασι-

279 1138 399 1201 λέως
453 1141 480 1193 ό
531 1143 829 1210 Νεστόγγος
879 1133 1234 1212 Ἀνδρόνικος.
1285 1135 1484 1187 Οὑτοσὶ
1546 1130 1605 1185 δὲ
1651 1135 1740 1183 καὶ
1786 1133 1882 1188 τὴν

275 1237 372 1290 τῆς
433 1232 733 1300 συγγενείας
786 1230 978 1299 σχέσιν
1032 1224 1157 1300 παρ’
1211 1221 1362 1277 οὐδὲν
1409 1224 1608 1294 θέμενος
1664 1221 1881 1273 καὶτὸν

275 1324 366 1379 τῆς
416 1317 590 1390 φιλίας
647 1315 952 1391 ἀπορρήξας
1010 1310 1207 1386 δεσμόν
1260 1311 1543 1384 ἀνταρσίαν
1602 1311 1746 1371 κατὰ,
1790 1315 1881 1361 τοῦ

271 1403 704 1480 πρωτεξαδέλφου
761 1403 1018 1478 βασιλέως
1075 1401 1415 1476 βεϐούλευται
1455 1402 1527 1465 9⁸,
1581 1399 1718 1472 ἔχων
1764 1417 1882 1450 συν-

274 1499 420 1571 εργόν
471 1495 541 1558 εἰς
589 1502 744 1548 τοῦτο
787 1497 874 1546 τὸν
935 1489 1154 1566 ἀδελφόν
1208 1492 1469 1544 Ἰσαάκιον
1521 1493 1612 1540 καὶ
1681 1487 1882 1562 ἐτέρους

273 1593 374 1638 τῶν
437 1583 696 1657 ἐπιφανῶν
756 1583 850 1636 οὐκ
901 1582 1128 1654 ὀλίγους,
1192 1585 1279 1634 τόν
1331 1599 1386 1632 τε
1434 1576 1772 1650 Φλαμούλιον,
1827 1576 1879 1628 ὃν

273 1676 434 1746 μέγαν
488 1673 858 1746 ἐταιρειάρχην
913 1669 998 1746 [Ρ.
1043 1670 1138 1744 20]
1199 1671 1224 1722 ὁ
1284 1667 1531 1742 βασιλεὺς
1585 1671 1877 1738 τετίμηκεν,

273 1767 364 1816 τὸν
406 1766 808 1836 Ταρχανειώτην
842 1757 1159 1830 Συναδηνὸν,
1199 1762 1288 1812 τόν
1320 1758 1401 1811 ἐπ’
1448 1753 1644 1828 ἀδελφῇ
1695 1758 1879 1808 τούτου

275 1851 510 1925 γαμϐρόν
573 1853 868 1920 Στασηνόν,
923 1853 1012 1902 τὸν
1077 1851 1357 1923 Μακρηνόν
1422 1850 1514 1898 καὶ
1572 1845 1759 1906 ἄλλους
1814 1844 1882 1906 εἰς

273 1940 468 2001 πλῆθος
505 1943 592 1992 τόν
645 1938 864 2014 ἀριθμόν
890 1939 1038 1992 97-”.
1070 1939 1302 2010 Ἐγένετο
1331 1933 1390 1989 δὲ
1435 1937 1466 1993 ή
1509 1933 1754 1992 ἐπιϐουλή
1787 1953 1880 1986 πο-

272 2029 550 2104 λυήμερος.
603 2029 691 2085 Ἐν
739 2037 802 2102 τῇ
861 2027 1140 2101 Λαμψάκῳ
1198 2023 1258 2080 δε
1305 2023 1506 2098 διάγων
1555 2025 1580 2076 ό
1633 2023 1884 2097 βασιλεὺς

1988 860 2226 933 busque
2277 860 2453 916 Italos
2507 859 2726 934 praeliis
2779 863 2938 916 terra
2991 860 3264 934 marique
3320 861 3643 934 divexaret,

1987 949 2222 1006 insidiae
2246 951 2382 1006 vitae
2411 949 2566 1006 illius
2591 952 2898 1022 parantur.
2940 949 3245 1006 Facinoris
3277 956 3484 1008 auctor
3521 955 3649 1011 erat

1989 1041 2324 1110 Nestongus
2350 1039 2728 1095 Andronicus
2751 1038 3130 1112 imperatoris
3151 1039 3571 1098 consobrinus.
3592 1043 3647 1097 Is

1988 1128 2305 1186 artissimas
2347 1128 2654 1185 afﬁnitatis
2698 1127 3122 1200 conjunctione
3159 1129 3434 1200 neglecta
3480 1145 3646 1204 spre-

1987 1218 2182 1292 tisque
2207 1219 2481 1275 amicitiae
2503 1218 2744 1290 juribus
2774 1218 2836 1274 in
2867 1217 3302 1275 consobrinum
3329 1236 3510 1276 suum
3539 1221 3647 1278 im-

1986 1313 2324 1382 peratorem
2354 1309 2646 1380 conjurat,
2681 1308 3110 1380 conjurationis
3149 1313 3426 1367 consorte
3465 1310 3645 1370 fratre

1988 1398 2212 1454 Isaacio
2240 1403 2295 1454 et
2317 1413 2440 1454 non
2473 1398 2682 1470 paucis
2715 1413 2784 1454 ex
2809 1397 3177 1470 proceribus.
3213 1397 3333 1472 40
3361 1403 3479 1457 Nec
3507 1399 3644 1458 dee-

1986 1492 2123 1543 rant
2164 1486 2397 1543 sceleris
2436 1487 2754 1560 participes
2795 1486 3164 1543 Phlamulius
3201 1489 3412 1559 magni
3459 1488 3643 1546 hetae-

1986 1576 2235 1633 riarchaa
2264 1576 2552 1649 dignitate
2598 1576 2892 1632 beneﬁcio
2929 1576 3309 1650 imperatoris
3349 1577 3642 1636 condeco-

1986 1669 2172 1734 ratus,
2207 1665 2564 1737 Synadenus
2593 1665 3005 1733 Tarchaniota,
3047 1665 3268 1722 sororis
3311 1665 3471 1723 illius
3505 1682 3642 1724 ma-

1985 1754 2153 1822 ritus,
2197 1756 2505 1824 Stasenus,
2554 1757 2859 1811 Macrenus
2907 1754 3129 1828 aliique
3183 1755 3639 1829 quamplurimi.

1988 1845 2134 1900 Cum
2165 1859 2306 1900 vero
2348 1858 2455 1916 per
2491 1843 2712 1900 multos
2741 1843 2870 1900 dies
2901 1844 3235 1916 conjuratio
3267 1845 3642 1918 protrahere-

1987 1937 2100 1999 tur,
2127 1932 2438 2006 Lampsaci
2472 1932 2698 2004 degens
2736 1933 3064 2006 imperator
3098 1937 3353 1990 conatus
3400 1932 3643 2008 conspi-

1986 2023 2248 2080 rantium
2274 2022 2524 2087 rescivit,
2550 2027 2608 2079 et
2633 2022 2975 2079 triremibus
3000 2038 3076 2079 ne
3096 2022 3176 2080 ab
3203 2023 3359 2080 Italis
3386 2039 3646 2097 occupa-

274 2121 523 2192 μανθάνει
579 2125 760 2173 ταῦτα.
821 2122 958 2193 Πυρὶ
1015 2113 1104 2170 οὖν
1163 2119 1252 2177 τὰς
1302 2120 1534 2190 τριήρεις
1587 2111 1874 2165 καταναλώ-

1986 2117 2192 2168 rentur
2223 2113 2640 2182 concrematis,
2667 2112 2824 2169 bello
2854 2112 3184 2170 domestico
3213 2112 3410 2184 magis
3452 2128 3644 2186 quam

277 2227 396 2273 σας,
445 2209 530 2260 ἶνα
577 2212 649 2280 μή
702 2214 808 2268 τοῖς
864 2206 1080 2268 Ἰταλοῖς
1130 2207 1233 2259 ὑπὸ
1287 2211 1448 2280 χεῖρα
1501 2208 1746 2274 γένοιντο,
1788 2206 1880 2254 καὶ

271 2303 702 2374 προύργιαίτερον
746 2301 834 2350 τὸν
890 2299 1078 2350 ἔσωθεν
1126 2296 1346 2368 πόλεμον
1394 2299 1576 2369 κρίνας
1621 2300 1714 2345 τοῦ
1763 2292 1880 2357 ἔξω·

275 2389 376 2458 θεν,
442 2386 646 2461 ἀπάρας
713 2385 901 2440 ἐκεῖθεν
969 2387 1053 2440 ἐπὶ
1117 2390 1212 2444 τήν
1282 2385 1577 2458 Ἀχυράους
1643 2381 1876 2455 ἀφίκετο.

271 2478 503 2529 κάκεῖθεν
577 2481 673 2535 τήν
740 2475 974 2539 ἐξέτασιν
1045 2484 1141 2537 τῆς
1206 2473 1489 2534 ἐπιϐουλῆς
1566 2471 1874 2531 ἐποιήσατο.

270 2569 372 2619 Καὶ
412 2565 548 2624 ἦσαν
602 2566 650 2617 οἱ
699 2568 994 2638 συνωμόται
1043 2565 1230 2625 πάντες
1269 2568 1388 2624 ταῖς
1441 2557 1619 2623 δίκαις
1649 2562 1876 2614 ὑπεύθυ-

268 2672 364 2708 νοι.
407 2652 548 2706 Ἀλλ’
603 2654 629 2705 ό
688 2651 940 2724 βασιλεὺς
994 2651 1470 2725 φιλανθρωπότερον
1533 2658 1643 2711 τοῖς
1704 2653 1878 2722 νόμοις

267 2741 556 2815 έχρήσατο,
608 2746 698 2794 καὶ
746 2745 833 2794 τόν
873 2745 962 2814 μεν
1017 2746 1316 2812 Νεστόγγον
1372 2739 1634 2793 Ἰσαάκιον
1681 2737 1876 2810 τυφλώ-

269 2849 350 2884 σει
395 2827 745 2891 καταδικάζει
788 2835 880 2882 καὶ
938 2833 1275 2905 χειροκοπίᾳ,
1331 2830 1583 2890 ὡσαύτως
1643 2832 1733 2880 καὶ
1787 2831 1874 2880 τόν

268 2925 546 2996 Μακρηνόν
577 2941 593 2954 ο
663 2919 992 2991 ἂξελήλεγκτο
1056 2921 1158 2994 γὰρ
1219 2921 1286 2980 ὡς
1341 2918 1591 2980 πολλάκις
1636 2916 1874 2992 ἐφώρμηο

272 3027 350 3074 σε,
402 3010 540 3061 κατὰ
591 3016 749 3060 νῶτον
804 3009 1083 3080 τυγχάνων
1131 3013 1222 3060 τοῦ
1272 3005 1553 3080 βασιλέως,
1594 3005 1873 3078 ἑφελκύσαι

274 3101 366 3155 τήν
414 3099 621 3154 σπάθην
668 3102 758 3150 καὶ
805 3096 1128 3172 καταῤῥάξαι
1180 3101 1406 3170 καιρίαν.
1450 3101 1550 3150 Καὶ
1594 3095 1774 3156 ἄλλους
1813 3092 1873 3148 δέ

267 3192 412 3248 τινᾶς
471 3195 688 3261 μικραῖς
733 3195 934 3248 ποιναῖς
985 3185 1372 3253 καθυπέϐαλεν,
1421 3190 1542 3249 τοὺς
1597 3182 1657 3240 δὲ
1721 3185 1873 3238 πλεί-

269 3294 428 3338 στους
480 3275 671 3349 ἀφῆκεν
729 3279 956 3350 εἱρκταῖς
1006 3279 1172 3350 μέχρι
1215 3280 1350 3336 τινός
1405 3275 1752 3351 περικλείσας,
1781 3280 1871 3329 καὶ

266 3364 422 3416 αὐτὸν
476 3361 545 3424 δὴ
593 3368 680 3417 τόν
735 3368 1074 3441 πρωτουργόν
1125 3372 1214 3427 τῆς
1275 3363 1568 3431 ἐπιϐουλῆς,
1629 3367 1717 3417 τὸν
1780 3369 1871 3417 καὶ

264 3451 538 3525 βασιλείας
592 3453 870 3527 ἐφείμενον,
925 3458 1014 3506 τόν
1073 3458 1371 3527 Νεστόγγον
1433 3451 1769 3526 Ἀνδρόνικον
1819 3456 1868 3489 99

259 3541 307 3595 έν
355 3551 429 3614 τῷ
474 3548 705 3618 φρουρίῳ
760 3551 858 3605 τῆς
908 3549 1226 3615 Μαγνησίας
1281 3542 1619 3597 συνέκλεισεν.
1669 3549 1870 3596 Τοσοῦ-

258 3651 343 3684 τον
390 3633 422 3690 ή
473 3639 570 3692 τῆς
619 3630 823 3702 ἀγάπης
863 3636 1052 3703 σχέσις
1074 3636 1160 3685 τὸν
1202 3631 1430 3706 βασιλέα
1457 3639 1550 3684 τοῦ
1580 3641 1869 3692 κακοποιῆ-

262 3739 354 3774 σαι
406 3728 590 3773 τοῦτον
637 3719 953 3774 ἐκώλυσενί.
999 3720 1094 3784 ⁸ος
1149 3727 1240 3774 καὶ
1287 3741 1382 3794 μετ
1430 3720 1602 3792 ὀλίγον
1642 3716 1866 3795 ἀπέδρα,

252 3811 318 3871 ὡς
370 3813 458 3882 μέν
515 3829 648 3872 τινες
705 3812 948 3883 ἔφασκον,
999 3809 1204 3868 θελήσει
1254 3817 1346 3863 τοῦ
1404 3809 1665 3883 βασιλέως
1723 3809 1867 3863 ἐλευ-

258 3899 547 3972 θεριωτερον
629 3897 828 3972 βαίνειν
914 3906 1096 3951 τοῦτον
1176 3897 1699 3970 παρακελευσαμένου
1777 3903 1867 3952 καὶ

258 3986 365 4038 οἷον
431 3985 613 4058 κλέψαι
673 3995 858 4040 τοῦτον
926 3992 1020 4046 τὴν
1089 3991 1354 4060 σωτηρίαν
1419 3985 1862 4060 βουλευσαμένου.

257 4073 356 4137 ⁸ος
406 4079 495 4128 καὶ
551 4079 731 4138 νυκτὸς
788 4081 962 4149 φυγὼν
1025 4075 1109 4128 ἐπὶ
1164 4079 1229 4128 τὰ
1290 4084 1390 4127 τῶν
1442 4075 1866 4150 Μουσουλμάνων

258 4161 555 4237 ἐφώρμησε,
607 4171 697 4218 καὶ
748 4162 931 4237 διῆγεν
977 4164 1142 4217 ἐκεῖσε
1188 4167 1400 4238 μέχρι²
1443 4174 1538 4227 τῆς
1587 4165 1748 4218 αὐτοῦ
1789 4185 1868 4219 τε-

259 4252 460 4315 λευτῆς.
519 4256 777 4308 Ἐντεῦθεν
835 4257 861 4307 ό
921 4251 1170 4327 βασιλεὺς
1234 4259 1704 4330 προσεκτικωτερον
1776 4253 1867 4328 ἑχο

256 4348 389 4420 ρᾶτο
442 4351 553 4406 τοῖς
601 4345 902 4419 πράγμασι,
935 4349 1026 4396 καὶ
1086 4351 1174 4404 τῆς
1225 4348 1482 4420 προτέρας
1520 4343 1865 4417 ἐλευθεριότη-

253 4449 342 4492 τος
382 4431 476 4484 οὔκ
533 4430 849 4486 ἀντεποιεῖτο
873 4433 918 4503 ⁸,
951 4432 1180 4505 φύλακας
1231 4452 1284 4485 τε
1335 4438 1449 4506 περὶ
1508 4435 1664 4485 αὑτὸν
1711 4437 1864 4492 ἔστη-

258 4539 320 4573 σε
365 4526 456 4574 καὶ
512 4526 767 4597 φρουροὺς
817 4524 1016 4597 νύκτωρ
1073 4541 1128 4575 τε
1185 4527 1274 4575 καὶ
1331 4523 1446 4596 μεθ’
1500 4523 1696 4597 ἡμέραν
1753 4531 1858 4586 τοῖς

1987 2207 2230 2257 externo
2273 2201 2713 2272 invigilandum
2741 2206 2932 2272 ratus,
2963 2201 3102 2259 inde
3131 2201 3439 2274 digressus
3467 2202 3642 2260 Achi-

1984 2306 2161 2348 raum
2193 2290 2602 2362 proﬁciscitur,
2635 2290 2839 2364 ibique
2867 2291 3263 2364 questionem,
3302 2295 3368 2349 ut
3395 2307 3644 2350 consor-

1985 2385 2074 2438 tes
2106 2381 2343 2436 sceleris
2374 2381 2800 2446 indicerentur,
2833 2381 3054 2438 habet:
3088 2385 3146 2438 et
3172 2382 3470 2453 conjurati
3515 2397 3644 2439 om-

1986 2485 2094 2526 nes
2115 2471 2367 2527 convicti
2387 2470 2892 2544 condemnatique
2913 2475 3070 2528 sunt.
3092 2475 3368 2530 Attamen
3386 2472 3645 2547 impera-

1984 2565 2077 2617 tor
2104 2559 2524 2616 humaniorem
2553 2577 2617 2616 se
2644 2561 2922 2633 praebens
2947 2564 3315 2634 Nestongum
3344 2561 3640 2620 lsaacium

1981 2649 2209 2706 lumine
2248 2654 2306 2706 et
2335 2665 2522 2705 manu
2553 2649 2806 2718 mutilat,
2835 2653 3176 2707 Macrenum
3218 2666 3496 2725 quoque;
3531 2668 3641 2710 ste-

1981 2739 2119 2811 pius
2165 2738 2328 2794 enim
2377 2754 2514 2794 cum
2555 2754 2592 2794 a
2621 2742 2788 2808 tergo
2819 2738 3198 2812 imperatoris
3241 2744 3397 2797 esset
3423 2744 3481 2798 et
3504 2739 3640 2812 gla-o

1981 2827 2151 2884 dium
2193 2827 2482 2898 stringere
2525 2830 2582 2884 et
2611 2827 2830 2883 vulnus
2863 2828 3132 2899 inﬂigere
3179 2828 3351 2886 letale
3381 2833 3641 2888 tentasse

1980 2917 2394 2990 deprehensus
2441 2921 2552 2973 est.
2603 2917 2762 2974 Alios
2804 2917 3009 2975 itidem
3052 2918 3392 2975 mitioribus
3437 2919 3638 2992 panis

1981 3006 2273 3074 multavit,
2295 3005 2586 3080 plurimos
2613 3006 2690 3063 ad
2710 3010 2950 3080 tempus
2976 3007 3229 3064 detrusit
3253 3007 3316 3064 in
3345 3023 3636 3076 carceres,

1981 3099 2037 3150 et
2092 3095 2293 3167 ipsum
2343 3094 2800 3167 conspirationis
2849 3100 3159 3153 auctorem
3211 3099 3268 3152 et
3317 3095 3640 3170 imperium

1980 3183 2364 3242 aﬂ‘ectantem
2394 3187 2764 3255 Nestongum
2797 3185 3208 3242 Andronicum
3238 3187 3548 3259 Magnesia
3577 3186 3641 3243 in

1980 3290 2182 3330 arcem
2222 3273 2527 3345 relegavit.
2554 3274 2646 3330 Sic
2675 3274 2899 3332 amoris
2936 3273 3229 3331 illecebras
3267 3274 3346 3332 ab
3369 3275 3484 3330 illis
3513 3290 3640 3332 ma-

1976 3363 2294 3421 leﬁciendo
2371 3363 2798 3436 imperatorem
2870 3363 3236 3422 abstraxere.
3300 3369 3640 3438 Nestongus

1909 3483 1949 3539 C
1977 3455 2162 3526 paulo
2186 3457 2324 3526 post
2362 3453 2613 3524 aufugit,
2645 3458 2712 3510 ut
2746 3453 2996 3527 quidam
3039 3454 3302 3532 tradunt,
3335 3459 3638 3513 annuente

1976 3543 2358 3615 imperatore,
2391 3541 2494 3614 qui
2531 3541 2702 3597 illum
2733 3542 2978 3598 liberius
3023 3543 3232 3614 vagari
3271 3559 3452 3615 posse
3479 3559 3636 3617 pra:-

1976 3635 2235 3704 ceperat,
2260 3635 2323 3685 ut
2351 3629 2622 3702 quodam
2651 3631 2836 3687 modo
2869 3630 3126 3687 salutem
3157 3630 3486 3688 suﬂ'uratus
3503 3647 3634 3691 esse

1974 3720 2291 3776 videretur.
2316 3722 2503 3774 Noctu
2530 3718 2627 3774 ille
2655 3719 2719 3774 in
2739 3719 2946 3789 fugam
2972 3719 3279 3792 conjectus
3309 3721 3632 3778 Musulma-

1975 3826 2087 3866 nos
2134 3807 2431 3874 convenit,
2460 3808 2612 3862 inter
2649 3806 2760 3880 41
2807 3823 2961 3881 quos
2999 3808 3078 3864 ad
3117 3812 3453 3866 extremum
3494 3811 3631 3867 vitm

1974 3899 2200 3956 exitum
2245 3901 2480 3953 aetatem
2527 3894 2718 3951 duxit.
2771 3896 2915 3952 Hinc
2968 3897 3294 3971 imperator
3350 3898 3635 3962 attentius

1973 3988 2154 4044 rebus
2175 3986 2522 4052 advertere;
2555 3985 2840 4041 omnibus
2878 3985 2958 4042 ad
2989 4002 3050 4042 se
3090 3985 3357 4042 adeundi
3386 3986 3634 4046 faculta-

1975 4081 2113 4146 tem,
2145 4091 2270 4149 qua
2313 4074 2479 4148 prius
2512 4073 2836 4131 utebantur
2864 4073 3160 4143 liberiore,
3191 4091 3501 4144 coercere;
3535 4092 3636 4133 cu-

1977 4166 2178 4224 stodes
2201 4181 2272 4222 ac
2292 4164 2520 4235 vigiles,
2536 4164 2638 4238 qui
2661 4169 2842 4222 noctu
2866 4163 3246 4238 interdiuque
3269 4181 3331 4222 se
3357 4181 3428 4223 ac
3452 4167 3634 4224 ratio-

1972 4273 2080 4314 nes
2097 4272 2237 4312 suas
2254 4255 2662 4325 defenderent,
2675 4254 2916 4312 addere.
2938 4255 3051 4312 Sed
3067 4255 3342 4313 omnium
3369 4257 3634 4323 maxime

1972 4345 2322 4418 imperatrix
2353 4347 2536 4414 Irene,
2569 4343 2844 4400 moribus
2871 4359 2940 4401 ac
2963 4344 3206 4416 ingenio
3246 4345 3543 4418 mascula,
3576 4349 3634 4403 et

1973 4452 2113 4492 cum
2138 4432 2422 4490 omnibus
2460 4433 2653 4503 magis
2689 4434 2850 4504 regie
2875 4449 3062 4506 quam
3088 4450 3199 4508 par
3222 4438 3351 4492 erat
3386 4449 3632 4493 conver-

1970 4541 2131 4592 sans,
2160 4523 2239 4581 ad
2265 4522 2745 4579 conservandum
2774 4539 2915 4580 eum
2943 4524 3312 4582 incumbere.

255 4607 454 4662 ἐκείνου
485 4615 848 4686 προσέχοντας
879 4613 922 4666 ⁴.
963 4610 1212 4666 Μάλιστα
1238 4608 1298 4664 δέ
1337 4616 1454 4684 περὶ
1492 4620 1662 4665 ταῦτα
1704 4617 1981 4668 συνέτεινεν
2011 4616 2041 4673 ἡ
2077 4611 2289 4686 βασιλὶς
2317 4612 2532 4686 Εἰρήνη,
2566 4609 2974 4687 ἀρῥενωπότερον
3019 4616 3078 4667 τὸ
3119 4610 3242 4675 ήθος
3283 4615 3490 4688 ἔχουσα
3533 4615 3630 4668 καὶ

255 4705 368 4760 τοῖς
395 4707 530 4753 πᾶσι
559 4699 972 4776 βασιλικώτερον
1001 4699 1416 4772 ἐντυγχάνουσα.
1485 4731 1490 4735 -

332 4789 416 4852 Εἰς
465 4792 730 4853 συνθήκας
770 4787 830 4844 δὲ
887 4791 1193 4852 θελήσαντες
1225 4789 1384 4844 ἐλθεῖν
1415 4792 1464 4843 οἱ
1505 4790 1690 4844 Ἰταλοὶ
1743 4790 1864 4845 ἁπέ-
1900 4795 1945 4850 D

249 4877 422 4932 λυσαν
448 4881 469 4915 ⁵
514 4882 642 4954 πρὸς
677 4883 762 4933 τόν
804 4878 1030 4954 βασιλέα
1071 4884 1162 4932 καὶ
1209 4883 1268 4932 τὸ
1313 4887 1412 4932 τῶν
1462 4886 1650 4952 Πηγῶν
1701 4881 1860 4936 ἄστυ.

254 4972 361 5022 Καὶ
407 4968 540 5021 οὕτω
596 4964 663 5027 δή
715 4969 826 5042 μετ’
866 4968 1034 5021 αὐτῶν
1075 4969 1099 5019 ό
1157 4966 1404 5040 βασιλεὺς
1455 4969 1698 5030 Ἰωάννης
1732 4969 1864 5043 εἰρή-

249 5075 454 5125 νευσεν,
482 5060 688 5110 παντων
744 5066 842 5110 τῶν
887 5061 1017 5131 πρὸς
1072 5061 1216 5110 νότον
1264 5059 1728 5130 ὑποχωρησάντων
1777 5062 1866 5110 αυ-

249 5153 330 5216 τῷ
361 5151 616 5211 Λατίνων,
649 5148 725 5198 ἔτι
755 5144 814 5200 δὲ
859 5149 1183 5222 κρατούντων
1225 5150 1354 5222 πρὸς
1397 5145 1592 5222 Βορρᾶν
1631 5149 1699 5198 τά
1727 5145 1864 5204 πλη-

253 5238 374 5287 σίον
417 5239 540 5287 ὄντα
587 5244 677 5297 τῆς
735 5235 1328 5299 Κωνσταντινουπόλεως
1376 5240 1467 5288 καὶ
1515 5242 1579 5309 τῇ
1631 5241 1723 5288 τοῦ
1773 5242 1868 5290 Νι-

249 5318 438 5396 κομήδ
441 5342 526 5385 ους
550 5324 694 5378 πόλει
722 5323 1022 5397 ἐγγίζοντα.

330 5466 378 5500 9⁵
410 5463 459 5517 ἐν
488 5497 557 5506 -
606 5464 916 5526 ὀνομάζεται
962 5481 1084 5522 om.
1139 5467 1203 5521 Ι).

331 5485 378 5500 ὐ
410 5485 459 5517 εν
488 5497 557 5506 -
606 5485 689 5519 ονο

251 5542 303 5590 Ν
309 5541 556 5610 εστργγον
587 5485 730 5610 Ἀνοῆ

252 5613 349 5684 καὶ
370 5605 482 5684 Δἦν’
507 5608 616 5684 ἐκεῖ
645 5605 812 5684 μέχρι
850 5613 915 5666 D.

253 5678 447 5735 Ἰταλοὶ
485 5678 817 5737 συνελθεῖνῚ)
828 5722 840 5736 .

993 5611 1016 5646 ³
1046 5613 1136 5662 καὶ
1165 5639 1236 5651 —-
1261 5607 1577 5663 ἀντεποιεῖτο
1626 5624 1750 5667 om.
1782 5612 1846 5666 D.

2047 4789 2174 4848 Itali
2211 4789 2448 4846 interim
2489 4805 2630 4846 cum
2668 4790 3027 4863 imperatore
3052 4792 3440 4850 concordiam
3481 4806 3628 4850 con-

1971 4879 2215 4936 ﬁrmare
2252 4877 2521 4936 volentes
2563 4884 2757 4937 castro
2805 4883 3098 4952 Pegarum
3129 4897 3391 4955 cessere;
3423 4881 3629 4954 sicque

1974 4984 2113 5025 cum
2135 4969 2218 5024 eis
2241 4970 2502 5024 Joannes
2525 4969 2851 5042 imperator
2869 4985 3084 5043 pacem
3109 4970 3469 5043 composuit,
3486 4985 3629 5028 cum

1973 5057 2054 5114 ad
2093 5061 2379 5113 Austrum
2421 5056 2706 5113 omnibus
2753 5057 3222 5129 renuntiassent,
3253 5057 3362 5114 sed
3404 5056 3630 5131 adhuc,

1973 5162 2111 5218 quae
2163 5145 2324 5202 circa
2379 5148 2624 5203 Boream
2676 5145 2882 5203 affinia
2930 5146 3096 5220 Cpoli
3150 5150 3322 5204 erant
3373 5145 3632 5222 urbique

1974 5235 2416 5293 Nicomediensi
2445 5235 2743 5309 proxima,
2769 5236 3109 5294 retinerent.

1284 5467 1332 5502 9‘
1363 5465 1545 5518 οὑτοσὶ
1588 5495 1656 5506 -
1702 5464 1874 5544 βεϐου]

1986 5486 2040 5520 αι
2088 5483 2208 5544 om.
2248 5470 2343 5544 D._
2384 5469 2515 5544 ‘97-”
2561 5473 2647 5544 τόν
2692 5489 2746 5522 τε
2789 5501 2859 5544 -_-
2899 5468 3115 5544 ἀριθμόν
3159 5485 3280 5527 om.
3313 5471 3413 5544 Β.-
3458 5471 3507 5508 ³9
3537 5471 3628 5524 τὸν

715 5543 918 5618 ρόνικρν
958 5554 1081 5618 orn.
1214 5568 1283 5618 -ς
1314 5539 1329 5573 ¹
1362 5544 1611 5618 τοσουτον
1648 5536 1712 5578 -ἔ
1742 5536 1997 5618 ἐκ-ωλυσεν
2028 5555 2150 5618 om.
2185 5543 2249 5597 Ο.
2327 5542 2348 5576 ³
2378 5540 2433 5602 ὃς
2461 5546 2551 5618 καὶ
2581 5542 2769 5615 ὕστρον
2800 5536 3153 5618 ἀπέδ’ρα’περι
3182 5541 3625 5618 ΙγΙουσουλμάνους

1927 5610 1949 5646 ⁸
1992 5615 2193 5685 νύκτωρ
2233 5643 2305 5654 --
2338 5610 2696 5686 προσέχοντας
2725 5629 2850 5671 om.
2880 5610 2947 5670 ΒΣ

3026 5615 3048 5650 ³
3099 5611 3150 5668 δ’
3195 5611 3528 5678 ἐθελήσαντες
3575 5616 3626 5669 ot
