4152 6394
323 387 459 442 1045

1844 376 2164 435 ANNALES
2177 419 2190 434 .

3561 379 3699 437 1046

319 512 400 564 θεν
438 515 531 562 τοῦ
560 505 754 580 Ἕϐρου
809 499 1163 576 κατέδραμον,
1201 502 1357 554 ἄνετα
1411 502 1568 575 εὑρὼν
1611 503 1778 554 πάντα
1831 506 1912 554 καῖ

2034 501 2359 573 decipiens,
2414 501 2632 574 opibus
2689 518 2933 577 nempe,
2987 501 3261 573 fortunis,
3303 503 3699 577 dignitatibus

318 596 507 673 μηδενὶ
567 600 795 671 φρουρίῳ
861 593 1336 666 περιφραγνύμενα.
1391 589 1566 644 ’Ἐνθεν
1623 611 1704 643 τοι
1747 593 1788 626 ιι
1852 583 1939 644 καὶ

316 693 440 763 περὶ
474 684 870 759 Διδυμότοιχον
927 685 1148 753 γεγονὼς
1188 679 1237 732 ἐν
1277 680 1334 732 ού
1391 679 1560 750 πολλῲ
1617 685 1794 755 χρόνῳ
1829 679 1934 753 βα-

321 777 496 838 σιλεὺς
554 773 899 847 ἐπεφημίζετο
961 773 1176 822 τούτων.
1240 768 1570 842 Ἀφικόμενος
1627 766 1685 821 δε
1723 773 1812 821 καὶ
1846 769 1932 822 ἐπὶ

318 870 415 925 τὴν
462 861 896 938 Ἀδριανούπολιν
931 860 1071 934 εὗρεν
1121 857 1259 919 ἐντὸς
1315 861 1401 910 τόν
1457 855 1751 916 δηλωθέντα
1788 858 1931 916 Ἰσῆν

316 958 407 1007 τὸν
470 954 921 1027 πρωτοστράτορα
986 954 1077 1001 καὶ
1140 952 1228 1000 τόν
1306 947 1589 1021 Καμύτζην
1646 967 1777 1020 μετα
1841 954 1930 1000 τοῦ

329 1046 716 1118 στρατεύματος
751 1047 844 1092 τοῦ
902 1037 1163 1112 βασιλέως
1200 1038 1457 1090 Ἰωάννου.
1516 1036 1810 1097 Απατηλοῖς
1869 1033 1928 1089 δὲ

317 1132 488 1203 λόγοις
529 1134 573 1167 ⁸³
639 1134 758 1190 τοὺς
822 1128 1101 1202 οἰκήτορας
1177 1127 1428 1192 ὑπελθὼν,
1497 1129 1566 1188 ὡς
1632 1126 1926 1179 πλουτίσειε

314 1224 533 1281 τούτους
589 1221 766 1294 οἶκρως
827 1222 917 1270 καὶ
967 1227 1066 1269 τῶν
1117 1215 1279 1268 ἄλλων
1332 1215 1594 1287 Ῥωμαίων
1642 1215 1922 1288 ύπερυψώ-

316 1327 466 1377 σειεν,
511 1311 676 1362 πείθει
723 1311 784 1359 τὸ
839 1311 931 1380 μὲν
983 1314 1076 1358 τοῦ
1133 1304 1394 1378 βασιλέως
1449 1303 1714 1376 ἐξαγαγεῖν
1767 1306 1923 1378 στρά-

315 1417 484 1470 τευμα
540 1397 655 1466 ἔξω,
718 1396 873 1449 αὐτόν
938 1392 998 1448 δέ
1060 1395 1378 1466 εἰσαγαγεῖν.
1421 1392 1690 1464 Ἐξάγεται
1743 1390 1829 1445 οὖν
1897 1395 1921 1445 6

311 1491 730 1561 πρωτοστράτωρ
768 1486 908 1558 Ἰσῆς
943 1489 1034 1537 καὶ
1063 1486 1089 1536 6
1142 1484 1427 1557 Καμύτζης
1479 1485 1608 1556 μετὰ
1661 1490 1753 1534 τοῦ
1794 1503 1921 1534 συν-

317 1580 460 1638 όντος
496 1578 696 1635 τούτοις
747 1577 1152 1648 στρατεύματος,
1196 1572 1279 1625 ἐπὶ
1309 1574 1482 1645 ὅρκοις
1534 1591 1624 1624 του
1681 1577 1752 1643 μή
1807 1591 1922 1623 τινα

318 1663 501 1718 παθεῖν
540 1668 734 1717 τούτων
791 1661 955 1716 δεινόν
1008 1684 1079 1715 τι.
1113 1661 1430 1725 Ἐξελθόντες
1468 1657 1555 1713 οὖν
1587 1663 1612 1712 6
1651 1664 1739 1734 μὲν
1783 1681 1923 1733 πρω-

323 1756 627 1829 τοστράτωρ
667 1750 792 1806 οὐδὲ
820 1752 944 1813 ὅλως
981 1757 1068 1804 τὸν
1114 1755 1379 1825 Κομνηνόν
1419 1747 1692 1824 Θεόδωρον
1746 1753 1920 1803 τεθέα-

2046 590 2299 663 aliisque
2320 594 2623 648 Romanos
2643 598 2889 649 caeteros
2905 611 3089 667 quam
3114 596 3375 652 maxime
3397 595 3488 650 sui
3509 609 3699 652 causa

2045 681 2784 753 superaturos,persuadet
2807 682 3182 756 imperatoris
3199 684 3444 740 militem
3458 683 3692 755 ejicere,

2042 785 2219 825 suum
2277 770 2607 828 admittere.
2663 773 2856 836 Quare
2912 776 3304 844 protostrator
3352 776 3469 828 Ises
3507 776 3692 845 atque

2041 859 2348 931 Camytzes
2397 875 2536 915 cum
2567 861 2826 916 exercitu
2871 860 3193 932 pelluntur,
3234 878 3374 918 cum
3421 861 3580 917 cives
3625 875 3688 917 se

2037 947 2204 1018 prius
2223 948 2618 1019 jurejurando
2641 949 2985 1019 alligassent
2998 949 3224 1005 nemini
3239 950 3535 1005 damnum
3561 949 3688 1006 illa-

2036 1038 2220 1091 turos.
2254 1037 2432 1108 Pulsi,
2466 1042 2861 1110 protostrator
2891 1041 3266 1095 Comnenum
3306 1038 3685 1094 Theodorum

2031 1139 2108 1180 ne
2122 1125 2812 1200 viditquidem(namque
2824 1129 2905 1184 ita
2917 1128 3684 1200 convenerunt),Camytzes

2033 1228 2172 1268 cum
2201 1213 2282 1269 illi
2312 1216 2690 1282 occurrisset,
2723 1231 2920 1288 neque
2952 1232 3109 1288 equo
3148 1215 3462 1272 descendit
3488 1230 3686 1287 neque

2032 1302 2115 1357 uti
2140 1302 2310 1359 decet
2324 1304 2750 1376 imperatorem
2773 1304 3067 1362 adoravit.
3084 1307 3277 1371 Quare
3302 1305 3392 1361 ira
3409 1304 3688 1362 mcitatus

2029 1393 2374 1450 Theodorus
2403 1395 2667 1464 (volebat
2691 1395 2851 1451 enim
2882 1411 2945 1451 se
2975 1397 3053 1452 ab
3087 1395 3374 1452 omnibus
3401 1395 3686 1452 Romanis

2027 1480 2450 1552 imperatorem
2475 1483 2740 1552 agnosci,
2765 1500 2906 1539 cum
2931 1487 2989 1539 et
3017 1484 3344 1556 imperator
3363 1483 3681 1557 diceretur)

2029 1571 2397 1638 gravissimis
2422 1572 2652 1642 injuriis
2683 1573 2876 1628 virum
2909 1572 3552 1645 cumulat,parumque
3581 1572 3687 1629 ab-

2027 1658 2138 1714 fuit
2153 1660 2300 1731 quin
2317 1661 2496 1716 etiam
2516 1661 2730 1732 plagas
2746 1661 3186 1731 inﬂigeret.lloc
3208 1664 3586 1733 Camytzae,ut
3602 1660 3683 1718 ab

2025 1749 2386 1819 imperatore
2416 1751 2676 1806 honores
2708 1756 3194 1824 consequeretur,
3227 1751 3288 1807 in
3311 1767 3497 1808 causa
3524 1749 3636 1807 fuit
3661 1767 3678 1808 :

314 1863 402 1897 ται
430 1846 604 1914 (τοῦτο
654 1845 756 1916 γὰρ
794 1839 862 1900 δὴ
909 1842 1085 1904 αὐτοῖς
1137 1845 1590 1913 συμπεφώνηται),
1643 1841 1668 1891 6
1710 1837 1769 1893 δὲ
1810 1847 1911 1893 Κα-

2025 1854 2167 1893 nam
2196 1843 2522 1894 utrursum
2552 1839 2931 1912 Hellesponto
2961 1839 3356 1912 praeterlapso
3378 1839 3458 1896 ad
3486 1839 3679 1912 impe-

313 1933 519 2004 μύτζης
575 1935 849 2002 συντυχὼν
881 1931 1022 2001 αὐτῷ
1074 1930 1168 1983 οὐκ
1216 1928 1381 1987 ἀπέϐη
1432 1938 1524 1981 τοῦ
1560 1930 1737 1981 ’ἰππου
1796 1927 1920 1983 οὐδὲ

313 2023 382 2082 ὡς
451 2019 661 2092 βασιλεῖ
718 2022 1127 2092 προσεκύνησεν.
1202 2019 1290 2080 Εἰς
1347 2017 1372 2070 6
1439 2016 1830 2092 βαρυθυμήσας
1889 2020 1915 2070 6

316 2113 585 2182 Κομνηνὸς
624 2105 893 2183 Θεόδωρος
935 2107 1188 2174 (ἐϐούλετο
1243 2110 1342 2182 γὰρ
1388 2110 1456 2168 ὡς
1507 2106 1733 2180 βασιλέα
1786 2107 1915 2160 ἐκεῖ-

311 2217 396 2250 νον
450 2200 643 2258 πάντας
691 2200 832 2268 ἔχειν
870 2196 1172 2269 Ῥωμαίους,
1232 2196 1436 2271 ἐπείπερ
1491 2202 1581 2248 καὶ
1639 2200 1709 2258 ὡς
1759 2195 1915 2268 βασι-

308 2285 423 2348 λεὺς
468 2287 770 2360 ἐφημίζετο)
815 2285 984 2361 ὕϐρεις
1020 2305 1072 2338 τε
1105 2290 1320 2358 κατέχεε
1375 2293 1467 2338 τοῦ
1517 2283 1710 2358 ἀνδρὸς
1746 2290 1836 2338 καὶ
1868 2287 1915 2321 ¹³

310 2383 502 2452 μικροῦ
551 2374 611 2427 ἂν
666 2381 756 2428 καὶ
802 2375 1004 2446 πληγὰς
1044 2374 1268 2428 ἐπέθετο.
1318 2382 1482 2428 Τοῦτο
1529 2384 1602 2445 τῷ
1657 2375 1910 2448 Καμύτζῄ

312 2462 517 2540 ἀφορμὴ
577 2463 799 2536 ἕγεγόνει
857 2467 984 2537 πρὸς
1044 2467 1130 2516 τόν
1177 2461 1402 2536 βασιλέα
1439 2471 1634 2536 τιμῆς·
1695 2467 1764 2524 ὡς
1810 2466 1912 2539 γὰρ

303 2550 452 2614 αὖθις
521 2557 609 2606 τόν
663 2553 1034 2613 Ἑλλήσποντον
1093 2550 1408 2626 διεπέρασαν
1480 2558 1570 2604 καὶ
1627 2557 1753 2627 πρὸς
1826 2557 1913 2605 τόν

312 2642 538 2716 βασιλέα
589 2641 849 2716 ἀφίκοντο,
883 2647 1042 2716 μέγας
1082 2643 1452 2717 ἑταιρειάρχης
1481 2643 1594 2708 (52)
1626 2638 1720 2694 διὰ
1747 2650 1916 2694 ταῦτα

306 2734 332 2784 6
369 2733 649 2805 Καμύτζης
679 2735 724 2768 1‘
776 2737 1070 2804 τετίμηται.
1104 2731 1162 2784 Ὀ
1219 2735 1488 2804 Κομνηνός
1545 2728 1632 2783 οὖν
1689 2729 1907 2785 Θεόδω-

300 2840 391 2896 ρος
449 2820 706 2894 ἐγκρατὴς
749 2823 793 2856 ¹⁵
850 2826 940 2873 καὶ
1005 2829 1097 2881 τῆς
1157 2817 1635 2896 Ἀδρεανουπόλεως
1690 2825 1913 2892 γεγονὼς

300 2909 466 2962 πολλά
493 2914 734 2983 παρέσχε
763 2910 845 2980 [Ρ.
887 2910 980 2980 22]
1016 2916 1122 2969 τοῖς
1171 2909 1386 2970 Ἰταλοῖς
1424 2911 1733 2983 πράγματα.
1781 2916 1912 2963 Κατ-

304 2994 501 3070 έδραμε
520 3001 622 3069 γὰρ
652 2999 824 3050 πάντα
851 3000 918 3049 τὰ
937 2999 1024 3050 ὑπ’
1049 2997 1248 3050 ἐκείνων
1274 3004 1723 3073 κρατούμενα,καὶ
1749 3003 1912 3074 μέχρι

2027 1921 2287 1984 ratorem
2310 1945 2632 1995 accessere,
2648 1945 2908 1999 magnus
2928 1929 3323 1985 hetaeriarcha
3346 1945 3470 1985 non
3494 1928 3678 1985 aliam

2024 2017 2104 2072 ob
2138 2034 2386 2074 causam
2418 2022 2727 2090 Camytzes
2756 2018 3033 2075 efﬁcitur.
3080 2021 3424 2075 Comnenus
3474 2018 3676 2092 itaque

2023 2107 2369 2163 Theodorus
2380 2107 2765 2180 Adrianopoli
2782 2114 3078 2180 occupata
3093 2123 3217 2164 non
3237 2107 3558 2164 minimum
3578 2123 3676 2164 res

2023 2194 2200 2251 Italas
2231 2197 2520 2252 turbavit:
2553 2213 2690 2264 quae
2721 2196 2839 2270 44
2861 2197 3020 2252 enim
3039 2196 3120 2252 illi
3149 2196 3456 2266 tenebant,
3469 2196 3678 2254 omnia

2023 2284 2267 2340 adortus
2299 2290 2356 2340 et
2376 2285 2723 2356 Byzantium
2742 2286 2940 2359 ipsam
2964 2301 3157 2359 usque
3178 2285 3676 2359 profectus,quid-

2022 2373 2172 2446 quid
2196 2379 2364 2431 extra
2385 2375 2594 2430 urbem
2623 2380 2886 2448 erat,pro
2906 2374 3153 2431 arbitrio
3175 2375 3361 2446 duxit,
3387 2379 3445 2432 et
3473 2375 3681 2448 opima

2023 2462 2232 2534 praeda
2252 2467 2464 2520 auctus
2481 2464 2559 2519 ad
2575 2464 2730 2520 fores
2754 2463 3209 2537 Byziae,ingente
3232 2463 3451 2520 Latinis
3471 2464 3682 2520 timore

2023 2551 2264 2623 injecto,
2326 2554 2611 2624 pervenit.
2671 2557 2835 2610 Tunc
2889 2554 3170 2628 temporis
3228 2559 3286 2610 et
3335 2553 3680 2622 Aseldecae,

2021 2640 2160 2696 ﬁliae
2189 2641 2567 2714 imperatoris
2588 2642 2878 2698 Theodori
2901 2643 3173 2698 Lascaris
3199 2644 3476 2714 maritus,
3511 2643 3590 2700 ab
3609 2643 3682 2700 iis

2021 2730 2127 2801 qui
2157 2747 2296 2786 cum
2329 2735 2633 2788 Comneno
2659 2731 2971 2787 Theodoro
3002 2737 3173 2787 erant
3203 2732 3379 2788 hasta
3398 2731 3683 2802 jugulum

2021 2819 2244 2888 feritur,
2273 2820 2614 2894 vulnusque
2637 2821 2852 2877 lethale
2890 2821 3221 2878 indicatum
3251 2837 3288 2878 a
3320 2822 3511 2894 perito
3541 2827 3680 2878 tan-

2021 2910 2162 2966 dem
2185 2911 2421 2966 medico
2448 2916 2712 2967 sanatur.
2739 2911 2964 2967 Exhinc
2982 2916 3192 2984 postea
3214 2916 3341 2968 erat
3365 2927 3482 2968 vox
3508 2926 3680 2985 aspe-

2019 3002 2160 3070 rior,
2193 3017 2300 3057 nec
2330 3001 2465 3058 colli
2495 3003 2802 3069 vertebrae,
2828 3006 2892 3057 ut
2913 3006 3108 3066 antea,
3139 3001 3303 3058 ﬂexu
3339 3000 3567 3058 faciles.

304 3091 394 3137 καὶ
436 3086 600 3148 αὐτῆς
629 3093 722 3148 τῆς
745 3087 939 3149 Βιζύης
966 3091 1234 3159 γενόμενος
1262 3091 1320 3140 1'6
1353 3088 1446 3150 ἔξω
1482 3093 1714 3161 κατέσχε
1742 3096 1833 3140 τοῦ
1863 3090 2076 3160 ἄστεως,
2110 3094 2200 3142 καὶ
2241 3089 2378 3143 λείαν
2409 3089 2600 3148 πολλὴν
2635 3088 2820 3143 ἐκεῖθεν
2861 3089 3146 3148 ἐποιήσατο
3170 3091 3245 3159 ¹⁶,
3271 3093 3362 3142 καὶ
3389 3092 3554 3164 μέχρι
3587 3092 3679 3143 καὶ

303 3182 402 3224 τῶν
454 3174 626 3226 πυλῶν
677 3183 768 3236 τῆς
823 3181 1210 3228 Κωνσταντίνου
1243 3177 1350 3246 (53)
1407 3183 1721 3245 κατήντησε,
1758 3183 1848 3230 καὶ
1874 3183 2058 3231 πτοίαν
2088 3178 2280 3237 πολλὴν
2308 3187 2420 3242 τοῖς
2459 3184 2705 3242 Λατίνοις
2751 3178 2948 3232 ἐνέϐαλε
2982 3180 3046 3230 ¹⁷.
3079 3183 3206 3232 Τότε
3242 3176 3309 3238 δὴ
3350 3183 3439 3232 καὶ
3469 3181 3495 3231 6
3529 3179 3681 3234 Ἀσὶλ

299 3266 476 3331 Δεκαὲ,
517 3263 575 3325 ὃς
602 3272 662 3336 τῇ
702 3266 923 3337 θυγατρὶ
950 3273 1040 3317 τοῦ
1085 3264 1347 3338 βασιλέως
1376 3263 1654 3340 Θεοδώρου
1685 3275 1776 3320 τοῦ
1806 3273 2110 3344 Λασκάριος
2141 3272 2399 3342 συνεζύγη
2426 3270 2492 3336 ¹⁸,
2524 3271 2624 3322 ὑπὸ
2664 3289 2803 3330 τινος
2831 3277 2930 3321 τῶν
2961 3277 3052 3321 τοῦ
3093 3275 3363 3342 Κομνηνοῦ
3403 3265 3681 3345 Θεοδώρου

298 3348 485 3425 δόρατι
511 3352 712 3426 ἐπλήγη
764 3357 850 3406 τόν
878 3355 1167 3427 τράχηλον.
1203 3361 1301 3408 Καὶ
1336 3357 1398 3428 ἦν
1426 3359 1491 3416 ὡς
1521 3353 1666 3420 ἔδοξε
1702 3359 1770 3409 τά
1797 3366 1892 3419 τῆς
1933 3356 2096 3430 βολῆς
2135 3357 2306 3430 ἐκείνῳ
2340 3360 2626 3431 θανὰσιμα,
2684 3358 2790 3411 ἀλλ’
2831 3360 2932 3411 ὑπὸ
2960 3378 3049 3411 του
3093 3367 3196 3410 τῶν
3253 3357 3440 3432 ἰατρῶν
3468 3359 3685 3433 τεθερά-

294 3459 499 3493 πευται.
530 3441 626 3494 Ἦν
650 3439 709 3495 δὲ
734 3446 792 3495 1'6
821 3441 922 3496 ἀπὸ
954 3441 1110 3496 τοῦδε
1139 3449 1445 3519 τραχυτέρα
1483 3445 1644 3497 αὐτοῦ
1672 3447 1702 3504 ἡ
1734 3451 1870 3517 φωνὴ
1899 3452 1989 3500 καὶ
2021 3447 2114 3501 οὐκ
2143 3447 2372 3522 εὐχερῶς
2409 3451 2458 3500 οἱ
2483 3456 2576 3500 τοῦ
2605 3447 2878 3524 τραχήλου
2909 3451 3243 3521 στρεφόμενοι
3272 3444 3579 3500 σπόνδυλοι.

365 3529 452 3585 κε’.
519 3532 701 3593 Οὕτως
778 3528 866 3584 οὖν
936 3531 1238 3596 ἐπαυξῆσας
1313 3542 1418 3594 τοῖς
1490 3537 1798 3606 πράγμασιν
1873 3540 1899 3587 ό

2088 3541 2183 3593 25.
2229 3539 2323 3594 Sic
2363 3553 2507 3607 ergo
2543 3538 2725 3594 rebus
2763 3553 3054 3610 prospere
3113 3539 3294 3606 gestis
3332 3537 3680 3594 Theodorus

295 3624 563 3692 Κομνηνὸς
628 3618 902 3694 Θεόδωρος
974 3620 1156 3680 ἐπειδὴ
1235 3625 1436 3698 ὁμορών
1502 3622 1722 3694 ἐγεγόνει
1796 3632 1906 3686 τοῖς

295 3709 612 3783 Βουλγάροις
641 3711 708 3777 '9,
762 3710 833 3771 εἰς
877 3707 1109 3771 σπονδάς
1138 3730 1192 3763 τε
1238 3711 1459 3770 συνῆλθε
1488 3719 1560 3782 τῷ
1617 3720 1718 3764 τῶν
1752 3713 1906 3765 Βουλ-

291 3800 466 3870 γάρων
506 3797 717 3871 βασιλεῖ
751 3799 957 3873 Ἰωάννῃ
993 3808 1066 3870 τῷ
1097 3801 1283 3871 Ἀσὰν,
1327 3801 1380 3852 ὃν
1425 3803 1630 3873 φθάσας
1679 3803 1704 3854 6
1758 3801 1906 3871 λόγος

297 3890 470 3957 εἴρηκε
499 3890 630 3959 μετὰ
670 3891 757 3940 τόν
799 3888 1012 3963 Βορίλαν
1077 3889 1396 3962 βασιλεῦσαι
1451 3898 1548 3952 τῆς
1597 3898 1694 3942 τῶν
1754 3892 1905 3944 Βουλ-

296 3977 492 4046 γάρων,
558 3983 646 4030 καὶ
725 3983 1024 4049 συγγένειαν
1090 3981 1222 4050 μετά
1293 3982 1480 4031 τούτου
1556 3985 1804 4038 πεποίηκε
1854 3982 1902 4016 ²⁰

293 4064 709 4140 προσλαϐόμενος
764 4066 850 4120 ἐπὶ
904 4075 974 4137 τῷ
1028 4064 1233 4140 ἀδελφῷ
1280 4071 1466 4120 τούτου
1523 4069 1771 4128 Μανουὴλ
1808 4075 1901 4128 τὴν

298 4155 561 4229 θυγατέρα
619 4156 780 4208 αὐτοῦ
838 4161 1069 4230 Μαρίαν,
1128 4159 1244 4219 ἣτις
1299 4157 1357 4209 ἐκ
1411 4157 1682 4220 παλλακῆς
1729 4157 1900 4231 ἐκείνῳ

291 4248 591 4316 γενέννηται
632 4247 698 4299 ²¹.
739 4243 796 4298 Ὀ
855 4249 944 4317 μὲν
993 4241 1080 4297 οὖν
1139 4244 1390 4318 Ἀγγελος
1450 4248 1564 4318 (54)
1627 4245 1900 4322 Θεόδωρος

285 4335 382 4396 τὰς
411 4336 540 4405 μετά
594 4342 687 4386 τού
723 4334 883 4386 Ἀσάν
916 4336 1153 4387 Ἰωάννου
1214 4333 1443 4397 σπονδὰς
1489 4334 1769 4406 διαλύσας,
1811 4339 1899 4391 οἷα

285 4421 478 4485 ἐκεῖνος
532 4422 660 4496 ἀνὴρ
720 4425 1034 4497 θρασύτερος
1079 4429 1169 4476 καὶ
1223 4425 1564 4499 ἀτακτότερον
1623 4434 1897 4503 φερόμενος

286 4512 346 4565 ού
378 4517 530 4586 μόνον
571 4511 619 4564 ἐν
661 4511 970 4586 βασιλείοις,
1022 4513 1149 4566 ἀλλὰ
1178 4521 1268 4568 καὶ
1303 4513 1350 4567 ἐν
1378 4523 1539 4568 πσᾶιν
1576 4517 1747 4580 ἁπλῶς
1789 4525 1894 4580 τοῖς

283 4600 588 4672 πολιτικοῖς,
651 4606 742 4654 καὶ
793 4603 935 4674 θαμὰ
995 4603 1328 4678 παραϐαίνων
1379 4609 1499 4666 τοὺς
1559 4608 1742 4680 ὅρκους
1801 4613 1892 4660 καὶ

284 4687 676 4765 παρασπονδῶν
741 4697 846 4751 τοῖς
921 4689 968 4742 ἐν
1043 4698 1302 4764 γειτόνων,
1382 4699 1516 4747 κατὰ
1585 4695 1889 4772 Βουλγάρων

281 4787 472 4852 χωρεῖ,
512 4781 699 4839 πολλὴν
738 4782 1088 4852 συναθροίσας
1116 4786 1210 4839 τὴν
1263 4785 1512 4857 στρατιὰν
1551 4787 1607 4838 ἔκ
1661 4804 1714 4838 τε
1760 4784 1887 4839 Ῥω-

358 4957 397 4992 ¹¹
437 4962 527 5009 καὶ
557 4989 625 4997 --
651 4977 732 5010 τοι
779 4973 900 5013 om.
932 4961 994 5013 D.

280 5025 631 5104 1395666696;
660 5026 951 5104 -έ-ηάνδρρς
974 5034 1064 5082 καὶ
1088 5046 1210 5085 om.
1255 5025 1317 5086 Ι).

269 5100 499 5174 μύτζης.
537 5100 597 5174 ἰ),

707 5102 750 5181 1‘s
783 5103 808 5152 ὁ
852 5090 939 5153 ὀῦν
971 5106 1260 5181 ’μορφὰς
1288 5109 1508 5175 γεγονὼς
1538 5109 1627 5156 καὶ
1655 5113 1745 5166 τῆς
1777 5090 2062 5178 Ἀδριανοῦ
2120 5090 2397 5181 ἓὲγκρατηες⁸
2429 5111 2498 5166 D.

2014 3627 2380 3692 Comnenus,
2411 3642 2550 3682 cum
2590 3643 2700 3682 suo
2741 3626 2996 3697 imperio
3053 3624 3208 3680 ﬁnes
3261 3625 3445 3682 iidem
3474 3629 3675 3683 essent

2017 3730 2087 3771 ac
2130 3714 2428 3786 Bulgaris,
2453 3715 2649 3771 foedus
2679 3730 2816 3769 cum
2851 3713 3247 3784 Bulgarorum
3276 3729 3414 3785 rege
3442 3715 3679 3773 Joanne

2015 3809 2234 3870 Asano,
2265 3805 2472 3876 qui,ut
2495 3804 2636 3871 dixi,
2656 3809 2792 3874 post
2823 3803 3080 3859 Borilam
3114 3803 3381 3873 Bulgaris
3401 3808 3680 3876 prmerat,

2013 3893 2160 3961 init;
2189 3893 2470 3965 illiusque
2498 3891 2624 3948 ﬁlia
2651 3893 2832 3948 Maria
2853 3907 2924 3947 ex
2952 3891 3162 3964 pellice
3193 3897 3478 3965 suscepta
3500 3891 3679 3951 fratri

2015 3998 2127 4038 suo
2153 3982 2406 4038 Manueli
2426 3982 2796 4055 desponsata
2825 3979 3114 4038 afﬁnitate
3132 3981 3539 4052 conjungitur.
3557 3981 3675 4040 Sed

2011 4073 2172 4129 enim
2191 4071 2454 4144 Angelus
2475 4071 2820 4128 Theodorus
2837 4086 2976 4127 cum
2997 4074 3199 4127 Asano
3214 4073 3442 4127 Joanne
3463 4072 3668 4128 condi-

2009 4162 2274 4218 tionibus
2312 4177 2382 4218 ac
2409 4161 2792 4234 pactionibus
2813 4160 3193 4234 perturbatis,
3213 4176 3353 4216 cum
3374 4160 3667 4219 audacior

2008 4255 2184 4320 esset,
2219 4256 2400 4324 atque
2422 4251 2821 4308 inordinatius
2847 4265 2970 4306 non
2995 4247 3192 4306 solum
3233 4249 3295 4306 in
3320 4250 3507 4321 regia,
3554 4250 3664 4309 sed

2004 4340 2068 4396 in
2098 4341 2227 4398 aliis
2250 4342 2503 4411 negotiis
2524 4341 2800 4398 civilibus
2823 4355 2955 4396 sese
2982 4338 3360 4407 immisceret,
3377 4346 3671 4416 saepeque

2000 4430 2429 4501 jusjurandum
2462 4430 2578 4503 45
2611 4430 2938 4501 negligeret
2961 4429 3266 4501 ﬁdemque
3293 4428 3558 4495 violaret,
3596 4431 3662 4487 in

2003 4520 2145 4574 afﬁn
2155 4537 2217 4576 es
2239 4521 2523 4590 Bulgaros
2543 4519 2763 4592 pedem
2786 4524 3072 4590 movet,et
3087 4535 3159 4575 ex
3179 4520 3462 4576 Romanis
3479 4506 3676 4595 atque.

2001 4608 2164 4662 ltalis
2180 4609 2485 4677 ingentem
2503 4607 2756 4663 militem
2780 4611 3187 4678 exaggerat,et
3203 4606 3659 4682 Adrianopolim

2000 4703 2456 4769 praetergressus
2473 4698 2536 4752 in
2558 4696 2928 4768 superiorem
2949 4702 3186 4769 partem
3214 4696 3389 4753 llebri
3413 4698 3661 4769 agmine

1997 4786 2178 4842 ducto
2221 4803 2360 4843 cum
2413 4787 2687 4858 Bulgaris
2731 4787 3040 4858 poscebat,
3083 4787 3188 4842 sed
3245 4787 3494 4846 exitium
3542 4789 3657 4848 sibi

1076 4959 1120 4994 ¹²
1155 4955 1453 5038 Ἀδριανού,
1480 4965 1576 5038 *καὶ
1607 4963 1766 5035 εὑρὼν
1796 4965 1854 5014 τὸ
1886 4965 2186 5038 στράτευμα
2214 4973 2305 5017 τοῦ
2337 4964 2594 5037 βασιλέως
2617 4965 2883 5038 ῘΙωάννου,
2923 4968 3014 5016 καὶ
3055 4961 3342 5038 ἀπατηλοῖς
3370 4964 3546 5037 λόγοῖς
3582 4967 3654 5024 D.

1398 5033 1442 5068 ¹⁴
1471 5031 1674 5085 ἐπέθετό
1706 5036 1894 5122 ratirati.
1925 5031 2012 5086 Διὸ
2041 5031 2264 5108 ἐτίμήθη
2311 5031 2456 5111 παρὰ
2479 5044 2571 5089 τοῦ
2601 5035 2861 5122 βασιλέως
2904 5039 3063 5108 μέγας
3093 5031 3461 5122 ἐταιρειάρχης
3490 5039 3517 5090 6
3549 5044 3652 5093 Κα-

2612 5110 2656 5143 ίθ
2687 5111 2776 5160 καὶ
2828 5106 3062 5161 λείανέ-
3091 5106 3374 5166 ἐποιήσατο
3421 5124 3544 5164 om.
3578 5110 3649 5166 D.

274 5170 324 5208 ’τ
349 5175 534 5258 xui:
576 5170 773 5258 ἐΣιΛέςαλε
800 5188 926 5229 om.
1070 5170 1079 5174 ⁷
1116 5174 1161 5208 ¹⁸
1191 5170 1470 5258 Asx-6:616?
1501 5177 1753 5258 θυθατρὸς
1781 5170 2222 5253 τοῡ’Λασ;ηιάρερς¹
2241 5177 2520 5256 Θεοδώρου
2559 5182 2790 5252 σύζυγος
2812 5181 2879 5236 D.
2960 5181 3004 5214 ¹⁹
3032 5175 3212 5238 ἐπειδὴ
3237 5210 3307 5219 -
3337 5179 3654 5258 Βουλγάροις

270 5257 408 5298 om.
450 5244 513 5297 D.
590 5244 638 5279 ²⁰
668 5243 721 5296 ὃν
749 5275 815 5286 -
849 5249 1095 5302 πεποίηκε
1125 5261 1247 5302 om.
1280 5249 1345 5302 D.

1424 5249 1467 5282 ει
1508 5250 1619 5307 ἣτις
1648 5249 1714 5289 .'_
1738 5254 2041 5321 γεγέννηται
2071 5249 2192 5307 dm.
2231 5254 2296 5307 D.

1259 5371 1580 5434 Theodori
1613 5375 1848 5437 Dousa;
1879 5379 1944 5437 et
1971 5375 2205 5438 Leonis
2233 5377 2453 5439 Allatii
2480 5381 2672 5440 notaa.

352 5499 462 5572 (52)
499 5504 676 5576 Μέγας
734 5501 1124 5576 ἑταιρειὰρχηςν.
1162 5503 1241 5558 De
1279 5504 1394 5561 hac
1423 5505 1711 5574 dignitate
1749 5506 1882 5563 vide

273 5570 646 5699 gloss'ariu'm
698 5570 928 5629 Meursii
962 5570 1040 5630 'i'rl
1092 5575 1321 5650 ἑταιρεία
1371 5582 1461 5630 καὶ
1491 5570 1880 5651 ἓνταιρειάρχης.

333 5658 488 5699 OUSA.

348 5685 671 5790 (63361529:
710 5721 799 5770 καὶ
827 5723 930 5774 τῶν
957 5717 1130 5772 πυλῶν
1157 5726 1258 5792 τῆφ
1288 5725 1351 5774 Κ.
1385 5722 1698 5794 Gregoras,
1726 5736 1788 5795 p.
1819 5727 1884 5784 27

1995 5511 2180 5705 (:(2584')
2199 5513 2387 5654 ᾼδῐξλὲν
2426 5577 2513 5634 οὖν
2543 5579 2760 5655 Ἀγγελο
2772 5601 2811 5643 ς.
2844 5580 3086 5638 Brevius
3111 5582 3423 5656 Gregoras,
3450 5599 3513 5658 p.
3539 5587 3639 5647 28.

2053 5669 2138 5705 LL.

2053 5669 2138 5708 LL.
