4152 6390
480 348 616 407 1047
1783 344 2065 403 GEORGII
2102 350 2120 401 Λ

2241 344 2558 403 .OPOLITE
3710 350 3881 408 1048

479 487 776 548 quaerens,
843 468 970 526 acie
1022 466 1370 538 conﬂigere.
1415 467 1739 525 Videbatur
1797 471 1959 526 enim
2013 470 2119 526 sibi

2247 475 2407 543 μαίων
2469 477 2950 547 συγκεκροτημένην
3009 478 3100 528 καὶ
3146 473 3354 529 Ἰταλῶν
3386 475 3459 529 ’³.
3501 475 3887 550 Παραμείψας

479 562 773 632 Bulgaros
804 559 1019 616 timore
1059 557 1319 631 percitos
1372 573 1767 630 nequaquam
1819 560 1912 616 vel
1941 560 2119 616 solun

2248 557 2335 614 οὖν
2386 564 2481 620 την
2521 559 2802 636 Ἀδριανοῦ
2855 564 2941 618 ἐπὶ
2993 566 3059 617 τὰ
3109 565 3214 618 ἄνω
3250 571 3344 616 τοῦ
3377 562 3568 639 Ἕϐρου
3607 568 3705 623 την
3757 584 3885 618 πο-

483 651 576 707 sui
599 647 892 706 exercitus
914 647 1208 719 impetum
1231 646 1538 702 sustinere.
1556 652 1626 703 At
1639 664 1762 704 non
1783 649 1866 705 sic
1884 650 2118 719 Bulgari

2247 654 2387 724 ρείαν
2463 649 2701 720 ἐποιεῖτο,
2771 653 2943 715 ζητῶν
3017 657 3150 726 μετὰ
3221 653 3526 728 Βουλγάρων
3593 653 3884 729 συρῥῆξαι

483 737 592 795 sed
619 741 854 793 Asanus
879 735 1144 792 Joannes
1170 733 1423 806 perﬁdia
1457 750 1528 790 ac
1558 735 1780 792 laedere
1811 740 1890 792 ab
1913 737 2123 807 Angelc

2246 738 2485 812 πόλεμον.
2533 741 2734 802 Ἐζήτει
2793 739 2851 795 δὲ
2882 744 2986 815 ἄρα
3012 746 3098 796 τὸν
3153 743 3313 796 αὐτοῦ
3365 741 3571 817 ὄλεθρον
3599 743 3666 794 ³³.
3702 739 3879 796 Ἐδό-

482 825 797 886 Theodoro
808 825 999 882 fracto
1009 824 1210 897 potius
1228 839 1411 896 quam
1426 825 1683 897 propriis
1694 826 1921 882 viribus
1935 827 2122 883 fretus

2249 848 2326 881 κει
2365 833 2454 881 καὶ⁵
2483 832 2584 903 γὰρ
2617 832 2682 892 ὡς
2713 828 2830 884 οὐδ’
2875 833 2998 893 ὅλως
3047 835 3097 885 οἱ
3149 831 3438 906 Βούλγαροι
3468 831 3883 895 ὑποπτήξαντες

482 931 674 991 parva
703 914 818 971 sibi
847 913 1124 970 auxiliari
1153 929 1343 968 manu
1371 930 1402 968 e
1434 914 1666 986 Scythis
1705 916 2024 984 conducta,
2065 931 2122 970 ne

2250 922 2342 976 τὴν
2409 919 2575 993 ὁρμὴν
2632 925 2722 972 καὶ
2775 925 2936 994 μόνην
2985 930 3075 983 τῆς
3104 923 3152 958 ²⁴
3217 926 3463 996 στρατιᾶς
3510 920 3672 973 αὐτοῦ
3733 922 3880 974 ὑπο-

483 1021 740 1065 numero
761 1004 1011 1077 quidem
1056 1001 1335 1071 millenis,
1369 1004 1772 1061 confidentius
1800 1006 1861 1062 in
1905 1006 2123 1062 conﬂict

2251 1013 2446 1063 σταίεν.
2506 1008 2627 1081 Οὐχ
2675 1010 2809 1062 οὕτω
2864 1007 2924 1064 δὲ
2979 1015 3069 1064 καὶ
3129 1013 3179 1064 οἱ
3240 1010 3527 1083 Βούλγαροι
3550 1011 3620 1076 ³⁵,
3677 1007 3794 1062 ἀλλ’
3843 1011 3879 1062 ὁ

484 1099 617 1154 tum
641 1093 953 1165 agebatur,
988 1093 1161 1162 signo
1191 1092 1372 1149 etiam
1398 1093 1660 1163 militari,
1685 1099 1807 1151 uta
1830 1095 2124 1152 nonnullis

2253 1096 2412 1150 Ἀσὰν
2458 1096 2693 1159 Ἰωάννης
2741 1106 2855 1162 ταῖς
2911 1099 3198 1175 ἐπιορκίαίς
3243 1104 3332 1153 καὶ
3379 1105 3494 1162 ταῖς
3549 1118 3878 1173 παρασπον-

483 1183 794 1243 memoriaa
852 1182 1160 1256 proditum
1219 1185 1327 1253 est,
1387 1182 1785 1254 jurejurando
1850 1185 2122 1242 Theodor

2252 1186 2447 1248 δύσεσι
2497 1198 2590 1244 τοῦ
2641 1191 2887 1265 Ἀγγελου
2937 1190 3208 1269 Θεοδώρου
3271 1193 3460 1267 μᾶλλον
3520 1192 3876 1268 τεθαρῥηκὼς

486 1274 710 1346 scripto
739 1287 1037 1346 appenso.
1076 1274 1144 1328 Et
1171 1270 1320 1328 forte
1349 1271 1505 1329 circa
1540 1271 1742 1330 locum
1775 1274 1969 1330 Hebro
1997 1291 2126 1347 pro-

2251 1279 2282 1338 ᾖ
2340 1286 2452 1342 ταῖς
2489 1284 2753 1356 σφετέραις
2812 1278 3118 1356 δυνάμεσιν,
3170 1282 3345 1355 όϐίγον
3399 1301 3452 1335 τι
3505 1285 3872 1355 συμμαχικὸν

488 1364 745 1433 ximum,
803 1377 987 1434 quem
1045 1360 1486 1420 Clocotinitzam
1543 1364 1872 1436 appellant,
1927 1365 2128 1422 milites

2252 1368 2355 1421 ἀπὸ
2397 1371 2602 1421 Σκυθῶν
2672 1371 2906 1444 εἰληφὼς,
2947 1372 3043 1424 οὐκ
3100 1378 3172 1434 εἰς
3222 1371 3434 1444 χιλίους
3490 1374 3866 1444 μετρούμενον,

490 1452 758 1511 adversis
786 1450 973 1522 signis
998 1450 1250 1518 irruunt,
1279 1453 1336 1507 et
1364 1455 1430 1507 ut
1456 1451 1642 1509 verbo
1682 1454 1922 1524 singula
1951 1455 2130 1527 expri-

2256 1456 2659 1532 θαρραλεώτερον
2717 1459 2786 1520 εἰς
2837 1463 2931 1518 τὴν
2992 1461 3176 1533 μάχην
3243 1459 3462 1534 ἐφέρετο,
3505 1462 3570 1520 ὦς
3608 1465 3743 1532 φασί
3785 1480 3871 1512 τι-

491 1557 682 1612 mam,
711 1540 1049 1597 debellatur
1073 1555 1110 1596 a
1140 1540 1410 1611 Bulgaris
1437 1545 1494 1597 et
1520 1543 1756 1615 Scythis
1776 1544 2131 1613 Theodorus,

2251 1565 2350 1608 νες,
2407 1551 2496 1599 καὶ
2551 1555 2612 1620 τῇ
2678 1553 2884 1621 σημαία
2946 1553 3033 1602 τὸν
3072 1552 3329 1623 ἔγγραφον
3385 1550 3536 1624 ὅρκον
3592 1551 3706 1620 (55)
3768 1557 3869 1603 τοῦ

491 1635 551 1690 et
573 1631 652 1690 ab
676 1630 951 1688 hostibus
982 1645 1103 1687 una
1135 1645 1275 1687 cum
1303 1647 1375 1687 eo
1400 1647 1523 1688 non
1540 1633 1720 1704 pauci
1747 1633 1902 1689 illius
1933 1634 2131 1690 afﬁnes

2255 1631 2531 1708 Θεοδώρου
2594 1634 2959 1711 ἀπαιωρήσας.
3025 1643 3126 1692 Καὶ
3166 1636 3235 1698 δὴ
3297 1643 3415 1712 περὶ
3451 1658 3549 1691 που
3595 1641 3684 1691 τὸν
3721 1658 3869 1712 παρ-

490 1725 550 1779 et
607 1720 897 1791 dignitate
949 1719 1264 1792 conspicui
1331 1724 1386 1776 et
1437 1720 1692 1777 illustres
1742 1723 1875 1793 viri,
1935 1739 2130 1779 eorum

2253 1723 2422 1798 ἐϐριον
2477 1729 2631 1778 τόπον
2682 1726 3104 1797 (Κλοκοτινίτζαν
3135 1728 3290 1781 αὐτὸν
3323 1727 3666 1800 ὀνομάζουσι)
3722 1727 3868 1801 ξυμ-

488 1808 852 1883 supellectile
878 1824 916 1866 a
943 1808 1214 1878 Bulgaris
1236 1808 1629 1881 depopulata,
1646 1811 2128 1883 capiuntur,Asa-

2257 1813 2508 1867 ϐάλλουσι
2553 1817 2620 1868 τὰ
2654 1820 3038 1890 στρατεύματα,
3081 1823 3171 1870 καὶ
3219 1820 3289 1880 ὡς
3338 1816 3387 1869 ἐν
3438 1825 3611 1893 μικρῷ
3648 1821 3710 1870 τὸ
3753 1825 3869 1870 πᾶν

486 1914 606 1956 nus
635 1914 776 1955 cum
826 1897 1208 1954 multitudine
1240 1903 1418 1970 capta
1463 1899 1790 1956 humanius
1830 1917 1895 1957 se
1934 1897 2126 1970 gerem

2255 1911 2620 1972 παραστῆσαι,
2653 1909 2789 1958 κατὰ
2817 1909 3008 1980 κράτος
3033 1908 3082 1943 ²⁶
3134 1913 3342 1959 νικᾶται
3394 1908 3538 1980 παρὰ
3567 1914 3668 1958 τῶν
3701 1905 3868 1959 Βουλ-

485 1987 785 2063 potiorem
813 1987 1130 2060 copiarum
1169 1991 1427 2060 partem,
1470 1992 1526 2045 et
1554 2005 1658 2045 eos
1683 1989 1801 2062 46
1845 1991 2125 2063 ρτεεοίρυι

2254 1993 2428 2063 γάρων
2453 1998 2544 2045 καὶ
2579 2002 2680 2045 τῶν
2737 1997 2945 2048 Σκυθῶν
2976 1998 3002 2048 ὁ
3028 1997 3072 2030 ²⁷
3108 1993 3402 2071 Θεόδωρος,
3437 1999 3525 2047 καὶ
3558 1994 3871 2067 συλλαμϐά-

485 2077 595 2152 qui
621 2075 840 2133 humili
880 2075 1017 2134 loco
1047 2076 1176 2134 nati
1232 2083 1657 2144 convenerant,
1697 2078 1912 2136 liberat
1964 2081 2125 2153 iant

2254 2099 2395 2134 νεται
2450 2085 2541 2154 μὲν
2588 2085 2732 2156 παρὰ
2786 2092 2886 2137 τῶν
2923 2085 3180 2158 πολεμίων
3227 2085 3394 2154 οὗτος,
3443 2085 3539 2137 οὐκ
3590 2084 3758 2156 ὀλίγοι
3802 2081 3870 2138 δὲ

486 2182 697 2226 eorum
729 2165 957 2240 oppida
979 2181 1050 2223 ac
1075 2166 1259 2224 urbes
1285 2166 1662 2238 dimittit,seu
1686 2185 1757 2225 ex
1773 2169 2126 2227 humanitati

2255 2174 2346 2222 xui
2369 2178 2469 2222 τῶν
2512 2181 2808 2244 προσγενῶν
2835 2174 2883 2208 ³⁸
2914 2173 3073 2226 αὐτοῦ
3111 2177 3201 2225 καὶ
3239 2181 3338 2225 τῶν
3386 2172 3434 2225 ἐν
3484 2172 3613 2226 τέλει
3658 2191 3718 2225 τε
3766 2179 3869 2227 καὶ

487 2257 552 2315 id
579 2259 827 2327 gereret,
860 2271 966 2313 seu
995 2259 1060 2313 ut
1095 2255 1210 2313 hac
1251 2256 1482 2314 ratione
1539 2257 1688 2314 utila
1731 2259 1845 2314 sibi
1902 2275 2127 2332 compa

2256 2255 2513 2330 λογάδων,
2569 2265 2659 2312 καὶ
2719 2264 2786 2313 τὰ
2842 2260 3043 2314 ἐκείνων
3095 2265 3266 2315 πάντα
3316 2261 3428 2314 λεία
3462 2269 3572 2324 τοῖς
3625 2261 3867 2334 Βουλγά-

489 2362 634 2406 rans
668 2350 725 2402 et
769 2345 1108 2402 commodis
1139 2345 1262 2402 suis
1319 2351 1462 2419 apta
1508 2347 1898 2420 disponeret:
1939 2365 2129 2406 eoruu

2256 2367 2367 2421 ροις
2422 2346 2635 2419 ἐγένετο.
2693 2349 3190 2426 Φιλανθρωποτέρως
3262 2347 3321 2404 δὲ
3373 2354 3491 2426 περὶ
3552 2354 3612 2403 τὸ
3666 2350 3867 2405 ἁλωθὲν

491 2450 762 2508 namque
782 2434 1121 2492 dominium
1149 2435 1262 2492 sibi
1277 2435 1625 2493 defectionis
1646 2442 1882 2511 tempus
1898 2439 2131 2495 circumi

2260 2435 2455 2499 πλῆθος
2488 2437 2534 2472 ²⁹
2567 2439 2594 2490 ὁ
2635 2438 2800 2491 Ἀσάν
2841 2436 3093 2501 διατεθεὶς
3123 2443 3244 2500 τοὺς
3297 2439 3507 2502 πλείους
3556 2448 3656 2492 τῶν
3703 2459 3870 2516 στρα-

495 2529 778 2599 spectans
842 2524 1227 2581 moliebatur.
1275 2526 1525 2598 Votique
1587 2542 1838 2599 compos
1903 2529 2135 2586 effectus

2258 2529 2518 2598 nupturam
2548 2569 2561 2594 ,
2656 2532 2746 2579 xui
2822 2528 3056 2600 μάλιστα
3123 2533 3240 2591 τοὺς
3311 2526 3700 2605 χυδαιοτέρους
3772 2535 3870 2584 καὶ

493 2619 640 2673 est:
708 2613 934 2687 quippe
991 2629 1146 2686 quos
1215 2614 1340 2686 ipse
1411 2616 1906 2687 persequebatur,
1974 2621 2133 2674 Marti

2262 2612 2559 2687 σύγκλυδας
2597 2617 2666 2683 ³ο,
2718 2615 2972 2691 ἐλευθεροῖ
3020 2622 3277 2694 καὶπρὸς
3332 2622 3428 2680 τὰς
3489 2619 3683 2672 ἑαυτῶν
3738 2619 3868 2673 ἁπο-

490 2705 807 2764 incruento
862 2702 1016 2759 colla
1068 2719 1280 2760 omnes
1313 2703 1674 2762 subdebant.
1724 2707 1810 2762 llli
1865 2709 2044 2764 etiam
2089 2725 2130 2763 s4

2259 2710 2448 2776 πέμπει
2478 2709 2658 2768 κὼμας
2709 2725 2762 2758 τε
2810 2711 2900 2759 καὶ
2951 2706 3120 2769 πόλεις
3144 2707 3213 2776 ⁸¹,
3264 2709 3412 2781 τάχα
3463 2710 3554 2782 μὲν
3593 2712 3652 2761 τὸ
3692 2708 3870 2782 φιλάν-

492 2793 775 2852 submisit
797 2792 1246 2866 Adrianopolis,
1267 2809 1393 2850 non
1413 2794 1602 2851 multo
1631 2801 1768 2868 post
1789 2797 2128 2870 Didymotm

2261 2797 2463 2868 θρωπον
2529 2792 2924 2868 ἐνδεικνύμενος,
2985 2799 3133 2869 τάχα
3207 2793 3267 2850 δε
3339 2801 3431 2850 καὶ
3492 2800 3552 2851 τὸ
3603 2804 3870 2874 συμφέρον

489 2885 694 2952 chum,
718 2882 998 2940 Bolerum
1025 2887 1242 2953 totum,
1268 2883 1554 2957 deinceps
1577 2886 1784 2954 Serrae,
1803 2886 2127 2956 Pelagonia

2259 2885 2344 2956 [Ρ.
2385 2885 2474 2955 23]
2513 2889 2679 2958 τούτῳ
2736 2891 3225 2961 πραγματευόμενος
3254 2908 3268 2921 ·
3327 2887 3562 2942 ἐϐούλετο
3616 2895 3707 2943 καὶ
3763 2894 3867 2966 γὰρ

485 2973 756 3046 Prilapus
770 2977 827 3028 et
841 2973 974 3029 loca
985 2973 1442 3029 contermina.M
1448 2988 1672 3045 agnam
1693 2976 1833 3030 item
1846 2973 2040 3032 Blachi
2051 2993 2125 3033 an

2262 2971 2524 3028 δεσπόσαι
2583 2984 2684 3028 τῶν
2723 2981 2990 3045 τοιούτων,
3043 2987 3133 3039 τῆς
3183 2977 3479 3051 (Ρωμαίκης
3522 2978 3700 3054 ἀρχῆς
3738 2979 3865 3034 ἆποσ

488 3061 750 3120 excurrit
797 3060 1218 3133 Elbanumque
1257 3068 1519 3135 occupat
1555 3067 1613 3119 et
1650 3080 1843 3136 usque
1883 3065 2128 3137 Illyriuu

2261 3065 2472 3127 σπάσας
2507 3065 2578 3119 ³³.
2638 3065 2717 3117 Οὗ
2780 3071 2870 3118 καὶ
2929 3069 3217 3138 τετύχηκεν
3251 3088 3263 3101 ·
3321 3065 3430 3120 ἐπεὶ
3480 3074 3570 3122 καὶ
3605 3072 3706 3144 γὰρ
3746 3071 3863 3122 κατ’

483 3152 718 3225 rapinis
748 3151 956 3208 omnia
982 3155 1200 3208 vastat.
1254 3154 1403 3209 Cum
1440 3168 1585 3208 vero
1624 3169 1760 3226 quae
1791 3154 1905 3210 sibi
1945 3155 2123 3211 animi

2217 3153 2428 3238 :utircbv
2479 3158 2698 3207 κατόπιν
2755 3154 2964 3230 ἐχώρει,
3016 3158 3183 3209 πάντα
3235 3156 3486 3229 ἀναιμωτὶ
3539 3161 3700 3228 τούτῳ
3733 3159 3857 3210 ὑπέ-

486 3243 890 3316 proposuerat
925 3241 1144 3310 majori
1182 3255 1256 3296 ex
1309 3245 1477 3313 parte
1526 3243 1885 3314 complesset
1936 3245 2126 3316 dispo-

2255 3264 2468 3314 πιπτον,
2525 3249 2615 3296 καὶ
2661 3248 2860 3316 γίνεται
2905 3247 2996 3317 μὲν
3053 3245 3140 3296 ὑπ’
3194 3245 3350 3299 αὐτὸν
3398 3249 3428 3306 ὴ
3461 3243 3746 3320 Ἀδριανοῦ,
3787 3242 3847 3296 ἔκ

488 3329 828 3399 suissetque
866 3343 979 3399 pro
1019 3327 1285 3394 arbitrio,
1327 3330 1552 3401 patrias
1591 3331 1824 3402 repetiit
1853 3332 2050 3404 sedes,
2091 3350 2123 3389 e

2258 3340 2350 3386 τοῦ
2387 3329 2585 3404 σχεδόν
2613 3329 2672 3386 δὲ
2696 3338 2786 3385 καὶ
2815 3336 2871 3386 τὸ
2894 3330 3302 3407 Διδυμότοιχον,
3334 3334 3440 3388 εἶτα
3459 3333 3657 3407 Βολερόν
3684 3331 3850 3401 ἅπαν,

488 3415 748 3475 castellis
806 3415 1111 3472 nonnullis
1167 3416 1230 3472 in
1286 3418 1626 3475 custodiam
1683 3436 1754 3476 ac
1809 3420 2128 3478 dominiun

2260 3421 2466 3497 Σέῤῥαι,
2525 3421 2813 3494 Πελαγονία
2849 3428 2940 3475 καί
2996 3422 3263 3498 Πρίλαπος
3300 3428 3389 3476 καὶ
3442 3423 3585 3497 πέριξ
3636 3425 3861 3478 τούτων.

487 3511 905 3567 Romanorum
971 3505 1208 3578 relictis,
1270 3507 1571 3582 plerisque
1636 3509 1748 3566 sibi
1806 3513 2123 3570 reservatis

2261 3509 2571 3586 Κατέδραμε
2628 3508 2686 3564 δὲ
2743 3516 2832 3564 καὶ
2866 3520 2961 3572 τῆς
3016 3512 3246 3584 μεγάλης
3285 3512 3520 3586 Βλαχίας
3559 3513 3693 3585 (56),
3735 3511 3871 3564 ἀλλὰ

490 3596 712 3656 milites
741 3597 805 3653 in
841 3595 956 3652 illis
987 3611 1059 3653 ac
1099 3596 1284 3652 duces
1315 3603 1784 3672 quaestoresque,
1830 3602 1936 3673 qui
1972 3602 2124 3658 vecti

2259 3606 2350 3654 xui
2402 3609 2494 3653 τοῦ
2535 3599 2778 3654 Ἐλϐοἰνου
2835 3604 3220 3677 κατακυριεύει,
3269 3607 3359 3654 καὶ
3416 3605 3582 3676 μέχρι
3633 3609 3724 3654 τοῦ
3772 3602 3874 3656 Ἰλ-

493 3686 656 3759 galia
675 3690 733 3743 et
759 3685 982 3743 tributa
1011 3686 1333 3756 exigerent,
1358 3689 1699 3760 constituit;
1731 3690 2133 3764 indicatusqm

2259 3690 2476 3764 λυρικοῡ
2521 3693 2613 3752 τὰς
2659 3689 2799 3752 λείας
2849 3699 3007 3744 ποιεῖ.
3053 3691 3186 3744 Ἐπεὶ
3246 3688 3306 3744 δὲ
3343 3695 3402 3744 τὸ
3432 3691 3563 3744 πολὺ
3603 3698 3695 3743 τοῦ
3737 3690 3873 3764 βου-

493 3779 583 3833 est
606 3773 686 3832 ab
717 3773 1003 3831 omnibus
1033 3779 1176 3831 tunc
1217 3777 1507 3849 temporis
1537 3777 1909 3835 admirabilis
1941 3786 1996 3836 et
2026 3785 2133 3837 tutc

2262 3779 2509 3852 λεύματος
2535 3781 2919 3853 κατειργάσατο
2971 3785 3061 3832 καὶ
3106 3783 3172 3842 ὡς
3222 3781 3407 3852 ἠγάπα
3443 3783 3510 3832 τὰ
3552 3781 3669 3834 καθ’
3709 3780 3876 3833 αὐτὸν

490 3867 869 3936 fortunatus;
897 3880 1096 3938 neque
1121 3870 1282 3922 enim
1306 3865 1368 3922 in
1401 3866 1766 3926 domesticos
1807 3869 2008 3940 gladio
2041 3887 2124 3926 sas

2265 3866 2486 3937 διέθετο,
2555 3868 2628 3931 εἰς
2691 3872 2812 3929 τοὺς
2874 3869 3092 3930 οἰκείους
3154 3868 3455 3933 ἐπαιάζευξε
3500 3875 3710 3940 τόπους,
3750 3874 3880 3924 τινὰ

493 3955 620 4023 viit,
657 3970 855 4028 neque
885 3956 1298 4012 Romanorum
1325 3971 1387 4011 se
1413 3957 1679 4014 caedibus
1705 3959 1933 4030 polluit,
1968 3964 2032 4016 ut
2050 3975 2132 4032 qu

2263 3961 2352 4031 μὲν
2399 3966 2500 4010 τῶν
2567 3962 2821 4033 φρουρίων
2885 3957 3263 4020 καταλελοιπὼς
3314 3960 3415 4012 ὑπὸ
3461 3959 3726 4032 Ῥωμαίων
3788 3957 3881 4013 δε-

493 4049 633 4104 ante
663 4061 804 4102 eum
836 4044 1105 4116 Bulgaris
1137 4045 1608 4104 dominabantur
1637 4055 1978 4106 sueverant.
2011 4051 2133 4107 Him

2269 4048 2581 4112 σπόζεσθαι,
2649 4050 2715 4100 τὰ
2776 4045 2934 4100 πλείω
3002 4043 3062 4100 δὲ
3122 4047 3209 4120 ὑφ’
3248 4047 3430 4101 ἑαυτὸν
3489 4050 3875 4122 ποιησάμενος,

491 4151 620 4194 non
648 4151 686 4193 θ.
714 4134 986 4205 Bulgaris
1015 4135 1200 4191 modo
1227 4135 1334 4191 sed
1360 4137 1648 4193 Romanis
1677 4137 1934 4210 aliisque
1974 4141 2131 4209 genti

2268 4144 2592 4211 στρατιώτας
2623 4135 2671 4188 ἐν
2700 4139 2902 4198 τούτοις
2939 4136 3100 4199 τάξας
3137 4141 3227 4189 καὶ
3255 4141 3584 4212 στρατηγοὺς
3614 4141 3704 4190 καὶ
3750 4143 3881 4201 τοὺς

492 4224 610 4282 bus
640 4223 860 4280 charus
888 4239 959 4280 ac
989 4223 1228 4280 intimus
1257 4225 1614 4283 habebatur.

2267 4228 2732 4301 εἰσπραττομένους
2768 4229 2835 4279 τὰ
2891 4223 3133 4299 δημόσια
3162 4226 3560 4300 φορολογήματα
3587 4227 3656 4282 ³³.
3682 4224 3884 4292 Ἔδοξε

493 4321 622 4387 γοῦν
650 4319 761 4374 τοῖς
808 4317 944 4366 πᾶσι
975 4317 1092 4365 τότε
1119 4318 1208 4366 καὶ
1251 4316 1555 4386 θαυμαστὸς
1581 4319 1666 4367 xui
1709 4318 1968 4388 μακάριος
2000 4338 2012 4349 ·
2054 4317 2112 4369 ού
2139 4320 2242 4392 γὰρ
2270 4318 2469 4393 ἐχρᾶτο
2496 4319 2796 4389 μαχαίραις
2837 4314 2886 4367 ἐν
2926 4322 3032 4378 τοῖς
3063 4315 3289 4384 οἰκείοις,
3330 4313 3444 4370 οὐδ’
3468 4315 3740 4390 ἐχραίνετο
3782 4319 3882 4389 φό-

497 4424 608 4467 νοις
635 4402 964 4475 Ῥωμαῖκοῖς,
992 4405 1057 4465 ὡς
1088 4406 1138 4456 οἱ
1160 4408 1260 4478 πρό
1301 4405 1457 4458 αὐτοῦ
1491 4414 1590 4457 τῶν
1625 4405 1927 4480 Βουλγάρων
1953 4406 2021 4464 3‘.
2056 4407 2233 4463 Ἔνθεν
2285 4428 2368 4461 τοι
2393 4412 2484 4460 καὶ
2513 4405 2571 4458 ού
2613 4409 2766 4477 μόνον
2805 4407 2950 4481 παρὰ
2992 4405 3318 4480 Βουλγοὲρων,
3361 4404 3490 4459 ἀλλὰ
3525 4411 3616 4459 καὶ
3642 4408 3690 4443 ³⁸
3728 4411 3884 4480 παρά

487 4477 769 4568 Ῥωμαίων
795 4491 1013 4565 ἐφιλεῖτο
1034 4497 1148 4560 (57)
1176 4477 1266 4546 και
1288 4493 1470 4568 ἐτέρων
1499 4493 1654 4547 ἐθνῶν
1675 4495 1743 4549 ³⁸.

578 4615 853 4695 ²²ηπολλὴν
879 4615 1180 4695 -ἐΙταλῶν
1211 4633 1332 4695 om.
1367 4619 1434 4674 D.
1494 4619 1560 4695 Δξδ
1600 4618 1770 4679 ἐζήτει
1799 4651 1866 4659 -
1891 4619 2095 4695 ὀλεθρον
2125 4637 2246 4678 om.
2289 4623 2354 4676 D.
2398 4618 2481 4695 _“
2506 4622 2596 4670 καί
2621 4614 2791 4695 ἐδόκει
2817 4620 2958 4695 ὡς-οἰ
2994 4618 3278 4695 Βούλγαροι
3318 4619 3712 4695 ’ὑποπτήξαντες
3747 4618 3882 4676 οὐδὲ

503 4692 598 4765 τῂν
629 4691 916 4765 ὁρμὴνμτῆς
951 4689 1018 4745 D.
1096 4690 1144 4725 ³⁵
1171 4689 1277 4761 οὐχ
1299 4721 1373 4765 _—:
1412 4689 1696 4765 Βούλγαροι
1744 4707 1863 4747 om.
1898 4695 1961 4748 D.
2007 4689 2088 4729 ’²⁶
2119 4697 2143 4744 ό

2230 4724 2277 4734 -
2304 4692 2495 4765 κράτος
2538 4705 2660 4745 om.
2704 4691 2774 4744 D.
2858 4693 2914 4765 ³-⁷-
2934 4693 3079 4765 παρὰ
3307 4692 3333 4744 ό
3358 4690 3611 4764 Ἀγγελος
3645 4697 3753 4753 νέος
3794 4696 3870 4750 D.

504 4759 859 4837 ’θώκοιὶσυλλ
890 4791 962 4802 --
993 4759 1317 4837 προσγενῶν]
1335 4760 1400 4837 ᾗς
1431 4759 1841 4837 συλλαμϐάνεται
1866 4769 1956 4817 καὶ
1974 4765 2080 4837 ,οὐκ
2109 4764 2277 4837 ὀλίγοι
2301 4759 2700 4837 τῶνῗσυγγενῶν
2729 4765 2792 4816 D.
2873 4763 2920 4837 i9
2946 4759 3065 4837 περὶ
3089 4793 3158 4804 -
3181 4759 3385 4837 ,πληθος
3410 4759 3532 4820 dli).
3562 4767 3624 4820 D.
3703 4765 3756 4800 3°
3785 4770 3881 4818 καὶ

547 4832 740 4888 α’λιστα
763 4865 833 4875 -
857 4829 1315 4912 συγ-κλυδαςιοαιξ
1432 4910 1447 4912 ν.
1466 4833 1511 4868 θί
1544 4829 1633 4886 καὶ
1657 4838 1782 4912 πρὸς
1805 4866 1874 4876 -
1903 4829 2313 4912 relationi-Ap.
2335 4906 2346 4912 _
2385 4835 2432 4869 ⁸²
2463 4829 2557 4912 τῆς
2582 4865 2653 4874 —
2678 4829 3242 4912 ἀποσπάσαςρῑζιηῐ).
3304 4835 3354 4912 ἕξ
3382 4839 3613 4897 καὶτοὺς
3632 4867 3702 4912 -_—
3721 4856 3880 4912 φορο-

534 4912 781 4983 ογήματα
799 4903 1018 4963 om.'D.
1093 4905 1142 4940 ³⁸
1165 4903 1468 4976 Ῥωμαϊκοῖς
1487 4937 1556 4946 —
1581 4903 1882 4981 Βουλγάρων
1914 4925 2035 4965 om.
2070 4911 2137 4966 Ι).

2070 4911 2137 4966 D.
2212 4908 2260 4943 ⁸³
2291 4906 2350 4960 ού
2378 4936 2450 4947 -
2474 4910 2564 4958 καὶ
2589 4921 2713 4962 om.
2745 4907 2811 4961 D.
2888 4906 2936 4942 ³⁸
2966 4909 3056 4958 καὶ
3086 4905 3268 4981 ἐτέρων
3296 4907 3451 4960 ἐθνῶν
3480 4923 3606 4965 om.
3637 4909 3699 4964 D.

1481 5005 1800 5068 Theodori
1832 5007 2068 5069 Dousaa
2099 5012 2163 5068 et
2186 5005 2419 5068 Leonis
2445 5003 2662 5066 Allatii
2687 5008 2880 5065 notia.

579 5114 691 5242 $5)
725 5120 800 5187 Τῇ
845 5112 1052 5184 σημαία
1100 5113 1188 5163 τὸν
1241 5112 1492 5193 ἔγγραφον
1531 5114 1700 5196 ὅρκον.
1736 5113 2043 5196 ,ΡῙΘῙἨΗΠΘ
2080 5113 2156 5194 εἰς
2188 5117 2219 5172 ΙῙ

579 5202 592 5241 ι
637 5202 673 5241 a
699 5187 983 5242 exempla
1011 5182 1178 5242 apud
1203 5181 1353 5238 alios
1385 5184 1703 5242 historicos
1732 5201 2168 5242 1nven1es.au1-

2343 5110 2457 5183 (ενδ)
2507 5116 2612 5172 Τῆς
2639 5109 2869 5183 μεγάλης
2898 5108 3129 5181 Βλαχίας
3159 5109 3263 5191 (α).
3296 5110 3617 5167 Thessaliae
3653 5126 3883 5186 nempe

2273 5187 2587 5242 montana.
2619 5197 2754 5242 quas
2785 5197 3012 5242 magna
3046 5181 3282 5237 Blachia
3311 5181 3688 5238 dicebantur.
3715 5185 3883 5241 Nice-

505 5181 673 5262 gnilia
699 5181 983 5262 exempla
1011 5181 1178 5254 apud
1203 5181 1353 5262 alios
1385 5181 1703 5262 historicos
1732 5181 2021 5262 invenies,
2039 5187 2168 5256 qui-
2273 5181 2587 5262 montana,
2608 5181 2754 5262 quas
2785 5197 3012 5262 magna
3046 5181 3688 5262 BlaChia‘dicebantur.
3715 5181 3886 5241 Nice-

505 5256 624 5314 bus
655 5254 1039 5329 cognoscitur
1054 5253 1185 5329 rem
1211 5255 1642 5329 ma_le_cessisse
1659 5258 1942 5329 perjuris:
1969 5253 2168 5329 net—{ue
2274 5259 2366 5329 tas
2393 5253 2455 5308 in
2485 5253 2790 5329 Balduino,
2815 5269 2876 5325 p.
2910 5256 3033 5309 8H.
3069 5253 3214 5308 Hinc
3242 5253 3404 5329 illius
3426 5253 3687 5329 regionis
3716 5271 3885 5329 asse-

511 5329 673 5385 enim
691 5323 877 5382 ﬁdem
903 5325 1531 5400 frangitliomini,rqui
1545 5323 1942 5400 jurejurando
1969 5323 2168 5400 foedus
2275 5325 2379 5381 ciae
2409 5323 2873 5397 Μεγαλοϐλαχῖται
2906 5330 3196 5380 vocantur
3215 5340 3252 5380 a
3273 5323 3688 5398 Pachymerio,
3715 5326 3824 5382 lib.
3841 5344 3880 5396 ι,

513 5403 572 5456 et
621 5403 803 5470 pacta
849 5397 1229 5454 constabilita
1267 5397 1569 5467 amOlitur',
1604 5397 1708 5455 sed
1741 5400 1878 5461 Deo,
1914 5399 2020 5470 qui
2057 5399 2168 5454 has
2275 5413 2344 5452 ca
2397 5401 2526 5452 .30.
2550 5401 2685 5451 ALL.
3438 5397 3443 5398 “

513 5469 769 5539 injurias
825 5468 1075 5539 pulchre
1130 5469 1456 5526 ulciscitur.
1522 5471 1609 5528 Cf.
1658 5470 2024 5539 Nicephorus
2062 5485 2168 5539 pa-
2295 5538 2302 5539 ί
2345 5413 2462 5539 £57)
2505 5469 2657 5539 Παρὰ
2692 5465 2956 5538 Ῥωμαίων
3015 5465 3249 5539 ἐφιλεῖτο.
3276 5467 3447 5539 ίΗὶηο
3485 5467 3687 5539 plures
3726 5469 3779 5539 ej

513 5467 769 5551 injurias
825 5468 1075 5542 pulchre
1130 5469 1456 5552 ulciscitur.
1493 5471 1609 5553 _Cf.
1658 5467 2024 5541 Nicephorus
2062 5485 2168 5540 pa-
2345 5467 2462 5539 (57)
2505 5469 2657 5541 Παρὰ
2692 5467 2956 5538 Ῥωμαίων
3015 5467 3249 5547 ἐφιλεῖτο.
3301 5467 3447 5522 Hinc
3485 5467 3687 5541 plures
3726 5469 3886 5551 ejus-

516 5540 798 5610 tmarcha,
830 5557 890 5597 1n
920 5542 1235 5598 Breviario
1287 5543 1589 5608 hzslorzco,
1621 5558 1682 5612 p.
1715 5545 1782 5595 24
1827 5544 1870 5596 D
1923 5539 2019 5596 ed.
2063 5544 2171 5596 Lu-
2275 5538 2413 5595 dem
2453 5537 2664 5594 laudes
2705 5543 2762 5594 et
2797 5553 3101 5610 praeconia
3131 5538 3294 5610 apud
3325 5543 3561 5597 Graecos
3590 5544 3882 5612 posterio-

518 5603 678 5686 par.,
709 5584 1145 5670 de’Justiniano
1170 5613 1293 5669 ﬁlio
1321 5581 1710 5669 Constan’ti'ni.
1743 5617 1880 5668 ALL.
2274 5627 2388 5666 res.
2429 5614 2569 5666 ALL.

575 5716 655 5780 (ο)
681 5716 754 5771 Cf.
785 5717 1003 5773 Bandur.
1031 5719 1366 5771 animadvers.
1397 5719 1447 5769 in
1471 5717 1780 5770 Constantini
1804 5719 2108 5786 Porphyrog.
2136 5721 2212 5772 De
2251 5718 2421 5770 Thom.
2457 5719 2494 5769 l.
2522 5733 2554 5778 ι,
2585 5732 2635 5782 p.
2666 5717 2724 5769 lO
2750 5718 2801 5768 in
2830 5724 2960 5768 torno
2988 5723 3154 5768 nostro
3189 5716 3340 5771 CXll.
