4152 6394
259 351 400 410 1049

325 496 406 539 κς.
458 475 601 530 Ἐπεὶ
649 479 800 546 γοῦν,
857 474 928 536 ὡς
973 473 1000 525 6
1043 472 1195 545 λόγος
1245 469 1544 547 ἱστόρησεν,
1591 472 1617 526 6
1660 471 1852 545 Ἀγγε-
1882 474 1930 530 Δ

252 565 336 628 λος
406 561 677 640 Θεόδωρος
731 561 958 637 λάφυρον
1028 560 1252 634 ἐγεγόνει
1319 563 1452 634 μετὰ
1509 565 1599 614 καὶ
1664 561 1854 616 λοιπῶν

253 660 626 733 προσηκόντων
678 661 752 725 τῷ
801 671 936 725 γενει
983 650 1229 726 ἐκκρίτων
1272 643 1490 726 ’ἀνδρῶν
1541 659 1614 722 τῷ
1672 651 1854 720 Ἄσαν,

256 743 554 818 ἄφρουρεῖτο
709 742 832 818 παρ’
877 741 1058 806 αὐτοῦ,
1087 740 1460 817 ἐφιλοφρονεῖτο
1492 737 1552 794 δὲ
1580 747 1647 794 τα
1671 741 1858 801 πολλά.

257 838 360 889 Καὶ
389 841 542 887 τοῦτο
575 829 635 892 ἧν
665 831 749 885 ἐπὶ
790 830 916 884 πολύ
937 852 951 865 ·
985 829 1094 884 ἐπεὶ
1128 828 1186 884 δὲ
1229 831 1301 893 εἰς
1328 833 1396 884 τὰ
1433 833 1567 884 οἶκοι
1591 850 1858 906 νεωτερισ-

255 931 378 996 μοῖς
393 924 636 996 χρᾶσθαι
652 922 696 956 ⁸⁷
712 925 1013 996 πεφώραται
1035 919 1167 992 (58),
1185 919 1428 992 ἔκτυφλοί
1454 920 1608 973 αὐτὸν
1631 921 1655 971 6
1676 919 1853 976 Ἀσὰν.

253 1011 316 1065 Ὀ
366 1011 456 1085 μὲν
511 1008 598 1064 οὖν
650 1007 871 1084 ἁδελφὸς
924 1009 1083 1063 αὐτοῦ
1122 1009 1369 1069 Μανουὴλ
1415 1010 1440 1061 6
1479 1008 1752 1082 Ἄγγελος,
1801 1009 1858 1071 ὃς

258 1097 554 1171 δεσποτικῷ
617 1099 872 1172 ἀξιώματι
931 1101 1076 1175 παρὰ
1130 1105 1223 1151 τοῦ
1279 1095 1504 1172 ἀδελφοῦ
1562 1097 1854 1171 ἐτετίμητο,

255 1197 393 1262 φυγῇ
445 1190 782 1264 χρησάμενος
861 1189 1020 1247 ἠνικα
1082 1190 1140 1240 16
1200 1188 1486 1260 Ῥωμαίκόν
1556 1185 1856 1260 ἐπετρέπετο

253 1279 554 1350 στράτευμα
618 1277 686 1344 ³⁸,
755 1275 844 1330 ἐπὶ
917 1281 1012 1335 τὴν
1080 1275 1470 1334 Θεσσαλονικην
1547 1274 1704 1349 ἀπῄει
1767 1283 1858 1331 καὶ

254 1363 521 1430 δεσπότης
570 1367 886 1440 ὠνομάζετο,
943 1369 1139 1429 ταύτης
1196 1385 1251 1419 τε
1307 1370 1557 1440 κυριεύων
1613 1371 1698 1419 καὶ
1756 1377 1856 1420 τῶν

251 1461 371 1530 περὶ
401 1456 586 1526 αὐτὴν,
623 1455 860 1531 ἐρυθροῐς
910 1453 970 1510 δὲ
1011 1458 1292 1531 γράμμασι
1335 1454 1426 1518 τάς
1471 1456 1630 1508 αὐτοῦ
1659 1456 1857 1532 γραφὰς

252 1542 504 1620 ἐπεκύρου
535 1546 604 1600 3°.
643 1548 774 1619 Πρὸς
804 1547 857 1599 ὃν
904 1549 994 1598 καὶ
1025 1543 1306 1615 ἀπὲσκωψε
1350 1563 1426 1606 τις
1467 1553 1566 1597 τῶν
1595 1545 1857 1620 πρέσϐεων

253 1635 400 1707 παρά
450 1641 542 1687 τοῦ
597 1632 856 1708 βασιλέως
897 1633 1130 1688 Ἰωάννου
1185 1631 1517 1706 ἀποσταλεὶς,
1565 1636 1634 1696 ὡς
1672 1635 1761 1698 Εἰς
1801 1639 1858 1689 σε

253 1722 446 1796 μᾶλλον
498 1723 719 1797 ἁρμόσει
766 1724 824 1776 τό
879 1723 952 1787 εἰς
1014 1731 1245 1797 Χριστον
1287 1719 1746 1796 ψαλτῳδοὺμενον,
1799 1727 1857 1779 σε

252 1815 340 1865 τὸν
389 1811 613 1885 βασιλέα
653 1817 741 1865 καὶ
773 1809 1055 1872 δεσπότην.
1091 1816 1188 1867 Καὶ
1247 1813 1309 1872 ἦν
1340 1815 1432 1885 μὲν
1482 1816 1539 1865 16
1573 1811 1673 1866 ἀπὸ
1701 1810 1856 1868 τοῦδε
1883 1829 1932 1886 Β

252 1903 280 1954 ό
337 1900 586 1973 Ἀγγελος
637 1901 886 1961 Μανουὴλ
941 1911 1040 1955 τῶν
1091 1901 1550 1974 ἱναπολειφθεισῶν
1602 1905 1734 1977 πρὸς
1791 1906 1858 1956 τὰ

251 1986 448 2044 δυτικά
496 1995 627 2066 μέρη
667 2000 857 2065 χωρῶν
901 1995 993 2044 καὶ
1033 1991 1226 2044 πόλεων
1271 1990 1551 2064 ἔγκρατὴς,
1610 1996 1682 2066 μὴ
1715 1995 1859 2068 παρὰ

250 2087 350 2132 τῶν
394 2080 699 2154 Βουλγάρων
738 2083 797 2134 16
832 2079 1040 2134 σύνολον
1093 2079 1482 2153 ἐνοχλούμενος,
1527 2079 1639 2134 ἐπεὶ
1681 2090 1744 2155 τῇ
1801 2081 1858 2135 ἐκ

249 2166 576 2232 παλλακίδος
598 2177 690 2222 τοῦ
719 2168 881 2226 Ἀσὰν
913 2170 1306 2231 συνεκοιτάξετο
1339 2171 1582 2243 θυγατρί.

323 2257 422 2320 κζ’.
459 2257 617 2315 Ἀλλά
663 2258 747 2312 ἰπὶ
782 2263 905 2322 τούς
959 2257 1007 2311 ἐν
1055 2267 1116 2332 τῇ
1169 2263 1554 2313 Κῶνσταντίνου
1603 2263 1859 2322 Λατίνους

251 2346 436 2400 ἐλθέτω
489 2352 578 2400 καὶ
623 2345 769 2410 αὖθις
819 2350 845 2402 ό
890 2356 986 2410 τῆς
1045 2351 1284 2424 ἱστορίας
1330 2351 1520 2422 εἱρμός.
1580 2351 1646 2402 Οἱ
1697 2348 1746 2402 ἓν
1801 2357 1855 2422 τῇ

255 2437 794 2491 Κωνσταντινουπόλει
881 2435 1061 2497 ἔπειδὴ
1093 2481 1109 2507 ,
1182 2441 1252 2500 ὡς
1344 2443 1757 2514 προειρήκαμεν,
1832 2440 1858 2491 ό

254 2527 584 2602 Ῥομπέρτος,
646 2527 700 2580 ὃν
751 2529 820 2588 ὡς
883 2525 1109 2601 βασιλέα
1161 2529 1186 2579 6
1242 2527 1394 2598 λόγος
1449 2529 1589 2599 ἔχειν
1646 2530 1859 2590 τούτους

255 2616 504 2688 ἱστόρησε
558 2616 627 2686 ⁸ο,
680 2621 768 2670 τόν
833 2617 1058 2692 Εὔριπον
1114 2615 1420 2669 καταλαϐὼν
1482 2617 1857 2689 τετελεύτηκεν,

254 2703 583 2778 ἒναπελείφθη
619 2702 677 2759 δε
707 2708 732 2759 6
778 2703 997 2779 ἀδελφὸς
1195 2706 1355 2759 αὐτοῦ
1414 2703 1728 2770 Βαλδουῖνος
1783 2710 1860 2760 ἔτι

252 2792 442 2868 ἀφῆλιξ
494 2795 582 2866 ὢν,
638 2795 911 2849 στέλλουσι
965 2794 1243 2868 πρεσϐείαν
1297 2799 1429 2872 πρὸς
1483 2797 1724 2856 Ἰωὰννὴν
1770 2800 1858 2850 τὸν

251 2883 629 2957 ὀνομαζόμενον
684 2886 1055 2958 Ἰεροσολύμων
1106 2886 1248 2960 ῥῆγα
1303 2887 1369 2957 ⁸¹,
1418 2891 1593 2959 φήμην
1632 2905 1687 2938 τε
1737 2886 1858 2939 πολ-

249 2972 338 3031 λὴν
397 2973 669 3045 αύχουντα
708 2973 829 3048 περί
872 2975 961 3036 τὰς
994 2993 1374 3048 στρατιωτικας
1411 2971 1672 3049 μεθόδους
1703 2975 1859 3051 βρια-

251 3064 340 3135 ρόν
370 3061 452 3132 (Ρ.
505 3062 596 3130 24)
644 3080 697 3114 τε
725 3069 886 3136 χεῖρα
935 3067 1025 3114 καὶ
1072 3071 1144 3135 τῷ
1182 3065 1387 3135 μεγέθει
1441 3068 1565 3127 τοὺς
1612 3064 1726 3117 κατ’
1771 3063 1861 3116 αύ-
1892 3059 1932 3116 C

251 3152 339 3202 τόν
392 3147 788 3224 ὑπερϐάλλοντα,
840 3153 908 3211 ὡς
960 3152 1020 3203 ἄν
1077 3170 1135 3224 γε
1191 3149 1427 3224 ἀφίκοιτο
1484 3156 1616 3228 πρὸς
1673 3152 1862 3226 αὐτοὺς

248 3243 338 3292 καὶ
367 3237 616 3312 βασιλεύς
645 3240 1228 3304 Κωνσταντινουπόλεως
1255 3243 1543 3315 φημισθείη
1586 3246 1675 3295 καὶ
1713 3242 1864 3319 ἄρξοι

250 3332 318 3392 ὡς
355 3329 690 3405 αὐτοκράτωρ
734 3338 831 3383 τῶν
871 3331 937 3393 εἰς
985 3331 1147 3390 αὐτὴν
1196 3332 1264 3401 ⁸³,
1322 3330 1735 3406 ἐπιγαμϐρεύσοι
1803 3329 1864 3388 δε

251 3417 416 3490 ἑαυτῷ
455 3423 541 3470 καὶ
569 3421 656 3472 τὸν
684 3422 737 3472 ὄν
769 3416 909 3492 εἶχεν
942 3420 1014 3483 εἰς
1039 3424 1134 3479 τὴν
1178 3419 1548 3495 κληρονομίαν,
1582 3423 1652 3484 ὡς
1683 3422 1859 3494 ᾠοντο,

251 3505 561 3562 Βαλδουῖνον
594 3511 832 3583 (ὑπῆρχε
861 3512 961 3583 γὰρ
995 3518 1070 3582 τῷ
1091 3511 1223 3586 ῥήγὶ
1253 3515 1344 3563 καὶ
1378 3513 1700 3587 θυγατριον),
1732 3515 1863 3586 μετὰ

251 3593 310 3651 δε
354 3602 448 3657 τὴν
495 3605 588 3650 τοῦ
647 3597 808 3673 ρηγὸς
865 3597 1156 3652 ἁποϐίωσιν
1207 3597 1522 3672 βασιλεύσοι
1581 3603 1776 3654 τούτων
1835 3601 1861 3652 ό

249 3683 584 3756 Βαλδουῖνος,
611 3687 773 3751 αὔξην
834 3685 1288 3762 προσδεδεγμένος
1337 3697 1430 3750 τῆς
1467 3689 1695 3757 ἡλικίας,
1751 3689 1857 3743 ἐπεὶ

249 3782 338 3830 καὶ
367 3779 392 3829 ό
417 3777 518 3852 ῥὴξ
565 3777 752 3852 ἔξωρος
781 3778 911 3849 ἄγαν
940 3778 1022 3846 ἦν,
1053 3783 1174 3851 περί
1197 3798 1296 3831 που
1325 3781 1391 3832 τὰ
1420 3776 1748 3852 ὀγδοήκοντα
1772 3781 1858 3839 ἔτη

252 3866 282 3926 ἦ
311 3871 401 3918 καὶ
427 3865 584 3918 πλείω
613 3869 806 3920 τούτων
837 3863 872 3919 δ
878 3865 1132 3928 ιαϐιὼσας
1158 3868 1227 3926 ⁸³⁸.
1246 3868 1335 3930 Ὠς
1365 3873 1455 3920 καὶ
1486 3868 1645 3931 αὐτὸς
1668 3875 1862 3921 τούτων

258 3951 416 4025 εἶδον,
452 3955 860 4029 ύπερεξεπλάγην
889 3959 948 4010 16
987 3964 1079 4008 τοῦ
1110 3953 1298 4031 ἀνδρὸς
1325 3956 1374 4009 ἄν
1399 3959 1546 4031 πάσῃ
1579 3955 1864 4012 διαπλάσει

256 4046 376 4104 τοὺς
428 4043 612 4108 ἄλλους
661 4045 1061 4119 ὑπερϐάλλοντος
1097 4045 1226 4098 πολὺ
1273 4047 1407 4099 κατά
1457 4065 1518 4118 γε
1562 4054 1732 4120 μῆκος
1772 4039 1864 4099 καἱ

252 4132 472 4196 πλάτος.
510 4136 752 4188 Ξυνὲθετο
779 4134 905 4208 γοῦν
933 4136 959 4187 ό
995 4134 1097 4210 ρὴξ
1127 4134 1246 4207 (60)
1287 4142 1351 4208 τῇ
1383 4135 1654 4210 πρεσϐείᾳ,
1695 4140 1785 4222 καὶ
1815 4136 1864 4172 “

249 4222 632 4296 καταλαμϐἁνει
703 4229 798 4284 τὴν
861 4228 1274 4293 Κωνσταντίνου,
1342 4228 1436 4284 τὴν
1499 4229 1709 4299 πορείαν
1756 4221 1866 4278 δια

248 4475 322 4547 D.
418 4474 466 4508 ³⁸
502 4474 686 4526 Ἠνίκα
718 4474 768 4514 ὲ-
819 4474 1122 4547 στράτευμα
1151 4474 1272 4547 om.

248 4546 559 4619 ξΡομπέρτος
586 4547 612 4619 6
642 4553 738 4607 τῆς
778 4544 1170 4619 Κωνσταντίνου
1207 4544 1456 4619 βασιλεύς
1509 4549 1572 4602 D.

1771 346 2115 408 ANNALES.

2738 305 2776 341 ο

3480 361 3622 421 1050

2033 473 2145 546 47
2173 474 2625 532 26.Theodorus
2657 478 3009 551 Angelus,ut
3028 479 3301 549 dixi,una
3330 497 3469 541 cum
3491 484 3624 543 aliis

1969 560 2252 617 afﬁnibus
2277 566 2335 618 et
2365 563 2505 619 viris
2536 564 2865 622 illustribus
2895 569 2973 623 ab
2999 573 3199 625 Asano
3238 571 3500 643 spolium
3535 572 3622 630 fa-

1965 653 2097 706 ctus
2125 650 2186 707 in
2211 651 2548 709 custodiam
2570 654 2882 724 conjicitur
2898 672 2911 723 ;
2927 657 3023 712 cui
3039 662 3277 715 Asanus
3300 661 3529 733 prolixe
3550 678 3622 720 ac

1965 738 2226 810 benigne
2256 744 2312 797 et
2355 740 2436 798 ad
2480 742 2728 799 multum
2778 749 3015 818 tempus
3044 746 3304 804 favebat.
3339 751 3455 808 Sed
3479 767 3620 808 cum

1965 827 2132 884 domi
2151 830 2318 885 novis
2366 830 2549 886 rebus
2577 832 2808 889 inhiare
2848 833 3361 906 deprehendisset,
3394 838 3621 896 lumine

1965 916 2178 987 privat.
2212 915 2414 974 Frater
2443 917 2600 974 illius
2644 920 2872 977 Manuel
2903 922 3185 994 Angelus,
3236 924 3500 998 despotaa
3537 925 3623 981 di-

1965 1005 2188 1076 gnitate
2231 1021 2265 1063 a
2304 1006 2483 1063 fratre
2535 1008 2984 1077 cohonestatus,
3028 1011 3240 1083 fugam
3279 1013 3620 1083 meditatus,

1965 1109 2105 1149 cum
2139 1097 2442 1152 Romanus
2462 1096 2632 1153 miles
2658 1102 2824 1170 terga
2841 1104 3114 1168 verteret,
3135 1101 3622 1160 Thessalonicam

1963 1198 2238 1239 reversus
2255 1183 2508 1257 despota
2531 1187 2884 1258 vocabatur,
2911 1189 3067 1245 illius
3089 1193 3146 1246 et
3163 1189 3434 1247 locorum
3460 1191 3624 1262 adja-

1965 1271 2228 1329 centium
2258 1273 2556 1341 dominus,
2599 1276 3073 1352 scriptionesque
3125 1295 3268 1337 suas
3304 1280 3624 1353 purpureis

1967 1361 2412 1419 characteribus
2467 1365 2885 1436 consignabat.
2939 1372 3005 1423 ln
3033 1383 3207 1440 quem
3257 1373 3314 1425 et
3367 1368 3621 1426 Joannis

1965 1450 2344 1523 imperatoris
2371 1451 2608 1522 legatus
2635 1469 2757 1510 non
2782 1455 3084 1514 inurbana
3108 1457 3418 1514 dicacitate
3429 1458 3622 1529 jacta-

1966 1539 2070 1607 vit,
2099 1539 2161 1594 in
2191 1556 2330 1597 eum
2361 1541 2582 1598 scilicet
2623 1543 2820 1614 magis
2869 1547 3061 1618 aptari
3108 1561 3288 1619 posse
3338 1547 3506 1619 quod
3545 1547 3620 1603 de

1968 1627 2196 1685 Christo
2226 1629 2289 1686 in
2341 1631 2588 1686 Psalmis
2633 1631 2866 1702 legitur,
2901 1652 2931 1688 ‹
2972 1639 3027 1690 te
3056 1650 3260 1705 regem
3316 1639 3374 1692 et
3402 1635 3621 1708 despo-

1969 1720 2112 1773 tam.
2148 1738 2175 1767 »
2202 1720 2270 1775 Et
2313 1734 2384 1774 ex
2415 1734 2486 1774 eo
2512 1725 2778 1792 tempore
2807 1723 3068 1792 Angelus
3111 1723 3342 1780 Manuel
3366 1723 3622 1796 reliquo-

1966 1821 2102 1861 rum
2149 1806 2213 1863 in
2250 1806 2602 1864 occidentali
2634 1809 2816 1882 plaga
2844 1811 3208 1884 oppidorum
3257 1827 3330 1868 ac
3377 1811 3620 1868 urbium

1965 1895 2250 1951 dominus
2277 1894 2636 1968 habebatur,
2669 1915 2705 1954 a
2742 1899 3008 1971 Bulgaris
3032 1900 3199 1956 nulla
3235 1901 3512 1957 molestia
3536 1900 3622 1958 la-

1967 1985 2242 2053 cessitus,
2278 1984 2426 2042 dum
2464 1987 2594 2058 ejus
2621 1989 3075 2046 matrimonium
3104 2005 3245 2046 cum
3276 1990 3455 2046 Asani
3499 1988 3624 2046 ﬁlia

1965 2073 2209 2146 vigeret.

2037 2257 2127 2309 27.
2162 2255 2376 2309 Verum
2406 2253 2469 2310 in
2502 2255 2856 2327 Byzantinos
2885 2255 3062 2313 Italos
3085 2271 3294 2313 rursus
3333 2255 3624 2314 orationis

1969 2343 2180 2398 seriem
2209 2348 2651 2400 convertamus.
2687 2345 3003 2417 Cpolitani,
3035 2362 3193 2417 cum,
3231 2350 3292 2402 ut
3321 2349 3457 2402 ante
3485 2361 3627 2402 nar-

1966 2432 2258 2498 ravimus,
2279 2431 2591 2501 Robertus,
2614 2449 2798 2507 quem
2818 2433 2996 2491 veluti
3011 2435 3438 2507 imperatorem
3455 2450 3628 2491 vene-

1966 2521 2276 2592 rabantur,
2308 2522 2594 2594 Euripum
2625 2523 2932 2595 profectus
2978 2524 3336 2598 exspirasset
3356 2529 3415 2580 et
3447 2524 3628 2581 frater

1967 2610 2096 2682 ejus
2120 2609 2447 2666 Balduinus
2466 2626 2615 2683 puer
2631 2611 2751 2685 48
2773 2611 2971 2669 adhuc
2993 2630 3064 2669 ac
3086 2613 3367 2686 impubes
3387 2629 3626 2670 reman-

1969 2699 2160 2765 sisset,
2191 2699 2269 2756 ad
2283 2699 2579 2756 Joannem
2598 2701 3144 2774 Hierosolymorum
3161 2717 3365 2773 regem
3385 2702 3627 2759 militari

1966 2789 2310 2864 prudentia,
2326 2793 2388 2844 ut
2410 2792 2550 2845 tunc
2573 2789 2737 2846 fama
2758 2790 3006 2858 ferebat,
3031 2791 3422 2862 singularem,
3437 2807 3627 2848 manu

1967 2877 2238 2935 validum
2289 2878 2668 2952 multumque
2721 2880 2874 2936 inter
2925 2897 3067 2936 suos
3114 2881 3312 2953 specie
3357 2881 3627 2954 corporis

1968 2969 2353 3036 eminentem,
2385 2966 2616 3039 legatos
2647 2968 2967 3036 destinant,
2985 2973 3051 3026 ut
3074 2970 3155 3026 ad
3184 2969 3315 3027 illos
3339 2969 3625 3027 concede-

1969 3062 2058 3116 ret
2080 3063 2138 3115 et
2161 3057 2358 3131 Cpolis
2378 3058 2699 3132 imperator
2728 3059 3181 3128 acclamaretur,
3211 3075 3305 3116 res
3337 3060 3400 3116 in
3428 3077 3503 3118 ea
3540 3060 3628 3116 uti

1969 3148 2294 3220 imperator
2347 3146 2659 3215 obtineret,
2692 3163 2802 3204 nec
2849 3164 2973 3205 non
3011 3148 3218 3220 ﬁliam,
3271 3165 3454 3221 quam
3499 3148 3628 3222 ipse

1972 3243 2336 3314 susceperat,
2368 3239 2680 3308 Balduino,
2715 3240 2886 3296 sicuti
2911 3241 3025 3313 ipsi
3054 3241 3498 3307 existimabant,
3520 3241 3629 3296 im-

1971 3330 2119 3404 perii
2134 3329 2379 3395 haeredi,
2402 3329 2506 3404 qui
2523 3334 2728 3386 tamen
2747 3333 2880 3403 post
2897 3346 3037 3387 eum
3059 3335 3229 3387 aetate
3241 3331 3372 3402 jam
3389 3335 3630 3387 matura

1970 3435 2040 3476 ac
2071 3419 2303 3489 integra
2330 3421 2672 3490 imperaret,
2706 3419 2767 3477 in
2806 3420 3260 3477 matrimonium
3287 3419 3626 3476 collocaret.

1970 3509 2137 3565 ditas
2169 3509 2326 3581 regis
2353 3509 2608 3565 nimium
2635 3514 3005 3580 processerat
3033 3508 3192 3566 circa
3231 3525 3428 3566 annos
3463 3514 3629 3566 octo-

1969 3598 2134 3669 ginta
2151 3597 2242 3654 vel
2262 3596 2410 3654 ultra
2422 3597 2569 3666 nati,
2582 3597 3105 3670 quemadmodum
3118 3602 3174 3653 et
3188 3597 3316 3669 ipse
3326 3613 3465 3653 eum
3482 3596 3627 3666 vidi,

1969 3686 2365 3744 etadmiratus
2383 3703 2518 3743 sum
2534 3687 2641 3742 viri
2659 3685 3066 3758 undequaque
3084 3690 3354 3742 exactam
3369 3685 3594 3742 molem
3611 3701 3624 3742 τ

1968 3777 2251 3833 humanse
2267 3775 2428 3832 enim
2451 3774 2883 3844 magnitudinis
2895 3774 3146 3830 modum
3162 3773 3537 3845 longitudine
3557 3790 3629 3831 ac

1966 3865 2281 3922 latitudine
2306 3865 2441 3937 plus
2471 3864 2658 3921 nimio
2711 3869 3069 3921 excesserat.
3110 3867 3230 3920 Rex
3259 3864 3470 3935 legatis
3499 3864 3628 3920 ani-

1970 3971 2138 4012 mum
2171 3954 2443 4023 advertit,
2473 3955 2701 4026 iterque
2727 3969 2835 4026 per
2862 3969 3030 4010 mare
3059 3953 3372 4023 ingressus
3397 3953 3627 4026 Cpolim

1969 4043 2166 4101 venit:
2195 4058 2392 4116 neque
2422 4043 2582 4099 enim
2624 4041 2965 4110 multitudo,
2996 4059 3119 4115 qua
3150 4041 3267 4098 sibi
3292 4046 3489 4099 tutum
3517 4043 3628 4099 iter

1970 4136 2240 4192 terrestre
2267 4133 2506 4204 faceret,
2521 4133 2896 4206 suppetebat.
2917 4135 3064 4191 Cum
3088 4132 3299 4206 Cpolim
3322 4137 3626 4206 penetras-

1973 4228 2076 4294 set,
2108 4239 2306 4297 neque
2345 4223 2546 4295 egredi
2579 4237 2774 4296 neque
2818 4223 3050 4297 primus
3087 4238 3360 4298 pugnam
3399 4227 3626 4281 tentare

321 4402 366 4438 ⁸⁷
401 4402 541 4454 Ἐπεὶ
579 4432 648 4442 -
677 4400 966 4485 χρᾶσθαι.]
995 4402 1324 4477 Ἐφρουρείτο
1370 4399 1458 4455 οὖν
1485 4403 1510 4456 6
1540 4402 1784 4475 Ἄγγελος
1814 4399 2088 4472 Θεόδωρος
2115 4404 2261 4476 παρὰ
2301 4409 2392 4454 τοῦ
2432 4401 2975 4509 Ἀσὰνῃφιλοῗρόγοζξ.
3029 4407 3131 4456 Καὶ
3160 4401 3270 4456 ἐπεὶ
3302 4405 3618 4509 νεωτξρίζωῗν

418 4474 466 4508 sa
502 4474 685 4509 ἀνίη
718 4505 768 4509 _
819 4493 1120 4509 ,ουκ-...κη
1151 4490 1250 4509 nm
1320 4477 1362 4509 n
1488 4476 1536 4509 se
1581 4475 1955 4509 .z.......r.:.......,
1999 4474 2234 4509 ann...»
2271 4476 2550 4509 ......'.........
2648 4495 2660 4507 .
2878 4480 2901 4509 Α
2975 4476 3007 4509 ;.
3055 4505 3122 4509 _
3175 4477 3425 4509 ςηφληρ.
3495 4477 3521 4509 ,ς
3603 4478 3618 4509 ι

1488 4476 1536 4511 ⁸9
1581 4475 1864 4582 ὀνομαζόμι

1509 4549 1572 4602 D.
1694 4550 1708 4582 ¹
1748 4548 1864 4604 ῥῆγι

1997 4474 2234 4548 ἕρυθροίς
2271 4476 2554 4547 γράμμασι
2595 4476 2660 4530 Ι)’
2768 4474 2816 4510 ⁸ο
2851 4474 3009 4527 Ἀλλὰ
3054 4505 3122 4517 -
3173 4474 3446 4549 ἱστόρησε]

1968 4554 2044 4598 ’ῶν
2101 4545 2468 4604 Ἰεροσολύμων
2506 4548 2570 4604 D.
2603 4545 2844 4602 omissis
2885 4551 3061 4604 φήμην
3109 4577 3177 4587 -
3217 4545 3446 4604 ὑπερϐάλ

1745 4567 1902 4634 ρηγαρ
1943 4566 2044 4598 των
2069 4615 2091 4632 τ
2116 4566 2468 4634 ιεροσολιυμων
2506 4566 2570 4612 U,
2603 4566 2844 4634 0ml§SlS
2885 4566 3061 4634 φημηγ
3109 4566 3415 4634 -ὶυπερρα

3495 4471 3627 4528 ὁδὶ

2793 4475 2816 4510 °
2851 4474 3009 4527 Ἀλλὰ
3054 4505 3122 4517 -
3173 4474 3468 4598 ἱστὸρησεζ

2796 4546 2844 4598 is
2885 4551 3061 4598 ωήιιην
3109 4577 3177 4587 -
3217 4545 3446 4598 ὑπεοϐάλ

3477 4565 3622 4618 οντα.

249 4617 303 4659 ‘3
335 4615 424 4670 καὶ
443 4615 518 4658 ἒ-
543 4617 705 4675 αύτὴν
736 4632 861 4675 om.
896 4619 958 4674 D.
1038 4619 1083 4654 ⁸³
1111 4615 1538 4692 ἐπιγαμϐρεύσας
1561 4615 1620 4671 δε
1638 4615 2008 4689 τοῦτοναύτῷ,
2042 4615 2091 4671 εἶ
2135 4615 2280 4691 ε’γὰρ
2315 4615 2590 4690 θύγάτρια,
2621 4623 2710 4670 καὶ
2735 4620 2820 4670 ἶνα
2845 4615 2977 4690 μετᾶ
2997 4622 3087 4676 τὴν
3120 4615 3624 4672 τούτου’ἁποϐίωσιν

255 4685 548 4743 Βασιλεύση
581 4688 732 4742 πάλιν
763 4688 935 4743 αύτὸς.
980 4686 1077 4742 Ἦν
1106 4691 1204 4743 ’γὰρ
1232 4689 1258 4742 ὀ
1307 4689 1406 4743 όὴξ
1434 4694 1584 4743 οὗτος
1625 4695 1744 4743 πεοί
1785 4708 1885 4743 που
1937 4692 2004 4743 τὰ
2030 4637 2354 4743 όνᾷοήκοντα
2381 4694 2471 4742 καὶ
2500 4692 2629 4743 πρὸς
2679 4691 2766 4743 ἔτη
2799 4693 2889 4742 καὶ
2917 4692 3190 4743 ύπεοόοιος
3222 4690 3290 4743 D.
3368 4691 3415 4725 “
3455 4691 3525 4743 ὡς
3556 4719 3624 4732 -

252 4685 548 4762 βασιλεύσῃ
581 4688 732 4762 πάλιν
763 4688 935 4750 αύτὸς.
980 4686 1077 4742 Ἦν

247 4758 505 4834 πρεσϐείᾳ
527 4758 622 4813 καὶ
650 4776 776 4818 om.
809 4762 876 4818 Ι).

1106 4688 1211 4765 γὰρ
1232 4688 1280 4742 6⁷
1301 4688 1406 4766 ρῆξ
1434 4694 1584 4753 οὗτος
1625 4695 1744 4759 περί
1785 4708 1885 4743 που
1937 4688 2004 4743 τὰ
2030 4688 2354 4761 ὀγδοήκοντα
2381 4688 2629 4764 καὶπρὸς
2679 4691 2766 4748 ἔτη
2799 4688 2889 4742 καὶ
2917 4692 3190 4764 ύπερόριος
3222 4690 3290 4747 D.
3368 4691 3415 4725 “
3455 4691 3525 4752 ὡς
3556 4719 3624 4732 -

1239 4885 1554 4948 Theodori
1576 4888 1803 4950 Dousa
1832 4891 1895 4948 et
1923 4886 2150 4947 Leonis
2179 4884 2394 4948 Allatii
2429 4891 2615 4949 notae.

325 5037 438 5110 (58)
466 5043 853 5112 Νεωτερισμοὶς
881 5038 1124 5112 χρᾶσθαι
1163 5040 1484 5112 πεφώραται.
1516 5034 1858 5112 Acropolita
1889 5037 1934 5092 D

245 5106 378 5181 non
413 5106 800 5181 statim'po'st
851 5106 1124 5181 pugnam
1165 5106 1538 5181 excaecatum
1585 5106 1771 5181 fuisse
1821 5123 1859 5163 a

249 5179 512 5249 Bulgaro
541 5178 954 5244 Theodorum,
989 5179 1098 5235 sed
1145 5179 1311 5235 domi
1336 5184 1658 5250 postquam
1688 5178 1858 5235 illum

247 5252 587 5322 excepisset
638 5249 1094 5322 humanissime,
1135 5266 1276 5306 cum
1325 5249 1669 5322 Theodorus
1722 5254 1860 5322 post

249 5321 439 5380 etiam
457 5327 703 5395 accepta
718 5321 1012 5395 beneﬁcia
1030 5337 1124 5377 res
1139 5321 1857 5395 innovaredeprehensus

250 5399 440 5452 esset.
482 5392 795 5464 Gregoras,
824 5393 865 5451 l.
893 5409 933 5459 ι,
962 5408 1087 5448 rem
1120 5392 1356 5448 videtur
1385 5392 1553 5448 aliter
1589 5407 1855 5448 narrare.

253 5467 329 5522 Et
357 5465 687 5522 Richardus
713 5481 744 5521 e
767 5469 975 5520 sancto
998 5468 1294 5521 Germano
1316 5464 1376 5519 in
1400 5465 1686 5520 Chronico
1712 5485 1724 5520 :
1751 5464 1860 5520 Eo-

253 5537 390 5594 dem
418 5552 614 5594 mense
640 5537 840 5609 Aprili
862 5537 925 5609 in
970 5538 1313 5592 Grzcorum
1353 5536 1600 5609 imperio
1623 5536 1857 5605 factum

255 5613 346 5667 est
371 5609 653 5678 prwlium
680 5607 838 5665 inter
868 5608 1125 5676 Graecos,
1147 5609 1209 5663 in
1228 5623 1344 5678 quo
1363 5607 1697 5664 Comnenus
1713 5622 1827 5678 cap
1843 5637 1860 5648 -

257 5687 356 5739 tus
386 5686 470 5738 est
491 5685 549 5737 et
579 5688 833 5753 utroque
849 5680 1073 5737 lumine
1109 5679 1375 5737 orbatus.
1409 5684 1544 5736 ALL.

2043 5035 2158 5109 (59)
2203 5036 2268 5088 ’0
2333 5033 2578 5109 ἁδελφός.
2657 5035 3032 5109 Balduinum
3088 5034 3328 5109 fratrem
3386 5032 3626 5109 Roberti

1969 5105 2109 5180 facit
2128 5105 2490 5180 Acropolita',
2517 5109 2824 5164 Matthseus
2848 5107 3111 5180 Parisius
3138 5107 3200 5180 in
3223 5108 3454 5180 Histor.
3497 5107 3623 5162 An-

1968 5179 2134 5249 glia,
2167 5177 2380 5237 tiliu‘m.
2412 5179 2477 5234 In
2507 5195 2578 5235 eo
2603 5179 2972 5236 concordant
2991 5194 3131 5234 eum
3152 5177 3336 5250 fuisse
3366 5193 3624 5250 puerum

1967 5265 2079 5376 {nec
2108 5250 2354 5376 firendo
2381 5250 2548 5307 oneri
2571 5265 2801 5324 parem.
2837 5251 2928 5308 Sic
2957 5254 3202 5323 quoque
3221 5249 3483 5306 historici
3514 5253 3623 5307 La-

1993 5335 2100 5376 im.
2180 5338 2272 5376 LL.

1993 5321 2100 5377 ini.
2131 5326 2272 5378 ALL.

2039 5395 2152 5467 (eo)
2181 5394 2425 5467 Ξύνέθετο
2462 5400 2587 5465 γοῦν
2618 5393 2644 5446 o’
2671 5391 2794 5467 ρήξ.
2821 5392 3155 5467 Richardus
3183 5408 3220 5448 a
3247 5393 3623 5467 S._Germano

1967 5462 2376 5538 inChronico;
2423 5462 2594 5538 Anno
2637 5462 2920 5538 t'23trex
2943 5465 3245 5538 quondam
3283 5465 3622 5538 Hierosoly-

1969 5537 2233 5592 mitanus
2279 5536 2442 5605 apud
2486 5537 2667 5592 Reate
2712 5537 2795 5592 ad
2833 5536 3056 5606 papam
3100 5537 3284 5602 vadit,
3330 5536 3404 5592 de
3451 5540 3622 5604 cuius

1969 5621 2214 5678 assensu
2245 5607 2468 5663 obtinet
2503 5614 2568 5663 ut
2593 5622 2726 5663 cum
2754 5608 2883 5676 ﬁlio
2910 5609 3283 5678 imperatoris
3314 5607 3625 5678 Cpotitani

1971 5677 2042 5735 de
2068 5679 2202 5749 ﬁlia
2243 5694 2353 5736 sua
2393 5679 2736 5746 contrahat,
2769 5685 2826 5737 et
2861 5677 3000 5752 ipse
3027 5681 3101 5738 sit
3149 5677 3398 5739 curator
3436 5681 3619 5751 impe-
