2076 3196
261 182 332 210 1051

915 176 1058 207 GEORGII
1073 175 1304 206 AGROPOLITE

1878 173 1889 199 Ι
1896 172 1968 200 O52

261 243 408 273 audebat:
422 244 468 271 sat
478 242 557 271 enim
570 242 613 270 illi
625 243 779 279 comperta
787 242 851 269 erat
860 240 984 269 Joannis
994 240 1087 276 impe-

1144 237 1272 268 θαλὰττης
1285 238 1436 267 πεποιηκώς
1446 246 1452 253 ·
1465 233 1527 262 οὐδε
1540 236 1591 272 γὰρ
1603 233 1660 271 εἶχε
1672 234 1733 261 λαὸν
1745 234 1905 271 ἀξιόχρεων,
1921 243 1969 265 ως

260 288 368 317 ratoris
382 288 424 315 rei
447 286 583 315 militaris
597 293 719 315 summa
740 285 899 323 prudentia
922 287 950 313 et
968 284 999 312 in
1014 291 1088 312 con-

261 332 343 361 ﬂictu
356 340 425 360 cum
440 331 577 360 hostibus
591 331 746 366 ingenium
757 338 849 367 supra
862 332 984 357 αξιοι-οε
999 328 1088 356 soler-

261 377 425 405 tissimum.
450 377 545 409 Quare
564 375 774 412 semetipsum
794 373 995 410 aggressionis
1009 372 1088 400 illius

260 421 430 454 incusabat,
443 420 504 457 5.9
517 422 546 449 et
559 420 643 457 quod
658 428 769 448 manus
784 419 866 455 operi
881 418 1030 454 injecisset
1042 425 1048 450 ;
1060 418 1089 445 et

261 466 342 494 male
356 474 408 494 eos
427 473 561 493 asserere
580 464 789 497 contendebat,
813 464 837 491 si
861 463 917 500 ipsi
933 465 1033 491 tamen
1048 461 1089 489 ita

263 512 404 539 sentirent
419 518 517 546 neque
538 510 637 546 ipsum
650 511 772 545 propter
785 508 908 544 propria
927 506 1090 535 commoda

262 555 451 591 proritarent,
468 563 537 583 eum
559 555 598 582 ad
612 555 678 582 loca
693 561 885 581 accessurum
905 552 1005 585 fuisse,
1021 559 1088 587 quae

263 600 405 628 dominus
424 599 543 627 illorum
568 607 603 626 ac
621 599 782 634 imperator
806 597 1017 625 administrare
1041 604 1090 623 ne-

263 644 365 672 sciret:
382 652 514 679 namque
531 644 668 680 apprime
684 643 820 672 callebat.
837 642 975 677 dictoque
990 641 1089 668 ﬁrma-

262 688 324 722 bat,
341 689 456 716 etiamsi
473 688 571 716 decies
587 690 628 715 tot
651 688 717 715 loca
735 687 773 715 ad
793 686 959 721 regendum
982 685 1090 713 Joanni

262 732 428 769 imperatori
443 735 643 768 suppeterent,
659 732 770 768 optime
786 740 855 759 eum
866 731 916 759 illa
929 738 1016 766 agere
1028 738 1088 757 mo-

262 777 359 805 derari
380 777 514 813 tuerique
542 777 581 804 ab
609 776 745 804 hostibus
771 776 857 803 scire.
886 775 951 802 Sive
981 775 1089 802 etenim

261 821 370 849 horum
382 829 484 855 causa,
501 821 563 848 sive
578 821 668 849 etiam
682 821 762 857 quod
778 819 1089 856 Cpolitanisluxuriari

262 866 375 894 deliciis
390 874 425 894 ac
437 866 526 894 bonis
540 866 675 894 animum
690 865 812 902 implere
821 865 917 897 vellet,
928 864 1004 891 duos
1014 864 1043 891 in
1054 872 1090 891 ea

262 919 359 940 annos
374 912 480 947 exegit.
496 911 629 939 Tandem
644 910 813 938 triremibus
827 909 981 946 apparatis
992 912 1020 936 et
1032 909 1088 936 col—
1103 911 1125 937 Β

260 955 354 988 lectis,
368 956 409 983 uti
423 958 549 991 poterat,
565 955 671 991 copiis,
699 955 728 982 in
745 955 888 982 orientem
902 953 1090 989 progreditur

262 1003 290 1028 et
301 1000 383 1036 apud
397 1001 596 1036 Lampsacum
609 1002 728 1035 portum
740 1000 827 1035 capit;
839 1001 953 1027 Joanne
964 999 1089 1034 impera—

262 1047 326 1073 tore
346 1044 456 1072 abello
478 1053 547 1071 cum
570 1044 685 1072 Caesare
706 1044 829 1078 Gabala,
854 1052 943 1079 quem
969 1045 1091 1078 propter

263 1091 377 1117 motam
394 1089 570 1117 seditionem
585 1089 796 1121 debellaverat,
812 1090 896 1124 gesto
908 1088 1092 1115 continenter

262 1141 400 1169 regresso
407 1155 413 1161 .

266 1228 268 1230 ’
298 1233 343 1260 28.
359 1233 523 1267 Imperator
549 1232 579 1259 in
601 1231 707 1259 Stadiee
730 1231 865 1267 partibus
892 1229 1091 1258 tabernaculis

262 1276 377 1313 positis,
394 1276 597 1304 Andronicum
615 1276 814 1311 Palaeologum
831 1283 976 1309 magnum
989 1274 1091 1302 dome-

262 1321 379 1353 sticum,
397 1321 434 1348 de
456 1329 516 1357 quo
533 1329 624 1356 supra
640 1321 782 1353 diximus,
800 1320 893 1355 copiis
907 1328 942 1347 ac
960 1319 1090 1347 ducibus

262 1366 379 1394 traditis
395 1366 425 1393 in
438 1366 567 1393 insulam
584 1365 722 1393 Rhodum
739 1374 808 1393 cum
825 1364 1005 1392 triremibus.
1023 1372 1091 1400 qure

263 1410 334 1438 satis
355 1412 465 1444 essent,
480 1413 507 1438 et
523 1410 589 1438 aliis
609 1410 736 1438 navibus
752 1409 883 1444 dimittit,
909 1411 940 1436 ut
962 1408 1091 1436 validius

261 1454 401 1483 rebellem
416 1454 570 1483 invaderet
586 1457 614 1482 et
628 1454 739 1482 militiae
750 1462 828 1490 quos
842 1456 966 1481 noverat
978 1453 1092 1480 artibus

262 1500 455 1535 opprimeret.
472 1500 539 1527 Hmc
555 1507 623 1526 cum
643 1499 683 1527 ita
706 1499 836 1534 perfecta
852 1500 959 1531 essent,
984 1505 1092 1533 resque

262 1546 367 1571 contra
381 1545 527 1571 Caesarem
541 1551 596 1579 pro
610 1543 755 1571 sententia
768 1543 956 1579 imperatoris
971 1541 1092 1569 Joannis

263 1587 467 1623 successisset,
489 1595 544 1615 nec
566 1596 627 1615 non
654 1588 780 1615 relatum
801 1587 842 1615 illi
864 1587 968 1615 fuisset
991 1594 1092 1621 regem
1107 1589 1126 1616 C

266 1632 323 1669 50
339 1632 421 1668 Cpoli
434 1632 535 1667 egredi
548 1640 583 1660 eo
597 1633 698 1660 animo
711 1635 741 1660 ut
752 1633 952 1668 Lampsacum
964 1630 1093 1667 appelle-

262 1679 307 1704 ret
322 1676 423 1712 ibique
438 1676 585 1704 aduersus
598 1677 751 1705 Romanos
765 1676 947 1711 conﬂigeret,
964 1683 1032 1703 eum
1047 1675 1092 1702 his

262 1727 340 1756 quos
355 1729 456 1748 secum
468 1721 602 1749 habebat
616 1722 779 1758 imperator
795 1720 1092 1755 admodumlpaucos

263 1765 432 1801 (potissima
448 1773 580 1802 namque
594 1766 739 1793 exercitus
754 1773 824 1801 pars
841 1764 946 1800 prmlio
962 1772 995 1792 ac
1016 1766 1092 1791 tem-

262 1811 510 1847 pestatehiberna
519 1810 629 1838 afﬂicta
637 1811 763 1839 domum
770 1810 978 1845 remeaverat),
987 1810 1091 1844 Lamp-

264 1863 367 1883 sacum
387 1855 459 1892 petit
474 1858 501 1883 et
516 1855 598 1892 apud
617 1856 769 1891 Sigrcnem
785 1856 883 1882 castra
898 1857 1035 1882 metatur.

299 2007 342 2034 29.
359 2007 437 2034 Tunc
453 2006 594 2042 temporis
611 2008 640 2034 et
653 2006 717 2043 ipse
732 2015 750 2034 a
769 2006 944 2043 parentibus
959 2004 1091 2033 sedecim

263 2058 360 2079 annos
373 2053 462 2079 natus
477 2053 504 2078 et
516 2059 552 2079 ex
563 2051 707 2086 encyclia,
718 2059 811 2087 quam
821 2051 928 2086 vulgus
939 2057 1092 2085 gramma-

263 2095 354 2123 ticam
370 2098 456 2124 vocut
467 2095 631 2124 litteratura
653 2096 814 2124 instructus
826 2095 867 2123 ad
879 2096 1091 2130 imperatorem

264 2139 374 2167 mittor.
391 2141 475 2168 Pater
489 2141 581 2168 etiam
595 2149 610 2168 e
626 2140 798 2168 Latinorum
813 2139 954 2167 manibus
976 2147 1008 2166 se
1024 2145 1090 2165 sur-

263 2184 359 2220 ripere
385 2184 563 2220 decreverat,
592 2185 658 2213 licet
687 2185 727 2213 ab
758 2184 817 2212 illis
844 2187 873 2211 et
906 2183 1090 2219 sumptuosis

263 2228 407 2264 impensis
419 2231 446 2257 et.
454 2229 559 2258 ofﬁciis
567 2232 596 2258 et
604 2229 768 2264 beneﬁciis,
777 2229 890 2265 quibus
899 2235 969 2255 eum
977 2227 1091 2263 prolixe

1142 282 1173 309 ἄν
1187 291 1216 318 γε
1227 281 1440 318 πεζοπορῆσειιν.
1451 281 1523 308 Ἐπεὶ
1539 278 1569 307 δὲ
1588 279 1731 306 καταλάϐοι
1744 281 1791 308 τὴν
1811 282 1966 305 Κωνσταν-

1141 329 1226 360 τίνου,
1240 326 1288 352 οὐκ
1303 325 1419 362 εὐχερῶς
1434 324 1504 361 εἶχεν
1524 324 1617 356 ἔξιίναι
1632 326 1676 351 καὶ
1691 325 1784 361 μάχης
1798 323 1941 361 κατάρξαι
1953 333 1964 339 ι

1141 373 1186 397 καὶ
1200 372 1251 408 γὰρ
1265 370 1360 406 ἓπόγνω
1376 371 1419 396 τὸν
1433 370 1456 388 ⁸⁵
1472 369 1585 406 βασιλέα
1599 369 1711 398 Ἶοοξννην
1731 377 1965 405 στρατηγικωτα-

1141 417 1185 442 τὸν
1200 425 1227 442 τε
1246 417 1306 441 ὄντα
1319 416 1364 441 καὶ
1377 413 1436 445 ταῖς
1450 414 1553 451 ἂχθρῶν
1568 414 1671 450 μάχαις
1685 411 1901 449 εὐμεθοδώτατον
1917 412 1962 441 ⁸⁸.

1142 459 1282 496 Ἐμὲμφετο
1297 463 1359 496 γοῦν
1370 459 1460 486 ἑαυτὸν
1470 463 1518 490 τῆς
1533 458 1717 496 ἐγχειρήσεως,
1727 459 1772 484 καὶ
1787 458 1828 484 ὅτι
1838 459 1963 493 πρώτως

1142 508 1188 530 τοῦ
1201 506 1276 541 ἔργον
1295 503 1440 536 ἐπεϐάλετο,
1461 506 1506 530 καὶ
1523 507 1609 533 κακῶς
1624 504 1720 539 ἔφασκε
1738 504 1798 533 τοὺς
1812 501 1960 537 λέγοντας,

1143 549 1195 584 εῖγε
1220 551 1264 575 καὶ
1285 549 1364 578 οὕτως
1384 548 1562 584 ὑπελάμϐανον
1585 550 1630 574 καὶ
1655 548 1701 573 οὐκ
1727 546 1849 583 ἠρέθιζον
1872 546 1961 573 αὐτὸν

1144 592 1189 619 διὰ
1204 595 1233 619 τὸ
1249 595 1324 629 σφίσι
1341 595 1481 629 συμφέρον,
1495 594 1527 622 ὡς
1542 591 1683 618 καταλάϐοι
1698 591 1728 618 ἂν
1744 592 1779 623 εἰς
1793 593 1905 628 χώρους
1919 589 1961 617 ὧν

1143 638 1189 664 οὐκ
1205 638 1344 664 ἐπίσταται
1359 639 1452 674 ἄρχειν
1467 638 1480 663 ὁ
1500 637 1540 663 ἐπ’
1564 636 1651 666 αὐτοῖς
1677 635 1840 673 βασιλεύῶνο
1865 635 1961 667 καλῶς

1142 683 1192 719 γὰρ
1209 682 1314 717 ἐγνώκει
1327 685 1372 708 καὶ
1386 682 1468 717 ἔλεγεν
1492 684 1524 711 ὡς
1537 681 1558 708 εὶ
1575 679 1641 707 δέκα
1661 684 1784 707 τοσοῦτοι
1801 684 1891 718 χῶροι
1916 684 1960 716 τῷ

1145 725 1250 762 βασιλεῖ
1264 727 1368 763 Ἰωάννῃ
1382 728 1445 763 πρὸς
1459 725 1614 753 δεσποτείαν
1628 726 1760 762 ὑπῆρχον,
1773 725 1861 755 καλῶς
1871 725 1960 753 ἠπίσ-

1142 781 1203 797 τατο
1214 772 1311 797 τούτων
1325 773 1469 808 κατάρχειν
1485 773 1528 796 καὶ
1543 770 1690 806 βασιλεύειν
1704 772 1749 795 καὶ
1765 768 1915 800 διασώζειν
1927 770 1959 796 ὶκ

1143 820 1192 841 τῶν
1209 816 1319 852 ἐχθρῶν.
1347 817 1403 842 Εἴτε
1428 819 1490 851 γοῦν
1507 814 1553 841 διὰ
1581 819 1665 840 ταῦτα
1690 816 1740 841 εἴτε
1755 816 1800 840 καὶ
1815 817 1960 851 τρυφῆσαι

1145 861 1181 891 εἰς
1209 862 1287 897 ἄκρον
1320 861 1343 886 ἐν
1372 864 1425 891 τοῖς
1454 864 1502 890 τῆς
1529 861 1724 887 Κωνσταντὶνου
1755 858 1959 895 βεϐουλημένος

1145 905 1242 937 καλοῖς,
1271 904 1320 931 δύο
1343 905 1475 935 ἐνιαυτοὺς
1495 905 1516 922 ⁵⁷
1541 905 1595 939 (6i)
1626 904 1696 935 εντὸς
1723 905 1803 933 αὐτῆς
1826 901 1956 933 διήνυσε.

1145 954 1229 985 Μογις
1241 954 1303 985 γοῦν
1318 953 1433 987 τριήρεις
1447 949 1624 985 οἰκονομήσας
1638 951 1682 974 καὶ
1699 950 1850 984 στράτευμα
1865 958 1958 975 συνα-

1147 996 1262 1031 θροίσας,
1286 995 1344 1020 ὅσον
1368 995 1423 1030 εἶχε
1445 996 1507 1030 πρὸς
1529 992 1640 1029 δύναμιν
1660 994 1694 1027 ¹⁹⁸,
1713 994 1782 1019 κατὰ
1802 993 1837 1010 ⁵⁸⁸
1852 997 1901 1024 τῆς
1921 993 1957 1020 ἔω

1145 1039 1232 1075 ἑχώρη
1238 1049 1275 1073 σε,
1291 1042 1334 1064 καὶ
1348 1041 1406 1076 περί
1414 1040 1442 1064 τὸ
1454 1043 1501 1069 τῆς
1513 1038 1658 1073 Λαυψὰκου
1669 1037 1820 1074 ἑλλιμινίζιι
1830 1040 1954 1074 νεώριον,

1144 1088 1285 1121 προσεχώς
1298 1088 1333 1118 τῷ
1347 1087 1404 1109 τοτε
1419 1087 1465 1109 τοῦ
1480 1082 1610 1119 βασιλέως
1633 1083 1751 1108 Ἰωάννου
1771 1082 1804 1108 ἆκ
1818 1086 1869 1113 τῆς
1881 1083 1957 1109 κατά

1144 1133 1188 1154 τοῦ
1206 1131 1338 1165 Καίσαρος
1363 1127 1467 1153 Γαϐαλᾶ
1495 1137 1587 1163 μαχης
1609 1126 1834 1165 ὑποστρέψαντος,
1862 1127 1890 1153 ὃν
1905 1125 1958 1154 διὰ

1144 1175 1314 1209 νεωτερισμὸν
1332 1172 1495 1208 ἐμαχέσατο.

1181 1225 1232 1254 κη’.
1249 1227 1279 1252 Ὀ
1290 1227 1334 1262 μὲν
1351 1224 1394 1251 οὖν
1406 1225 1530 1262 βασιλεὺς
1542 1227 1599 1261 περὶ
1609 1226 1641 1251 τὰ
1649 1229 1695 1255 τῆς
1705 1222 1821 1255 Σταδίας
1830 1226 1893 1261 κὲρη
1907 1226 1959 1256 τὰς

1146 1273 1288 1301 σκηνώσεις
1309 1272 1461 1306 ποιούμενος
1485 1274 1520 1305 τῷ
1541 1269 1709 1305 Παλαιολόγῳ
1737 1267 1911 1306 Ἀνδρονίκῳ,
1929 1269 1958 1296 ὃν

1145 1315 1225 1351 μέγαν
1255 1314 1410 1351 δομέστικον
1431 1313 1496 1351 εἶχε,
1521 1314 1581 1351 ωερί
1601 1315 1631 1340 οὗ
1655 1316 1701 1340 καὶ
1721 1313 1816 1351 μικρόν
1839 1315 1957 1351 πρόσθεν

1146 1360 1256 1397 εἰρήκειν
1273 1361 1306 1393 ‘9,
1326 1361 1357 1385 τὰ
1384 1361 1568 1395 στρατεύματα
1593 1361 1637 1385 καὶ
1662 1361 1721 1390 ὀὺς
1748 1361 1915 1396 στρατηγους
1930 1360 1958 1379 ³ο

1145 1403 1289 1442 παραδοὺς,
1303 1407 1348 1430 καὶ
1367 1403 1408 1430 ἐπὶ
1428 1406 1474 1433 τὴν
1486 1408 1566 1433 νῆσον
1587 1402 1677 1430 Ῥόδον
1692 1405 1828 1441 τριήρεσιν
1852 1405 1958 1436 ἱκαναῖς

1145 1452 1190 1475 καὶ
1208 1449 1311 1480 λοιπαῖς
1323 1448 1505 1480 ἐξαποστείλας
1517 1449 1538 1465 ⁵¹
1554 1450 1656 1478 ναυσίν,
1672 1448 1695 1474 εἴ
1705 1457 1759 1479 πως
1773 1447 1956 1486 βριαρὼτερον

1147 1493 1274 1521 ἑπιτεθείη
1298 1497 1333 1528 τῷ
1362 1492 1497 1528 ἀποστάτῃ
1514 1495 1559 1518 καὶ
1583 1491 1772 1528 καταϐλάψειιν
1783 1493 1820 1510 ⁵¹⁶
1835 1493 1872 1523 οἷς
1895 1491 1956 1520 οἶδε

1146 1538 1230 1573 λόγοις
1257 1542 1304 1568 τῆς
1319 1540 1487 1574 στρατηγίας,
1517 1535 1607 1565 ἐπειδὴ
1636 1541 1721 1563 ταῦτα
1742 1537 1810 1564 οὕτω
1832 1536 1953 1574 συμϐαίη

1147 1586 1191 1609 καὶ
1219 1584 1286 1608 κατὰ
1316 1584 1413 1608 σκοπὸν
1442 1582 1544 1618 Ἰωάννῃ
1576 1585 1611 1617 τῷ
1638 1580 1745 1617 βασιλεῖ
1768 1583 1800 1608 τὰ
1816 1582 1876 1617 περί
1901 1582 1950 1606 τόν

1148 1629 1270 1663 Καίσαρα
1295 1629 1404 1662 γένοιτο,
1421 1626 1534 1655 ἀκούσας
1557 1623 1586 1651 δὲ
1601 1627 1646 1651 καὶ
1668 1627 1701 1656 ὡς
1715 1625 1728 1652 ὁ
1743 1623 1795 1661 ῥηξ
1806 1623 1872 1655 ἰξήει
1894 1627 1944 1654 τῆς

1148 1674 1343 1698 Κωνσταντίνου
1352 1674 1396 1697 καὶ
1411 1670 1508 1707 βουλὴν
1518 1672 1576 1706 ἔχοι
1589 1667 1791 1706 προσοκεῖλαιτῆ
1804 1667 1948 1705 Λαμψάκῳ

1146 1716 1221 1742 κάκεῖ
1234 1716 1340 1747 ἐξελθεῖν
1364 1718 1407 1741 καὶ
1419 1715 1554 1751 Ῥωμαίοις
1579 1715 1728 1751 πολεμῆσαι
1743 1714 1798 1751 μεθ’
1813 1712 1845 1739 ὧν
1867 1714 1954 1749 ἔτυχε

1148 1760 1249 1797 διάγειν
1265 1762 1277 1787 ὁ
1294 1760 1416 1797 βασιλεὺς
1430 1760 1474 1797 [1³.
1491 1759 1537 1796 25]
1553 1759 1648 1795 (ὀλίγοι
1667 1758 1697 1786 δί
1712 1759 1782 1789 ἦσαν
1795 1756 1876 1792 οὗτοι,
1893 1758 1954 1784 ἐπεὶ

1146 1808 1175 1832 τὸ
1186 1806 1250 1832 πολὺ
1261 1810 1308 1836 τῆς
1325 1804 1449 1843 στρατῖᾶς
1461 1808 1491 1841 τῇ
1504 1805 1580 1840 μάχη
1592 1806 1638 1830 καὶ
1652 1802 1683 1840 τῇ
1695 1803 1752 1841 ὥρᾳ
1766 1806 1813 1830 τοῦ
1819 1807 1957 1840 χειμῶνος

1146 1851 1373 1887 τεταλαιπωρηκὸς
1395 1850 1435 1876 ἐπὶ
1454 1850 1487 1875 τὰ
1509 1849 1576 1875 οἶκοι
1592 1849 1691 1886 ἐφέρετο
1709 1849 1758 1884 ³³),
1780 1851 1865 1885 χωρεί
1885 1851 1958 1885 πρὸς

1146 1898 1192 1925 τὴν
1225 1895 1382 1931 Λάμψακον,
1405 1896 1450 1920 καὶ
1478 1898 1531 1925 τοῖς
1561 1898 1607 1924 τῆς
1634 1897 1764 1930 Σιγρηνῆς
1793 1895 1884 1931 μέρεσι
1906 1894 1960 1924 τὰς

1148 1942 1243 1970 σκηνὰς
1256 1943 1381 1976 πήγνυσι.

1181 2004 1235 2031 κο¹.
1255 2005 1316 2030 Τότε
1331 2005 1375 2028 καὶ
1390 2002 1465 2032 αὐτὸς
1484 2004 1549 2039 πρὸς
1565 2006 1614 2028 τῶν
1635 2003 1729 2037 γονέων
1753 2000 1782 2027 ἐκ
1808 2005 1858 2032 τῆς
1881 2004 1944 2028 Κων

1146 2050 1282 2075 σταντίνον
1308 2046 1455 2075 ἀπεστάλην
1484 2051 1520 2082 τῷ
1551 2046 1656 2083 βασιλεῖ
1689 2044 1890 2076 εκκαιδεκαέτης
1921 2046 1959 2072 ὧν

1145 2095 1190 2119 καί
1219 2097 1261 2118 νῦν
1294 2096 1342 2123 τῆς
1370 2091 1507 2127 ἐγκυκλίου
1532 2091 1589 2128 (6'2)
1617 2090 1814 2127 ἀπηλλαγμένος
1836 2088 1959 2117 παιδεύ-

1147 2147 1219 2173 σεως,
1252 2138 1282 2166 ἦν
1313 2138 1500 2172 γραμματικὴν
1538 2136 1763 2172 κατονομὰζουσιν
1796 2136 1821 2162 οἰ
1848 2135 1956 2164 πολλοὶ.

1147 2181 1281 2209 Ἐϐούλετο
1307 2180 1335 2207 δὲ
1357 2192 1402 2217 μοι
1417 2184 1461 2207 καί
1479 2181 1492 2207 ὁ
1511 2183 1598 2218 πατὴρ
1619 2181 1704 2218 λάθρα
1722 2185 1771 2212 τῆς
1794 2184 1843 2206 τῶν
1866 2183 1958 2207 Λατι-

1146 2237 1193 2252 νων
1224 2226 1401 2256 ὰπολισθῆσαι
1423 2228 1532 2264 χειρός·
1562 2224 1680 2263 ἰσχυρῶς
1703 2226 1754 2262 γὰρ
1778 2225 1841 2263 παρ’
1867 2224 1958 2252 αὐτῶν

300 2319 323 2336 ‘5
339 2328 397 2347 κατ.
419 2317 462 2345 οὖν
476 2321 524 2348 τήν
545 2317 814 2354 Κωνσταντινούπολιν
830 2318 842 2343 ὁ
858 2316 908 2354 ρὴξ
918 2319 963 2343 καὶ
977 2319 1012 2354 μὴ
1035 2318 1102 2352 ἔχων
1115 2316 1176 2342 λαὸν
1194 2315 1341 2352 ἀξιόμαχον
1353 2315 1399 2341 οὐκ
1415 2315 1530 2352 εὐχερῶς
1549 2314 1620 2351 εἶχεν
1641 2314 1744 2348 ἐξιέναι,
1766 2314 1886 2354 ἐπιγνοὺς
1906 2316 1958 2342 τὸν

264 2355 299 2383 Ι).
338 2355 361 2373 ⁵⁸
375 2365 401 2382 τε
415 2358 449 2390 νει
462 2357 507 2381 καὶ
519 2370 554 2375 —
569 2351 778 2390 εὐμεθοδώτατον
798 2351 907 2390 οεῃίγι).

265 2390 342 2416 αὐτὸν
359 2395 393 2426 τῷ
405 2389 512 2427 βασιλεῖ
525 2387 715 2443 ἀντιῗέρεσοαι.
733 2391 787 2415 Λύο
803 2387 846 2415 οὖν
862 2389 993 2419 ἐνιαυτοὺς
1008 2391 1038 2416 υ.

265 2442 270 2443 γ
315 2427 425 2443 εέλάυιμ.
438 2434 488 2443 Am
518 2427 539 2443 n
601 2425 612 2442 0
627 2427 670 2443 νηὶ
687 2426 745 2443 -μΑὺμ
761 2427 923 2443 η-ακη-νιλιικὺν
938 2433 985 2443 nm
1021 2426 1038 2443 n

264 2442 298 2447 —
314 2427 500 2464 εὶρῄκιινριιὶ.
517 2427 549 2454 D.

264 2472 321 2490 κατ.
336 2462 377 2490 ‘D.

957 2351 981 2370 ’⁸⁷
997 2351 1026 2379 δὲ
1041 2351 1088 2383 τῆς
1103 2351 1279 2388 ἐγχειρήσεὼς
1296 2352 1383 2388 ἑαυτὸν
1403 2354 1448 2377 καὶ
1463 2351 1548 2381 κακῶς
1563 2352 1658 2387 ἔφασκε
1672 2354 1738 2376 νοεῖν
1752 2352 1809 2381 τοὺς

1079 2390 1102 2406 ⁸⁸
1119 2385 1291 2425 συναθροίσας
1312 2403 1345 2406 ——
1361 2385 1472 2423 damur;
1486 2395 1549 2425 pm.
1573 2385 1606 2414 ι).

601 2422 745 2462 θ’καὶποὺς
761 2427 923 2462 στρατηγοὺς
938 2433 1000 2452 om.
1020 2426 1052 2452 Ι).
1091 2425 1112 2441 ⁵¹
1135 2422 1254 2462 τριήρεσι
1267 2425 1311 2462 καὶ
1333 2425 1411 2462 ναυσί
1430 2422 1532 2453 στείλας
1552 2424 1582 2450 [).

468 2465 506 2492 οἱς
520 2477 546 2482 -
571 2465 684 2492 εφέρετοι
698 2465 742 2487 καὶ
763 2465 816 2487 επεὶ
831 2465 914 2487 ταῦτα
927 2465 997 2486 κατὼ
1013 2465 1109 2486 σκοπὸν
1126 2465 1218 2488 συνεδη
1231 2465 1266 2492 τῷ
1281 2465 1387 2492 βασιλεῖ
1403 2465 1435 2486 U.

438 2434 500 2455 om.
517 2434 549 2454 υ.
588 2434 612 2443 ’ν
627 2435 672 2451 και
687 2434 745 2455 τους
761 2435 923 2462 στρατηγους
938 2434 1000 2452 om.
1020 2434 1052 2452 υ.

428 2462 453 2480 ⁵³
468 2460 506 2492 οἷς
520 2477 546 2482 -
571 2459 684 2498 ἐφέρετο]
698 2463 742 2487 καὶ
763 2460 816 2487 ἐπεὶ
831 2465 914 2487 ταῦτα
927 2463 997 2486 κατὼ
1013 2461 1090 2486 σκοπὶ

1140 2434 1193 2461 ιριη
1215 2434 1254 2450 εσι
1267 2434 1311 2449 και
1333 2434 1411 2449 ναυσι

1140 2434 1218 2488 magis
1231 2463 1266 2495 τῷ
1281 2458 1387 2495 βασιλεῖ
1403 2459 1424 2486 D

1850 2352 1958 2383 ἓνοντας

1654 2387 1690 2423 ⁴⁸Ῐ
1707 2388 1753 2416 τὴν
1775 2388 1806 2423 Dj
1846 2386 1871 2404 ⁸⁸
1888 2390 1957 2423 περὶ

1622 2423 1656 2440 ⁶¹¹
1671 2421 1716 2459 βρ.
1733 2424 1777 2449 τὸν
1796 2421 1957 2453 amavith

759 2524 914 2554 Theodori
930 2525 1043 2554 Dousaa
1059 2527 1089 2554 et
1103 2517 1217 2554 Leonis
1232 2523 1337 2553 Allatii
1353 2524 1447 2552 notae.

265 2600 314 2635 νέξ,
330 2600 424 2628 donec
436 2599 469 2627 in
480 2600 591 2634 majori
599 2599 776 2627 constitutus
790 2602 875 2627 aetate
886 2600 1041 2634 perveniat
1052 2599 1093 2627 ad
1113 2598 1134 2625 D
1154 2598 1294 2635 Regestis.
1316 2599 1387 2635 ᾼιι.

266 2636 442 2671 legitimam.
452 2635 538 2663 Mare
552 2635 635 2669 apud
652 2636 787 2663 Venetias
803 2636 918 2664 intrans
933 2636 1015 2664 vadit
1029 2635 1090 2663 col-

266 2672 328 2700 lato
338 2671 473 2699 exercitu
486 2671 607 2705 Cpotim.
624 2673 687 2699 ALL.

313 2705 360 2742 {51)
374 2707 423 2732 Δύο
440 2705 580 2736 ἐνιαυτούς.
602 2708 662 2735 Hoc
684 2706 814 2735 duorum
835 2714 984 2735 annorum
1000 2706 1090 2734 inter-

265 2741 505 2770 vallo'Joannem
532 2750 633 2777 regem
662 2743 692 2770 in
715 2742 814 2771 Galliis
830 2742 992 2770 exercitum
1008 2749 1089 2769 com-

265 2784 388 2841 parasse
403 2781 432 2805 et
445 2778 475 2806 in
499 2778 612 2806 Italiam
633 2787 665 2806 se
679 2779 718 2806 ad
736 2778 908 2814 pontiﬁcem
931 2777 1090 2805 contulisse

289 2815 364 2841 cate.
379 2813 500 2841 tandem
516 2814 638 2841 Venetiis
649 2815 752 2841 conias
766 2814 947 2841 imposuisse
962 2813 1090 2841 navibus

289 2813 506 2850 eatedandem
516 2814 638 2843 Venetiis
649 2813 752 2850 copias
766 2814 947 2850 imposuisse
962 2813 1090 2850 navibus

266 2850 295 2877 et
309 2848 422 2884 Cpolim
438 2849 627 2886 applicuisse,
644 2848 745 2878 scribit
759 2848 925 2885 Gregorius.
943 2850 1044 2877 Nonus
1059 2848 1090 2876 in

1180 2631 1237 2670 (62)
1253 2637 1306 2665 Τῆς
1320 2632 1471 2669 ἐγκυκλίου.
1489 2635 1573 2661 Anna
1593 2632 1756 2670 comrnena,
1778 2631 1878 2670 lib._v.
1894 2632 1956 2670 Hi-

1144 2666 1217 2706 δίόιξ.
1239 2673 1299 2700 Τοῖς
1324 2666 1524 2706 προϊσταμένοις
1547 2670 1595 2706 τήν
1611 2667 1746 2706 ᾆγκύκλὶον
1774 2666 1957 2696 παιδεύεσθαι

1144 2703 1276 2737 παιδείαν,
1294 2707 1321 2732 et
1342 2701 1425 2730 ταῦτα
1438 2701 1469 2730 ’δὲ
1483 2704 1549 2740 λέγω
1565 2701 1699 2740 ἀχθομένη
1724 2701 1771 2730 διὰ
1789 2705 1837 2733 τὴν
1855 2714 1954 2740 παντε-

1144 2741 1174 2771 λῆ
1196 2745 1241 2771 τῆς
1266 2739 1404 2776 ἐγκυκλίου
1428 2738 1600 2776 παιδεύσεως
1618 2738 1756 2776 aptium.
1772 2739 1956 2776 Eucycliam

1145 2775 1341 2816 eruditionem
1355 2775 1586 2816 impropriebic
1596 2775 1829 2816 Grammaticam
1843 2775 1955 2816 intelli-

1145 2813 1187 2846 git
1199 2814 1300 2839 noster
1326 2810 1504 2848 Acropolita,
1522 2810 1590 2839 licet
1613 2811 1661 2839 alii
1681 2810 1766 2840 aliter
1780 2813 1952 2848 exponant.

1145 2848 1188 2876 Cf.
1202 2849 1316 2876 Tzetzes
1329 2847 1453 2876 Chiliad.
1466 2849 1493 2883 2,
1509 2849 1610 2876 v.522.
1627 2848 1694 2875 ALL.
