4152 6380
545 332 681 392 1055

1820 321 2105 378 GEORGII
2135 319 2613 381 ACROPOI‘ITE.

3761 325 3928 382 1056

538 472 668 515 rere
697 455 1013 530 perspicax
1033 455 1090 510 et
1113 455 1346 521 acutus,
1375 453 1443 508 ut
1481 465 1622 506 suos
1658 448 1809 506 tueri
1856 463 1925 505 ac
1955 461 2193 504 servare

2303 447 2363 497 τὸ
2427 445 2636 513 οἰκεῖον,
2694 447 2821 522 ὑπὲρ
2875 443 2936 499 οὗ
2991 451 3082 501 καὶ
3132 446 3366 511 πλείονος
3421 445 3588 502 ἐδεῖτο
3644 450 3805 522 λόγου
3835 452 3929 521 ⁸⁸,

541 551 762 619 posset,
783 544 949 617 quod
970 548 1026 600 et
1045 542 1240 613 magis
1262 541 1515 612 dignum
1537 537 2012 595 consideratione
2043 541 2192 604 erat,

539 640 597 691 et
619 636 825 692 hostes
855 633 1052 690 inﬁrm
1061 648 1182 702 are,
1203 636 1262 688 et
1287 646 1394 703 per
1412 630 1542 686 haec
1561 629 1684 684 duo
1697 627 1940 700 propria
1960 631 2192 684 consta-

536 723 749 790 biliret,
783 727 848 780 ut
895 722 1079 780 ambo
1139 721 1469 794 perﬁceret,
1515 718 1767 774 modum
1804 717 2050 773 invenit.
2109 719 2194 772 Ex

537 811 912 886 imperatrice
933 815 1097 867 [rene
1116 809 1308 865 ﬁlium
1336 810 1699 879 susceperat,
1732 806 1828 862 cui
1874 806 1953 862 ab
2000 805 2190 878 impe-

536 904 734 957 ratore
763 901 1075 957 Theodoro
1103 898 1340 956 Lascari
1386 903 1603 970 patruo
1653 912 1876 952 nomen
1922 895 2189 958 dederat,

537 990 820 1047 undecim
846 991 977 1061 jam
998 1005 1191 1045 annos
1239 1003 1309 1044 eo
1338 986 1624 1058 temporis
1673 990 1905 1041 natum.
1955 987 2192 1040 Asanus

536 1079 680 1136 item
708 1078 958 1135 ﬁliolam
982 1077 1191 1134 habuit
1220 1075 1501 1132 Helenam
1530 1074 1796 1140 nomine,
1828 1074 1906 1130 ab
1957 1076 2193 1143 Ungara

539 1175 758 1236 ortam,
787 1184 1151 1226 novennem.
1184 1167 1515 1237 Imperator
1537 1165 1616 1220 ad
1671 1170 1938 1220 Asanum
1973 1163 2190 1234 Bulga-

535 1275 740 1316 rorum
768 1258 1091 1330 principem
1119 1261 1384 1313 oratores
1413 1255 1608 1322 mittit,
1663 1258 1729 1309 ut
1753 1253 2192 1326 sponsaliorum

535 1346 690 1403 inter
725 1346 836 1419 53
871 1361 1090 1418 pueros
1117 1348 1173 1400 et
1220 1344 1372 1400 inter
1422 1358 1485 1398 se
1537 1341 1840 1399 afﬁnitatis
1885 1342 2190 1398 mentione

534 1435 779 1490 inducta
804 1433 878 1489 de
895 1439 1106 1489 mutuo
1135 1432 1356 1488 auxilio
1385 1431 1730 1504 mutuisque
1772 1430 1923 1486 inter
1961 1446 2026 1485 se
2066 1434 2189 1486 tra-

533 1523 748 1578 dendis
765 1523 964 1595 operis
987 1537 1332 1578 sermonem
1355 1524 1759 1577 consererent.
1781 1524 2015 1575 Asanus
2032 1519 2190 1588 lega-

532 1612 758 1668 tionem
789 1611 1089 1684 approbat
1119 1629 1132 1680 ;
1165 1616 1345 1683 pacta
1374 1614 1670 1668 conventa
1694 1609 2093 1666 conﬁciuntur
2134 1611 2190 1664 et

525 1700 921 1773 jurejurando
951 1701 1405 1758 conﬁrmantur.

604 1883 690 1936 32.
738 1882 901 1936 Tunc
976 1879 1123 1935 mihi
1207 1879 1648 1937 mathematum
1712 1883 1771 1936 et
1827 1879 2189 1937 sublimioris

533 1969 863 2042 disciplinas
878 1985 1083 2026 amore
1095 1970 1308 2038 excito,
1321 1970 1604 2026 omnibus
1617 1971 1811 2028 valere
1818 1972 1840 2043 j
1851 1971 2023 2037 ussis,
2066 1985 2190 2026 una

533 2075 676 2116 cum
706 2058 835 2115 aliis
864 2059 1367 2126 adolescentibus,
1391 2059 1474 2116 ita
1493 2066 1796 2117 annuente
1829 2062 2189 2133 imperatore

536 2152 715 2220 atque
745 2150 1118 2220 Exapterygo
1169 2148 1482 2204 Theodoro
1539 2149 1922 2218 informante,
1980 2149 2190 2222 logica;

535 2236 796 2292 scientias
847 2235 1044 2292 aditus
1081 2237 1355 2308 foresque
1403 2239 1771 2310 aperiuntur.
1855 2241 2001 2295 Cum
2053 2243 2189 2295 ante

534 2324 959 2398 imperatorem
991 2327 1507 2395 convenissemus,
1531 2328 1591 2383 in
1623 2344 1718 2383 me
1758 2329 2026 2384 oratione
2049 2343 2190 2383 con-

533 2429 710 2469 versa
745 2415 1073 2486 imperator
1108 2415 1257 2472 dixit
1294 2434 1307 2470 :
1344 2438 1393 2471 ».
1420 2419 1536 2472 Hos
1587 2417 1782 2474 Nicaea
1838 2417 2190 2490 desumptos

533 2503 883 2575 praceptori
913 2503 1128 2560 tradidi
1162 2522 1175 2559 :
1205 2504 1308 2560 tibi
1337 2521 1369 2560 e
1395 2505 1582 2561 domu
1626 2522 1763 2562 mea
1810 2511 2076 2578 accepto,
2127 2510 2192 2563 ut

533 2607 657 2648 una
686 2608 823 2648 cum
848 2591 945 2648 his
975 2593 1371 2664 instruereris,
1399 2593 1742 2651 facultatem
1769 2595 1899 2652 feci.
1935 2595 2190 2653 Ostende

533 2680 736 2754 itaque
767 2686 822 2738 te
851 2697 990 2739 vere
1013 2698 1044 2738 e
1065 2698 1201 2739 mea
1220 2683 1410 2739 domu
1425 2699 1732 2754 egressum
1755 2684 1961 2752 fuisse,
1986 2685 2189 2757 sicque

532 2770 916 2828 mathematis
940 2771 1224 2828 incumbe
1245 2772 1591 2829 :militarem
1611 2773 1772 2829 enim
1792 2774 1970 2830 vitam
1987 2779 2189 2830 secuto

531 2863 680 2931 quot
706 2875 779 2916 ex
806 2860 1159 2917 liberalitate
1181 2861 1562 2933 imperatoris
1588 2863 1891 2934 stipendia
1907 2862 2186 2919 constitui

530 2953 832 3021 poterunt,
866 2953 951 3005 tot
983 2949 1090 3006 tibi
1137 2953 1242 3006 aut
1290 2967 1416 3007 non
1474 2951 1664 3007 multo
1716 2951 1892 3024 plura
1947 2955 2191 3023 propter

530 3037 773 3094 familia
797 3038 1217 3095 claritudinem
1243 3045 1620 3112 supererunt.
1665 3045 1735 3096 At
1779 3041 1883 3096 ubi
1920 3040 2188 3113 philoso-

529 3125 688 3198 phiae
733 3127 1075 3183 insinuatus
1125 3127 1425 3197 frugiferis
1469 3129 1688 3200 opibus
1729 3134 1784 3185 te
1821 3129 2184 3202 impleveris,

530 3228 789 3284 magnos
817 3215 1078 3271 honores
1129 3232 1199 3271 ac
1245 3216 1567 3286 dignitates
1616 3217 1720 3272 tibi
1780 3217 2186 3290 comparabis.

529 3304 802 3373 Namque
821 3302 1262 3360 inter-homines
1287 3305 1553 3362 maxime
1575 3307 1853 3362 omnium
1875 3308 2187 3379 conspicui

529 3391 880 3463 praecellunt
923 3393 1246 3465 imperator
1313 3399 1494 3468 atque
1563 3396 1983 3469 philosophus.
2011 3420 2038 3448 «
2067 3401 2186 3455 Hac

527 3479 759 3536 ratione
781 3481 922 3538 aula
947 3498 1222 3553 egressus
1247 3485 1604 3557 prmccptori
1631 3501 1728 3541 me
1753 3486 1954 3542 dedidi
1992 3503 2186 3544 annos

529 3574 757 3642 septem
771 3571 1047 3628 etdecem
1061 3578 1272 3629 natum
1299 3578 1743 3632 .Verumtamen
1771 3579 2182 3649 Exapterygus

527 3659 590 3716 in
615 3661 998 3718 mathematis
1018 3679 1140 3720 non
1164 3664 1498 3721 admodum
1528 3666 1874 3738 praestabat,
1909 3667 2016 3744 sed
2035 3666 2187 3724 mul-

526 3751 655 3806 tum
672 3749 930 3808 dicendo
951 3752 1161 3816 valuit,
1177 3759 1384 3826 utpote
1395 3754 1704 3812 rhetoricis
1724 3757 1934 3814 studiis
1967 3759 2186 3818 eximie

525 3837 829 3895 institutus
851 3845 906 3896 et
935 3841 1014 3896 ad
1040 3841 1449 3915 eloquendum
1475 3845 1806 3917 composite
1857 3863 1976 3903 usu
2005 3854 2185 3921 atque

524 3925 768 3996 ingenio
793 3935 1204 4002 comparatus,
1228 3931 1486 4005 ideoque
1499 3934 1896 3990 nomenillius
1921 3936 2182 3993 celeber-

523 4015 747 4072 rimum
789 4016 905 4091 55.
947 4018 1075 4074 fuit.
1124 4022 1204 4076 Eo
1245 4020 1583 4090 demortuo,
1633 4027 1955 4096 postquam
2003 4027 2181 4083 nobis

524 4110 876 4177 poematum
899 4108 1190 4180 ambages
1220 4111 1581 4183 explicasset
1608 4116 1663 4167 et
1690 4113 1978 4170 orationis
1999 4117 2184 4172 conﬁ-

525 4193 754 4250 ciendae
771 4200 961 4253 artem
983 4199 1342 4266 tradidisset,
1368 4200 1448 4256 ad
1473 4199 1867 4257 Blemmidem
1892 4202 2182 4275 Nicepho-

525 4298 684 4352 rum,
714 4300 838 4356 quo
887 4287 1192 4344 neminem
1248 4289 1310 4343 in
1363 4288 1795 4360 philosophicis
1851 4289 2181 4364 disciplinis

2301 533 2651 607 ἀναχαιτίσαι
2677 555 2733 588 τε
2761 539 2941 588 καὶτὸ
2970 537 3287 604 ὑπεναντίον,
3348 541 3417 599 ὡς
3467 537 3528 590 ἂν
3587 535 3660 592 δι’
3710 538 3930 614 ἀμφοῖν

2299 626 2368 677 τὰ
2422 624 2590 677 οἰκεῖα
2631 627 2958 698 κρατύνοιτο,
3027 629 3258 701 εὑρίσκει
3333 631 3521 703 τρόπον
3592 627 3935 706 ἀποπληρω-

2300 716 2444 766 τικὸν
2481 721 2590 766 τοῖν
2631 709 2798 766 δυοῖν.
2845 715 3120 786 Ἐγεννήθη
3174 718 3278 790 γὰρ
3331 717 3471 789 αύτῷ
3529 718 3642 789 (63)
3691 720 3804 780 υίὸς
3859 719 3931 772 ἐκ

2301 810 2397 862 τῆς
2437 798 2723 874 βασιλίδος
2778 802 3018 876 Εἰρήνης,
3073 801 3112 876 ᾧ
3158 810 3247 858 καὶ
3298 805 3482 867 κλῆσις
3532 812 3623 859 τοῦ
3680 808 3925 859 πάππου

2300 895 2391 944 καὶ
2443 889 2704 962 βασιλέως
2750 888 2992 968 Θεδώρου
3033 901 3124 948 τοῦ
3173 896 3475 969 Λασκάριος
3535 893 3918 948 ἐπετέθειτοπ⁸

2302 977 2572 1034 ἑνδέκατον
2599 976 2660 1033 δέ
2712 983 2763 1034 οἱ
2823 984 2936 1043 ἔτος
2976 987 3092 1036 τότε
3139 984 3344 1042 ἠνύετο.
3399 988 3500 1038 Καὶ
3550 984 3577 1035 6
3625 984 3795 1036 Ἀσὰν
3847 979 3921 1036 δὲ

2303 1071 2581 1142 θυγάτριον
2642 1073 2820 1143 ἔσχεν,
2883 1069 3050 1132 Ἐλένη
3111 1073 3242 1131 αὐτῆ
3298 1075 3545 1146 τοῦνομα,
3604 1074 3751 1146 παρὰ
3811 1080 3922 1136 τῆς

2300 1156 2353 1220 ἐξ
2405 1158 2658 1234 Ούγγρων
2710 1161 3046 1231 γαμηθείσης
3093 1159 3255 1232 αύτῷ·
3309 1162 3512 1215 ἔννατον
3564 1165 3656 1214 καὶ
3731 1163 3914 1234 ταύτῃ

2299 1250 2414 1308 ἔτος
2461 1255 2543 1306 ῆν.
2605 1248 2886 1322 Πρεσϐείαν
2937 1257 3061 1322 γοῦν
3115 1250 3310 1304 στέλλει
3361 1252 3388 1303 ό
3443 1249 3699 1324 βασιλεὺς
3770 1254 3916 1325 πρὸς

2297 1339 2383 1390 τὸν
2429 1335 2728 1413 Βουλγάρων
2786 1340 3024 1412 ἄρχοντα
3066 1339 3250 1408 Ἀσὰν,
3307 1344 3397 1392 καὶ
3453 1344 3741 1412 μνηστείας
3810 1347 3922 1391 τῶν

2298 1422 2503 1479 παίδων
2566 1431 2874 1499 μνημονεύει
2926 1431 3017 1480 καί
3061 1436 3157 1491 τῆς
3195 1427 3382 1502 ἀμφοῖν
3451 1432 3774 1501 ἀγχιστείας
3822 1433 3920 1481 καὶ

2298 1522 2392 1567 τοῦ
2443 1512 2515 1567 δι’
2571 1515 2815 1578 ἀλλήλους
2868 1525 3241 1590 συνασπισμοῦ
3309 1537 3363 1572 τε
3442 1523 3532 1570 καὶ
3606 1523 3915 1593 συγκροτή-

2301 1623 2426 1665 σεως
2463 1606 2531 1641 ⁸ο-
2589 1611 2690 1659 Καὶ
2743 1604 2962 1678 δέχεται
3006 1609 3033 1660 6
3088 1605 3252 1662 Ἀσὰν
3309 1612 3402 1666 τήν
3449 1605 3754 1682 πρεσϐείαν,
3820 1612 3916 1660 καὶ

2296 1692 2616 1767 πληροῦνται
2656 1697 2711 1748 αἱ
2738 1701 3053 1769 συμφωνίαι.
3079 1701 3180 1750 Καὶ
3219 1699 3304 1750 ἐπὶ
3350 1699 3556 1759 τούτοις
3604 1700 3697 1748 καὶ
3757 1696 3917 1772 ὅρκοι

2227 1775 2268 1830 Β
2297 1782 2603 1856 προύϐησαν
2624 1785 2692 1840 δί.

2367 1871 2469 1944 λβ·
2520 1877 2646 1926 Τότε
2695 1881 2820 1945 γοῦν
2863 1879 2953 1926 καὶ
3003 1873 3159 1936 αὐτὸς
3207 1876 3360 1948 ἔρωτι
3401 1882 3499 1928 τῶν
3571 1875 3914 1946 μαθημάτων

2299 1962 2454 2024 ἁλοὺς
2499 1969 2589 2016 καὶ
2643 1973 2754 2024 τῆςο
2797 1963 3124 2039 ἁψηλοτέρας
3178 1973 3278 2016 τῶν
3323 1964 3487 2036 λόγων
3548 1961 3910 2032 παίδεύσεως,

2296 2060 2406 2114 τοῖς
2454 2059 2589 2106 πᾶσι
2645 2058 2852 2129 χαίρειν
2897 2053 3072 2121 εἰπὼν,
3117 2054 3368 2127 θελήματι
3421 2060 3515 2106 τοῦ
3584 2062 3914 2128 κρατοῦντος

2299 2144 2430 2214 μετὰ
2479 2147 2570 2194 καί
2625 2142 2804 2215 ἑτέρων
2862 2145 3119 2219 μειράκων
3187 2144 3254 2204 εἰς
3331 2142 3424 2207 τὰς
3515 2151 3616 2195 τῶν
3675 2143 3910 2214 λογικῶν

2297 2227 2670 2304 παιδευμάτων
2716 2233 2869 2304 θύρας
2928 2236 3257 2306 παρήγγισα,
3332 2229 3629 2293 Παιδευτής
3703 2229 3767 2285 δέ
3842 2233 3910 2292 ἠν

2300 2321 2424 2391 ήμῐν
2460 2321 2486 2370 ό
2541 2319 2918 2396 Ἐξαπτέρυγος
2969 2318 3242 2395 Θεόδωρος
3301 2321 3440 2395 (64)⁶
3504 2320 3647 2374 Ἐπεὶ
3701 2317 3764 2374 δὲ
3816 2325 3914 2396 ἔμ-

2300 2411 2522 2482 προσθεν
2578 2418 2670 2462 τοῦ
2720 2409 2983 2483 βασίλεως
3032 2411 3372 2484 συνήλθομεν,
3429 2416 3559 2486 πρός
3612 2432 3678 2484 με
3738 2417 3912 2478 τείνας

2299 2502 2385 2551 τὸν
2415 2498 2564 2571 λόγον
2594 2501 2621 2551 6
2648 2498 2898 2572 βασιλεὺς
2929 2501 3143 2573 εἰρήκει,
3168 2504 3237 2563 ὡς
3273 2503 3504 2564 Τούτους
3553 2504 3644 2574 μὲν
3695 2501 3756 2554 ἐκ
3809 2508 3914 2556 Νι-

2299 2592 2451 2649 καίας
2487 2587 2654 2641 λαϐὼν
2697 2597 2769 2660 τῷ
2826 2586 3187 2662 διδασκαλείῳ
3233 2587 3537 2664 παρέδωκα,
3595 2593 3653 2643 σε
3702 2588 3763 2644 δὲ
3811 2599 3912 2644 τοῦ

2299 2677 2424 2751 ἐμοῦ
2446 2677 2670 2731 ἐκϐαλὼν
2705 2683 2850 2732 οἳκου
2896 2684 3134 2732 τουτοισί
3195 2687 3474 2752 συναφήκα
3519 2677 3908 2752 διδάσκεσθαι,

2300 2768 2470 2831 Δεῖξον
2510 2765 2598 2821 οὖν
2650 2771 2718 2831 ὡς
2775 2767 2978 2831 ἀληθῶς
3029 2776 3121 2829 τῆς
3167 2767 3291 2842 ἐμῆς
3343 2769 3515 2831 οἰκίας
3573 2769 3757 2844 agam,
3816 2777 3912 2824 καὶ

2299 2858 2495 2912 ούτωσί
2541 2867 2641 2911 τῶν
2712 2861 3035 2931 μαθημάτων
3110 2857 3498 2918 ἀντιποιήθητιο
3579 2868 3912 2933 Στρατιώτης

2302 2951 2392 3021 μεν
2412 2950 2513 3022 γὰρ
2544 2951 2603 3001 τὸ
2648 2945 2975 3021 ἐπιτήδευμα
3018 2953 3238 3020 γεγονὼς
3289 2951 3464 3002 ὁπόσα
3519 2949 3580 3003 ἂν
3633 2953 3790 3024 ἔσχες
3839 2954 3912 3004 τὰ

2297 3046 2389 3091 τοῦ
2445 3043 2749 3112 σιτηρεσίου
2801 3041 2946 3113 παρὰ
3035 3047 3126 3099 τῆς
3211 3037 3500 3111 βασιλικῆς
3588 3037 3906 3112 δεξιώσεως,

2229 3134 2268 3190 C
2297 3137 2532 3182 τοσαῦτα
2559 3126 2619 3180 ἂν
2650 3131 2830 3189 ῖσωςῆ
2860 3134 2950 3182 καὶ
2999 3128 3170 3200 ὀλίγον
3221 3128 3380 3182 πλείω
3427 3149 3513 3183 σοι
3557 3126 3646 3182 διὰ
3688 3137 3746 3182 τὸ
3801 3138 3902 3183 τοῦ

2293 3222 2469 3290 γένους
2522 3221 2794 3292 περιφανὲς
2860 3220 3029 3270 ἔσται.
3097 3216 3359 3290 ’Ἐμπλεως
3445 3215 3500 3271 δὲ
3581 3216 3890 3288 φιλοσοφίας

2295 3312 2467 3380 φανεὶς
2520 3307 2753 3380 μεγάλων
2820 3306 3090 3380 ἀξιωθήσῃ
3150 3316 3250 3360 τῶν
3304 3316 3459 3381 τιμῶν
3519 3325 3572 3358 τε
3618 3310 3709 3357 καὶ
3779 3314 3890 3358 τῶν

2291 3404 2475 3471 γερῶν.
2526 3401 2674 3468 μόνοι
2725 3399 2826 3469 γὰρ
2883 3396 3121 3449 ἁπάντων
3178 3396 3459 3471 ἀνθρώπων
3485 3396 3901 3469 ὀνομαστότατοι

2296 3484 2548 3561 βασιλεὺς
2594 3491 2685 3539 καὶ
2734 3486 3026 3559 φιλόσοφος.
3079 3486 3231 3539 Οὕτω
3279 3490 3370 3560 μεν
3427 3494 3522 3539 τῶν
3601 3483 3905 3560 ἀνακτόρων

2293 3579 2652 3650 ὑποχωρήσας
2699 3579 2764 3638 ὡς
2811 3573 3144 3630 διδασκάλου
3201 3581 3362 3652 φέρων
3412 3575 3644 3630 ἐνέϐαλον
3692 3575 3904 3648 ἑαυτὸν,

2293 3663 2735 3720 ἑπτακαιδέκατον
2780 3665 2884 3726 ἓτος
2933 3667 3094 3736 ἄγων.
3151 3665 3248 3720 Ἦν
3299 3663 3359 3718 δε
3405 3666 3577 3733 οὗτος,
3628 3667 3697 3727 ὡς
3755 3667 3907 3738 ἔφην,

2293 3757 2318 3810 ὃ
2370 3756 2762 3831 Ἐξαπτέρυγος,
2807 3753 2938 3831 ἀνήρ
2994 3755 3052 3808 ού
3105 3757 3240 3808 πάνυ
3298 3758 3388 3827 μὲν
3468 3758 3771 3829 ἐπιστήμων
3857 3755 3910 3808 ἐν

2291 3853 2395 3907 τοῖς
2451 3847 2782 3918 μαθήμασιν,
2840 3844 2915 3915 [Ρο
2973 3844 3067 3915 27]
3124 3842 3319 3915 ἀγαθὸς
3352 3841 3411 3898 δε
3484 3844 3722 3918 φράζειν,
3818 3845 3911 3898 οἶά

2288 3937 2571 4012 ῥητορικῆς
2655 3935 2927 4007 κατάκρως
3001 3931 3345 4009 ἐνδιατρίψας
3419 3934 3598 4006 λόγοις
3666 3940 3760 3987 καὶ
3846 3941 3911 3990 τό

2290 4025 2576 4097 ἄξαγγέλειν
2647 4024 2840 4096 εὐφυῶς
2904 4023 3260 4097 μεμελετηκὼς
3350 4029 3440 4078 καὶ
3535 4024 3730 4078 πολλοῦ
3806 4022 3910 4080 διὰ

2288 4125 2439 4170 τοῦτο
2492 4115 2772 4188 ἠξιωμένος
2835 4113 3106 4186 ὀνόματος.
3159 4115 3382 4168 Ἐκείνου
3440 4111 3500 4168 δὲ
3548 4114 3906 4174 τελευτήσαν-

2288 4225 2378 4268 τος
2427 4207 2559 4278 μετὰ
2609 4209 2702 4262 τήν
2761 4203 2830 4265 εἰς
2884 4205 3024 4276 ἡμᾶς
3072 4211 3172 4256 τῶν
3232 4205 3541 4277 ποιημάτων
3603 4211 3904 4278 σαφήνειαν

2288 4299 2379 4347 καί
2409 4298 2501 4352 τήν
2550 4301 2646 4353 τῆς
2702 4301 2800 4344 τῶν
2855 4293 3019 4364 λόγων
3067 4297 3257 4366 τέχνης
3317 4289 3692 4364 διδασκαλίαν,
3749 4301 3905 4371 παρὰ

526 4376 1002 4444 praestantiorem
1040 4376 1344 4442 novimus,
1374 4393 1471 4433 me
1500 4377 1698 4450 ipsum
1728 4379 1969 4451 contuli,
1987 4384 2182 4454 etqui-

2293 4387 2378 4436 τόν
2431 4378 2727 4454 Βλεμμίδην
2774 4385 3074 4456 Νικηφόρον
3127 4383 3268 4455 (65),
3317 4382 3370 4436 ὃν
3421 4388 3536 4437 τότε
3590 4386 3782 4447 πάντες
3826 4389 3906 4441 οἱι

596 4469 645 4506 ⁵⁸
686 4471 810 4556 ὑπὲρ
836 4503 908 4513 —
935 4471 1106 4556 λόγουῆ
1119 4489 1243 4556 om‘.
1416 4475 1474 4556 .59
1505 4473 1690 4531 κλῆσιν
1707 4483 1811 4556 Δτοῦ
1842 4477 2057 4556 πάππου
2091 4479 2368 4556 Θεοδώρου
2400 4477 2660 4556 ἐμεθέτετο
2687 4479 2753 4535 D.

2849 4481 2897 4557 ξς
2927 4479 3128 4533 ἔννατον
3156 4511 3244 4557 —_
3259 4484 3664 4557 συγκροτήσεως
3694 4483 3907 4538 στέλλει

525 4539 612 4594 οὖν
641 4539 979 4617 πρὸςτοῦτον
1002 4539 1030 4596 6
1071 4543 1319 4617 βασιλεύς
1348 4545 1468 4620 ύρερ
1498 4551 1776 4617 μνηστείας
1799 4555 1899 4600 τῶν
1924 4547 2128 4604 παίδων
2156 4556 2222 4610 D.
2274 4539 2342 4590 ’⁸⁸
2378 4539 2468 4604 καὶ
2504 4551 2590 4608 πλ.
2631 4583 2703 4593 —
2728 4550 3034 4624 προῦϐησαν
3064 4568 3186 4610 om.
3213 4554 3277 4608 Ι).

1413 4693 1757 4765 Theodori
1805 4699 2056 4770 Dousa;
2105 4712 2171 4771 et
2217 4703 2471 4773 Leonis
2519 4703 2757 4772 Allatii
2805 4712 3008 4772 notae.

593 4854 710 4929 (63)
741 4854 1020 4935 Ἐγεννήθη
1068 4855 1200 4935 7_a‘cp_
1229 4854 1390 4927 αύτῷ.
1501 4856 1722 4935 Eadem
1779 4863 2184 4935 prosequitur

525 4929 816 4997 Gregoras
857 4941 915 4997 p.
947 4931 1038 4993 29,
1087 4929 1311 4984 caetera
1356 4930 1734 4986 conveniunt.
1772 4929 2068 4992 Intersunt
2098 4939 2184 4992 ta-

523 5014 665 5076 men
695 4998 845 5076 inter
865 4999 1185 5076 Gregoram
1201 5001 1666 5076 etacropolitam
1685 5019 1697 5057 :
1718 5005 1939 5076 namin
1968 5007 2181 5076 Grego-

524 5014 665 5068 men
695 5013 845 5053 inter
865 5013 1185 5123 uregoram
1201 5013 1666 5072 emcropontam
1685 5019 1697 5057 :
1718 5013 1939 5060 namin
1968 5013 2180 5076 Grego-

524 5084 609 5150 ra_
621 5069 800 5137 legati
813 5084 883 5150 ex
899 5070 979 5150 Bn
1007 5069 1168 5150 gat-is
1181 5071 1444 5150 veniuni,
1462 5072 1521 5128 in
1525 5073 1870 5150 Acropolita
1887 5075 1965 5150 ab
1994 5077 2180 5150 impe-

523 5145 720 5218 ratore
745 5141 1096 5218 mittuntur;
1128 5141 1190 5196 in
1220 5141 1479 5218 Gregora
1516 5144 1640 5200 ﬁlia
1678 5141 1913 5218 Bulgari
1961 5141 2181 5205 Helena

525 5209 810 5284 decennis
843 5214 949 5284 est,
975 5210 1036 5265 in
1067 5209 1402 5284 Acropolita
1431 5217 1742 5282 novennis,
1773 5209 1909 5276 XLL.

624 5281 714 5362 .64)
744 5276 1032 5360 Θεόδωρος.
1067 5284 1201 5353 Legi
1222 5276 1422 5362 nescio
1452 5287 1596 5362 quid
1626 5276 1841 5362 hujus
1862 5289 2174 5362 Theodori,

527 5358 634 5430 sed
664 5358 958 5430 memoria
986 5369 1107 5410 non
1138 5358 1401 5430 suggerit
1427 5358 1742 5430 quodnam
1787 5359 1934 5416 illud
1968 5358 2175 5417 fuerit:

527 5423 606 5548 id
635 5437 731 5476 res
761 5425 966 5480 tamen
1006 5423 1467 5486 mathematicas
1522 5436 1827 5502 spectasse
1884 5433 2174 5503 suspicor.

577 5507 662 5546 LL.

577 5507 662 5546 LL.

595 5562 824 5643 (δίη-ρο
855 5565 1182 5643 Blemmide
1211 5569 1482 5643 pluribus
1511 5571 1655 5627 alibi
1698 5571 1952 5641 egimus.
2006 5573 2178 5630 Edita

526 5635 669 5689 sunt
696 5633 854 5693 illius
887 5633 1301 5715 Philosophiae
1321 5643 1626 5714 etLogica,
1644 5646 1700 5699 et
1725 5633 2026 5701 6rationes
2040 5645 2177 5703 duae

2289 4864 2366 4920 de
2395 4865 2777 4938 processione
2803 4865 3052 4937 Spiritus
3063 4865 3259 4938 sancti
3275 4880 3394 4938 per
3422 4865 3594 4922 mein
3617 4866 3906 4925 Latinum

2290 4936 2680 5010 versaehtulto
2700 4936 2871 5010 plura
2888 4941 3031 5010 sunt
3058 4937 3118 4991 in
3141 4936 3536 5010 bibliothecis.
3573 4938 3768 5010 Penes
3801 4956 3908 4998 me

2291 5007 2502 5082 suntej
2514 5005 2722 5082 usdenj
2749 5008 2959 5074 oratio,
2983 5011 3160 5061 ὁποῖον
3182 5078 3195 5082 _
3215 5005 3296 5061 δεῖ
3336 5005 3469 5082 εἶναι
3484 5080 3491 5082 _
3511 5012 3600 5062 τὸν
3643 5007 3906 5082 ﬂata-dia,

2289 5085 2347 5133 et
2379 5078 2632 5152 historia
2677 5079 2752 5134 de
2803 5078 3239 5152 sanctogl’aulo
3287 5084 3345 5152 et
3399 5079 3528 5136 aliis
3590 5078 3904 5152 Patribus,

2287 5149 2392 5222 qui
2418 5150 2478 5222 in
2509 5153 2676 5205 Latro
2700 5156 2903 5222 monte
2931 5150 3262 5222 solitariam
3287 5151 3474 5207 vitam
3501 5149 3908 5222 egerunt,ele¥

2289 5220 2640 5298 gantissime
2672 5226 2727 5298 et
2761 5220 2840 5298 ad
2867 5221 3184 5298 antiquum
3226 5237 3474 5298 succum
3525 5220 3906 5298 conscripta.

2289 5295 2350 5364 l_n
2378 5292 2659 5364 vaticana
2677 5291 2892 5364 legitur
2920 5291 3216 5364 ejusdem:
3247 5298 3418 5364 ,Λόγος
3450 5293 3506 5356 ὃς
3534 5291 3800 5356 ἐπεστάλη
3829 5308 3908 5364 τῷ

2289 5361 2520 5436 βασιλεῖ,
2581 5357 2859 5435 βασιλῖκὸς
2923 5357 3410 5439 κληθεὶς-ἀνδριάς
3482 5368 3597 5439 ἔστι
3671 5363 3732 5420 δὲ
3810 5357 3906 5424 κοίί

2285 5433 2590 5506 μονασταῖς
2632 5439 2720 5487 καὶ
2768 5440 2924 5506 παντὶ
2991 5433 3281 5506 σπουδαίῳ
3331 5435 3628 5500 λυσιτελής.
3672 5440 3904 5498 Princi-

2537 5510 2710 5585 Νόμος
2741 5505 2994 5585 βιρχήθεν
3051 5505 3348 5585 συμϐαίνων
3420 5514 3532 5572 τοῖς
3609 5513 3906 5585 πράγμασι

2286 5579 2405 5640 τούς
2430 5577 2689 5640 ὑπηκόους
2710 5577 2961 5652 εἰσφέρειν
2989 5586 3062 5651 τῷ
3089 5577 3321 5653 βασιλεῖ.
3356 5586 3492 5637 ALL'
