4152 6384
246 310 266 361 l
279 305 384 364 057

1764 299 2090 356 ANNALES

3469 299 3608 357 1058

236 428 401 504 δαμεν
456 428 758 501 τελεώτερον
810 431 912 477 τῶν
976 423 1138 476 ἄλλων
1200 423 1250 477 ἐν
1307 431 1425 486 ταῖς
1472 427 1606 478 κατά
1640 424 1842 498 φιλοσο-

1971 440 2196 498 aunque
2226 441 2348 481 una
2372 441 2612 482 mecum
2640 425 2849 497 logicis
2880 426 3389 500 speculationibus
3419 431 3609 484 atten-

237 526 357 594 φίαν
407 523 748 589 ἐπιστήμαις,
825 512 1080 585 ἐφοίτησά
1132 532 1186 565 τε
1229 513 1386 576 αῦτός
1436 518 1526 566 καὶ
1581 515 1695 567 ὅσοι
1752 518 1846 566 σὺν

237 608 355 683 ἒμοὶ
397 607 653 662 ἐτελοῦντο
711 606 779 658 τὰ
826 602 1031 675 λογικά.
1088 607 1189 655 Καὶ
1238 604 1264 655 6
1313 607 1430 676 περὶ
1493 605 1637 676 ἡμῶν
1695 602 1848 675 λόγος

237 704 404 772 μέχρι
433 698 691 750 τοσούτου
743 697 895 746 νυνί·
967 689 1183 755 ἰσαῦθις
1235 689 1294 745 δὲ
1343 693 1443 750 ὅπη
1492 697 1730 768 παρείκοι
1780 699 1840 765 τῇ

241 788 454 861 ἱστορίᾳ
476 781 745 860 παρεμϐλη
755 784 970 842 θήσεται
991 781 1061 835 ⁸³.

311 876 412 948 λίγ’,
470 875 613 928 Ἐπεὶ
653 869 733 941 δὲ,
788 874 858 934 ὡς
945 875 1292 946 προειρήκειν,
1349 874 1440 923 καὶ
1494 869 1681 944 ἀμφοῖν
1737 875 1845 922 τοίν

243 965 513 1039 βασιλέοιν
551 965 608 1016 αἱ
647 957 876 1015 σπονδαὶ
925 968 1018 1021 τῆς
1051 959 1416 1032 συμϐιϐάσεως
1463 964 1712 1032 γένοιντο,
1772 965 1843 1029 τῷ

241 1074 298 1108 τε
330 1048 543 1121 βασιλεῖ
565 1071 698 1124 φημι
722 1051 930 1124 Ἰωάννῃ
961 1057 1033 1121 τῷ
1082 1052 1252 1122 Δούκᾳ
1305 1055 1395 1103 καὶ
1444 1057 1517 1120 τῷ
1569 1055 1845 1125 κρατοῦντι

239 1151 340 1196 τῶν
395 1141 698 1216 Βουλγάρων
759 1141 919 1193 Ἀσὰν
977 1140 1211 1212 Ἰωάννῃ,
1271 1137 1620 1214 προκατέλαϐε
1675 1141 1764 1212 μὲν
1817 1137 1843 1189 6

240 1230 494 1306 βασιλεὺς
523 1230 574 1266 ⁸³
606 1233 702 1288 τήν
734 1227 1052 1302 Λάμψακον,
1107 1233 1197 1281 καὶ
1264 1225 1665 1301 διαπεραιοῦται
1714 1231 1845 1301 μετὰ

233 1327 333 1372 τῶν
365 1319 564 1372 οἰκείων
597 1314 868 1390 δυνάμεων
921 1317 992 1379 εἰς
1051 1317 1443 1387 Καλλιούπολιν,
1494 1322 1586 1370 καὶ
1635 1317 1847 1391 πολεμεῖ

235 1411 293 1461 τὸ
334 1410 492 1474 ἄστυ,
554 1405 802 1469 ἂεπόλεις
854 1410 1078 1477 στήσας,
1133 1411 1223 1458 καὶ
1266 1405 1314 1458 ἐν
1371 1405 1430 1458 ού
1463 1406 1630 1478 πολλῷ
1667 1411 1844 1480 χρόνῳ

239 1504 520 1572 χειροῦται
547 1503 721 1568 τοῦτο,
763 1503 859 1558 τῆς
885 1504 986 1547 τῶν
1042 1500 1314 1548 Βενετίκων
1380 1492 1651 1556 διασώσας
1693 1503 1846 1549 τοῦτο

241 1590 424 1660 χειρός
463 1585 531 1640 ⁵⁸.
591 1586 737 1638 Μετὰ
793 1591 947 1636 τοῦτο
1002 1583 1387 1657 καταλαμϐάνει
1444 1588 1538 1642 τήν
1593 1583 1848 1637 Καλλιού-

243 1675 393 1728 πολιν
423 1678 510 1726 καὶ
549 1675 574 1726 6
606 1674 766 1728 Ἀσάν
794 1677 888 1726 σὺν
915 1681 976 1746 τῇ
1012 1673 1177 1746 οἰκείᾳ
1230 1681 1430 1746 γαμετῇ
1491 1681 1554 1748 τῇ
1609 1673 1665 1736 ἐξ
1715 1675 1852 1745 Οὔγ-

245 1784 386 1839 γρων
415 1767 596 1839 Μαρίᾳ
620 1765 667 1800 ⁸⁵
697 1768 787 1816 καὶ
813 1771 876 1829 τῇ
912 1765 1131 1837 θυγατρὶ⁹
1185 1763 1352 1836 Ἑλένῃ
1408 1765 1477 1831 ⁸⁵,
1536 1768 1627 1816 καὶ
1678 1768 1852 1838 συνέρ-

245 1873 405 1926 χεται
465 1853 532 1914 εἰς
587 1851 961 1906 Καλλιούπολιν
1022 1854 1065 1889 ⁸⁷
1117 1861 1189 1924 τῷ
1243 1851 1472 1926 βασιλεῖ,
1534 1857 1624 1905 καὶ
1674 1855 1740 1905 τὰ
1784 1853 1854 1914 εἰς

247 1942 420 2014 φιλίαν
460 1939 744 2018 ἀμφότεροι
809 1937 1243 2015 διαπράττονται.
1305 1942 1472 2003 Οὗτος
1525 1945 1612 2003 μὲν
1654 1937 1742 1994 οὖν
1795 1941 1852 1994 ού

248 2026 525 2105 διεπέρασε
609 2034 698 2083 τὸν
755 2030 1149 2101 Ἑλλήσποντον,
1229 2030 1336 2083 ἀλλ’
1393 2033 1580 2104 ἔμεινεν
1646 2029 1694 2083 ἓν
1747 2037 1854 2092 τοῖς

245 2128 337 2181 τῆς
384 2118 804 2181 Καλλιουπόλεως
833 2123 1041 2193 μέρεσιν
1072 2121 1140 2156 ⁸⁸·
1202 2121 1228 2172 6
1277 2117 1336 2173 δὲ
1386 2118 1633 2192 βασιλεὺς
1681 2120 1855 2172 Ἰωάν-

246 2229 335 2271 νης
360 2213 455 2268 τὴν
485 2209 646 2262 αὐτοῦ
674 2210 902 2282 σύζυγον
928 2213 1021 2262 σὺν
1044 2217 1105 2282 τῇ
1143 2211 1362 2286 θυγατρὶ
1384 2208 1553 2284 Ἑλένῃ
1593 2207 1762 2262 λαϐὼν
1807 2211 1854 2246 ⁶⁹

249 2295 654 2374 διαπεραιοῦται
713 2298 784 2359 εἰς
841 2299 1156 2372 Λάμψακον,
1245 2301 1366 2351 ἔνθα
1423 2295 1485 2356 ἧν
1542 2301 1572 2357 ἡ
1643 2297 1857 2372 βασιλὶς

247 2388 462 2462 Εἰρήνη,
497 2393 586 2441 καὶ
615 2387 879 2460 πληροῦσι
906 2393 1001 2446 τήν
1036 2397 1134 2440 τῶν
1186 2383 1391 2440 παίδων
1445 2388 1497 2422 ⁷⁰
1555 2390 1854 2462 συνάφειαν,

247 2485 343 2530 τοῦ
373 2479 709 2551 πατριάρχου
745 2483 1004 2552 Γερμανοῦ
1043 2479 1110 2530 τὰ
1160 2485 1252 2538 τῆς
1310 2476 1592 2552 ἱερολογίας
1618 2479 1665 2513 ⁷¹
1721 2478 1856 2531 τελέ-

252 2587 453 2629 σαντος.
483 2573 610 2620 Τότε
634 2572 723 2620 καὶ
769 2569 794 2619 ό
825 2566 1075 2643 Τρινόϐου
1137 2565 1413 2641 ἀρχιερεὺς
1469 2566 1585 2639 (66)
1615 2568 1714 2619 ὑπό
1769 2571 1854 2620 τὸν

249 2664 346 2718 τῆς
405 2655 991 2718 Κωνσταντινουπόλεως
1037 2655 1190 2709 τελῶν
1245 2656 1530 2729 αὐτονομίᾳ
1585 2660 1856 2729 τετίμηται

249 2751 339 2799 καί
394 2748 736 2822 πατριὰρχης
806 2744 1214 2818 ἀναγορεύεσθαι
1273 2749 1510 2820 κέκριται
1593 2743 1854 2818 βασιλικῷ

250 2840 340 2888 καὶ
373 2832 637 2904 συνοδικῷ
665 2842 736 2905 τῷ
771 2837 1095 2907 θεσπίσματι
1143 2836 1215 2902 ⁷³,
1264 2836 1492 2909 χάριτας
1543 2843 1644 2886 τῶν
1694 2835 1854 2910 πρού-

252 2928 453 2996 χόντων
512 2922 860 2975 ἀποτινύντων
919 2930 991 2993 τῷ
1050 2922 1352 2996 Βουλγὰρων
1414 2924 1636 2999 ἄρχοντι
1695 2925 1855 2977 Ἀσὰν

253 3019 346 3064 τοῦ
376 3008 573 3072 κήδους
602 3011 746 3064 ἕνεκα
774 3017 863 3064 καὶ
903 3019 992 3072 τῆς
1041 3011 1207 3084 φιλίας
1263 3013 1332 3066 ⁷³.
1389 3011 1529 3066 Ἐπεὶ
1579 3021 1702 3085 γοῦν
1756 3015 1857 3066 ὅσα

256 3099 305 3162 ἒς
359 3104 424 3153 τὰ
481 3107 696 3152 τοιαῦτα
751 3103 888 3175 φέρει
970 3099 1321 3174 πεπλήρωται,
1379 3103 1408 3160 ή
1487 3105 1577 3175 μὲν
1643 3101 1856 3176 βασιλὶς

251 3189 447 3264 Εἰρήνη
479 3192 566 3242 τὸν
609 3192 719 3242 υἱὸν
752 3192 884 3261 μετὰ
907 3198 1002 3249 τῆς
1033 3192 1238 3262 νύμφης
1275 3189 1511 3244 λαϐοῦσα
1559 3199 1668 3254 τοῖς
1714 3193 1858 3265 ἑῴοι.³

253 3276 574 3353 συνδιῃτᾶτο
602 3284 824 3353 χώροις,
859 3279 1107 3341 ᾦσαύτως
1139 3275 1198 3332 δι
1254 3285 1345 3333 καὶ
1398 3282 1428 3339 ἡ
1461 3289 1553 3333 τοῦ
1605 3283 1656 3318 ⁷⁸
1692 3283 1857 3336 Ἀσὰν

255 3372 481 3441 σύζυγος
528 3366 578 3420 ἐν
634 3374 746 3431 τοῖς
806 3367 1014 3431 οἰκείοις
1072 3371 1249 3431 τόποις
1323 3369 1662 3445 ὑπέστρεψεν,
1719 3373 1744 3423 ό
1799 3369 1859 3426 δε

255 3457 504 3531 βασιλεὺς
546 3457 785 3520 Ἰωάννης
836 3461 926 3511 καὶ
980 3459 1006 3510 6
1049 3457 1208 3511 Ἀσὰν
1256 3460 1351 3522 τὰς
1381 3459 1573 3522 οἰκείας
1610 3457 1857 3534 δυνάμεις

252 3546 656 3620 προσειληφοτες
674 3551 764 3600 καὶ
821 3546 973 3620 ἆμφω
1030 3551 1124 3605 τὴν
1170 3543 1390 3606 δυτικήν
1446 3549 1559 3619 (67)
1599 3547 1859 3626 κατέδρα-

253 3657 346 3710 μον
375 3642 580 3710 χώραν,
614 3638 784 3696 ὁπόση
811 3634 871 3696 ἧν
909 3642 1018 3698 τοῖς
1065 3641 1311 3698 Λατίνοις
1351 3633 1695 3695 δουλεύουσα.
1759 3645 1860 3693 Καὶ

254 3726 390 3780 λείαν
428 3729 518 3800 μὲν
563 3725 750 3784 πολλήν
808 3728 1120 3784 ἐποιήσαντο
1168 3727 1217 3761 ⁷⁵
1247 3731 1333 3779 καὶ
1383 3729 1591 3780 Σκυθῶν
1641 3727 1860 3802 ἐρημίαν

256 3819 339 3885 (τὸ
384 3824 475 3876 τῆς
511 3820 796 3890 παροιμίας
849 3817 899 3851 ⁷⁸
947 3815 1123 3887 εἰπεῖν)
1186 3819 1280 3874 τὴν
1329 3815 1538 3870 ἅπασαν
1605 3815 1861 3891 ἀπειργά-

263 3923 440 3967 σαντο,
475 3911 620 3977 σφίσι
650 3902 710 3958 δὲ
741 3905 913 3965 αύτοῐς
959 3906 1095 3956 κατὰ
1146 3907 1262 3964 τοὺς
1307 3905 1494 3978 ὅρκους
1521 3907 1566 3941 ⁷⁷
1601 3909 1669 3958 τὰ
1723 3908 1859 3965 ἄστη

262 3998 353 4046 καὶ
381 3999 472 4051 τήν
510 3999 689 4070 χώραν
725 3991 759 4047 δ
766 3999 1110 4068 ιεμερίσαντο.
1145 3997 1245 4046 Καὶ
1310 3993 1686 4056 Καλλιούπολις
1750 3999 1860 4068 μὲν,

259 4081 368 4135 ἐπεὶ
397 4087 484 4135 καὶ
539 4086 640 4157 πρὸ
694 4092 786 4144 τῆς
844 4081 1188 4144 συνελεύσεως
1243 4089 1336 4134 τοῦ
1367 4083 1532 4138 Ἀσὰν
1575 4083 1720 4158 παρᾶ
1769 4092 1864 4137 τοῦ

1955 515 2202 570 debant.
2234 517 2299 570 Et
2328 514 2401 570 de
2436 531 2533 570 me
2563 516 2696 588 ipso
2720 515 2849 572 haec
2878 517 2940 571 in
2972 517 3247 589 praesenti
3273 517 3414 574 satis
3448 516 3611 572 dicta

1957 604 2196 660 sint:in
2243 609 2554 674 posterum
2593 621 2735 661 vero
2781 605 3029 678 reliqua,
3087 607 3192 664 ubi
3234 622 3363 663 sese
3415 605 3612 663 tulerit

1955 695 2216 766 occasio,
2249 694 2508 750 historiae
2540 694 2898 753 inserentur.

2028 877 2115 929 33.
2148 873 2294 928 Cum
2323 873 2548 946 itaque,
2578 877 2645 929 ut
2681 872 3106 945 praedixeram,
3137 874 3320 930 ambo
3349 874 3612 930 Joannes

1956 961 2149 1018 Ducas
2181 961 2509 1034 imperator
2553 967 2608 1018 et
2638 967 2871 1019 Asanus
2913 965 3171 1019 Joannes
3218 961 3613 1032 Bulgarorum

1954 1067 2059 1108 rex
2087 1051 2148 1106 in
2183 1066 2372 1107 unum
2398 1050 2620 1107 foedere
2657 1052 2775 1108 icto
2804 1052 3247 1122 convenissent,
3292 1051 3616 1123 imperator

1956 1143 2356 1213 Lampsacum
2410 1145 2816 1213 praeoccupat,
2863 1145 2920 1196 et
2964 1140 3153 1212 copiis
3234 1138 3617 1211 Calliupolim

1952 1229 2192 1301 trajicit,
2224 1230 2573 1303 adactisque
2608 1230 2904 1286 machinis
2939 1229 3249 1286 castellum
3281 1229 3530 1297 invadit,
3561 1230 3620 1284 et

1951 1335 2075 1374 non
2107 1318 2296 1375 multo
2334 1324 2471 1392 post
2516 1335 2546 1374 e
2576 1319 2940 1375 Venetorum
2970 1317 3254 1375 manibus
3278 1319 3616 1390 recuperat.

1953 1411 2090 1465 Post
2114 1409 2244 1464 haec
2270 1413 2507 1465 Asanus
2547 1425 2686 1464 cum
2717 1424 2900 1465 uxore
2930 1407 3111 1464 Maria
3143 1410 3385 1478 Ungara
3415 1411 3470 1462 et
3494 1406 3620 1463 ﬁlia

1957 1498 2175 1554 Helena
2242 1497 2618 1570 Calliupolim
2669 1498 2852 1569 venit,
2906 1498 3010 1553 ubi
3063 1514 3203 1553 cum
3255 1497 3617 1569 imperatore

1960 1602 2302 1644 sermonem
2325 1588 2584 1644 conserit
2609 1607 2620 1643 :
2645 1588 2992 1660 ibidemque
3019 1587 3345 1643 amicitiam
3370 1589 3619 1658 uterque

1961 1677 2340 1734 conﬁrmant.
2384 1679 2484 1733 Hic
2514 1677 2960 1750 Hellespontum
2991 1693 3115 1732 non
3144 1676 3391 1747 trajecit,
3416 1676 3523 1732 sed
3556 1675 3618 1732 in

1885 1783 1924 1837 Β
1963 1766 2303 1837 Calliupolis
2344 1766 2617 1838 partibus
2650 1765 2957 1822 remansit.
2990 1768 3250 1822 Joannes
3294 1765 3620 1837 imperator

1963 1871 2101 1911 cum
2127 1871 2312 1910 uxore
2352 1860 2410 1910 et
2453 1854 2579 1911 ﬁlia
2629 1854 2848 1911 Helena
2879 1857 3300 1926 Lampsacum,
3353 1853 3459 1909 ubi
3496 1855 3624 1909 erat

1965 1946 2129 2000 lrene
2159 1944 2526 2016 imperatrix,
2585 1949 2832 2000 remeat.
2890 1947 2955 2000 Et
2998 1958 3324 2014 puerorum
3379 1943 3622 2014 nuptias

1966 2038 2286 2104 apparant,
2312 2049 2449 2089 cum
2469 2035 2798 2089 Germanus
2819 2033 3160 2106 patriarcha
3181 2031 3293 2104 55
3321 2031 3475 2087 inter
3492 2046 3623 2088 rem

1965 2121 2235 2178 divinam
2275 2123 2627 2195 nuptiarum
2659 2122 3047 2178 caeremonias
3064 2120 3434 2178 absolvisset.
3462 2123 3625 2176 Tunc

1968 2216 2027 2268 et
2055 2212 2293 2269 Trinobi
2321 2213 2542 2285 praesul
2573 2213 2880 2286 Cpolitano
2910 2212 3209 2268 obnoxius
3239 2211 3626 2284 imperatorio

1967 2317 2037 2357 ac
2069 2302 2360 2374 synodico
2393 2301 2653 2368 decreto,
2685 2307 2750 2357 ut
2777 2306 2979 2357 Asano
3017 2301 3409 2374 Bulgarorum
3461 2300 3626 2374 prin-

1967 2389 2084 2462 cipi
2113 2389 2422 2446 afﬁnitatis
2461 2394 2520 2446 et
2558 2390 2838 2446 amicitiae
2889 2405 3077 2447 causa
3133 2391 3623 2461 gratiﬁcarentur,

1968 2494 2080 2534 suo
2104 2479 2236 2550 jure
2262 2479 2463 2535 vivere
2489 2483 2546 2534 et
2574 2479 2928 2550 patriarchae
2966 2480 3211 2535 nomine
3242 2479 3629 2536 condecorari

1966 2567 2239 2624 obtinuit.
2273 2567 2373 2624 His
2405 2583 2546 2638 ergo
2574 2584 2644 2623 ac
2671 2567 2966 2625 similibus
2995 2568 3241 2640 expletis
3279 2567 3629 2641 imperatrix

1966 2657 2131 2712 lrene
2163 2673 2303 2712 cum
2353 2655 2477 2712 ﬁlio
2531 2671 2600 2713 ac
2652 2672 2880 2728 sponsa
2925 2657 2986 2712 in
3037 2657 3427 2713 orientalibus
3478 2657 3626 2712 locis

1964 2744 2339 2813 versabatur,
2371 2744 2551 2801 Asani
2581 2761 2733 2800 uxor
2762 2745 2821 2800 in
2871 2745 3042 2800 sedes
3070 2761 3212 2802 suas
3244 2761 3483 2801 reversa
3512 2749 3624 2802 est.

1964 2835 2221 2891 Joannes
2261 2834 2546 2906 deinceps
2585 2835 2911 2907 imperator
2950 2838 3006 2889 et
3044 2839 3278 2890 Asanus
3315 2834 3626 2891 conductis

1967 2925 2155 2996 copiis
2187 2927 2435 2996 uterque
2459 2923 2773 2979 occiduam
2801 2923 3069 2996 plagam,
3097 2940 3234 2996 qum
3257 2924 3476 2980 Latinis
3504 2939 3626 2980 ser-

1966 3013 2183 3081 viebat,
2215 3016 2620 3078 excurrerunt,
2645 3012 2992 3085 ingentique
3019 3012 3158 3068 inde
3179 3018 3387 3085 praeda
3410 3013 3625 3086 depor-

1970 3108 2090 3160 tata
2129 3102 2466 3176 Scythicam
2539 3102 2944 3172 solitudinem,
2986 3107 3051 3159 ut
3099 3103 3420 3176 proverbio
3469 3108 3626 3174 utar,

1966 3192 2317 3248 universam
2381 3189 2724 3260 effecerunt,
2810 3191 3068 3248 urbibus
3122 3208 3193 3248 ac
3250 3194 3513 3264 regione,
3562 3196 3630 3250 ut

1963 3282 2359 3355 jurejurando
2400 3286 2823 3354 convenerant,
2852 3283 2966 3339 sibi
2995 3282 3223 3339 divisis.
3281 3283 3626 3356 Calliupolis

1967 3388 2105 3428 cum
2129 3376 2266 3429 ante
2297 3371 2626 3428 adventum
2671 3371 2854 3428 Asani
2885 3376 3234 3444 expugnata
3260 3372 3482 3438 fuisset,
3516 3372 3628 3429 sub

1968 3460 2350 3533 imperatoris
2411 3465 2705 3533 potestate
2789 3461 2970 3517 venit.
3043 3461 3229 3517 Simili
3293 3463 3526 3518 ratione
3573 3465 3631 3519 et

1969 3550 2225 3622 Madyta,
2279 3553 2334 3604 et
2407 3549 2606 3604 omnis
2657 3549 2750 3604 cui
2807 3549 3180 3606 Chersoneso
3235 3565 3461 3607 nomen
3517 3555 3625 3606 est.

1969 3638 2242 3695 Habebat
2269 3643 2558 3710 praeterea
2574 3638 2901 3710 imperator
2916 3642 2972 3693 et
2992 3638 3138 3694 Cissi
3166 3643 3450 3709 castrum,
3473 3643 3530 3695 et
3549 3638 3629 3695 ad

1975 3727 2218 3784 ﬂuvium
2234 3727 2338 3798 qui
2355 3727 2588 3782 Maritza
2608 3741 2644 3782 a
2673 3725 2876 3781 multis
2896 3731 3147 3782 vocatur
3171 3726 3321 3783 ﬁnes
3342 3728 3627 3785 extendit.

1969 3816 2197 3872 Potitus
2221 3819 2308 3870 est
2336 3815 2414 3871 ad
2444 3815 2573 3871 haec
2595 3819 2652 3871 et
2685 3819 2888 3870 monte
2916 3816 3101 3885 Gano,
3128 3815 3189 3871 in
3219 3832 3341 3888 quo
3372 3817 3628 3890 oppidu-

1968 3905 2094 3962 lum
2133 3903 2438 3972 exstruxit,
2469 3904 2640 3975 cujus
2670 3903 2731 3958 in
2763 3902 3099 3960 custodiam
3131 3904 3293 3960 misit
3317 3905 3628 3964 Nicolaum

1971 3995 2316 4061 Cotertzem,
2361 3993 2557 4049 virum
2610 3992 2882 4065 plurimis
2939 3976 3162 4065 proeliis
3190 3995 3534 4062 exercitum,
3566 3997 3628 4054 in

1972 4082 2194 4156 quibus
2227 4082 2380 4139 adeo
2411 4083 2766 4155 praestiterat
2795 4086 2860 4139 ut
2902 4083 3016 4155 56
3051 4083 3215 4156 apud
3239 4101 3452 4140 omnes
3481 4084 3630 4142 illud

259 4168 585 4245 βασιλέως⁷⁸
616 4170 766 4240 ἑάλω,
806 4173 907 4224 ὑπό
963 4173 1050 4222 τὸν
1124 4167 1350 4242 βασιλέα
1397 4169 1610 4243 ἐγένετο,
1679 4174 1865 4245 ὁμοίως

1971 4173 2284 4244 vulgatum
2311 4171 2487 4228 fuerit
2516 4171 2822 4230 neminem
2860 4188 3058 4245 neque
3083 4178 3220 4231 ante
3263 4191 3403 4230 eum
3433 4191 3630 4249 neque

255 4266 349 4314 καὶ
395 4258 628 4315 Μάδυτα
655 4266 745 4314 καὶ
804 4267 952 4314 πᾶσα
1016 4261 1046 4318 ή
1109 4258 1462 4333 ὀνομαζομένη
1515 4261 1861 4337 Χερρόνησος,

331 4352 378 4386 ⁸³
403 4356 602 4404 Τότε-ι
620 4348 1118 4422 παρεμϐληθήσεται
1170 4365 1294 4407 om.
1336 4353 1418 4422 _D.

331 4370 378 4386 ⁸³⁵
403 4370 602 4404 ἰότε-
620 4371 695 4402 πα
733 4370 890 4422 εμοΛη
901 4370 960 4407 υη
973 4370 1118 4401 σεται

255 4431 360 4477 τῶν
396 4423 596 4495 οἰκείων
623 4423 649 4474 6
686 4370 936 4495 βασιλεὺς
965 4421 1038 4495 εἰς
1071 4423 1135 4479 D.

257 4497 306 4532 ⁸⁷
345 4495 417 4556 εἰς
444 4493 818 4547 Καλλιούπολιν
857 4509 979 4548 om.
1021 4494 1086 4547 Ι).

255 4565 429 4620 λαϐὼν
459 4568 524 4620 1).

260 4635 430 4709 οδικῷ
458 4637 766 4710 ψηφίσματι
803 4635 899 4710 DL
975 4635 1032 4710 ⁷³
1061 4635 1382 4709 χάριτας-
1407 4638 1580 4710 φιλίας
1608 4654 1729 4693 om.
1761 4642 1825 4694 D.

262 4707 478 4769 ήσαντο
512 4707 646 4765 dm.
681 4711 743 4764 D.
853 4707 903 4743 ⁷³
933 4708 991 4759 τό
1021 4715 1115 4769 τῆς
1144 4707 1451 4781 παροιμίας]
1481 4711 1550 4770 ὡς
1599 4710 1718 4772 ἔπος
1750 4712 1818 4766 D.

259 4782 387 4842 λέως
419 4796 538 4837 om.
576 4782 646 4837 D.

1248 4422 1296 4498 9"
1326 4420 1602 4498 ξινασώσας
1631 4429 1808 4498 χειρός

1928 4348 1979 4406 δ’
2011 4353 2065 4403 αἱ
2096 4347 2292 4425 σποδλαὶ
2324 4349 2569 4422 ἐγὲνοντο,
2634 4348 3036 4425 διαπεραιοῦται
3070 4350 3136 4425 ἐκ
3166 4357 3250 4425 Λα

1531 4353 1580 4388 ⁸⁸
1638 4348 1878 4478 tre—86%

1531 4442 1602 4478 rw;
1633 4442 1808 4478 γειοος
1887 4466 1900 4478 ι

1205 4493 1252 4528 ⁸⁸
1289 4492 1732 4569 οιξτος-μέρεσιεζ
1756 4512 1877 4552 om.
1912 4497 1978 4550 D.

632 4565 683 4601 ⁷⁰
707 4564 1000 4638 πληροῦται
1028 4566 1095 4615 τὰ
1121 4570 1212 4616 τοῦ
1239 4561 1438 4636 κήδους
1461 4561 1795 4620 τῶν’παίδων
1827 4569 1891 4622 Ι).
2004 4567 2050 4601 ⁷¹
2097 4565 2461 4639 ἱεροτελεστίας
2493 4567 2557 4620 D.
2671 4566 2718 4602 ⁷²
2761 4561 2881 4638 τετίλ

632 4656 766 4692 ’ματι
803 4639 868 4692 D.
982 4635 1032 4669 ⁷³
1064 4636 1382 4692 γάριτας-
1407 4638 1580 4692 φιλίας
1608 4654 1729 4692 om.
1761 4642 1825 4692 D.
1935 4638 1988 4673 ⁷⁸
2016 4633 2236 4692 διητᾶτο
2270 4641 2503 4692 γωοίοις.
2542 4637 2572 4692 ἠ
2609 4632 2668 4688 δὲ
2707 4643 2798 4688 τοῦ
2838 4639 2881 4692 D

2054 4655 2236 4694 ιητατο
2270 4656 2503 4694 γωριοις.
2542 4656 2572 4694 η
2609 4655 2668 4688 σε
2707 4655 2798 4688 του
2838 4655 2903 4692 υ.

1941 4656 1988 4673 ι’
2016 4656 2236 4709 οιῃτατο
2266 4656 2503 4712 χωριοις,
2542 4656 2572 4694 η
2609 4656 2668 4688 σε
2707 4656 2798 4688 του
2838 4656 2900 4692 υ.

1931 4710 1978 4744 ⁷⁷
2038 4709 2174 4760 κατὰ
2230 4713 2348 4770 τοὺς
2412 4709 2594 4783 ὅρκους
2650 4722 2776 4765 om.
2830 4708 2900 4763 D.

1971 4266 2109 4335 post
2131 4277 2270 4318 eum
2302 4259 2484 4316 fuisse
2513 4261 2619 4334 qui
2641 4264 2725 4318 tot
2745 4277 2814 4317 ac
2840 4265 3007 4318 tanta
3034 4261 3302 4320 facinora
3325 4263 3421 4320 vel
3449 4268 3634 4321 atten-

3292 4351 3466 4424 ψάκου
3498 4355 3632 4426 μετὰ

2015 4425 2062 4460 ⁸⁵
2097 4431 2160 4498 τῇ
2183 4421 2752 4498 -ἐξ-ΟῦγγρωνΜαρίᾳ
2781 4421 2900 4477 Om.
2945 4425 3008 4477 D.
3123 4424 3171 4460 ⁶⁶
3199 4421 3366 4498 Ἑλένῃ
3399 4421 3524 4483 om'.
3564 4428 3630 4482 D.

2091 4490 2144 4530 δεῖ
2170 4496 2196 4546 ό
2227 4490 2314 4570 οῦν
2343 4490 2503 4545 Ἀσίαν
2531 4498 2624 4553 τὴν
2661 4490 2824 4546 αὐτοῦ
2867 4498 3098 4570 γαμετήν
3127 4499 3297 4549 καὶτὸ
3345 4490 3633 4570 ’θυγάτριον

2004 4567 2050 4601 ⁷¹
2097 4565 2461 4639 ἱεροτελεστίας
2493 4567 2557 4620 D.
2671 4566 2718 4602 ⁷²
2761 4569 3008 4638 τετίμητο
3065 4565 3329 4638 βασιλικῷ
3377 4565 3468 4621 καί
3514 4565 3634 4621 συν-

2016 4633 2236 4691 διητᾶτο
2270 4641 2503 4691 γωοίοις.
2542 4637 2572 4691 ἠ
2609 4632 2668 4688 δὲ
2707 4643 2798 4688 τοῦ
2838 4639 2903 4691 D.
3015 4639 3064 4673 ⁷⁵
3094 4642 3184 4690 καὶ
3233 4638 3374 4691 λείαν
3402 4671 3471 4680 -—
3498 4638 3634 4691 ἐποι-

3094 4657 3184 4690 και
3237 4657 3374 4691 Λειαν
3402 4671 3471 4680 --
3498 4659 3636 4692 εποι-

3019 4709 3069 4744 ⁷⁸
3125 4713 3269 4786 παρὰ
3318 4718 3412 4764 τοῦ
3472 4709 3635 4784 βασι-

1148 4900 1492 4970 Theodori
1537 4903 1788 4970 Dousae
1837 4911 1905 4970 et
1948 4901 2201 4972 Leonis
2249 4901 2484 4970 Allatii
2533 4910 2737 4971 notae.

341 5048 455 5118 (66)
499 5045 559 5099 '0
631 5043 883 5118 Τρινόϐου
912 5041 1206 5118 ἀρχιερεύς.
1255 5044 1596 5116 Acropolita
1650 5045 1750 5098 ὑπὸ
1791 5048 1877 5098 τὸν

266 5115 860 5178 Κωνσταντινουπόλεως
911 5115 1085 5180 τελῶν,
1146 5115 1436 5185 Gregoras
1481 5124 1552 5186 τῷ
1599 5121 1722 5178 τέως
1778 5118 1877 5170 ὑπὸ

263 5195 360 5245 τόν
406 5190 827 5264 ἀρχιεπίσκοπον
882 5195 988 5264 τῆς,
1038 5190 1252 5264 πρώτῃς
1293 5187 1448 5264 τελῷν
1477 5189 1876 5253 Ἰουστινιανῆς.

267 5265 343 5320 Et
372 5257 662 5316 consentit
696 5257 1156 5332 Ephraemius'in
1187 5259 1479 5332 Chronico
1505 5279 1517 5320 :

345 5339 429 5403 Τῷ
467 5327 759 5389 τηνικαῦτά
781 5331 1142 5403 ποιμενὰρχης
1167 5327 1438 5403 Τρινόϐου,

346 5411 430 5474 Τῷ
464 5403 784 5475 Βουλγαρίας
809 5405 1135 5472 ὑποκείμενος
1158 5403 1363 5475 ⁸θρόνῳ,

349 5467 460 5530 Οῦκ
493 5471 581 5528 οἶδ
601 5467 751 5535 ’ὅπως
778 5467 1242 5547 κέκριτοσυνόδου
1280 5467 1453 5544 κρίσει

351 5550 690 5620 Θεσπίσματί
717 5565 772 5598 τε
801 5544 892 5597 τοῦ
921 5551 1227 5620 κρατοῦντος
1265 5544 1507 5596 Αὐσόνων

352 5623 530 5693 Τιμὴν
560 5613 899 5694 πατριάρχου
926 5613 986 5688 γε
1009 5620 1100 5670 καὶ
1125 5613 1311 5675 κλῆσιν
1343 5617 1504 5688 ἔχειν,

2062 5049 2136 5104 Κή
2146 5041 2268 5120 δους
2297 5049 2534 5120 τινόντων
2558 5053 2666 5120 τῶν.
2677 5047 3002 5120 κρατούντων
3029 5049 3077 5120 οί
3095 5047 3278 5118 χάριν.
3302 5046 3640 5120 Λοτφροϋιο.

1986 5118 2316 5189 memoriae,
2350 5118 2527 5189 lapsu
2577 5117 2673 5174 vel
2711 5117 2938 5189 parum
2992 5117 3183 5189 rebus
3221 5117 3638 5177 ecclesiasticis

1987 5189 2250 5262 intentus
2303 5187 2435 5244 haec
2480 5188 2554 5246 de
2591 5187 2855 5262 _Ternobi
2909 5187 3498 5262 episcopogscripsit.
3558 5191 3640 5248 De

1987 5259 2239 5316 Ternobi
2285 5259 2646 5321 ,autonomia
2693 5275 2804 5316 nos
2851 5259 3033 5316 etiam
3089 5259 3250 5327 alibi,
3300 5259 3641 5321 Ternobum

1988 5347 2168 5403 porro
2217 5332 2491 5387 omnium
2541 5331 2726 5403 Haemi
2763 5331 3008 5403 urbium
3059 5333 3531 5390 munitissimam
3585 5339 3644 5390 et

1988 5401 2539 5476 praestantissimam
2566 5402 2709 5476 dicit
2736 5401 3064 5476 Choniata,
3085 5404 3146 5459 in
3175 5406 3398 5461 montis
3425 5405 3642 5463 vertice

1990 5473 2187 5540 sitam,
2219 5473 2377 5543 ﬁmis
2403 5473 2836 5530 circumdatam
2865 5475 3189 5543 moenibus,
3217 5480 3354 5533 ALL.

2060 5544 2284 5618 (67)Τήν
2313 5541 2556 5605 δυτικὴν.
2591 5547 2901 5616 Gregoras,
2922 5560 2982 5618 p.
3010 5550 3098 5604 30.
3124 5541 3262 5606 ALL.
