4152 6390
561 309 695 368 N59
1846 245 2132 304 GEORGII
2167 245 2645 304 ACROPOLITAE.
3379 323 3387 331 _
3791 257 3948 313 meo

553 367 694 439 tarit
712 381 938 437 felicius
964 380 1058 437 vel
1076 379 1425 453 prosperius
1442 375 1708 448 gesserit,
1734 377 1798 429 ut
1818 373 1958 428 inde
1989 371 2193 429 Latinis

2321 367 2451 443 Εἶχε
2473 367 2532 424 δε
2561 373 2586 424 6
2627 371 2876 446 βασιλεὺς
2900 379 2990 428 καὶ
3041 377 3098 428 τὸ
3142 382 3236 428 τοῦ
3276 383 3480 430 Κισσοῦ
3513 380 3778 454 φρούριον,
3835 386 3944 434 καὶ

555 472 661 544 qui
706 472 769 526 in
807 470 1054 526 Tzurulo
1086 474 1257 526 erant
1305 467 1547 538 negotia
1592 465 1928 520 facesseret.
1975 467 2195 518 Asanus

2318 465 2483 536 μέχρι
2535 469 2773 535 ποταμοῦ
2823 463 2877 515 ὃν
2940 464 3215 539 Μαρίτζαν
3283 467 3308 517 6
3375 466 3531 529 πολὺς
3583 474 3946 542 μετονομάζει

553 559 850 616 dictorum
866 558 1138 615 locorum
1155 563 1358 630 partes
1383 553 1723 628 superiores
1745 552 1822 607 ad
1853 549 2193 623 Aquilonem:

2317 549 2441 611 λαός
2470 553 2536 602 τὰ
2567 552 2612 586 ’⁷9
2648 554 2843 628 σύνορα
2897 555 3058 607 ἔθετο.
3107 555 3398 628 Ἐκράτησε
3430 553 3489 609 δὲ
3518 563 3608 611 καὶ
3635 566 3726 611 τοῦ
3779 563 3945 634 ὅρους

555 647 756 704 tenuit.
793 649 857 702 Et
873 646 1134 719 adipsos
1151 660 1347 718 usque
1374 642 1566 716 Cpolis
1599 655 1804 696 muros
1818 641 2047 696 Joanne
2072 653 2195 707 rege

2317 647 2410 693 τοῦ
2445 641 2632 707 Γάνον,
2663 647 2756 694 καὶ
2783 640 2832 694 ἐν
2863 643 3005 714 αύτῷ
3044 641 3284 717 ἐδείματο
3315 651 3405 699 καὶ
3456 646 3749 720 πολίχνιον,
3808 651 3947 702 ἔνθα

551 735 614 792 in
639 735 753 792 illis
787 735 1096 792 adsidente
1126 739 1182 790 et
1231 735 1493 790 intuente
1547 735 1798 802 uterque
1855 727 2191 800 pervenien:

2319 731 2514 781 καὶτὸν
2581 731 2873 804 Κοτέρτζην
2925 732 3178 786 Νικόλαον
3237 734 3508 807 φυλάττειν
3559 737 3646 808 [Ρ.
3682 738 3771 809 28]
3828 737 3945 801 ἐξέ-

550 824 859 896 ingentem
883 825 1158 880 timorem
1195 822 1412 878 Latinis
1437 821 1714 892 injecere,
1740 833 1959 889 resque
2001 832 2190 872 eorun

2319 817 2489 890 πεμψι
2526 823 2616 872 καὶ
2654 822 2941 894 πράγματα
2982 828 3233 897 παρέχειν
3299 817 3543 887 Λατίνοις
3587 833 3699 888 τοῖς
3754 826 3806 878 ἐν
3864 835 3938 900 τῇ

550 915 613 971 in
669 920 1004 971 extremum
1063 912 1384 968 discrimen
1451 909 1772 965 deduxere.
1834 909 2015 962 Porro
2071 922 2190 961 cun

2317 907 2648 980 Τζουρουλῷ,
2681 905 2850 981 ἄνδρα
2899 911 3107 974 πολλοῖς
3152 913 3595 987 κατεξητασμένον
3656 915 3937 989 πολέμοις,

551 1009 883 1062 autumnus
911 1002 1293 1075 praeteriisset
1323 1016 1394 1057 ac
1431 999 1624 1056 hiems
1653 998 1917 1060 instaret,
1950 998 2191 1051 Joanne:

2318 999 2410 1048 καὶ
2450 995 2495 1057 ἐς
2533 1005 2781 1050 τοσοῦτον
2820 996 3248 1073 εὐδοκιμήσαντα
3311 1005 3381 1065 ὡς
3417 1005 3619 1065 πάντας
3676 1007 3938 1064 τοιαύτην

548 1094 877 1166 imperator
929 1097 1108 1164 atque
1145 1095 1378 1147 Asanus
1436 1093 1763 1161 postquam
1819 1086 1972 1141 inter
2038 1100 2098 1140 se
2136 1083 2188 1140 d1

2322 1081 2478 1147 δόξαν
2517 1090 2636 1160 περὶ
2666 1089 2850 1140 τούτου
2884 1097 3057 1162 σχεῖν,
3111 1096 3238 1164 μήτε
3302 1094 3403 1165 πρὸ
3435 1091 3596 1146 αύτοῦ
3635 1097 3771 1166 μήτε
3826 1099 3937 1167 μὴν

550 1182 830 1252 gerendis
871 1179 1323 1244 deliberassent,
1365 1182 1602 1233 Asanus
1661 1175 1905 1248 quidem
1959 1174 2190 1230 domun

2319 1174 2430 1245 μετ’
2462 1173 2618 1227 αὐτὸν
2647 1175 2797 1228 ἄλλον
2834 1186 3056 1250 φανῆναι
3083 1183 3336 1242 τοιούτοις
3396 1183 3562 1255 ἔργοις
3615 1182 3935 1259 ὶγκεχειρη-

547 1271 880 1336 revertitur,
915 1269 1244 1341 imperator
1269 1267 1330 1324 in
1363 1267 1660 1324 Orientem
1700 1263 2068 1321 transfertur.

2319 1267 2449 1315 κότα
2485 1264 2515 1322 ἢ
2572 1273 2804 1318 τοσαῦτα
2867 1269 3252 1342 κατωρθωκότα
3298 1270 3366 1324 ⁸ο.
3420 1269 3479 1323 Ὁ
3533 1267 3594 1323 δὲ
3636 1270 3804 1326 Ἀσὰν
3865 1276 3933 1326 τὰ

545 1361 782 1434 ὑπεράνω
831 1366 932 1410 τῶν
983 1357 1260 1431 εἰρημένων
1315 1361 1506 1429 χώρων
1572 1359 1663 1406 καὶ
1715 1356 1844 1427 πρὸς
1896 1350 2092 1428 Βοῤῥᾶν
2150 1353 2362 1404 νεύοντα
2432 1352 2517 1424 ὑφ’
2576 1353 2754 1406 ἑαυτόν
2831 1357 3008 1428 ἔσχεν.
3068 1361 3248 1430 Μέχρι
3302 1361 3392 1431 μὲν
3449 1357 3538 1412 οὖν
3582 1365 3673 1412 καὶ
3752 1361 3930 1415 αὐτῶν

544 1457 644 1501 τῶν
698 1455 889 1524 τειχῶν
937 1453 1032 1507 τῆς
1081 1448 1473 1500 Κωνσταντίνου
1531 1447 1620 1496 καὶ
1673 1441 1955 1516 ἀμφότεροι
2006 1445 2420 1512 κατηντήκεσαν,
2496 1449 2589 1495 τοῦ
2664 1445 2828 1519 ῥηγός
2877 1446 3113 1500 Ἰωάννου
3159 1448 3236 1500 ἐπ’
3303 1448 3471 1502 αὐτῶν
3537 1451 3929 1524 καθερζομένου

541 1543 629 1590 καὶ
679 1539 1025 1612 καθορῶντος,
1078 1540 1167 1588 καὶ
1221 1539 1405 1588 πτοίαν
1443 1533 1630 1592 πολλὴν
1685 1540 1793 1593 τοῖς
1858 1535 2098 1591 Λατίνοις
2157 1529 2408 1598 ἐνέϐαλον,
2473 1537 2564 1584 καὶ
2618 1531 2667 1584 ἐν
2707 1543 2864 1607 στενῷ
2916 1533 3110 1609 κομιδῆ
3171 1540 3237 1590 τὰ
3307 1540 3422 1591 κατ’
3478 1538 3668 1602 αύτούς
3726 1543 3926 1596 ἔθεντο.

545 1627 686 1680 Ἐπεὶ
712 1623 772 1680 δὲ
821 1627 846 1678 6
901 1631 994 1678 τοῦ
1051 1630 1351 1699 μετοπώρου
1403 1621 1667 1698 πάρεῤῥύη
1721 1623 1902 1696 καιρὸς
1958 1624 2050 1672 καὶ
2089 1620 2132 1654 ⁸¹
2190 1619 2216 1671 6
2274 1625 2474 1692 χειμὼν
2533 1623 2768 1694 ἤγγιζεν,
2831 1623 3068 1688 ἁλλὴλοις
3125 1627 3502 1700 συνταξάμενοι
3559 1630 3586 1680 ὅ
3637 1649 3692 1682 τε
3752 1628 3930 1702 βασι-

539 1715 925 1778 λεὺςΊωάννης
961 1714 1107 1766 καὶὸ
1164 1713 1378 1768 Ἀσὰνὸ
1415 1714 1506 1785 μεν
1565 1711 1633 1772 εἰς
1677 1715 1771 1770 τὴν
1828 1713 2021 1762 οἰκείαν
2061 1713 2242 1783 χώραν
2304 1716 2403 1760 τῶν
2464 1709 2764 1785 Βουλγάρων
2829 1722 3016 1788 χωρεῖ,
3072 1717 3098 1767 ὁ
3162 1712 3222 1770 δε
3292 1716 3537 1778 Βασιλεὺς
3596 1716 3650 1779 ἐς
3705 1722 3804 1776 τὴν
3866 1721 3931 1772 ἕω

542 1801 772 1878 διαπερᾷ
800 1805 868 1861 ⁸³.

613 1897 703 1951 34.
735 1893 920 1964 Cujus
950 1891 1108 1947 ﬁlius
1129 1889 1479 1948 Theodorus
1498 1905 1636 1946 cum
1656 1888 1854 1946 adhuc
1876 1887 2201 1944 immatura
2231 1885 2253 1941 ι

2384 1883 2490 1943 λδ’.
2525 1887 2668 1942 Ἐπεὶ
2697 1886 2757 1944 δε
2782 1893 2808 1943 6
2837 1895 2951 1954 υἱός
2977 1893 3139 1946 αύτοῦ
3185 1891 3461 1969 Θεόδωρος
3515 1894 3707 1968 ἀφῆλιξ
3774 1895 3935 1970 ἐτύγ-

545 1987 705 2040 esset
731 1986 923 2048 aetate,
943 1985 1147 2054 utpote
1166 1979 1269 2052 qui
1287 1995 1516 2036 annum
1535 1978 1943 2048 undecimum,
1969 1981 2032 2033 ut
2051 1976 2185 2032 dixi-

2312 1996 2471 2048 χανεν
2509 1978 2598 2046 ῶν,
2639 1976 2910 2034 ἑνδέκατον
2963 1985 3065 2054 γὰρ
3117 1979 3325 2042 διήνυεν
3378 1986 3509 2056 ἔτος,
3575 1986 3751 2060 ὥσπερ
3803 1989 3928 2059 ἔφη·

540 2087 703 2138 mus,
721 2086 843 2126 non
863 2069 1175 2125 excederet
1191 2085 1331 2124 cum
1349 2068 1616 2139 reginam
1634 2067 1914 2124 Helenam
1937 2065 2180 2121 duceret

2310 2086 2401 2140 μεν
2461 2070 2592 2140 (68),
2662 2070 2819 2128 ἡνίκα
2877 2079 2940 2145 τῇ
3018 2069 3264 2146 βασιλίδι
3315 2073 3483 2148 Ἑλένῃ
3528 2073 3575 2135 ἐς
3635 2082 3927 2129 συνουσίαν

542 2160 772 2231 integer
789 2158 867 2216 ab
883 2158 1252 2232 imperatrice
1271 2161 1432 2214 [rene
1449 2174 1572 2214 una
1591 2173 1729 2213 cum
1751 2154 1952 2229 puella
1967 2169 2182 2211 conseri

2309 2157 2482 2227 ἔμενον
2516 2155 2690 2216 ἀτελῆ.
2734 2159 3014 2232 Ἀνήγοντο
3046 2157 3106 2214 δε
3160 2164 3300 2236 παρὰ
3353 2170 3451 2223 τῆς
3505 2160 3786 2236 βασιλίδος
3834 2165 3925 2217 Εἰ-

544 2249 806 2306 vabatur
831 2265 844 2304 :
875 2247 1226 2304 colebantur
1245 2247 1405 2302 enim
1428 2246 1506 2304 ab
1527 2262 1600 2303 ea
1620 2246 1790 2319 pueri
1811 2249 1990 2317 atque
2013 2244 2184 2300 infor-

2305 2250 2471 2319 ρήνης
2507 2252 2598 2299 καὶ
2665 2245 3019 2320 ἐπαιδεύοντο,
3074 2251 3160 2303 οἷα
3232 2250 3396 2310 ἐκείνη
3447 2256 3646 2325 φύσεως
3709 2251 3925 2326 ἀγαθῆς

538 2339 890 2407 mabantur,
939 2342 1231 2410 tanquam
1280 2352 1417 2408 quas
1452 2335 1758 2408 ingenium
1809 2350 1879 2390 ac
1916 2337 2178 2390 naturan

2306 2343 2554 2407 τυχοῦσα
2589 2342 2680 2390 καὶ
2725 2341 2856 2411 πρὸς
2914 2339 3052 2392 ἅπαν
3108 2339 3262 2392 καλὸν
3309 2339 3638 2398 ἕπινεύουσα,
3688 2345 3769 2395 Τὰ
3825 2347 3922 2415 μὲν

538 2428 832 2500 optimam
858 2431 1034 2483 nacta
1052 2426 1110 2482 in
1128 2440 1309 2481 omne
1327 2425 1560 2481 bonum
1578 2425 1849 2480 animum
1864 2422 2174 2479 inclinaret

2305 2423 2394 2476 οὖν
2422 2433 2523 2477 τῶν
2561 2430 2796 2479 Λατίνων
2833 2430 3119 2503 πράγματα
3171 2430 3457 2488 συνεστάλη
3499 2449 3553 2483 τε
3589 2435 3706 2484 τότε
3755 2432 3917 2502 πολὺ,

536 2518 719 2589 Igitur
736 2517 1078 2574 Latinorum
1098 2531 1192 2572 res
1211 2515 1466 2572 nimium
1486 2515 1546 2570 in
1570 2519 1892 2584 angustum
1914 2513 2176 2584 deducta

2304 2517 2394 2565 καὶ
2439 2523 2510 2585 τῷ
2565 2512 2722 2574 κήδει
2783 2524 2882 2568 τῶν
2943 2515 3042 2570 δύο
3097 2517 3495 2593 αὐτοκρατόρων
3553 2519 3627 2581 εἰς
3673 2525 3919 2574 ταπεινὸν

535 2607 796 2664 duorum
819 2605 996 2662 etiam
1017 2605 1451 2677 imperatorum
1474 2603 1759 2660 afﬁnitate
1777 2603 1838 2658 in
1859 2607 2175 2659 extremum

2303 2603 2436 2674 ἄγαν
2465 2610 2849 2659 κατεπεπτώκει
2881 2608 2938 2658 τὸ
2987 2609 3226 2682 φρόνημα
3263 2608 3333 2663 ⁸³.
3365 2606 3424 2660 Ὀ
3481 2604 3541 2661 δε
3586 2609 3690 2684 ῥὴξ
3727 2609 3915 2662 Ἰωάν-

534 2695 728 2752 fastus
748 2695 844 2751 ille
865 2694 1186 2767 depressus
1206 2697 1315 2749 est.
1343 2695 1463 2748 Rex
1480 2692 1759 2748 interium
1779 2692 2040 2748 Joannes
2061 2708 2174 2747 cun

2301 2711 2394 2753 νης
2453 2696 2640 2766 μικρὸν
2697 2693 2976 2756 ἐπιϐιώσας
3051 2695 3103 2758 ἐξ
3169 2695 3450 2771 ἀνθρώπων
3536 2697 3756 2770 ἐγένετο,
3819 2704 3916 2758 τὴν

532 2800 656 2842 non
678 2784 784 2840 diu
799 2784 1065 2852 vixisset,
1093 2783 1200 2854 57
1227 2799 1298 2838 ex
1318 2781 1665 2838 hominibus
1682 2780 1952 2837 sublatus
1972 2795 2172 2851 genert

2301 2788 2393 2842 τῆς
2461 2784 3043 2847 Κωνσταντινουπόλεως
3123 2784 3363 2848 ἐξουσίαν
3421 2794 3496 2858 τῷ
3559 2787 3721 2840 αὐτοῦ
3775 2809 3917 2861 γαμ-

535 2890 644 2930 suo
670 2873 964 2931 Balduino
997 2871 1373 2945 Cpolitanum
1400 2870 1717 2943 imperium
1749 2870 2175 2926 hazreditariurr

2301 2868 2409 2944 ϐρῷ
2456 2880 2529 2944 τῷ
2561 2869 2857 2946 Βαλδουίνῳ
2907 2876 2973 2936 ὡς
3019 2873 3210 2950 κλῆρον
3259 2874 3578 2932 καταλιπών.
3629 2875 3688 2931 Ὁ
3740 2874 3802 2930 δέ
3852 2898 3915 2950 γε

530 2963 790 3035 reliquit.
813 2967 1051 3019 Asanus
1081 2965 1398 3033 pactorum
1425 2977 1561 3032 quas
1587 2976 1725 3016 cum
1751 2959 1982 3018 Joanne
2005 2960 2167 3032 impe

2299 2957 2462 3011 Ἀσὰν
2540 2961 2821 3034 μετάμελος
2903 2961 2986 3014 ἐπὶ
3035 2970 3146 3024 ταῖς
3195 2970 3288 3016 τοῦ
3346 2962 3609 3036 βασιλέως
3669 2965 3910 3019 Ἰωάννου

530 3056 728 3109 ratore
749 3054 1031 3106 sanxerat
1053 3052 1364 3121 pertaesus,
1393 3063 1664 3120 quanam
1685 3048 1916 3105 ratione
1938 3048 2124 3104 ﬁliam
2154 3065 2170 3105 ε

2302 3051 2601 3122 συνθήκαις,
2636 3053 2705 3112 ὡς
2755 3051 2935 3124 ἐφάνη,
2981 3057 3248 3126 γενόμενος
3303 3057 3494 3129 τρόπον
3543 3056 3718 3116 ἐζήτει
3765 3059 3911 3121 ὅπως

529 3141 749 3197 marito
768 3139 1080 3196 Theodoro
1107 3139 1466 3210 imperatore
1495 3137 1774 3194 avelleret
1789 3142 1846 3194 et
1874 3137 1972 3194 alii
2003 3137 2169 3194 collo-

2299 3136 2358 3188 ἂν
2397 3143 2492 3196 τὴν
2543 3141 2806 3214 θυγατέρα
2851 3140 3135 3216 ἀποσπάσῃ
3195 3149 3286 3196 τοῦ
3356 3143 3590 3216 συζύγου
3637 3143 3909 3216 βασιλέως

531 3233 695 3286 caret
722 3227 1034 3300 quaerebat
1061 3244 1075 3283 :
1109 3230 1517 3284 Romanorum
1557 3243 1822 3300 namque
1851 3228 1911 3284 in
1941 3227 2171 3284 meliort

2249 3238 2258 3292 ι
2297 3234 2389 3278 τοῦ
2417 3224 2696 3302 Θεοδώρου
2742 3235 2832 3283 καὶ
2870 3229 3023 3306 ἑτέρῳ
3074 3233 3270 3290 ταύτην
3314 3229 3547 3304 κηδεύσῃ
3593 3253 3605 3264 ·
3635 3239 3731 3282 τῶν
3779 3235 3889 3306 γὰρ

529 3332 919 3391 progressum
983 3315 1371 3383 formidabat,
1474 3315 1666 3388 gentis
1721 3316 1850 3388 ipse
1903 3315 2169 3372 Romani:

2295 3314 2560 3389 Ῥωμαίων
2590 3314 2784 3372 ἐδεδίει
2838 3321 2974 3372 πάνυ
3036 3324 3126 3378 τὴν
3181 3319 3227 3381 ἐς
3265 3325 3332 3374 τὰ
3377 3320 3552 3395 βελτίω
3597 3320 3643 3356 ⁸⁸
3694 3339 3890 3395 προκο-

530 3407 810 3466 obnoxiae
866 3411 1212 3480 occupator.
1298 3406 1606 3463 Meditatur
1662 3405 1867 3478 itaque
1915 3421 2162 3462 causam

2296 3409 2421 3473 πὴν,
2463 3409 2640 3468 ἔθνους
2677 3409 2860 3482 οἶρχων
2891 3410 3309 3482 ὑποτεταγμένον
3339 3410 3498 3464 πάλαι
3521 3408 3794 3481 Ῥωμαίοις
3821 3410 3905 3452 ⁸³⁷-

523 3498 751 3572 justam
772 3495 937 3552 illam
953 3496 1200 3569 quidem
1221 3500 1404 3568 atque
1423 3494 1833 3567 conspicuam,
1860 3500 1924 3552 ut
1944 3495 2163 3552 videba

2297 3500 2585 3554 Σκήπτεται
2613 3504 2738 3568 γοῦν
2768 3497 2961 3568 αἰτίαν,
3002 3499 3070 3561 ὧς
3127 3495 3298 3551 ἕδοκει
3357 3503 3470 3572 μὲν,
3522 3497 3743 3570 εὔλογον,
3801 3498 3906 3551 κᾶν

527 3592 646 3656 tur,
699 3585 838 3642 licet
897 3589 1174 3657 expertos
1226 3599 1551 3655 rerumque
1608 3597 1830 3653 gnaros
1867 3583 2167 3640 consilium

2293 3585 2388 3638 οῦκ
2442 3584 2680 3640 ἐλάνθανε
2742 3591 2866 3648 τοὺς
2916 3586 3289 3660 ἐπισταμένους
3361 3590 3428 3640 τὰ
3482 3589 3770 3664 πράγματα
3830 3589 3907 3656 ³⁸,

525 3674 791 3732 hominis
843 3689 968 3730 non
1024 3672 1371 3746 praeteriret.
1430 3671 1594 3728 Mittit
1647 3671 1723 3728 ad
1765 3673 2165 3744 imperatorer:

2291 3679 2381 3728 καὶ
2408 3673 2708 3729 ἀποστέλλει
2736 3675 2979 3751 πρέσϐεις
3004 3681 3136 3753 πρὸς
3179 3680 3262 3730 τὸν
3292 3675 3522 3750 βασιλέα
3570 3682 3661 3730 καὶ
3715 3681 3813 3736 τὴν
3857 3679 3908 3715 ⁸9

525 3769 706 3838 atque
735 3762 1169 3835 imperatricem
1222 3760 1472 3830 legatos,
1503 3760 1610 3834 qui
1637 3759 1923 3818 referrent
1949 3777 2012 3817 se
2046 3779 2165 3818 cun

2293 3761 2574 3838 βασιλίδα,
2625 3767 2693 3828 ὡς
2745 3763 2854 3818 ἐπεὶ
2903 3765 3213 3826 πλησιάσειε
3268 3775 3330 3840 τῇ
3375 3763 3658 3840 Ἀδριανοῦ
3688 3767 3738 3803 ⁹⁰
3769 3765 3911 3840 βού-

524 3869 730 3918 uxore.
759 3853 907 3909 dum
931 3849 1385 3922 Adrianopolim
1409 3849 1682 3918 venisset,
1706 3851 1944 3908 ﬁliolam
1969 3854 2164 3909 intuer

2289 3854 2433 3908 λεται
2462 3855 2619 3918 αύτός
2644 3874 2700 3908 τε
2729 3859 2818 3908 καὶ
2857 3857 2887 3914 ἡ
2936 3857 3167 3928 σύζυγος
3204 3859 3264 3909 τό
3313 3858 3593 3932 θυγάτριον
3649 3851 3780 3908 ἰδεῖν
3810 3862 3911 3910 καὶ

521 3942 672 4000 velle
694 3947 752 3998 et
769 3946 1022 4014 paterna
1045 3938 1489 3997 necessitudine
1517 3939 1797 4014 amplecti
1821 3941 2160 3998 exosculari

2289 3951 2558 4018 πατρικῶς
2637 3942 3058 4017 περιπτύξασθαι
3113 3949 3204 3996 καὶ
3267 3945 3334 3997 τὰ
3394 3944 3571 3997 εἰκότα
3617 3943 3913 4020 πληρῶσαι

520 4048 659 4105 que,
719 4031 978 4104 aliaque,
1031 4029 1114 4084 uti
1172 4044 1282 4100 par
1358 4045 1491 4087 esse
1575 4030 1827 4098 videtur,
1917 4031 2159 4103 explere

2290 4036 2380 4085 καὶ
2437 4029 2583 4093 αὖθις
2631 4031 2940 4104 ἀποπέμψαι
2984 4036 3116 4106 πρὸς
3166 4036 3254 4085 τὸν
3311 4035 3550 4109 πενθερόν
3594 4039 3684 4086 καὶ
3735 4036 3912 4096 σύζυ-

518 4135 883 4193 rursumque
905 4135 966 4174 se
982 4134 1117 4175 eam
1135 4117 1214 4174 ad
1232 4134 1471 4176 socrum
1491 4124 1548 4176 et
1567 4123 1910 4175 consortem
1928 4119 2157 4175 thalam

2288 4141 2380 4193 γον
2414 4123 2484 4178 ⁹¹.
2522 4121 2581 4175 Ὀ
2770 4118 2858 4174 οὖν
2907 4120 3158 4195 βασιλεὺς
3197 4123 3408 4185 Ἰωάνης
3464 4128 3556 4175 καὶ
3603 4125 3634 4182 ἡ
3681 4123 3911 4198 βασιλὶς

518 4209 935 4267 remissurum.
993 4210 1255 4264 Joannes
1307 4208 1636 4282 imperator
1706 4213 1764 4264 et
1831 4208 2158 4280 imperatrii

2289 4211 2506 4284 Εἰρήνη,
2559 4215 2732 4264 καίτοι
2786 4231 2846 4284 γε
2925 4211 3151 4287 ἀκριϐῶς
3205 4210 3398 4274 εἰδότες
3461 4216 3520 4266 16
3582 4209 3766 4286 δρᾶμα
3811 4221 3911 4270 καὶ

519 4298 706 4365 Irene,
729 4298 836 4355 etsi
875 4298 1145 4354 fabulam
1174 4298 1254 4355 ad
1277 4299 1570 4356 amussim
1600 4297 1887 4353 callerent
1917 4301 1972 4353 et
2000 4296 2159 4370 plani

2287 4301 2529 4371 καθαρῶς
2602 4301 2892 4371 ἐπιγνόντες
2959 4302 3006 4336 9³
3060 4305 3155 4360 τὴν
3210 4305 3518 4374 σκευωρίαν,
3579 4304 3716 4375 ὅμως
3765 4309 3909 4377 πέμ-

519 4389 766 4447 technas
796 4404 867 4445 ac
896 4389 1209 4445 machinas
1239 4391 1656 4459 cognocerent,
1698 4387 1939 4443 mittunt
1960 4387 2159 4443 ninilo-

2288 4405 2450 4440 πουσι
2487 4390 2618 4462 πρὸς
2653 4391 2740 4441 τόν
2803 4389 2966 4442 Ἀσὰν
3020 4393 3114 4448 τὴν
3159 4391 3437 4464 θυγατέρα,
3483 4392 3631 4443 ταῦτ’
3687 4392 3909 4466 εἰρηκό-

517 4477 720 4534 minus
751 4477 827 4534 ad
854 4480 1129 4534 Asanum
1153 4477 1342 4533 ﬁliam
1389 4477 1504 4533 hoc
1534 4475 1864 4542 enuntiato,
1898 4497 1927 4526 ‹‹
1976 4475 2053 4532 si”
2080 4476 2157 4532 ille

2285 4495 2362 4537 τες
2389 4479 2456 4539 ὡς
2509 4477 2553 4530 εἰ
2578 4481 2670 4536 τὴν
2730 4480 2992 4552 θυγατέρα
3032 4481 3302 4552 κατάσχοι
3364 4484 3455 4532 καὶ
3511 4487 3603 4533 τοῦ
3659 4485 3911 4555 νομίμως

514 4566 705 4624 ﬁliam
725 4566 1063 4624 retinuisset
1086 4570 1141 4622 et
1166 4582 1202 4622 a
1225 4565 1492 4637 legitimo
1522 4563 1778 4636 conjuge
1809 4569 2150 4637 separasset

2287 4565 2670 4640 συζευχθέντος
2696 4566 3100 4640 ἀποστερήσειε-ι
3131 4569 3201 4636 ⁸³,
3235 4571 3348 4621 ἔστι
3395 4571 3519 4631 Θεὸς
3556 4569 3580 4621 6
3627 4571 3694 4622 τὰ
3721 4573 3911 4626 παντα

516 4671 646 4713 esse
710 4658 921 4724 Deum,
993 4655 1100 4730 qui
1173 4654 1380 4711 omnia
1439 4652 1750 4725 conspicit,
1811 4670 2156 4729 primamque

2283 4657 2472 4733 ἐφορῶν
2503 4662 2593 4711 καὶ
2623 4661 2877 4732 τιμωρίαν
2924 4657 3126 4730 ἐπάγων
3157 4658 3244 4731 [ρ.
3302 4659 3418 4731 92.]
3463 4666 3576 4723 τοῖς
3626 4664 3753 4723 τοὺς
3812 4665 3907 4737 ὅρ-

585 4819 634 4854 7°
666 4821 831 4896 μέχρι
862 4824 960 4896 τοῦ
1012 4821 1253 4896 ποταμοῦ
1309 4813 1591 4896 μοιρίτζας
1637 4816 1701 4896 τρι
1935 4817 2005 4896 3°_
2037 4819 2442 4896 κατωρθωκότα]
2491 4827 2645 4873 τοῦτο
2679 4817 2785 4896 *δε
2824 4823 2899 4896 16A
2939 4827 3036 4882 τῆς
3097 4820 3413 4896 Τςουρουλώ
3475 4822 3534 4874 οῦ
3601 4826 3737 4896 μετὰ
3788 4845 3905 4879 πο-

511 4887 602 4967 λύν
630 4882 825 4967 χρὸἐὸν
853 4889 1098 4967 ίίπὸλτῶν
1129 4882 1427 4967 Ῥωμαϊκῶν
1444 4885 1596 4967 ..ἑάλω
1645 4882 1938 4960 δυνάμενων
1973 4891 2036 4945 Ι).
2150 4882 2194 4927 ⁸1
2223 4893 2248 4945 6
2276 4924 2347 4932 —
2371 4882 2461 4945 κᾶὶ
2508 4908 2630 4948 om.
2675 4894 2740 4948 Β.
2855 4893 2902 4928 ⁸³
2964 4882 3335 4965 συνταξάμενοι
3391 4894 3418 4945 ὁ
3457 4897 3548 4967 μεν
3593 4882 3766 4948 θΑσὰν
3830 4899 3906 4959 εἰς

511 4963 580 5044 Ξά
608 4952 761 5023 οῗῖίοι,
804 4961 830 5044 ᾇ
857 4955 916 5010 δὲ
947 4955 1197 5044 βαοχλεὺς
1215 4952 1299 5044 ξηίς
1431 4952 1736 5044 διεπέρασεν
1880 5029 1908 5044 Λ
1969 4961 2025 5044 εξ
2054 4961 2201 5044 ςΕπεὶ
2227 4968 2564 5044 -ιγρόνημα
2748 4965 2812 5018 Ι).
2838 5031 2860 5044 ,ι
2885 5034 2899 5044 .
2927 4963 3098 5044 δ”-τῷ
3137 4952 3370 5038 γαμϐρῷ
3438 4952 3741 5040 Ῑξαλδουῖνῳ
3798 4952 3905 5029 τὴν

515 5023 1103 5113 ᾖωνπαντίνοὲι-ὦευ.
1172 5028 1266 5113 “'5’
1289 5025 1404 5113 ταίς
1423 5031 1722 5113 ξυνθήκαις
1749 5039 1851 5113 τοῦ
1873 5029 2134 5113 βασιλέως
2171 5023 2562 5113 φανεὶς’τρόπον
2613 5033 2781 5095 ἐζήτει
2825 5031 2899 5087 δι’
2956 5034 3017 5086 οὗ
3051 5023 3110 5087 τὸ
3156 5023 3446 5108 ’θύγάτριον
3495 5045 3591 5090 τοῦ
3649 5023 3904 5113 σύζύγου

512 5101 826 5182 ἀποσπάσῃ.
856 5105 966 5182 Τῶν
1099 5169 1138 5182 ἢ
1172 5099 1219 5134 ⁸⁸
1245 5097 1604 5182 ἕςλτᾲβιελτίω
1640 5117 1763 5182 om.
1814 5097 1882 5182 D_.'
1993 5097 2251 5182 81501461);
2279 5136 2352 5182 -ς-
2375 5097 2650 5182 Ῥωμαίοις
2673 5121 2795 5162 om.
2839 5109 2912 5182 DL
3017 5097 3274 5182 “Habe;—
3297 5097 3587 5182 πράγματα
3637 5097 3768 5168 om:
3803 5097 3903 5170 'D,

508 5174 557 5252 ξ’
585 5169 942 5252 στελλείπρός
970 5169 1179 5252 16202
1277 5171 1334 5252 ’θ’
1365 5169 1791 5252 Ἀ’δριανουπόλει
1840 5177 1916 5252 Ι),
2019 5177 2064 5211 ⁹¹
2097 5181 2188 5230 καὶ
2244 5179 2407 5231 1(2—
2438 5169 2670 5250 σύζυγον
2706 5192 2829 5234 om.
2880 5179 2946 5233 D.
3061 5179 3110 5214 9³
3163 5180 3211 5231 οἱ
3269 5169 3357 5232 οὖν
3409 5169 3650 5252 βάσιλεῖς
3710 5169 3905 5238 καὶτοι

512 5241 804 5315 ἐπιγνόντες
836 5240 902 5298 D.
1014 5241 1064 5277 93
1098 5245 1188 5294 καὶ
1213 5272 1282 5282 —
1312 5240 1714 5318 ἀποστερήσειεν
1737 5261 1860 5302 om.
1884 5240 1950 5302 D.

1401 5404 1742 5473 Theodori
1793 5406 2044 5476 Dousa:
2094 5416 2160 5474 et
2205 5406 2459 5477 Leonis
2509 5407 2742 5478 Allatii
2790 5416 2993 5479 notas.

583 5561 692 5633 (68)
720 5557 975 5635 Ἐφημεν.
1015 5566 1155 5638 Cap.
1183 5567 1277 5623 31.
1315 5569 1448 5624 ALL.
