  <div class='ocr_page' id='page_1' title='image "/cluster/home/n/w/nwhite01/storage/ocr_20150623/140/coo.31924054870450/540.png"; bbox 0 0 4152 6406; ppageno 0'>
   <div class='ocr_carea' id='block_1_1' title="bbox 223 290 354 346">
    <p class='ocr_par' dir='ltr' id='par_1_1' title="bbox 223 290 354 346">
     <span class='ocr_line' id='line_1_1' title="bbox 223 290 354 346; baseline -0.023 0"><span class='ocrx_word' id='word_1_1' title='bbox 223 290 354 346; x_wconf 77' lang='grc'>1061</span> 
     </span>
    </p>
   </div>
   <div class='ocr_carea' id='block_1_2' title="bbox 1735 281 2076 338">
    <p class='ocr_par' dir='ltr' id='par_1_2' title="bbox 1735 281 2076 338">
     <span class='ocr_line' id='line_1_2' title="bbox 1735 281 2076 338; baseline -0.003 -2"><span class='ocrx_word' id='word_1_2' title='bbox 1735 281 2076 338; x_wconf 78' lang='lat' dir='ltr'>ANNALES.</span> 
     </span>
    </p>
   </div>
   <div class='ocr_carea' id='block_1_3' title="bbox 3463 283 3599 339">
    <p class='ocr_par' dir='ltr' id='par_1_3' title="bbox 3463 283 3599 339">
     <span class='ocr_line' id='line_1_3' title="bbox 3463 283 3599 339; baseline 0.015 -2"><span class='ocrx_word' id='word_1_3' title='bbox 3463 283 3599 339; x_wconf 75' lang='grc'><strong>1062</strong></span> 
     </span>
    </p>
   </div>
   <div class='ocr_carea' id='block_1_4' title="bbox 217 403 1861 487">
    <p class='ocr_par' dir='ltr' id='par_1_4' title="bbox 217 404 1831 487">
     <span class='ocr_line' id='line_1_4' title="bbox 217 404 1831 487; baseline -0.004 -23"><span class='ocrx_word' id='word_1_4' title='bbox 217 431 343 475; x_wconf 87' lang='grc' dir='ltr'><strong>κους</strong></span> <span class='ocrx_word' id='word_1_5' title='bbox 397 409 792 487; x_wconf 87' lang='grc' dir='ltr'><strong>παραϐαίνουσι</strong></span> <span class='ocrx_word' id='word_1_6' title='bbox 863 411 954 459; x_wconf 87' lang='grc' dir='ltr'>καὶ</span> <span class='ocrx_word' id='word_1_7' title='bbox 1001 408 1092 466; x_wconf 84' lang='grc' dir='ltr'><strong>τὰς</strong></span> <span class='ocrx_word' id='word_1_8' title='bbox 1142 407 1420 471; x_wconf 79' lang='grc' dir='ltr'>συνθήκας,</span> <span class='ocrx_word' id='word_1_9' title='bbox 1466 405 1528 467; x_wconf 85' lang='grc' dir='ltr'><strong>ἄς</strong></span> <span class='ocrx_word' id='word_1_10' title='bbox 1579 404 1662 458; x_wconf 71' lang='grc' dir='ltr'>ἰπὶ</span> <span class='ocrx_word' id='word_1_11' title='bbox 1717 413 1831 476; x_wconf 82' lang='grc' dir='ltr'>Θεῷ</span> 
     </span>
    </p>
   </div>
   <div class='ocr_carea' id='block_1_5' title="bbox 1954 403 3600 487">
    <p class='ocr_par' dir='ltr' id='par_1_5' title="bbox 1954 403 3600 476">
     <span class='ocr_line' id='line_1_5' title="bbox 1954 403 3600 476; baseline 0.002 -17"><span class='ocrx_word' id='word_1_12' title='bbox 1954 403 2333 476; x_wconf 71' lang='lat' dir='ltr'>iurisiurandi</span> <span class='ocrx_word' id='word_1_13' title='bbox 2362 407 2418 460; x_wconf 92' lang='lat' dir='ltr'>et</span> <span class='ocrx_word' id='word_1_14' title='bbox 2441 403 2738 460; x_wconf 84' lang='lat' dir='ltr'>foederum</span> <span class='ocrx_word' id='word_1_15' title='bbox 2796 410 2910 460; x_wconf 86' lang='lat' dir='ltr'>sub</span> <span class='ocrx_word' id='word_1_16' title='bbox 2944 406 3088 461; x_wconf 83' lang='lat' dir='ltr'>teste</span> <span class='ocrx_word' id='word_1_17' title='bbox 3137 404 3258 461; x_wconf 92' lang='lat' dir='ltr'>Deo</span> <span class='ocrx_word' id='word_1_18' title='bbox 3315 404 3600 463; x_wconf 89' lang='lat' dir='ltr'>initorum</span> 
     </span>
    </p>
   </div>
   <div class='ocr_carea' id='block_1_6' title="bbox 217 491 1830 578">
    <p class='ocr_par' dir='ltr' id='par_1_6' title="bbox 217 491 1830 578">
     <span class='ocr_line' id='line_1_6' title="bbox 217 491 1830 578; baseline -0.006 -23"><span class='ocrx_word' id='word_1_19' title='bbox 217 505 450 578; x_wconf 78' lang='grc' dir='ltr'>μάρτυρι</span> <span class='ocrx_word' id='word_1_20' title='bbox 505 503 920 562; x_wconf 81' lang='grc' dir='ltr'><strong>συνεστήσαντο,</strong></span> <span class='ocrx_word' id='word_1_21' title='bbox 972 492 1305 552; x_wconf 88' lang='grc' dir='ltr'><strong>διαλύουσιν.</strong></span> <span class='ocrx_word' id='word_1_22' title='bbox 1341 493 1400 547; x_wconf 63' lang='grc'>⁸0</span> <span class='ocrx_word' id='word_1_23' title='bbox 1447 498 1536 567; x_wconf 74' lang='grc' dir='ltr'>μεν</span> <span class='ocrx_word' id='word_1_24' title='bbox 1561 491 1648 547; x_wconf 79' lang='grc' dir='ltr'><strong>οὖν</strong></span> <span class='ocrx_word' id='word_1_25' title='bbox 1675 495 1830 547; x_wconf 85' lang='grc' dir='ltr'><strong>Βούλ-</strong></span> 
     </span>
    </p>
   </div>
   <div class='ocr_carea' id='block_1_7' title="bbox 216 583 1834 666">
    <p class='ocr_par' dir='ltr' id='par_1_7' title="bbox 216 583 1834 666">
     <span class='ocr_line' id='line_1_7' title="bbox 216 583 1834 666; baseline -0.006 -23"><span class='ocrx_word' id='word_1_26' title='bbox 216 611 381 666; x_wconf 90' lang='grc' dir='ltr'><strong>γαρος</strong></span> <span class='ocrx_word' id='word_1_27' title='bbox 413 592 463 627; x_wconf 71' lang='grc'>9⁸</span> <span class='ocrx_word' id='word_1_28' title='bbox 499 595 592 648; x_wconf 81' lang='grc' dir='ltr'>την</span> <span class='ocrx_word' id='word_1_29' title='bbox 626 590 889 660; x_wconf 74' lang='grc' dir='ltr'>θυγατέρα</span> <span class='ocrx_word' id='word_1_30' title='bbox 943 583 1110 637; x_wconf 85' lang='grc' dir='ltr'><strong>λαϐὼν</strong></span> <span class='ocrx_word' id='word_1_31' title='bbox 1163 588 1352 656; x_wconf 80' lang='grc' dir='ltr'><strong>ᾤχετο,</strong></span> <span class='ocrx_word' id='word_1_32' title='bbox 1410 588 1531 645; x_wconf 88' lang='grc' dir='ltr'><strong>τούς</strong></span> <span class='ocrx_word' id='word_1_33' title='bbox 1561 583 1834 656; x_wconf 77' lang='grc' dir='ltr'>ἑπομένους</span> 
     </span>
    </p>
   </div>
   <div class='ocr_carea' id='block_1_8' title="bbox 220 673 1832 753">
    <p class='ocr_par' dir='ltr' id='par_1_8' title="bbox 220 673 1832 753">
     <span class='ocr_line' id='line_1_8' title="bbox 220 673 1832 753; baseline -0.007 -19"><span class='ocrx_word' id='word_1_34' title='bbox 220 681 354 753; x_wconf 72' lang='grc' dir='ltr'><strong>αὐτῇ</strong></span> <span class='ocrx_word' id='word_1_35' title='bbox 410 682 604 739; x_wconf 90' lang='grc' dir='ltr'><strong>πάντας</strong></span> <span class='ocrx_word' id='word_1_36' title='bbox 640 677 1072 750; x_wconf 81' lang='grc' dir='ltr'><strong>ὀπισθορμὴτους</strong></span> <span class='ocrx_word' id='word_1_37' title='bbox 1110 677 1356 737; x_wconf 78' lang='grc' dir='ltr'>ποιήσας,</span> <span class='ocrx_word' id='word_1_38' title='bbox 1395 677 1484 726; x_wconf 83' lang='grc' dir='ltr'><strong>καὶ</strong></span> <span class='ocrx_word' id='word_1_39' title='bbox 1529 676 1616 726; x_wconf 90' lang='grc' dir='ltr'>τόν</span> <span class='ocrx_word' id='word_1_40' title='bbox 1664 673 1832 745; x_wconf 82' lang='grc' dir='ltr'><strong>Αἶμον</strong></span> 
     </span>
    </p>
   </div>
   <div class='ocr_carea' id='block_1_9' title="bbox 223 760 1835 842">
    <p class='ocr_par' dir='ltr' id='par_1_9' title="bbox 223 760 1835 842">
     <span class='ocr_line' id='line_1_9' title="bbox 223 760 1835 842; baseline -0.006 -20"><span class='ocrx_word' id='word_1_41' title='bbox 223 765 412 829; x_wconf 82' lang='grc' dir='ltr'><strong>διαϐὰς</strong></span> <span class='ocrx_word' id='word_1_42' title='bbox 442 767 636 842; x_wconf 80' lang='grc' dir='ltr'>ἐχώρει</span> <span class='ocrx_word' id='word_1_43' title='bbox 689 764 774 818; x_wconf 73' lang='grc' dir='ltr'><strong>ἐπὶ</strong></span> <span class='ocrx_word' id='word_1_44' title='bbox 824 767 914 816; x_wconf 85' lang='grc' dir='ltr'><strong>τὸν</strong></span> <span class='ocrx_word' id='word_1_45' title='bbox 965 760 1232 835; x_wconf 86' lang='grc' dir='ltr'><strong>Τρίνοϐον,</strong></span> <span class='ocrx_word' id='word_1_46' title='bbox 1291 761 1578 822; x_wconf 80' lang='grc' dir='ltr'><strong>κλαιούσης</strong></span> <span class='ocrx_word' id='word_1_47' title='bbox 1620 763 1710 832; x_wconf 70' lang='grc' dir='ltr'>μεν</span> <span class='ocrx_word' id='word_1_48' title='bbox 1739 767 1835 822; x_wconf 84' lang='grc' dir='ltr'><strong>τῆς</strong></span> 
     </span>
    </p>
   </div>
   <div class='ocr_carea' id='block_1_10' title="bbox 220 851 1837 928">
    <p class='ocr_par' dir='ltr' id='par_1_10' title="bbox 220 851 1837 928">
     <span class='ocr_line' id='line_1_10' title="bbox 220 851 1837 928; baseline -0.005 -18"><span class='ocrx_word' id='word_1_49' title='bbox 220 858 384 910; x_wconf 77' lang='grc' dir='ltr'><strong>αὐτοῦ</strong></span> <span class='ocrx_word' id='word_1_50' title='bbox 463 857 723 928; x_wconf 86' lang='grc' dir='ltr'><strong>θυγατρὸς</strong></span> <span class='ocrx_word' id='word_1_51' title='bbox 786 857 877 905; x_wconf 86' lang='grc' dir='ltr'>καὶ</span> <span class='ocrx_word' id='word_1_52' title='bbox 947 851 1347 926; x_wconf 74' lang='grc' dir='ltr'>ὀλοφυρομένης,</span> <span class='ocrx_word' id='word_1_53' title='bbox 1431 855 1519 902; x_wconf 79' lang='grc' dir='ltr'>καὶ</span> <span class='ocrx_word' id='word_1_54' title='bbox 1589 852 1837 923; x_wconf 82' lang='grc' dir='ltr'><strong>πενθερᾶς</strong></span> 
     </span>
    </p>
   </div>
   <div class='ocr_carea' id='block_1_11' title="bbox 219 936 1836 1020">
    <p class='ocr_par' dir='ltr' id='par_1_11' title="bbox 219 936 1836 1020">
     <span class='ocr_line' id='line_1_11' title="bbox 219 936 1836 1020; baseline -0.004 -22"><span class='ocrx_word' id='word_1_55' title='bbox 219 952 312 1000; x_wconf 72' lang='grc' dir='ltr'>καὶ⁹</span> <span class='ocrx_word' id='word_1_56' title='bbox 342 941 622 1020; x_wconf 76' lang='grc' dir='ltr'><strong>βασιλίδος</strong></span> <span class='ocrx_word' id='word_1_57' title='bbox 660 943 886 1018; x_wconf 82' lang='grc' dir='ltr'><strong>Εἰρήνης</strong></span> <span class='ocrx_word' id='word_1_58' title='bbox 909 961 1000 994; x_wconf 86' lang='grc' dir='ltr'>και</span> <span class='ocrx_word' id='word_1_59' title='bbox 1053 948 1146 993; x_wconf 85' lang='grc' dir='ltr'><strong>τοῦ</strong></span> <span class='ocrx_word' id='word_1_60' title='bbox 1191 939 1426 1012; x_wconf 77' lang='grc' dir='ltr'><strong>συζύγου</strong></span> <span class='ocrx_word' id='word_1_61' title='bbox 1481 939 1594 991; x_wconf 91' lang='grc' dir='ltr'><strong>λίαν</strong></span> <span class='ocrx_word' id='word_1_62' title='bbox 1643 936 1836 992; x_wconf 81' lang='grc' dir='ltr'><strong>ἐποδυ-</strong></span> 
     </span>
    </p>
   </div>
   <div class='ocr_carea' id='block_1_12' title="bbox 220 1028 1836 1111">
    <p class='ocr_par' dir='ltr' id='par_1_12' title="bbox 220 1028 1836 1111">
     <span class='ocr_line' id='line_1_12' title="bbox 220 1028 1836 1111; baseline -0.004 -23"><span class='ocrx_word' id='word_1_63' title='bbox 220 1039 441 1111; x_wconf 83' lang='grc' dir='ltr'><strong>ρομένης</strong></span> <span class='ocrx_word' id='word_1_64' title='bbox 469 1037 555 1087; x_wconf 86' lang='grc' dir='ltr'><strong>τὸν</strong></span> <span class='ocrx_word' id='word_1_65' title='bbox 585 1034 864 1105; x_wconf 86' lang='grc' dir='ltr'><strong>χωρισμὸν</strong></span> <span class='ocrx_word' id='word_1_66' title='bbox 892 1031 962 1098; x_wconf 70' lang='grc'>9⁵,</span> <span class='ocrx_word' id='word_1_67' title='bbox 991 1031 1074 1082; x_wconf 86' lang='grc' dir='ltr'><strong>ὅτε</strong></span> <span class='ocrx_word' id='word_1_68' title='bbox 1106 1034 1235 1102; x_wconf 75' lang='grc' dir='ltr'><strong>φασὶ</strong></span> <span class='ocrx_word' id='word_1_69' title='bbox 1282 1032 1370 1080; x_wconf 90' lang='grc' dir='ltr'>τόν</span> <span class='ocrx_word' id='word_1_70' title='bbox 1416 1028 1576 1081; x_wconf 79' lang='grc' dir='ltr'><strong>Ἀσὰν</strong></span> <span class='ocrx_word' id='word_1_71' title='bbox 1605 1029 1836 1102; x_wconf 75' lang='grc' dir='ltr'><strong>προσλαο</strong></span> 
     </span>
    </p>
   </div>
   <div class='ocr_carea' id='block_1_13' title="bbox 223 1113 1836 1196">
    <p class='ocr_par' dir='ltr' id='par_1_13' title="bbox 223 1113 1836 1196">
     <span class='ocr_line' id='line_1_13' title="bbox 223 1113 1836 1196; baseline -0.004 -19"><span class='ocrx_word' id='word_1_72' title='bbox 223 1124 433 1196; x_wconf 85' lang='grc' dir='ltr'><strong>ϐόμενον</strong></span> <span class='ocrx_word' id='word_1_73' title='bbox 513 1122 675 1179; x_wconf 74' lang='grc' dir='ltr'><strong>αὐτὴν</strong></span> <span class='ocrx_word' id='word_1_74' title='bbox 740 1129 834 1181; x_wconf 83' lang='grc' dir='ltr'><strong>τῆς</strong></span> <span class='ocrx_word' id='word_1_75' title='bbox 891 1118 1051 1171; x_wconf 82' lang='grc' dir='ltr'><strong>αύτοῦ</strong></span> <span class='ocrx_word' id='word_1_76' title='bbox 1145 1113 1446 1192; x_wconf 75' lang='grc' dir='ltr'><strong>ἑφεστρίδος</strong></span> <span class='ocrx_word' id='word_1_77' title='bbox 1547 1119 1836 1192; x_wconf 75' lang='grc' dir='ltr'><strong>ἐμπροσθεν</strong></span> 
     </span>
    </p>
   </div>
   <div class='ocr_carea' id='block_1_14' title="bbox 222 1203 1837 1281">
    <p class='ocr_par' dir='ltr' id='par_1_14' title="bbox 222 1203 1837 1281">
     <span class='ocr_line' id='line_1_14' title="bbox 222 1203 1837 1281; baseline -0.003 -17"><span class='ocrx_word' id='word_1_78' title='bbox 222 1211 530 1264; x_wconf 74' lang='grc' dir='ltr'><strong>ἕπικὰθίσαι</strong></span> <span class='ocrx_word' id='word_1_79' title='bbox 564 1213 654 1262; x_wconf 83' lang='grc' dir='ltr'>καὶ</span> <span class='ocrx_word' id='word_1_80' title='bbox 689 1209 740 1246; x_wconf 70' lang='grc'>9⁸</span> <span class='ocrx_word' id='word_1_81' title='bbox 769 1208 938 1280; x_wconf 74' lang='grc' dir='ltr'><strong>τύψαι</strong></span> <span class='ocrx_word' id='word_1_82' title='bbox 975 1209 1110 1260; x_wconf 84' lang='grc' dir='ltr'><strong>κατὰ</strong></span> <span class='ocrx_word' id='word_1_83' title='bbox 1139 1206 1331 1281; x_wconf 75' lang='grc' dir='ltr'><strong>κόρρης</strong></span> <span class='ocrx_word' id='word_1_84' title='bbox 1385 1213 1496 1267; x_wconf 82' lang='grc' dir='ltr'><strong>τοῖς</strong></span> <span class='ocrx_word' id='word_1_85' title='bbox 1553 1203 1837 1270; x_wconf 75' lang='grc' dir='ltr'><strong>δακτύλοις</strong></span> 
     </span>
    </p>
   </div>
   <div class='ocr_carea' id='block_1_15' title="bbox 221 1294 1836 1370">
    <p class='ocr_par' dir='ltr' id='par_1_15' title="bbox 221 1294 1836 1370">
     <span class='ocr_line' id='line_1_15' title="bbox 221 1294 1836 1370; baseline -0.002 -17"><span class='ocrx_word' id='word_1_86' title='bbox 221 1305 310 1353; x_wconf 83' lang='grc' dir='ltr'><strong>καὶ</strong></span> <span class='ocrx_word' id='word_1_87' title='bbox 365 1298 716 1358; x_wconf 80' lang='grc' dir='ltr'><strong>έπαπειλῆσαι</strong></span> <span class='ocrx_word' id='word_1_88' title='bbox 773 1294 973 1364; x_wconf 89' lang='grc' dir='ltr'><strong>δεινῶς,</strong></span> <span class='ocrx_word' id='word_1_89' title='bbox 1052 1296 1095 1349; x_wconf 81' lang='grc' dir='ltr'>εἰ</span> <span class='ocrx_word' id='word_1_90' title='bbox 1149 1301 1220 1368; x_wconf 80' lang='grc' dir='ltr'><strong>μὴ</strong></span> <span class='ocrx_word' id='word_1_91' title='bbox 1262 1303 1388 1368; x_wconf 76' lang='grc' dir='ltr'><strong>σιγῇ</strong></span> <span class='ocrx_word' id='word_1_92' title='bbox 1441 1299 1580 1370; x_wconf 87' lang='grc' dir='ltr'><strong>φέρει</strong></span> <span class='ocrx_word' id='word_1_93' title='bbox 1637 1297 1737 1348; x_wconf 85' lang='grc' dir='ltr'><strong>ὅσα</strong></span> <span class='ocrx_word' id='word_1_94' title='bbox 1787 1299 1836 1350; x_wconf 86' lang='grc' dir='ltr'>οἱ</span> 
     </span>
    </p>
   </div>
   <div class='ocr_carea' id='block_1_16' title="bbox 226 1381 1531 1462">
    <p class='ocr_par' dir='ltr' id='par_1_16' title="bbox 226 1381 1531 1462">
     <span class='ocr_line' id='line_1_16' title="bbox 226 1381 1531 1462; baseline -0.005 -20"><span class='ocrx_word' id='word_1_95' title='bbox 226 1385 322 1442; x_wconf 82' lang='grc' dir='ltr'><strong>διὰ</strong></span> <span class='ocrx_word' id='word_1_96' title='bbox 349 1387 544 1462; x_wconf 82' lang='grc' dir='ltr'><strong>βουλῆς</strong></span> <span class='ocrx_word' id='word_1_97' title='bbox 574 1387 715 1440; x_wconf 82' lang='grc' dir='ltr'><strong>ἐστιν</strong></span> <span class='ocrx_word' id='word_1_98' title='bbox 738 1385 816 1440; x_wconf 72' lang='grc' dir='ltr'>ἐπ’</span> <span class='ocrx_word' id='word_1_99' title='bbox 851 1386 982 1446; x_wconf 81' lang='grc' dir='ltr'><strong>αύτῆ</strong></span> <span class='ocrx_word' id='word_1_100' title='bbox 1020 1381 1420 1461; x_wconf 83' lang='grc' dir='ltr'><strong>διαπράξασθαι</strong></span> <span class='ocrx_word' id='word_1_101' title='bbox 1460 1385 1531 1443; x_wconf 73' lang='grc'>9⁷,</span> 
     </span>
    </p>
   </div>
   <div class='ocr_carea' id='block_1_17' title="bbox 292 1475 1832 1548">
    <p class='ocr_par' dir='ltr' id='par_1_17' title="bbox 292 1475 1832 1548">
     <span class='ocr_line' id='line_1_17' title="bbox 292 1475 1832 1548; baseline 0 -18"><span class='ocrx_word' id='word_1_102' title='bbox 292 1477 379 1535; x_wconf 85' lang='grc' dir='ltr'><strong>λε’.</strong></span> <span class='ocrx_word' id='word_1_103' title='bbox 439 1477 566 1531; x_wconf 73' lang='grc' dir='ltr'><strong>Κατ’</strong></span> <span class='ocrx_word' id='word_1_104' title='bbox 619 1475 778 1529; x_wconf 84' lang='grc' dir='ltr'><strong>ἐκεῖνο</strong></span> <span class='ocrx_word' id='word_1_105' title='bbox 839 1482 1028 1548; x_wconf 80' lang='grc' dir='ltr'><strong>καιροῦ</strong></span> <span class='ocrx_word' id='word_1_106' title='bbox 1063 1480 1154 1528; x_wconf 82' lang='grc' dir='ltr'>καὶ</span> <span class='ocrx_word' id='word_1_107' title='bbox 1183 1477 1241 1527; x_wconf 89' lang='grc' dir='ltr'><strong>τὸ</strong></span> <span class='ocrx_word' id='word_1_108' title='bbox 1293 1483 1392 1527; x_wconf 90' lang='grc' dir='ltr'>τῶν</span> <span class='ocrx_word' id='word_1_109' title='bbox 1447 1476 1654 1526; x_wconf 83' lang='grc' dir='ltr'><strong>Σκυθῶν</strong></span> <span class='ocrx_word' id='word_1_110' title='bbox 1721 1475 1832 1545; x_wconf 78' lang='grc'>(69)</span> 
     </span>
    </p>
   </div>
   <div class='ocr_carea' id='block_1_18' title="bbox 221 1559 1832 1640">
    <p class='ocr_par' dir='ltr' id='par_1_18' title="bbox 221 1559 1832 1640">
     <span class='ocr_line' id='line_1_18' title="bbox 221 1559 1832 1640; baseline -0.004 -20"><span class='ocrx_word' id='word_1_111' title='bbox 221 1571 393 1640; x_wconf 82' lang='grc' dir='ltr'><strong>γένος,</strong></span> <span class='ocrx_word' id='word_1_112' title='bbox 465 1574 564 1619; x_wconf 86' lang='grc' dir='ltr'>τῶν</span> <span class='ocrx_word' id='word_1_113' title='bbox 621 1567 902 1640; x_wconf 77' lang='grc' dir='ltr'>Ταρτάρων</span> <span class='ocrx_word' id='word_1_114' title='bbox 968 1563 1089 1637; x_wconf 86' lang='grc'>(70)</span> <span class='ocrx_word' id='word_1_115' title='bbox 1142 1559 1589 1636; x_wconf 79' lang='grc' dir='ltr'><strong>καταδραμόντων</strong></span> <span class='ocrx_word' id='word_1_116' title='bbox 1644 1563 1832 1629; x_wconf 76' lang='grc' dir='ltr'><strong>αὐτῶν,</strong></span> 
     </span>
    </p>
   </div>
   <div class='ocr_carea' id='block_1_19' title="bbox 220 1649 1835 1728">
    <p class='ocr_par' dir='ltr' id='par_1_19' title="bbox 220 1649 1835 1728">
     <span class='ocr_line' id='line_1_19' title="bbox 220 1649 1835 1728; baseline -0.004 -19"><span class='ocrx_word' id='word_1_117' title='bbox 220 1657 413 1710; x_wconf 86' lang='grc' dir='ltr'><strong>ὁπόσοι</strong></span> <span class='ocrx_word' id='word_1_118' title='bbox 441 1658 500 1708; x_wconf 86' lang='grc' dir='ltr'><strong>τὸ</strong></span> <span class='ocrx_word' id='word_1_119' title='bbox 530 1655 669 1728; x_wconf 82' lang='grc' dir='ltr'><strong>ξίφος</strong></span> <span class='ocrx_word' id='word_1_120' title='bbox 726 1656 926 1707; x_wconf 81' lang='grc' dir='ltr'><strong>ἐκείνων</strong></span> <span class='ocrx_word' id='word_1_121' title='bbox 959 1652 1221 1726; x_wconf 78' lang='grc' dir='ltr'><strong>ἐξέφυγον,</strong></span> <span class='ocrx_word' id='word_1_122' title='bbox 1272 1649 1451 1712; x_wconf 80' lang='grc' dir='ltr'><strong>ἀσκοῖς</strong></span> <span class='ocrx_word' id='word_1_123' title='bbox 1496 1655 1584 1704; x_wconf 87' lang='grc' dir='ltr'>τόν</span> <span class='ocrx_word' id='word_1_124' title='bbox 1628 1651 1835 1727; x_wconf 85' lang='grc' dir='ltr'><strong>Ἵστρον</strong></span> 
     </span>
    </p>
   </div>
   <div class='ocr_carea' id='block_1_20' title="bbox 1943 491 3602 565">
    <p class='ocr_par' dir='ltr' id='par_1_20' title="bbox 1943 491 3602 565">
     <span class='ocr_line' id='line_1_20' title="bbox 1943 491 3602 565; baseline 0.001 -18"><span class='ocrx_word' id='word_1_125' title='bbox 1943 491 2340 548; x_wconf 84' lang='lat' dir='ltr'>violatoribus</span> <span class='ocrx_word' id='word_1_126' title='bbox 2378 491 2612 562; x_wconf 90' lang='lat' dir='ltr'>inﬂigit.</span> <span class='ocrx_word' id='word_1_127' title='bbox 2653 515 2681 542; x_wconf 87' lang='grc'>››</span> <span class='ocrx_word' id='word_1_128' title='bbox 2717 492 2829 548; x_wconf 88' lang='lat' dir='ltr'>Sed</span> <span class='ocrx_word' id='word_1_129' title='bbox 2885 493 3180 565; x_wconf 90' lang='lat' dir='ltr'>Bulgarus</span> <span class='ocrx_word' id='word_1_130' title='bbox 3208 498 3448 565; x_wconf 85' lang='lat' dir='ltr'>recepta</span> <span class='ocrx_word' id='word_1_131' title='bbox 3477 493 3602 550; x_wconf 87' lang='lat' dir='ltr'>ﬁlia</span> 
     </span>
    </p>
   </div>
   <div class='ocr_carea' id='block_1_21' title="bbox 1943 581 3600 655">
    <p class='ocr_par' dir='ltr' id='par_1_21' title="bbox 1943 581 3600 655">
     <span class='ocr_line' id='line_1_21' title="bbox 1943 581 3600 655; baseline 0.003 -20"><span class='ocrx_word' id='word_1_132' title='bbox 1943 581 2395 647; x_wconf 86' lang='lat' dir='ltr'>abiit,omnibus</span> <span class='ocrx_word' id='word_1_133' title='bbox 2408 597 2543 636; x_wconf 88' lang='lat' dir='ltr'>eam</span> <span class='ocrx_word' id='word_1_134' title='bbox 2557 581 2943 653; x_wconf 84' lang='lat' dir='ltr'>sequentibus</span> <span class='ocrx_word' id='word_1_135' title='bbox 2956 582 3233 638; x_wconf 87' lang='lat' dir='ltr'>recessim</span> <span class='ocrx_word' id='word_1_136' title='bbox 3263 583 3378 655; x_wconf 77' lang='lat'>58</span> <span class='ocrx_word' id='word_1_137' title='bbox 3391 583 3600 640; x_wconf 84' lang='lat' dir='ltr'>cedere</span> 
     </span>
    </p>
   </div>
   <div class='ocr_carea' id='block_1_22' title="bbox 1943 671 3600 741">
    <p class='ocr_par' dir='ltr' id='par_1_22' title="bbox 1943 671 3600 741">
     <span class='ocr_line' id='line_1_22' title="bbox 1943 671 3600 741; baseline 0.002 -15"><span class='ocrx_word' id='word_1_138' title='bbox 1943 671 2182 740; x_wconf 84' lang='lat' dir='ltr'>coactis,</span> <span class='ocrx_word' id='word_1_139' title='bbox 2243 685 2314 726; x_wconf 89' lang='lat' dir='ltr'>ac</span> <span class='ocrx_word' id='word_1_140' title='bbox 2401 673 2674 725; x_wconf 69' lang='lat' dir='ltr'>Haemum</span> <span class='ocrx_word' id='word_1_141' title='bbox 2747 675 3207 741; x_wconf 75' lang='lat' dir='ltr'>prtetergressus</span> <span class='ocrx_word' id='word_1_142' title='bbox 3273 671 3600 730; x_wconf 88' lang='lat' dir='ltr'>Trinobum</span> 
     </span>
    </p>
   </div>
   <div class='ocr_carea' id='block_1_23' title="bbox 1943 757 3597 834">
    <p class='ocr_par' dir='ltr' id='par_1_23' title="bbox 1943 757 3597 834">
     <span class='ocr_line' id='line_1_23' title="bbox 1943 757 3597 834; baseline -0.002 -18"><span class='ocrx_word' id='word_1_143' title='bbox 1943 759 2363 816; x_wconf 78' lang='lat' dir='ltr'>contendebat.</span> <span class='ocrx_word' id='word_1_144' title='bbox 2399 761 2546 816; x_wconf 87' lang='lat' dir='ltr'>Cum</span> <span class='ocrx_word' id='word_1_145' title='bbox 2569 757 3044 831; x_wconf 86' lang='lat' dir='ltr'>illacrymaretur</span> <span class='ocrx_word' id='word_1_146' title='bbox 3063 759 3186 816; x_wconf 89' lang='lat' dir='ltr'>ﬁlia</span> <span class='ocrx_word' id='word_1_147' title='bbox 3207 761 3597 834; x_wconf 61' lang='lat' dir='ltr'>ejularetque,</span> 
     </span>
    </p>
   </div>
   <div class='ocr_carea' id='block_1_24' title="bbox 1944 847 3600 922">
    <p class='ocr_par' dir='ltr' id='par_1_24' title="bbox 1944 847 3600 922">
     <span class='ocr_line' id='line_1_24' title="bbox 1944 847 3600 922; baseline 0.002 -18"><span class='ocrx_word' id='word_1_148' title='bbox 1944 865 2128 921; x_wconf 89' lang='lat' dir='ltr'>seque</span> <span class='ocrx_word' id='word_1_149' title='bbox 2153 865 2190 905; x_wconf 91' lang='lat' dir='ltr'>a</span> <span class='ocrx_word' id='word_1_150' title='bbox 2242 863 2435 916; x_wconf 88' lang='lat' dir='ltr'>socro,</span> <span class='ocrx_word' id='word_1_151' title='bbox 2484 847 2860 920; x_wconf 89' lang='lat' dir='ltr'>imperatrice</span> <span class='ocrx_word' id='word_1_152' title='bbox 2917 848 3102 916; x_wconf 93' lang='lat' dir='ltr'>Irene,</span> <span class='ocrx_word' id='word_1_153' title='bbox 3135 854 3314 920; x_wconf 91' lang='lat' dir='ltr'>atque</span> <span class='ocrx_word' id='word_1_154' title='bbox 3343 851 3600 922; x_wconf 80' lang='lat' dir='ltr'>conjuge</span> 
     </span>
    </p>
   </div>
   <div class='ocr_carea' id='block_1_25' title="bbox 1945 937 3603 1010">
    <p class='ocr_par' dir='ltr' id='par_1_25' title="bbox 1945 937 3603 1010">
     <span class='ocr_line' id='line_1_25' title="bbox 1945 937 3603 1010; baseline 0.001 -16"><span class='ocrx_word' id='word_1_155' title='bbox 1945 941 2287 1010; x_wconf 83' lang='lat' dir='ltr'>separatam</span> <span class='ocrx_word' id='word_1_156' title='bbox 2310 953 2437 993; x_wconf 90' lang='lat' dir='ltr'>esse</span> <span class='ocrx_word' id='word_1_157' title='bbox 2472 938 2650 993; x_wconf 81' lang='lat' dir='ltr'>anxie</span> <span class='ocrx_word' id='word_1_158' title='bbox 2713 953 2782 992; x_wconf 90' lang='lat' dir='ltr'>ac</span> <span class='ocrx_word' id='word_1_159' title='bbox 2809 937 3065 992; x_wconf 91' lang='lat' dir='ltr'>nimium</span> <span class='ocrx_word' id='word_1_160' title='bbox 3095 937 3404 1004; x_wconf 89' lang='lat' dir='ltr'>indoleret,</span> <span class='ocrx_word' id='word_1_161' title='bbox 3438 938 3603 996; x_wconf 84' lang='lat' dir='ltr'>fama</span> 
     </span>
    </p>
   </div>
   <div class='ocr_carea' id='block_1_26' title="bbox 1945 1025 3598 1098">
    <p class='ocr_par' dir='ltr' id='par_1_26' title="bbox 1945 1025 3598 1098">
     <span class='ocr_line' id='line_1_26' title="bbox 1945 1025 3598 1098; baseline 0 -15"><span class='ocrx_word' id='word_1_162' title='bbox 1945 1033 2032 1083; x_wconf 91' lang='lat' dir='ltr'>est</span> <span class='ocrx_word' id='word_1_163' title='bbox 2057 1031 2327 1083; x_wconf 76' lang='lat' dir='ltr'>Asanum</span> <span class='ocrx_word' id='word_1_164' title='bbox 2357 1043 2493 1082; x_wconf 89' lang='lat' dir='ltr'>eam</span> <span class='ocrx_word' id='word_1_165' title='bbox 2516 1032 2651 1082; x_wconf 88' lang='lat' dir='ltr'>ante</span> <span class='ocrx_word' id='word_1_166' title='bbox 2678 1025 2770 1082; x_wconf 90' lang='lat' dir='ltr'>sui</span> <span class='ocrx_word' id='word_1_167' title='bbox 2783 1027 2919 1098; x_wconf 91' lang='lat' dir='ltr'>equi</span> <span class='ocrx_word' id='word_1_168' title='bbox 2943 1025 3222 1096; x_wconf 86' lang='lat' dir='ltr'>sagulum</span> <span class='ocrx_word' id='word_1_169' title='bbox 3253 1026 3598 1094; x_wconf 88' lang='lat' dir='ltr'>collocasse,</span> 
     </span>
    </p>
   </div>
   <div class='ocr_carea' id='block_1_27' title="bbox 1944 1114 3600 1188">
    <p class='ocr_par' dir='ltr' id='par_1_27' title="bbox 1944 1114 3600 1188">
     <span class='ocr_line' id='line_1_27' title="bbox 1944 1114 3600 1188; baseline 0.001 -18"><span class='ocrx_word' id='word_1_170' title='bbox 1944 1115 2267 1187; x_wconf 86' lang='lat' dir='ltr'>digitisque</span> <span class='ocrx_word' id='word_1_171' title='bbox 2299 1115 2359 1170; x_wconf 92' lang='lat' dir='ltr'>in</span> <span class='ocrx_word' id='word_1_172' title='bbox 2385 1115 2598 1171; x_wconf 84' lang='lat' dir='ltr'>faciem</span> <span class='ocrx_word' id='word_1_173' title='bbox 2622 1115 3009 1188; x_wconf 87' lang='lat' dir='ltr'>percussisse,</span> <span class='ocrx_word' id='word_1_174' title='bbox 3042 1114 3337 1171; x_wconf 89' lang='lat' dir='ltr'>minatum</span> <span class='ocrx_word' id='word_1_175' title='bbox 3369 1115 3600 1184; x_wconf 84' lang='lat' dir='ltr'>acriter,</span> 
     </span>
    </p>
   </div>
   <div class='ocr_carea' id='block_1_28' title="bbox 1938 1203 3602 1281">
    <p class='ocr_par' dir='ltr' id='par_1_28' title="bbox 1938 1203 3602 1281">
     <span class='ocr_line' id='line_1_28' title="bbox 1938 1203 3602 1281; baseline 0 -21"><span class='ocrx_word' id='word_1_176' title='bbox 1938 1204 2004 1281; x_wconf 84' lang='lat' dir='ltr'>_ni</span> <span class='ocrx_word' id='word_1_177' title='bbox 2035 1203 2270 1261; x_wconf 90' lang='lat' dir='ltr'>silentio</span> <span class='ocrx_word' id='word_1_178' title='bbox 2290 1208 2529 1277; x_wconf 88' lang='lat' dir='ltr'>raptum</span> <span class='ocrx_word' id='word_1_179' title='bbox 2556 1203 2752 1273; x_wconf 81' lang='lat' dir='ltr'>ferret,</span> <span class='ocrx_word' id='word_1_180' title='bbox 2785 1219 2847 1259; x_wconf 91' lang='lat' dir='ltr'>se</span> <span class='ocrx_word' id='word_1_181' title='bbox 2871 1203 2933 1259; x_wconf 89' lang='lat' dir='ltr'>in</span> <span class='ocrx_word' id='word_1_182' title='bbox 2959 1220 3096 1262; x_wconf 88' lang='lat' dir='ltr'>eam</span> <span class='ocrx_word' id='word_1_183' title='bbox 3122 1204 3330 1262; x_wconf 88' lang='lat' dir='ltr'>omnia</span> <span class='ocrx_word' id='word_1_184' title='bbox 3351 1220 3488 1277; x_wconf 70' lang='lat' dir='ltr'>quae</span> <span class='ocrx_word' id='word_1_185' title='bbox 3519 1204 3602 1260; x_wconf 87' lang='lat' dir='ltr'>illi</span> 
     </span>
    </p>
   </div>
   <div class='ocr_carea' id='block_1_29' title="bbox 1943 1293 2885 1367">
    <p class='ocr_par' dir='ltr' id='par_1_29' title="bbox 1943 1293 2885 1367">
     <span class='ocr_line' id='line_1_29' title="bbox 1943 1293 2885 1367; baseline -0.002 -16"><span class='ocrx_word' id='word_1_186' title='bbox 1943 1293 2166 1367; x_wconf 90' lang='lat' dir='ltr'>probro</span> <span class='ocrx_word' id='word_1_187' title='bbox 2205 1299 2406 1350; x_wconf 89' lang='lat' dir='ltr'>essent</span> <span class='ocrx_word' id='word_1_188' title='bbox 2442 1297 2885 1350; x_wconf 84' lang='lat' dir='ltr'>exsecuturum.</span> 
     </span>
    </p>
   </div>
   <div class='ocr_carea' id='block_1_30' title="bbox 2016 1471 3600 1547">
    <p class='ocr_par' dir='ltr' id='par_1_30' title="bbox 2016 1471 3600 1547">
     <span class='ocr_line' id='line_1_30' title="bbox 2016 1471 3600 1547; baseline -0.001 -15"><span class='ocrx_word' id='word_1_189' title='bbox 2016 1477 2103 1532; x_wconf 80' lang='lat'>35.</span> <span class='ocrx_word' id='word_1_190' title='bbox 2138 1473 2249 1530; x_wconf 93' lang='lat' dir='ltr'>Per</span> <span class='ocrx_word' id='word_1_191' title='bbox 2280 1471 2440 1529; x_wconf 92' lang='lat' dir='ltr'>idem</span> <span class='ocrx_word' id='word_1_192' title='bbox 2463 1476 2702 1546; x_wconf 89' lang='lat' dir='ltr'>tempus</span> <span class='ocrx_word' id='word_1_193' title='bbox 2731 1473 3088 1547; x_wconf 86' lang='lat' dir='ltr'>Scytharum</span> <span class='ocrx_word' id='word_1_194' title='bbox 3117 1489 3264 1544; x_wconf 91' lang='lat' dir='ltr'>gens</span> <span class='ocrx_word' id='word_1_195' title='bbox 3295 1473 3374 1532; x_wconf 88' lang='lat' dir='ltr'>ab</span> <span class='ocrx_word' id='word_1_196' title='bbox 3391 1489 3600 1531; x_wconf 86' lang='lat' dir='ltr'>excur-</span> 
     </span>
    </p>
   </div>
   <div class='ocr_carea' id='block_1_31' title="bbox 1945 1561 3597 1636">
    <p class='ocr_par' dir='ltr' id='par_1_31' title="bbox 1945 1561 3597 1636">
     <span class='ocr_line' id='line_1_31' title="bbox 1945 1561 3597 1636; baseline 0.001 -18"><span class='ocrx_word' id='word_1_197' title='bbox 1945 1562 2238 1629; x_wconf 89' lang='lat' dir='ltr'>sionibus,</span> <span class='ocrx_word' id='word_1_198' title='bbox 2257 1561 2582 1618; x_wconf 86' lang='lat' dir='ltr'>latrociniis</span> <span class='ocrx_word' id='word_1_199' title='bbox 2597 1578 2665 1619; x_wconf 91' lang='lat' dir='ltr'>ac</span> <span class='ocrx_word' id='word_1_200' title='bbox 2678 1565 3056 1620; x_wconf 85' lang='lat' dir='ltr'>Tartarorum</span> <span class='ocrx_word' id='word_1_201' title='bbox 3071 1562 3337 1619; x_wconf 63' lang='lat' dir='ltr'>caedibus</span> <span class='ocrx_word' id='word_1_202' title='bbox 3348 1563 3597 1636; x_wconf 88' lang='lat' dir='ltr'>reliqua,</span> 
     </span>
    </p>
   </div>
   <div class='ocr_carea' id='block_1_32' title="bbox 1944 1652 3597 1725">
    <p class='ocr_par' dir='ltr' id='par_1_32' title="bbox 1944 1652 3597 1725">
     <span class='ocr_line' id='line_1_32' title="bbox 1944 1652 3597 1725; baseline 0 -16"><span class='ocrx_word' id='word_1_203' title='bbox 1944 1669 2083 1709; x_wconf 90' lang='lat' dir='ltr'>cum</span> <span class='ocrx_word' id='word_1_204' title='bbox 2097 1652 2232 1708; x_wconf 91' lang='lat' dir='ltr'>ﬁliis</span> <span class='ocrx_word' id='word_1_205' title='bbox 2255 1656 2312 1708; x_wconf 91' lang='lat' dir='ltr'>et</span> <span class='ocrx_word' id='word_1_206' title='bbox 2333 1652 2649 1724; x_wconf 80' lang='lat' dir='ltr'>uxoribus,</span> <span class='ocrx_word' id='word_1_207' title='bbox 2672 1652 2939 1723; x_wconf 88' lang='lat' dir='ltr'>Bulgaris</span> <span class='ocrx_word' id='word_1_208' title='bbox 2960 1653 3093 1709; x_wconf 91' lang='lat' dir='ltr'>licet</span> <span class='ocrx_word' id='word_1_209' title='bbox 3108 1652 3597 1725; x_wconf 87' lang='lat' dir='ltr'>reclamantibus,</span> 
     </span>
    </p>
   </div>
   <div class='ocr_carea' id='block_1_33' title="bbox 224 1739 1861 1820">
    <p class='ocr_par' dir='ltr' id='par_1_33' title="bbox 224 1739 1833 1820">
     <span class='ocr_line' id='line_1_33' title="bbox 224 1739 1833 1820; baseline -0.004 -22"><span class='ocrx_word' id='word_1_210' title='bbox 224 1741 612 1820; x_wconf 86' lang='grc' dir='ltr'><strong>διαπεράσατες</strong></span> <span class='ocrx_word' id='word_1_211' title='bbox 637 1746 834 1804; x_wconf 82' lang='grc' dir='ltr'><strong>τέκνοις</strong></span> <span class='ocrx_word' id='word_1_212' title='bbox 885 1743 932 1778; x_wconf 71' lang='grc'>9⁸</span> <span class='ocrx_word' id='word_1_213' title='bbox 981 1741 1092 1816; x_wconf 83' lang='grc' dir='ltr'><strong>ἅμα</strong></span> <span class='ocrx_word' id='word_1_214' title='bbox 1141 1746 1234 1795; x_wconf 84' lang='grc' dir='ltr'>καὶ</span> <span class='ocrx_word' id='word_1_215' title='bbox 1286 1739 1514 1814; x_wconf 80' lang='grc' dir='ltr'><strong>γυναιξὶ,</strong></span> <span class='ocrx_word' id='word_1_216' title='bbox 1562 1745 1650 1794; x_wconf 87' lang='grc' dir='ltr'>καὶ</span> <span class='ocrx_word' id='word_1_217' title='bbox 1688 1739 1833 1793; x_wconf 81' lang='grc' dir='ltr'><strong>ἀκόν-</strong></span> 
     </span>
    </p>
   </div>
   <div class='ocr_carea' id='block_1_34' title="bbox 1954 1739 3599 1820">
    <p class='ocr_par' dir='ltr' id='par_1_34' title="bbox 1954 1739 3599 1808">
     <span class='ocr_line' id='line_1_34' title="bbox 1954 1739 3599 1808; baseline 0.001 -11"><span class='ocrx_word' id='word_1_218' title='bbox 1954 1757 2086 1798; x_wconf 77' lang='lat' dir='ltr'>cum</span> <span class='ocrx_word' id='word_1_219' title='bbox 2158 1741 2477 1797; x_wconf 86' lang='lat' dir='ltr'>innumera</span> <span class='ocrx_word' id='word_1_220' title='bbox 2562 1745 2718 1798; x_wconf 91' lang='lat' dir='ltr'>esset</span> <span class='ocrx_word' id='word_1_221' title='bbox 2766 1741 3110 1808; x_wconf 86' lang='lat' dir='ltr'>multitudo,</span> <span class='ocrx_word' id='word_1_222' title='bbox 3173 1739 3407 1797; x_wconf 88' lang='lat' dir='ltr'>utribus</span> <span class='ocrx_word' id='word_1_223' title='bbox 3457 1744 3599 1799; x_wconf 87' lang='lat' dir='ltr'>Istro</span> 
     </span>
    </p>
   </div>
   <div class='ocr_carea' id='block_1_35' title="bbox 222 1829 1837 1908">
    <p class='ocr_par' dir='ltr' id='par_1_35' title="bbox 222 1829 1837 1908">
     <span class='ocr_line' id='line_1_35' title="bbox 222 1829 1837 1908; baseline -0.002 -22"><span class='ocrx_word' id='word_1_224' title='bbox 222 1853 326 1886; x_wconf 90' lang='grc' dir='ltr'>των</span> <span class='ocrx_word' id='word_1_225' title='bbox 377 1833 676 1907; x_wconf 87' lang='grc' dir='ltr'><strong>Βουλγάρων</strong></span> <span class='ocrx_word' id='word_1_226' title='bbox 750 1831 958 1905; x_wconf 84' lang='grc' dir='ltr'><strong>(πολλαὶ</strong></span> <span class='ocrx_word' id='word_1_227' title='bbox 1027 1834 1126 1908; x_wconf 83' lang='grc' dir='ltr'><strong>γὰρ</strong></span> <span class='ocrx_word' id='word_1_228' title='bbox 1210 1832 1454 1906; x_wconf 78' lang='grc' dir='ltr'><strong>ὑπῆρχον</strong></span> <span class='ocrx_word' id='word_1_229' title='bbox 1518 1829 1837 1903; x_wconf 87' lang='grc' dir='ltr'><strong>χιλιοστύες)</strong></span> 
     </span>
    </p>
   </div>
   <div class='ocr_carea' id='block_1_36' title="bbox 222 1918 1837 1996">
    <p class='ocr_par' dir='ltr' id='par_1_36' title="bbox 222 1918 1837 1996">
     <span class='ocr_line' id='line_1_36' title="bbox 222 1918 1837 1996; baseline -0.002 -21"><span class='ocrx_word' id='word_1_230' title='bbox 222 1926 344 1984; x_wconf 84' lang='grc' dir='ltr'><strong>τοὺς</strong></span> <span class='ocrx_word' id='word_1_231' title='bbox 395 1930 485 1982; x_wconf 81' lang='grc' dir='ltr'><strong>τῆς</strong></span> <span class='ocrx_word' id='word_1_232' title='bbox 532 1918 856 1982; x_wconf 81' lang='grc' dir='ltr'><strong>Μακεδονίας</strong></span> <span class='ocrx_word' id='word_1_233' title='bbox 911 1925 1120 1996; x_wconf 87' lang='grc' dir='ltr'><strong>χώρους</strong></span> <span class='ocrx_word' id='word_1_234' title='bbox 1173 1918 1470 1983; x_wconf 74' lang='grc' dir='ltr'><strong>κατελαϐον,</strong></span> <span class='ocrx_word' id='word_1_235' title='bbox 1531 1921 1580 1970; x_wconf 82' lang='grc' dir='ltr'>οἱ</span> <span class='ocrx_word' id='word_1_236' title='bbox 1609 1921 1699 1992; x_wconf 75' lang='grc' dir='ltr'>μὲν</span> <span class='ocrx_word' id='word_1_237' title='bbox 1719 1924 1837 1992; x_wconf 83' lang='grc' dir='ltr'><strong>περὶ</strong></span> 
     </span>
    </p>
   </div>
   <div class='ocr_carea' id='block_1_37' title="bbox 221 2006 1836 2085">
    <p class='ocr_par' dir='ltr' id='par_1_37' title="bbox 221 2006 1836 2085">
     <span class='ocr_line' id='line_1_37' title="bbox 221 2006 1836 2085; baseline -0.002 -21"><span class='ocrx_word' id='word_1_238' title='bbox 221 2014 309 2064; x_wconf 88' lang='grc' dir='ltr'><strong>τὸν</strong></span> <span class='ocrx_word' id='word_1_239' title='bbox 338 2009 522 2085; x_wconf 82' lang='grc' dir='ltr'><strong>Ἕϐρον</strong></span> <span class='ocrx_word' id='word_1_240' title='bbox 563 2015 652 2063; x_wconf 81' lang='grc' dir='ltr'><strong>καὶ</strong></span> <span class='ocrx_word' id='word_1_241' title='bbox 695 2011 762 2062; x_wconf 81' lang='grc' dir='ltr'><strong>τὰ</strong></span> <span class='ocrx_word' id='word_1_242' title='bbox 805 2008 971 2063; x_wconf 78' lang='grc' dir='ltr'><strong>ἐκεῖσε</strong></span> <span class='ocrx_word' id='word_1_243' title='bbox 1025 2006 1188 2062; x_wconf 80' lang='grc' dir='ltr'><strong>πεδία</strong></span> <span class='ocrx_word' id='word_1_244' title='bbox 1238 2012 1333 2070; x_wconf 83' lang='grc' dir='ltr'><strong>τὰς</strong></span> <span class='ocrx_word' id='word_1_245' title='bbox 1384 2011 1542 2082; x_wconf 85' lang='grc' dir='ltr'><strong>νομὰς</strong></span> <span class='ocrx_word' id='word_1_246' title='bbox 1593 2011 1836 2080; x_wconf 71' lang='grc' dir='ltr'><strong>ποιούμεο</strong></span> 
     </span>
    </p>
   </div>
   <div class='ocr_carea' id='block_1_38' title="bbox 223 2097 1835 2175">
    <p class='ocr_par' dir='ltr' id='par_1_38' title="bbox 223 2097 1835 2175">
     <span class='ocr_line' id='line_1_38' title="bbox 223 2097 1835 2175; baseline -0.002 -23"><span class='ocrx_word' id='word_1_247' title='bbox 223 2120 324 2170; x_wconf 88' lang='grc' dir='ltr'><strong>νοι,</strong></span> <span class='ocrx_word' id='word_1_248' title='bbox 352 2103 401 2153; x_wconf 81' lang='lat' dir='ltr'>oi</span> <span class='ocrx_word' id='word_1_249' title='bbox 432 2097 492 2153; x_wconf 72' lang='grc' dir='ltr'>δὲ</span> <span class='ocrx_word' id='word_1_250' title='bbox 522 2105 640 2175; x_wconf 84' lang='grc' dir='ltr'><strong>περὶ</strong></span> <span class='ocrx_word' id='word_1_251' title='bbox 679 2101 746 2152; x_wconf 82' lang='grc' dir='ltr'><strong>τὰ</strong></span> <span class='ocrx_word' id='word_1_252' title='bbox 791 2103 1067 2172; x_wconf 83' lang='grc' dir='ltr'><strong>κατωτέρω</strong></span> <span class='ocrx_word' id='word_1_253' title='bbox 1124 2103 1254 2172; x_wconf 79' lang='grc' dir='ltr'><strong>μέρη</strong></span> <span class='ocrx_word' id='word_1_254' title='bbox 1309 2103 1400 2150; x_wconf 83' lang='grc' dir='ltr'>καὶ</span> <span class='ocrx_word' id='word_1_255' title='bbox 1457 2102 1544 2151; x_wconf 85' lang='grc' dir='ltr'>τόν</span> <span class='ocrx_word' id='word_1_256' title='bbox 1601 2100 1835 2170; x_wconf 87' lang='grc' dir='ltr'><strong>ποταμὸν</strong></span> 
     </span>
    </p>
   </div>
   <div class='ocr_carea' id='block_1_39' title="bbox 224 2186 1837 2263">
    <p class='ocr_par' dir='ltr' id='par_1_39' title="bbox 224 2186 1837 2263">
     <span class='ocr_line' id='line_1_39' title="bbox 224 2186 1837 2263; baseline -0.003 -20"><span class='ocrx_word' id='word_1_257' title='bbox 224 2189 280 2243; x_wconf 88' lang='grc' dir='ltr'><strong>ὃν</strong></span> <span class='ocrx_word' id='word_1_258' title='bbox 324 2192 354 2248; x_wconf 76' lang='grc' dir='ltr'>ἡ</span> <span class='ocrx_word' id='word_1_259' title='bbox 409 2186 590 2262; x_wconf 81' lang='grc' dir='ltr'><strong>χύδην</strong></span> <span class='ocrx_word' id='word_1_260' title='bbox 649 2189 844 2263; x_wconf 83' lang='grc' dir='ltr'><strong>ῥέουσα</strong></span> <span class='ocrx_word' id='word_1_261' title='bbox 893 2188 1116 2260; x_wconf 91' lang='grc' dir='ltr'><strong>γλῶττα,</strong></span> <span class='ocrx_word' id='word_1_262' title='bbox 1173 2190 1408 2261; x_wconf 88' lang='grc' dir='ltr'><strong>καθάπερ</strong></span> <span class='ocrx_word' id='word_1_263' title='bbox 1463 2189 1674 2260; x_wconf 81' lang='grc' dir='ltr'><strong>ἔφημεν,</strong></span> <span class='ocrx_word' id='word_1_264' title='bbox 1727 2193 1837 2239; x_wconf 86' lang='grc' dir='ltr'>Μα-</span> 
     </span>
    </p>
   </div>
   <div class='ocr_carea' id='block_1_40' title="bbox 224 2274 1838 2352">
    <p class='ocr_par' dir='ltr' id='par_1_40' title="bbox 224 2274 1838 2352">
     <span class='ocr_line' id='line_1_40' title="bbox 224 2274 1838 2352; baseline -0.001 -22"><span class='ocrx_word' id='word_1_265' title='bbox 224 2279 412 2352; x_wconf 77' lang='grc' dir='ltr'><strong>ρίτξαν</strong></span> <span class='ocrx_word' id='word_1_266' title='bbox 436 2278 801 2350; x_wconf 81' lang='grc' dir='ltr'><strong>κατονομάζει.</strong></span> <span class='ocrx_word' id='word_1_267' title='bbox 837 2281 940 2331; x_wconf 80' lang='grc' dir='ltr'>Καὶ</span> <span class='ocrx_word' id='word_1_268' title='bbox 983 2279 1085 2352; x_wconf 82' lang='grc' dir='ltr'><strong>γὰρ</strong></span> <span class='ocrx_word' id='word_1_269' title='bbox 1119 2279 1257 2330; x_wconf 77' lang='grc' dir='ltr'><strong>ἔστιν</strong></span> <span class='ocrx_word' id='word_1_270' title='bbox 1315 2279 1383 2339; x_wconf 84' lang='grc' dir='ltr'><strong>ὡς</strong></span> <span class='ocrx_word' id='word_1_271' title='bbox 1414 2275 1613 2337; x_wconf 81' lang='grc' dir='ltr'><strong>ἀληθῶς</strong></span> <span class='ocrx_word' id='word_1_272' title='bbox 1650 2274 1838 2351; x_wconf 81' lang='grc' dir='ltr'><strong>Ἕϐρος</strong></span> 
     </span>
    </p>
   </div>
   <div class='ocr_carea' id='block_1_41' title="bbox 225 2361 1835 2442">
    <p class='ocr_par' dir='ltr' id='par_1_41' title="bbox 225 2361 1835 2442">
     <span class='ocr_line' id='line_1_41' title="bbox 225 2361 1835 2442; baseline -0.001 -23"><span class='ocrx_word' id='word_1_273' title='bbox 225 2372 392 2442; x_wconf 83' lang='grc' dir='ltr'><strong>μέχρι</strong></span> <span class='ocrx_word' id='word_1_274' title='bbox 439 2372 529 2420; x_wconf 84' lang='grc' dir='ltr'>καὶ</span> <span class='ocrx_word' id='word_1_275' title='bbox 581 2376 670 2427; x_wconf 76' lang='grc' dir='ltr'><strong>τῆς</strong></span> <span class='ocrx_word' id='word_1_276' title='bbox 727 2369 896 2440; x_wconf 82' lang='grc' dir='ltr'><strong>Αἴμου</strong></span> <span class='ocrx_word' id='word_1_277' title='bbox 946 2368 1032 2438; x_wconf 85' lang='grc' dir='ltr'>(α)</span> <span class='ocrx_word' id='word_1_278' title='bbox 1063 2369 1158 2428; x_wconf 83' lang='grc' dir='ltr'>τὰς</span> <span class='ocrx_word' id='word_1_279' title='bbox 1211 2361 1479 2440; x_wconf 74' lang='grc' dir='ltr'><strong>ἐκδρομὰς</strong></span> <span class='ocrx_word' id='word_1_280' title='bbox 1509 2367 1835 2438; x_wconf 83' lang='grc' dir='ltr'><strong>ποιούμενος,</strong></span> 
     </span>
    </p>
   </div>
   <div class='ocr_carea' id='block_1_42' title="bbox 226 2451 1838 2530">
    <p class='ocr_par' dir='ltr' id='par_1_42' title="bbox 226 2451 1838 2530">
     <span class='ocr_line' id='line_1_42' title="bbox 226 2451 1838 2530; baseline -0.001 -21"><span class='ocrx_word' id='word_1_281' title='bbox 226 2458 460 2509; x_wconf 77' lang='grc' dir='ltr'><strong>κάκεῖθεν</strong></span> <span class='ocrx_word' id='word_1_282' title='bbox 543 2454 628 2509; x_wconf 67' lang='grc' dir='ltr'>ἐπὶ</span> <span class='ocrx_word' id='word_1_283' title='bbox 697 2459 758 2508; x_wconf 89' lang='grc' dir='ltr'><strong>τὸ</strong></span> <span class='ocrx_word' id='word_1_284' title='bbox 811 2456 1030 2528; x_wconf 80' lang='grc' dir='ltr'><strong>Αἰγαῖον</strong></span> <span class='ocrx_word' id='word_1_285' title='bbox 1086 2455 1271 2530; x_wconf 76' lang='grc' dir='ltr'><strong>ἰκρίων</strong></span> <span class='ocrx_word' id='word_1_286' title='bbox 1329 2455 1572 2528; x_wconf 76' lang='grc' dir='ltr'><strong>πέλαγος.</strong></span> <span class='ocrx_word' id='word_1_287' title='bbox 1631 2456 1712 2507; x_wconf 85' lang='grc' dir='ltr'><strong>ὅτι</strong></span> <span class='ocrx_word' id='word_1_288' title='bbox 1779 2451 1838 2508; x_wconf 68' lang='grc' dir='ltr'>δὲ</span> 
     </span>
    </p>
   </div>
   <div class='ocr_carea' id='block_1_43' title="bbox 232 2543 1838 2618">
    <p class='ocr_par' dir='ltr' id='par_1_43' title="bbox 232 2543 1838 2618">
     <span class='ocr_line' id='line_1_43' title="bbox 232 2543 1838 2618; baseline -0.001 -20"><span class='ocrx_word' id='word_1_289' title='bbox 232 2543 593 2618; x_wconf 76' lang='grc' dir='ltr'><strong>συμϐάλλουσι</strong></span> <span class='ocrx_word' id='word_1_290' title='bbox 651 2547 818 2617; x_wconf 85' lang='grc' dir='ltr'><strong>τούτῳ</strong></span> <span class='ocrx_word' id='word_1_291' title='bbox 871 2551 961 2598; x_wconf 80' lang='grc' dir='ltr'>καὶ</span> <span class='ocrx_word' id='word_1_292' title='bbox 1012 2545 1177 2618; x_wconf 78' lang='grc' dir='ltr'><strong>ἕτεροι</strong></span> <span class='ocrx_word' id='word_1_293' title='bbox 1239 2550 1468 2618; x_wconf 85' lang='grc' dir='ltr'><strong>ποταμοὶ</strong></span> <span class='ocrx_word' id='word_1_294' title='bbox 1527 2549 1618 2596; x_wconf 83' lang='grc' dir='ltr'>καὶ</span> <span class='ocrx_word' id='word_1_295' title='bbox 1673 2549 1838 2617; x_wconf 82' lang='grc' dir='ltr'><strong>μείζω</strong></span> 
     </span>
    </p>
   </div>
   <div class='ocr_carea' id='block_1_44' title="bbox 227 2633 1834 2707">
    <p class='ocr_par' dir='ltr' id='par_1_44' title="bbox 227 2633 1834 2707">
     <span class='ocr_line' id='line_1_44' title="bbox 227 2633 1834 2707; baseline 0.001 -19"><span class='ocrx_word' id='word_1_296' title='bbox 227 2642 493 2701; x_wconf 83' lang='grc' dir='ltr'><strong>ποιοῦσιν,</strong></span> <span class='ocrx_word' id='word_1_297' title='bbox 525 2633 813 2687; x_wconf 83' lang='grc' dir='ltr'><strong>ἐναλλάττει</strong></span> <span class='ocrx_word' id='word_1_298' title='bbox 847 2641 957 2697; x_wconf 86' lang='grc' dir='ltr'><strong>τοῖς</strong></span> <span class='ocrx_word' id='word_1_299' title='bbox 1006 2642 1327 2707; x_wconf 81' lang='grc' dir='ltr'><strong>παροικοῦσι</strong></span> <span class='ocrx_word' id='word_1_300' title='bbox 1373 2639 1464 2686; x_wconf 81' lang='grc' dir='ltr'><strong>καὶ</strong></span> <span class='ocrx_word' id='word_1_301' title='bbox 1514 2635 1742 2706; x_wconf 78' lang='grc' dir='ltr'><strong>τοῦνομα</strong></span> <span class='ocrx_word' id='word_1_302' title='bbox 1765 2636 1834 2689; x_wconf 74' lang='lat'>99.</span> 
     </span>
    </p>
   </div>
   <div class='ocr_carea' id='block_1_45' title="bbox 231 2718 1839 2796">
    <p class='ocr_par' dir='ltr' id='par_1_45' title="bbox 231 2718 1839 2796">
     <span class='ocr_line' id='line_1_45' title="bbox 231 2718 1839 2796; baseline -0.001 -20"><span class='ocrx_word' id='word_1_303' title='bbox 231 2721 468 2784; x_wconf 71' lang='grc' dir='ltr'>Ἐλήῐζον</span> <span class='ocrx_word' id='word_1_304' title='bbox 495 2718 582 2775; x_wconf 75' lang='grc' dir='ltr'><strong>οὖν</strong></span> <span class='ocrx_word' id='word_1_305' title='bbox 611 2725 677 2775; x_wconf 84' lang='grc' dir='ltr'><strong>τὰ</strong></span> <span class='ocrx_word' id='word_1_306' title='bbox 700 2722 751 2776; x_wconf 82' lang='grc' dir='ltr'><strong>ἐν</strong></span> <span class='ocrx_word' id='word_1_307' title='bbox 777 2719 1081 2796; x_wconf 80' lang='grc' dir='ltr'><strong>Μακεδονίᾳ</strong></span> <span class='ocrx_word' id='word_1_308' title='bbox 1107 2725 1297 2788; x_wconf 89' lang='grc' dir='ltr'><strong>πάντα,</strong></span> <span class='ocrx_word' id='word_1_309' title='bbox 1348 2726 1438 2775; x_wconf 84' lang='grc' dir='ltr'>καὶ</span> <span class='ocrx_word' id='word_1_310' title='bbox 1491 2725 1555 2782; x_wconf 85' lang='grc' dir='ltr'><strong>ὡς</strong></span> <span class='ocrx_word' id='word_1_311' title='bbox 1590 2721 1638 2774; x_wconf 74' lang='grc' dir='ltr'>ἐν</span> <span class='ocrx_word' id='word_1_312' title='bbox 1683 2722 1839 2794; x_wconf 82' lang='grc' dir='ltr'><strong>ὀλίγῳ</strong></span> 
     </span>
    </p>
   </div>
   <div class='ocr_carea' id='block_1_46' title="bbox 232 2810 1840 2887">
    <p class='ocr_par' dir='ltr' id='par_1_46' title="bbox 232 2810 1840 2887">
     <span class='ocr_line' id='line_1_46' title="bbox 232 2810 1840 2887; baseline -0.001 -23"><span class='ocrx_word' id='word_1_313' title='bbox 232 2814 402 2887; x_wconf 83' lang='grc' dir='ltr'><strong>ἔρημα</strong></span> <span class='ocrx_word' id='word_1_314' title='bbox 453 2815 623 2864; x_wconf 84' lang='grc' dir='ltr'><strong>πάντα</strong></span> <span class='ocrx_word' id='word_1_315' title='bbox 673 2820 775 2864; x_wconf 86' lang='grc' dir='ltr'>τῶν</span> <span class='ocrx_word' id='word_1_316' title='bbox 839 2812 1125 2884; x_wconf 79' lang='grc' dir='ltr'><strong>οἰκητόρων</strong></span> <span class='ocrx_word' id='word_1_317' title='bbox 1182 2810 1456 2880; x_wconf 71' lang='grc' dir='ltr'><strong>ἐποίησαν,</strong></span> <span class='ocrx_word' id='word_1_318' title='bbox 1511 2816 1601 2864; x_wconf 83' lang='grc' dir='ltr'><strong>καὶ</strong></span> <span class='ocrx_word' id='word_1_319' title='bbox 1635 2813 1840 2864; x_wconf 84' lang='grc' dir='ltr'><strong>Σκυθῶν</strong></span> 
     </span>
    </p>
   </div>
   <div class='ocr_carea' id='block_1_47' title="bbox 233 2899 1840 2975">
    <p class='ocr_par' dir='ltr' id='par_1_47' title="bbox 233 2899 1840 2975">
     <span class='ocr_line' id='line_1_47' title="bbox 233 2899 1840 2975; baseline 0 -23"><span class='ocrx_word' id='word_1_320' title='bbox 233 2899 455 2974; x_wconf 77' lang='grc' dir='ltr'><strong>ἐρημίαν</strong></span> <span class='ocrx_word' id='word_1_321' title='bbox 506 2903 583 2972; x_wconf 82' lang='grc' dir='ltr'><strong>(τό</strong></span> <span class='ocrx_word' id='word_1_322' title='bbox 639 2910 732 2963; x_wconf 78' lang='grc' dir='ltr'>’ἧς</span> <span class='ocrx_word' id='word_1_323' title='bbox 791 2906 1078 2973; x_wconf 88' lang='grc' dir='ltr'><strong>παροιμίας</strong></span> <span class='ocrx_word' id='word_1_324' title='bbox 1141 2901 1290 2974; x_wconf 77' lang='grc' dir='ltr'><strong>ἐρεῖν)</strong></span> <span class='ocrx_word' id='word_1_325' title='bbox 1358 2902 1747 2975; x_wconf 81' lang='grc' dir='ltr'><strong>ἀπειργάσαντο</strong></span> <span class='ocrx_word' id='word_1_326' title='bbox 1797 2903 1840 2970; x_wconf 74' lang='grc' dir='ltr'>ί,</span> 
     </span>
    </p>
   </div>
   <div class='ocr_carea' id='block_1_48' title="bbox 231 2985 1842 3064">
    <p class='ocr_par' dir='ltr' id='par_1_48' title="bbox 231 2985 1842 3064">
     <span class='ocr_line' id='line_1_48' title="bbox 231 2985 1842 3064; baseline 0.001 -23"><span class='ocrx_word' id='word_1_327' title='bbox 231 2994 324 3041; x_wconf 86' lang='grc' dir='ltr'>καὶ</span> <span class='ocrx_word' id='word_1_328' title='bbox 374 2988 658 3060; x_wconf 85' lang='grc' dir='ltr'><strong>πολιχνίων</strong></span> <span class='ocrx_word' id='word_1_329' title='bbox 709 2985 768 3040; x_wconf 72' lang='grc' dir='ltr'>δὲ</span> <span class='ocrx_word' id='word_1_330' title='bbox 799 2989 969 3041; x_wconf 87' lang='grc' dir='ltr'><strong>ὁπόσα</strong></span> <span class='ocrx_word' id='word_1_331' title='bbox 1007 2991 1250 3064; x_wconf 77' lang='grc' dir='ltr'><strong>ὑπῆρχον</strong></span> <span class='ocrx_word' id='word_1_332' title='bbox 1297 2989 1585 3062; x_wconf 84' lang='grc' dir='ltr'><strong>εύχείρωτα</strong></span> <span class='ocrx_word' id='word_1_333' title='bbox 1637 2989 1842 3062; x_wconf 85' lang='grc' dir='ltr'><strong>πολέμῳ</strong></span> 
     </span>
    </p>
   </div>
   <div class='ocr_carea' id='block_1_49' title="bbox 234 3075 1842 3151">
    <p class='ocr_par' dir='ltr' id='par_1_49' title="bbox 234 3075 1842 3151">
     <span class='ocr_line' id='line_1_49' title="bbox 234 3075 1842 3151; baseline 0.001 -22"><span class='ocrx_word' id='word_1_334' title='bbox 234 3080 606 3149; x_wconf 74' lang='grc' dir='ltr'><strong>περιεγένοντο.</strong></span> <span class='ocrx_word' id='word_1_335' title='bbox 700 3081 800 3130; x_wconf 82' lang='grc' dir='ltr'><strong>Καὶ</strong></span> <span class='ocrx_word' id='word_1_336' title='bbox 881 3075 1168 3151; x_wconf 76' lang='grc' dir='ltr'><strong>ἐφονεύοντο</strong></span> <span class='ocrx_word' id='word_1_337' title='bbox 1245 3081 1334 3150; x_wconf 76' lang='grc' dir='ltr'>μεν</span> <span class='ocrx_word' id='word_1_338' title='bbox 1409 3078 1608 3146; x_wconf 84' lang='grc' dir='ltr'><strong>πολλοὶ,</strong></span> <span class='ocrx_word' id='word_1_339' title='bbox 1682 3078 1842 3132; x_wconf 80' lang='grc' dir='ltr'><strong>ἐσκυ-</strong></span> 
     </span>
    </p>
   </div>
   <div class='ocr_carea' id='block_1_50' title="bbox 234 3161 1840 3241">
    <p class='ocr_par' dir='ltr' id='par_1_50' title="bbox 234 3161 1840 3241">
     <span class='ocr_line' id='line_1_50' title="bbox 234 3161 1840 3241; baseline 0.002 -24"><span class='ocrx_word' id='word_1_340' title='bbox 234 3164 441 3218; x_wconf 87' lang='grc' dir='ltr'><strong>λεύοντο</strong></span> <span class='ocrx_word' id='word_1_341' title='bbox 477 3161 536 3218; x_wconf 79' lang='grc' dir='ltr'><strong>δὲ</strong></span> <span class='ocrx_word' id='word_1_342' title='bbox 587 3166 772 3226; x_wconf 84' lang='grc' dir='ltr'><strong>πάντες</strong></span> <span class='ocrx_word' id='word_1_343' title='bbox 825 3173 916 3220; x_wconf 78' lang='grc' dir='ltr'><strong>καὶ</strong></span> <span class='ocrx_word' id='word_1_344' title='bbox 971 3166 1398 3240; x_wconf 74' lang='grc' dir='ltr'><strong>ᾐχμαλωτίζοντο</strong></span> <span class='ocrx_word' id='word_1_345' title='bbox 1451 3173 1540 3221; x_wconf 82' lang='grc' dir='ltr'>καὶ</span> <span class='ocrx_word' id='word_1_346' title='bbox 1590 3166 1840 3241; x_wconf 80' lang='grc' dir='ltr'><strong>ἀπημπο-</strong></span> 
     </span>
    </p>
   </div>
   <div class='ocr_carea' id='block_1_51' title="bbox 231 3252 1839 3332">
    <p class='ocr_par' dir='ltr' id='par_1_51' title="bbox 231 3252 1839 3332">
     <span class='ocr_line' id='line_1_51' title="bbox 231 3252 1839 3332; baseline 0.002 -25"><span class='ocrx_word' id='word_1_347' title='bbox 231 3253 414 3307; x_wconf 82' lang='grc' dir='ltr'><strong>λοῦντο</strong></span> <span class='ocrx_word' id='word_1_348' title='bbox 464 3252 514 3305; x_wconf 80' lang='grc' dir='ltr'><strong>ἐν</strong></span> <span class='ocrx_word' id='word_1_349' title='bbox 559 3261 670 3316; x_wconf 86' lang='grc' dir='ltr'><strong>τοῖς</strong></span> <span class='ocrx_word' id='word_1_350' title='bbox 719 3256 959 3328; x_wconf 81' lang='grc' dir='ltr'><strong>μείζοσιν</strong></span> <span class='ocrx_word' id='word_1_351' title='bbox 1006 3257 1242 3324; x_wconf 79' lang='grc' dir='ltr'><strong>ἄστεσιν,</strong></span> <span class='ocrx_word' id='word_1_352' title='bbox 1295 3257 1400 3309; x_wconf 86' lang='grc' dir='ltr'><strong>οἷον</strong></span> <span class='ocrx_word' id='word_1_353' title='bbox 1447 3265 1509 3330; x_wconf 72' lang='grc' dir='ltr'>τῇ</span> <span class='ocrx_word' id='word_1_354' title='bbox 1566 3259 1588 3292; x_wconf 82' lang='grc'>²</span> <span class='ocrx_word' id='word_1_355' title='bbox 1629 3254 1839 3332; x_wconf 86' lang='grc' dir='ltr'><strong>Ἀδρια-</strong></span> 
     </span>
    </p>
   </div>
   <div class='ocr_carea' id='block_1_52' title="bbox 307 3343 1575 3418">
    <p class='ocr_par' dir='ltr' id='par_1_52' title="bbox 307 3343 1575 3418">
     <span class='ocr_line' id='line_1_52' title="bbox 307 3343 1575 3418; baseline 0.005 -22"><span class='ocrx_word' id='word_1_356' title='bbox 307 3343 356 3378; x_wconf 73' lang='lat'><strong><em>9‘</em></strong></span> <span class='ocrx_word' id='word_1_357' title='bbox 377 3346 527 3418; x_wconf 73' lang='grc' dir='ltr'><strong>ἔσται</strong></span> <span class='ocrx_word' id='word_1_358' title='bbox 560 3346 688 3418; x_wconf 72' lang='grc' dir='ltr'>Θερς</span> <span class='ocrx_word' id='word_1_359' title='bbox 717 3348 1102 3418; x_wconf 35' lang='grc' dir='ltr'><strong>τιμωρόςηΚαὶ</strong></span> <span class='ocrx_word' id='word_1_360' title='bbox 1187 3344 1476 3418; x_wconf 66' lang='grc' dir='ltr'><strong>Ιξούλγαρος</strong></span> <span class='ocrx_word' id='word_1_361' title='bbox 1509 3349 1575 3401; x_wconf 90' lang='lat' dir='ltr'>D.</span> 
     </span>
    </p>
   </div>
   <div class='ocr_carea' id='block_1_53' title="bbox 1655 3347 2770 3420">
    <p class='ocr_par' dir='ltr' id='par_1_53' title="bbox 1655 3347 2770 3420">
     <span class='ocr_line' id='line_1_53' title="bbox 1655 3347 2770 3420; baseline 0 -22"><span class='ocrx_word' id='word_1_362' title='bbox 1655 3347 1703 3382; x_wconf 67' lang='lat'>95</span> <span class='ocrx_word' id='word_1_363' title='bbox 1750 3351 1840 3398; x_wconf 85' lang='grc' dir='ltr'>καὶ</span> <span class='ocrx_word' id='word_1_364' title='bbox 1868 3348 2211 3420; x_wconf 79' lang='grc' dir='ltr'><strong>πενθερᾶς-</strong></span> <span class='ocrx_word' id='word_1_365' title='bbox 2241 3350 2520 3420; x_wconf 84' lang='grc' dir='ltr'><strong>χωρισμόν</strong></span> <span class='ocrx_word' id='word_1_366' title='bbox 2552 3361 2673 3402; x_wconf 89' lang='lat' dir='ltr'>om.</span> <span class='ocrx_word' id='word_1_367' title='bbox 2708 3347 2770 3401; x_wconf 91' lang='lat' dir='ltr'>D.</span> 
     </span>
    </p>
   </div>
   <div class='ocr_carea' id='block_1_54' title="bbox 237 3411 2932 3491">
    <p class='ocr_par' dir='ltr' id='par_1_54' title="bbox 237 3411 2932 3491">
     <span class='ocr_line' id='line_1_54' title="bbox 237 3411 2932 3491; baseline 0 -24"><span class='ocrx_word' id='word_1_368' title='bbox 237 3413 371 3467; x_wconf 87' lang='grc' dir='ltr'>εἰ-</span> <span class='ocrx_word' id='word_1_369' title='bbox 405 3411 803 3491; x_wconf 65' lang='grc' dir='ltr'><strong>διαπράξασθαι</strong></span> <span class='ocrx_word' id='word_1_370' title='bbox 819 3411 942 3471; x_wconf 74' lang='grc' dir='ltr'><strong>όω.</strong></span> <span class='ocrx_word' id='word_1_371' title='bbox 973 3417 1039 3474; x_wconf 90' lang='lat' dir='ltr'>D.</span> <span class='ocrx_word' id='word_1_372' title='bbox 1075 3488 1084 3491; x_wconf 92' lang='lat'><em>_</em></span> <span class='ocrx_word' id='word_1_373' title='bbox 1115 3416 1164 3452; x_wconf 73' lang='grc'>⁸⁸</span> <span class='ocrx_word' id='word_1_374' title='bbox 1192 3411 1602 3491; x_wconf 66' lang='grc' dir='ltr'><strong>διαπεράσαντες</strong></span> <span class='ocrx_word' id='word_1_375' title='bbox 1631 3422 1725 3491; x_wconf 52' lang='grc' dir='ltr'>καί</span> <span class='ocrx_word' id='word_1_376' title='bbox 1769 3420 1858 3469; x_wconf 89' lang='grc' dir='ltr'><strong>τὸν</strong></span> <span class='ocrx_word' id='word_1_377' title='bbox 1901 3411 2066 3490; x_wconf 78' lang='grc' dir='ltr'><strong>Αἶμον</strong></span> <span class='ocrx_word' id='word_1_378' title='bbox 2098 3411 2562 3490; x_wconf 70' lang='grc' dir='ltr'><strong>ὑπερπηδήσαντες</strong></span> <span class='ocrx_word' id='word_1_379' title='bbox 2617 3421 2812 3478; x_wconf 81' lang='grc' dir='ltr'><strong>τέκνοις</strong></span> <span class='ocrx_word' id='word_1_380' title='bbox 2868 3419 2932 3473; x_wconf 90' lang='lat' dir='ltr'>D.</span> 
     </span>
    </p>
   </div>
   <div class='ocr_carea' id='block_1_55' title="bbox 235 3484 3034 3563">
    <p class='ocr_par' dir='ltr' id='par_1_55' title="bbox 235 3484 3034 3563">
     <span class='ocr_line' id='line_1_55' title="bbox 235 3484 3034 3563; baseline 0.003 -26"><span class='ocrx_word' id='word_1_381' title='bbox 235 3515 308 3528; x_wconf 89' lang='lat'><strong><em>—</em></strong></span> <span class='ocrx_word' id='word_1_382' title='bbox 334 3484 588 3560; x_wconf 80' lang='grc' dir='ltr'><strong>τοῦνομα]</strong></span> <span class='ocrx_word' id='word_1_383' title='bbox 618 3493 738 3560; x_wconf 83' lang='grc' dir='ltr'><strong>περι</strong></span> <span class='ocrx_word' id='word_1_384' title='bbox 768 3491 864 3546; x_wconf 78' lang='grc' dir='ltr'><strong>τὴν</strong></span> <span class='ocrx_word' id='word_1_385' title='bbox 891 3488 1165 3563; x_wconf 80' lang='grc' dir='ltr'><strong>Μαρίτζαν</strong></span> <span class='ocrx_word' id='word_1_386' title='bbox 1196 3488 1260 3544; x_wconf 90' lang='lat' dir='ltr'>D.</span> <span class='ocrx_word' id='word_1_387' title='bbox 1339 3484 1360 3524; x_wconf 63' lang='grc' dir='ltr'>ί</span> <span class='ocrx_word' id='word_1_388' title='bbox 1389 3493 1480 3541; x_wconf 78' lang='grc' dir='ltr'>καὶ</span> <span class='ocrx_word' id='word_1_389' title='bbox 1509 3491 1580 3551; x_wconf 82' lang='grc' dir='ltr'><strong>ὡς</strong></span> <span class='ocrx_word' id='word_1_390' title='bbox 1603 3519 1675 3530; x_wconf 88' lang='grc'><strong>-</strong></span> <span class='ocrx_word' id='word_1_391' title='bbox 1704 3484 2090 3562; x_wconf 83' lang='grc' dir='ltr'><strong>ἀπειργάσαντο</strong></span> <span class='ocrx_word' id='word_1_392' title='bbox 2119 3484 2246 3546; x_wconf 70' lang='lat' dir='ltr'>Otii.</span> <span class='ocrx_word' id='word_1_393' title='bbox 2286 3492 2354 3545; x_wconf 89' lang='lat' dir='ltr'>D.</span> <span class='ocrx_word' id='word_1_394' title='bbox 2429 3491 2451 3525; x_wconf 86' lang='grc'>²</span> <span class='ocrx_word' id='word_1_395' title='bbox 2481 3495 2591 3549; x_wconf 87' lang='grc' dir='ltr'><strong>τοῖς</strong></span> <span class='ocrx_word' id='word_1_396' title='bbox 2619 3519 2692 3530; x_wconf 91' lang='grc'><strong><em>-</em></strong></span> <span class='ocrx_word' id='word_1_397' title='bbox 2717 3496 2780 3562; x_wconf 70' lang='grc' dir='ltr'><strong>τῇ</strong></span> <span class='ocrx_word' id='word_1_398' title='bbox 2813 3503 2934 3544; x_wconf 90' lang='lat' dir='ltr'>om.</span> <span class='ocrx_word' id='word_1_399' title='bbox 2965 3490 3034 3544; x_wconf 80' lang='grc' dir='ltr'>Β.</span> 
     </span>
    </p>
   </div>
   <div class='ocr_carea' id='block_1_56' title="bbox 1945 1829 3602 1903">
    <p class='ocr_par' dir='ltr' id='par_1_56' title="bbox 1945 1829 3602 1903">
     <span class='ocr_line' id='line_1_56' title="bbox 1945 1829 3602 1903; baseline 0.002 -17"><span class='ocrx_word' id='word_1_400' title='bbox 1945 1834 2245 1902; x_wconf 88' lang='lat' dir='ltr'>superato,</span> <span class='ocrx_word' id='word_1_401' title='bbox 2284 1829 2639 1887; x_wconf 83' lang='lat' dir='ltr'>Macedoniae</span> <span class='ocrx_word' id='word_1_402' title='bbox 2663 1829 2797 1887; x_wconf 90' lang='lat' dir='ltr'>loca</span> <span class='ocrx_word' id='word_1_403' title='bbox 2843 1835 3251 1903; x_wconf 88' lang='lat' dir='ltr'>occuparunt:</span> <span class='ocrx_word' id='word_1_404' title='bbox 3309 1831 3410 1886; x_wconf 86' lang='lat' dir='ltr'>alii</span> <span class='ocrx_word' id='word_1_405' title='bbox 3445 1831 3602 1889; x_wconf 85' lang='lat' dir='ltr'>circa</span> 
     </span>
    </p>
   </div>
   <div class='ocr_carea' id='block_1_57' title="bbox 1946 1919 3602 1992">
    <p class='ocr_par' dir='ltr' id='par_1_57' title="bbox 1946 1919 3602 1992">
     <span class='ocr_line' id='line_1_57' title="bbox 1946 1919 3602 1992; baseline 0 -16"><span class='ocrx_word' id='word_1_406' title='bbox 1946 1920 2200 1976; x_wconf 80' lang='lat' dir='ltr'>Hebrum</span> <span class='ocrx_word' id='word_1_407' title='bbox 2225 1925 2281 1976; x_wconf 92' lang='lat' dir='ltr'>et</span> <span class='ocrx_word' id='word_1_408' title='bbox 2301 1926 2568 1992; x_wconf 66' lang='lat' dir='ltr'>aequatas</span> <span class='ocrx_word' id='word_1_409' title='bbox 2587 1919 2714 1990; x_wconf 88' lang='lat' dir='ltr'>agri</span> <span class='ocrx_word' id='word_1_410' title='bbox 2740 1919 3014 1992; x_wconf 88' lang='lat' dir='ltr'>planities</span> <span class='ocrx_word' id='word_1_411' title='bbox 3035 1919 3223 1975; x_wconf 87' lang='lat' dir='ltr'>victus</span> <span class='ocrx_word' id='word_1_412' title='bbox 3245 1920 3360 1976; x_wconf 91' lang='lat' dir='ltr'>sibi</span> <span class='ocrx_word' id='word_1_413' title='bbox 3380 1936 3602 1992; x_wconf 88' lang='lat' dir='ltr'>suppe-</span> 
     </span>
    </p>
   </div>
   <div class='ocr_carea' id='block_1_58' title="bbox 1943 2008 3604 2081">
    <p class='ocr_par' dir='ltr' id='par_1_58' title="bbox 1943 2008 3604 2081">
     <span class='ocr_line' id='line_1_58' title="bbox 1943 2008 3604 2081; baseline 0.001 -16"><span class='ocrx_word' id='word_1_414' title='bbox 1943 2010 2156 2078; x_wconf 89' lang='lat' dir='ltr'>ditant,</span> <span class='ocrx_word' id='word_1_415' title='bbox 2215 2009 2316 2065; x_wconf 88' lang='lat' dir='ltr'>alii</span> <span class='ocrx_word' id='word_1_416' title='bbox 2363 2010 2424 2064; x_wconf 88' lang='lat' dir='ltr'>in</span> <span class='ocrx_word' id='word_1_417' title='bbox 2474 2009 2610 2065; x_wconf 90' lang='lat' dir='ltr'>loca</span> <span class='ocrx_word' id='word_1_418' title='bbox 2655 2008 2955 2076; x_wconf 83' lang='lat' dir='ltr'>inferiora,</span> <span class='ocrx_word' id='word_1_419' title='bbox 3006 2015 3063 2066; x_wconf 91' lang='lat' dir='ltr'>et</span> <span class='ocrx_word' id='word_1_420' title='bbox 3118 2010 3371 2065; x_wconf 88' lang='lat' dir='ltr'>ﬂuvium</span> <span class='ocrx_word' id='word_1_421' title='bbox 3419 2025 3604 2081; x_wconf 90' lang='lat' dir='ltr'>quem</span> 
     </span>
    </p>
   </div>
   <div class='ocr_carea' id='block_1_59' title="bbox 1938 2097 3603 2177">
    <p class='ocr_par' dir='ltr' id='par_1_59' title="bbox 1938 2097 3603 2177">
     <span class='ocr_line' id='line_1_59' title="bbox 1938 2097 3603 2177; baseline 0 -22"><span class='ocrx_word' id='word_1_422' title='bbox 1938 2099 2287 2177; x_wconf 71' lang='lat' dir='ltr'>pommunis</span> <span class='ocrx_word' id='word_1_423' title='bbox 2333 2097 2562 2169; x_wconf 88' lang='lat' dir='ltr'>lingua,</span> <span class='ocrx_word' id='word_1_424' title='bbox 2612 2104 2678 2154; x_wconf 89' lang='lat' dir='ltr'>ut</span> <span class='ocrx_word' id='word_1_425' title='bbox 2707 2098 2994 2168; x_wconf 84' lang='lat' dir='ltr'>diximus,</span> <span class='ocrx_word' id='word_1_426' title='bbox 3039 2099 3339 2156; x_wconf 85' lang='lat' dir='ltr'>Maritzam</span> <span class='ocrx_word' id='word_1_427' title='bbox 3388 2114 3603 2155; x_wconf 87' lang='lat' dir='ltr'>vocare</span> 
     </span>
    </p>
   </div>
   <div class='ocr_carea' id='block_1_60' title="bbox 1945 2187 3605 2260">
    <p class='ocr_par' dir='ltr' id='par_1_60' title="bbox 1945 2187 3605 2260">
     <span class='ocr_line' id='line_1_60' title="bbox 1945 2187 3605 2260; baseline 0.001 -17"><span class='ocrx_word' id='word_1_428' title='bbox 1945 2188 2110 2259; x_wconf 88' lang='lat' dir='ltr'>solet,</span> <span class='ocrx_word' id='word_1_429' title='bbox 2139 2187 2508 2258; x_wconf 86' lang='lat' dir='ltr'>deferuntur,</span> <span class='ocrx_word' id='word_1_430' title='bbox 2543 2187 2770 2243; x_wconf 84' lang='lat' dir='ltr'>Hebrus</span> <span class='ocrx_word' id='word_1_431' title='bbox 2819 2203 3084 2260; x_wconf 88' lang='lat' dir='ltr'>namque</span> <span class='ocrx_word' id='word_1_432' title='bbox 3123 2205 3185 2244; x_wconf 91' lang='lat' dir='ltr'>re</span> <span class='ocrx_word' id='word_1_433' title='bbox 3247 2193 3305 2244; x_wconf 93' lang='lat' dir='ltr'>et</span> <span class='ocrx_word' id='word_1_434' title='bbox 3359 2188 3605 2246; x_wconf 89' lang='lat' dir='ltr'>nomine</span> 
     </span>
    </p>
   </div>
   <div class='ocr_carea' id='block_1_61' title="bbox 1945 2277 3603 2350">
    <p class='ocr_par' dir='ltr' id='par_1_61' title="bbox 1945 2277 3603 2350">
     <span class='ocr_line' id='line_1_61' title="bbox 1945 2277 3603 2350; baseline 0 -17"><span class='ocrx_word' id='word_1_435' title='bbox 1945 2293 2138 2349; x_wconf 89' lang='lat' dir='ltr'>usque</span> <span class='ocrx_word' id='word_1_436' title='bbox 2162 2277 2441 2333; x_wconf 81' lang='lat' dir='ltr'>Haemum</span> <span class='ocrx_word' id='word_1_437' title='bbox 2457 2277 2728 2342; x_wconf 87' lang='lat' dir='ltr'>excurrit,</span> <span class='ocrx_word' id='word_1_438' title='bbox 2768 2277 3028 2349; x_wconf 90' lang='lat' dir='ltr'>indeque</span> <span class='ocrx_word' id='word_1_439' title='bbox 3050 2277 3109 2332; x_wconf 89' lang='lat' dir='ltr'>in</span> <span class='ocrx_word' id='word_1_440' title='bbox 3142 2277 3417 2348; x_wconf 63' lang='lat' dir='ltr'>IEgaaum</span> <span class='ocrx_word' id='word_1_441' title='bbox 3444 2277 3603 2350; x_wconf 81' lang='lat' dir='ltr'>pela-</span> 
     </span>
    </p>
   </div>
   <div class='ocr_carea' id='block_1_62' title="bbox 1945 2365 3606 2439">
    <p class='ocr_par' dir='ltr' id='par_1_62' title="bbox 1945 2365 3606 2439">
     <span class='ocr_line' id='line_1_62' title="bbox 1945 2365 3606 2439; baseline 0 -17"><span class='ocrx_word' id='word_1_442' title='bbox 1945 2382 2057 2438; x_wconf 90' lang='lat' dir='ltr'>gus</span> <span class='ocrx_word' id='word_1_443' title='bbox 2081 2365 2488 2432; x_wconf 87' lang='lat' dir='ltr'>inﬂuit.0uod</span> <span class='ocrx_word' id='word_1_444' title='bbox 2516 2381 2657 2422; x_wconf 83' lang='lat' dir='ltr'>vero</span> <span class='ocrx_word' id='word_1_445' title='bbox 2687 2366 2746 2421; x_wconf 90' lang='lat' dir='ltr'>in</span> <span class='ocrx_word' id='word_1_446' title='bbox 2776 2382 2915 2422; x_wconf 90' lang='lat' dir='ltr'>eum</span> <span class='ocrx_word' id='word_1_447' title='bbox 2955 2365 3053 2422; x_wconf 91' lang='lat' dir='ltr'>alii</span> <span class='ocrx_word' id='word_1_448' title='bbox 3079 2366 3245 2421; x_wconf 89' lang='lat' dir='ltr'>ﬂuvii</span> <span class='ocrx_word' id='word_1_449' title='bbox 3265 2367 3606 2439; x_wconf 82' lang='lat' dir='ltr'>ingrediun-</span> 
     </span>
    </p>
   </div>
   <div class='ocr_carea' id='block_1_63' title="bbox 1947 2455 3608 2523">
    <p class='ocr_par' dir='ltr' id='par_1_63' title="bbox 1947 2455 3608 2523">
     <span class='ocr_line' id='line_1_63' title="bbox 1947 2455 3608 2523; baseline 0.001 -12"><span class='ocrx_word' id='word_1_450' title='bbox 1947 2461 2041 2512; x_wconf 89' lang='lat' dir='ltr'>tur</span> <span class='ocrx_word' id='word_1_451' title='bbox 2085 2460 2141 2511; x_wconf 86' lang='lat' dir='ltr'>et</span> <span class='ocrx_word' id='word_1_452' title='bbox 2178 2456 2506 2511; x_wconf 90' lang='lat' dir='ltr'>auctiorem</span> <span class='ocrx_word' id='word_1_453' title='bbox 2545 2455 2824 2522; x_wconf 90' lang='lat' dir='ltr'>reddunt,</span> <span class='ocrx_word' id='word_1_454' title='bbox 2856 2455 3106 2511; x_wconf 86' lang='lat' dir='ltr'>nomina</span> <span class='ocrx_word' id='word_1_455' title='bbox 3132 2455 3496 2523; x_wconf 89' lang='lat' dir='ltr'>accolarum,</span> <span class='ocrx_word' id='word_1_456' title='bbox 3523 2455 3608 2512; x_wconf 86' lang='lat' dir='ltr'>uti</span> 
     </span>
    </p>
   </div>
   <div class='ocr_carea' id='block_1_64' title="bbox 1949 2543 3606 2616">
    <p class='ocr_par' dir='ltr' id='par_1_64' title="bbox 1949 2543 3606 2616">
     <span class='ocr_line' id='line_1_64' title="bbox 1949 2543 3606 2616; baseline 0.001 -17"><span class='ocrx_word' id='word_1_457' title='bbox 1949 2560 2080 2601; x_wconf 91' lang='lat' dir='ltr'>sese</span> <span class='ocrx_word' id='word_1_458' title='bbox 2107 2543 2383 2609; x_wconf 86' lang='lat' dir='ltr'>oﬂerunt,</span> <span class='ocrx_word' id='word_1_459' title='bbox 2407 2543 2618 2599; x_wconf 88' lang='lat' dir='ltr'>induit.</span> <span class='ocrx_word' id='word_1_460' title='bbox 2646 2543 2948 2616; x_wconf 88' lang='lat' dir='ltr'>Diripuere</span> <span class='ocrx_word' id='word_1_461' title='bbox 2987 2544 3190 2616; x_wconf 91' lang='lat' dir='ltr'>itaque</span> <span class='ocrx_word' id='word_1_462' title='bbox 3238 2545 3445 2600; x_wconf 89' lang='lat' dir='ltr'>omnia</span> <span class='ocrx_word' id='word_1_463' title='bbox 3469 2559 3606 2616; x_wconf 64' lang='lat' dir='ltr'>quae</span> 
     </span>
    </p>
   </div>
   <div class='ocr_carea' id='block_1_65' title="bbox 1947 2632 3608 2706">
    <p class='ocr_par' dir='ltr' id='par_1_65' title="bbox 1947 2632 3608 2706">
     <span class='ocr_line' id='line_1_65' title="bbox 1947 2632 3608 2706; baseline -0.001 -16"><span class='ocrx_word' id='word_1_464' title='bbox 1947 2634 2010 2690; x_wconf 90' lang='lat' dir='ltr'>in</span> <span class='ocrx_word' id='word_1_465' title='bbox 2062 2632 2411 2690; x_wconf 84' lang='lat' dir='ltr'>Macedonia</span> <span class='ocrx_word' id='word_1_466' title='bbox 2484 2637 2674 2700; x_wconf 87' lang='lat' dir='ltr'>erant,</span> <span class='ocrx_word' id='word_1_467' title='bbox 2736 2632 2889 2688; x_wconf 85' lang='lat' dir='ltr'>adeo</span> <span class='ocrx_word' id='word_1_468' title='bbox 2940 2637 3000 2689; x_wconf 91' lang='lat' dir='ltr'>ut</span> <span class='ocrx_word' id='word_1_469' title='bbox 3042 2633 3296 2689; x_wconf 88' lang='lat' dir='ltr'>minimo</span> <span class='ocrx_word' id='word_1_470' title='bbox 3342 2639 3608 2706; x_wconf 88' lang='lat' dir='ltr'>tempore</span> 
     </span>
    </p>
   </div>
   <div class='ocr_carea' id='block_1_66' title="bbox 1949 2721 3609 2794">
    <p class='ocr_par' dir='ltr' id='par_1_66' title="bbox 1949 2721 3609 2794">
     <span class='ocr_line' id='line_1_66' title="bbox 1949 2721 3609 2794; baseline 0 -16"><span class='ocrx_word' id='word_1_471' title='bbox 1949 2723 2229 2778; x_wconf 88' lang='lat' dir='ltr'>universa</span> <span class='ocrx_word' id='word_1_472' title='bbox 2250 2721 2578 2778; x_wconf 88' lang='lat' dir='ltr'>cultoribus</span> <span class='ocrx_word' id='word_1_473' title='bbox 2605 2721 3262 2794; x_wconf 89' lang='lat' dir='ltr'>spoliatadesolaretur,</span> <span class='ocrx_word' id='word_1_474' title='bbox 3291 2728 3348 2778; x_wconf 94' lang='lat' dir='ltr'>et</span> <span class='ocrx_word' id='word_1_475' title='bbox 3364 2723 3609 2794; x_wconf 84' lang='lat' dir='ltr'>Scytha-</span> 
     </span>
    </p>
   </div>
   <div class='ocr_carea' id='block_1_67' title="bbox 1946 2811 3607 2884">
    <p class='ocr_par' dir='ltr' id='par_1_67' title="bbox 1946 2811 3607 2884">
     <span class='ocr_line' id='line_1_67' title="bbox 1946 2811 3607 2884; baseline -0.002 -16"><span class='ocrx_word' id='word_1_476' title='bbox 1946 2829 2084 2868; x_wconf 91' lang='lat' dir='ltr'>rum</span> <span class='ocrx_word' id='word_1_477' title='bbox 2119 2813 2233 2884; x_wconf 82' lang='lat'>59</span> <span class='ocrx_word' id='word_1_478' title='bbox 2267 2811 2545 2878; x_wconf 91' lang='lat' dir='ltr'>solitudo,</span> <span class='ocrx_word' id='word_1_479' title='bbox 2575 2815 2636 2866; x_wconf 88' lang='lat' dir='ltr'>ut</span> <span class='ocrx_word' id='word_1_480' title='bbox 2656 2811 2974 2884; x_wconf 89' lang='lat' dir='ltr'>proverbio</span> <span class='ocrx_word' id='word_1_481' title='bbox 2996 2811 3229 2880; x_wconf 85' lang='lat' dir='ltr'>dicitur,</span> <span class='ocrx_word' id='word_1_482' title='bbox 3253 2811 3607 2868; x_wconf 82' lang='lat' dir='ltr'>efﬁceretur.</span> 
     </span>
    </p>
   </div>
   <div class='ocr_carea' id='block_1_68' title="bbox 1951 2900 3609 2974">
    <p class='ocr_par' dir='ltr' id='par_1_68' title="bbox 1951 2900 3609 2974">
     <span class='ocr_line' id='line_1_68' title="bbox 1951 2900 3609 2974; baseline 0.001 -16"><span class='ocrx_word' id='word_1_483' title='bbox 1951 2901 2263 2974; x_wconf 91' lang='lat' dir='ltr'>Oppidulis</span> <span class='ocrx_word' id='word_1_484' title='bbox 2328 2900 2468 2956; x_wconf 90' lang='lat' dir='ltr'>item</span> <span class='ocrx_word' id='word_1_485' title='bbox 2512 2907 2691 2972; x_wconf 88' lang='lat' dir='ltr'>captu</span> <span class='ocrx_word' id='word_1_486' title='bbox 2759 2900 3032 2956; x_wconf 82' lang='lat' dir='ltr'>facilibus</span> <span class='ocrx_word' id='word_1_487' title='bbox 3086 2900 3242 2957; x_wconf 92' lang='lat' dir='ltr'>bello</span> <span class='ocrx_word' id='word_1_488' title='bbox 3307 2917 3429 2957; x_wconf 90' lang='lat' dir='ltr'>non</span> <span class='ocrx_word' id='word_1_489' title='bbox 3478 2902 3609 2960; x_wconf 82' lang='lat' dir='ltr'>sine</span> 
     </span>
    </p>
   </div>
   <div class='ocr_carea' id='block_1_69' title="bbox 1952 2989 3610 3063">
    <p class='ocr_par' dir='ltr' id='par_1_69' title="bbox 1952 2989 3610 3063">
     <span class='ocr_line' id='line_1_69' title="bbox 1952 2989 3610 3063; baseline 0.001 -18"><span class='ocrx_word' id='word_1_490' title='bbox 1952 2990 2282 3046; x_wconf 88' lang='lat' dir='ltr'>multorum</span> <span class='ocrx_word' id='word_1_491' title='bbox 2327 2995 2523 3061; x_wconf 88' lang='lat' dir='ltr'>strage</span> <span class='ocrx_word' id='word_1_492' title='bbox 2573 2989 2738 3061; x_wconf 84' lang='lat' dir='ltr'>potiti</span> <span class='ocrx_word' id='word_1_493' title='bbox 2787 2995 2925 3045; x_wconf 91' lang='lat' dir='ltr'>sunt</span> <span class='ocrx_word' id='word_1_494' title='bbox 2954 3008 2965 3045; x_wconf 89' lang='lat'>:</span> <span class='ocrx_word' id='word_1_495' title='bbox 2996 2990 3221 3061; x_wconf 66' lang='lat' dir='ltr'>rapinis</span> <span class='ocrx_word' id='word_1_496' title='bbox 3257 3007 3327 3046; x_wconf 91' lang='lat' dir='ltr'>ac</span> <span class='ocrx_word' id='word_1_497' title='bbox 3356 2990 3610 3063; x_wconf 86' lang='lat' dir='ltr'>pOpula-</span> 
     </span>
    </p>
   </div>
   <div class='ocr_carea' id='block_1_70' title="bbox 1873 3077 3610 3177">
    <p class='ocr_par' dir='ltr' id='par_1_70' title="bbox 1873 3077 3610 3177">
     <span class='ocr_line' id='line_1_70' title="bbox 1873 3077 3610 3177; baseline 0.001 -42"><span class='ocrx_word' id='word_1_498' title='bbox 1873 3120 1914 3177; x_wconf 65' lang='grc' dir='ltr'>Ο</span> <span class='ocrx_word' id='word_1_499' title='bbox 1951 3077 2216 3136; x_wconf 85' lang='lat' dir='ltr'>tionibus</span> <span class='ocrx_word' id='word_1_500' title='bbox 2246 3079 2455 3134; x_wconf 89' lang='lat' dir='ltr'>omnia</span> <span class='ocrx_word' id='word_1_501' title='bbox 2484 3084 2716 3135; x_wconf 88' lang='lat' dir='ltr'>vastata</span> <span class='ocrx_word' id='word_1_502' title='bbox 2758 3078 2902 3147; x_wconf 87' lang='lat' dir='ltr'>;viri</span> <span class='ocrx_word' id='word_1_503' title='bbox 2933 3079 2995 3134; x_wconf 91' lang='lat' dir='ltr'>in</span> <span class='ocrx_word' id='word_1_504' title='bbox 3035 3079 3378 3136; x_wconf 86' lang='lat' dir='ltr'>servitutem</span> <span class='ocrx_word' id='word_1_505' title='bbox 3417 3080 3610 3136; x_wconf 89' lang='lat' dir='ltr'>abacti</span> 
     </span>
    </p>
   </div>
   <div class='ocr_carea' id='block_1_71' title="bbox 1953 3167 3609 3241">
    <p class='ocr_par' dir='ltr' id='par_1_71' title="bbox 1953 3167 3609 3241">
     <span class='ocr_line' id='line_1_71' title="bbox 1953 3167 3609 3241; baseline 0 -16"><span class='ocrx_word' id='word_1_506' title='bbox 1953 3169 2014 3226; x_wconf 91' lang='lat' dir='ltr'>in</span> <span class='ocrx_word' id='word_1_507' title='bbox 2041 3167 2373 3240; x_wconf 87' lang='lat' dir='ltr'>majoribus</span> <span class='ocrx_word' id='word_1_508' title='bbox 2406 3167 2682 3236; x_wconf 90' lang='lat' dir='ltr'>urbibus,</span> <span class='ocrx_word' id='word_1_509' title='bbox 2704 3167 3110 3241; x_wconf 84' lang='lat' dir='ltr'>Adrianopoli,</span> <span class='ocrx_word' id='word_1_510' title='bbox 3136 3167 3609 3241; x_wconf 77' lang='lat' dir='ltr'>Didymotcecho,</span> 
     </span>
    </p>
   </div>
   <div class='ocr_carea' id='block_1_72' title="bbox 1948 3251 3612 3330">
    <p class='ocr_par' dir='ltr' id='par_1_72' title="bbox 1948 3251 3612 3330">
     <span class='ocr_line' id='line_1_72' title="bbox 1948 3251 3612 3330; baseline 0.001 -18"><span class='ocrx_word' id='word_1_511' title='bbox 1948 3251 2150 3329; x_wconf 84' lang='lat' dir='ltr'>Bizya,</span> <span class='ocrx_word' id='word_1_512' title='bbox 2199 3256 2536 3330; x_wconf 89' lang='lat' dir='ltr'>Calliupoli,</span> <span class='ocrx_word' id='word_1_513' title='bbox 2589 3262 2646 3313; x_wconf 90' lang='lat' dir='ltr'>et</span> <span class='ocrx_word' id='word_1_514' title='bbox 2696 3257 2748 3313; x_wconf 91' lang='lat' dir='ltr'>si</span> <span class='ocrx_word' id='word_1_515' title='bbox 2774 3273 2912 3330; x_wconf 68' lang='lat' dir='ltr'>qua:</span> <span class='ocrx_word' id='word_1_516' title='bbox 2953 3257 3071 3314; x_wconf 88' lang='lat' dir='ltr'>alia</span> <span class='ocrx_word' id='word_1_517' title='bbox 3120 3261 3246 3314; x_wconf 93' lang='lat' dir='ltr'>erat</span> <span class='ocrx_word' id='word_1_518' title='bbox 3296 3273 3612 3314; x_wconf 87' lang='lat' dir='ltr'>murorum</span> 
     </span>
    </p>
   </div>
   <div class='ocr_carea' id='block_1_73' title="bbox 2849 3345 3608 3409">
    <p class='ocr_par' dir='ltr' id='par_1_73' title="bbox 2849 3345 3608 3409">
     <span class='ocr_line' id='line_1_73' title="bbox 2849 3345 3608 3409; baseline 0.004 -11"><span class='ocrx_word' id='word_1_519' title='bbox 2849 3346 2896 3381; x_wconf 72' lang='grc'>9⁸</span> <span class='ocrx_word' id='word_1_520' title='bbox 2921 3353 3016 3409; x_wconf 85' lang='grc' dir='ltr'><strong>τῆς</strong></span> <span class='ocrx_word' id='word_1_521' title='bbox 3046 3378 3118 3388; x_wconf 90' lang='grc'><strong><em>-</em></strong></span> <span class='ocrx_word' id='word_1_522' title='bbox 3145 3350 3233 3398; x_wconf 84' lang='grc' dir='ltr'>καὶ</span> <span class='ocrx_word' id='word_1_523' title='bbox 3262 3362 3386 3403; x_wconf 89' lang='lat' dir='ltr'>om.</span> <span class='ocrx_word' id='word_1_524' title='bbox 3420 3349 3485 3402; x_wconf 92' lang='lat' dir='ltr'>D.</span> <span class='ocrx_word' id='word_1_525' title='bbox 3562 3345 3608 3380; x_wconf 73' lang='grc'>⁸⁷</span> 
     </span>
    </p>
   </div>
   <div class='ocr_carea' id='block_1_74' title="bbox 3011 3415 3615 3492">
    <p class='ocr_par' dir='ltr' id='par_1_74' title="bbox 3011 3415 3615 3492">
     <span class='ocr_line' id='line_1_74' title="bbox 3011 3415 3615 3492; baseline -0.005 -21"><span class='ocrx_word' id='word_1_526' title='bbox 3011 3419 3060 3453; x_wconf 76' lang='grc'>⁹⁹</span> <span class='ocrx_word' id='word_1_527' title='bbox 3113 3423 3230 3492; x_wconf 87' lang='grc' dir='ltr'><strong>περὶ</strong></span> <span class='ocrx_word' id='word_1_528' title='bbox 3278 3421 3366 3470; x_wconf 89' lang='grc' dir='ltr'>τόν</span> <span class='ocrx_word' id='word_1_529' title='bbox 3429 3415 3615 3492; x_wconf 84' lang='grc' dir='ltr'><strong>Ἕϐρον</strong></span> 
     </span>
    </p>
   </div>
   <div class='ocr_carea' id='block_1_75' title="bbox 1137 3663 2731 3734">
    <p class='ocr_par' dir='ltr' id='par_1_75' title="bbox 1137 3663 2731 3734">
     <span class='ocr_line' id='line_1_75' title="bbox 1137 3663 2731 3734; baseline 0.001 -2"><span class='ocrx_word' id='word_1_530' title='bbox 1137 3665 1481 3733; x_wconf 89' lang='lat' dir='ltr'>Theodori</span> <span class='ocrx_word' id='word_1_531' title='bbox 1529 3665 1783 3734; x_wconf 62' lang='lat' dir='ltr'>Dousa;</span> <span class='ocrx_word' id='word_1_532' title='bbox 1831 3675 1899 3733; x_wconf 91' lang='lat' dir='ltr'>et</span> <span class='ocrx_word' id='word_1_533' title='bbox 1945 3665 2192 3734; x_wconf 89' lang='lat' dir='ltr'>Leonis</span> <span class='ocrx_word' id='word_1_534' title='bbox 2237 3663 2478 3733; x_wconf 89' lang='lat' dir='ltr'>Allatii</span> <span class='ocrx_word' id='word_1_535' title='bbox 2528 3674 2731 3734; x_wconf 63' lang='lat' dir='ltr'>neten.</span> 
     </span>
    </p>
   </div>
   <div class='ocr_carea' id='block_1_76' title="bbox 311 3858 1824 3934">
    <p class='ocr_par' dir='ltr' id='par_1_76' title="bbox 311 3858 1824 3934">
     <span class='ocr_line' id='line_1_76' title="bbox 311 3858 1824 3934; baseline 0 -19"><span class='ocrx_word' id='word_1_536' title='bbox 311 3860 672 3934; x_wconf 79' lang='grc' dir='ltr'><strong>(69)Σκυθῶν.</strong></span> <span class='ocrx_word' id='word_1_537' title='bbox 694 3858 858 3934; x_wconf 75' lang='lat' dir='ltr'>Cum</span> <span class='ocrx_word' id='word_1_538' title='bbox 887 3860 1150 3915; x_wconf 83' lang='lat' dir='ltr'>Joannes</span> <span class='ocrx_word' id='word_1_539' title='bbox 1184 3861 1378 3934; x_wconf 77' lang='lat' dir='ltr'>Ducas</span> <span class='ocrx_word' id='word_1_540' title='bbox 1403 3874 1604 3934; x_wconf 83' lang='lat' dir='ltr'>rerum</span> <span class='ocrx_word' id='word_1_541' title='bbox 1633 3859 1824 3934; x_wconf 80' lang='lat' dir='ltr'>potire</span> 
     </span>
    </p>
   </div>
   <div class='ocr_carea' id='block_1_77' title="bbox 241 3930 1848 4004">
    <p class='ocr_par' dir='ltr' id='par_1_77' title="bbox 241 3930 1848 4004">
     <span class='ocr_line' id='line_1_77' title="bbox 241 3930 1848 4004; baseline 0.001 -18"><span class='ocrx_word' id='word_1_542' title='bbox 241 3933 360 4004; x_wconf 81' lang='lat' dir='ltr'>tur,</span> <span class='ocrx_word' id='word_1_543' title='bbox 387 3930 1044 4004; x_wconf 77' lang='lat' dir='ltr'>m_axima_Scytharum</span> <span class='ocrx_word' id='word_1_544' title='bbox 1075 3930 1399 4004; x_wconf 80' lang='lat' dir='ltr'>multitudo</span> <span class='ocrx_word' id='word_1_545' title='bbox 1430 3931 1509 4004; x_wconf 77' lang='lat' dir='ltr'>ab</span> <span class='ocrx_word' id='word_1_546' title='bbox 1540 3930 1848 4004; x_wconf 81' lang='lat' dir='ltr'>Hyperbo-</span> 
     </span>
    </p>
   </div>
   <div class='ocr_carea' id='block_1_78' title="bbox 243 3999 1848 4073">
    <p class='ocr_par' dir='ltr' id='par_1_78' title="bbox 243 3999 1848 4073">
     <span class='ocr_line' id='line_1_78' title="bbox 243 3999 1848 4073; baseline 0.002 -18"><span class='ocrx_word' id='word_1_547' title='bbox 243 4000 361 4073; x_wconf 84' lang='lat' dir='ltr'>reis</span> <span class='ocrx_word' id='word_1_548' title='bbox 393 3999 587 4073; x_wconf 79' lang='lat' dir='ltr'>eﬂusa</span> <span class='ocrx_word' id='word_1_549' title='bbox 611 4001 688 4058; x_wconf 90' lang='lat' dir='ltr'>ad</span> <span class='ocrx_word' id='word_1_550' title='bbox 707 3999 990 4073; x_wconf 81' lang='lat' dir='ltr'>Caspium</span> <span class='ocrx_word' id='word_1_551' title='bbox 1010 4017 1175 4073; x_wconf 87' lang='lat' dir='ltr'>mare</span> <span class='ocrx_word' id='word_1_552' title='bbox 1201 4001 1532 4073; x_wconf 81' lang='lat' dir='ltr'>descendit,</span> <span class='ocrx_word' id='word_1_553' title='bbox 1556 3999 1848 4059; x_wconf 77' lang='lat' dir='ltr'>eteorum</span> 
     </span>
    </p>
   </div>
   <div class='ocr_carea' id='block_1_79' title="bbox 243 4071 1846 4140">
    <p class='ocr_par' dir='ltr' id='par_1_79' title="bbox 243 4071 1846 4140">
     <span class='ocr_line' id='line_1_79' title="bbox 243 4071 1846 4140; baseline 0.001 -12"><span class='ocrx_word' id='word_1_554' title='bbox 243 4071 396 4128; x_wconf 90' lang='lat' dir='ltr'>duce</span> <span class='ocrx_word' id='word_1_555' title='bbox 417 4071 730 4128; x_wconf 88' lang='lat' dir='ltr'>Sitziscane</span> <span class='ocrx_word' id='word_1_556' title='bbox 751 4071 1034 4129; x_wconf 85' lang='lat' dir='ltr'>defuncto</span> <span class='ocrx_word' id='word_1_557' title='bbox 1051 4072 1156 4127; x_wconf 88' lang='lat' dir='ltr'>ﬁlii</span> <span class='ocrx_word' id='word_1_558' title='bbox 1176 4073 1308 4140; x_wconf 88' lang='lat' dir='ltr'>ejus</span> <span class='ocrx_word' id='word_1_559' title='bbox 1341 4071 1599 4130; x_wconf 90' lang='lat' dir='ltr'>Chalaus</span> <span class='ocrx_word' id='word_1_560' title='bbox 1615 4074 1846 4130; x_wconf 90' lang='lat' dir='ltr'>etTele-</span> 
     </span>
    </p>
   </div>
   <div class='ocr_carea' id='block_1_80' title="bbox 240 4142 1846 4217">
    <p class='ocr_par' dir='ltr' id='par_1_80' title="bbox 240 4142 1846 4217">
     <span class='ocr_line' id='line_1_80' title="bbox 240 4142 1846 4217; baseline 0.001 -19"><span class='ocrx_word' id='word_1_561' title='bbox 240 4158 435 4217; x_wconf 85' lang='lat' dir='ltr'>puges</span> <span class='ocrx_word' id='word_1_562' title='bbox 462 4144 752 4217; x_wconf 54' lang='lat' dir='ltr'>egereitus</span> <span class='ocrx_word' id='word_1_563' title='bbox 774 4142 1328 4217; x_wconf 79' lang='lat' dir='ltr'>dividunt.Ch_alaus</span> <span class='ocrx_word' id='word_1_564' title='bbox 1355 4143 1639 4217; x_wconf 78' lang='lat' dir='ltr'>Caspium</span> <span class='ocrx_word' id='word_1_565' title='bbox 1671 4151 1728 4201; x_wconf 91' lang='lat' dir='ltr'>et</span> <span class='ocrx_word' id='word_1_566' title='bbox 1760 4149 1846 4200; x_wconf 87' lang='lat' dir='ltr'>la-</span> 
     </span>
    </p>
   </div>
   <div class='ocr_carea' id='block_1_81' title="bbox 237 4214 1849 4288">
    <p class='ocr_par' dir='ltr' id='par_1_81' title="bbox 237 4214 1849 4288">
     <span class='ocr_line' id='line_1_81' title="bbox 237 4214 1849 4288; baseline 0.002 -19"><span class='ocrx_word' id='word_1_567' title='bbox 237 4214 473 4288; x_wconf 64' lang='lat' dir='ltr'>iartem</span> <span class='ocrx_word' id='word_1_568' title='bbox 488 4214 740 4270; x_wconf 84' lang='lat' dir='ltr'>ﬂuvium</span> <span class='ocrx_word' id='word_1_569' title='bbox 756 4215 831 4270; x_wconf 89' lang='lat' dir='ltr'>ad</span> <span class='ocrx_word' id='word_1_570' title='bbox 857 4215 1351 4288; x_wconf 76' lang='lat' dir='ltr'>Septemtrionem</span> <span class='ocrx_word' id='word_1_571' title='bbox 1371 4214 1718 4288; x_wconf 82' lang='lat' dir='ltr'>relinquens</span> <span class='ocrx_word' id='word_1_572' title='bbox 1742 4231 1849 4288; x_wconf 91' lang='lat' dir='ltr'>per</span> 
     </span>
    </p>
   </div>
   <div class='ocr_carea' id='block_1_82' title="bbox 237 4285 1848 4359">
    <p class='ocr_par' dir='ltr' id='par_1_82' title="bbox 237 4285 1848 4359">
     <span class='ocr_line' id='line_1_82' title="bbox 237 4285 1848 4359; baseline 0.001 -18"><span class='ocrx_word' id='word_1_573' title='bbox 237 4285 598 4359; x_wconf 83' lang='lat' dir='ltr'>inferiorem</span> <span class='ocrx_word' id='word_1_574' title='bbox 616 4288 815 4359; x_wconf 85' lang='lat' dir='ltr'>Asiam</span> <span class='ocrx_word' id='word_1_575' title='bbox 841 4285 1150 4359; x_wconf 73' lang='lat' dir='ltr'>descendit</span> <span class='ocrx_word' id='word_1_576' title='bbox 1172 4285 1848 4359; x_wconf 68' lang='lat' dir='ltr'>gTelepugeslimitibus</span> 
     </span>
    </p>
   </div>
   <div class='ocr_carea' id='block_1_83' title="bbox 233 4343 1922 4429">
    <p class='ocr_par' dir='ltr' id='par_1_83' title="bbox 233 4343 1922 4429">
     <span class='ocr_line' id='line_1_83' title="bbox 233 4343 1922 4429; baseline 0.001 -15"><span class='ocrx_word' id='word_1_577' title='bbox 233 4356 477 4429; x_wconf 87' lang='lat' dir='ltr'>imperii</span> <span class='ocrx_word' id='word_1_578' title='bbox 510 4357 604 4412; x_wconf 89' lang='lat' dir='ltr'>sui</span> <span class='ocrx_word' id='word_1_579' title='bbox 634 4358 967 4429; x_wconf 85' lang='lat' dir='ltr'>constitutis</span> <span class='ocrx_word' id='word_1_580' title='bbox 1001 4357 1313 4413; x_wconf 89' lang='lat' dir='ltr'>meridiem</span> <span class='ocrx_word' id='word_1_581' title='bbox 1343 4343 1555 4414; x_wconf 72' lang='lat' dir='ltr'>versus</span> <span class='ocrx_word' id='word_1_582' title='bbox 1601 4359 1847 4415; x_wconf 89' lang='lat' dir='ltr'>Caucasi</span> <span class='ocrx_word' id='word_1_583' title='bbox 1879 4343 1922 4396; x_wconf 81' lang='grc' dir='ltr'>Ῑ)</span> 
     </span>
    </p>
   </div>
   <div class='ocr_carea' id='block_1_84' title="bbox 239 4428 1850 4502">
    <p class='ocr_par' dir='ltr' id='par_1_84' title="bbox 239 4428 1850 4502">
     <span class='ocr_line' id='line_1_84' title="bbox 239 4428 1850 4502; baseline 0.002 -18"><span class='ocrx_word' id='word_1_584' title='bbox 239 4428 663 4502; x_wconf 84' lang='lat' dir='ltr'>cacuminibus</span> <span class='ocrx_word' id='word_1_585' title='bbox 689 4434 745 4483; x_wconf 92' lang='lat' dir='ltr'>et</span> <span class='ocrx_word' id='word_1_586' title='bbox 763 4428 1046 4500; x_wconf 86' lang='lat' dir='ltr'>deinceps</span> <span class='ocrx_word' id='word_1_587' title='bbox 1063 4430 1232 4502; x_wconf 16' lang='lat' dir='ltr'>mari,</span> <span class='ocrx_word' id='word_1_588' title='bbox 1249 4430 1484 4502; x_wconf 88' lang='lat' dir='ltr'>Caspio,</span> <span class='ocrx_word' id='word_1_589' title='bbox 1506 4445 1613 4502; x_wconf 92' lang='lat' dir='ltr'>per</span> <span class='ocrx_word' id='word_1_590' title='bbox 1632 4433 1850 4488; x_wconf 84' lang='lat' dir='ltr'>Massa-</span> 
     </span>
    </p>
   </div>
   <div class='ocr_carea' id='block_1_85' title="bbox 238 4499 1847 4570">
    <p class='ocr_par' dir='ltr' id='par_1_85' title="bbox 238 4499 1847 4570">
     <span class='ocr_line' id='line_1_85' title="bbox 238 4499 1847 4570; baseline 0.002 -16"><span class='ocrx_word' id='word_1_591' title='bbox 238 4505 518 4570; x_wconf 86' lang='lat' dir='ltr'>getarum</span> <span class='ocrx_word' id='word_1_592' title='bbox 536 4522 562 4554; x_wconf 72' lang='grc' dir='ltr'>ρ</span> <span class='ocrx_word' id='word_1_593' title='bbox 575 4507 593 4554; x_wconf 93' lang='lat' dir='ltr'>t</span> <span class='ocrx_word' id='word_1_594' title='bbox 605 4499 1099 4556; x_wconf 75' lang='lat' dir='ltr'>Sauromatarum</span> <span class='ocrx_word' id='word_1_595' title='bbox 1113 4499 1420 4570; x_wconf 83' lang='lat' dir='ltr'>regionem</span> <span class='ocrx_word' id='word_1_596' title='bbox 1436 4499 1847 4570; x_wconf 82' lang='lat' dir='ltr'>proﬁciscitur,</span> 
     </span>
    </p>
   </div>
   <div class='ocr_carea' id='block_1_86' title="bbox 239 4569 1849 4652">
    <p class='ocr_par' dir='ltr' id='par_1_86' title="bbox 239 4569 1849 4652">
     <span class='ocr_line' id='line_1_86' title="bbox 239 4569 1849 4652; baseline 0.001 -25"><span class='ocrx_word' id='word_1_597' title='bbox 239 4569 588 4652; x_wconf 64' lang='lat' dir='ltr'>subigitque</span> <span class='ocrx_word' id='word_1_598' title='bbox 601 4575 808 4652; x_wconf 76' lang='lat' dir='ltr'>gentes</span> <span class='ocrx_word' id='word_1_599' title='bbox 823 4585 1036 4652; x_wconf 56' lang='lat' dir='ltr'>omnes</span> <span class='ocrx_word' id='word_1_600' title='bbox 1053 4569 1203 4652; x_wconf 66' lang='lat' dir='ltr'>quae</span> <span class='ocrx_word' id='word_1_601' title='bbox 1219 4569 1547 4652; x_wconf 42' lang='lat' dir='ltr'>ignoti-dem</span> <span class='ocrx_word' id='word_1_602' title='bbox 1564 4573 1849 4652; x_wconf 82' lang='lat' dir='ltr'>paludem</span> 
     </span>
    </p>
   </div>
   <div class='ocr_carea' id='block_1_87' title="bbox 238 4641 1854 4715">
    <p class='ocr_par' dir='ltr' id='par_1_87' title="bbox 238 4641 1854 4715">
     <span class='ocr_line' id='line_1_87' title="bbox 238 4641 1854 4715; baseline 0.001 -17"><span class='ocrx_word' id='word_1_603' title='bbox 238 4645 304 4698; x_wconf 89' lang='lat' dir='ltr'>et</span> <span class='ocrx_word' id='word_1_604' title='bbox 321 4641 566 4698; x_wconf 87' lang='lat' dir='ltr'>Tanaim</span> <span class='ocrx_word' id='word_1_605' title='bbox 588 4642 960 4698; x_wconf 88' lang='lat' dir='ltr'>accolebant.</span> <span class='ocrx_word' id='word_1_606' title='bbox 987 4641 1209 4715; x_wconf 84' lang='lat' dir='ltr'>Deinde</span> <span class='ocrx_word' id='word_1_607' title='bbox 1233 4643 1413 4698; x_wconf 89' lang='lat' dir='ltr'>Tanai</span> <span class='ocrx_word' id='word_1_608' title='bbox 1437 4641 1725 4715; x_wconf 81' lang='lat' dir='ltr'>superato</span> <span class='ocrx_word' id='word_1_609' title='bbox 1748 4644 1854 4700; x_wconf 87' lang='lat' dir='ltr'>ad-</span> 
     </span>
    </p>
   </div>
   <div class='ocr_carea' id='block_1_88' title="bbox 240 4712 1852 4785">
    <p class='ocr_par' dir='ltr' id='par_1_88' title="bbox 240 4712 1852 4785">
     <span class='ocr_line' id='line_1_88' title="bbox 240 4712 1852 4785; baseline 0.002 -19"><span class='ocrx_word' id='word_1_610' title='bbox 240 4726 458 4785; x_wconf 75' lang='lat' dir='ltr'>versus</span> <span class='ocrx_word' id='word_1_611' title='bbox 472 4716 794 4785; x_wconf 84' lang='lat' dir='ltr'>Europaeas</span> <span class='ocrx_word' id='word_1_612' title='bbox 811 4717 1016 4785; x_wconf 85' lang='lat' dir='ltr'>gentes</span> <span class='ocrx_word' id='word_1_613' title='bbox 1033 4712 1255 4785; x_wconf 81' lang='lat' dir='ltr'>multas</span> <span class='ocrx_word' id='word_1_614' title='bbox 1271 4728 1354 4785; x_wconf 85' lang='lat' dir='ltr'>ac</span> <span class='ocrx_word' id='word_1_615' title='bbox 1375 4712 1573 4770; x_wconf 79' lang='lat' dir='ltr'>varias</span> <span class='ocrx_word' id='word_1_616' title='bbox 1590 4720 1648 4771; x_wconf 90' lang='lat' dir='ltr'>et</span> <span class='ocrx_word' id='word_1_617' title='bbox 1663 4716 1852 4770; x_wconf 82' lang='lat' dir='ltr'>exiis-</span> 
     </span>
    </p>
   </div>
   <div class='ocr_carea' id='block_1_89' title="bbox 243 4782 1854 4858">
    <p class='ocr_par' dir='ltr' id='par_1_89' title="bbox 243 4782 1854 4858">
     <span class='ocr_line' id='line_1_89' title="bbox 243 4782 1854 4858; baseline 0.001 -18"><span class='ocrx_word' id='word_1_618' title='bbox 243 4782 650 4858; x_wconf 77' lang='lat' dir='ltr'>dem__Scythis</span> <span class='ocrx_word' id='word_1_619' title='bbox 670 4788 832 4858; x_wconf 84' lang='lat' dir='ltr'>ortas</span> <span class='ocrx_word' id='word_1_620' title='bbox 853 4783 1147 4858; x_wconf 82' lang='lat' dir='ltr'>impetum</span> <span class='ocrx_word' id='word_1_621' title='bbox 1168 4783 1494 4858; x_wconf 55' lang='lat' dir='ltr'>facit,un</span> <span class='ocrx_word' id='word_1_622' title='bbox 1515 4785 1854 4858; x_wconf 86' lang='lat' dir='ltr'>impressio-</span> 
     </span>
    </p>
   </div>
   <div class='ocr_carea' id='block_1_90' title="bbox 244 4853 1854 4928">
    <p class='ocr_par' dir='ltr' id='par_1_90' title="bbox 244 4853 1854 4928">
     <span class='ocr_line' id='line_1_90' title="bbox 244 4853 1854 4928; baseline 0 -17"><span class='ocrx_word' id='word_1_623' title='bbox 244 4870 326 4911; x_wconf 90' lang='lat' dir='ltr'>ne</span> <span class='ocrx_word' id='word_1_624' title='bbox 363 4853 464 4912; x_wconf 88' lang='lat' dir='ltr'>illa</span> <span class='ocrx_word' id='word_1_625' title='bbox 489 4853 1188 4928; x_wconf 50' lang='lat' dir='ltr'>perterritaimutandas</span> <span class='ocrx_word' id='word_1_626' title='bbox 1235 4854 1349 4928; x_wconf 84' lang='lat' dir='ltr'>sibi</span> <span class='ocrx_word' id='word_1_627' title='bbox 1375 4853 1564 4928; x_wconf 66' lang='lat' dir='ltr'>sedes</span> <span class='ocrx_word' id='word_1_628' title='bbox 1603 4853 1854 4928; x_wconf 74' lang='lat' dir='ltr'>censue-</span> 
     </span>
    </p>
   </div>
   <div class='ocr_carea' id='block_1_91' title="bbox 247 4925 1854 4983">
    <p class='ocr_par' dir='ltr' id='par_1_91' title="bbox 247 4925 1854 4983">
     <span class='ocr_line' id='line_1_91' title="bbox 247 4925 1854 4983; baseline 0 0"><span class='ocrx_word' id='word_1_629' title='bbox 247 4933 417 4983; x_wconf 87' lang='lat' dir='ltr'>runt:</span> <span class='ocrx_word' id='word_1_630' title='bbox 435 4925 631 4983; x_wconf 78' lang='lat' dir='ltr'>neque</span> <span class='ocrx_word' id='word_1_631' title='bbox 647 4926 807 4982; x_wconf 91' lang='lat' dir='ltr'>enim</span> <span class='ocrx_word' id='word_1_632' title='bbox 823 4925 938 4982; x_wconf 85' lang='lat' dir='ltr'>illis</span> <span class='ocrx_word' id='word_1_633' title='bbox 950 4926 1091 4982; x_wconf 89' lang='lat' dir='ltr'>satis</span> <span class='ocrx_word' id='word_1_634' title='bbox 1104 4925 1337 4981; x_wconf 76' lang='lat' dir='ltr'>ﬁduciae</span> <span class='ocrx_word' id='word_1_635' title='bbox 1352 4926 1430 4981; x_wconf 90' lang='lat' dir='ltr'>ad</span> <span class='ocrx_word' id='word_1_636' title='bbox 1455 4927 1854 4983; x_wconf 89' lang='lat' dir='ltr'>resistendum</span> 
     </span>
    </p>
   </div>
   <div class='ocr_carea' id='block_1_92' title="bbox 248 4996 1856 5069">
    <p class='ocr_par' dir='ltr' id='par_1_92' title="bbox 248 4996 1856 5069">
     <span class='ocr_line' id='line_1_92' title="bbox 248 4996 1856 5069; baseline 0.001 -16"><span class='ocrx_word' id='word_1_637' title='bbox 248 5001 395 5063; x_wconf 90' lang='lat' dir='ltr'>erat,</span> <span class='ocrx_word' id='word_1_638' title='bbox 442 4996 553 5053; x_wconf 87' lang='lat' dir='ltr'>sed</span> <span class='ocrx_word' id='word_1_639' title='bbox 584 5013 795 5069; x_wconf 90' lang='lat' dir='ltr'>omnes</span> <span class='ocrx_word' id='word_1_640' title='bbox 836 5004 892 5053; x_wconf 87' lang='lat' dir='ltr'>et</span> <span class='ocrx_word' id='word_1_641' title='bbox 923 5002 1126 5069; x_wconf 85' lang='lat' dir='ltr'>gentes</span> <span class='ocrx_word' id='word_1_642' title='bbox 1165 5001 1222 5052; x_wconf 93' lang='lat' dir='ltr'>et</span> <span class='ocrx_word' id='word_1_643' title='bbox 1251 4996 1430 5052; x_wconf 90' lang='lat' dir='ltr'>urbes</span> <span class='ocrx_word' id='word_1_644' title='bbox 1474 4997 1856 5069; x_wconf 87' lang='lat' dir='ltr'>trepidabant</span> 
     </span>
    </p>
   </div>
   <div class='ocr_carea' id='block_1_93' title="bbox 249 5067 1852 5142">
    <p class='ocr_par' dir='ltr' id='par_1_93' title="bbox 249 5067 1852 5142">
     <span class='ocr_line' id='line_1_93' title="bbox 249 5067 1852 5142; baseline 0.001 -19"><span class='ocrx_word' id='word_1_645' title='bbox 249 5068 696 5142; x_wconf 10' lang='lat' dir='ltr'>etivelutspicae</span> <span class='ocrx_word' id='word_1_646' title='bbox 717 5069 779 5123; x_wconf 92' lang='lat' dir='ltr'>in</span> <span class='ocrx_word' id='word_1_647' title='bbox 803 5067 945 5124; x_wconf 85' lang='lat' dir='ltr'>area</span> <span class='ocrx_word' id='word_1_648' title='bbox 961 5067 1324 5142; x_wconf 53' lang='lat' dir='ltr'>terebantur,</span> <span class='ocrx_word' id='word_1_649' title='bbox 1371 5068 1535 5142; x_wconf 77' lang='lat' dir='ltr'>Unde</span> <span class='ocrx_word' id='word_1_650' title='bbox 1556 5067 1612 5142; x_wconf 77' lang='lat' dir='ltr'>et</span> <span class='ocrx_word' id='word_1_651' title='bbox 1629 5069 1688 5124; x_wconf 90' lang='lat' dir='ltr'>hi</span> <span class='ocrx_word' id='word_1_652' title='bbox 1711 5073 1852 5142; x_wconf 87' lang='lat' dir='ltr'>Scy-</span> 
     </span>
    </p>
   </div>
   <div class='ocr_carea' id='block_1_94' title="bbox 249 5138 1855 5212">
    <p class='ocr_par' dir='ltr' id='par_1_94' title="bbox 249 5138 1855 5212">
     <span class='ocr_line' id='line_1_94' title="bbox 249 5138 1855 5212; baseline 0 -16"><span class='ocrx_word' id='word_1_653' title='bbox 249 5140 409 5212; x_wconf 78' lang='lat' dir='ltr'>thico</span> <span class='ocrx_word' id='word_1_654' title='bbox 425 5138 584 5195; x_wconf 85' lang='lat' dir='ltr'>bello</span> <span class='ocrx_word' id='word_1_655' title='bbox 605 5139 926 5212; x_wconf 81' lang='lat' dir='ltr'>desperato</span> <span class='ocrx_word' id='word_1_656' title='bbox 950 5139 1205 5212; x_wconf 77' lang='lat' dir='ltr'>pellibus</span> <span class='ocrx_word' id='word_1_657' title='bbox 1222 5139 1398 5211; x_wconf 88' lang='lat' dir='ltr'>palea</span> <span class='ocrx_word' id='word_1_658' title='bbox 1419 5138 1608 5211; x_wconf 90' lang='lat' dir='ltr'>plenis</span> <span class='ocrx_word' id='word_1_659' title='bbox 1631 5156 1738 5212; x_wconf 87' lang='lat' dir='ltr'>pro</span> <span class='ocrx_word' id='word_1_660' title='bbox 1763 5138 1855 5196; x_wconf 74' lang='lat' dir='ltr'>ra-</span> 
     </span>
    </p>
   </div>
   <div class='ocr_carea' id='block_1_95' title="bbox 250 5210 1855 5268">
    <p class='ocr_par' dir='ltr' id='par_1_95' title="bbox 250 5210 1855 5268">
     <span class='ocr_line' id='line_1_95' title="bbox 250 5210 1855 5268; baseline 0.001 -2"><span class='ocrx_word' id='word_1_661' title='bbox 250 5210 415 5266; x_wconf 89' lang='lat' dir='ltr'>tibus</span> <span class='ocrx_word' id='word_1_662' title='bbox 447 5213 537 5266; x_wconf 90' lang='lat' dir='ltr'>usi</span> <span class='ocrx_word' id='word_1_663' title='bbox 573 5227 712 5266; x_wconf 89' lang='lat' dir='ltr'>cum</span> <span class='ocrx_word' id='word_1_664' title='bbox 725 5210 1028 5267; x_wconf 81' lang='lat' dir='ltr'>uxoribus</span> <span class='ocrx_word' id='word_1_665' title='bbox 1056 5216 1112 5266; x_wconf 92' lang='lat' dir='ltr'>et</span> <span class='ocrx_word' id='word_1_666' title='bbox 1135 5210 1336 5266; x_wconf 84' lang='lat' dir='ltr'>liberis</span> <span class='ocrx_word' id='word_1_667' title='bbox 1367 5210 1579 5268; x_wconf 81' lang='lat' dir='ltr'>Istrum</span> <span class='ocrx_word' id='word_1_668' title='bbox 1613 5210 1855 5268; x_wconf 87' lang='lat' dir='ltr'>transie-</span> 
     </span>
    </p>
   </div>
   <div class='ocr_carea' id='block_1_96' title="bbox 249 5281 1855 5355">
    <p class='ocr_par' dir='ltr' id='par_1_96' title="bbox 249 5281 1855 5355">
     <span class='ocr_line' id='line_1_96' title="bbox 249 5281 1855 5355; baseline -0.001 -15"><span class='ocrx_word' id='word_1_669' title='bbox 249 5285 412 5348; x_wconf 86' lang='lat' dir='ltr'>runt,</span> <span class='ocrx_word' id='word_1_670' title='bbox 436 5297 548 5338; x_wconf 89' lang='lat' dir='ltr'>nec</span> <span class='ocrx_word' id='word_1_671' title='bbox 581 5281 747 5338; x_wconf 89' lang='lat' dir='ltr'>brevi</span> <span class='ocrx_word' id='word_1_672' title='bbox 777 5287 1044 5355; x_wconf 90' lang='lat' dir='ltr'>tempore</span> <span class='ocrx_word' id='word_1_673' title='bbox 1077 5282 1139 5338; x_wconf 92' lang='lat' dir='ltr'>in</span> <span class='ocrx_word' id='word_1_674' title='bbox 1180 5283 1430 5340; x_wconf 85' lang='lat' dir='ltr'>Thracia</span> <span class='ocrx_word' id='word_1_675' title='bbox 1475 5281 1855 5355; x_wconf 81' lang='lat' dir='ltr'>aberrarunt,</span> 
     </span>
    </p>
   </div>
   <div class='ocr_carea' id='block_1_97' title="bbox 1958 3858 3612 3932">
    <p class='ocr_par' dir='ltr' id='par_1_97' title="bbox 1958 3858 3612 3932">
     <span class='ocr_line' id='line_1_97' title="bbox 1958 3858 3612 3932; baseline 0.001 -16"><span class='ocrx_word' id='word_1_676' title='bbox 1958 3860 2240 3916; x_wconf 91' lang='lat' dir='ltr'>idoneam</span> <span class='ocrx_word' id='word_1_677' title='bbox 2272 3859 2383 3916; x_wconf 91' lang='lat' dir='ltr'>sibi</span> <span class='ocrx_word' id='word_1_678' title='bbox 2408 3859 2705 3932; x_wconf 76' lang='lat' dir='ltr'>coloniam</span> <span class='ocrx_word' id='word_1_679' title='bbox 2723 3862 3085 3932; x_wconf 64' lang='lat' dir='ltr'>quaerentes,</span> <span class='ocrx_word' id='word_1_680' title='bbox 3109 3858 3318 3915; x_wconf 91' lang='lat' dir='ltr'>decem</span> <span class='ocrx_word' id='word_1_681' title='bbox 3345 3859 3612 3918; x_wconf 86' lang='lat' dir='ltr'>millibus</span> 
     </span>
    </p>
   </div>
   <div class='ocr_carea' id='block_1_98' title="bbox 1956 3931 3073 4002">
    <p class='ocr_par' dir='ltr' id='par_1_98' title="bbox 1956 3931 3073 4002">
     <span class='ocr_line' id='line_1_98' title="bbox 1956 3931 3073 4002; baseline -0.003 -14"><span class='ocrx_word' id='word_1_682' title='bbox 1956 3931 2121 3988; x_wconf 83' lang='lat' dir='ltr'>haud</span> <span class='ocrx_word' id='word_1_683' title='bbox 2143 3933 2475 4002; x_wconf 88' lang='lat' dir='ltr'>pauciores.</span> <span class='ocrx_word' id='word_1_684' title='bbox 2511 3931 2593 3986; x_wconf 87' lang='lat' dir='ltr'><strong>Ex</strong></span> <span class='ocrx_word' id='word_1_685' title='bbox 2624 3931 2902 4002; x_wconf 82' lang='lat' dir='ltr'>Gregora.</span> <span class='ocrx_word' id='word_1_686' title='bbox 2935 3936 3073 3986; x_wconf 81' lang='lat' dir='ltr'>ALL.</span> 
     </span>
    </p>
   </div>
   <div class='ocr_carea' id='block_1_99' title="bbox 2031 4000 3616 4075">
    <p class='ocr_par' dir='ltr' id='par_1_99' title="bbox 2031 4000 3616 4075">
     <span class='ocr_line' id='line_1_99' title="bbox 2031 4000 3616 4075; baseline 0.001 -17"><span class='ocrx_word' id='word_1_687' title='bbox 2031 4000 2159 4075; x_wconf 55' lang='lat'>(70)&#39;</span> <span class='ocrx_word' id='word_1_688' title='bbox 2198 4005 2276 4075; x_wconf 90' lang='lat' dir='ltr'>De</span> <span class='ocrx_word' id='word_1_689' title='bbox 2323 4000 3002 4075; x_wconf 71' lang='lat' dir='ltr'>Tartarorum_t:olluvie</span> <span class='ocrx_word' id='word_1_690' title='bbox 3045 4006 3103 4057; x_wconf 91' lang='lat' dir='ltr'>et</span> <span class='ocrx_word' id='word_1_691' title='bbox 3138 4000 3418 4075; x_wconf 85' lang='lat' dir='ltr'>barbarie</span> <span class='ocrx_word' id='word_1_692' title='bbox 3462 4003 3616 4060; x_wconf 86' lang='lat' dir='ltr'>varii</span> 
     </span>
    </p>
   </div>
   <div class='ocr_carea' id='block_1_100' title="bbox 1958 4071 3616 4145">
    <p class='ocr_par' dir='ltr' id='par_1_100' title="bbox 1958 4071 3616 4145">
     <span class='ocr_line' id='line_1_100' title="bbox 1958 4071 3616 4145; baseline 0.001 -16"><span class='ocrx_word' id='word_1_693' title='bbox 1958 4071 2133 4130; x_wconf 84' lang='lat' dir='ltr'>varia</span> <span class='ocrx_word' id='word_1_694' title='bbox 2160 4074 2544 4145; x_wconf 89' lang='lat' dir='ltr'>scripserunt,</span> <span class='ocrx_word' id='word_1_695' title='bbox 2587 4073 2931 4145; x_wconf 67' lang='lat' dir='ltr'>Haithonus</span> <span class='ocrx_word' id='word_1_696' title='bbox 2945 4071 3290 4145; x_wconf 88' lang='lat' dir='ltr'>Armenius,</span> <span class='ocrx_word' id='word_1_697' title='bbox 3318 4074 3378 4128; x_wconf 93' lang='lat' dir='ltr'>in</span> <span class='ocrx_word' id='word_1_698' title='bbox 3412 4075 3616 4131; x_wconf 78' lang='lat' dir='ltr'>Orien-</span> 
     </span>
    </p>
   </div>
   <div class='ocr_carea' id='block_1_101' title="bbox 1961 4143 3610 4215">
    <p class='ocr_par' dir='ltr' id='par_1_101' title="bbox 1961 4143 3610 4215">
     <span class='ocr_line' id='line_1_101' title="bbox 1961 4143 3610 4215; baseline 0 -14"><span class='ocrx_word' id='word_1_699' title='bbox 1961 4147 2076 4201; x_wconf 79' lang='lat' dir='ltr'>talz’</span> <span class='ocrx_word' id='word_1_700' title='bbox 2090 4143 2361 4202; x_wconf 62' lang='lat' dir='ltr'>Historia</span> <span class='ocrx_word' id='word_1_701' title='bbox 2377 4166 2392 4213; x_wconf 84' lang='lat'><strong>;</strong></span> <span class='ocrx_word' id='word_1_702' title='bbox 2408 4144 2683 4201; x_wconf 87' lang='lat' dir='ltr'>MarcusP</span> <span class='ocrx_word' id='word_1_703' title='bbox 2697 4143 2872 4200; x_wconf 89' lang='lat' dir='ltr'>aulus</span> <span class='ocrx_word' id='word_1_704' title='bbox 2884 4143 3165 4210; x_wconf 86' lang='lat' dir='ltr'>Venetus,</span> <span class='ocrx_word' id='word_1_705' title='bbox 3191 4143 3251 4198; x_wconf 91' lang='lat' dir='ltr'>in</span> <span class='ocrx_word' id='word_1_706' title='bbox 3269 4145 3610 4215; x_wconf 79' lang='lat' dir='ltr'>ltinerario;</span> 
     </span>
    </p>
   </div>
   <div class='ocr_carea' id='block_1_102' title="bbox 1962 4215 3616 4287">
    <p class='ocr_par' dir='ltr' id='par_1_102' title="bbox 1962 4215 3616 4287">
     <span class='ocr_line' id='line_1_102' title="bbox 1962 4215 3616 4287; baseline 0.001 -16"><span class='ocrx_word' id='word_1_707' title='bbox 1962 4215 2293 4272; x_wconf 83' lang='lat' dir='ltr'>Alexander</span> <span class='ocrx_word' id='word_1_708' title='bbox 2305 4216 2632 4286; x_wconf 84' lang='lat' dir='ltr'>Gagninus,</span> <span class='ocrx_word' id='word_1_709' title='bbox 2651 4216 2710 4271; x_wconf 91' lang='lat' dir='ltr'>in</span> <span class='ocrx_word' id='word_1_710' title='bbox 2724 4217 3033 4287; x_wconf 73' lang='lat' dir='ltr'>Sqrmatia</span> <span class='ocrx_word' id='word_1_711' title='bbox 3043 4215 3365 4287; x_wconf 77' lang='lat' dir='ltr'>Europam,</span> <span class='ocrx_word' id='word_1_712' title='bbox 3384 4222 3616 4272; x_wconf 87' lang='lat' dir='ltr'>etcom-</span> 
     </span>
    </p>
   </div>
   <div class='ocr_carea' id='block_1_103' title="bbox 1960 4286 3615 4360">
    <p class='ocr_par' dir='ltr' id='par_1_103' title="bbox 1960 4286 3615 4360">
     <span class='ocr_line' id='line_1_103' title="bbox 1960 4286 3615 4360; baseline 0.001 -18"><span class='ocrx_word' id='word_1_713' title='bbox 1960 4289 2161 4360; x_wconf 90' lang='lat' dir='ltr'>plures</span> <span class='ocrx_word' id='word_1_714' title='bbox 2183 4287 2301 4360; x_wconf 83' lang='lat' dir='ltr'>alii.</span> <span class='ocrx_word' id='word_1_715' title='bbox 2322 4289 2614 4360; x_wconf 80' lang='lat' dir='ltr'>Omnium</span> <span class='ocrx_word' id='word_1_716' title='bbox 2633 4286 3100 4360; x_wconf 78' lang='lat' dir='ltr'>luculentissima</span> <span class='ocrx_word' id='word_1_717' title='bbox 3122 4286 3469 4344; x_wconf 88' lang='lat' dir='ltr'>Vincentius</span> <span class='ocrx_word' id='word_1_718' title='bbox 3500 4287 3615 4343; x_wconf 91' lang='lat' dir='ltr'>Bel-</span> 
     </span>
    </p>
   </div>
   <div class='ocr_carea' id='block_1_104' title="bbox 1961 4357 3619 4428">
    <p class='ocr_par' dir='ltr' id='par_1_104' title="bbox 1961 4357 3619 4428">
     <span class='ocr_line' id='line_1_104' title="bbox 1961 4357 3619 4428; baseline 0.001 -14"><span class='ocrx_word' id='word_1_719' title='bbox 1961 4357 2260 4424; x_wconf 77' lang='lat' dir='ltr'>vacensis,</span> <span class='ocrx_word' id='word_1_720' title='bbox 2318 4359 2378 4414; x_wconf 92' lang='lat' dir='ltr'>in</span> <span class='ocrx_word' id='word_1_721' title='bbox 2437 4358 2599 4428; x_wconf 84' lang='lat' dir='ltr'>Spec.</span> <span class='ocrx_word' id='word_1_722' title='bbox 2652 4360 2878 4414; x_wconf 75' lang='lat' dir='ltr'>Histor.</span> <span class='ocrx_word' id='word_1_723' title='bbox 2920 4357 3024 4414; x_wconf 92' lang='lat' dir='ltr'>lib.</span> <span class='ocrx_word' id='word_1_724' title='bbox 3070 4374 3212 4413; x_wconf 67' lang='grc' dir='ltr'><strong>χχχι</strong></span> <span class='ocrx_word' id='word_1_725' title='bbox 3273 4363 3331 4415; x_wconf 92' lang='lat' dir='ltr'>et</span> <span class='ocrx_word' id='word_1_726' title='bbox 3358 4375 3510 4414; x_wconf 84' lang='lat' dir='ltr'>xxxu</span> <span class='ocrx_word' id='word_1_727' title='bbox 3545 4376 3619 4416; x_wconf 83' lang='lat' dir='ltr'>ex</span> 
     </span>
    </p>
   </div>
   <div class='ocr_carea' id='block_1_105' title="bbox 1965 4429 3616 4503">
    <p class='ocr_par' dir='ltr' id='par_1_105' title="bbox 1965 4429 3616 4503">
     <span class='ocr_line' id='line_1_105' title="bbox 1965 4429 3616 4503; baseline 0 -17"><span class='ocrx_word' id='word_1_728' title='bbox 1965 4431 2205 4503; x_wconf 79' lang='lat' dir='ltr'>Simone</span> <span class='ocrx_word' id='word_1_729' title='bbox 2221 4429 2296 4485; x_wconf 92' lang='lat' dir='ltr'>de</span> <span class='ocrx_word' id='word_1_730' title='bbox 2312 4432 2528 4503; x_wconf 86' lang='lat' dir='ltr'>Sancto</span> <span class='ocrx_word' id='word_1_731' title='bbox 2547 4430 2828 4503; x_wconf 71' lang='lat' dir='ltr'>Quintino</span> <span class='ocrx_word' id='word_1_732' title='bbox 2846 4435 2902 4485; x_wconf 88' lang='lat' dir='ltr'>et</span> <span class='ocrx_word' id='word_1_733' title='bbox 2914 4431 3142 4485; x_wconf 83' lang='lat' dir='ltr'>Joanne</span> <span class='ocrx_word' id='word_1_734' title='bbox 3153 4429 3228 4485; x_wconf 93' lang='lat' dir='ltr'>de</span> <span class='ocrx_word' id='word_1_735' title='bbox 3243 4429 3616 4503; x_wconf 86' lang='lat' dir='ltr'>Planocarpi;</span> 
     </span>
    </p>
   </div>
   <div class='ocr_carea' id='block_1_106' title="bbox 1963 4501 3618 4574">
    <p class='ocr_par' dir='ltr' id='par_1_106' title="bbox 1963 4501 3618 4574">
     <span class='ocr_line' id='line_1_106' title="bbox 1963 4501 3618 4574; baseline 0.001 -18"><span class='ocrx_word' id='word_1_736' title='bbox 1963 4501 2243 4574; x_wconf 76' lang='lat' dir='ltr'>quaedam</span> <span class='ocrx_word' id='word_1_737' title='bbox 2274 4501 2455 4557; x_wconf 88' lang='lat' dir='ltr'>etiam</span> <span class='ocrx_word' id='word_1_738' title='bbox 2485 4517 2558 4556; x_wconf 86' lang='lat' dir='ltr'>ex</span> <span class='ocrx_word' id='word_1_739' title='bbox 2589 4501 2852 4574; x_wconf 74' lang='lat' dir='ltr'>Historia</span> <span class='ocrx_word' id='word_1_740' title='bbox 2889 4503 3291 4574; x_wconf 81' lang='lat' dir='ltr'>Tartarorum.</span> <span class='ocrx_word' id='word_1_741' title='bbox 3333 4504 3450 4574; x_wconf 76' lang='lat' dir='ltr'>Hos</span> <span class='ocrx_word' id='word_1_742' title='bbox 3479 4501 3618 4558; x_wconf 83' lang='lat' dir='ltr'>Vin-</span> 
     </span>
    </p>
   </div>
   <div class='ocr_carea' id='block_1_107' title="bbox 1961 4571 3617 4629">
    <p class='ocr_par' dir='ltr' id='par_1_107' title="bbox 1961 4571 3617 4629">
     <span class='ocr_line' id='line_1_107' title="bbox 1961 4571 3617 4629; baseline 0.001 -2"><span class='ocrx_word' id='word_1_743' title='bbox 1961 4571 2137 4628; x_wconf 73' lang='lat' dir='ltr'>centii</span> <span class='ocrx_word' id='word_1_744' title='bbox 2159 4577 2433 4628; x_wconf 90' lang='lat' dir='ltr'>auctores</span> <span class='ocrx_word' id='word_1_745' title='bbox 2456 4577 2727 4628; x_wconf 92' lang='lat' dir='ltr'>secutum</span> <span class='ocrx_word' id='word_1_746' title='bbox 2757 4571 2934 4628; x_wconf 90' lang='lat' dir='ltr'>video</span> <span class='ocrx_word' id='word_1_747' title='bbox 2951 4575 3083 4626; x_wconf 84' lang='lat' dir='ltr'>Ant.</span> <span class='ocrx_word' id='word_1_748' title='bbox 3116 4571 3454 4628; x_wconf 87' lang='lat' dir='ltr'>Bonﬁnium</span> <span class='ocrx_word' id='word_1_749' title='bbox 3478 4574 3617 4629; x_wconf 82' lang='lat' dir='ltr'>Rer.</span> 
     </span>
    </p>
   </div>
   <div class='ocr_carea' id='block_1_108' title="bbox 1965 4642 3617 4714">
    <p class='ocr_par' dir='ltr' id='par_1_108' title="bbox 1965 4642 3617 4714">
     <span class='ocr_line' id='line_1_108' title="bbox 1965 4642 3617 4714; baseline 0 -14"><span class='ocrx_word' id='word_1_750' title='bbox 1965 4645 2191 4714; x_wconf 85' lang='lat' dir='ltr'>Ungar.</span> <span class='ocrx_word' id='word_1_751' title='bbox 2225 4642 2438 4699; x_wconf 87' lang='lat' dir='ltr'>decad.</span> <span class='ocrx_word' id='word_1_752' title='bbox 2471 4661 2528 4710; x_wconf 85' lang='lat' dir='ltr'>ll,</span> <span class='ocrx_word' id='word_1_753' title='bbox 2563 4643 2668 4700; x_wconf 92' lang='lat' dir='ltr'>lib.</span> <span class='ocrx_word' id='word_1_754' title='bbox 2703 4659 2818 4703; x_wconf 87' lang='lat' dir='ltr'>vm.</span> <span class='ocrx_word' id='word_1_755' title='bbox 2848 4642 2968 4714; x_wconf 87' lang='lat' dir='ltr'>ubi</span> <span class='ocrx_word' id='word_1_756' title='bbox 2999 4643 3204 4699; x_wconf 84' lang='lat' dir='ltr'>statim</span> <span class='ocrx_word' id='word_1_757' title='bbox 3249 4643 3312 4698; x_wconf 91' lang='lat' dir='ltr'>in</span> <span class='ocrx_word' id='word_1_758' title='bbox 3348 4643 3517 4700; x_wconf 91' lang='lat' dir='ltr'>initio</span> <span class='ocrx_word' id='word_1_759' title='bbox 3540 4644 3617 4700; x_wconf 90' lang='lat' dir='ltr'>de</span> 
     </span>
    </p>
   </div>
   <div class='ocr_carea' id='block_1_109' title="bbox 1961 4713 3616 4787">
    <p class='ocr_par' dir='ltr' id='par_1_109' title="bbox 1961 4713 3616 4787">
     <span class='ocr_line' id='line_1_109' title="bbox 1961 4713 3616 4787; baseline 0.002 -18"><span class='ocrx_word' id='word_1_760' title='bbox 1961 4713 2258 4770; x_wconf 90' lang='lat' dir='ltr'>mirandis</span> <span class='ocrx_word' id='word_1_761' title='bbox 2288 4717 2667 4770; x_wconf 84' lang='lat' dir='ltr'>Tartarorum</span> <span class='ocrx_word' id='word_1_762' title='bbox 2685 4713 2956 4787; x_wconf 79' lang='lat' dir='ltr'>moribus</span> <span class='ocrx_word' id='word_1_763' title='bbox 2978 4714 3272 4787; x_wconf 82' lang='lat' dir='ltr'>nonnulla</span> <span class='ocrx_word' id='word_1_764' title='bbox 3292 4715 3616 4787; x_wconf 62' lang='lat' dir='ltr'>praemittit,</span> 
     </span>
    </p>
   </div>
   <div class='ocr_carea' id='block_1_110' title="bbox 1964 4785 3621 4857">
    <p class='ocr_par' dir='ltr' id='par_1_110' title="bbox 1964 4785 3621 4857">
     <span class='ocr_line' id='line_1_110' title="bbox 1964 4785 3621 4857; baseline 0.002 -17"><span class='ocrx_word' id='word_1_765' title='bbox 1964 4787 2342 4857; x_wconf 81' lang='lat' dir='ltr'>Ungarorum</span> <span class='ocrx_word' id='word_1_766' title='bbox 2372 4791 2538 4857; x_wconf 84' lang='lat' dir='ltr'>gesta</span> <span class='ocrx_word' id='word_1_767' title='bbox 2566 4801 2706 4857; x_wconf 87' lang='lat' dir='ltr'>cum</span> <span class='ocrx_word' id='word_1_768' title='bbox 2735 4785 2881 4857; x_wconf 90' lang='lat' dir='ltr'>ipsis</span> <span class='ocrx_word' id='word_1_769' title='bbox 2919 4785 3075 4857; x_wconf 74' lang='lat' dir='ltr'>bella</span> <span class='ocrx_word' id='word_1_770' title='bbox 3097 4789 3232 4857; x_wconf 84' lang='lat' dir='ltr'>post</span> <span class='ocrx_word' id='word_1_771' title='bbox 3247 4785 3621 4857; x_wconf 55' lang='lat' dir='ltr'>commemoé</span> 
     </span>
    </p>
   </div>
   <div class='ocr_carea' id='block_1_111' title="bbox 1962 4855 3622 4923">
    <p class='ocr_par' dir='ltr' id='par_1_111' title="bbox 1962 4855 3622 4923">
     <span class='ocr_line' id='line_1_111' title="bbox 1962 4855 3622 4923; baseline 0.002 -12"><span class='ocrx_word' id='word_1_772' title='bbox 1962 4862 2222 4912; x_wconf 90' lang='lat' dir='ltr'>raturus.</span> <span class='ocrx_word' id='word_1_773' title='bbox 2253 4855 2558 4923; x_wconf 40' lang='lat' dir='ltr'>Illic&#39;vide,</span> <span class='ocrx_word' id='word_1_774' title='bbox 2593 4857 2640 4913; x_wconf 92' lang='lat' dir='ltr'>si</span> <span class='ocrx_word' id='word_1_775' title='bbox 2667 4855 2918 4912; x_wconf 75' lang='lat' dir='ltr'>foriasse</span> <span class='ocrx_word' id='word_1_776' title='bbox 2968 4855 3225 4912; x_wconf 32' lang='lat' dir='ltr'>ulla’tibi</span> <span class='ocrx_word' id='word_1_777' title='bbox 3283 4855 3472 4912; x_wconf 89' lang='lat' dir='ltr'>libido</span> <span class='ocrx_word' id='word_1_778' title='bbox 3533 4862 3622 4914; x_wconf 89' lang='lat' dir='ltr'>est</span> 
     </span>
    </p>
   </div>
   <div class='ocr_carea' id='block_1_112' title="bbox 1963 4927 3624 5000">
    <p class='ocr_par' dir='ltr' id='par_1_112' title="bbox 1963 4927 3624 5000">
     <span class='ocr_line' id='line_1_112' title="bbox 1963 4927 3624 5000; baseline 0.002 -18"><span class='ocrx_word' id='word_1_779' title='bbox 1963 4927 2368 5000; x_wconf 83' lang='lat' dir='ltr'>cognoscendi</span> <span class='ocrx_word' id='word_1_780' title='bbox 2386 4927 2636 5000; x_wconf 88' lang='lat' dir='ltr'>bipedes</span> <span class='ocrx_word' id='word_1_781' title='bbox 2664 4927 3088 5000; x_wconf 86' lang='lat' dir='ltr'>nequissimos,</span> <span class='ocrx_word' id='word_1_782' title='bbox 3124 4927 3421 4987; x_wconf 90' lang='lat' dir='ltr'>homines.</span> <span class='ocrx_word' id='word_1_783' title='bbox 3454 4933 3518 5000; x_wconf 84' lang='lat' dir='ltr'>ut</span> <span class='ocrx_word' id='word_1_784' title='bbox 3539 4928 3624 5000; x_wconf 85' lang='lat' dir='ltr'>ita</span> 
     </span>
    </p>
   </div>
   <div class='ocr_carea' id='block_1_113' title="bbox 1962 4998 3622 5070">
    <p class='ocr_par' dir='ltr' id='par_1_113' title="bbox 1962 4998 3622 5070">
     <span class='ocr_line' id='line_1_113' title="bbox 1962 4998 3622 5070; baseline 0.001 -17"><span class='ocrx_word' id='word_1_785' title='bbox 1962 4998 2184 5070; x_wconf 84' lang='lat' dir='ltr'>dicam,</span> <span class='ocrx_word' id='word_1_786' title='bbox 2214 5013 2337 5054; x_wconf 90' lang='lat' dir='ltr'>non</span> <span class='ocrx_word' id='word_1_787' title='bbox 2356 4998 2652 5070; x_wconf 82' lang='lat' dir='ltr'>homines,</span> <span class='ocrx_word' id='word_1_788' title='bbox 2697 4998 2801 5070; x_wconf 68' lang='lat' dir='ltr'>aut</span> <span class='ocrx_word' id='word_1_789' title='bbox 2822 4999 3020 5070; x_wconf 90' lang='lat' dir='ltr'>potius</span> <span class='ocrx_word' id='word_1_790' title='bbox 3048 5013 3274 5070; x_wconf 84' lang='lat' dir='ltr'>magna</span> <span class='ocrx_word' id='word_1_791' title='bbox 3297 5002 3466 5070; x_wconf 88' lang='lat' dir='ltr'>parte</span> <span class='ocrx_word' id='word_1_792' title='bbox 3491 4998 3622 5055; x_wconf 90' lang='lat' dir='ltr'>bel-</span> 
     </span>
    </p>
   </div>
   <div class='ocr_carea' id='block_1_114' title="bbox 1962 5067 3622 5142">
    <p class='ocr_par' dir='ltr' id='par_1_114' title="bbox 1962 5067 3622 5142">
     <span class='ocr_line' id='line_1_114' title="bbox 1962 5067 3622 5142; baseline 0.002 -19"><span class='ocrx_word' id='word_1_793' title='bbox 1962 5068 2114 5142; x_wconf 74' lang='lat' dir='ltr'>luas,</span> <span class='ocrx_word' id='word_1_794' title='bbox 2140 5071 2204 5142; x_wconf 18' lang='lat' dir='ltr'>si,</span> <span class='ocrx_word' id='word_1_795' title='bbox 2225 5085 2379 5142; x_wconf 18' lang='lat' dir='ltr'>vera,</span> <span class='ocrx_word' id='word_1_796' title='bbox 2399 5075 2538 5142; x_wconf 84' lang='lat' dir='ltr'>sunt</span> <span class='ocrx_word' id='word_1_797' title='bbox 2578 5067 2715 5142; x_wconf 66' lang='lat' dir='ltr'>quae</span> <span class='ocrx_word' id='word_1_798' title='bbox 2745 5067 2914 5142; x_wconf 32' lang='lat' dir='ltr'>defiis</span> <span class='ocrx_word' id='word_1_799' title='bbox 2965 5067 3148 5138; x_wconf 91' lang='lat' dir='ltr'>vulgo</span> <span class='ocrx_word' id='word_1_800' title='bbox 3168 5067 3511 5142; x_wconf 67' lang='lat' dir='ltr'>traduntur</span> <span class='ocrx_word' id='word_1_801' title='bbox 3541 5070 3622 5126; x_wconf 91' lang='lat' dir='ltr'>ab</span> 
     </span>
    </p>
   </div>
   <div class='ocr_carea' id='block_1_115' title="bbox 1963 5139 3622 5213">
    <p class='ocr_par' dir='ltr' id='par_1_115' title="bbox 1963 5139 3622 5213">
     <span class='ocr_line' id='line_1_115' title="bbox 1963 5139 3622 5213; baseline 0.001 -17"><span class='ocrx_word' id='word_1_802' title='bbox 1963 5140 2078 5196; x_wconf 91' lang='lat' dir='ltr'>illis</span> <span class='ocrx_word' id='word_1_803' title='bbox 2106 5141 2211 5213; x_wconf 90' lang='lat' dir='ltr'>qui</span> <span class='ocrx_word' id='word_1_804' title='bbox 2241 5146 2344 5213; x_wconf 82' lang='lat' dir='ltr'>aut</span> <span class='ocrx_word' id='word_1_805' title='bbox 2366 5141 2480 5213; x_wconf 91' lang='lat' dir='ltr'>ipsi</span> <span class='ocrx_word' id='word_1_806' title='bbox 2503 5139 2740 5212; x_wconf 80' lang='lat' dir='ltr'>gentem</span> <span class='ocrx_word' id='word_1_807' title='bbox 2772 5140 3072 5208; x_wconf 89' lang='lat' dir='ltr'>viderunt,</span> <span class='ocrx_word' id='word_1_808' title='bbox 3092 5145 3196 5197; x_wconf 88' lang='lat' dir='ltr'>aut</span> <span class='ocrx_word' id='word_1_809' title='bbox 3217 5156 3253 5196; x_wconf 91' lang='lat' dir='ltr'>a</span> <span class='ocrx_word' id='word_1_810' title='bbox 3281 5139 3400 5196; x_wconf 86' lang='lat' dir='ltr'>ﬁde</span> <span class='ocrx_word' id='word_1_811' title='bbox 3422 5139 3622 5213; x_wconf 90' lang='lat' dir='ltr'>dignis</span> 
     </span>
    </p>
   </div>
   <div class='ocr_carea' id='block_1_116' title="bbox 1957 5212 3075 5286">
    <p class='ocr_par' dir='ltr' id='par_1_116' title="bbox 1957 5212 3075 5286">
     <span class='ocr_line' id='line_1_116' title="bbox 1957 5212 3075 5286; baseline 0.001 -17"><span class='ocrx_word' id='word_1_812' title='bbox 1957 5227 2037 5269; x_wconf 86' lang='lat' dir='ltr'>ea</span> <span class='ocrx_word' id='word_1_813' title='bbox 2063 5212 2200 5284; x_wconf 63' lang='lat' dir='ltr'>qua;</span> <span class='ocrx_word' id='word_1_814' title='bbox 2229 5212 2496 5269; x_wconf 81' lang='lat' dir='ltr'>referunt</span> <span class='ocrx_word' id='word_1_815' title='bbox 2523 5227 2830 5286; x_wconf 87' lang='lat' dir='ltr'>accepere.</span> <span class='ocrx_word' id='word_1_816' title='bbox 2860 5213 3075 5270; x_wconf 56' lang='lat' dir='ltr'>Dousn.</span> 
     </span>
    </p>
   </div>
   <div class='ocr_carea' id='block_1_117' title="bbox 322 5452 3624 5533">
    <p class='ocr_par' dir='ltr' id='par_1_117' title="bbox 322 5452 3624 5533">
     <span class='ocr_line' id='line_1_117' title="bbox 322 5452 3624 5533; baseline 0.002 -25"><span class='ocrx_word' id='word_1_817' title='bbox 322 5453 416 5533; x_wconf 85' lang='lat' dir='ltr'>_(a_)_</span> <span class='ocrx_word' id='word_1_818' title='bbox 440 5452 785 5533; x_wconf 76' lang='lat' dir='ltr'>Legendum</span> <span class='ocrx_word' id='word_1_819' title='bbox 815 5458 903 5510; x_wconf 85' lang='lat' dir='ltr'>est</span> <span class='ocrx_word' id='word_1_820' title='bbox 925 5463 1017 5533; x_wconf 57' lang='grc' dir='ltr'><strong>τῆς</strong></span> <span class='ocrx_word' id='word_1_821' title='bbox 1040 5456 1216 5533; x_wconf 51' lang='lat' dir='ltr'>gyan.</span> <span class='ocrx_word' id='word_1_822' title='bbox 1236 5453 1646 5533; x_wconf 77' lang='lat' dir='ltr'>Hebrusenim</span> <span class='ocrx_word' id='word_1_823' title='bbox 1665 5470 1788 5533; x_wconf 81' lang='lat' dir='ltr'>non</span> <span class='ocrx_word' id='word_1_824' title='bbox 1810 5454 1888 5533; x_wconf 82' lang='lat' dir='ltr'>ad</span> <span class='ocrx_word' id='word_1_825' title='bbox 1915 5453 2189 5533; x_wconf 63' lang='lat' dir='ltr'>Hiemum</span> <span class='ocrx_word' id='word_1_826' title='bbox 2216 5454 2366 5523; x_wconf 91' lang='lat' dir='ltr'>ﬂuit,</span> <span class='ocrx_word' id='word_1_827' title='bbox 2403 5455 2511 5533; x_wconf 78' lang='lat' dir='ltr'>sed</span> <span class='ocrx_word' id='word_1_828' title='bbox 2531 5453 3406 5533; x_wconf 58' lang='lat' dir='ltr'>ab_eodescendit,labiturque</span> <span class='ocrx_word' id='word_1_829' title='bbox 3426 5472 3624 5533; x_wconf 90' lang='lat' dir='ltr'>usque</span> 
     </span>
    </p>
   </div>
   <div class='ocr_carea' id='block_1_118' title="bbox 253 5525 3625 5600">
    <p class='ocr_par' dir='ltr' id='par_1_118' title="bbox 253 5525 3625 5600">
     <span class='ocr_line' id='line_1_118' title="bbox 253 5525 3625 5600; baseline 0.002 -20"><span class='ocrx_word' id='word_1_830' title='bbox 253 5526 336 5600; x_wconf 72' lang='lat' dir='ltr'>ad</span> <span class='ocrx_word' id='word_1_831' title='bbox 355 5527 567 5600; x_wconf 48' lang='lat' dir='ltr'>[gnum</span> <span class='ocrx_word' id='word_1_832' title='bbox 594 5525 813 5600; x_wconf 76' lang='lat' dir='ltr'>urbem</span> <span class='ocrx_word' id='word_1_833' title='bbox 844 5525 998 5600; x_wconf 85' lang='lat' dir='ltr'>mari</span> <span class='ocrx_word' id='word_1_834' title='bbox 1026 5529 1210 5595; x_wconf 62' lang='lat' dir='ltr'>lEgeo</span> <span class='ocrx_word' id='word_1_835' title='bbox 1243 5527 1608 5600; x_wconf 78' lang='lat' dir='ltr'>appositam,</span> <span class='ocrx_word' id='word_1_836' title='bbox 1633 5533 1689 5584; x_wconf 91' lang='lat' dir='ltr'>et</span> <span class='ocrx_word' id='word_1_837' title='bbox 1712 5527 1885 5598; x_wconf 84' lang='lat' dir='ltr'>juxta</span> <span class='ocrx_word' id='word_1_838' title='bbox 1910 5541 2048 5600; x_wconf 87' lang='lat' dir='ltr'>eam</span> <span class='ocrx_word' id='word_1_839' title='bbox 2072 5527 2134 5582; x_wconf 88' lang='lat' dir='ltr'>in</span> <span class='ocrx_word' id='word_1_840' title='bbox 2168 5541 2336 5585; x_wconf 89' lang='lat' dir='ltr'>mare</span> <span class='ocrx_word' id='word_1_841' title='bbox 2364 5528 2501 5584; x_wconf 83' lang='lat' dir='ltr'>exit.</span> <span class='ocrx_word' id='word_1_842' title='bbox 2560 5527 2642 5584; x_wconf 85' lang='lat' dir='ltr'>Cf.</span> <span class='ocrx_word' id='word_1_843' title='bbox 2706 5526 2858 5583; x_wconf 86' lang='lat' dir='ltr'>Frid.</span> <span class='ocrx_word' id='word_1_844' title='bbox 2916 5526 3080 5586; x_wconf 85' lang='lat' dir='ltr'>Tafel</span> <span class='ocrx_word' id='word_1_845' title='bbox 3102 5528 3164 5585; x_wconf 93' lang='lat' dir='ltr'>in</span> <span class='ocrx_word' id='word_1_846' title='bbox 3195 5525 3625 5589; x_wconf 69' lang='lat' dir='ltr'>Dissertatione</span> 
     </span>
    </p>
   </div>
   <div class='ocr_carea' id='block_1_119' title="bbox 243 5596 2179 5674">
    <p class='ocr_par' dir='ltr' id='par_1_119' title="bbox 243 5596 2179 5674">
     <span class='ocr_line' id='line_1_119' title="bbox 243 5596 2179 5674; baseline 0.001 -20"><span class='ocrx_word' id='word_1_847' title='bbox 243 5597 332 5655; x_wconf 82' lang='lat' dir='ltr'>de</span> <span class='ocrx_word' id='word_1_848' title='bbox 366 5596 786 5656; x_wconf 77' lang='lat' dir='ltr'>Thessalonica</span> <span class='ocrx_word' id='word_1_849' title='bbox 803 5599 1048 5669; x_wconf 78' lang='lat' dir='ltr'>ejusque</span> <span class='ocrx_word' id='word_1_850' title='bbox 1074 5612 1245 5670; x_wconf 77' lang='lat' dir='ltr'>agro,</span> <span class='ocrx_word' id='word_1_851' title='bbox 1276 5596 1554 5668; x_wconf 72' lang='lat' dir='ltr'>Bel-oliui,</span> <span class='ocrx_word' id='word_1_852' title='bbox 1582 5596 1740 5664; x_wconf 35' lang='lat'>1839’,</span> <span class='ocrx_word' id='word_1_853' title='bbox 1780 5599 1989 5674; x_wconf 70' lang='lat' dir='ltr'>p.301.</span> <span class='ocrx_word' id='word_1_854' title='bbox 2028 5600 2179 5656; x_wconf 81' lang='lat' dir='ltr'>Em&#39;r.</span> 
     </span>
    </p>
   </div>
  </div>
