4152 6382
567 281 700 338 1063
1839 271 2122 328 GEORGII
2150 268 2617 328 ACROPOLITzE
3794 279 3956 335 4054

564 404 850 462 tutiorum
876 403 1031 457 strue
1063 398 1433 456 circumdata
1463 401 1566 454 aut
1587 395 1992 453 habitantium
2022 394 2216 452 multi.
2254 398 2302 452 Α
2330 393 2586 462 νουπόλει,
2643 401 2715 466 τῷ
2763 391 3045 469 Διδυμοτοι

2331 393 2586 462 νουπὸλει,
2643 401 2715 466 τῷ
2763 391 3146 471 Αιδυμοτοίχῳ
3215 402 3259 470 ³,
3316 410 3379 474 τῇ
3446 401 3634 476 Βιζύῃ,
3673 409 3737 476 τῇ
3803 401 3960 456 Καλ-

563 493 769 550 tudine
808 491 1226 562 circumsepta,
1252 487 1540 544 divenditi
1572 490 1729 542 sunt.
2331 483 2592 536 λιουπόλει
2655 489 2746 537 καὶ
2801 489 2847 538 εἶ
2901 505 2954 538 τι
3010 487 3045 538 ἄ

2331 483 2592 536 λιουπόλει
2655 489 2746 537 καὶ
2801 489 2847 538 εἶ
2901 505 2954 538 τι
3010 487 3132 541 ἄλλο
3200 486 3260 548 ἦν
3311 495 3544 563 τείχεσιν
3576 490 3960 565 ἐρυμνοτέρως

2331 572 2678 647 ὠχυρωμένον
2731 579 2822 628 καὶ
2879 584 2951 648 τῷ
3019 576 3204 637 πλήθει
3280 588 3379 633 τῶν
3432 579 3708 633 οἰκούντων
3763 581 3960 654 ἠσφα-

2328 659 2566 733 λισμένον
2599 663 2641 717 ⁸.

635 770 724 824 36.
753 769 902 824 Cum
920 765 1052 822 haec
1081 766 1160 822 ita
1188 764 1592 832 succederent,
1617 762 1805 820 Latini
1826 777 2070 836 quoque
2091 776 2219 834 per-
2401 749 2507 806 λθ¹σ
2553 751 2693 805 Ἐπεὶ
2736 759 2862 824 γοῦν
2911 753 3045 806 οὕτω

2401 749 2507 806 λθλ.
2553 751 2693 805 Ἐπεὶ
2736 759 2862 824 γοῦν
2911 753 3047 806 οὕτω
3070 762 3237 809 ταῦτα
3297 755 3512 825 συνέϐη,
3544 759 3602 811 τὸ
3641 765 3742 810 τῶν
3776 763 3957 812 Λατί-

563 861 743 931 petuo
799 856 862 911 in
890 871 1001 910 nos
1032 855 1170 910 odio
1189 870 1259 911 ac
1282 854 1475 910 furore
1506 852 1883 918 inﬂammati,
1902 855 1956 908 et
1977 855 2221 924 propter
2327 857 2425 891 νων
2449 838 2714 931 γένοςμάεὶ
2755 842 2875 894 καθ’
2904 844 3045 931 ﬁt“???

2331 857 2425 891 νων
2449 843 2591 911 γένος
2635 838 2714 893 ἀεὶ
2755 842 2875 894 καθ’
2904 844 3051 915 ἡμῶν
3099 850 3286 918 μανίαν
3330 850 3618 922 τρέφοντες,
3676 852 3768 900 καὶ
3827 855 3958 920 χεῖ-

564 926 751 1018 quam
769 945 831 1000 in
854 961 958 1000 eos
979 947 1238 1001 Joannes
1257 943 1581 1016 imperator
1599 947 1656 998 et
1679 947 1916 998 Asanus
1941 940 2219 1012 irruptio-
2329 947 2418 1001 ρον
2485 926 2545 982 δὲ
2595 926 2908 993 διατεθέντες
2991 929 3045 986 δι

2331 947 2418 1001 ρον
2485 926 2545 982 δὲ
2595 926 2908 993 διατεθέντες
2991 929 3084 986 διὰ
3129 938 3221 994 τὴν
3267 938 3368 1011 πρὸ
3420 942 3612 1013 μικροῦ
3660 941 3954 1008 γενομένην

563 1049 705 1092 nem
721 1034 1003 1102 fecerant,
1021 1039 1078 1089 et
1094 1031 1334 1088 urbium
1357 1048 1426 1088 ac
1447 1031 1809 1104 oppidorum
1821 1030 2220 1103 privationem
2332 1022 2486 1089 σφίσι
2513 1020 2659 1094 παρά
2687 1039 2718 1072 τ
2721 1039 2742 1073 ε
2772 1027 2862 1074 τοῦ
2903 1019 3045 1094 βασιῗ

2332 1022 2486 1089 σφίσι
2513 1020 2659 1094 παρά
2687 1039 2742 1073 τε
2772 1027 2862 1074 τοῦ
2903 1019 3165 1094 βασιλέως
3204 1024 3440 1078 Ἰωάννου
3495 1029 3585 1078 καὶ
3634 1033 3730 1078 τοῦ
3774 1025 3953 1080 ’Δσᾶν

565 1123 759 1194 magis
785 1139 854 1180 ac
879 1122 1069 1192 magis
1089 1121 1321 1188 infensi,
1355 1124 1563 1176 nostra
1580 1119 1968 1190 aggrediendi
1989 1133 2222 1190 nosque
2330 1104 2514 1180 ἔφοδον
2544 1115 2633 1162 καὶ
2657 1118 2753 1163 τῶν
2783 1119 2973 1185 χωρῶν
2998 1132 3045 1164 κε

2331 1104 2514 1180 ἔφοδον
2544 1115 2633 1162 καὶ
2657 1118 2753 1163 τῶν
2783 1119 2973 1185 χωρῶν
2998 1117 3087 1166 καὶ
3115 1121 3216 1166 τῶν
3261 1114 3543 1188 πολιχνίων
3595 1113 3767 1167 αὐτῶν
3836 1120 3952 1170 στέ-

565 1208 1866 1285 ορρτὶωοηάὶοοοδείοηεωᾳυεεεεὺοηῑβιδῤ
1881 1209 2034 1265 vires
2049 1206 2225 1264 amis-
2331 1216 2510 1270 ρησιν,
2560 1204 2743 1273 καιρὸν
2794 1200 3013 1263 ἐζήτουν

2331 1216 2510 1270 ρησιν,
2560 1204 2743 1273 καιρὸν
2794 1200 3013 1263 ἐζήτουν
3073 1200 3529 1276 ἐπιχειρήσασθαι
3583 1206 3703 1258 καθ’
3770 1207 3950 1278 ἡμῶν,

567 1318 668 1358 sas
693 1300 1116 1357 instaurandas
1141 1301 1284 1356 satis
1303 1299 1448 1355 illud
1478 1303 1998 1371 peropportunum
2023 1298 2223 1354 visum
2333 1288 2564 1362 εὑρόντες
2614 1297 2688 1361 τῷ
2741 1294 2855 1343 τότε
2908 1288 3045 1363 δυνά,

2333 1288 2564 1362 εὑρόντες
2614 1297 2688 1361 τῷ
2741 1294 2855 1343 τότε
2908 1288 3210 1364 δυνάμενον,
3263 1296 3334 1355 ὡς
3392 1297 3572 1366 ᾤοντο,
3629 1298 3719 1354 τὴν
3778 1295 3948 1354 ἧτταν

566 1395 675 1446 est.
708 1390 967 1445 Primum
1001 1388 1113 1444 sibi
1143 1394 1411 1444 Asanum
1439 1387 1778 1458 conciliant,
1805 1404 1943 1443 cum
1967 1402 2090 1460 quo
2120 1401 2223 1459 pa-
2331 1379 2538 1440 τούτοις
2590 1376 3030 1436 ἀνακαλέσασθαι.

2331 1379 2538 1440 τούτοις
2590 1376 3030 1436 ἀνακαλέσασθαι.
3077 1386 3178 1435 Καὶ
3260 1390 3444 1459 πρῶτα
3494 1386 3585 1458 μὲν
3631 1387 3721 1436 τὸν
3777 1384 3947 1439 ’Δσὰν

565 1496 694 1536 cem
719 1483 1092 1552 componunt
1116 1495 1130 1546 ;
1151 1479 1433 1551 deinceps
1455 1479 1706 1552 Scythas
1732 1477 2049 1546 barbaros,
2069 1493 2225 1534 erro-
2333 1466 2727 1537 ὖποποιοῧνται,
2759 1473 2848 1521 καὶ
2869 1473 3035 1543 τούτῳ

2333 1466 2727 1537 ὑποποιοῦνται,
2759 1473 2848 1521 καὶ
2869 1473 3035 1543 τούτῳ
3075 1473 3143 1523 τὰ
3191 1474 3322 1546 πρὸς
3379 1472 3584 1547 εἰρήνην
3611 1475 3633 1509 ⁵
3689 1471 3944 1528 σπένδον-

563 1584 690 1638 nes,
710 1568 1058 1641 peregrinos
1072 1572 1128 1624 et
1151 1568 1417 1624 advenas
1437 1566 1819 1623 munusculis
1843 1566 2096 1636 exiguis,
2121 1567 2224 1622 sed
2332 1573 2362 1606 τ
2366 1574 2423 1641 αι
2459 1577 2471 1588 ·
2497 1557 2673 1609 ἔπειτα
2704 1553 2762 1610 δὲ
2794 1561 2888 1611 σὺν
2915 1559 3045 1631 αὖτᾷ

2332 1573 2421 1606 ται
2459 1577 2471 1588 ·
2497 1557 2673 1609 ἔπειτα
2704 1553 2762 1610 δὲ
2794 1561 2888 1611 σὺν
2915 1559 3055 1631 αύτῷ
3084 1564 3174 1613 καὶ
3203 1564 3322 1623 τοὺς
3361 1564 3578 1630 Σκύθας,
3635 1561 3947 1639 βαρϐάρους

564 1640 1703 1730 uberioribuspromissionibusillectos
1728 1655 2220 1722 sibiadsciscunt,
2333 1640 2527 1719 ἄνδρας
2585 1644 2779 1709 ἀλήτας
2829 1667 2883 1700 τε
2935 1653 3025 1701 καὶ

2333 1640 2527 1719 ἄνδρας
2585 1644 2779 1709 ἀλήτας
2829 1667 2883 1700 τε
2935 1653 3025 1701 καὶ
3081 1645 3368 1717 ἐπήλυδας,
3426 1658 3635 1726 μικροῖς
3680 1672 3801 1704 τισι
3840 1659 3950 1716 τοῖς

565 1748 1066 1820 agendorumque
1091 1746 1206 1802 sibi
1231 1747 1427 1803 socios
1445 1745 1889 1818 allegant.Hinc
1902 1746 2224 1816 magnisex
2255 1762 2295 1817 Β
2333 1739 2665 1809 χαρίσμασι.
2724 1743 3040 1814 μακροτέραι

2333 1739 2665 1809 χαρίσμασι,
2724 1743 3065 1814 μακροτέραις
3123 1736 3184 1793 δέ
3231 1760 3291 1812 γε
3346 1748 3458 1802 ταῖς
3505 1743 3875 1814 ὑποσχέσεσιν
3926 1745 3947 1779 ⁸

567 1837 802 1910 Scythis
834 1841 892 1893 et
937 1836 1208 1906 Bulgaris
1245 1835 1638 1892 auxiliaribus
1673 1836 1860 1908 copiis
1896 1835 2223 1892 recollectis
2336 1824 2402 1885 εἷς
2460 1825 2670 1887 ἐοιυτούς
2714 1827 2923 1880 ἕλκουσι
2967 1833 3045 1881 καῖ

2336 1824 2402 1885 εἰς
2460 1825 2670 1887 ἑαυτοὺς
2714 1827 2923 1880 ἕλκουσι
2967 1833 3057 1881 καὶ
3127 1831 3538 1903 συμπράκτορας
3613 1839 3715 1884 τῶν
3783 1834 3950 1904 ἔργων

565 1925 832 1982 Italiuna
853 1924 1259 1981 omnessimul
1281 1924 1574 1982 adversus
1594 1927 1884 1982 Joannem
1905 1924 2226 1997 imperato-
2333 1921 2565 1970 ποιοῦσι.
2624 1921 2725 1969 Καὶ
2770 1913 2838 1975 δὴ
2888 1936 3045 1990 συμμι

2333 1921 2565 1970 ποιοῦσι.
2624 1921 2725 1969 Καὶ
2770 1913 2838 1975 δὴ
2888 1923 3204 1990 συμμαχίαν
3231 1922 3493 1978 τοσαύτην
3532 1921 3588 1972 ἔκ
3656 1939 3710 1973 τε
3737 1924 3950 1975 Σκυθῶν

566 2031 699 2071 rem
729 2014 920 2072 aciem
971 2015 1291 2070 instruunt.
1351 2017 1416 2070 Et
1462 2031 1600 2070 cum
1645 2029 1831 2087 prope
1869 2013 2226 2070 Tzurulense
2334 2009 2424 2056 καὶ
2481 2004 2786 2079 Βουλγάρων
2816 2007 2836 2041 ⁷
2870 2009 3045 2082 συνηθι

2334 2009 2424 2056 καὶ
2481 2004 2786 2079 Βουλγάρων
2816 2007 2836 2041 ⁷
2870 2009 3267 2082 συνηθροικότες
3293 2010 3342 2060 οἱ
3374 2008 3561 2062 Ἰταλοὶ
3599 2011 3764 2082 ὁμόσε
3809 2014 3952 2065 κατὰ

567 2106 687 2177 60
702 2109 965 2161 castrum
979 2104 1314 2175 esset,vires
1329 2103 1405 2159 ad
1419 2103 1479 2160 id
1491 2103 1971 2176 oppugnandum
1986 2119 2229 2159 conver-
2336 2100 2427 2146 τοῦ
2459 2091 2720 2166 βασιλέως
2749 2096 2988 2149 Ἰωάννου
3044 2163 3045 2166 η

2336 2100 2427 2146 τοῦ
2459 2091 2720 2166 βασιλέως
2749 2096 2988 2149 Ἰωάννου
3044 2104 3338 2170 χωροῦσιν.
3391 2095 3468 2171 [Ρ.
3529 2099 3624 2173 30]
3691 2100 3835 2153 Ἐπεὶ
3891 2098 3950 2154 δὲ

568 2199 718 2264 tunt,
742 2194 957 2250 eodem
981 2197 1182 2249 Asano
1212 2197 1505 2266 praesente
1527 2209 1665 2248 cum
1688 2196 1775 2249 tot
1795 2192 2050 2248 millenis
2085 2195 2224 2266 Scy-
2339 2188 2517 2255 σφίσιν
2566 2186 2621 2236 ἑκ
2678 2192 2770 2237 τοῦ
2841 2181 3040 2258 σχεδὸν

2339 2188 2517 2255 σφίσιν
2566 2186 2621 2236 ἑκ
2678 2192 2770 2237 τοῦ
2841 2181 3040 2258 σχεδὸν
3082 2189 3141 2238 τὸ
3189 2193 3285 2249 τῆς
3339 2186 3669 2262 Τζουρουλοῦ
3723 2188 3746 2224 ⁸
3805 2191 3946 2242 ἄστυ

565 2284 809 2341 tharum
836 2287 891 2339 et
919 2282 1310 2353 Bulgarorum
1336 2286 1391 2337 et
1411 2280 1625 2338 Italicis
1651 2281 1966 2338 machinis.
1993 2282 2225 2337 Tzuruli
2336 2272 2610 2345 ἐτύγχανε,
2653 2274 2768 2326 κατ’
2814 2273 3006 2326 ἐκείνου

2336 2272 2610 2345 ἐτύγχανε,
2653 2274 2768 2326 κατ’
2814 2273 3006 2326 ἐκείνου
3055 2279 3150 2334 τὴν
3196 2278 3380 2348 μάχην
3431 2278 3639 2345 ἱστῶσι,
3689 2282 3948 2352 παρόντος

567 2371 840 2428 custodia
859 2371 1190 2443 Nicephoro
1214 2369 1644 2440 Tarchaniotae,
1667 2371 1770 2444 qui
1793 2387 1823 2426 e
1845 2385 2058 2426 mensa
2086 2375 2226 2426 tunc
2336 2362 2760 2436 αὖτοπροσώπως
2796 2365 2817 2398 ⁹
2857 2369 2946 2416 καὶ
2993 2383 3045 2417 τι

2336 2362 2760 2436 αὑτοπροσὼπως
2796 2365 2817 2398 9
2857 2369 2946 2416 καὶ
2993 2371 3084 2417 τοῦ
3132 2365 3297 2418 Ἀσὰν
3360 2368 3490 2438 μετὰ
3528 2369 3795 2418 τοσούτων
3854 2389 3947 2441 χι-

568 2465 696 2518 erat
726 2461 1122 2534 imperatoris,
1146 2460 1540 2534 postmodum
1569 2475 1829 2531 magnus
1859 2459 2227 2516 domesticus
2335 2451 2609 2523 λιοστύων,
2646 2461 2746 2504 τῶν
2786 2454 3045 2505 Σκυθικῶν

2335 2451 2609 2523 λιοστύων,
2646 2461 2746 2504 τῶν
2786 2454 3048 2505 Σκυθικῶν
3089 2458 3179 2506 καὶ
3217 2462 3315 2506 τῶν
3370 2455 3734 2531 Βουλγαρικῶν
3781 2476 3946 2531 στρα·

568 2555 803 2607 creatus
823 2554 932 2619 est,
957 2549 1494 2620 magnidomestici
1522 2548 1845 2621 Palaeologi
1865 2564 2066 2620 gener,
2086 2565 2225 2606 cum
2334 2543 2618 2614 τιυμοίτων,
2655 2547 2746 2595 καὶ
2799 2550 2898 2595 τῶν
2956 2541 3045 2596 Ἰτι

2334 2543 2618 2614 τευμάτων,
2655 2547 2746 2595 καὶ
2799 2550 2898 2595 τῶν
2956 2541 3220 2596 Ἰταλικῶν
3285 2547 3708 2618 μηχανημάτων,
3744 2545 3843 2599 Ἦν
3886 2545 3947 2601 δὲ

567 2641 831 2714 primum
853 2639 1009 2696 illius
1037 2639 1224 2696 ﬁliam
1264 2639 1507 2696 Mariam
1532 2638 1644 2694 sibi
1675 2638 1897 2711 nuptiis
1919 2638 2226 2709 adjunxis-
2333 2639 2424 2692 τῆς
2460 2631 2790 2708 Τζουρουλοῡ
2847 2633 2892 2667 ¹⁰
2940 2635 3034 2690 τὴν

2333 2639 2424 2692 τῆς
2460 2631 2790 2708 Τζουρουλοῦ
2847 2633 2892 2667 ¹⁰
2940 2635 3034 2690 τὴν
3079 2635 3306 2706 φρουρὰν
3351 2635 3499 2709 παρὰ
3538 2642 3632 2687 τοῦ
3683 2633 3948 2705 βασιλέως

568 2732 672 2800 set,
707 2729 788 2784 ab
816 2728 1175 2800 imperatore
1205 2729 1433 2783 Joanne
1455 2726 1824 2783 demandata
1846 2725 2055 2783 fuerat.
2092 2729 2228 2785 Erat
2333 2719 2574 2774 Ἰωάννου
2617 2717 3038 2794 προσδεδεγμένο

2333 2719 2574 2774 Ἰωάννου
2617 2717 3066 2794 προσδεδεγμένος
3101 2723 3127 2772 ὁ
3156 2727 3565 2794 Ταρχανειὼτης
3618 2729 3946 2802 Νικηφόρος,

564 2817 960 2874 Tarchaniota
999 2817 1172 2874 miles
1211 2821 1502 2889 praestans
1560 2821 1616 2872 et
1659 2816 1922 2888 optimus
1979 2816 2122 2884 dux,
2171 2820 2229 2876 et
2337 2813 2392 2874 ὃς
2429 2814 2467 2848 ¹¹
2529 2811 2614 2865 ἐπὶ
2671 2819 2764 2873 τῆς
2813 2814 3044 2885 τραπέζη

2337 2813 2392 2874 ὃς
2429 2814 2467 2848 ¹¹
2529 2811 2614 2865 ἐπὶ
2671 2819 2764 2873 τῆς
2813 2814 3076 2885 τραπέζης
3131 2813 3244 2880 (71)
3287 2820 3380 2865 τοῦ
3433 2810 3694 2886 βασιλέως
3731 2817 3947 2890 ὑπῆρχε

566 2907 752 2964 divini
769 2907 1027 2980 prmsidii
1051 2905 1705 2980 saepissimeparticeps,
1735 2905 2228 2980 utexituﬁneque
2335 2907 2469 2967 τότε,
2531 2905 2693 2974 μέγας
2752 2897 2811 2953 δὲ
2871 2897 3045 2972 δομέσλ

2335 2907 2469 2967 τότε,
2531 2905 2693 2974 μέγας
2752 2897 2811 2953 δὲ
2871 2897 3182 2972 δομέστικος
3233 2905 3511 2967 τετίμηται
3581 2906 3799 2978 ὕστερον
3872 2907 3943 2972 η,

565 3012 766 3053 rerum
805 3000 1077 3069 patenter
1104 2995 1362 3050 innotuit
1403 3011 1416 3049 :
1449 3009 1718 3066 namque
1765 3009 1905 3050 eum
1956 2994 2226 3068 plerique
2334 2989 2565 3064 γαμϐρὸς
2597 2990 2656 3042 6“:
2677 2987 2738 3049 ἦν
2767 2997 2858 3042 τοῦ
2906 2989 3045 3063 μεγοε

2334 2989 2565 3064 γαμϐρὸς
2597 2990 2656 3042 δε
2677 2987 2738 3049 ἦν
2767 2997 2858 3042 τοῦ
2906 2989 3132 3063 μεγάλου
3191 2985 3513 3064 δομεστίκου
3571 3000 3665 3046 τοῦ
3718 2993 3946 3047 Παλαιοο

565 3085 868 3157 aspirante
889 3084 1082 3154 magis
1103 3082 1341 3139 fortuna
1356 3097 1450 3138 res
1473 3081 1781 3138 absolvere
1802 3098 1987 3155 quam
2009 3083 2226 3141 robore
2262 3147 2296 3159 η
2333 3079 2490 3152 λόγου
2521 3078 2605 3133 ἐπὶ
2636 3087 2696 3153 τῇ
2730 3084 2908 3156 πρώτη
2959 3079 3045 3132 αὐτ

2333 3079 2490 3152 λόγου
2521 3078 2605 3133 ἐπὶ
2636 3087 2696 3153 τῇ
2730 3084 2908 3156 πρώτη
2959 3079 3118 3132 αὐτοῦ
3177 3081 3399 3157 θυγατρὶ
3447 3087 3650 3159 Μαρίᾳ.
3679 3083 3774 3136 Ἦν
3803 3081 3865 3137 δὲ
3916 3085 3945 3138 ό

566 3147 893 3230 δι’ωἱὶὶῒοτί
922 3147 1132 3244 peritia
1171 3170 1376 3226 hostes
1431 3186 1718 3242 superare
1768 3147 2222 3233 eiistimabant.
2257 3147 2296 3202 Ο
2333 3147 2735 3244 Ταρχανειώτής
2771 3147 2780 3156 ’
2813 3147 2902 3221 καὶ
2983 3188 3045 3221 στ

2333 3147 2735 3244 Ταρχανειὼτίης
2771 3147 2780 3156 ’
2813 3147 2902 3221 καί
2983 3147 3310 3242 στρατιώτης
3345 3147 3355 3157 Ι
3391 3147 3548 3234 καλὸς
3593 3147 3678 3224 καὶ
3729 3169 3941 3242 ἀγαθὸς

565 3263 892 3332 Postquam
923 3265 1186 3316 castrum
1210 3258 1444 3315 amilite
1457 3259 1928 3332 circumseptum
1940 3265 2045 3332 est,
2068 3262 2224 3318 arie-
2336 3261 2625 3334 στρατηγὸς
2709 3258 2776 3325 ¹³,
2831 3262 2922 3310 καὶ
2972 3259 3045 3311 ποῖ

2336 3261 2625 3334 στρατηγὸς
2709 3258 2776 3325 ¹³,
2831 3262 2922 3310 καὶ
2972 3257 3161 3319 πολλῆς
3235 3257 3560 3313 ἐπαπολαύων
3633 3263 3727 3320 τῆς
3775 3261 3933 3333 παρὰ

564 3354 654 3406 tes
688 3353 1104 3421 tormentaque
1149 3347 1306 3404 Italis
1360 3347 1606 3405 adfuere
1645 3348 1837 3405 multa
1893 3353 1949 3407 et
1999 3351 2220 3420 valida,
2336 3354 2470 3403 Θεοῦ
2525 3345 2861 3418 ἀντιληψεως,
2922 3349 3045 3400 καθά

2336 3354 2470 3403 Θεοῦ
2525 3345 2861 3418 ἀντιληψεως,
2922 3349 3095 3410 καθὼς
3133 3352 3223 3400 καὶ
3275 3353 3436 3426 μέχρι
3476 3346 3650 3409 τέλους
3703 3345 3940 3419 ἐπέγνω-

565 3437 789 3510 quibus
809 3453 932 3493 non
957 3438 1072 3493 hoc
1093 3435 1290 3493 solum
1313 3437 1419 3493 sed
1443 3436 1682 3493 altiores
1719 3437 1901 3495 etiam
1933 3456 2138 3498 muros
2168 3443 2226 3497 et
2338 3456 2461 3491 σται
2488 3435 2722 3509 μάλιστα
2780 3457 2793 3470 ο
2846 3442 2936 3489 καὶ
2983 3439 3045 3509 γᾶ

2338 3456 2461 3491 σται
2488 3435 2722 3509 μαλιστα
2780 3457 2793 3470 ο
2846 3442 2936 3489 καὶ
2983 3439 3087 3512 γὰρ
3131 3433 3304 3491 ἐδόκει
3343 3445 3452 3500 τοῖς
3479 3437 3677 3499 πολλοῖς
3706 3436 3947 3511 εὐτυχίᾳ

561 3527 926 3599 ingentiores
951 3527 1131 3584 urbes
1156 3532 1473 3600 quassatas
1495 3527 1843 3588 diruissent.
1874 3532 2036 3586 Tunc
2067 3531 2226 3600 cogi-
2333 3529 2744 3602 κατορθούμενος
2788 3530 2856 3579 τὰ
2899 3526 3045 3580 πολλά

2333 3529 2744 3602 κατορθούμενος
2788 3530 2856 3579 τὰ
2899 3526 3063 3580 πολλὰ
3108 3527 3137 3587 ἦ
3191 3525 3446 3602 εὐανδρίᾳ
3503 3533 3591 3581 καὶ
3639 3533 3953 3604 στρατηγίᾳ

561 3617 1221 3688 tationesmagnasetin
1237 3615 2227 3692 bellicisdisponendisindustriam
2333 3625 2432 3670 τῶν
2485 3615 2720 3669 ἐναντίων
2801 3621 3045 3692 περιγενό,

2333 3625 2432 3670 τῶν
2485 3615 2720 3669 ἐναντίων
2801 3621 3191 3692 περιγενόμενος
3242 3619 3306 3672 ¹¹⁶.
3358 3619 3507 3671 Ἐπεὶ
3551 3615 3611 3670 δὲ
3662 3626 3734 3690 τῷ
3788 3618 3952 3672 ἄστει

563 3722 688 3763 una
726 3721 864 3762 cum
896 3706 1094 3773 sociis,
1127 3705 1232 3779 qui
1271 3721 1303 3762 e
1343 3721 1555 3762 mensa
1593 3710 1738 3773 erat,
1799 3706 2058 3763 dilucide
2083 3709 2226 3765 satis
2331 3707 2771 3781 παρεκαθίσαντο,
2822 3711 3040 3778 μηχανὴ

2331 3707 2771 3781 παρεκαθίσαντο,
2822 3707 3191 3778 μηχανήματά
3239 3725 3295 3760 τε
3366 3711 3457 3760 καὶ
3533 3707 3787 3770 ἑλεπόλεις
3835 3715 3956 3770 τοῖς

563 3795 1016 3853 demonstravit.
1042 3797 1258 3850 Verum
1285 3799 1474 3851 totum
1501 3794 1564 3851 id
1595 3795 1812 3852 divinae
1833 3797 1935 3868 opi
1964 3797 2224 3854 tribuen-
2332 3793 2548 3857 Ἰταλοῖς
2602 3795 2925 3868 ἐγεγόνεισαν
2976 3814 3045 3848 πο

2332 3793 2548 3857 Ἰταλοῖς
2602 3795 2925 3868 ἐγεγόνεισαν
2976 3793 3165 3848 πολλαί
3220 3815 3275 3849 τε
3311 3801 3402 3849 καὶ
3457 3796 3706 3871 ἰσχυραὶ,
3751 3798 3824 3860 ὡς
3869 3802 3950 3871 μὴ

561 3884 710 3941 dum
736 3889 845 3942 est.
880 3888 1029 3942 Nam
1071 3884 1466 3941 Tarchaniota
1493 3884 1554 3940 in
1584 3888 1862 3943 externas
1903 3887 2218 3945 machinas
2328 3890 2480 3960 μόνον
2510 3880 2793 3944 τηλικοῦδε
2821 3885 3023 3947 ἄστεως

2331 3890 2480 3960 μόνον
2510 3880 2793 3944 τηλικοῦδε
2821 3885 3023 3947 ἄστεως
3050 3887 3414 3960 περιγενέσθαι
3448 3885 3765 3958 ἰσχύουσαι,
3817 3885 3956 3940 ἀλλὰ

561 3976 710 4034 alias
739 3976 866 4048 ipse
897 3974 1380 4042 machinabatur,
1405 3979 1461 4030 et
1481 3978 1660 4030 tantae
1678 3975 1991 4047 copiarum
2014 3977 2218 4034 multi-
2326 3981 2418 4029 καὶ
2467 3974 2796 4048 ὑψηλοτέρων
2845 3983 3038 4047 τειχῶν

2331 3981 2418 4029 καὶ
2467 3974 2796 4048 ὑψηλοτέρων
2845 3983 3038 4047 τειχῶν
3089 3979 3179 4027 καὶ
3232 3975 3673 4052 εῦμεγεθεστέρων
3720 3975 3953 4049 πόλεων,

558 4065 954 4123 tudinirobur
975 4080 1045 4119 ac
1065 4065 1337 4120 animum
1383 4080 1521 4137 quae
1545 4064 1606 4120 in
1638 4065 1941 4122 immensa
1959 4065 2217 4123 militum
2323 4070 2441 4119 τότε
2468 4067 2527 4117 τὸ
2547 4071 2778 4137 γενναῖον
2827 4053 3045 4139 φρόνημε

2331 4070 2441 4119 τότε
2468 4067 2527 4117 τὸ
2547 4071 2778 4137 γενναῖον
2827 4051 3068 4139 φρόνημα
3116 4067 3204 4116 καὶ
3261 4068 3356 4123 τὴν
3406 4051 3764 4142 στρατηγικὴν
3820 4067 3960 4138 μεθ-

558 4153 1192 4226 multitudinereperiri
1209 4159 1479 4226 possent,
1499 4155 1950 4226 opposuit.Haec
1969 4157 2216 4212 anxium
2323 4150 2499 4208 οδείαν
2551 4155 2681 4226 μετὰ
2707 4160 2807 4205 τῶν
2851 4155 2945 4205 σὺν
2976 4153 3044 4206 αὑ

2331 4150 2499 4208 οδείαν
2551 4155 2681 4226 μετὰ
2707 4160 2807 4205 τῶν
2851 4155 2945 4205 σὺν
2976 4153 3115 4224 αὐτῷ
3155 4154 3180 4206 ὁ
3238 4152 3322 4207 ἐπὶ
3377 4161 3468 4216 τῆς
3514 4157 3786 4229 τραπέζης
3814 4154 3960 4228 λοιμ-

561 4261 632 4302 ac
663 4242 2068 4316 sollicitumhabebantJoannemimperatorem,
2092 4260 2216 4302 non
2321 4250 2464 4315 πρῶς
2494 4238 2802 4304 ἐνεδείξατο.
2843 4241 2939 4295 Ἦν
2988 4238 3045 4295 δὲ

2331 4250 2464 4315 πρῶς
2494 4238 2802 4304 ἐνεδείξατο.
2843 4241 2939 4295 Ἦν
2988 4238 3049 4295 δε
3077 4245 3136 4295 τὸ
3167 4243 3281 4295 ὅλον
3311 4251 3406 4306 τῆς
3453 4252 3546 4296 τοῦ
3605 4251 3743 4298 Θεοῦ
3805 4243 3960 4298 ἄντι-

558 4338 796 4392 tantum
834 4333 908 4389 de
942 4338 1140 4390 castro
1179 4335 1717 4407 pertimescentem,
1750 4333 1856 4388 sed
1920 4335 2216 4405 tanquam
2323 4329 2532 4401 λήψεως
2565 4330 2679 4402 (72)
2709 4351 2722 4364 ο
2757 4329 3045 4404 ἀντεμηχω

2331 4329 2532 4401 λήψεως
2565 4330 2679 4402 (72)
2709 4351 2722 4364 ⁸
2757 4329 3158 4404 ἀντεμηχανᾶτο
3204 4334 3305 4405 γὰρ
3348 4327 3494 4386 ἔνδον
3545 4334 3572 4384 ὁ
3597 4339 3962 4407 Ταρχανειὼ-

561 4438 802 4480 summo
822 4422 1064 4493 ingenio
1085 4426 1140 4478 et
1161 4421 1482 4496 prudentia
1500 4419 1717 4477 bellica
1745 4419 2067 4493 praeditum
2093 4422 2206 4494 61
2256 4495 2280 4497 ξ
2325 4441 2422 4483 της
2445 4425 2555 4481 τοῖς
2586 4419 2766 4483 ἔξωθεν
2796 4425 3045 4494 μηχανήρ

2331 4441 2422 4483 της
2445 4425 2555 4481 τοῖς
2586 4419 2766 4483 ἔξωθεν
2796 4425 3204 4494 μηχανήμασιν,
3237 4426 3328 4475 καὶ
3357 4430 3420 4496 τῇ
3479 4426 3709 4497 τοσαύτη
3743 4424 3962 4483 πληθύῐ

561 4512 986 4585 suspicantem,
1021 4511 1069 4566 si
1099 4513 1364 4570 castrum
1411 4509 1490 4566 ab
1541 4508 1822 4565 hostibus
1879 4516 2210 4580 caperetur,
2254 4495 2299 4551 ι)
2326 4517 2420 4572 τῆς
2462 4515 2710 4583 στρατιᾶς
2763 4507 3042 4583 ἀντεπεξῆγ

2331 4517 2420 4572 τῆς
2462 4515 2710 4583 στρατιᾶς
2763 4507 3070 4583 ἀντεπεξῆγε
3127 4513 3183 4564 τὸ
3231 4495 3478 4586 ἀνδρικὸν
3526 4511 3576 4565 ἐν
3629 4495 3963 4578 πολλου-τοίς

558 4617 937 4675 quaecunque
966 4602 1094 4674 ipse
1124 4600 1186 4656 in
1217 4597 1525 4656 occidente
1557 4597 1913 4670 possideret,
1961 4614 2212 4670 pessum
2326 4600 2460 4672 ἄγαν
2497 4606 2608 4662 τοῖς
2647 4604 2995 4672 στρατιώταις
3037 4602 3045 4635 1

2331 4600 2460 4672 ἄγαν
2497 4606 2608 4662 τοῖς
2647 4604 2995 4672 στρατιώταις
3037 4600 3103 4657 ¹⁵.
3160 4599 3243 4654 Ἐν
3295 4600 3579 4674 ἀμηχανίᾳ
3608 4598 3667 4655 δε
3688 4599 3753 4661 ἦν
3785 4604 3814 4655 ὁ
3856 4603 3962 4677 βα-

630 4692 653 4726 ³
689 4701 763 4776 τεξι
804 4688 1342 4776 Διδυμοτ-οίχιιιζνρω.
1385 4688 1451 4773 0,.
1528 4688 1550 4722 ‘
1578 4691 1671 4776 καί
1722 4686 1874 4776 sin—,-
1920 4687 2340 4776 ἠσφαλισμέμον]
2369 4693 2460 4742 καὶ
2506 4696 2617 4776 rei;
2669 4688 2907 4776 μείζοσιν
2957 4690 3174 4776 ἄστεσιν
3221 4691 3298 4776 DL
3363 4691 3496 4776 δ’τὰ
3554 4694 3682 4765 πρὸς
3725 4692 3956 4766 εἰρήνην

558 4779 680 4820 om.
871 4765 893 4800 ⁶
920 4749 1134 4837 μείζοσί
1149 4749 1199 4837 δ’
1231 4761 1591 4837 ὑποσχέσεσιν
1629 4761 1720 4837 ρζ
1771 4759 1792 4793 ’³
1832 4758 1888 4837 sit
1925 4749 2339 4837 Βουλγάρωῦ
2391 4776 2517 4837 om.
2669 4749 2680 4762 I
2709 4760 3045 4837 3_TCcupou)

2331 4749 2339 4807 ἶ
2391 4776 2517 4837 om.
2568 4749 2632 4817 [λ.
2669 4749 2680 4762 ’
2709 4760 3092 4837 ⁸ΑΤζουρουλῲ
3131 4760 3199 4816 D.
3277 4763 3298 4797 ⁸
3342 4749 3782 4837 αὑτοπροσώπωξ

558 4781 680 4820 om.
715 4781 786 4822 U.
871 4781 893 4800 '
920 4781 1176 4836 μειςοσισ
1231 4781 1591 4829 υποσχεσεσιν
1630 4781 1696 4814 υ.
1779 4781 1789 4793 '
1832 4781 1888 4811 εκ
1925 4789 1995 4799 -
2033 4781 2156 4812 now
2203 4781 2338 4837 αρων
2391 4781 2517 4817 om.
2568 4781 2632 4817 υ.
2709 4781 2732 4796 υ
2782 4781 3092 4836 ἰςουρουλω
3131 4781 3199 4816 υ.
3278 4781 3298 4797 '
3342 4781 3773 4836 αυτοπροσωπως
3813 4781 3954 4822 om.

557 4837 625 4892 Ι).
707 4836 752 4871 ⁸ο
777 4834 1011 4908 ἐφρούρει
1045 4829 1105 4885 δι
1125 4835 1220 4889 τὴν
1255 4829 1565 4908 Τζουρουλὼ
1594 4831 1645 4908 -ό
1687 4832 1786 4908 1),Δ
1830 4830 1895 4908 ¹¹Α
1939 4829 2014 4908 oc]
2160 4781 2225 4898 ὅ,
2291 4833 2535 4908 omissis
2586 4838 2679 4908 τοῦ
2735 4829 2996 4908 βασιλέως
3049 4833 3284 4906 ὑπῆρχε.
3364 4835 3409 4869 ¹²
3463 4836 3620 4906 μέγας
3679 4866 3757 4876 -
3801 4835 3956 4890 {Sa-rs

557 4912 666 4982 ρον]
695 4911 786 4982 καὶ
809 4897 1028 4981 ῦστερον
1050 4921 1214 4982 μεγας
1244 4897 1557 4982 δομεστικος
1592 4900 1660 4957 D.
1741 4901 1787 4937 ¹³
1815 4905 1906 4956 καὶ
1932 4897 2128 4974 ἀγαθὸς
2156 4897 2446 4979 στρατηγὸς
2470 4919 2594 4962 om.
2626 4903 2698 4959 D.
2735 4897 2744 4903 ’
2778 4905 2823 4940 ¹⁴
2852 4906 3026 4966 καθὼς
3077 4897 3572 4980 -’περιγενόμενός
3610 4921 3737 4964 om.
3768 4911 3816 4964 Β
3907 4911 3956 4944 ¹⁵

559 4975 870 5051 ἂντεπεξῆγε
891 4975 963 5020 -ὲ
987 4978 1332 5048 στρατιώταις
1357 4987 1478 5029 om.
1515 4975 1578 5028 D.

1452 5059 1794 5130 Theodori
1841 5062 2093 5133 Dousae
2143 5073 2209 5132 et
2255 5064 2510 5133 Leonis
2558 5063 2794 5134 Allatii
2841 5071 3045 5134 notae.

632 5195 747 5266 (71)
771 5191 829 5244 ὀ
856 5191 942 5243 ἐπὶ
972 5195 1068 5266 τῆς
1094 5187 1383 5266 τραπέζης.
1433 5187 1709 5266 Dignitas
1749 5188 1811 5244 in
1856 5190 2218 5266 Byaantino-
2327 5189 3534 5266 testaturNicephogusﬁmﬁomﬁ:lib-J7":
3560 5194 3772 5266 cap-8°
3797 5195 3958 5252 “de

559 5259 696 5343 rum
726 5259 1162 5343 imperatorum
1214 5259 1359 5343 aula
1408 5275 1529 5343 non
1550 5259 2088 5343 ‘postremo;.loco_
2117 5261 2223 5343 ha-
2329 5263 2396 5318 V.
2415 5264 2474 5317 C.
2499 5259 2835 5343 Marquardi
2853 5259 3742 5343 FreheriQriginesfalutjﬁgs,
3769 5273 3956 5343 parte

559 5335 685 5393 bita
714 5329 1087 5404 est,'utapu_d
1110 5329 1524 5404 Curopalatem
1549 5330 1828 5400 legimus.
1866 5331 2220 5404 Witichindo
2328 5349 2367 5399 ι,
2391 5347 2524 5404 cap.
2557 5329 2961 5388 iS‘renovatze
2992 5329 3357 5402 editionis,ct
3381 5336 3617 5392 Meursii
3646 5329 3853 5396 Gloss.
3890 5339 3959 5394 in

561 5411 654 5462 est
673 5419 888 5462 mensw
908 5401 1310 5472 ministratoi‘,
1330 5401 1458 5476 aliis
1479 5403 1747 5472 dapifer.
1779 5404 1968 5476 Quem
1984 5403 2220 5475 dapife-
2331 5401 2670 5476 Λομέστικος.
2705 5405 2921 5461 Dousa.

2331 5401 2670 5476 Λομέστικος.
2705 5405 2921 5461 DOUSA.
3128 5474 3137 5476 _
3204 5447 3207 5452 -

560 5480 728 5532 ratus
757 5475 1051 5530 honorem
1083 5489 1190 5529 seu
1217 5473 1632 5554 praefecturam
1667 5489 1893 5554 mensae
1935 5473 2219 5554 jamitum
2395 5473 2513 5602 872)
2582 5481 2689 5538 Τῆς
2752 5483 2844 5528 τοῦ
2921 5481 3045 5529 Θεοί

563 5547 677 5602 sub
695 5545 1052 5602 Contantino
1080 5547 1293 5602 Magno
1317 5546 1403 5602 ita
1429 5545 1766 5600 distributis
1788 5543 2004 5600 ofﬁcus
2043 5544 2215 5602 insti-
2329 5561 2391 5602 se
2456 5545 2559 5602 Dei
2579 5545 2769 5602 gratia
2794 5551 2883 5602 est
2907 5563 3045 5602 dum

2395 5473 2513 5602 872)
2543 5545 2554 5557 O
2582 5481 2844 5556 Tﬁ;_roz3
2921 5481 3055 5529 Θεοῦ
3117 5474 3460 5548 ἀντιλήψεως,
3534 5481 3665 5536 Non
3741 5496 3955 5553 arma,

2331 5561 2391 5602 se
2456 5549 2559 5602 D81
2579 5552 2769 5602 gratia
2794 5551 2883 5602 est
2907 5563 3046 5602 dum
3085 5553 3335 5602 pugnat.
3377 5551 3688 5602 Gregoras.
3740 5569 3807 5602 η-
3850 5557 3955 5602 83.

563 5547 677 5628 sub
695 5545 1052 5628 Contantino
1080 5543 1403 5628 Maghooita
1429 5545 1766 5628 distributis
1788 5543 2004 5628 officiis
2043 5544 2215 5628 insti-
2329 5543 2436 5628 sed
2453 5545 2559 5628 pei
2578 5545 2769 5628 gratia
2794 5551 2883 5628 est
2907 5563 3046 5628 quae
3085 5543 3335 5628 pugnat,
3377 5551 3688 5622 Gregoras,
3740 5569 3808 5626 p.
3850 5543 3956 5619 83;

561 5620 753 5676 tutam
782 5621 839 5675 et
865 5616 1097 5674 Russiaa
1120 5614 1375 5690 principi
1400 5616 1800 5687 assignatam,
1831 5617 1897 5673 ut
1922 5614 2040 5674 alia
2063 5615 2217 5687 aliis,
2329 5617 2404 5674 de
2435 5614 2639 5674 Alexio
2661 5614 3105 5692 Stratego'puloi
3121 5614 3259 5678 AiL.
