4152 6384
193 303 331 356 1065

193 425 366 487 σιλεύς
395 425 654 489 Ἰωάννης,
701 421 760 473 οὐ
820 428 1068 472 τοσοῦτον
1100 425 1202 470 τῶν
1255 417 1304 469 ἐν
1343 426 1414 489 τῷ
1467 419 1616 469 ἄστει
1647 417 1798 490 ὑπερ·
1834 437 1881 488 Α

194 523 449 586 αγωνιῶν,
492 512 598 564 ἀλλ’
663 513 705 546 ¹⁶
737 507 910 578 εἰδὼς,
945 511 1029 561 οἷα
1073 511 1303 579 ἐχέφρων
1338 514 1427 560 καὶ
1485 512 1691 568 συνετός
1735 509 1801 559 τα

193 606 417 678 πολέμια
457 606 525 671 Π,
579 606 643 663 ὡς
690 602 732 654 εἰ
801 604 857 653 τό
909 602 1046 652 οἰστυ
1125 601 1268 672 παρὰ
1314 608 1412 650 τῶν
1466 598 1702 650 ἐναντίων
1759 600 1800 633 1⁸

197 695 361 766 ἁλῴη,
395 689 603 766 φροῦδα
638 693 807 744 πάντα
833 692 897 742 τά
927 687 976 740 ἐν
997 697 1058 761 τῇ
1090 685 1244 740 δύσει
1273 691 1438 759 τούτῳ
1468 690 1804 759 τυγχάνοντα

197 789 452 857 γένοιντο,
480 787 619 842 Τέως
667 776 754 834 οὖν
807 781 989 851 ἠγάπα
1043 777 1232 851 μᾶλλον
1291 776 1338 829 ἐν
1386 780 1553 849 τούτῳ
1611 776 1804 836 ἐπτοῆ-

205 876 330 926 σθαι
357 876 477 934 τούς
501 872 776 944 πολεμίους
828 874 917 921 καὶ
976 871 1032 920 τό
1085 867 1214 920 πολὺ
1253 875 1345 928 τῆς
1383 869 1554 942 ῥύμης
1623 872 1803 938 σφίσιν

203 961 648 1015 ἐναποκόπτεσθαι
698 981 710 993 υ
766 957 908 1031 ἔμελε
945 960 1046 1031 γὰρ
1103 957 1244 1027 αὐτῷ
1299 955 1489 1029 μάλλον
1520 959 1585 1008 τὰ
1633 954 1682 1007 ἐν
1739 963 1800 1027 τῇ

205 1054 290 1125 ἕῳ,
369 1053 435 1104 ὧν
512 1051 782 1125 ἐλευθέρων
855 1049 1197 1124 ὑπαρχόντων
1256 1055 1347 1108 τῆς
1409 1049 1592 1120 μάχης
1635 1046 1806 1099 πλεῖον

205 1142 348 1213 αὐτῷ
372 1144 548 1201 τὸτῆς
599 1139 920 1212 εὐφροσύνης
957 1137 1120 1196 ύπῆν.
1189 1136 1629 1209 Πολιορκουμένου
1683 1142 1807 1208 γοῦν

204 1239 296 1285 τοῦ
378 1231 574 1290 ἄστεως
652 1227 984 1302 Τζουρουλοῦ
1043 1230 1228 1299 αἴφνης
1272 1225 1416 1284 ἐπηει
1469 1231 1684 1298 μήνυμα
1734 1233 1807 1295 τῷ

206 1321 366 1373 Ἀσὰν
388 1321 452 1380 ὡς
481 1321 512 1377 ἡ
567 1320 800 1388 σύζυγος
854 1317 1014 1369 αὐτοῦ
1053 1318 1083 1374 ἡ
1127 1316 1182 1378 ἐξ
1239 1319 1491 1390 Οὕγγρων
1523 1314 1572 1378 ἐξ
1604 1314 1808 1390 ἀνθρώ-

202 1429 312 1463 πων
357 1407 570 1481 ἐγένετο,
612 1407 938 1465 τετελεύτηκε
990 1403 1049 1459 δε
1091 1407 1225 1458 κατά
1267 1409 1424 1458 ταυτό
1466 1410 1554 1457 καὶ
1593 1402 1810 1458 παιδίον

203 1499 368 1552 αὐτοῦ
417 1502 507 1549 καί
575 1499 601 1550 ό
649 1497 902 1566 Τρινόϐου
964 1494 1273 1557 ἐπίσκοπος.
1341 1499 1631 1567 Θεομηνίαν
1689 1502 1812 1566 γοῦν

207 1590 540 1660 ἡγησάμενος
585 1594 754 1638 ταῦτα
789 1591 917 1659 πυρὶ
957 1583 1195 1657 ἀφανίζει
1250 1587 1342 1645 τὰς
1396 1584 1667 1651 ἑλεπόλεις,
1724 1589 1813 1636 καὶ

211 1680 282 1738 ὡς
308 1674 422 1749 εἶχε
453 1674 651 1750 δρόμου
707 1674 789 1728 ἰπὶ
827 1679 913 1727 τόν
967 1674 1214 1748 Τρίνοϐον
1260 1675 1416 1728 ἵκετο.
1477 1679 1644 1726 Μόνοι
1689 1681 1814 1745 γοῦν

213 1765 632 1839 ἀπολελειμμένοι
654 1768 702 1818 οἱ
733 1764 938 1831 Ἰταλοὶ,
972 1763 1080 1817 ἐπεὶ
1129 1768 1200 1837 μὴ
1261 1762 1616 1835 ἀποχρώντως
1669 1761 1816 1836 εἶχον
1848 1791 1887 1846 Β

218 1856 291 1918 εἰς
336 1860 429 1914 τὴν
477 1863 569 1908 τοῦ
616 1857 814 1916 ἄστεως
869 1853 1232 1927 πολιόρκησιν,
1287 1852 1514 1905 κάκεῖνοι
1553 1857 1646 1911 τὴν
1702 1853 1816 1905 κατ’

217 1946 382 1999 αὐτῶν
411 1947 594 2018 μάχην
624 1945 910 2005 λελοιπότες
940 1944 991 2006 ἐς
1040 1949 1135 2002 τὴν
1191 1948 1584 1996 Κωνσταντίνου
1643 1947 1818 2016 ᾤχον-

213 2054 293 2089 το.
354 2033 701 2108 Ἠλευθέρωτο
773 2042 900 2105 γοῦν
941 2036 1001 2086 τό
1077 2033 1211 2086 ἄστυ
1267 2041 1363 2094 τῆς
1423 2041 1524 2084 τῶν
1583 2032 1820 2084 ἐναντίων

217 2123 538 2198 πολιορκίας,
568 2128 659 2175 καὶ
698 2123 1112 2196 συνηλευθέρωτο
1159 2127 1250 2175 καὶ
1297 2124 1322 2174 ό
1366 2121 1446 2174 ἐπὶ
1505 2131 1595 2182 τῆς
1637 2126 1824 2194 τραπέ-

222 2216 319 2276 ζης
373 2218 800 2286 Ταρχανειωτης,
839 2217 1136 2287 Νικηφόρος
1193 2211 1242 2264 ἐν
1300 2214 1507 2273 τούτοις
1569 2214 1705 2263 κατά
1728 2216 1822 2269 τὴν

216 2302 405 2361 κλῆσιν
433 2301 705 2375 ἀναφανείς
738 2304 803 2355 ¹⁹.
862 2300 919 2353 ’0
969 2304 1058 2374 μὲν
1089 2298 1176 2354 οὖν
1209 2301 1390 2363 Ἀσάν,
1424 2297 1608 2359 ἐπειδὴ
1658 2303 1823 2373 τούτῳ

215 2394 282 2444 τὰ
306 2390 664 2466 προρρηθέντα
720 2389 1012 2464 ξυμϐέϐηκε
1069 2393 1278 2464 λυπηρά
1332 2391 1404 2459 ²⁰,
1463 2388 1688 2451 εὐσεϐῶς
1734 2395 1824 2442 καὶ

217 2479 358 2553 μάλα
408 2481 604 2542 οἰηθεὶς
660 2483 728 2542 ὡς
757 2477 849 2533 διὰ
895 2483 962 2533 τὰ
999 2479 1338 2556 παραϐασίας
1391 2487 1491 2532 τῶν
1544 2481 1708 2554 ὅρκων
1757 2476 1823 2530 ὧν

218 2572 350 2643 μετὰ
378 2578 470 2622 τοῦ
516 2569 770 2643 βασιλέως
811 2570 1047 2624 Ἰωάννου
1100 2571 1334 2633 ξυνέθετο
1385 2569 1465 2642 [Ρ.
1522 2568 1613 2641 3i]
1646 2573 1736 2621 καὶ
1765 2571 1823 2621 1'6

222 2658 534 2713 ἀποσπάσαι
588 2665 682 2718 την
761 2662 1018 2735 θυγατέρα
1069 2668 1162 2713 του
1241 2659 1477 2730 συζύγου
1545 2655 1824 2730 Θεοδώρου

221 2753 378 2802 ταυτὶ
439 2754 685 2821 γένοιντο,
746 2749 1030 2823 μετάμελος
1107 2748 1190 2802 ἐπὶ
1272 2753 1478 2810 τούτοις
1557 2752 1827 2820 γενόμενος

222 2837 461 2914 πρέσϐεις
512 2839 882 2903 ἐξαπεστάλκει
931 2842 1059 2911 πρὸς
1104 2841 1191 2890 τὸν
1263 2835 1505 2911 βασιλέα,
1556 2836 1734 2889 ἔαυτόν
1774 2856 1828 2889 τε

1709 291 2033 348 ANNALES

3439 296 3577 351 1066

1907 416 2080 470 itura.
2113 413 2528 470 Delectabatur
2559 415 2796 471 interim
2827 415 2889 471 in
2921 431 2992 472 eo
3025 417 3438 489 expugnando
3468 419 3576 474 ad-

1909 505 2206 562 versarios
2235 505 2544 575 retardari,
2567 521 2897 578 eorumque
2916 507 3294 579 potissimam
3317 508 3578 581 impetus

1909 599 2138 667 partem
2168 594 2463 664 confringi
2497 611 2677 650 :nam
2716 596 3104 652 orientalibus
3164 599 3343 653 rebus
3375 599 3578 670 potius

1911 683 2179 740 animum
2217 683 2585 752 advertebat,
2616 699 2771 756 quas
2805 700 2944 740 cum
2983 701 3018 741 a
3056 685 3214 742 bello
3269 688 3575 744 immunes

1912 774 2302 845 conspiceret,
2328 773 2521 843 magis
2545 774 2750 829 animo
2763 774 3074 843 gestiebat.
3098 778 3249 831 Dum
3263 776 3576 833 obsidetur

1913 862 2148 918 Tzuruli
2177 866 2460 929 castrum,
2493 864 2695 918 Asano
2735 863 3056 935 derepente
3089 866 3397 924 nuntiatur
3427 882 3576 922 uxo-

1914 968 2041 1008 rem
2056 953 2358 1022 Ungaram
2371 952 2432 1007 in
2446 952 2594 1007 vivis
2608 968 2737 1008 esse
2751 952 3249 1020 desiisse,eodem
3264 958 3574 1012 momento

1915 1040 2242 1097 etﬁliolum
2288 1040 2477 1113 ipsius
2529 1045 2586 1096 et
2643 1041 2882 1097 Trinobi
2933 1042 3289 1115 episcopum
3319 1043 3576 1102 obiisse.

1915 1131 2056 1186 Ideo
2078 1130 2345 1186 Numinis
2373 1130 2524 1186 iram
2546 1135 2710 1186 ratus
2740 1136 3040 1188 tormenta
3055 1133 3193 1203 igne
3211 1137 3578 1201 concremat,

1917 1225 1974 1277 et
1992 1237 2178 1294 quam
2202 1220 2486 1276 citissime
2517 1221 2844 1277 Trinobum
2892 1222 3065 1278 redit.
3100 1223 3282 1292 Igitur
3311 1222 3420 1278 soli
3453 1222 3582 1280 Itali

1918 1327 2055 1367 cum
2085 1310 2162 1366 ad
2179 1309 2585 1366 obsidendum
2600 1315 2862 1367 castrum
2881 1327 2955 1367 ex
2987 1328 3048 1368 se
3069 1327 3194 1368 non
3215 1312 3579 1384 sufﬁcerent,

1919 1417 2100 1474 quam
2114 1400 2171 1455 in
2189 1402 2483 1456 Romanos
2496 1402 2926 1458 constituerant
2939 1417 3203 1475 pugnam
3215 1403 3576 1472 dirimentes,

1921 1490 2150 1562 Cpolim
2177 1495 2750 1554 revertuntur,etarx
2771 1490 2868 1546 illa
2887 1491 2964 1547 ab
2978 1492 3238 1548 hostium
3259 1493 3575 1550 obsidione

1920 1579 2226 1636 liberatur.
2243 1579 2352 1644 Qui
2369 1595 2400 1634 e
2417 1595 2628 1636 mensa
2648 1585 2776 1637 erat
2798 1581 3193 1638 Tarchaniota
3210 1581 3581 1655 Nicephorus

1924 1669 1985 1724 in
2015 1667 2106 1723 his
2134 1667 2473 1737 victoriam,
2497 1669 2662 1740 quod
2693 1670 2898 1742 utique
2931 1687 3108 1726 suum
3138 1687 3361 1728 nomen
3383 1672 3580 1742 infert,

1926 1758 2203 1830 adeptus.
2228 1763 2462 1814 Asanus
2484 1775 2626 1831 ergo
2641 1761 2949 1832 postdicta
2970 1761 3226 1819 adversa
3247 1778 3318 1818 ac
3339 1763 3588 1819 infortu-

1927 1854 2070 1904 nata
2081 1849 2176 1920 pie
2190 1847 2525 1904 admodum
2541 1849 2888 1921 concipiens
2903 1855 3147 1923 propter
3159 1851 3448 1908 violatum
3462 1853 3590 1924 jus-

1923 1939 2449 2012 jurandum,quod
2462 1939 2806 2010 imperatori
2821 1939 3040 1996 Joanni
3062 1940 3591 2011 dederat,etﬁliam

1934 2047 1970 2087 a
1991 2031 2240 2087 thalami
2267 2033 2540 2086 consorte
2571 2029 2882 2085 Theodoro
2895 2034 3131 2101 raptam
3152 2030 3282 2087 hac
3310 2031 3596 2105 ﬁeri,pce-

1931 2121 2180 2177 nitentia
2192 2121 2407 2176 ductus
2427 2119 2536 2174 cad
2548 2122 2854 2174 uceatores
2869 2118 3045 2174 mittit
3057 2119 3133 2175 ad
3145 2119 3594 2193 imperatorem,

1934 2211 2342 2283 semetipsum
2371 2207 2608 2264 sceleris
2655 2217 2950 2263 accusans
3005 2213 3063 2264 et
3083 2214 3260 2282 pacta
3290 2215 3589 2269 conventa

1931 2298 2740 2373 reposcens,deprecausque
2769 2297 2886 2368 62
2924 2297 3038 2354 sibi
3067 2299 3309 2356 veniam
3342 2299 3597 2373 ﬂagitio-

1932 2405 2064 2445 rum
2089 2392 2349 2445 Joannes
2381 2388 2710 2459 imperator
2765 2391 3052 2459 lreneque
3092 2387 3596 2461 imperatrix,tan-

1932 2495 2118 2552 quam
2132 2478 2236 2551 qui
2252 2478 2313 2532 in
2328 2478 2522 2546 magis
2535 2476 2634 2549 pia
2648 2491 2717 2532 ac
2733 2475 2928 2546 magis
2943 2477 3149 2534 divina
3163 2479 3595 2552 prospicerent,

1932 2570 2161 2639 legatos
2174 2566 2496 2637 excipiunt,
2513 2581 2624 2621 nec
2638 2564 2837 2620 verbis
2854 2581 2981 2621 rem
2995 2566 3352 2639 prolatando
3364 2585 3596 2626 rursum

1930 2655 2357 2731 jusjurandum
2369 2653 2788 2726 comprobant,
2799 2670 3201 2728 sponsamque
3216 2657 3484 2715 Helenam
3499 2675 3598 2715 re-

1934 2750 2165 2820 petunt,
2190 2760 2326 2817 quae
2354 2743 2433 2801 ad
2455 2759 2695 2799 socrum
2735 2747 2792 2799 et
2821 2743 3141 2816 conjugem
3181 2746 3352 2816 redit,
3386 2752 3442 2804 et
3480 2764 3603 2822 pax

1937 2837 2150 2892 iterum
2188 2835 2340 2889 inter
2365 2836 2668 2889 Romanos
2699 2836 2756 2888 et
2777 2832 3066 2902 Bulgaros
3093 2835 3420 2907 peragitur-

225 2928 498 2991 ἐξουθενῶν
526 2938 622 2990 τῆς
640 2933 896 2988 κακίστης
915 2927 1144 3001 πράξεως
1168 2932 1258 2979 καὶ
1277 2930 1372 2988 τάς
1403 2928 1663 2987 συνθήκας
1704 2925 2114 2998 ἀνακαλούμενος
2139 2925 2181 2958 ²¹
2210 2927 2300 2975 καὶ
2334 2927 2648 2993 συγγνώμην
2670 2930 2770 2973 τῶν
2797 2926 3159 2996 πεπραγμένον
3191 2927 3495 2998 αἰτούμενος
3525 2927 3594 2982 ³³.

224 3016 293 3069 Ὀ
333 3020 422 3089 μὲν
462 3020 549 3069 οὖν
580 3016 821 3078 ϐασιλεὺς
848 3017 1084 3077 Ἰωάννης
1113 3021 1201 3069 καὶ
1231 3018 1260 3074 ἡ
1309 3015 1519 3089 βασιλὶς
1548 3021 1762 3092 Είρηνη,
1807 3023 1892 3068 οῖα
1921 3020 2101 3068 ἐκεῖνοι
2130 3016 2255 3087 πρὸς
2299 3014 2364 3064 τὰ
2403 3010 2741 3085 εὐσεϐεστερα
2779 3015 2869 3064 καὶ
2904 3014 3136 3087 θειότερα
3168 3015 3216 3049 ⁸³
3250 3013 3606 3081 ἀπονεύοντες,

228 3109 479 3177 υέχονταί
533 3124 585 3159 τε
625 3111 720 3165 τὴν
765 3105 1067 3180 πρεσϐείαν,
1115 3110 1204 3158 καὶ
1247 3101 1370 3158 ούδε
1400 3110 1468 3166 είς
1499 3104 1732 3178 μάκροὺς
1764 3103 1984 3158 ἐλθόντεὶ
2013 3104 2196 3175 λόγους
2240 3105 2360 3164 τούς
2405 3121 2459 3154 τε
2489 3101 2672 3177 ὅρκους
2717 3105 2804 3154 καὶ
2849 3098 3001 3164 αὖθις
3043 3099 3271 3157 πεδοῦσι
3301 3105 3350 3141 ²⁴
3379 3109 3470 3158 καὶ
3515 3109 3610 3165 τὴν

221 3196 427 3266 νύμφην
460 3193 663 3252 Ἐλένην
704 3193 1106 3250 ἀνακαλόῦνται.
1149 3194 1547 3248 Ἀποστέλλεται
1594 3204 1720 3268 γοῦν
1747 3195 1878 3255 αὕτη
1912 3198 2042 3270 πρὸς
2081 3212 2136 3246 τε
2173 3196 2260 3246 τόν
2292 3197 2530 3265 πεντερόν
2583 3196 2673 3244 καὶ
2702 3195 2788 3245 τόν
2831 3192 3080 3265 σύζυγον,
3113 3198 3204 3247 καὶ
3237 3199 3412 3269 ειρὴνη
3445 3195 3609 3260 πάλιν

224 3287 384 3357 μέσον
410 3282 668 3356 Ῥωμαίων
697 3304 750 3338 τε
773 3289 863 3337 καὶ
893 3284 1196 3360 Βουλγάρων
1218 3285 1288 3338 ³⁵.

297 3372 392 3434 λζ’.
457 3373 514 3427 Ὀ
562 3377 654 3447 μὲν
710 3374 800 3427 οὖν
855 3383 952 3437 τῆς
991 3376 1226 3449 ἱστορίας
1281 3371 1474 3448 δρόμος
1521 3373 1594 3448 ἐφ’
1660 3374 1831 3450 ἑτέραν
1863 3374 1902 3429 C

225 3467 464 3537 τρέπεται
487 3468 582 3523 τὴν
604 3461 728 3517 όδὸν
753 3468 843 3517 καὶ
871 3467 937 3518 τὰ
983 3468 1102 3539 περὶ
1154 3471 1250 3517 τῶν
1291 3462 1338 3516 ἐν
1391 3472 1454 3537 τῇ
1511 3469 1834 3517 Κωνσταντί-

230 3572 318 3605 νου
349 3549 1081 3627 διασαφὴσειοπολυσχιδῶς
1131 3556 1232 3629 γὰρ
1280 3558 1397 3607 τότε
1444 3563 1543 3606 τῶν
1591 3555 1836 3626 πραγμά-

227 3662 328 3696 των
357 3648 698 3717 κεκινημένων
731 3640 828 3696 διὰ
860 3647 918 3696 τό
944 3643 1282 3718 πολυαρχίαν
1333 3643 1382 3694 ἐν
1412 3648 1546 3696 πᾶσι
1569 3645 1831 3715 γενέσθαι,

230 3732 478 3796 ποικίλως
509 3729 592 3786 δεῖ
619 3738 710 3786 καὶ⁹
737 3735 804 3786 τὰ
848 3740 940 3787 τοῦ
981 3732 1140 3805 λόγου
1193 3734 1597 3808 στστρέφεσθαι.
1634 3733 1692 3785 Ὀ
1746 3736 1835 3804 μὲν

233 3819 322 3876 οὖν
367 3819 698 3891 Βαλδουῖνος,
730 3823 783 3876 ὃν
815 3824 840 3875 ό
869 3823 1022 3895 λόγος
1053 3820 1371 3895 βασιλεῦσαι
1415 3829 1508 3883 τῆς
1565 3828 1836 3875 Κωνσταν-

233 3915 377 3965 τίνου
435 3916 737 3986 προείρηκεν
776 3914 846 3983 ²⁶,
891 3912 1185 3986 ἀπειρηκών
1240 3910 1290 3964 ἐν
1350 3919 1460 3972 ταῖς
1515 3914 1646 3983 πρός
1710 3909 1836 3963 Ῥω-

236 4003 426 4074 μαίους
455 4003 678 4074 μάχαις,
706 4001 894 4076 μᾶλλον
935 3998 994 4054 δὲ
1015 4008 1076 4074 τῇ
1107 4003 1238 4075 πρὸς
1286 4002 1373 4052 τόν
1416 3998 1639 4072 βασιλέα
1665 4000 1837 4053 Ἰωάν-

235 4109 328 4147 νην
401 4089 720 4150 ἒναντιότητι
777 4091 851 4160 (ἐς
919 4094 1104 4164 μικρὸν
1165 4092 1266 4164 γὰρ
1325 4091 1390 4141 τὰ
1446 4089 1636 4141 ἐκείνου
1694 4091 1839 4164 παρά

232 4181 798 4234 τούτου⁴συνέσταλται
826 4180 919 4252 ²’¹),
969 4183 1096 4252 πρὸς
1144 4182 1230 4232 τόν
1272 4186 1372 4230 τῶν
1426 4180 1675 4254 Φράγκων
1708 4178 1837 4232 ἀπο-

232 4259 531 4336 δεδημὴκει
579 4263 739 4337 ῥῆγα,
807 4264 1262 4337 προσῳκειωμένον
1325 4263 1493 4331 τούτῳ
1539 4260 1657 4313 καθ’
1709 4261 1840 4333 αἷμα

231 4353 294 4406 οὐ
327 4358 429 4426 μὴν
470 4352 599 4421 ἀλλά
653 4357 742 4406 καὶ
789 4355 855 4413 ως
907 4350 1231 4425 ξυμφυλέτην
1285 4352 1418 4423 ἄγαν
1456 4369 1511 4402 τε
1567 4349 1841 4423 Ῥωμαίοις

232 4441 428 4520 ἐχθρὸν
458 4464 550 4496 και
590 4443 802 4518 βοηθεῖν
843 4439 938 4495 διὰ
974 4448 1140 4494 ταῦτα
1171 4441 1373 4514 ἕτοιμον
1399 4441 1467 4512 ³⁸,
1501 4445 1593 4494 καὶ
1627 4460 1839 4514 συμμα-

231 4537 365 4607 χίαν
397 4533 546 4595 ζητεῖ
574 4533 859 4606 ἀξιόλογον,
893 4536 984 4584 καὶ
1013 4530 1352 4603 ἐπιτυγχάνει
1383 4538 1474 4583 τοῦ
1514 4532 1562 4566 ²⁰
1597 4538 1796 4584 σκοποῦ
1825 4552 1837 4565 ο

232 4627 330 4675 καὶ
359 4621 484 4676 ἓνού
515 4623 686 4696 πολλῳ
730 4627 907 4698 χρόνῳ
963 4621 1211 4685 ἐξήκοντα
1261 4616 1511 4693 χιλιάδες
1565 4623 1841 4695 συνηθροί-

238 4713 447 4771 σθησαν
504 4716 774 4790 Φράγκων,
834 4713 895 4766 ἶν’
963 4713 1101 4772 ὅπως
1139 4713 1275 4764 κατά
1327 4709 1590 4784 Ῥωμαίων
1656 4716 1842 4787 χωρή-

239 4823 408 4857 σωσιν
437 4806 505 4860 ⁸ο.
546 4805 694 4863 Ἐπεὶ
733 4801 793 4858 δὲ
827 4804 920 4858 ούκ
949 4801 1012 4862 ἦν
1042 4802 1220 4863 αὐτοῖς
1268 4798 1524 4876 εὔδρομος
1573 4798 1668 4854 διὰ
1710 4809 1844 4861 νηῶν

233 4895 268 4953 ἡ
314 4889 460 4966 ὁδός,
487 4904 584 4958 τῆς
614 4895 891 4968 ἀναγωγῆς
913 4893 1388 4968 προσαπαιτούσης
1436 4891 1594 4944 πλείω
1651 4893 1682 4950 ἤ
1712 4893 1847 4944 κατὰ

231 4978 466 5058 ,δύναμιν
528 4988 617 5038 τὸν
683 4985 874 5056 μισθόν
921 4984 991 5047 ³³,
1049 4990 1144 5043 τῆς
1212 4984 1414 5056 χέρσου
1485 4984 1579 5040 τὴν
1635 4984 1846 5055 πορείαν

237 5083 530 5132 ποιοῦνται.
580 5079 678 5130 Καὶ
733 5070 802 5134 δὴ
853 5075 948 5135 τὰς
1003 5073 1109 5124 ἄνω
1160 5069 1582 5145 παραμείψαντες
1634 5069 1850 5132 Γαλλίας

2015 3375 2106 3427 37.
2151 3371 2265 3428 Sed
2303 3369 2565 3426 historiae
2619 3370 2802 3426 series
2859 3370 2978 3427 alio
3016 3369 3295 3440 deﬂectit,
3355 3375 3413 3429 et
3467 3388 3605 3446 quas

1945 3459 2710 3531 Cpoliagebanturnarrare
2741 3460 2950 3529 gestit:
2986 3475 3253 3534 namque
3284 3478 3426 3518 cum
3459 3465 3606 3518 tunc

1943 3549 2231 3621 temporis
2257 3548 2337 3604 ob
2366 3548 2566 3604 varios
2598 3548 2824 3621 ubique
2864 3549 3236 3621 principatus
3279 3551 3342 3606 in
3383 3550 3604 3606 multas

1945 3639 2124 3694 etiam
2155 3642 2356 3709 partes
2377 3651 2472 3692 res
2510 3636 2715 3692 divisae
2760 3639 3150 3706 agitarentur,
3203 3640 3364 3695 varie
3422 3638 3604 3696 etiam

1946 3726 2231 3783 orationis
2293 3741 2512 3796 corpus
2545 3724 3053 3781 conformandum
3101 3729 3209 3782 est.
3276 3726 3603 3784 Balduinus

1945 3832 2129 3890 quem
2161 3831 2344 3888 supra
2365 3814 2556 3870 oratio
2579 3821 2782 3870 nostra
2803 3815 2968 3887 Cpoli
3001 3815 3330 3887 imperasse
3351 3816 3607 3874 demon-

1947 3910 2260 3974 straverat,
2288 3903 2368 3962 ob
2399 3901 2712 3959 conﬂictus
2743 3919 2888 3974 erga
2930 3907 3238 3962 Romanos
3293 3910 3349 3963 et
3377 3906 3614 3979 potissi-

1947 4011 2118 4052 mum
2141 3999 2383 4067 propter
2413 3993 2505 4048 sui
2535 3993 2952 4049 adversarium
2977 3996 3270 4050 Joannem
3291 3995 3613 4068 imperato-

1947 4083 2207 4157 rem,qui
2222 4083 2282 4138 in
2297 4088 2622 4152 augustum
2640 4082 3020 4138 dominatum
3035 4083 3190 4140 illius
3209 4088 3630 4152 contraxerat,

1948 4172 2227 4229 difﬁdens
2258 4189 2327 4228 ac
2341 4172 2518 4244 plane
2540 4172 2894 4244 desperans,
2913 4172 2992 4228 ad
3020 4176 3386 4231 Francorum
3410 4191 3615 4246 regem

1949 4263 2062 4319 sibi
2091 4261 2380 4318 afﬁnitate
2417 4261 2808 4332 conjunctum
2853 4265 2910 4317 et
2959 4263 3233 4334 ejusdem
3273 4265 3506 4334 generis
3556 4267 3614 4321 et

1949 4352 2236 4409 Romanis
2279 4351 2775 4421 inlensissimum,
2825 4351 3083 4426 ideoque
3123 4355 3431 4427 suppetias
3461 4354 3614 4411 ferre

1949 4445 2253 4516 paratum,
2288 4440 2704 4513 proﬁciscitur,
2739 4457 3113 4515 operamque
3143 4443 3301 4499 illius
3331 4459 3442 4500 nec
3473 4459 3615 4500 con-

1950 4531 2341 4588 temnendam
2370 4531 2581 4602 poscit.
2610 4532 2693 4587 Fit
2712 4532 2835 4587 voti
2857 4548 3130 4604 compos,
3165 4538 3223 4589 et
3246 4533 3403 4592 intra
3431 4533 3616 4591 breve

1950 4627 2190 4695 tempus
2212 4624 2574 4677 Francorum
2589 4622 2901 4691 sexaginta
2920 4622 3126 4689 millia,
3153 4624 3290 4680 utin
3311 4627 3617 4681 Romanos

1950 4727 2122 4769 arma
2147 4715 2449 4782 caperent,
2470 4711 2624 4766 lecta
2650 4715 2809 4766 sunt.
2843 4713 2910 4766 Et
2939 4728 3079 4767 cum
3096 4713 3352 4784 navigiis
3372 4714 3472 4770 via
3503 4711 3618 4768 dif-

1952 4802 2124 4858 ﬁcilis
2149 4800 2658 4873 esset(largiorem
2689 4800 2849 4856 enim
2865 4802 2984 4873 63
3015 4818 3202 4874 quam
3231 4804 3349 4876 ipsi
3371 4817 3620 4878 possent

1966 4890 2150 4948 lacere
2193 4891 2540 4963 impensam
2615 4889 2826 4946 similis
2885 4891 3188 4961 navigatio
3227 4891 3618 4964 postulabat),

1955 4981 2220 5039 terrestri
2244 4980 2450 5036 itinere
2503 4978 2661 5036 viam
2725 4979 2955 5051 ineunt,
3015 4981 3354 5054 superiores
3409 4980 3624 5039 Callias

1961 5069 2320 5143 trajicientes
2342 5083 2750 5143 percursaque
2783 5067 2953 5127 Italia
2971 5086 3078 5143 per
3097 5069 3330 5128 radices
3381 5069 3626 5144 Alpium

312 5254 360 5290 ιε
390 5256 450 5306 οὺ
481 5285 548 5295 ...
580 5251 685 5305 ἀλλ’
718 5268 839 5326 qm,
870 5253 936 5326 D_,
1016 5251 1062 5285 Π
1088 5244 1174 5326 οἶα
1202 5277 1268 5290 -
1302 5247 1529 5326 πολέμια
1553 5249 1782 5326 om._D.

1937 5250 2081 5322 παρὰ
2111 5257 2208 5326 τῶν
2249 5247 2486 5326 ἐναντίῳ
2536 5262 2658 5326 om:
2690 5249 2754 5302 D.
2799 5317 2813 5326 _
2863 5248 2909 5326 '_9
2939 5252 3236 5326 Νικηφόρος
3262 5281 3330 5289 -
3360 5249 3630 5323 ἀναφανείς

227 5344 360 5387 om.
394 5328 456 5381 Ε.
533 5326 582 5360 so
611 5321 789 5384 ἐπειδὴ
823 5354 891 5364 _
914 5323 1124 5396 λυπηρά
1145 5337 1268 5376 οη),
1300 5321 1378 5396 ΑΙ),
1535 5324 1619 5371 καὶ
1648 5324 1745 5382 τὴς
1773 5317 2031 5396 ngam;
2056 5321 2290 5396 πράξεως
2310 5325 2412 5396 τὴν
2441 5317 2600 5378 ἧτταν
2632 5317 3059 5396 ἀνακαλούμενος,
3087 5317 3157 5378 ὐξ
3189 5395 3194 5396 γ
3236 5323 3284 5357 ²²
3314 5327 3403 5375 καὶ
3437 5317 3628 5396 συγγν.

224 5433 302 5444 ,-
333 5399 628 5470 αἰτούμενος
658 5412 779 5452 om.
836 5398 899 5451 Ι).
1003 5387 1065 5428 η’
1093 5397 1142 5445 οί
1172 5401 1259 5444 οῦν
1288 5389 1527 5465 βασιλεῖς
1554 5396 1683 5466 πρός
1733 5395 1798 5444 τά
1839 5395 2071 5466 θειότερα
2095 5387 2170 5450 Ὀ.
2275 5395 2322 5428 ³⁸
2369 5398 2457 5445 καὶ
2482 5387 2816 5470 -ιπεὸοῦσι
2841 5387 2962 5448 om.
3017 5387 3080 5448 Β.
3157 5395 3206 5429 ²⁵
3235 5396 3440 5470 νύμφην
3474 5387 3630 5470 αὖθις

225 5447 632 5540 ἀνακαλοῦῗνται,
673 5473 763 5521 καὶ
795 5466 1054 5520 στέλλεται
1101 5447 1298 5534 αύτοῖς,
1330 5469 1420 5516 καὶ
1451 5447 1626 5539 εἰρήνη
1659 5467 1850 5516 νίνεται
1909 5447 2065 5536 μέσον
2108 5467 2272 5517 αὐτῶν
2307 5467 2370 5520 D.
2476 5466 2524 5500 ²⁶
2554 5463 2612 5516 Ὀ
2643 5482 2732 5535 μεν
2761 5459 2847 5514 οὖν
2869 5495 2940 5504 -
2978 5447 3310 5541 προεὶρηκεν]
3348 5447 3376 5519 6
3408 5463 3466 5519 δὲ
3501 5464 3630 5517 Βαλ-

235 5541 444 5605 δουίνος
475 5546 538 5599 D.
616 5536 661 5576 ’7
697 5539 886 5613 μᾶλλον
916 5568 985 5578 —-
1025 5536 1369 5613 συνέσταλται
1408 5536 1530 5593 om.
1571 5537 1636 5593 D.
1714 5537 1761 5572 ’⁸
1797 5555 1828 5589 σ

1935 5567 1956 5577 -
2005 5539 2208 5611 ἕτοιμον
2235 5553 2360 5594 om.
2393 5538 2459 5596 D.
2552 5536 2601 5571 ’9
2631 5540 2945 5609 συμμαχίας
2978 5536 3218 5602 ζητήσας
3247 5536 3406 5612 ἐτῖυχε
3435 5544 3528 5591 τοῦ
3560 5538 3628 5596 D.

241 5619 296 5656 ³ο
324 5615 392 5669 ἶν’
425 5643 490 5658 -—-
521 5611 848 5690 χωρὴάωσιν
877 5625 1000 5678 οω,
1036 5611 1103 5668 Ι).

466 5721 720 5780 Ρλτιιοι..
755 5719 855 5776 Gn.
878 5718 1029 5776 CXL.
3283 5719 3352 5777 34
