4152 6394
558 280 694 334 1067

1872 262 2156 321 GEORGII
2175 260 2636 319 ACROPOLITE

3793 265 3964 319 £068

555 401 868 458 Ostricium
888 399 1367 472 proﬁciscuntur,
1399 399 1581 466 etper
1613 389 1934 460 Ungariam
1961 387 2206 442 commi-

2322 391 2409 438 καὶ
2442 383 2732 447 διελθόντες
2771 390 2864 444 τὴν
2928 386 3147 440 Ἰταλίαν
3206 381 3302 437 διὰ
3351 394 3452 438 τῶν
3502 387 3772 460 ὑπωρειῶν
3839 396 3964 439 τῶν

552 495 794 560 grantes
822 492 1034 544 Istrum
1086 491 1344 554 tranant,
1385 488 1441 540 et
1481 481 1747 551 Bulgaris
1773 478 2205 543 immiscentur,

551 579 838 636 omnibus
870 583 1163 650 tanquam
1192 575 1401 634 amicis
1433 578 1490 630 et
1546 569 1830 628 afﬁnibus
1869 567 1999 636 usi;
2025 565 2131 638 qui
2153 570 2210 620 et

547 673 794 742 propter
822 670 1200 740 semetipsos,
1223 682 1333 722 nec
1364 664 1564 720 minus
1585 662 1646 717 in
1685 676 1796 716 nos
1827 657 2034 713 odium
2062 653 2209 710 ami-

548 757 788 814 cissime
814 773 851 814 a
877 757 1150 814 locorum
1189 755 1452 812 dominis
1490 749 1941 823 excipiebantur
1971 743 2207 814 Bulgari

544 845 874 904 foederibus
898 863 1038 903 cum
1059 845 1343 902 Romanis
1360 842 1572 916 spretis
1597 840 1936 896 facultatem
1969 833 2206 891 Francis

546 934 738 992 fecere
767 951 875 1008 per
901 940 1192 991 montana
1212 949 1323 990 sua
1341 928 1712 995 transeundi,
1741 925 1916 999 quasi
1943 924 1994 979 vi
2026 927 2206 994 atque

546 1023 806 1081 factione
836 1025 1028 1081 coacti
1053 1024 1381 1080 dedissent.
1414 1022 1507 1078 Sic
1536 1017 1768 1076 Tzuruli
1799 1031 1958 1071 arxa
1991 1011 2206 1070 Latinis

545 1113 1042 1186 oppugnantibus
1054 1129 1191 1169 cum
1212 1112 1572 1183 Scytharum
1591 1104 1985 1164 auxiliaribus
2017 1099 2205 1173 c0piis

542 1217 788 1258 rursum
809 1207 1205 1275 expugnatur.
1222 1204 1385 1256 Tunc
1399 1216 1536 1255 eam
1557 1194 2206 1254 custodiebatJoannes

545 1291 912 1364 Petraliphas
947 1291 1155 1362 magni
1195 1288 1537 1346 cancellarii
1580 1285 1868 1356 dignitate
1915 1299 1951 1339 a
1977 1285 2205 1338 Joanne

545 1381 904 1452 imperatore
917 1380 1252 1446 decoratus,
1279 1379 1364 1434 vir
1382 1377 1662 1434 maximis
1685 1373 1952 1446 corporis
1975 1371 2203 1427 viribus

547 1474 604 1526 et
633 1486 669 1525 a
693 1485 882 1542 puero
930 1470 1284 1525 militaribus
1327 1468 1579 1538 negotiis
1608 1465 1898 1522 exercitus
1935 1478 1957 1518 .·
1996 1477 2203 1517 verum

544 1559 884 1616 Latinarum
914 1559 1225 1630 copiarum
1256 1557 1627 1614 abundantia
1644 1561 1701 1611 et
1719 1555 2038 1610 innumera
2069 1552 2207 1621 Scy-

543 1647 782 1704 tharum
822 1647 908 1702 vis
949 1652 1509 1718 tormentorumque
1538 1645 1799 1718 spissum
1840 1657 1911 1697 ac
1936 1639 2206 1695 validum

2319 474 2550 527 Ἀλπεων
2582 475 2652 536 εἰς
2691 479 2749 526 τὸ
2811 475 3106 548 Ὀστρίκιον
3164 473 3426 547 ἀφίκοντο,
3481 481 3571 528 καὶ
3623 481 3720 534 τὴν
3785 476 3963 548 0°57-

2313 570 2469 636 γρίαν
2499 565 2939 638 παραγγείλαντες
2984 562 3281 637 διαπερῶσι
3337 569 3424 616 τὸν
3471 564 3702 640 Ἵστρον,
3744 570 3849 619 καί
3881 574 3959 638 τῇ

2318 655 2621 729 Βουλγάρων
2669 660 2994 730 προσέσχον,
3029 661 3165 707 πᾶσι
3340 656 3411 715 ὡς
3457 654 3626 727 φίλοις
3671 660 3767 708 καὶ
3806 675 3966 727 συγ-

2313 747 2486 816 γενέσι
2513 743 2630 797 καθ’
2661 741 2786 797 ὁδὸν
2811 751 3087 818 γρωμε-νοι,
3111 750 3203 796 καὶ
3255 740 3351 795 διὰ
3402 751 3532 816 σφᾶς
3570 748 3662 816 μεν
3717 745 3960 816 αὐτούς,

2316 833 2421 904 οὐχ
2452 833 2605 891 ἧττον
2658 830 2717 886 δὲ
2773 839 2863 886 καὶ
2895 829 2991 886 διὰ
3016 837 3110 891 τὴν
3158 836 3291 906 πρὸς
3337 834 3480 905 ἡμᾶς
3517 836 3719 908 ἔχθραν
3769 833 3961 906 ἄφιλο-

2317 929 2594 996 φρονοῡντο
2643 925 2787 996 παρὰ
2843 931 2944 974 τῶν
3009 925 3147 975 κατὰ
3195 927 3388 984 τόπους
3453 926 3816 996 κροτονύντων
3884 928 3960 977 τὰ

2315 1010 2562 1082 μάλιστα.
2598 1013 2666 1069 Οἱ
2713 1015 2804 1084 μὲν
2863 1012 2952 1064 οὖν
3007 1013 3290 1087 Βούλγαροι
3339 1015 3434 1075 τὰς
3478 1015 3610 1085 μετὰ
3661 1011 3956 1085 Ῥωμαίων

2318 1097 2548 1161 σπονδὰς
2615 1105 2966 1176 πρεωρακότες
3004 1099 3186 1156 ἄδειαν
3241 1112 3351 1166 τοῖς
3424 1106 3688 1178 Φράγκοις
3769 1099 3958 1156 δεδώο

2314 1209 2442 1242 κασι
2496 1187 2530 1242 δ
2537 1192 2591 1242 ιὰ
2619 1199 2719 1242 τῶν
2748 1193 2879 1264 ὅρων
2918 1192 3089 1244 αὐτῶν
3129 1193 3177 1228 ³³
3205 1190 3446 1261 διελθεῖν,
3495 1201 3568 1245 τῶ
3621 1189 3807 1246 δοκεῖν
3858 1194 3956 1246 ὑπ’

2316 1281 2483 1332 αὐτῶν
2529 1280 2831 1354 βιασθέντες
2887 1287 2982 1341 τὴν
3027 1282 3240 1342 ἐκϐολήν
3279 1285 3349 1340 ³³.
3397 1288 3468 1338 Τὸ
3502 1287 3593 1356 μὲν
3646 1279 3741 1336 οὖν
3801 1285 3953 1337 ἄστυ

2313 1379 2403 1430 τῆς
2451 1370 2780 1444 Τζουρουλοῦ
2859 1377 2950 1424 καί
3008 1369 3162 1434 αὖθις
3217 1373 3346 1426 ἑάλω
3435 1373 3953 1448 ἐκστρατευσάντων

2315 1461 2430 1511 κατ’
2459 1460 2625 1512 αὐτῶν
2686 1469 2784 1512 τῶν
2824 1465 3060 1514 Λατίνων
3099 1467 3188 1514 καὶ
3232 1465 3657 1535 συμμαχούντων
3715 1467 3950 1526 ταύταις

2316 1554 2534 1602 καὶτῶν
2561 1552 2767 1602 Σκυθῶν
2806 1553 2876 1617 ³⁸,
2911 1551 2983 1613 εἰς
3031 1551 3264 1623 φυλακὴν
3317 1548 3377 1605 δὲ
3425 1548 3486 1610 ἦν
3515 1558 3633 1605 τότε
3661 1554 3689 1605 ὁ
3741 1559 3950 1628 Πετρα-

2316 1639 2464 1711 λίφας
2521 1640 2785 1703 Ἰωάννης,
2817 1640 2872 1692 ὃν
2923 1641 2971 1676 ³³
3021 1646 3176 1713 μέγας
3223 1641 3608 1716 χαρτουλάριος
3644 1644 3770 1714 (73)
3818 1649 3949 1718 πρὸς

543 1737 702 1794 Italis
739 1737 1106 1793 deditionem
1146 1736 1400 1809 paravit.
1442 1735 1705 1791 Tradunt
1735 1729 2008 1787 nonnulli
2049 1728 2206 1783 clam

2322 1732 2403 1781 τὸν
2462 1727 2688 1801 βασιλέα
2734 1731 2954 1788 Ῑωάννην
3012 1735 3280 1802 τετίμητο,
3331 1729 3459 1804 ἀνὴρ
3526 1739 3772 1803 γενναῖος
3853 1739 3949 1796 τῆς

542 1826 778 1899 aliquos
798 1826 1191 1882 defectionem
1206 1826 1521 1882 meditatos
1535 1823 1790 1896 ideoque
1811 1818 2206 1893 improvisum

544 1916 1010 1988 expugnationis
1031 1916 1439 1989 pertimuisse.
1465 1914 1651 1970 Latini
1671 1915 1871 1984 itaque
1890 1907 2208 1966 Tzurulum

545 2021 777 2079 cepere,
795 2006 921 2062 etin
935 2023 1007 2063 ea
1023 2010 1327 2062 Romanos
1365 2004 1838 2077 comprehensos
1855 2018 1994 2057 cum
2016 2003 2207 2056 Petra-

543 2095 711 2168 lipba
737 2093 857 2168 64
876 2094 1128 2151 vinculis
1168 2095 1441 2166 alligatos
1468 2100 1525 2150 et
1553 2092 1782 2166 Cpolim
1813 2087 2210 2147 deductosl‘a-

545 2183 881 2242 miliaribus
911 2184 1326 2240 vendiderunt.
1361 2185 1514 2238 Dum
1532 2182 1906 2239 obsideretur
1944 2178 2020 2236 ab
2052 2177 2210 2234 Italis

547 2270 856 2341 Tzurulus,
876 2275 1142 2330 Joannes
1163 2273 1490 2345 imperator
1522 2271 1722 2328 multis
1752 2268 2097 2326 triremibus
2125 2267 2210 2322 fa-

549 2359 795 2418 bricatis
820 2366 877 2418 et
896 2362 1155 2418 exercitu
1195 2378 1318 2418 non
1362 2361 1579 2432 exiguo
1637 2376 1842 2415 secum
1910 2357 2210 2414 conducto

552 2448 730 2506 Italos
782 2450 1262 2520 aggrediebatur.
1329 2454 1375 2504 Α
1419 2448 1766 2505 Nicomedia
1808 2445 2124 2502 discedens
2155 2449 2212 2501 et

555 2539 880 2595 Characem
894 2545 1352 2612 praetergressus
1376 2539 1737 2610 Dacibyzam
1768 2542 1981 2609 praeter
2006 2550 2212 2606 exspe-

555 2629 877 2685 ctationem
907 2635 1328 2701 oppugnatam
1354 2630 1688 2700 occupavit.
1741 2629 2026 2682 Praeterea
2047 2630 2102 2679 et
2123 2623 2212 2679 Ni-

554 2718 750 2773 cetiati
771 2717 1077 2774 castellum
1094 2719 1154 2773 in
1176 2734 1348 2774 suam
1364 2721 1722 2790 potestatem
1747 2715 1991 2786 redegit.
2028 2712 2211 2770 infor-

551 2810 798 2862 tunatus
826 2807 1216 2863 nihilominus
1237 2809 1297 2862 in
1321 2806 1662 2864 triremibus
1694 2805 1824 2872 fuit,
1851 2821 1988 2859 cum
2016 2819 2123 2871 qui
2152 2803 2213 2858 in

552 2896 663 2952 illis
676 2896 1082 2966 conﬂigebant
1093 2896 1251 2952 bello
1264 2894 1764 2967 essentinexperti
1778 2900 1957 2965 atque
1971 2893 2211 2960 insueti,

552 2989 611 3043 et
658 2986 934 3060 Isphreus
999 2986 1315 3042 Armenius
1371 2985 1549 3041 classi
1596 2989 1896 3056 prmesset,
1963 2982 2086 3038 cira
2116 2999 2212 3038 res

2317 1827 2479 1894 χεῖρα
2527 1825 2617 1873 καὶ
2659 1819 2959 1893 πολεμικοῖς
3006 1822 3288 1895 πράγμασι
3325 1820 3788 1894 κατεξητασμένος
3827 1843 3947 1876 παι-

2322 1905 2470 1962 δόθεν
2498 1910 2546 1944 ³⁸
2573 1930 2586 1942 ·
2614 1913 2674 1961 τό
2725 1906 2784 1962 δὲ
2829 1918 2920 1970 τῆς
2959 1916 3249 1973 Λατινικῆς
3295 1907 3563 1983 δυνάμεως
3616 1915 3809 1984 περιὸν
3861 1917 3948 1965 καὶ

2319 2002 2378 2051 τὸ
2429 1997 2807 2078 ἀπειροπληθὲς
2848 2009 2948 2052 τῶν
3007 2002 3212 2053 Σκυθῶν
3269 2006 3358 2053 καὶ
3395 2003 3455 2052 τὸ
3501 2009 3603 2053 τῶν
3660 2001 3947 2057 ἑλεπόλεων

2324 2094 2523 2161 συχνόν
2562 2108 2615 2142 τε
2661 2094 2753 2142 καὶ
2810 2093 3060 2164 καρτερὸν
3102 2087 3183 2163 [Ρ.
3223 2089 3316 2164 32]
3371 2087 3712 2164 παραδοῦναι
3757 2101 3947 2146 τοῦτον

2319 2182 2378 2230 τό
2403 2181 2540 2231 ἄστυ
2570 2187 2679 2239 τοῖς
2708 2178 2924 2241 Ἰταλοῖς
2957 2183 3328 2237 πεποιήκεσαν.
3375 2184 3513 2235 Φασὶ
3565 2176 3627 2232 δέ
3675 2200 3818 2244 τινες
3855 2187 3946 2236 καὶ

2319 2265 2614 2340 προδοσίαν
2672 2268 2949 2340 μελετῆσοί
2995 2288 3137 2330 τινας
3201 2272 3392 2344 κρύφα,
3436 2268 3720 2323 κάντεῦθεν
3779 2291 3948 2331 πτοη-

2323 2359 2476 2416 θῆναι
2526 2362 2585 2410 τό
2618 2356 2912 2432 ἀπρόοπτον
2949 2367 3046 2419 τῆς
3083 2358 3324 2420 ἁλώσεως
3371 2359 3440 2414 ³⁷.
3475 2361 3542 2412 Oi
3710 2358 3805 2414 οὖν
3838 2370 3946 2417 Λα-

2319 2451 2568 2504 τῖνοιτὴν
2606 2447 2930 2520 Τζουρουλόν
2977 2446 3352 2522 ἐχειρώσαντο,
3383 2453 3474 2501 καὶ
3522 2448 3618 2502 τού
3669 2448 3723 2502 ἐν
3770 2455 3942 2527 ταύτῃ

2318 2536 2600 2609 Ῥωμαίους
2650 2537 2856 2609 σύναμα
2910 2544 2982 2607 τῷ
3034 2537 3328 2612 Πετραλίφᾳ
3399 2534 3683 2610 δεσμώτας
3737 2544 3945 2612 ἤγαγον

2321 2626 2392 2687 εἰς
2421 2630 2515 2683 τὴν
2549 2631 2965 2695 Κωνσταντίνου,
2999 2631 3090 2678 καὶ
3129 2631 3261 2700 πρός
3312 2628 3431 2686 τούς
3487 2626 3714 2689 οἰκείους
3746 2629 3944 2693 αὐτοῦς

2322 2713 2735 2787 ἀπημπόλησαν.
2800 2718 2904 2770 Τοῦ
2965 2711 3025 2768 δε
3068 2717 3267 2778 ἄστεως
3342 2723 3439 2777 τῆς
3502 2717 3807 2793 Τξορουλοῡ
3853 2741 3943 2774 πο-

2321 2803 2686 2879 λιορκούμενον
2758 2806 2884 2878 παρ’
2973 2805 3201 2876 Ἰταλων,
3273 2810 3305 2858 ὅ
3375 2805 3630 2880 βασιλεὺς
3695 2810 3945 2875 Ἰωάννης

2324 2900 2554 2970 τριήρεις
2601 2897 2777 2955 ἱκανὰς
2825 2898 3284 2968 συσκευασάμενος
3333 2902 3426 2949 καί
3480 2899 3787 2973 στράτευμα
3845 2903 3942 2954 οὐκ

2326 2983 2499 3055 ολίγον
2546 2985 2658 3056 μεθ’
2713 2985 2896 3037 ἑαυτοῦ
2953 2984 3264 3059 προσλαϐὼν
3329 2989 3467 3039 κατά
3545 2997 3648 3040 τῶν
3728 2990 3941 3044 Ἰταλῶν

552 3075 839 3132 militares
870 3074 1024 3130 ultra
1043 3091 1232 3147 quam
1261 3090 1372 3147 par
1415 3079 1541 3130 erat
1588 3073 1847 3142 segnior.
1895 3077 2043 3126 Ante
2074 3087 2212 3127 eum

2327 3075 2604 3146 ἐπεχείρει.
2663 3073 2794 3128 Ἀπὸ
2845 3076 2934 3146 μεν
2987 3070 3075 3127 οὖν
3139 3083 3236 3136 τῆς
3307 3073 3671 3149 Νικομηδείας
3726 3077 3944 3153 ἀπάρας

555 3162 791 3222 Manuel
807 3164 1240 3236 Contophreus,
1263 3164 1352 3218 vir
1378 3178 1560 3218 manu
1593 3167 1829 3234 potens,
1861 3166 2015 3217 terra
2041 3161 2216 3216 mari-

555 3266 679 3325 que
702 3253 945 3308 Martem
975 3252 1231 3324 spirans,
1252 3252 1584 3307 triremium
1623 3255 1748 3307 erat
1789 3250 2157 3320 gubernator
2199 3267 2212 3306 :

561 3338 672 3396 sed
702 3355 841 3396 cum
859 3345 997 3396 ante
1026 3355 1256 3412 paucos
1278 3339 1406 3396 dics
1431 3340 1506 3395 de
1528 3339 1719 3396 classe
1742 3339 2032 3395 audacior
2060 3338 2217 3395 illius

561 3445 701 3486 cum
727 3429 1088 3502 imperatore
1109 3430 1453 3500 congressio
1501 3429 1705 3486 fuisset
1747 3437 2036 3502 (namque
2057 3430 2218 3485 dixe-

561 3523 654 3578 rat
675 3518 886 3576 ltalicis
913 3519 1256 3576 triremibus
1281 3536 1598 3594 nunquam
1625 3525 1850 3587 nostra,
1867 3519 1998 3576 licet
2027 3519 2216 3576 multo

561 3609 763 3683 plures
777 3608 1043 3678 fuissent,
1069 3611 1350 3682 cumipse
1377 3610 1700 3666 ambarum
1721 3609 2036 3665 facultates
2061 3609 2215 3680 opti-

562 3714 660 3755 me
681 3704 970 3763 nosceret,
1002 3700 1248 3756 obviare
1267 3700 1359 3756 vel
1397 3699 1687 3758 obsistere
1739 3700 1961 3772 posse),
2008 3697 2218 3771 praefe-

562 3793 731 3846 ctura
751 3788 1039 3861 spoliatus
1070 3793 1174 3856 est,
1199 3805 1388 3862 quam
1413 3789 1474 3845 in
1493 3805 1554 3845 se
1578 3789 1857 3861 Isphreus
1887 3791 2212 3860 receperat,

560 3877 738 3935 valde
761 3879 1106 3936 miseranda
1133 3880 1376 3936 victoria
1393 3884 1710 3952 superatus
1735 3896 1748 3934 :
1776 3895 1913 3934 cum
1935 3878 2096 3934 enim
2123 3877 2219 3934 tri-

561 3967 729 4038 ginta
751 3969 1019 4026 triremes
1057 3969 1498 4038 conduceret,a
1549 3967 1838 4026 tredecim
1882 3967 2218 4024 debellatus

562 4061 669 4124 est,
706 4063 911 4131 totque
940 4057 1015 4114 de
1039 4058 1160 4114 suis
1174 4064 1324 4132 quot
1345 4064 1514 4114 erant
1539 4057 1803 4114 hostium
1827 4057 2026 4113 amisit
2051 4073 2064 4112 :
2102 4056 2217 4112 sin-

562 4146 718 4216 gula:
757 4147 919 4203 enim
951 4147 1216 4218 singulas
1237 4165 1376 4204 cum
1397 4147 1541 4220 ipsis
1571 4146 1918 4202 hominibus
1948 4151 2006 4201 et
2032 4145 2218 4201 armis

563 4235 821 4309 spolium
835 4236 953 4309 65
969 4236 1313 4294 retulerunt.
1332 4237 1535 4293 Ethaec
1549 4235 1794 4307 quidem
1819 4235 1901 4290 ita
1913 4250 1974 4289 se
1991 4233 2222 4289 habue-

560 4339 646 4382 re.
663 4326 991 4397 Imperator
1003 4326 1411 4380 veroJoannes
1425 4340 1634 4380 rursus
1650 4339 1786 4378 cum
1801 4327 2000 4377 Asano
2013 4337 2219 4393 pacem

563 4414 847 4485 κακίζει
858 4410 1148 4470 afﬁnitate
1160 4412 1338 4469 ambo
1350 4412 1785 4469 vinciebantur.
1795 4416 2029 4466 Asanus
2043 4425 2220 4481 quam

2330 4417 2596 4487 ἡμέτεραι,

561 4499 655 4560 vis
665 4501 824 4574 eumj
835 4502 958 4573 urej
968 4501 1200 4559 urando
1211 4502 1330 4560 foed
1338 4518 1440 4559 era
1455 4501 1783 4574 composita
1798 4516 1921 4556 non
1934 4499 2102 4554 nimis
2117 4515 2222 4555 an-

561 4590 658 4650 xie
671 4587 1326 4666 observaret,tanquam
1343 4592 1447 4665 qui
1463 4591 1554 4648 vel
1573 4591 1812 4647 minimo
1827 4589 2222 4647 emolumento

563 4679 677 4738 sibi
708 4680 1016 4753 proposito
1050 4681 1189 4753 jura
1218 4681 1487 4749 violaret,
1520 4681 1581 4736 in
1610 4685 1818 4752 aperto
1845 4685 1902 4736 et
1940 4680 2222 4736 simulate

561 4770 891 4830 amicitiam
907 4771 1162 4843 colebat,
1178 4775 1236 4828 et
1259 4788 1396 4846 quas
1409 4771 1743 4828 amicorum
1756 4774 2222 4845 erantexseque-

559 4861 764 4920 batur.

2325 3167 2416 3214 καί
2469 3162 2806 3238 παραμείψας
2857 3167 2945 3216 τὸν
2991 3166 3213 3239 χάρακα
3250 3163 3514 3239 ἐπόρθησε
3562 3172 3653 3224 τὴν
3701 3167 3940 3220 Δακίϐυο

2327 3252 2422 3313 ζαν
2448 3256 2548 3327 πρὸ
2587 3260 2795 3327 καιροῦ,
2825 3258 2915 3305 καὶ
2961 3258 3193 3326 κατέσχε
3222 3257 3445 3322 ταύτην,
3495 3258 3697 3328 προσέτι
3735 3249 3798 3306 δε
3823 3261 3922 3308 καὶ

2326 3345 2385 3394 τὸ
2433 3349 2524 3394 τοῦ
2575 3344 2898 3400 Νικητιάτου
2951 3345 3215 3417 φρούριον,
3275 3350 3368 3398 καὶ
3436 3342 3515 3416 ὑφ’
3590 3342 3767 3395 ἑαῦτὸν
3823 3349 3934 3399 καὶ

2326 3437 2480 3483 τοῦτο
2536 3435 2842 3490 πεποίηκον.
2923 3428 3300 3505 Ἐδυστύχησε
3341 3430 3402 3488 δε
3449 3441 3517 3504 τῷ
3566 3434 3678 3486 τότε
3716 3429 3764 3485 ἰν
3812 3442 3942 3498 ταῖς

2328 3525 2594 3595 τριήρεσιν
2635 3519 3050 3596 ἀπειροπολέμων
3077 3525 3233 3575 ὄντων
3260 3531 3360 3576 τῶν
3417 3521 3466 3576 ἔν
3532 3521 3712 3584 αὐταῖς
3760 3543 3949 3596 μαχο-

2329 3613 2511 3683 μένων,
2539 3615 2746 3663 καὶτοῦ
2787 3612 2958 3686 Ἰσφρε
3009 3619 3098 3665 τοῦ
3153 3613 3432 3687 Ἀρμενίου
3491 3612 3559 3674 εἰς
3605 3611 3751 3676 τάξιν
3813 3615 3950 3686 inrc-

2328 3705 2482 3772 μόνος
2554 3699 2605 3752 ἐν
2670 3703 2875 3764 τούτοις
2926 3703 3278 3773 τυγχάνοντος
3324 3707 3416 3756 καὶ
3463 3702 3809 3777 ὀκνηροτίρου
3863 3723 3952 3759 τε-

2327 3790 2531 3850 λοῦντος
2580 3795 2700 3864 περὶ
2746 3792 2814 3842 τὰ
2849 3793 3088 3863 μάχιμα.
3156 3799 3484 3867 Προῡπῆρχε
3542 3787 3604 3846 δε
3668 3796 3764 3852 τήν
3842 3803 3953 3847 τῶν

2330 3885 2578 3956 τριήρεων
2645 3885 2968 3955 στρατηγίαν
3014 3882 3040 3932 ὀ
3080 3884 3332 3957 Κοντοφρε
3387 3881 3638 3941 Μανουὴλ
3691 3886 3954 3956 περιεζωο

2332 3973 2534 4042 σμένος,
2590 3967 2714 4042 ἀνὴρ
2763 3975 2992 4041 γενναῖος
3035 3973 3132 4030 τὴν
3182 3978 3343 4045 χεῖρα
3395 3991 3488 4024 και
3551 3969 3722 4046 ’Δρην
3778 3977 3954 4028 πνέων

2328 4061 2464 4114 κατά
2489 4077 2543 4112 τε
2571 4058 2828 4111 θάλατταν
2871 4063 2960 4113 καὶ
3003 4058 3187 4132 ξηράν.
3241 4059 3395 4112 una:
3449 4064 3552 4136 πρό
3605 4080 3760 4114 τινων
3822 4064 3956 4136 ἠμε-

2327 4156 2430 4223 ρῶν
2504 4149 2826 4223 θρασυτέρας
2904 4152 2994 4210 τὰς
3059 4145 3308 4213 διαλέξεις
3372 4155 3491 4226 περὶ
3542 4157 3637 4204 τοῦ
3689 4162 3957 4206 ναυτικοῦ

2330 4240 2458 4310 πρός
2504 4242 2588 4288 τόν
2628 4236 2853 4310 βασιλέα
2902 4241 3254 4312 ποιησάμενος
3307 4240 3527 4314 (εἰρήκει
3584 4245 3671 4293 καὶ
3720 4244 3832 4318 γὰρ
3885 4246 3959 4307 ὡς

2331 4325 2424 4378 οὐκ
2481 4324 2540 4376 ἂν
2587 4323 2948 4385 ἀντωπήσειαν
3031 4335 3150 4390 ταῖς
3223 4329 3498 4390 Ἰταλικαῖς
3551 4334 3835 4403 τριήρεσιν
3901 4335 3960 4385 αἱ

2697 4415 2792 4468 κᾶν
2919 4416 3364 4479 πολλαπταζοιντο
3489 4422 3619 4494 πρὸς
3732 4419 3958 4491 αύτούς,

2331 4500 2558 4578 ἀκριϐῶς
2602 4505 2668 4556 τὰ
2715 4509 2832 4579 περὶ
2877 4503 3066 4578 ἀμφοῖν
3109 4505 3453 4580 ἐπιστάμενος
3509 4505 3579 4578 ³⁸)
3630 4510 3958 4583 παρεσταλη

2328 4601 2422 4654 τῆς
2451 4595 2746 4666 ἡγεμονίας,
2797 4599 2888 4646 καὶ
2940 4595 3116 4668 Ἰσφρὲ
3161 4595 3324 4654 αὐτὴν
3374 4591 3672 4665 διεδέξατο,
3722 4602 3820 4650 καὶ
3866 4600 3962 4659 ἠτ-

2329 4684 2464 4742 τήθη
2500 4679 2659 4741 ἧτταν
2689 4680 2896 4757 σφόδρα
2944 4681 3120 4744 δεινήν
3177 4685 3248 4743 ³9.
3295 4687 3590 4759 Τριάκοντα
3638 4689 3746 4759 γὰρ
3806 4686 3960 4764 ἑξάρ-

2328 4793 2443 4845 χων
2490 4777 2742 4848 τριήρεων
2812 4774 2914 4826 ὑπὸ
3004 4771 3358 4847 τρισκαίδεκα
3432 4773 3780 4844 ἆκνενίκηται,
3866 4783 3959 4832 καὶ

2328 4865 2590 4925 τοσαύτας
2621 4861 2881 4917 ἀπώλεσεν
2930 4865 3124 4916 ὁπόσαι
3177 4860 3316 4923 ἦσαν
3371 4872 3474 4916 τῶν
3504 4863 3748 4918 ἐναντίων
3784 4887 3800 4900 ο
3839 4869 3956 4921 ixi:

561 4959 660 5013 στῆ
688 4954 790 5027 γὰρ
820 4953 1015 5006 τούτων
1053 4956 1176 5025 μίαν
1205 4946 1454 5026 ἐκίρδησι
1495 4949 1719 5024 λάφυρον
1752 4953 1923 5012 αὐτοῖς
1949 4947 2176 5026 άνδράσι
2204 4959 2296 5010 καὶ
2340 4954 2538 5016 ὅπλοις.
2585 4958 2684 5008 Καὶ
2722 4961 2888 5008 ταῦτα
2919 4958 3024 5027 μὴν
3054 4957 3212 5027 ἔσχεν
3242 4958 3406 5017 οὕτως
3437 4955 3508 5011 ⁴⁰.
3533 4955 3559 5007 ὁ
3592 4951 3654 5008 δέ
3685 4954 3962 5029 βασιλεὺς

633 5126 682 5163 ³³
711 5123 806 5180 διὰ
847 5159 918 5168 —-
957 5130 1124 5180 αύτών
1154 5143 1274 5183 om.
1323 5129 1386 5183 D.

562 5256 792 5341 ὑποψίαν
816 5256 1116 5344 προδόσεως
1144 5274 1208 5326 Ι).

1493 5127 1542 5163 33
1571 5135 1642 5198 τῷ
1668 5161 1738 5170 -
1768 5128 1974 5188 ἐκκολήν
2007 5147 2127 5186 om.
2163 5133 2228 5188 D.

559 5199 776 5274 1506;5—
795 5204 1060 5274 τετίμητο.
1095 5206 1198 5252 Τοῦ
1231 5198 1490 5274 βασιλέως
1513 5200 1746 5253 Ἰωάννου
1767 5204 1794 5258 ‘2
1869 5203 1915 5237 ³⁸
1943 5211 2168 5274 γενναῖος
2191 5235 2262 5246 -
2289 5198 2562 5269 παιδόθεν]
2597 5201 2830 5274 ἀνδρεῖος
2883 5207 2949 5262 1).

1285 5271 1332 5306 ⁸⁸
1354 5273 1448 5324 κάν
1471 5304 1543 5313 --
1562 5274 1920 5346 ἐπιστάμενος]
1942 5271 2030 5326 και
2049 5278 2116 5330 Ι).
2192 5276 2240 5311 ³9
2273 5272 2434 5337 ἧτταν
2457 5273 2658 5351 φοόδρα
2683 5271 2857 5334 δεινήν
2879 5292 3003 5333 om.
3028 5279 3091 5333 D.

2307 5133 2354 5168 εδ
2400 5131 2732 5205 ἐκστρατς-
2758 5134 2965 5186 Σκυθῶν
2995 5149 3116 5189 om.
3163 5135 3226 5189 D.

3304 5133 3372 5208 35d
3403 5132 3483 5208 ὅς]
3544 5133 3664 5208 ὀ-Ι),
3708 5137 3959 5208 omisssi

3027 5206 3070 5239 ³⁷
3104 5224 3302 5278 καιΑ-τ-
3326 5203 3587 5278 άλώσεως]
3613 5211 3680 5266 ὡς
3719 5214 3822 5262 καὶ
3868 5207 3962 5263 διὰ

3172 5276 3220 5312 ⁴⁰
3247 5275 3444 5335 ἐκαστη
3468 5308 3539 5319 -
3557 5275 3727 5341 οὕτως
3750 5297 3870 5338 om.
3897 5285 3959 5339 Ι),

1455 5451 1796 5520 Theodori
1847 5452 2098 5520 Dousa:
2147 5463 2214 5522 et
2259 5454 2501 5524 Leonis
2551 5453 2786 5524 Allatii
2836 5464 3040 5524 notae.

636 5588 750 5664 (73)
791 5588 852 5644 ’0
879 5591 1040 5666 μέγας
1067 5593 1469 5672 χοῳτουλςίριος.
1505 5595 1587 5654 De
1612 5556 1727 5653 hac
1755 5595 2042 5667 dignitate
2069 5613 2229 5657 consil

2325 5602 2418 5657 tur
2454 5597 2821 5657 Glossarium
2858 5598 3110 5658 Meursii.
3147 5601 3362 5657 Dousa.
