4152 6380
223 302 244 354 i
255 295 363 352 069

1767 278 2113 339 ANNALES.

3469 284 3606 342 1070

222 406 465 480 Ἰωάννης
493 420 585 469 καὶ
619 414 769 475 αὖθις
809 415 942 486 μετά
972 417 1061 463 τοὺ
1109 406 1370 481 βασιλέως
1405 406 1565 459 Ἀσὰν
1597 409 1805 479 εἰρὴνην
1838 403 1970 476 εἶχε,
2002 408 2093 456 καί
2124 411 2185 476 τῇ
2222 408 2497 475 συγγενεία
2535 411 2632 459 καὶ
2654 405 2808 479 ἄμφω
2842 402 3200 475 συνεδέδεντο,
3253 406 3347 460 οὑκ
3381 405 3611 482 ἀκριϐῶς

225 514 315 586 μεν
344 516 436 563 τοῦ
468 507 630 561 Ἀσάν
653 506 748 566 τὰς
775 502 1019 575 ἐνόρκους
1050 497 1352 570 συμφωνῖαν
1379 496 1721 586 φυλάττοντος
1747 516 1759 528 ο
1791 498 1905 547 ἔστι

1948 498 2046 567 γὰρ
2088 498 2170 547 ὅτε
2208 494 2249 527 ⁴¹
2294 489 2388 544 δια
2433 497 2619 568 μικρὸν
2670 492 2855 571 κερδος
2896 492 3251 572 παρεσπόνδει
3297 498 3437 569 (79).
3477 500 3612 564 Τέως

226 582 275 654 ἓν
304 607 375 672 τῷ
415 601 615 670 φανερῷ
638 597 729 646 καί
754 590 1030 651 πλατυκῶς
1059 590 1266 661 ἔστεργε
1294 590 1380 643 τήν
1409 583 1617 656 ἁγάπην
1646 590 1737 637 καὶ
1764 586 1829 636 τά
1860 592 1957 636 τῶν
1997 583 2153 655 φίλων
2194 582 2351 635 ἐποίει
2376 584 2443 617 "-

297 686 485 747 λη’.Ὀ
510 688 603 758 μεν
641 679 730 736 οὑν
782 682 941 736 ’Δσὰν
996 679 1237 738 Ἰωάννης
1285 683 1382 737 τῆς
1438 674 1668 745 συζύγου
1717 693 1833 726 στε-
1873 676 1921 728 Α

228 780 431 855 ρηθεὶς,
472 775 534 834 ἢν
573 772 627 837 ἕξ
657 770 925 846 Ούγγρίας
957 768 1087 821 εἶναι
1117 768 1144 818 ό
1181 766 1332 837 λόγος
1366 765 1567 837 φθάσας
1627 765 1837 837 ἱστόρη-

234 852 343 931 σεν,
378 866 607 937 ἠγάγετο
638 861 709 924 εἰς
729 866 955 933 γυναῖκα
996 861 1091 915 τὴν
1140 856 1404 926 θυγατέρα
1450 861 1540 905 τοῦ
1596 852 1838 923 Ἀγγελου

236 950 516 1028 Θεοδώρου
563 954 657 1009 τήν
710 948 958 1024 Εἰρήνην,
1008 944 1167 1003 καλήν
1213 962 1273 996 το
1330 938 1468 1002 εἶδος
1533 946 1624 994 καὶ
1693 942 1841 1013 εύμεο

235 1047 362 1117 γέθη
393 1044 461 1112 ⁴⁸,
492 1037 631 1116 μηδε
676 1043 737 1092 τὸ
789 1045 883 1091 τοῦ
931 1031 1258 1106 αύταδέλφου
1291 1040 1380 1085 τοῦ
1434 1035 1633 1106 πατρὸς
1679 1031 1841 1092 αὐτῆς

238 1130 402 1195 κῆδος
428 1126 653 1198 ὑπιδὼν,
685 1130 862 1202 ὅτιπερ
886 1134 948 1199 τῇ
994 1128 1050 1177 ἐκ
1095 1119 1415 1182 παλλακίδος
1466 1120 1624 1172 αὑτοῦ
1680 1122 1843 1191 θυγα-

236 1226 323 1297 τρὶ
354 1218 725 1280 συνηυνάζετο.
754 1215 927 1269 Ἦσαν
952 1211 1011 1267 δὲ
1041 1222 1112 1284 τῷ
1144 1211 1373 1283 Ἀγγέλῳ
1415 1206 1673 1284 Θεοδώρῳ
1727 1215 1846 1261 παῖ-

240 1307 328 1374 δες
347 1309 552 1385 ἄῤῥενες
583 1304 683 1361 δύο
716 1307 784 1373 ⁸⁸,
824 1305 1069 1366 Ἰωάννης
1109 1306 1198 1354 καὶ
1247 1305 1566 1373 Δημήτριος,
1615 1303 1707 1350 καὶ
1759 1300 1847 1356 θή-

236 1400 371 1454 λειαι
398 1394 518 1465 δύο,
558 1399 589 1456 ἡ
623 1395 786 1448 ’Ἄννα
813 1398 904 1446 καὶ
930 1395 958 1451 ἡ
981 1393 1208 1468 ῥηθείσα
1246 1390 1437 1464 Εἰρήνη
1502 1389 1570 1457 ⁸⁵,
1630 1388 1741 1460 μεθ’
1790 1386 1849 1447 ἧς

243 1490 270 1542 6
314 1489 479 1542 Ἀσὰν
535 1481 737 1547 παῖδας
781 1486 1055 1556 γεγέννηκε
1106 1487 1261 1555 τρεῖς,
1316 1480 1402 1530 τὸν
1455 1477 1701 1548 Μιχαὴλ,
1755 1481 1849 1534 τήν

245 1574 524 1650 Θεοδωραν
552 1579 644 1627 καὶ
676 1577 767 1632 τήν
815 1575 1045 1646 Μαρίαν.
1128 1568 1387 1625 Ἀπελύθη
1443 1574 1566 1638 γούν
1613 1575 1712 1617 τῶν
1771 1562 1854 1617 δε-

249 1674 394 1739 σμῶν
421 1662 513 1718 διά
536 1683 620 1718 τοι
653 1670 807 1716 τούτο
827 1663 854 1713 6
874 1657 1137 1732 ’Ἄγγελος
1162 1653 1433 1730 Θεόδωρος
1486 1655 1563 1726 [Ρ.
1617 1654 1707 1725 33]
1763 1658 1855 1707 καὶ

251 1759 539 1811 συναινέσει
564 1760 658 1806 τοῦ
716 1749 958 1825 γαμϐροῦ
1016 1748 1180 1802 αὑτοῦ
1236 1754 1329 1800 τοῦ
1384 1745 1545 1800 Ἀσὰν
1598 1743 1856 1819 ἐγκρατής

246 1847 487 1919 γενέσθαι
519 1851 609 1905 τῆς
656 1839 1044 1900 Θεσσαλονίκης
1106 1842 1195 1890 καὶ
1251 1855 1430 1899 πάσης
1486 1835 1548 1896 ἧς
1603 1838 1854 1909 πρότερον

248 1930 387 2008 ἦρχε
431 1938 619 2009 χώρας
674 1929 919 1990 ἠθέλησε.
981 1933 1084 1982 Καὶ
1133 1923 1201 1984 δή
1251 1945 1389 1986 τινας
1452 1923 1656 1996 ὀλίγους
1713 1925 1854 1996 παρὰ

250 2031 344 2077 τού
394 2023 552 2076 Ἀσὰν
621 2017 1062 2094 προσλαϐόμενος,
1138 2014 1247 2069 ἐπεὶ
1335 2022 1557 2087 φανερῶς

251 2114 435 2185 μάχην
474 2112 609 2162 κατὰ
637 2115 730 2160 τοὺ
761 2104 988 2179 ἀδελφοῦ
1014 2105 1173 2159 αὑτοῦ
1199 2102 1448 2161 Μανουήλ
1472 2102 1567 2154 οὑκ
1602 2097 1855 2167 ἠδύνατο,

1640 2021 1754 2071 κινῆ
1768 2031 1856 2063 σαι

252 2203 427 2275 κρύφα
483 2203 793 2272 μηχανᾶται
858 2200 952 2255 τήν
1020 2195 1097 2257 εἰς
1171 2191 1556 2249 Θεσσαλονίκην
1631 2186 1857 2259 εἴσοδον,

258 2288 427 2348 εὐτελῆ
481 2307 596 2340 τινα
672 2284 1060 2360 ἀμφιασάμενος
1106 2284 1269 2359 ῥάκια
1342 2286 1433 2334 καὶ
1481 2285 1575 2339 τήν
1653 2275 1862 2332 εἴσοδον

257 2376 554 2449 ὑποκλέψας
608 2384 699 2437 τῆς
761 2374 974 2436 πόλεως.
1031 2374 1174 2427 Ἐπεὶ
1229 2370 1287 2425 δὲ
1342 2371 1510 2443 εἰσῄει
1561 2373 1652 2421 καὶ
1723 2388 1862 2420 τισιν

259 2466 556 2540 ἐπεγνώσθη
604 2472 714 2527 τοῖς
772 2465 845 2525 οἷς
902 2462 1157 2524 ἐϐούλετο,
1216 2460 1302 2522 οὓς
1357 2462 1437 2513 ὅτε
1493 2459 1707 2530 εὐτύχει
1760 2456 1864 2530 ἐφί-

257 2557 335 2611 λει
385 2575 440 2609 τε
493 2560 584 2608 καὶ
626 2554 909 2628 εὐηργέτει,
963 2553 1078 2625 μεθ’
1143 2552 1211 2602 ὧν
1271 2555 1361 2602 καὶ
1419 2547 1705 2623 τεθάῤῥηκε
1770 2552 1864 2605 τήν

259 2648 395 2700 κατὰ
457 2652 547 2699 τοὺ
600 2640 826 2717 ἀδελφοῦ
887 2641 1105 2713 σκῆψιν,
1162 2640 1221 2693 ού
1275 2638 1464 2693 πολλοῦ
1519 2635 1720 2698 δεηθεὶς
1777 2644 1866 2690 τού

259 2740 458 2812 χρόνον
490 2733 748 2808 ἐγκρατής
778 2751 833 2785 τε
873 2731 1027 2794 αὖθις
1077 2739 1173 2793 τῆς
1222 2728 1615 2789 Θεσσαλονίκης
1671 2727 1867 2800 ἐγένετο

259 2830 476 2878 καὶτῶν
505 2824 657 2899 πέριξ
684 2822 877 2876 πόλεων
922 2825 1014 2873 καὶ
1068 2828 1279 2893 χωρῶν.
1342 2818 1586 2879 Βασιλεὺς
1635 2814 1694 2870 δὲ
1751 2817 1867 2869 ὀνο-

260 2914 528 2988 μάζεσθαι
558 2911 653 2963 οὑκ
683 2909 905 2969 ἠθέλησε
950 2904 1044 2961 διὰ
1092 2912 1148 2959 τὸ
1206 2916 1305 2960 τῶν
1349 2906 1625 2979 ὀφθαλμῶν
1680 2908 1867 2973 πάθος,

259 3006 353 3054 τὸν
409 2996 468 3052 δι
515 2997 629 3050 υἱὸν
684 2997 846 3049 αὑτοῦ
894 2997 1134 3054 Ἰωάννην
1188 2995 1414 3069 βασιλέα
1467 2996 1724 3069 ὠνόμασε,
1783 3000 1872 3047 καὶ

275 3088 512 3166 ἱρυθροῖς
555 3082 791 3149 πεδίλοις
841 3089 956 3147 τούς
1005 3082 1174 3148 πόδας
1226 3084 1416 3138 ἐκείνου
1480 3081 1734 3156 ὑπέδησε,
1784 3089 1875 3137 καὶ

274 3179 534 3239 τοιούτοις
587 3176 868 3249 γράμμασι
910 3177 1225 3250 ὑπογράφειν
1248 3171 1513 3250 διώρισεν,
1592 3174 1746 3227 αὑτόν
1824 3193 1877 3228 τε

279 3264 481 3321 διέπειν
510 3267 577 3319 τὰ
608 3267 756 3318 κοινὰ
786 3269 876 3317 καὶ
914 3261 1170 3336 διεξάγειν
1216 3266 1284 3316 τὰ
1339 3272 1431 3317 τοῦ
1477 3266 1616 3319 υἱοῦ.
1669 3267 1768 3317 Τόν
1826 3259 1877 3317 δ’

278 3352 500 3429 ἀδελφὸν
574 3352 824 3413 Μανουήλ
918 3361 1012 3416 τῆς
1108 3351 1359 3419 ἐκϐαλὼν,
1453 3359 1542 3405 καὶ

276 3448 327 3499 ἓν
354 3466 457 3499 τινι
504 3448 732 3520 τριήρει,
780 3447 901 3516 περὶ
956 3447 1050 3502 τήν
1084 3442 1317 3496 Αττάλου
1376 3441 1607 3518 ἐξώρισε,
1674 3448 1763 3503 τήν
1823 3440 1883 3497 δε

280 3537 508 3606 σύζυγον
565 3534 726 3586 αὑτοῦ
786 3536 917 3607 πρὸς
969 3536 1055 3585 τὸν
1108 3536 1312 3609 πατέρα
1362 3532 1523 3585 Ἀσὰν
1581 3531 1880 3605 ἐξέπεμψεν.

288 3631 332 3677 0
364 3620 608 3678 δὲἈσὰν
639 3626 726 3676 τόν
771 3624 1013 3696 πενθερὸν
1063 3621 1255 3695 μᾶλλον
1304 3623 1351 3658 ⁴⁸
1395 3621 1552 3694 ἐφίλει
1609 3618 1883 3695 Θεόδωρον

276 3712 308 3772 ἣ
338 3715 423 3766 τὸν
453 3710 689 3787 γαμϐρὸν
740 3710 900 3762 αὑτοῦ
957 3710 1224 3789 Μανουήλ·
1281 3711 1598 3783 ὑπερηγάπα
1643 3712 1745 3785 γὰρ
1789 3713 1884 3768 τὴν

280 3801 509 3873 σύζυγον
537 3801 778 3877 Εἰρήνην,
825 3799 932 3872 οὑχ
981 3799 1136 3858 ἧττον
1184 3797 1213 3857 ἣ
1274 3798 1547 3860 Ἀντώνιος
1587 3803 1680 3857 τήν
1734 3797 1886 3853 Κλεο-

278 3892 479 3964 πάτραν
515 3889 669 3948 ⁴’¹.”Ο
713 3892 803 3963 μὲν
866 3884 953 3942 οὑν
1005 3886 1255 3946 Μανουήλ
1297 3896 1361 3961 τῇ
1418 3886 1669 3940 Ἀττάλου
1718 3906 1886 3963 προσ-

282 3978 485 4041 οκείλας
511 3981 654 4053 παρὰ
678 3974 1005 4054 προσδοκίαν
1034 3982 1153 4038 τοὺς
1211 3976 1265 4040 ἐξ
1310 3975 1480 4050 Ἀγαρ
1539 3977 1653 4049 εὗρε
1706 3977 1753 4012 ⁴⁸
1808 3997 1887 4049 φι-

279 4067 581 4143 λανθρωπίᾳ
633 4067 825 4142 μᾶλλον
872 4070 998 4140 πρὸς
1075 4066 1233 4119 αὑτὸν
1301 4071 1696 4141 χρησαμένους·
1778 4065 1889 4120 ἐπεὶ

275 4160 379 4233 γὰρ
435 4157 628 4230 εἰρήκει
674 4161 801 4234 πρὸς
848 4161 934 4210 τὸν
1000 4155 1225 4229 βασιλέα
1279 4156 1524 4213 Ἰωάννην
1603 4157 1889 4227 τυγχάνειν

280 4248 441 4302 αὐτοῦ
483 4252 577 4307 τήν
631 4248 818 4321 ὁρμὴν,
874 4251 1265 4321 παρεχώρησαν
1320 4247 1489 4317 τούτῳ
1518 4250 1613 4304 τήν
1687 4242 1888 4313 δίοδον,

281 4332 686 4410 ἔφοδιασάμενοι
740 4339 1124 4408 προσηκόντως.
1178 4332 1403 4387 Ἐκεῖθεν
1460 4337 1592 4408 πρὸς
1654 4338 1739 4386 τὸν
1796 4333 1894 4407 βα-

283 4425 432 4479 σιλέα
480 4422 689 4497 ἀφίκετο
740 4420 909 4493 οὗτος,
978 4428 1067 4476 καὶ
1126 4424 1152 4475 ὀ
1207 4421 1461 4496 βασιλεὺς
1533 4421 1768 4496 ἁσμένως
1842 4442 1897 4475 τε

282 4522 465 4569 τοῦτον
521 4510 733 4577 ἐδέξατο
780 4518 871 4565 καὶ
935 4514 1004 4574 ὡς
1064 4517 1519 4588 προσῳκειωμένον
1606 4521 1679 4585 τῷ
1762 4516 1898 4584 γένει

284 4622 376 4656 και
406 4605 473 4666 ὡς
503 4602 666 4655 πάλαι
706 4599 969 4660 δεσπότην
1006 4602 1392 4675 ὠνομασμένον,
1456 4599 1584 4666 δούς
1639 4599 1698 4655 δὲ
1755 4602 1896 4673 αύτῷ

289 4700 481 4765 χρῆμα
529 4696 620 4745 καὶ
674 4696 906 4765 τριήρεις
960 4690 1014 4754 ἓξ
1071 4690 1155 4744 ἐπὶ
1195 4696 1291 4750 τήν
1359 4692 1588 4765 μεγάλην
1665 4690 1897 4763 Βλαχίαν

292 4779 505 4853 ἀφῆκεν,
550 4782 733 4857 ὅρκους
772 4781 897 4856 παρ’
950 4781 1109 4833 αὑτοῦ
1180 4779 1349 4833 λαϐὼν
1419 4778 1720 4857 φρικώδεις,
1795 4777 1897 4843 οἷος

287 4869 476 4934 ἐκεῖνος
520 4876 771 4933 συνέσεως
812 4875 902 4924 καὶ
956 4868 1238 4943 ἀγχινοίας
1289 4870 1495 4946 πλήρης
1541 4871 1609 4923 ὢν
1665 4873 1733 4927 ⁴⁹.
1791 4877 1897 4924 Κα-

2024 677 2111 728 38.
2145 671 2245 727 llic
2275 687 2419 743 ergo
2450 688 2656 737 uxore,
2688 688 2876 745 quam
2899 675 3200 745 Ungaram
3226 675 3409 732 fuisse
3452 691 3609 748 prae-

1949 762 2350 824 narravimus,
2405 762 2673 833 privatus
2753 760 2941 820 ﬁliam
3027 763 3236 834 Angeli
3315 763 3611 822 Theodori
3692 786 3695 789 ·

1949 854 2201 915 Irenem,
2236 850 2432 907 forma
2452 852 2845 923 conspicuam
2875 855 2933 907 et
2963 867 3214 925 corpore
3270 869 3605 925 proceram,

1950 940 2146 996 fratris
2166 939 2399 1012 paterni
2420 940 3033 1011 consanguinitatem,
3058 942 3165 1013 qui
3194 957 3334 998 cum
3354 943 3477 999 ﬁlia
3500 958 3612 1001 sua

1952 1045 1984 1085 e
2013 1028 2223 1101 pellice
2270 1034 2553 1102 suscepta
2605 1030 2892 1099 cubabat,
2922 1030 3091 1087 haud
3128 1033 3436 1097 reveritus,
3499 1032 3616 1089 sibi

1953 1118 2339 1175 matrimonio
2369 1119 2589 1191 jungit.
2641 1121 2819 1176 Erant
2875 1120 3187 1178 Theodoro
3235 1119 3462 1193 Angelo
3508 1120 3618 1177 ﬁlii

1953 1207 2208 1264 masculi
2228 1208 2371 1277 duo,
2396 1210 2657 1265 Joannes
2670 1213 2727 1266 et
2758 1210 3107 1281 Demetrius,
3133 1213 3190 1267 et
3219 1211 3356 1266 duae
3380 1209 3617 1268 feminae

1956 1302 2130 1355 Anna
2160 1304 2215 1356 et
2244 1300 2403 1355 dicta
2436 1299 2621 1368 Irene;
2653 1316 2922 1373 quacum
2950 1305 3188 1358 Asanus
3216 1300 3376 1358 ﬁlios
3407 1300 3622 1358 habuit

1960 1392 2075 1444 tres
2118 1388 2484 1459 Michaelem,
2534 1389 2931 1461 Theodoram,
2981 1390 3251 1447 Mariam.
3298 1392 3621 1462 Propterea

1958 1477 2212 1533 vinculis
2240 1477 2469 1533 solutus
2519 1478 2781 1549 Angelus
2836 1479 3198 1547 Theodorus,
3253 1480 3336 1536 ita
3397 1494 3620 1549 genero

1961 1566 2092 1638 ejus
2121 1572 2320 1623 Asano
2360 1572 2683 1633 annuente,
2729 1568 3170 1625 Thessalonicae
3213 1573 3273 1625 et
3325 1569 3622 1625 universa
3675 1633 3679 1637 _

1962 1656 2242 1726 regionis,
2324 1656 2421 1712 cui
2484 1656 2613 1728 ipse
2651 1657 2817 1729 prius
2867 1657 3229 1729 imperabat,
3299 1657 3622 1731 imperium

1962 1759 2316 1815 recuperare
2346 1745 2621 1801 animum
2641 1745 2894 1815 induxit,
2926 1746 3263 1818 paucisque
3299 1746 3378 1803 ab
3421 1750 3622 1803 Asano

1964 1834 2246 1906 acceptis,
2279 1850 2418 1890 cum
2448 1834 2654 1906 palam
2681 1835 2742 1891 in
2778 1834 3020 1891 fratrem
3062 1835 3392 1892 Manuelem
3451 1851 3623 1893 arma

1967 1939 2177 1995 capere
2200 1939 2323 1979 non
2350 1929 2575 1995 posset,
2606 1924 2763 1979 clam
2788 1924 3127 1994 ingressum
3179 1923 3622 1981 Thessalonicae

1897 2031 1936 2085 Β
1967 2011 2233 2070 molitur.
2251 2012 2340 2069 Sic
2363 2012 2619 2068 sordidis
2637 2014 2857 2084 pannis
2889 2013 3138 2069 vestitus
3170 2012 3385 2069 urbem
3409 2013 3624 2071 furtive

1967 2102 2316 2172 ingreditur.
2364 2105 2511 2159 Cum
2565 2118 2708 2158 vero
2766 2102 2990 2175 quibus
3044 2103 3453 2175 concupierat,
3509 2103 3624 2159 illis

1970 2192 2361 2263 scilicetquos
2381 2208 2510 2264 ipse
2538 2192 2597 2247 in
2628 2192 2807 2247 rebus
2839 2192 3142 2265 prosperis
3173 2192 3287 2248 sibi
3329 2196 3387 2249 et
3421 2207 3628 2249 amore

1972 2286 2029 2336 et
2067 2281 2361 2337 beneficio
2411 2281 2531 2352 66
2596 2280 2966 2351 devinxerat,
3003 2282 3287 2348 innotuit,
3332 2281 3627 2337 adversus

1972 2369 2213 2425 fratrem
2260 2370 2512 2426 consilia
2559 2372 2771 2441 aperit,
2816 2386 3013 2442 neque
3065 2370 3170 2425 diu
3217 2373 3355 2444 post
3423 2386 3636 2426 rursus

1972 2458 2460 2515 Thessalonicam
2491 2463 2548 2514 et
2583 2459 2927 2529 adjacentia
2980 2458 3116 2515 loca
3172 2465 3230 2515 et
3280 2460 3462 2515 urbes
3518 2458 3635 2515 sub

1974 2547 2312 2603 dominium
2368 2546 2781 2619 ditionemque
2841 2563 3020 2603 suam
3068 2546 3226 2603 facit.
3287 2550 3339 2602 Is
3388 2551 3636 2620 propter

1975 2636 2285 2695 oculorum
2299 2636 2761 2691 imminutionem
2774 2636 3154 2709 imperatoris
3167 2652 3383 2692 nomen
3396 2640 3635 2693 recusat

1977 2744 2048 2783 eo
2080 2732 2281 2783 tamen
2306 2729 2599 2783 Joannem
2631 2726 2821 2782 tilium
2852 2728 3207 2783 cohonestat
3235 2731 3293 2782 et
3312 2726 3630 2798 purpureis

1979 2817 2193 2874 calceis
2213 2817 2397 2889 pedes
2411 2816 2563 2871 illius
2576 2816 2995 2887 circumvestit,
3024 2832 3221 2888 neque
3238 2816 3634 2872 dissimilibus

1978 2906 2182 2963 litteris
2244 2905 2619 2961 subscribere
2685 2905 2882 2976 jussit;
2950 2906 3063 2961 sibi
3138 2920 3281 2961 vero
3330 2920 3636 2963 summam

1981 2996 2253 3052 omnium
2283 3010 2483 3051 rerum
2505 3010 2575 3050 ac
2594 2993 2697 3050 filii
2742 2994 3238 3066 temperationem
3289 2995 3633 3064 reservavit;

1983 3084 2229 3142 fratrem
2258 3084 2590 3143 Manuelcm
2616 3084 2909 3154 abrogato
2939 3085 3193 3156 imperio
3240 3084 3303 3141 in
3334 3085 3636 3142 triremem

1984 3174 2335 3247 impositum
2404 3173 2686 3230 Attaliam
2769 3173 3087 3245 ablegavit,
3168 3174 3494 3245 conjugem
3554 3172 3636 3231 ad

1988 3269 2255 3321 Asanum
2275 3268 2509 3336 patrem
2541 3263 2791 3320 remisit.
2818 3269 3058 3320 Asanus
3085 3263 3399 3320 Theodoro
3436 3277 3645 3320 socero

1649 3352 1881 3426 ἐμϐαλὼν
1919 3388 1959 3440 C
1989 3369 2177 3425 quam
2193 3368 2414 3423 genero
2446 3352 2698 3408 Manueli
2728 3352 3022 3409 addictior
3068 3358 3235 3408 erat:
3272 3366 3398 3408 non
3445 3352 3649 3409 minus
3706 3398 3709 3399 ν

1993 3442 2155 3498 enim
2184 3442 2314 3513 ipse
2343 3457 2550 3498 amore
2570 3441 2848 3513 conjugis
2877 3440 3062 3499 Irenaa
3115 3456 3304 3513 quam
3355 3440 3651 3498 Antonius

1994 3530 2319 3602 Cleopatrae
2347 3530 2798 3601 corripiebatur.
2840 3530 3074 3587 Manuel
3116 3531 3318 3602 itaque
3369 3528 3652 3585 Attaliam

1994 3618 2302 3691 appellens
2334 3617 2412 3673 ab
2443 3618 2753 3688 Agarenis,
2785 3618 3096 3689 quodipse
3118 3633 3421 3690 nusquam
3446 3632 3652 3689 spera-

1993 3712 2182 3776 verat,
2226 3707 2663 3763 humanissime
2714 3706 3278 3779 ofﬁciosissimeque
3311 3705 3647 3778 excipitur:

1994 3813 2136 3854 nam
2152 3795 2368 3851 dicenti
2382 3811 2445 3851 se
2458 3795 2535 3851 ad
2545 3797 2837 3851 Joannem
2851 3795 3275 3867 imperatorem
3291 3794 3653 3853 contendere

1994 3889 2357 3955 commeatu,
2393 3883 2475 3939 uti
2501 3900 2612 3956 par
2650 3889 2797 3952 erat,
2829 3884 3287 3942 subministrato
3332 3884 3652 3941 transitum

1996 3975 2235 4031 dedere.
2276 3972 2537 4044 Indeque
2572 3972 2995 4046 imperatorem
3042 3973 3426 4042 conveniens,
3476 3978 3534 4029 et
3568 3972 3657 4029 uti

1999 4080 2215 4135 genere
2244 4065 2601 4132 conjunctus
2625 4067 2682 4118 et
2701 4062 2953 4135 despota
2978 4061 3110 4134 jam
3134 4062 3276 4119 olim
3301 4062 3522 4120 electus
3576 4061 3656 4118 ab

1999 4155 2358 4227 imperatore
2403 4151 2630 4208 lubenti
2672 4152 2876 4208 animo
2926 4152 3154 4222 visitur;
3221 4153 3316 4209 cui
3385 4168 3526 4210 cum
3603 4156 3662 4209 et

2001 4242 2288 4317 pecunias
2313 4246 2370 4298 et
2396 4241 2662 4297 triremes
2702 4258 2807 4297 sex
2846 4242 3208 4313 tradidisset,
3251 4242 3314 4298 id
3369 4258 3663 4313 magnam

2006 4332 2330 4402 Blachiam,
2359 4331 2526 4404 prius
2580 4331 2658 4387 ab
2701 4330 2803 4386 illo
2853 4331 3251 4403 jurejurando
3299 4331 3667 4389 formidabili

2006 4437 2170 4489 sane,
2200 4427 2492 4493 tanquam
2517 4421 2623 4493 qui
2653 4426 2709 4476 et
2732 4422 3054 4493 prudentia
3082 4438 3153 4478 ac
3176 4421 3421 4478 solertia
3475 4421 3668 4478 excel-

2004 4511 2166 4577 leret,
2201 4515 2468 4583 accepto,
2514 4510 2745 4566 direxit.
2793 4510 2904 4567 Ubi
2950 4510 3387 4568 Demetriadem
3438 4510 3672 4568 Manuel

2011 4600 2340 4673 appulisset
2366 4604 2421 4657 et
2449 4600 2661 4655 amicis
2688 4598 2802 4671 67
2862 4616 2933 4656 ac
2986 4600 3383 4658 familiaribus
3429 4600 3509 4657 ad
3558 4601 3672 4657 hos

2010 4690 2217 4747 litteris
2249 4689 2405 4745 datis
2436 4704 2614 4745 suum
2668 4688 3067 4759 signiﬁcasset
3114 4690 3462 4757 adventum,
3521 4686 3673 4745 alios

2015 4776 2519 4852 promissionibus
2539 4776 2945 4845 demulsisset,
2978 4778 3144 4834 nullo
3171 4778 3414 4850 negotio
3465 4777 3674 4850 copias

2017 4867 2270 4938 collegit,
2303 4864 2743 4938 Pharsalosque
2764 4870 2820 4921 et
2842 4866 3148 4923 Larissam
3173 4871 3232 4923 et
3260 4867 3675 4924 Platamonem

284 4959 526 5017 ταλαϐὼν
552 4957 750 5015 οὖντὸν
772 4967 865 5023 τῆς
911 4956 1287 5037 Δημητριάδος
1336 4967 1496 5037 νῶρον
1546 4961 1571 5012 ό
1624 4959 1892 5032 Μανουήλ,

2018 4956 2132 5014 sibi
2214 4953 2587 5028 comparavit
2663 4953 3061 5027 convenitque
3167 4971 3309 5011 cum
3392 4952 3682 5016 fratribus

368 5140 414 5176 ⁴¹
446 5138 541 5193 οὑκ
564 5170 639 5181 -
665 5139 749 5193 ὅτε
774 5138 881 5192 ἀλλ’
913 5140 939 5193 ό
967 5138 1130 5194 Ἀσὰν
1161 5140 1244 5193 ὅτε
1269 5144 1360 5193 καὶ
1387 5141 1452 5195 D.
1533 5139 1580 5174 ⁸³
1610 5142 1736 5202 τέως
1763 5168 1834 5178 -—
1853 5137 1896 5190 ἓν

1980 5156 2014 5190 ει
2036 5151 2164 5209 om.
2199 5138 2284 5209 D_._
2342 5135 2391 5170 ‘3
2420 5133 2582 5209 καλήν
2612 5165 2684 5209 ξ-
2704 5132 2952 5209 εὐμεγέθη
2988 5148 3120 5209 0111.Δ
3141 5135 3205 5190 Ι).
3241 5132 3288 5209 ξι
3349 5131 3554 5209 ἄρρενες
3584 5129 3683 5209 δύο

286 5226 416 5287 φφ.
460 5212 650 5287 Diu“
681 5209 861 5287 θήλεια
891 5209 1050 5287 Ἀννα
1077 5230 1130 5265 τε
1155 5217 1246 5287 καὶ
1272 5212 1463 5287 Εἰρήνῃ
1505 5213 1567 5267 ι).
1646 5212 1693 5287 ‘f‘
1726 5211 1962 5287 πενθερόν
1985 5208 2142 5261 αύτού
2169 5206 2359 5261 πᾱλλον
2382 5209 2447 5262 1)·
2526 5208 2568 5241 ⁸⁷
2604 5204 2918 5281 ὑπερηγάπα
2944 5235 3017 5246 —
3062 5204 3393 5282 Κλεοπάτραν
3416 5204 3559 5263 ⁷οιῖιι.
3614 5208 3684 5263 D.

294 5282 348 5318 ‘3
375 5288 486 5345 τοῖς
514 5280 569 5346 ἐξ
585 5280 754 5358 ’Δγαρ
781 5285 993 5357 ἐνέτυχε
1019 5284 1085 5341 D.
1162 5284 1210 5319 ⁴⁹
1237 5278 1520 5359 φρικώδεις
1550 5314 1622 5323 ——
1643 5285 1711 5333 ὤν
1743 5278 1967 5340 οω.Ἰ).

1198 5442 1542 5513 Theodori
1591 5443 1843 5511 Dousa:
1892 5449 1959 5509 et
2004 5438 2257 5509 Leonis
2303 5438 2543 5509 Allatii
2590 5446 2799 5508 notae.

384 5603 500 5681 (74)
530 5601 951 5682 Παραεσπόνδει·
975 5604 1058 5663 Cf.
1091 5605 1270 5664 Anna
1300 5608 1652 5673 Commena,
1683 5600 1788 5663 lib.
1820 5618 1926 5661 vn.
1956 5602 2096 5660 ALL.
