4152 6390
246 417 390 473 1073

1783 400 2109 459 ANNALES

3498 407 3633 466 10³74

239 538 383 596 Ἀλλ’
412 540 444 600 ἡ
475 535 713 613 βασιλίς,
740 554 771 586 ‹‹
799 531 877 589 Ού
903 534 1099 608 χρεὼν,
1132 551 1161 581 ››
1191 531 1345 603 φησί,
1370 545 1400 581 ε
1433 529 1520 580 τὸν
1547 525 1858 599 φιλοσόφους

1973 546 2002 577 ‹‹
2042 529 2114 583 At
2177 523 2425 582 minime
2468 539 2625 596 opus
2665 527 2755 582 est
2804 524 3257 600 philosophicos
3323 545 3633 595 sermones

241 634 426 704 λόγους
451 630 777 704 προφέροντα
806 625 1004 678 οὑτωσί
1062 640 1124 693 γε
1185 618 1679 693 προσαγορευθῆναι
1723 615 1849 692 παρ’

241 722 415 794 ἡμῶν.
469 740 500 770 »
564 716 722 771 Ταῦτ’
778 712 943 783 εἶπον,
1000 713 1070 773 ὡς
1131 708 1192 762 ἂν
1253 712 1664 783 παραστήσαιμι
1715 708 1860 794 Ῠὸπως

245 793 304 865 τε
331 809 464 869 αύτὴ
505 806 667 882 ἕφίλει
712 807 833 868 τούς
886 803 1076 875 λόγους
1131 802 1372 862 καὶτοὺς
1421 797 1609 870 λόγους
1650 793 1861 860 εἰδότας

245 902 468 960 τούτους
517 896 681 971 ἒτίμα.
740 898 973 954 Θνήσκει
1023 894 1135 965 μὶν,
1189 892 1259 953 ὡς
1314 891 1457 959 ἔφην,
1532 889 1562 946 ἡ
1649 884 1859 959 βασιλὶς

246 990 410 1056 αὕτη,
441 983 588 1060 οἶμαι
618 981 678 1039 δὲ
700 989 792 1038 καὶ
811 987 907 1043 τὴν
949 988 1043 1035 τοῦ
1091 980 1242 1040 ἡλίου
1308 976 1537 1050 ἔκλειψιν
1588 979 1674 1029 τόν
1735 978 1859 1029 ταύ-

246 1090 346 1142 της
382 1081 721 1152 προσημᾶναι
775 1075 1015 1128 θάνατον.
1077 1075 1179 1124 Καὶ
1232 1073 1471 1142 κομήτης
1519 1063 1579 1120 δε
1618 1069 1720 1142 πρὸ
1756 1085 1858 1139 μη-

246 1176 349 1221 νῶν
376 1166 432 1231 ἓξ
446 1170 565 1242 περὶ
585 1168 643 1219 τὸ
674 1166 829 1238 μέρος
860 1161 1080 1236 ἀνεφάνη
1110 1166 1204 1213 τοῦ
1243 1157 1413 1234 Βορῥᾶ
1444 1178 1457 1191 ο
1520 1154 1582 1217 ἦν
1641 1152 1702 1208 δὲ
1749 1175 1858 1209 πω-

242 1260 460 1330 γωνίας,
512 1258 605 1308 καὶ
656 1250 909 1329 διήρκεσε
946 1260 1117 1326 μῆνας
1173 1255 1334 1322 τρεῖς,
1401 1246 1506 1318 οὐχ
1590 1244 1663 1297 ἑνὶ
1715 1248 1856 1317 τόπῳ

243 1346 425 1401 ἀλλ’ἓν
454 1343 734 1421 διαφόροις
768 1346 1091 1417 φαινόμενος.
1125 1342 1272 1395 Μετὰ
1335 1337 1523 1412 βραχύ
1580 1333 1639 1389 δὲ
1693 1340 1784 1388 καὶ
1830 1337 1856 1388 ὁ

243 1435 559 1511 Βουλγάρων
590 1435 774 1509 ἄρχων
829 1433 989 1485 ’Δσὰν
1029 1430 1085 1494 ἐξ
1111 1428 1395 1505 ἀνθρώπων
1448 1426 1662 1498 ἐγένετο,
1732 1422 1854 1500 ἀνὴρ

248 1525 301 1579 ἓν
335 1523 626 1601 βαρϐάροις
653 1525 867 1599 ἄριστος
900 1520 978 1595 [Ρ.
1018 1520 1107 1592 35]
1156 1518 1451 1591 ἀναφανεὶς,
1509 1515 1603 1568 ούκ
1661 1513 1708 1566 ἓν
1752 1520 1858 1576 τοῖς

248 1615 457 1675 οἰκείοις
486 1618 658 1687 μόνον,
688 1612 817 1665 ἀλλὰ
839 1630 898 1684 γε
922 1607 988 1669 δὴ
1017 1614 1107 1662 καὶ
1135 1616 1246 1669 τοῖς
1304 1606 1593 1681 ἀλλοτρίοις
1627 1625 1640 1638 ·
1696 1602 1857 1678 ἐχρή-

254 1723 385 1757 σατο
414 1708 505 1756 καὶ
552 1704 655 1777 γὰρ
714 1701 1190 1775 φιλανθρωπότερον
1247 1704 1357 1759 τοῖς
1409 1697 1855 1770 προσερχομένοις

252 1792 395 1865 αύτῷ
417 1790 655 1862 ἐπήλυσι,
705 1794 792 1844 καὶ
841 1789 1074 1864 μάλιστα
1127 1794 1241 1849 τοῖς
1288 1785 1585 1859 Ῥωμαίοις,
1639 1787 1729 1835 καὶ
1778 1801 1857 1854 φι-

250 1882 474 1955 λοτίμως
531 1882 711 1944 αύτοίς
763 1887 988 1955 παρεῖχε
1034 1880 1101 1932 τὰ
1179 1880 1480 1949 σιτηρέσια.

249 1971 409 2033 αὐτὸς
464 1969 737 2041 ἐτεθνήκει,
791 1972 817 2022 6
871 1971 984 2031 υἱός
1040 1967 1222 2035 αὐτοῦ,
1255 1965 1310 2019 ὃν
1363 1964 1685 2037 Καλλιμάνον
1717 1962 1854 2015 ὠπό-

248 2060 438 2133 μαζόν,
486 2059 544 2113 ἔκ
586 2069 682 2122 τῆς
740 2059 790 2124 ἑξ
840 2058 1094 2132 Ούγγρων
1137 2058 1306 2128 τούτῳ
1351 2056 1715 2127 γεγεννημένος
1760 2055 1854 2111 τήν

249 2150 428 2224 ἀρχὴν
458 2147 757 2214 ἀνεδέξατο.
786 2149 885 2203 Ἦν
931 2144 991 2202 δε
1037 2155 1111 2219 τῷ
1157 2148 1377 2217 τοιούτῳ
1429 2143 1736 2216 Καλλιμάνῳ
1766 2146 1856 2195 καὶ

247 2240 690 2313 αὐτοκασιγνήτη,
731 2240 792 2302 ἧς
823 2237 1052 2311 τοῦνομα
1100 2238 1313 2310 Θάμαρ.
1372 2237 1459 2289 Ἐκ
1517 2229 1577 2286 δὲ
1622 2240 1719 2294 τῆς
1762 2238 1855 2285 τοῦ

245 2328 501 2402 Ἀγγελου
525 2332 784 2405 θυγατρὸς
828 2336 902 2399 τῷ
932 2327 1098 2381 Ἀσὰν
1154 2331 1292 2402 τρεῖς
1345 2319 1536 2385 παῖδες
1590 2325 1855 2393 γεγίννην-

243 2438 350 2490 ται,
387 2419 552 2496 ἅρῥην
584 2421 610 2472 ό
658 2418 903 2491 Μιχαὴλ,
955 2419 1013 2470 αἱ
1054 2416 1276 2482 θήλειαι,
1328 2417 1393 2474 ὡς
1454 2413 1765 2487 εἰρήκειμεν,
1818 2412 1850 2470 ἡ

242 2514 421 2583 Μαρία
445 2514 538 2562 καὶ
574 2511 605 2568 ἡ
636 2506 898 2564 Ἀννα.¹0
940 2510 1030 2580 μεν
1080 2505 1169 2559 οὖν
1221 2503 1547 2575 Καλλιμάνος
1602 2505 1697 2560 τὴν
1751 2521 1855 2554 πα-

234 2603 423 2674 τρικὴν
450 2597 624 2673 ἀρχὴν
655 2596 1053 2669 ἀναζωσάμενος
1091 2599 1184 2647 καὶ
1233 2595 1327 2653 τὰς
1364 2593 1496 2665 μετὰ
1550 2596 1640 2643 τοῦ
1695 2588 1854 2663 βασι-

237 2687 363 2751 λέως
411 2688 647 2744 Ἰωάννου
706 2683 941 2748 σπονδὰς
990 2687 1328 2749 ἀνενεώσατο,
1377 2686 1463 2734 καὶ
1514 2683 1660 2751 εἰχον
1716 2678 1854 2753 εἰρὴ-

237 2798 331 2837 νην
366 2775 543 2840 ἕντοῖς
564 2779 820 2838 τοιούτοις
861 2777 927 2828 τὰ
970 2774 1280 2847 πράγματα.
1337 2776 1443 2824 Τοῦ
1500 2765 1559 2822 δε
1606 2766 1854 2826 Μανουὴλ

244 2873 338 2921 τοῦ
390 2864 616 2939 ἀδελφοῦ
658 2861 939 2939 Θεοδώρου
990 2861 1408 2920 τετελευτηκότος
1457 2862 1550 2917 τὴν
1633 2876 1855 2932 κρατου-

251 2958 407 3029 μένην
453 2954 579 3029 παρ’
630 2954 791 3006 αὐτοῦ
839 2958 1023 3026 χώραν
1071 2952 1098 3003 6
1155 2950 1363 3022 ἀνεψιὸς
1419 2947 1579 3001 αὐτοῦ
1630 2947 1855 3019 Μιχαὴλ

251 3046 486 3115 κατέσχε
513 3048 684 3117 καὶτῇ
717 3042 876 3095 αὐτοῦ
928 3045 1269 3116 προσήρμοσε
1325 3044 1517 3112 χώρᾳ·
1586 3041 1676 3089 καὶ
1718 3032 1854 3095 ἦσαν

1969 618 2433 689 pertractantem
2455 613 2540 671 sic
2569 630 2605 671 a
2628 613 2804 670 nobis
2835 616 3203 688 compellari.
3237 639 3267 670 »
3310 620 3450 678 Haec
3495 624 3634 684 ideo

1969 704 2185 761 effatus
2199 721 2333 760 sum
2344 747 2357 772 ,
2373 709 2438 760 ut
2449 707 2746 777 quantum
2759 703 2892 776 ipsa
2905 706 3285 764 sermonibus
3297 709 3636 773 afﬁceretur

1969 798 2027 851 et
2054 809 2405 850 sermonum
2437 793 2723 849 similium
2755 807 2977 864 gnaros
3005 794 3349 868 honoraret,
3379 800 3631 875 eluceat,

1967 882 2208 940 Moritur
2236 898 2401 954 ergo,
2424 885 2488 938 ut
2516 881 2664 951 dixi,
2686 881 2816 939 haec
2836 883 3207 955 imperatrix,
3235 887 3630 966 existimoque

1968 973 2088 1045 96
2121 971 2260 1028 solis
2288 970 2586 1029 defectum
2639 971 2799 1028 illius
2856 977 3116 1030 mortem
3172 978 3629 1047 prmnuntiasse.

1969 1064 2215 1119 Cometa
2252 1061 2453 1129 etiam,
2509 1076 2582 1117 ex
2623 1076 2835 1117 eorum
2888 1061 3088 1135 specie
3139 1077 3296 1136 quos
3342 1063 3630 1127 barbatos

1967 1150 2243 1220 dicimus,
2273 1156 2411 1208 ante
2458 1166 2563 1208 sex
2614 1165 2854 1207 menses
2907 1150 2969 1207 in
3020 1152 3329 1213 Borealem
3380 1156 3631 1229 plagam

1966 1239 2624 1315 apparuit,sutfecitque
2653 1256 2893 1297 menses
2932 1244 3048 1299 tres
3075 1258 3202 1302 non
3229 1262 3352 1304 uno
3380 1247 3445 1304 in
3471 1247 3633 1305 loco-

1967 1331 2070 1387 sed
2104 1330 2222 1387 alio
2266 1335 2447 1404 atque
2494 1330 2610 1386 alio
2664 1330 3007 1401 divagatus.
3065 1335 3184 1391 Nec
3238 1336 3432 1394 multo
3487 1340 3628 1410 post

1968 1420 2361 1490 Bulgarorum
2390 1420 2671 1493 princeps
2733 1423 2971 1477 Asanus
3030 1422 3155 1481 vita
3205 1426 3479 1492 excessit,
3540 1424 3632 1483 vir

1964 1509 2117 1566 inter
2144 1510 2439 1569 barbaros
2467 1510 2754 1582 optimus,
2793 1526 2905 1568 nec
2954 1512 3215 1586 propriis
3274 1514 3466 1573 modo
3521 1514 3631 1573 sed

1966 1599 2176 1656 alienis
2208 1600 2388 1657 etiam
2417 1601 2643 1672 optime
2669 1616 2814 1656 usus
2855 1617 2870 1656 :
2930 1600 3351 1661 humaniorem
3407 1604 3631 1662 etenim

1966 1705 2105 1746 cum
2129 1688 2377 1745 advenis
2392 1688 2471 1745 ad
2488 1705 2627 1745 eum
2642 1690 3157 1765 concurrentibus,
3171 1696 3229 1750 et
3248 1692 3632 1766 potissimum

1964 1778 2270 1847 Romanis,
2287 1778 2506 1851 quibus
2522 1777 2844 1849 magniﬁce
2863 1779 3163 1852 stipendia
3174 1781 3631 1854 numerabat,se

1559 1873 1701 1927 Ἐπεί
1767 1867 1855 1925 οὖν
1887 1882 1927 1937 13
1965 1867 2239 1941 praebuit.
2273 1871 2354 1924 Eo
2380 1866 2496 1924 vita
2524 1866 2729 1924 functo
2756 1867 3120 1926 Callimanus
3140 1870 3270 1942 ejus
3290 1886 3364 1927 ex
3391 1873 3634 1942 Ungara

1964 1956 2121 2013 ﬁlius
2149 1957 2211 2013 in
2234 1956 2551 2013 dominatu
2589 1957 2877 2015 succedit.
2910 1957 3243 2017 Callimano
3270 1974 3441 2019 soror
3475 1963 3627 2031 arat,

1965 2047 2063 2104 cui
2089 2046 2370 2105 Thamari
2412 2062 2656 2103 nomen.
2690 2049 2774 2103 Ex
2800 2046 2925 2104 ﬁlia
2948 2063 3093 2106 vero
3127 2049 3337 2121 Angeli
3385 2054 3628 2109 Asanus

1966 2126 2081 2192 tres
2126 2136 2282 2193 ﬁlios
2354 2139 2720 2209 susceperat,
2790 2136 3099 2195 Michalem
3150 2139 3511 2212 masculum,
3562 2140 3631 2202 ut

1965 2225 2251 2296 diximus,
2281 2225 2524 2284 Mariam
2571 2228 2627 2282 et
2682 2228 2922 2283 Annam
2951 2226 3228 2285 feminas.
3256 2228 3626 2290 Callimanus

1965 2320 2282 2389 paternum
2318 2331 2577 2387 regnum
2603 2330 2924 2390 capessens
2948 2316 3176 2376 foedera
3219 2335 3360 2376 cum
3397 2322 3628 2383 Joanne

1963 2407 2326 2479 imperatore
2354 2410 2621 2463 renovat.
2659 2406 2875 2481 Sicque
2905 2407 3147 2481 placida
3170 2409 3232 2466 in
3252 2425 3403 2483 pace
3419 2412 3629 2473 omnia

1962 2495 2373 2569 quiescebant.
2460 2495 2726 2553 Manuale
2820 2512 3001 2570 porro
3075 2498 3370 2557 Theodori
3445 2499 3627 2563 fratre
3686 2535 3696 2541 -

1964 2601 2035 2642 ex
2044 2585 2257 2641 stincto
2268 2585 2402 2641 loca
2414 2584 2492 2641 ab
2504 2599 2575 2640 eo
2588 2584 2835 2641 obtenta
2847 2585 3092 2643 Michael
3102 2603 3293 2661 nepos
3307 2590 3628 2664 occupavit

1963 2675 2208 2747 suisque
2220 2675 2352 2746 conj
2365 2674 2550 2731 unxit.
2566 2676 2951 2748 Rursumque
2966 2676 3319 2734 Theodorus
3335 2680 3627 2754 Angelus,

1964 2781 2105 2821 cum
2139 2763 2294 2820 ﬁlius
2346 2765 2612 2820 Joannes
2648 2764 3051 2821 Thessalonim
3104 2769 3161 2823 et
3210 2767 3630 2839 adjacentibus

1961 2854 2111 2911 locis
2173 2853 2499 2926 imperator
2547 2848 2998 2922 acclamaretur,
3043 2858 3102 2912 et
3150 2859 3407 2929 patruus
3468 2856 3630 2915 illius

1965 2945 2412 3014 Constantinus,
2444 2942 2694 3015 despota
2722 2947 2780 2999 et
2810 2942 2943 3016 ipse
2975 2944 3296 3014 vocitatus,
3355 2948 3413 3003 et
3436 2961 3629 3021 nepos

1961 3032 2151 3107 ipsius
2174 3032 2425 3090 Michael
2450 3032 2601 3090 inter
2621 3048 2683 3088 se
2707 3048 2923 3106 pacem
2948 3033 3232 3104 agebant.

254 3128 405 3195 αὖθις
434 3132 771 3207 εἰρηνεύοντες
798 3133 824 3184 6
849 3150 902 3184 τε
922 3125 1199 3203 Θεόδωρος
1221 3127 1485 3201 Ἄγγελος,
1510 3131 1597 3180 τὸν
1644 3127 1758 3179 υἱὸν
1802 3124 1964 3178 αὐτοῦ
2004 3123 2244 3183 Ἰωάννην
2300 3127 2437 3197 ἔχων
2484 3121 2534 3176 ἓν
2579 3122 2939 3197 Θεσσαλονίκη
3007 3129 3098 3178 καὶ
3152 3130 3264 3188 τοῖς
3316 3127 3433 3201 περὶ
3454 3124 3625 3187 αύτήν

249 3221 544 3298 βασιλικῶς
559 3222 930 3295 φημιζόμενον,
951 3223 1042 3273 καὶ
1067 3220 1093 3272 ό
1121 3221 1252 3281 θεῖος
1283 3217 1445 3271 αὐτοῦ
1504 3222 1887 3278 Κωνσταντίνος
1934 3210 2229 3277 δεσόποτης
2270 3219 2360 3267 καὶ
2397 3213 2545 3276 οὗτος
2587 3213 2920 3287 καλούμενος,
2961 3217 3053 3268 καὶ
3111 3215 3139 3267 6
3188 3213 3393 3289 ἀνεψιὸς
3454 3215 3619 3271 αὐτοῦ

228 3310 465 3384 ’Μιχαὴλ
504 3312 573 3367 ⁵⁸.

319 3398 473 3472 μ’.Ὀ
498 3400 589 3473 μὶν
637 3397 728 3450 ούν
773 3395 1023 3471 βασιλεύς
1071 3396 1334 3463 Ἰωάννης,
1397 3391 1578 3453 ἐπειδὴ
1612 3397 1637 3447 6
1693 3392 1851 3447 Βούλ-

2035 3395 2122 3449 40.
2148 3395 2479 3465 Imperator
2507 3407 2651 3464 ergo
2697 3393 2982 3465 Joannes,
3014 3395 3220 3451 Asano
3253 3392 3512 3467 Bulgaro
3540 3394 3619 3453 de

248 3508 401 3565 γαρος
452 3489 612 3541 ’ώσὰν
641 3489 690 3525 ⁵⁵
720 3483 955 3541 ἐκποδὼν
1010 3485 1207 3559 ἕγίνετο
1244 3492 1336 3539 καὶ
1392 3487 1663 3561 μειράκιον
1715 3481 1855 3557 ἦρχε

248 3587 341 3641 τῆς
394 3586 496 3631 τῶν
552 3577 879 3653 Βουλγάρων,
923 3572 1106 3639 ἀδείας
1154 3572 1476 3649 δραξάμενος
1542 3573 1855 3649 ἐπεχείρησε

249 3672 342 3729 τήν
374 3666 661 3742 βασιλικήν
690 3665 987 3719 καταλῦσαι
1014 3665 1203 3726 κλῆσιν
1261 3669 1356 3724 τήν
1406 3663 1853 3737 ἐπεφημιζομένην

247 3765 319 3829 τῷ
345 3756 552 3830 Ἰωάννη
614 3764 688 3828 τῷ
739 3757 837 3827 υἱῷ
873 3762 965 3808 τοῦ
1018 3754 1289 3827 Ἄγγελον.
1346 3758 1447 3807 Καὶ
1502 3761 1704 3828 πρῶτον
1749 3771 1853 3825 μη-

246 3848 473 3919 νύμασιν
527 3846 855 3898 ὑποποιεῐται
918 3846 1007 3896 τὸν
1067 3843 1229 3895 αὐτοῦ
1301 3846 1505 3917 πατέρα
1556 3837 1851 3916 Θεόδωρον.

251 3939 354 3988 Καὶ
383 3929 524 3993 δῆτα
545 3927 645 3994 οἶος
694 3933 880 3995 ἐκεῖνος
942 3932 1248 4007 ἀπροόπτως
1305 3930 1588 4005 ἐπιχειρων
1641 3929 1689 3983 ἐν
1745 3937 1855 3992 τοῖς

247 4025 545 4099 πράγμασι,
603 4020 768 4096 μηδέν
810 4043 864 4077 τι
917 4030 1015 4075 τῶν
1066 4021 1479 4094 συμϐησομένων
1547 4017 1750 4073 ύπιδὼν
1805 4021 1855 4057 ⁵⁸

245 4116 600 4189 προσέρχεται
626 4120 698 4183 τῷ
739 4111 1211 4187 βασιλεῖἸωάννῃ,
1258 4114 1349 4163 καὶ
1397 4107 1724 4182 ὑποδέχεται
1762 4108 1857 4163 αύ-

242 4206 332 4258 τὸν
386 4202 534 4264 οὗτος
589 4201 825 4275 ἀσμένως
879 4206 971 4255 καὶ
1018 4205 1284 4274 τετίμηκε,
1354 4202 1489 4253 θεῖόν
1554 4218 1610 4253 τε
1670 4207 1854 4253 τοῦτον

239 4292 514 4347 ἀποκαλῶν
570 4290 666 4344 κᾶν
830 4290 991 4343 αὐτοῦ
1043 4291 1379 4363 συγκαθίζων
1438 4290 1671 4365 τραπέζῃ
1763 4294 1854 4343 καὶ

236 4391 340 4437 τῶν
382 4382 573 4435 λοιπῶν
630 4381 1091 4456 φιλοφρονημάτων
1145 4376 1488 4454 μεταδιδούς.
1582 4381 1721 4434 Ἐπεὶ
1793 4376 1855 4434 δε

240 4480 426 4527 τοῦτον
452 4471 501 4525 ἐν
531 4478 711 4545 χεροῖν
742 4474 897 4542 ἔσχεν
920 4472 946 4522 6
979 4468 1248 4543 βασιλεὺς,
1285 4470 1444 4542 ἔτυχε
1494 4467 1553 4524 δὲ
1601 4475 1690 4523 καὶ
1741 4477 1854 4531 ταῖς

240 4565 407 4617 αὐτοῦ
439 4559 698 4635 δυνάμεσι
752 4568 871 4622 ταῖς
927 4560 1245 4633 Ῥωμαὶκαίς
1294 4562 1594 4634 στράτευμα
1633 4561 1854 4635 ἀξιόμα-

243 4670 348 4724 χον
388 4651 669 4727 προστεθὲν
725 4648 781 4702 ἐκ
837 4650 1044 4701 Σκυθῶν
1100 4650 1335 4717 (τούτους
1393 4652 1497 4723 γὰρ
1562 4654 1662 4725 πρὸ
1724 4650 1855 4725 βρα-

1963 3482 2167 3538 medio
2198 3481 2434 3539 sublato
2465 3486 2523 3539 et
2549 3497 2741 3555 puero
2771 3483 2892 3554 7o
2924 3482 3213 3553 Bulgaria
3260 3483 3620 3556 imperante,

1962 3569 2280 3626 occasione
2330 3573 2569 3642 arrepta
2619 3569 3089 3643 appellationem
3145 3569 3622 3642 imperatoriam,

1963 3673 2086 3731 qua
2114 3660 2375 3715 Joannes
2403 3658 2613 3729 Angeli
2637 3657 2793 3714 ﬁlius
2822 3658 3132 3729 gestiebat,
3161 3658 3381 3715 debere
3406 3658 3520 3716 sibi
3560 3659 3624 3718 in

1964 3748 2167 3806 animo
2178 3747 3197 3822 proponens,primumTheodorum
3216 3747 3374 3805 illius
3387 3753 3624 3822 patrem

1962 3837 2173 3894 nuntio
2204 3837 2518 3894 seductum
2547 3836 2662 3893 sibi
2686 3836 2984 3905 conciliat,
3017 3837 3123 3910 qui
3152 3840 3448 3912 tanquam
3481 3842 3625 3897 tunc

1964 3943 2171 3984 recens
2197 3943 2292 3983 res
2321 3941 2670 3998 aggressus,
2702 3926 2853 3983 nihil
2881 3942 3093 3984 eorum
3114 3942 3251 4000 quae
3276 3928 3626 4000 contingere

1965 4021 2240 4089 poterant
2268 4017 2621 4090 suspicatus,
2652 4016 2731 4073 ad
2758 4018 3052 4074 Joannem
3089 4016 3517 4090 imperatorem
3556 4033 3625 4076 se

1965 4106 2211 4164 confert.
2234 4109 2562 4180 Imperator
2576 4122 2716 4163 eum
2739 4106 2956 4180 excipit
2972 4105 3405 4175 lubentissime,
3430 4108 3623 4168 hono-

1962 4196 2131 4254 ribus
2151 4195 2352 4262 afﬁcit,
2377 4200 2784 4269 patruumque
2806 4211 3035 4253 vocans
3059 4211 3271 4254 mensa
3287 4212 3358 4254 ac
3371 4197 3619 4275 reliquis

1962 4286 2353 4344 humanitatis
2374 4284 2584 4343 ofﬁciis
2609 4284 3098 4343 communicavit.
3123 4288 3447 4362 Postquam
3474 4303 3619 4348 eum

1962 4376 2025 4433 in
2045 4380 2338 4450 potestate
2364 4375 2597 4447 habuit,
2623 4377 2681 4432 et
2717 4390 2841 4432 non
2870 4376 3350 4433 contemnendus
3378 4381 3540 4436 esset
3583 4395 3618 4437 e

1964 4467 2198 4539 Scythis
2247 4465 2559 4536 exercitus,
2627 4480 2783 4538 quos
2852 4480 2978 4522 non
3021 4464 3243 4523 multos
3290 4470 3428 4525 ante
3481 4468 3614 4527 dies

1962 4554 2316 4611 muneribus
2375 4554 2675 4627 variisque
2739 4554 3049 4613 beneﬁciis
3109 4554 3223 4612 sibi
3308 4555 3619 4617 devinctos

1963 4650 2143 4716 atque
2187 4659 2258 4699 ex
2311 4644 2774 4701 immanioribus
2819 4644 3093 4702 moribus
3152 4649 3211 4703 et
3273 4646 3622 4707 Macedonia

244 4743 373 4815 χέος
395 4740 505 4814 (78)
531 4741 575 4776 ⁸⁷
609 4735 797 4815 δώροις
824 4756 879 4791 τε
916 4742 1007 4790 καὶ
1056 4733 1335 4799 δεξιώσεσι
1382 4738 1651 4801 ποικίλαις
1676 4741 1701 4792 6
1757 4739 1855 4814 βα-

1964 4734 2279 4791 distractos
2323 4734 2383 4789 in
2445 4733 2797 4790 orientalem
2849 4750 3022 4791 oram
3062 4734 3412 4809 deduxerat,
3474 4736 3622 4794 satis

247 4828 419 4891 σιλεύς
450 4828 687 4889 Ἰωάννης
732 4829 1034 4901 χειροήθεις
1086 4846 1140 4880 τε
1177 4831 1456 4885 πεποίηκεν
1496 4827 1549 4891 ἐξ
1578 4830 1625 4865 ⁵⁸
1658 4828 1855 4905 ἀγριω-

240 4924 395 4995 τέρου
419 4927 512 4972 τοῦ
552 4919 733 4986 ἣθους,
789 4922 881 4971 καὶ
928 4926 1023 4979 τῆς
1075 4913 1388 4969 Μακεδόνων
1443 4916 1717 4972 ἀπέσπασε
1767 4924 1857 4972 καὶ

239 5011 373 5085 πρὸς
401 5010 469 5061 τὰ
495 5014 592 5069 τῆς
630 5006 696 5058 ἔω
745 5007 793 5042 ⁵ο
850 5002 1128 5079 διεπέρασε
1182 5006 1360 5079 μέρη),
1405 5007 1613 5068 τούτοις
1664 5006 1856 5080 μᾶλλον

243 5097 539 5173 θαῤῥήσας,
565 5100 656 5149 καὶ
693 5092 861 5169 μηδέν
914 5114 967 5147 τι
1017 5091 1185 5148 δεινόν
1231 5093 1286 5147 ἐκ
1336 5093 1639 5171 Βουλγάρων
1694 5116 1856 5171 προσ-

238 5184 437 5256 δοκῶν,
472 5190 531 5238 τὸ
559 5188 649 5258 μεν
681 5181 776 5238 διὰ
798 5188 890 5248 τὰς
917 5188 1256 5258 γεγενημένας
1275 5180 1525 5252 σπονδὰς,
1554 5188 1612 5237 τὸ
1659 5182 1719 5238 δε
1765 5191 1857 5240 καὶ

238 5274 340 5330 διὰ
367 5277 427 5327 τὸ
452 5277 552 5327 ὑπὸ
581 5279 856 5348 μειρακίου
887 5277 955 5327 τὰ
985 5283 1085 5327 τῶν
1124 5274 1431 5348 Βουλγάρων
1483 5270 1517 5327 δ
1524 5274 1848 5347 ιεξάγεσθαι,

316 5418 367 5453 ⁵⁸
397 5416 645 5494 Μανουήλ
672 5420 770 5494 Ι).Δ
811 5418 1069 5494 δδμιᾼσὰν
1084 5432 1211 5494 ραι.
1386 5418 1435 5494 ξθ
1460 5421 1551 5469 καὶ
1591 5413 1731 5494 δῆτῖα
1758 5450 1827 5460 -
1855 5420 1873 5472 ί

1964 5416 2083 5494 θὼν]
2113 5420 2138 5472 δ
2170 5415 2232 5471 δι
2274 5421 2342 5475 n.

1237 5489 1284 5524 ⁵⁹
1310 5491 1437 5563 πρὸς
1465 5494 1560 5549 τήν
1585 5491 1650 5543 ἔω
1683 5493 1748 5550 D.
1788 5491 2016 5548 omisso
2061 5489 2227 5566 μερη.

248 5491 351 5551 θεις
377 5493 656 5548 πεποίηκεν
678 5490 704 5543 ό
737 5486 988 5562 βασιλεὺς
1015 5487 1069 5552 ἐξ
1093 5491 1157 5545 D.

1965 4827 2172 4883 animo
2202 4830 2360 4881 certo
2390 4829 2448 4881 et
2476 4824 2831 4881 conﬁrmato
2860 4824 3008 4881 nihil
3035 4824 3148 4881 sibi
3172 4824 3547 4884 incommodi
3584 4841 3625 4884 a

1968 4914 2237 4985 Bulgaria
2271 4913 2718 4986 pertimescens,
2750 4913 2970 4986 partim
2998 4918 3243 4986 propter
3271 4919 3450 4987 pacta
3477 4930 3621 4972 cum

1966 5006 2052 5063 eis
2081 5004 2248 5074 inita,
2278 5004 2499 5078 partim
2527 5003 2693 5077 quod
2738 5018 2835 5060 res
2882 5002 3279 5074 Bulgarorum
3343 5018 3382 5060 a
3430 5019 3621 5078 puero

1964 5098 2329 5166 regerentur,
2393 5110 2462 5151 ex
2508 5092 2742 5152 Oriente
2798 5092 3060 5161 solvens,
3113 5092 3617 5166 praeternavigato

1964 5182 2364 5255 Hellesponto,
2393 5199 2599 5240 secum
2629 5199 2753 5240 una
2776 5188 2835 5240 et
2863 5185 3273 5240 Romanarum
3302 5183 3620 5258 copiarum

1965 5279 2021 5331 et
2044 5274 2403 5347 Scytharum
2431 5272 2667 5330 auxiliis
2704 5273 2966 5331 advectis
2998 5271 3289 5330 adversus
3322 5275 3619 5332 Joannem

2418 5418 2463 5453 ⁵⁷
2522 5419 2622 5492 πρὸ
2673 5415 2908 5493 βραχὲος
2973 5432 3095 5475 om.
3162 5419 3230 5477 D.
3306 5418 3355 5456 ⁵⁸
3404 5421 3621 5495 χειροή-

1144 5613 1483 5683 Theodori
1533 5616 1785 5711 Dousae
1833 5624 1900 5683 et
1944 5615 2201 5685 Leonis
2250 5614 2487 5685 Allatii
2536 5622 2741 5683 notae.

322 5757 438 5831 (78)
466 5759 693 5820 Τούτους
719 5759 822 5835 γὰρ
848 5760 949 5835 πρὸ
975 5754 1228 5835 βραχέος.
1263 5759 1573 5832 Gergoras,
1604 5775 1666 5833 p.
1697 5764 1787 5831 37,
1816 5758 1873 5818 bl

1964 5758 2191 5818 issime.
2232 5759 2369 5817 ALL.
