4152 6394
265 398 404 455 1077
995 411 1014 425 ι·
1343 439 1371 480 ⁸
1792 379 1885 437 ΑΝ

1979 379 2138 436 .LES.
3523 382 3660 439 1078

256 525 351 576 ⁴τὸν
376 511 705 589 Λιϐαδάριον
745 507 974 583 Μιχαήλ
1028 511 1187 580 μέγαν
1264 505 1636 584 ἐταιρειάρχην
1715 507 1859 562 ὄντα.

1979 503 2262 574 dignitate
2293 499 2752 568 condecoratur,
2785 502 2958 574 cujus
2997 506 3054 560 et
3075 503 3401 562 amicitiam
3431 505 3642 566 coluit.

279 619 353 673 Ως
381 614 508 682 γοῦν
534 613 632 666 τῆς
661 607 835 676 φήμης
855 601 881 652 ὁ
915 597 1163 673 βασιλεὺς
1211 598 1425 671 ᾐσθετο,
1488 616 1690 655 σιωπην
1746 613 1879 667 παρ-

1986 595 2088 651 His
2119 592 2435 664 completis
2463 591 2790 663 imperator
2811 592 2870 649 in
2904 593 3194 650 Orientem
3229 600 3478 667 remeat,
3512 613 3656 656 cum

267 680 513 774 αγγείλας
558 698 680 756 τοὺς
733 688 941 752 εἰδότας
999 690 1143 760 οἴγειν
1200 693 1292 740 καὶ
1344 684 1534 761 μηδενὶ
1576 691 1692 760 περὶ
1760 686 1878 737 τού-

1987 683 2220 739 fecisset
2248 687 2309 738 ut
2329 681 2656 754 imperator
2682 680 2934 754 despota
2956 688 3112 738 esset
3137 687 3192 739 et
3212 701 3453 757 servus;
3470 701 3654 760 quem

267 769 359 844 τού
415 791 675 840 κοινωνεῖν
727 783 798 848 ⁸9,
849 779 918 840 εἰς
988 776 1277 851 συμϐάσεις
1375 780 1508 851 μετά
1573 782 1665 828 τοῦ
1737 773 1878 835 ἐντὸς

1981 770 2399 844 jurejurando,
2429 769 2514 826 uti
2536 769 2719 824 moris
2775 774 2921 836 erat,
2982 770 3383 830 obstrinxerat
3445 789 3654 831 mune-

268 877 508 934 Ἰωάννου
559 879 729 948 χωρεί
778 867 997 945 πρέσϐιν
1038 867 1086 921 ἐν
1139 870 1344 930 τούτοις
1395 866 1564 919 λαϐὼν
1617 868 1701 918 τὸν
1779 883 1878 916 πα-

1985 860 2273 933 ribusque
2319 875 2426 932 pro
2472 858 2759 928 dignitate
2790 860 2841 930 7
2855 859 2906 930 3
2947 858 3248 926 aﬂ’ecerat,
3297 866 3354 918 et
3406 868 3653 920 caeteros

270 972 397 1042 τέρα
427 966 662 1020 Ἰωάννου
701 964 788 1013 τὸν
840 957 1091 1031 Ἄγγελον
1149 953 1444 1031 Θεόδωρον.
1503 955 1876 1029 [Ιληρουμένων

1987 950 2136 1006 alios
2166 949 2249 1005 illi
2307 948 2612 1019 subjectos
2669 949 2928 1020 pecunia
2985 949 3336 1006 donaverat.
3379 953 3526 1008 Cum
3580 967 3652 1009 eo

269 1036 396 1130 γοῦν
423 1057 624 1128 ἡμερῶν
653 1050 1051 1124 τεσσαράκοντα
1100 1047 1329 1120 ἐγένοντο
1389 1049 1444 1099 αἱ
1498 1041 1726 1098 σπονδαὶ
1782 1046 1874 1095 καὶ

1987 1040 2168 1097 etiam
2196 1044 2430 1112 patrem
2447 1036 2825 1095 Theodorum
2848 1038 3106 1111 reliquit.

273 1126 323 1200 δῖ
368 1126 530 1220 ὅρκοι.
569 1139 890 1217 προέϐησαν
940 1140 1006 1190 τὰ
1060 1139 1152 1211 μὶν
1198 1140 1300 1212 γὰρ
1357 1134 1549 1210 ἐρυθρά
1613 1129 1804 1187 πέδιλα
1847 1131 1965 1202 (80)
2016 1128 2328 1184 ἀπεϐάλλετο
2385 1133 2476 1180 καὶ
2527 1131 2622 1185 τὴν
2685 1129 3078 1204 περιμάργαρον
3133 1126 3433 1203 πυραμίδα,
3494 1129 3562 1192 εἰς
3619 1129 3652 1190 ἦ

271 1239 361 1288 καὶ
395 1214 562 1293 ’λίθος
608 1214 979 1306 *ὑπερκάθηται
1033 1231 1292 1296 κόκκινος,
1340 1224 1596 1299 βασιλικά
1655 1230 1820 1275 ταῦτα
1865 1218 2122 1294 σύμϐολα,
2182 1223 2459 1291 τετίμηται
2518 1214 2578 1270 δὲ
2629 1219 2760 1289 πρὸς
2825 1225 2916 1270 τοῦ
2993 1217 3254 1291 βασιλέως
3330 1227 3403 1291 τῷ
3464 1214 3655 1273 δεσπο-

269 1331 400 1395 τικῷ
468 1305 749 1394 ἀξιώματι,
808 1323 899 1372 καὶ
965 1320 1141 1380 εὔνους
1200 1317 1417 1388 ἀνεγάνη
1473 1323 1546 1386 τῷ
1611 1311 1840 1386 βασιλεῖ,
1896 1317 2075 1364 Ταῦτα
2137 1305 2197 1362 δὲ
2259 1305 2679 1383 διαπραξάμενος
2760 1307 2839 1378 [Ρ.
2916 1307 3008 1378 57]
3085 1309 3110 1360 ὁ
3180 1306 3433 1378 βασιλεὺς
3493 1307 3652 1362 παλι-

269 1392 444 1466 νοστεῑ
467 1392 722 1487 πρὸς-τήν
783 1408 870 1481 ἱω,
927 1407 1222 1460 καταλιπὼν
1282 1403 1544 1462 δεσπότην
1597 1406 1683 1455 τὸν
1753 1399 1978 1474 βασιλέα
2037 1403 2128 1451 καὶ
2179 1399 2503 1471 ὑποχείριον,
2561 1397 2734 1469 ὅρκοις
2790 1392 3059 1458 συνδήσας
3116 1402 3227 1458 τοῖς
3291 1397 3504 1450 εἰωθόσι
3560 1402 3650 1451 καὶ

275 1498 464 1576 δώροις
508 1485 688 1553 εἰκόσι
771 1495 1166 1570 δεξιωσάμενος,
1242 1500 1332 1548 καὶ
1423 1496 1620 1554 πάντας
1702 1494 1823 1553 τοὺς
1902 1489 1989 1542 ὑπ’
2065 1487 2252 1541 ἐκεῖνον
2328 1487 2830 1561 φιλοφρονησάμενος
2917 1491 3192 1560 χρήμασι.
3277 1485 3648 1540 Καταλελοίπει

275 1586 337 1643 δί
361 1589 468 1664 μετ’
494 1589 654 1642 αὐτοῦ
683 1593 774 1641 καὶ
799 1591 887 1640 τὸν
912 1590 1113 1660 πατέρα
1141 1587 1328 1638 τούτου
1359 1580 1646 1658 Θεόδωρον.

345 1678 534 1752 μα’.Ὀ
561 1681 650 1752 μεν
699 1677 786 1730 ούν
833 1675 1081 1750 βασιλεὺς
1130 1677 1365 1734 Ἰωάννης
1428 1672 1724 1744 κατειλήφει
1774 1675 1868 1730 τὴν

2046 1670 2137 1724 41.
2165 1667 2346 1736 Igitur
2376 1666 2702 1738 imperator
2731 1667 3017 1735 Joannes,
3052 1681 3193 1722 cum
3223 1681 3289 1721 se
3333 1665 3394 1722 in
3441 1665 3646 1724 Orien-

275 1771 361 1824 ἕω.
391 1773 496 1826 Τὴν
535 1775 658 1839 γοῦν
713 1771 1010 1839 χειμερινὴν
1063 1769 1179 1818 τότε
1229 1762 1570 1839 παραμείψας
1635 1763 1771 1835 ὥραν
1821 1763 1869 1813 ἓν

271 1865 345 1927 τῷ
374 1860 653 1927 Νυμφαίῳ,
686 1856 751 1915 ὡς
776 1853 885 1914 ἔθος
923 1850 984 1912 ἦν
1049 1854 1210 1924 αύτῷ,
1290 1851 1492 1926 ἀπάρας
1543 1849 1728 1902 ἐκεῖθεν
1786 1848 1870 1901 ἐπὶ

265 1950 360 2004 τήν
391 1945 686 2018 Λάμψακον
706 1945 809 2018 ᾔει,
838 1945 1047 1996 κάκείσε
1091 1946 1150 1994 τὸ
1210 1944 1356 2015 θέρος
1404 1938 1726 2002 διαϐιϐάσας
1780 1943 1870 1990 καὶ

269 2039 364 2094 τήν
392 2042 485 2098 τῆς
535 2034 738 2106 ὀπωρας
804 2035 960 2106 ὤραν,
1019 2031 1128 2086 ἐπεὶ
1177 2034 1202 2084 ὁ
1249 2036 1451 2105 χειμὼν
1502 2029 1719 2102 ἤρξατο,
1778 2036 1869 2081 τοῦ

267 2129 452 2200 χώρου
478 2122 704 2197 μεταϐὰς
731 2122 816 2175 ἐπὶ
864 2125 930 2175 τά
979 2131 1079 2174 τῶν
1132 2129 1318 2193 Πηγῶν
1375 2119 1565 2195 ἐχώρει
1618 2123 1746 2193 μέρη
1797 2118 1868 2173 ⁷ο.

268 2217 540 2285 Μεγίστου
570 2209 628 2266 δε
648 2220 902 2285 χειμῶνος
939 2216 1247 2287 πεπείραται
1275 2210 1392 2262 καθ’
1457 2206 1602 2277 ὁδὸν,
1651 2207 1872 2282 ἀρξαμέ-

268 2321 357 2356 νου
387 2305 478 2374 μὲν
499 2301 606 2354 imi.
636 2303 662 2354 ὁ
707 2300 957 2373 βασιλεὺς
987 2301 1062 2363 εἰς
1098 2305 1192 2360 τήν
1241 2303 1497 2374 Σιογρηνήν
1555 2297 1865 2356 ἐσκήνωσεν.

271 2394 466 2466 ἡμέρας
498 2388 558 2444 δε
586 2388 683 2445 δύο
715 2400 778 2464 τῇ
815 2387 1105 2466 δριμύτητι
1133 2392 1318 2442 τούτου
1376 2393 1467 2441 καὶ
1518 2396 1580 2461 τῇ
1635 2383 1870 2462 σφοδρο-

267 2483 397 2554 τάτη
455 2486 588 2555 φορᾷ
651 2488 747 2543 τῆς
801 2484 978 2552 χιόνος
1032 2478 1481 2554 τεταλαιπωρηκεν
1555 2481 1748 2553 μέχρις
1811 2497 1870 2528 αν

267 2576 582 2630 κατηντήκει
625 2569 698 2632 εἰς
751 2574 811 2623 τὸ
877 2577 976 2623 τῶν
1031 2577 1218 2641 Πηγῶν
1276 2571 1433 2623 ἄστυ.
1504 2567 1689 2620 Πολλοὶ
1744 2575 1870 2638 ’γοῦν

267 2661 385 2712 καθ’
445 2656 568 2712 ὁδὸν
625 2658 984 2718 ἑτέθνὴκεισαν
1032 2663 1123 2711 καὶ
1175 2657 1361 2712 πολλαί
1416 2679 1428 2692 ·
1517 2661 1679 2730 μέχρι
1747 2663 1870 2729 γοῦν

268 2753 582 2822 τριακοσίων
614 2751 682 2810 ὡς
708 2751 758 2801 οἱ
783 2748 1166 2822 ἀριθμήσαντες
1221 2749 1267 2784 “¹¹
1329 2750 1574 2820 ἔφασκον,
1617 2749 1718 2799 ὑπὸ
1776 2755 1872 2808 τῆς

267 2843 450 2910 χιόνος
488 2839 932 2910 κατεχώσθησαν,
1000 2843 1069 2910 μή
1119 2834 1398 2910 δυνάμενοι
1443 2835 1750 2894 ἀντωπῆσαι
1805 2845 1865 2910 τῇ

270 2935 363 2979 τοῦ
389 2930 681 2998 πνεύματος
717 2931 868 2998 φορᾶ.
902 2923 1094 2986 Οὐδεὶς
1143 2925 1264 2998 γοῦν
1306 2935 1408 2978 τῶν
1463 2922 1676 2978 ἰδόντων
1733 2926 1872 2998 ἔλεγε

272 3021 547 3087 ’γινώσκειν
597 3017 906 3086 γεγειῆσθαί
974 3035 1098 3068 ποτε
1188 3023 1421 3068 τοιοῦτον
1492 3018 1541 3052 ⁷³
1610 3025 1865 3088 χειμῶνα.
1901 3036 1941 3091 C

273 3104 405 3177 Ἥγε
435 3101 494 3158 δὲ
520 3113 593 3177 τῷ
647 3109 760 3158 τότε
815 3102 1268 3162 ὀκτωκαιδεκάτην
1321 3110 1424 3174 μήκ
1473 3107 1498 3158 ό
1547 3105 1868 3179 Δεκέμϐριος,

272 3197 385 3255 ἔτος
412 3190 472 3248 δὲ
507 3190 568 3253 ἦν
603 3191 688 3246 ἐπὶ
719 3202 790 3265 τῷ
834 3193 1277 3266 ἑξακισχιλιοστῷ
1332 3200 1421 3248 καὶ
1479 3194 1872 3269 ἑπτακοσιοστῷ

271 3286 328 3337 τὸ
359 3287 782 3359 τεσσαρακοστὸν
823 3280 970 3357 οἶμαι
998 3292 1201 3358 πρῶτον
1230 3286 1301 3340 ⁷³.
1331 3283 1391 3338 ’0
1440 3288 1530 3358 μὲν
1576 3283 1662 3338 οὖν
1710 3285 1872 3360 βασι-

269 3371 453 3437 imi»
482 3381 669 3445 τῷτῶν
720 3380 910 3446 Πηγῶν
958 3375 1108 3427 ἄστει
1161 3371 1510 3450 διημερεύσας
1557 3378 1752 3450 μὲχρις
1811 3378 1874 3430 οἶν

271 3466 330 3514 τὸ
348 3462 478 3516 πολύ
503 3469 598 3515 τοῦ
635 3471 895 3535 χειμῶνος
946 3462 1188 3536 λωφήσῃ,
1244 3462 1390 3526 ἕξιὼν
1435 3463 1625 3517 ἐκεῖθέν
1687 3465 1759 3526 εἰς
1812 3469 1871 3518 τὸ

268 3555 540 3625 Νύμφαιον
569 3553 750 3624 ἀπῄει,
773 3557 863 3604 καὶ
928 3553 990 3611 ἦν
1035 3550 1199 3606 ὰεῖσε
1252 3571 1416 3628 μεχρι
1481 3558 1572 3606 καὶ
1633 3563 1725 3616 τῆς
1779 3562 1872 3608 τοῦ

269 3644 411 3715 ἔαρος
455 3641 802 3714 ἕπιλάμχεως,
859 3641 999 3694 Ἐπεὶ
1055 3649 1204 3713 γοῦν,
1256 3644 1326 3704 ὡς
1375 3642 1685 3717 ἐίρήκειμεν,
1735 3646 1764 3702 ἡ
1821 3645 1871 3679 ⁷⁸

268 3739 368 3784 τῶν
406 3731 828 3805 Μουσουλμάνων
877 3733 1024 3806 παρά
1069 3740 1168 3784 τῶν
1221 3736 1502 3806 Ταχαρίων
1551 3734 1665 3802 (81)
1713 3753 1872 3786 κατα-

1979 1760 2098 1813 tem
2125 1756 2460 1828 recepisset,
2495 1755 2806 1826 Nymphaai
2835 1755 3083 1813 hiemat.
3133 1755 3276 1811 Inde
3325 1755 3645 1812 discedens

1981 1847 2380 1918 Lampsacum
2405 1846 2581 1915 venit,
2598 1844 2919 1900 ubiaestate
2933 1847 3116 1917 atque
3141 1849 3644 1902 autumnotrans-

1978 1934 2143 2000 actis,
2163 1934 2327 1990 initio
2348 1933 2583 2001 hiemis,
2608 1933 2856 1989 dimisso
2882 1932 3038 2002 loco,
3075 1934 3268 2006 Pegas
3310 1934 3637 2005 contendil,

1977 2024 2226 2097 quando
2249 2035 2307 2080 et
2326 2024 2476 2079 inter
2493 2021 2936 2080 ambulandum
2964 2022 3261 2078 saevientis
3284 2022 3499 2079 hiemis
3518 2024 3642 2081 vim

1979 2120 2164 2171 atram
2181 2114 2430 2186 excepit,
2447 2130 2577 2168 cum
2593 2116 2788 2169 castra
2799 2113 3037 2183 Sigrene
3063 2112 3339 2180 locasset,
3370 2128 3644 2172 exorsam

1979 2207 2034 2260 et
2072 2219 2178 2275 per
2207 2202 2363 2258 duos
2389 2202 2516 2257 dies
2545 2201 2701 2257 illius
2721 2201 2941 2271 frigore
2986 2217 3058 2257 ac
3101 2201 3449 2271 glomerata:
3491 2202 3644 2259 nivis

1980 2291 2320 2348 turbinibus
2379 2289 2659 2360 afﬂictus,
2719 2291 2914 2347 donec
2968 2290 3041 2346 ad
3099 2293 3392 2362 Pegarum
3441 2307 3642 2348 arcem

1978 2379 2265 2443 Pervenit.
2315 2379 2512 2435 Plures
2569 2395 2640 2435 eo
2689 2379 2749 2434 in
2817 2379 3024 2435 itinere
3082 2379 3264 2435 virilis
3319 2383 3377 2436 et
3424 2380 3640 2437 mulie-

1977 2469 2102 2525 bris
2131 2485 2308 2525 sexus
2357 2469 2683 2525 exanimati
2729 2473 2869 2524 sunt
2902 2487 2914 2524 :
2947 2467 3027 2524 ad
3057 2472 3322 2525 trecenta
3352 2485 3638 2543 namque,

1979 2559 2162 2631 utqui
2194 2559 2486 2615 rationem
2519 2561 2924 2631 supputarunt
2943 2557 3292 2627 retulerunt,
3316 2558 3636 2616 hominum

1979 2654 2356 2706 mortuorum
2406 2647 2623 2720 capita,
2719 2647 2901 2703 nivali
2929 2663 3001 2703 co
3058 2647 3290 2704 tumulo
3345 2653 3637 2717 contecta,

1979 2738 2210 2794 consita
2243 2741 2398 2806 sunt,
2431 2738 2680 2808 quando
2733 2740 3052 2792 ventorum
3098 2736 3266 2792 rabie
3307 2752 3384 2792 ne
3426 2737 3642 2794 intueri

1978 2827 2226 2898 quidem
2241 2825 2386 2882 alter
2403 2826 2656 2881 alterum
2668 2829 2964 2897 poterant,
3007 2841 3344 2898 omnesque
3361 2827 3466 2898 qui
3480 2826 3640 2883 malo

1978 2916 2296 2972 interfuere
2354 2915 2666 2972 contestati
2744 2919 2884 2971 sunt
2955 2915 3210 2971 similem
3284 2931 3347 2971 se
3398 2915 3641 2986 [hiemis

1979 3006 2289 3062 horrorem
2343 3021 2659 3077 nunquam
2737 3003 2885 3061 alias
2958 3005 3345 3077 persensisse.
3401 3005 3643 3063 Decima

1981 3100 2196 3153 octava
2218 3100 2345 3151 tum
2376 3095 2604 3151 mensis
2636 3095 2976 3150 Decembris
3000 3094 3128 3150 dies
3154 3094 3592 3151 numerabatur
3621 3113 3638 3167 ;

1983 3201 2178 3246 annus
2211 3189 2367 3256 6741,
2413 3190 2476 3241 ut
2505 3201 2644 3241 mea
2671 3184 2781 3241 fert
2829 3184 3143 3241 sententia.
3195 3184 3526 3256 Imperator
3579 3184 3641 3242 in

1979 3267 2274 3346 Pegarum
2328 3273 2472 3330 urbe
2520 3273 2714 3330 donec
2759 3273 2974 3330 hiemis
3025 3273 3254 3330 saevitia
3312 3273 3643 3331 molliretur

1982 3378 2414 3435 commoratus,
2444 3372 2582 3428 inde
2629 3372 2836 3428 exiens
2909 3372 3313 3445 Nymphaeum
3372 3371 3635 3445 appellit,

1979 3471 2184 3545 ibique
2215 3471 2293 3527 ad
2316 3487 2567 3527 vernum
2619 3474 2860 3543 tempus
2908 3472 3261 3542 permansit.
3321 3470 3644 3528 Musulma-

1978 3576 2197 3616 norum
2233 3562 2433 3632 itaque
2484 3560 2747 3615 exercitu
2795 3559 3106 3632 dissipato,
3165 3563 3230 3616 ut
3287 3559 3571 3626 diximus,
3602 3574 3640 3617 a

1979 3650 2297 3719 Tachariis,
2360 3649 2584 3721 quibus
2653 3647 2924 3703 sultanus
2977 3647 3302 3704 Iathatines
3359 3652 3636 3720 prmerat,

1979 3737 2196 3794 sultani
2211 3739 2260 3808 7
2274 3737 2330 3810 4
2358 3736 2586 3793 Azatini
2624 3735 2803 3804 ﬁlius,
2825 3736 2929 3808 qui
2952 3751 3023 3791 ex
3037 3735 3200 3792 bono
3221 3736 3282 3791 in
3301 3735 3636 3808 principem

343 3822 390 3857 ⁸9
421 3825 627 3900 300;:-
656 3827 1058 3900 κοινωνεῖν-011).
1095 3824 1157 3900 l_),
1193 3893 1203 3900 _
1234 3822 1283 3857 7°
1314 3823 1604 3900 κάκεῖσε-υ
1644 3826 1800 3900 μέρη]
1830 3829 2008 3900 καὶ-τὸ
2048 3830 2188 3880 ἐπιὸν
2220 3829 2330 3888 ἔτος
2376 3830 2492 3899 περὶ
2525 3827 2708 3896 Πηγὰς
2737 3826 2998 3900 χωρεῖ-Ι).
3076 3825 3143 3900 Ἠ-
3167 3826 3215 3876 oi
3245 3823 3635 3900 ἀριθμήσαντες

273 3905 395 3948 om.
422 3894 485 3946 D.

565 3893 610 3927 ⁷³
641 3901 870 3946 τοιοῦτον
905 3895 971 3965 Β,
1001 3893 1238 3948 omissis
1281 3896 1598 3964 γεγενῆσθαί
1623 3893 1798 3952 me:
1841 3898 1891 3932 ⁷³

1979 3919 2019 3957 γε
2047 3929 2116 3939 -
2152 3907 2352 3971 πρῶτον
2383 3893 2503 3953 om.
2557 3893 2623 3951 D.

2699 3892 2869 3948 τέ’κάλ
2900 3892 2961 3954 ἦν
2987 3926 3056 3935 -
3085 3895 3144 3969 ἡ]
3170 3892 3396 3959 ὡςόῦνῆ
3426 3899 3487 3955 ι),

1156 4017 1501 4086 Theodori
1557 4019 1808 4088 Dousaa
1856 4030 1922 4088 et
1966 4020 2220 4090 Leonis
2267 4019 2501 4089 Allatii
2537 4028 2741 4088 notae.

342 4141 453 4224 (8Q)
489 4143 574 4225 pe
621 4143 940 4225 purpureis
985 4143 1416 4225 imperatorum
1471 4145 1748 4225 crepidis,
1790 4161 1869 4225 an

267 4214 457 4268 ocreis
488 4217 518 4289 ξ)
545 4214 1036 4289 supra'egimus;
1069 4214 1210 4289 item
1233 4215 1306 4270 de
1337 4217 1489 4271 tiara
1519 4214 1758 4289 efpileo
1790 4217 1869 4274 ad

267 4284 968 4358 exemplum—pyramidis
989 4287 1048 4342 in
1073 4286 1258 4358 altum
1273 4295 1548 4357 surgente
1567 4284 1623 4345 et
1637 4289 1866 4345 acumi-

265 4361 429 4412 nato.
464 4357 686 4431 l)e_quo
711 4373 872 4431 nunc
892 4357 1232 4431 audiendus
1252 4358 1619 4431 Nicephorus
1646 4361 1866 4430 Grego-

264 4442 364 4483 ras
387 4427 503 4483 sub
527 4427 706 4484 linem
741 4429 1001 4503 Historiae
1028 4447 1172 4493 suae,
1196 4429 1257 4484 in
1288 4427 1519 4487 Naeuia:
1547 4434 1632 4487 De
1657 4427 1866 4503 capitis

261 4514 447 4573 porro
461 4506 817 4570 tegumento,
831 4501 1336 4570 apudsuperiores
1348 4501 1739 4573 imperatores
1750 4520 1867 4561 mo-

265 4572 352 4625 ris
364 4577 758 4645 eratutaetate
773 4575 1163 4641 provectiores
1185 4575 1371 4645 aulici
1395 4572 1667 4643 proceres
1693 4577 1866 4645 pileis
1899 4590 1940 4641 1)

269 4642 588 4720 turbinatis
610 4642 950 4720 (καλύπτραις
965 4641 1267 4720 πυραμίδος
1294 4641 1542 4716 ἐχούσαις
1566 4641 1758 4720 σχῆ
1786 4662 1865 4703 se-

270 4713 395 4790 _rico
410 4717 576 4790 tectis
587 4713 1048 4790 alerentarmro'
1058 4713 1355 4790 dignitate
1365 4713 1672 4790 cujusque.
1683 4713 1868 4790 'Atque

266 4782 398 4864 haec
411 4782 1144 4864 imperiisymbolahaberi
1157 4782 1868 4864 subditl_o_gotlieta.Qiiod

267 4856 872 4913 etinsinuatloannes
885 4860 1736 4924 Cantacuzenus,Histor,Rom
1749 4863 1872 4917 sive

264 4927 748 5001 Byzantinwrlib.
774 4947 812 4995 ι,
845 4946 980 5001 cap.
1005 4934 1054 5000 3,
1100 4930 1202 4984 ubi
1231 4929 1450 5000 pileum
1483 4931 1662 4986 istum
1695 4951 1872 4983 συνεκ-

267 4995 509 5074 δᾴχικῷς
529 4999 794 5074 lapidem
811 4995 1092 5074 appellat,
1119 4995 1256 5056 cum
1284 5001 1342 5056 in
1361 5002 1528 5074 apice
1556 5003 1692 5074 pilei
1718 5003 1870 5074 lapis

264 5071 532 5126 visendas
548 5071 968 5146 magnitudinis
981 5087 1049 5127 ac
1063 5073 1251 5146 ipcom
1261 5073 1546 5146 parabilis
1557 5071 1728 5146 pretii
1742 5071 1871 5146 spe.

264 5146 547 5215 ctaretur.
578 5143 778 5199 Greece
802 5149 892 5199 est
921 5161 934 5208 ;
963 5147 1050 5196 τὸν
1082 5143 1167 5196 ἐπὶ
1200 5143 1295 5205 τῆς
1324 5143 1575 5215 κειφαλῆς
1618 5143 1793 5198 λίθον“
1816 5150 1873 5201 et

263 5211 485 5288 ξφ.)νῖ
520 5229 631 5288 cap
660 5219 772 5288 37}
804 5216 930 5288 λίθῳ
975 5221 1360 5288 κεκοσμημένος
1395 5211 1580 5288 Ῠπίλος,
1625 5222 1870 5273 notante

265 5284 332 5338 ν.
367 5285 430 5340 C.
460 5284 684 5341 Jacobo
714 5284 986 5344 Ponta'no
1016 5290 1069 5342 S.
1110 5284 1183 5352 J'.,
1213 5284 1319 5342 cui
1350 5287 1516 5343 illum
1562 5293 1872 5344 auctorem

265 5355 858 5431 praestantissimum,
891 5359 1184 5414 hactenus
1209 5359 1504 5428 ignotum,
1530 5359 1662 5415 luce
1679 5375 1872 5431 nuper

264 5425 584 5500 donatum.
614 5433 672 5484 ut
701 5434 758 5485 et
786 5431 1020 5500 Georgii
1053 5425 1328 5486 l’bradzre
1367 5431 1720 5497 Cbronicon,
1768 5425 1870 5486 de-

267 5496 525 5574 bemus._
543 5499 655 5574 Sed
672 5501 888 5574 Latine
908 5496 1163 5574 tantum,
1190 5502 1355 5574 qnod
1377 5502 1551 5558 unice
1571 5496 1869 5560 dolemus.

270 5571 352 5625 De
377 5570 1067 5644 sandalisimperatoriis
1088 5570 1247 5628 idem
1273 5577 1744 5642 Cantacuzenus,
1765 5574 1865 5630 lib.

268 5655 472 5722 ii,cap.
488 5642 808 5722 lj,etl_ib.iu
819 5649 1060 5722 _c_ap.27_.
1082 5644 1386 5722 videndus
1399 5647 1577 5722 etiam
1595 5645 1872 5722 Leuncla-

269 5715 405 5769 vius
415 5715 477 5770 in
490 5715 792 5773 Pandecte
805 5715 1094 5774 Historiae
1119 5717 1368 5774 Turciar.
1397 5720 1612 5775 Praetor
1634 5717 1871 5775 Graeciaa

1974 4146 2527 4274 historicus,‘quem
2559 4161 2719 4228 smpe
2759 4143 2849 4200 vir
2886 4158 3142 4214 magnus
3199 4143 3499 4216 producit,
3555 4145 3637 4204 ait

1975 4225 2210 4274 recenta
2227 4219 2350 4274 Cvo
2383 4220 2636 4274 evenisse
2649 4234 2710 4273 κη
2731 4233 2944 4274 manus
2960 4218 3303 4274 Grcecorum
3324 4218 3637 4274 imperato-

1975 4225 2210 4288 recepta
2227 4218 2401 4288 Cpoli
2412 4220 2636 4274 venisse
2649 4218 2710 4273 in
2731 4233 2944 4274 manus
2960 4218 3303 4274 Grcecorum
3324 4218 3638 4286 imperato-

1975 4294 2070 4347 ria
2106 4291 2403 4346 Bulduini
2439 4290 2498 4344 II
2517 4290 2942 4360 symbola,quae
2971 4288 3208 4360 quidem
3231 4289 3358 4347 ἠως
3374 4288 3630 4359 fuerint,

1973 4362 2245 4437 καλύπτρα
2271 4363 2488 4437 Γονηιω
2518 4362 2756 4437 Latinis
2780 4363 3040 4437 usz'tatce
3065 4366 3118 4437 et
3176 4361 3496 4437 unionibus
3543 4362 3636 4437 di-

1972 4432 2209 4498 stincto,
2245 4450 2376 4490 cum
2417 4433 2628 4501 lapillo
2655 4432 2828 4487 rubri
2849 4433 3064 4488 coloris
3086 4434 3147 4486 in
3169 4433 3386 4490 vertice
3416 4434 3633 4501 capitis

1973 4506 2127 4576 (ejus
2149 4506 2245 4560 hic
2265 4503 2535 4560 meminit
2554 4503 3323 4576 Logotheta),calceamenta
3335 4519 3505 4560 cocco
3520 4505 3636 4559 tin-

1975 4574 2090 4639 cta,
2114 4578 2357 4647 gladius
2398 4577 2618 4647 vagina
2643 4574 2715 4630 de
2743 4577 2998 4647 coccinei
3014 4577 3428 4647 cotorisserico
3457 4576 3635 4644 facta

1975 4645 2239 4720 vestitus.
2266 4648 2574 4720 Conjunge
2604 4646 2900 4720 haeccum
2926 4645 2997 4700 iis
3018 4661 3154 4717 qum
3185 4662 3221 4702 a
3245 4646 3422 4702 nobis
3446 4662 3632 4719 supra

1975 4721 2050 4775 de
2076 4719 2232 4790 pileo
2263 4723 2319 4773 et
2340 4716 2554 4774 calceis
2588 4716 2784 4772 rubris
2811 4716 3110 4790 annota’ta
3127 4722 3284 4774 sunt.
3304 4716 3530 4790 VDOUSA;

2050 4787 2164 4860 (81)
2227 4792 2378 4861 ῘΙαρά
2455 4797 2568 4861 τῶν
2615 4793 2919 4861 Ταχαρίων.
2973 4787 3229 4861 Chalaus
3289 4788 3628 4861 Sitzisicani‘s

1977 4861 2154 4925 ﬁlius,
2190 4867 2253 4916 ut
2291 4859 3104 4932 Supra‘diximusﬁuperatis
3126 4859 3406 4932 Tanaidis
3437 4859 3630 4932 fondi-

1980 4933 2092 4988 bus
2129 4929 2429 5003 Europam
2461 4930 2810 4986 devastavit.
2867 4929 3024 4986 Alter
3081 4930 3443 5003 Sitziscanis
3473 4929 3630 4986 ﬁlius

1977 4999 2305 5075 Telepuges
2331 5003 2557 5073 Caspiis
2588 5003 2880 5075 angustiis
2913 5001 3232 5075 superatis,
3261 4999 3568 5075 §ogdiana
3594 5016 3632 5075 ᾳ

1979 5071 2144 5142 tergo
2165 5071 2386 5140 relicta,
2421 5071 2745 5129 Bactrianis
2784 5079 2841 5128 et
2871 5071 3194 5142 Oxo’sogdo
3247 5071 3495 5126 ﬂumine
3551 5071 3631 5127 ad

1977 5147 2209 5203 radices
2225 5162 2586 5215 magnorum
2605 5145 2898 5200 montium
2914 5159 3271 5215 progressus
3292 5159 3430 5215 cum
3462 5158 3630 5215 exer-

1979 5219 2096 5273 citu
2123 5214 2420 5273 hibernat.
2455 5219 2679 5272 Montes
2721 5216 2888 5288 quod
2919 5214 3062 5271 ’una
3113 5214 3440 5288 continenti
3482 5214 3633 5270 serie

1979 5290 2301 5355 cohaerent,
2328 5304 2516 5344 unum
2535 5286 2993 5343 velutimontem
3011 5286 3299 5351 conﬂant,
3324 5286 3633 5342 etTaurus

1979 5361 2212 5425 dicitur,
2233 5361 2336 5432 qui
2360 5361 2560 5415 Asiam
2585 5360 2924 5432 universam
2947 5359 3210 5414 mediam
3229 5357 3457 5428 dividit,
3484 5357 3632 5432 inci-

1979 5432 2150 5504 piens
2182 5429 2507 5504 ab'ioccasu
2541 5431 2812 5501 proxime
2838 5433 3103 5504 [Egaaum
3139 5445 3323 5504 mare,
3347 5435 3404 5484 et
3431 5429 3636 5486 Asiam

1980 5501 2191 5558 secans
2212 5503 2290 5558 ad
2304 5502 2697 5558 subsolanum
2716 5506 2983 5567 ventum,
3000 5502 3173 5571 juxta
3185 5501 3487 5567 Oceanum
3505 5516 3637 5558 sese

1980 5575 2331 5631 terminans.
2365 5576 2505 5628 Vere
2522 5573 2924 5629 maximorum
2945 5589 3195 5642 gregum
3219 5577 3323 5628 aut
3338 5577 3636 5629 armento-

1980 5662 2114 5718 rum
2131 5646 2319 5718 instar
2332 5645 2629 5718 montium
2650 5645 2967 5718 cacumina
2989 5648 3358 5717 superant,et
3373 5643 3633 5718 populos

1980 5717 2282 5788 subjectos
2298 5717 2615 5783 invadunt,
2638 5721 2696 5773 et
2715 5717 2947 5773 Indiam
2963 5714 3298 5788 penetrant,
3330 5714 3560 5789 quanta
3572 5714 3636 5771 in
