4152 6430
460 377 602 435 1079
1745 375 2026 432 GEORGII
2067 372 2547 432 ACROPOLITZE.
3697 373 3856 430 1080

463 501 692 558 malum
721 499 1110 571 degeneraret
1150 517 1162 556 :
1187 499 1433 573 potibus
1462 515 1747 573 namque,
1770 499 2103 556 libidinibus

2237 497 2435 551 λέλυται
2466 499 2710 572 στρατιὰ,
2745 496 3026 560 σουλτάνος
3055 493 3114 551 δὲ
3151 493 3316 572 ἦρχεν
3371 495 3541 549 αὐτῶν
3595 496 3656 549 οὗ
3699 495 3877 556 κλῆ-ιτ

465 589 868 648 monstruosis
895 590 1399 662 exsecrandisque
1421 589 1730 645 amoribus
1754 589 1974 656 furens,
1990 605 2105 661 per

2233 607 2316 650 σις
2347 589 2392 623 ⁷⁵
2417 587 2724 656 Ἰαθατίνης,
2758 589 2870 648 υἱὸς
2891 595 2982 640 τοῦ
3011 587 3229 640 σουλτάν
3285 588 3527 651 Ἀζατίνη
3569 588 3639 656 ⁷⁵)
3709 594 3856 660 φαῦ-

465 684 646 753 petuo
685 695 824 734 cum
876 678 1387 734 homuncionibus
1436 683 1493 734 et
1524 679 1767 734 rationis
1789 683 1846 734 et
1892 682 2105 734 natura

2228 676 2315 739 λος
2362 675 2414 740 ἐξ
2462 675 2627 752 ἀρχὸς
2717 681 2976 750 γεγονὼς,¹
3029 708 3102 717 —
3183 681 3362 739 πότοις
3438 677 3541 750 γὰρ
3651 678 3859 750 ἔχαιρε

463 769 749 825 humanae
776 767 1014 840 penitus
1038 767 1264 838 ignaris
1290 768 1740 838 consuescebat,
1765 767 1995 840 parenti
2012 783 2103 822 suc

2229 772 2320 819 καὶ
2350 765 2644 839 ἀσελγείαις
2681 772 2771 820 καὶ
2799 771 2997 827 κοίταις
3027 765 3326 828 ἀλλοκότοις
3352 785 3405 818 τε
3439 769 3530 818 καὶ
3596 763 3853 832 ἀτόποις,

467 857 796 925 dissimilis,
826 857 931 929 qui
950 856 1320 923 libidinibus,
1344 872 1466 912 non
1489 858 1570 912 ita
1592 862 1815 922 tamen,
1835 855 2086 928 parebat

2230 861 2321 910 καὶ
2375 864 2532 915 συνῆν
2591 854 2668 908 ἀεὶ
2728 854 3113 928 ἀνθρωπίσκοις
3180 854 3352 907 οὐκέτι
3411 854 3559 926 λόγον
3635 850 3855 907 εἰδόσιν

466 963 654 1022 quare
681 951 740 1003 et
766 947 980 1002 melius
1041 947 1521 1019 progenitoribus
1572 948 1700 1018 ipse
1759 947 1881 1002 suis
1933 947 2106 1002 acierr

2232 943 2347 1000 οὐδ’
2368 944 2693 1020 ἀνθρωπίνην
2715 947 2868 1018 φύσιν
2906 948 2964 997 τό
3026 944 3250 1000 σόνολον.
3302 943 3361 998 Ὀ
3405 948 3580 1017 πατὴρ
3631 940 3691 996 δὲ
3750 944 3858 996 αὖ·

471 1036 762 1107 struebat,
818 1051 960 1106 erga
1032 1038 1454 1108 imperatorem
1507 1035 1797 1092 benevole
1851 1036 2111 1092 affectus.

2231 1044 2322 1090 τοῦ
2349 1036 2407 1088 οὗ
2437 1043 2670 1098 τοιοῦτος
2710 1032 2792 1103 ἦν,
2828 1033 2932 1087 ἀλλ’
2966 1037 3161 1094 ἡττᾶτο
3192 1036 3303 1108 μὲν,
3361 1035 3421 1088 οὐ
3477 1029 3688 1108 σφόδρα
3751 1029 3837 1102 δε,

470 1127 697 1182 Verum
721 1123 946 1197 quibus
976 1125 1085 1180 iste
1116 1124 1545 1193 delectabatur,
1573 1125 1784 1182 iisdem
1822 1127 2110 1183 saturitate

2234 1135 2334 1180 τῶν
2370 1124 2666 1198 ἀσελγειῶν,
2697 1121 2783 1177 διὸ
2823 1130 2913 1177 καὶ
2942 1123 3144 1198 βέλτιον
3175 1133 3276 1177 τῶν
3305 1127 3404 1198 πρὸ
3435 1123 3594 1177 αὐτοῦ
3643 1123 3859 1199 ἐστρα-

471 1231 598 1274 non
626 1215 905 1272 fraudata
928 1215 1173 1284 adjutus
1203 1219 1294 1271 est
1329 1235 1341 1278 ;
1375 1215 1476 1288 qui
1519 1231 1658 1271 cum
1719 1232 1783 1272 se
1840 1216 2012 1273 vellet
2066 1216 2111 1272 ir

2235 1221 2406 1287 τόγει,
2437 1219 2527 1267 καὶ
2564 1214 2734 1288 φιλίως
2800 1217 2931 1288 πρὸς
2982 1217 3070 1267 τὸν
3125 1213 3350 1287 βασιλέα
3405 1210 3652 1269 διέκειτο.
3703 1212 3850 1267 Ἀλλ’

475 1320 684 1376 pugna
757 1304 1077 1360 Tacharica
1128 1303 1400 1377 experiri,
1452 1304 1802 1362 debellatur.
1863 1309 1930 1362 Et
1977 1321 2115 1378 pene

2238 1306 2385 1367 οὗτος
2422 1306 2500 1367 οἷς
2530 1307 2731 1379 ἔχαιρε,
2765 1303 3045 1378 πλησμίως
3089 1307 3283 1357 τούτων
3337 1302 3577 1356 ἀπώνατο
3625 1305 3698 1358 ⁷⁷.
3752 1310 3858 1357 Πε-

477 1395 660 1452 rebus
683 1393 906 1450 aversis
952 1392 1180 1463 legatos
1245 1394 1324 1449 ad
1370 1394 1796 1467 imperatorem
1839 1399 2117 1452 Joannem:

2238 1400 2482 1469 πείραται
2528 1403 2655 1466 γοῦν
2701 1396 2886 1467 μάχης
2940 1401 3252 1469 Ταχαρικῆς
3308 1399 3399 1445 καὶ
3448 1394 3696 1453 ἣττηται.
3768 1395 3856 1446 Ἐν

477 1485 671 1556 mittit,
707 1483 1022 1541 consilium
1048 1485 1588 1556 praesentissimum
1605 1492 1834 1559 petens,
1861 1503 2117 1561 quanarr

2244 1493 2402 1555 στενῷ
2448 1492 2573 1556 γοῦν
2634 1493 2731 1536 τῶν
2788 1486 3110 1560 πραγμάτων
3164 1480 3361 1556 κομιδῆ
3417 1487 3662 1555 γεγονὼς,
3725 1485 3858 1554 πρέ-

477 1574 723 1632 tandem
751 1574 879 1647 ipse
902 1574 1132 1631 ratione
1152 1575 1388 1632 hostem
1409 1577 1715 1649 repelleret
1741 1583 1798 1633 et
1820 1578 2117 1650 paululum

2246 1573 2385 1636 σϐεις
2414 1575 2462 1608 ⁷⁸
2495 1573 2743 1645 ἐκπέμπει
2773 1577 2899 1647 πρός
2950 1577 3038 1626 τὸν
3089 1571 3316 1646 βασιλέα
3383 1571 3646 1639 Ἰωάννην,
3711 1570 3858 1646 βου-

477 1680 514 1721 a
539 1663 714 1719 maiis
746 1661 1181 1729 sublevaretur,
1210 1665 1272 1720 id
1303 1664 1526 1722 scilicet
1553 1665 1833 1722 dictitans
1866 1667 2117 1738 utrisqui

2241 1663 2338 1726 λῆς
2366 1683 2419 1716 τε
2467 1663 2624 1728 ἀξιῶν
2669 1662 2886 1738 ἀρίστης
2929 1662 2983 1726 ἐξ
3040 1663 3200 1716 αὐτοῦ
3262 1669 3469 1735 τυχεῖν,
3527 1665 3598 1724 ὡς
3656 1661 3860 1714 ἀνειπο-

475 1753 735 1810 salutare
779 1769 910 1810 esse
989 1771 1001 1809 :
1089 1755 1477 1811 Musulmanis
1565 1757 1723 1812 enim
1777 1772 1813 1813 a
1877 1757 2115 1814 tachari:

2243 1752 2485 1828 τρέφοιτο
2537 1755 2585 1788 79
2645 1756 2732 1805 τὸν
2790 1751 3064 1806 ἀντίπαλον
3117 1757 3207 1804 καὶ
3265 1755 3452 1828 μικρὸν
3535 1754 3859 1825 κουφισθείη

473 1844 812 1918 prostratis,
844 1844 906 1900 in
936 1847 1240 1901 Romanas
1287 1846 1555 1902 civitates
1605 1847 1804 1904 aditus
1857 1848 2026 1903 liberi
2065 1864 2113 1903 a4

2243 1851 2335 1895 τοῦ
2391 1841 2590 1917 βάρους
2638 1843 2798 1895 αὐτοῦ
2851 1844 2917 1900 ⁸ο,
2998 1839 3327 1915 σωτηριῶδες
3412 1849 3570 1895 τοῦτο
3633 1843 3861 1914 φάσκων

471 1934 600 1990 sine
629 1933 1082 2005 impedimento,
1109 1933 1273 2006 quod
1294 1938 1350 1990 et
1372 1935 1754 1992 verissimum
1774 1942 1920 2005 erat,
1955 1938 2110 1994 hosti

2243 1935 2525 2004 τυγχάνειν
2558 1933 2600 1967 ³¹
2639 1931 2825 2005 ἀμφοῖν
2855 1932 2991 2005 (82)·
3037 1939 3129 1984 τοῦ
3166 1934 3266 2005 γὰρ
3323 1935 3501 2003 γένους
3552 1939 3652 1984 τῶν
3706 1938 3866 1985 Μου-

475 2022 612 2089 bus,
628 2038 766 2078 cum
780 2037 885 2078 eos
902 2022 1226 2095 reprimere
1239 2039 1360 2079 non
1374 2025 1591 2096 possis,
1614 2027 1926 2098 patebunt.
1955 2030 2115 2084 Porrc

2249 2022 2547 2095 σουλμάνων
2603 2025 2748 2094 παρὰ
2804 2030 2903 2074 τῶν
2951 2025 3213 2096 Ταχάρων
3276 2020 3601 2084 ἀπολωλότος
3679 2022 3871 2083 ἄνετος

476 2112 805 2185 imperator
819 2112 1103 2179 Joannes,
1121 2116 1326 2185 utpote
1349 2113 1408 2168 in
1423 2114 1606 2170 rebus
1631 2115 1922 2172 similibus
1947 2133 2116 2187 saga}

2245 2111 2474 2165 λείπεται
2495 2119 2604 2174 τοῖς
2661 2111 2908 2173 ἐναντίοις
2953 2114 2984 2170 ἡ
3044 2113 3175 2164 κατὰ
3232 2119 3331 2164 τῶν
3393 2111 3691 2183 Ῥωμαῖκῶν
3739 2132 3868 2183 χω-

475 2206 532 2258 et
569 2201 860 2274 prudens,
891 2200 1254 2272 legationem
1283 2202 1475 2259 libens
1496 2205 1730 2276 accipit,
1783 2209 1840 2261 et
1889 2222 2115 2263 concor

2248 2210 2350 2275 ρῶν
2396 2197 2600 2272 ἔφοδος.
2656 2205 2756 2254 Καὶ
2806 2197 2867 2259 ἦν
2919 2207 3070 2253 τοῦτο
3118 2203 3255 2254 πὰνυ
3313 2219 3373 2272 γε
3423 2199 3606 2262 ἀληθές
3661 2200 3734 2236 ⁸³·
3797 2200 3867 2254 Ὀ

479 2290 644 2347 diam
684 2306 822 2346 cum
848 2290 1090 2346 sultano
1122 2291 1516 2362 conglutinat,
1549 2295 1722 2349 utsic
1760 2297 2119 2352 adversario:

2248 2299 2373 2364 γοῦν
2404 2292 2643 2353 Ἰωάννης
2668 2292 2736 2359 ⁸³,
2765 2292 2851 2344 οἷα
2881 2293 3070 2353 ἐκεῖνος
3126 2287 3295 2352 δεινὸς
3351 2289 3402 2342 ἓν
3452 2297 3560 2352 τοῖς
3606 2292 3872 2353 τοιούτοις

478 2378 880 2452 repellerent:
913 2395 1058 2435 nam
1095 2381 1188 2436 his
1235 2381 1476 2438 duabus
1528 2383 1809 2439 maximis
1857 2387 2118 2458 potentii:

2251 2384 2580 2455 πράγμασιν,
2610 2377 2931 2452 ἀποδέχεται
2955 2380 3038 2453 [Ρ.
3074 2379 3165 2453 38]
3219 2381 3438 2452 ἄσμενος
3481 2381 3530 2415 ⁸⁸
3586 2384 3682 2438 τὴν
3724 2400 3867 2454 πρε-

481 2469 842 2528 consociatis
872 2469 1209 2526 verosimile
1239 2471 1411 2527 fuerit
1429 2471 1662 2528 hostem
1718 2478 1944 2529 metum
1999 2492 2121 2532 con-

2257 2469 2432 2522 σϐείαν
2461 2475 2550 2522 καὶ
2589 2469 2656 2530 έὶς
2703 2470 2882 2522 ἕνωσιν
2943 2469 3201 2522 συνελθεῖν
3252 2471 3538 2544 ἡρετίσατο
3600 2477 3673 2522 τῶ
3705 2469 3870 2522 σουλ-

483 2559 700 2631 oipere,
735 2559 786 2614 si
811 2559 959 2614 dum
981 2563 1188 2616 contra
1208 2576 1400 2616 unum
1419 2560 1798 2628 invehuntur,
1823 2563 2123 2638 derepentl

2253 2561 2367 2628 τὰν,
2397 2561 2461 2620 ὡς
2487 2560 2547 2611 ἄν
2606 2566 2760 2611 τοῦτο
2807 2565 2918 2620 τοῖς
2973 2557 3220 2620 ἐναντίοις
3275 2558 3345 2620 εἰς
3399 2557 3702 2633 ἀποτροπὴν
3768 2562 3869 2631 7':-

488 2651 699 2706 contra
729 2647 882 2703 duos
940 2664 1002 2704 se
1050 2665 1220 2706 arma
1277 2650 1609 2722 sumpsisse
1666 2651 2122 2724 deprehendant

2253 2667 2392 2700 νοιτο
2444 2668 2455 2681 ·
2514 2650 2783 2721 ἡνωμένων
2830 2649 2930 2720 γὰρ
2990 2656 3089 2699 τῶν
3137 2649 3384 2700 τοιούτων
3439 2644 3538 2701 δὺο
3595 2653 3869 2721 μεγίστων

487 2741 732 2811 Propter
755 2737 885 2793 haec
913 2738 1117 2810 itaque
1150 2738 1212 2794 in
1241 2755 1431 2794 unum
1456 2740 1573 2812 7,5
1607 2741 1824 2796 animis
1847 2743 2122 2801 coaluere

2255 2743 2436 2810 ἀρχῶν
2479 2737 2610 2798 εἰκὸς
2673 2741 2858 2790 πτοίαν
2910 2738 3152 2808 γενέσθαι
3194 2744 3306 2800 τοῖς
3366 2736 3656 2809 πολεμίοις,
3736 2741 3872 2812 πρὸς

488 2827 816 2900 amboque,
848 2844 988 2884 cum
1021 2829 1284 2884 Joannes
1313 2829 1641 2900 imperator
1687 2835 1814 2886 tum
1874 2832 2128 2889 sultanus

2255 2829 2342 2880 ἕνα
2365 2829 2454 2898 μὲν
2485 2829 2675 2898 ἔχουσι
2697 2829 2783 2879 τόν
2817 2829 3031 2892 σκοπόν,
3064 2829 3196 2900 πρὸς
3218 2821 3315 2878 δύο
3373 2823 3432 2879 δὲ
3484 2825 3673 2903 ἀθρόον
3725 2829 3870 2902 εὑρι-

484 2917 833 2988 Iathatinas,
869 2917 1035 2990 apud
1055 2917 1356 2989 Tripolim,
1378 2933 1566 2990 quam
1589 2921 1884 2976 Maeander
1909 2927 2122 2994 praeter

2260 2920 2527 2989 σκομένοις
2573 2917 2644 2971 ⁸⁵.
2699 2921 2798 2969 Καὶ
2845 2923 2968 2988 γοῦν
3027 2914 3104 2968 ἐπὶ
3157 2923 3267 2978 τοῖς
3313 2919 3542 2977 τοιούοις
3602 2936 3873 2969 συσκευα-

482 3005 632 3074 ﬂuit,
693 3011 874 3079 ponte
910 3021 946 3062 a
1024 3006 1241 3062 sultani
1295 3007 1470 3063 sociis
1527 3010 1919 3081 extemporali
1969 3012 2122 3082 ligni:

2260 3007 2472 3078 σάμενοι
2523 3006 2570 3040 ⁸⁸
2622 3004 2938 3063 συνηλθέτην
2995 3008 3085 3056 καὶ
3140 3005 3315 3077 ἄμφω,
3385 3004 3412 3056 ὃ
3478 3024 3533 3058 τε
3616 3004 3870 3077 βασιλεὺς

485 3098 806 3164 exstructo,
834 3098 900 3150 ut
937 3093 1166 3150 facilior
1197 3095 1644 3152 transeuntibus
1673 3101 1901 3169 pateret
1921 3099 2118 3155 aditus

2257 3094 2494 3155 Ἰωάννης
2545 3095 2589 3129 ⁸⁷
2637 3098 2727 3147 καὶ
2780 3095 2806 3146 ὁ
2839 3093 3058 3147 σουλτὰν
3110 3096 3422 3164 Ίαθατίνης,
3484 3093 3532 3147 έν
3583 3103 3654 3166 τῷ
3709 3093 3869 3148 ἄστει

487 3182 1125 3240 semethumanissime
1137 3183 1460 3256 excipiunt,
1485 3185 1701 3258 aliique
1722 3187 1870 3242 alios
1893 3204 2127 3259 magna-

2213 3220 2219 3273 :
2255 3191 2356 3244 τῶς
2391 3182 2696 3257 Τριπόλεως,
2753 3186 2880 3235 ὅπου
2925 3186 3015 3234 καὶ
3063 3184 3088 3234 ὁ
3141 3181 3444 3254 Μαίανδρος
3481 3184 3561 3257 ῥεῖ
3600 3201 3853 3252 ποταμός.

485 3276 575 3330 tes
615 3287 685 3329 ac
716 3287 1030 3344 proceres;
1056 3277 1112 3328 et
1136 3273 1326 3344 pactis
1359 3273 1580 3344 quibus
1609 3279 1788 3331 antea
1817 3275 2122 3347 obstringe

2209 3267 2218 3273 ’
2257 3276 2486 3347 Γέφυραν
2517 3280 2640 3344 γοῦν
2669 3271 2720 3334 ἐξ
2744 3267 3103 3344 αὐτοσχεδίου
3149 3271 3204 3324 ἰκ
3255 3271 3417 3335 ξύλων
3461 3273 3506 3322 οἱ
3549 3277 3636 3321 τοῦ
3689 3267 3849 3320 σουλ-

486 3361 732 3423 bantur,
767 3361 1030 3416 sanctius
1071 3360 1459 3430 conﬁrmatis,
1495 3367 1559 3418 ut
1588 3363 1765 3419 simul
1794 3380 1916 3421 una
1965 3366 2126 3422 ambt

2257 3367 2349 3418 τὰν
2384 3362 2730 3436 ἐργασάμενοι
2751 3361 2938 3434 εὐχερῆ
2996 3368 3106 3423 τοῖς
3161 3360 3485 3435 βουλομένοις
3533 3362 3864 3417 πεποιήκασι

487 3450 697 3507 hostes
720 3449 930 3522 proelio
950 3449 1328 3520 lacesserent,
1344 3451 1566 3521 abiere,
1579 3455 1840 3509 Joannes
1860 3454 2122 3511 Philadel

2257 3459 2350 3513 τὴν
2399 3451 3008 3525 περαίωσιν.Ἀλλήλους
3058 3459 3186 3522 γοῦν
3237 3453 3286 3503 οὶ
3335 3449 3496 3524 ἀρχοὶ
3544 3447 3867 3522 φιλοφρόνως

490 3538 703 3612 phiam
734 3543 963 3612 petens,
999 3539 1273 3596 sultanus
1305 3541 1574 3598 Iconium
1628 3541 1725 3597 ubi
1775 3543 1939 3613 regia
1994 3544 2130 3600 illius

2261 3540 2658 3614 δεξιωσάμενοι,
2691 3543 2766 3592 ἔτι
2806 3537 2865 3593 δὲ
2895 3543 3131 3600 καὶτοὺς
3188 3539 3272 3612 ὑφ’
3328 3539 3568 3615 ἑκάτερον
3633 3537 3876 3610 ἑκάτεροι

492 3632 636 3686 erat.
672 3631 738 3686 Et
766 3632 909 3685 tunc
939 3630 1187 3703 quidem
1211 3634 1461 3703 uterque
1487 3631 1809 3703 tranquilla
1832 3647 1980 3704 pace
2001 3650 2132 3689 usus

2257 3635 2604 3708 προῦχοντας,
2663 3635 2753 3682 καὶ
2815 3632 3078 3692 συνθήκας
3118 3629 3183 3691 ¹οἷς
3230 3634 3321 3683 καὶ
3367 3633 3470 3704 πρό
3544 3632 3636 3681 τόῦ
3719 3624 3877 3699 εἶχον

491 3722 598 3775 est.
648 3721 797 3775 Nam
845 3720 1250 3776 Tacharorum
1295 3720 1588 3776 exercitus
1642 3721 1766 3777 suis
1815 3739 1876 3778 se
1924 3723 2131 3780 finibus

2259 3725 2562 3798 κρειττόνως
2595 3718 3032 3792 βεϐαιωσάμενοι,
3065 3721 3218 3780 ὡςᾶν
3279 3721 3538 3791 μάχοιντο
3592 3719 3877 3790 συνημμὶ-

493 3809 803 3880 continuit,
831 3824 941 3866 nec
970 3811 1374 3883 praescriptos,
1407 3810 1492 3866 uti
1543 3811 1732 3868 moris
1791 3816 1935 3885 erat,
1997 3818 2128 3870 tran

2259 3832 2354 3873 νως
2405 3812 2510 3871 τοῖς
2555 3809 2804 3870 ἐναντίοις
2861 3809 2933 3877 ⁸⁸,
2989 3804 3382 3874 διελὺθησαν,ό
3447 3810 3538 3880 μὲν
3616 3805 3882 3880 βασιλεὺς

493 3899 742 3968 scendit,
765 3916 906 3956 cum
924 3901 1107 3956 rebus
1126 3899 1468 3956 domesticis
1496 3900 1886 3959 incumberet.

2265 3898 2601 3976 ὑποστρέψας
2622 3898 2690 3958 εἰς
2709 3902 2801 3955 τὴν
2824 3894 3165 3969 Φιλαδέλφου,
3195 3899 3220 3949 ό
3273 3894 3332 3950 δὲ
3390 3897 3609 3950 σουλτὰν
3662 3896 3731 3957 εἰς
3774 3899 3882 3955 τὴν

493 3988 764 4058 Ἰκονιέων,
821 3991 943 4042 ἔνθα
991 3985 1052 4048 ἦν
1101 3993 1190 4042 καὶ
1248 3991 1316 4042 τὰ
1372 3989 1643 4062 βασίλεια.
1691 3997 1818 4045 Τότε
1861 3995 1951 4065 μὲν
2006 3997 2096 4045 καὶ
2161 3990 2210 4044 ἐν
2256 3990 2444 4064 ἀμφοῖν
2497 3992 2564 4042 τὰ
2611 3996 2707 4050 τῆς
2763 3989 2950 4060 μάχης
3002 3988 3294 4060 ἠρέμησαν.
3354 3992 3456 4039 Καὶ
3511 3989 3613 4060 γὰρ
3667 3987 3697 4044 ἡ
3767 3993 3883 4038 τῶν

492 4082 754 4156 Ταχάρων
820 4079 1046 4153 στρατιὰ
1117 4077 1236 4131 καθ’
1302 4078 1494 4132 ἑαυτῶν
1569 4083 1728 4154 Quave,
1796 4085 1887 4133 καί
1951 4081 2010 4135 οὗ
2057 4085 2295 4140 κεκίνητο
2354 4083 2422 4143 ὡς
2478 4078 2593 4139 ἓθος
2640 4098 2652 4110 ·
2715 4076 2763 4130 ἐν
2820 4083 2929 4137 τοῖς
2977 4075 3170 4129 ἑαυτῶν
3234 4081 3324 4129 καὶ
3374 4079 3476 4152 γὰρ
3536 4073 3883 4147 ἠσχολοῦντο

493 4172 802 4243 πράγμασιν
833 4168 903 4222 ⁸ο.

571 4277 618 4313 ’⁷⁵
668 4295 728 4329 ον
771 4274 959 4347 κλῆσις
1015 4290 1137 4332 om.
1204 4278 1269 4333 D.
1346 4279 1395 4315 ⁷⁸
1461 4279 1570 4337 υἱὸς
1622 4276 1896 4347 Ἀζατίνου
1963 4277 2024 4331 D.
2103 4277 2148 4310 77
2192 4276 2217 4328 ό
2269 4307 2335 4317 -
2383 4275 2622 4328 ἀπώνατο
2670 4287 2794 4328 om.
2854 4275 2921 4330 Ι).
2964 4273 3046 4347 ⁷⁷⁸
3076 4271 3140 4347 -ἐν
3183 4303 3255 4312 -
3309 4268 3890 4347 πρέσϐειςλ-πρίσϐεις

500 4345 589 4403 οὖν
619 4351 684 4404 D.
761 4348 811 4383 79
842 4349 910 4408 ὡς
936 4345 1289 4424 ἆποτρέψαιτο
1321 4349 1388 4406 D.
1467 4351 1514 4384 ⁸ο
1545 4356 1635 4400 τοῦ
1677 4346 1878 4423 βάρους
1905 4347 2065 4399 αὐτοῦ
2112 4363 2234 4403 om.
2273 4351 2354 4424 _D.
2431 4347 2474 4382 δι
2524 4347 2732 4417 φάσκων
2789 4344 3096 4424 τυγχάνειν]
3143 4343 3408 4424 τυγχάνρν
3565 4343 3631 4378 7⁸⁸
3670 4343 3777 4424 καὶ
3804 4373 3890 4383 —

505 4420 688 4479 ἀληθές
708 4433 829 4474 om.
865 4421 931 4477 Ο.
1009 4413 1209 4492 ⁸³’γοῦν
1238 4453 1309 4461 —
1335 4419 1583 4493 βασιλεὺς
1612 4413 1847 4481 Ἰωάννης
1885 4422 1948 4483 D,
1973 4419 2145 4474 omiss

2248 4416 2410 4471 οἶα-
2437 4413 2764 4489 πράγμασιν.
2844 4413 3142 4489 εἴίίᾶσμενος
3172 4413 3293 4471 om.
3329 4416 3398 4470 Ι).
3475 4416 3522 4450 ⁸⁵
3544 4419 3643 4493 καὶ
3685 4413 3755 4493 είς
3805 4444 3888 4454 —-

508 4493 890 4567 εὑρισκομένοις
916 4508 1036 4548 om.
1065 4485 1127 4557 Ι),
1207 4493 1254 4527 ⁸⁸
1284 4485 1409 4564 γόῡν
1440 4525 1509 4533 —-—
1538 4493 1989 4562 συσκευασάμενοι
2016 4507 2131 4545 om.

2252 4532 2261 4545 ,
2309 4485 2770 4567 unanimam
2824 4485 3310 4567 mgx'uaearim
3364 4503 3486 4543 om-
3543 4487 3610 4541 ο·
3689 4485 3738 4520 ⁸⁸
3797 4489 3892 4556 ’νέ-

509 4557 672 4640 φυραν
704 4557 772 4604 '—
793 4563 1060 4638 ἐναντίοις]
1102 4572 1213 4618 εἶτα
1235 4557 1302 4620 Βξ
1380 4565 1425 4600 ⁸9
1454 4565 1479 4615 ό
1502 4566 1591 4635 μὲν
1619 4593 1690 4603 —
1718 4557 2023 4635 πράγμασιν
2055 4562 2324 4635 ἠρέμησαν
2359 4557 2526 4614 δὲκαὶ
2547 4563 2594 4612 οὶ
2614 4561 2856 4634 Τάχαροι
2883 4562 2948 4616 D.

1426 4704 1769 4772 Theodori
1795 4706 2042 4774 Dousae
2081 4715 2147 4772 et
2177 4704 2428 4773 Leonis
2469 4703 2705 4771 Allatii
2735 4709 2940 4770 notae.

507 4853 764 4925 utraque
777 4852 1390 4924 Indiripapatet,qua
1420 4849 1671 4905 subacta
1694 4849 1754 4925 in
1773 4850 2159 4925 Arachosiam
2196 4853 2236 4906 D
2273 4852 2672 4925 excurrerent,
2699 4852 2754 4925 et
2774 4844 3354 4925 imperiisuilimites
3375 4843 3673 4925 littoribus
3693 4844 3893 4925 maris

507 4916 1082 4982 etCarmaniamlter
1101 4916 1478 4989 convertunt,
1502 4926 1560 4976 et
1572 4921 1848 4991 gentibus
1866 4921 2162 4978 illisfacile
2275 4921 2682 4977 terminarent.
2702 4916 3223 4982 Gentibustamcn,
3239 4933 3394 4989 quas
3411 4916 3760 4991 inviserant,
3780 4932 3894 4991 an-

505 4995 752 5052 devictis
781 4995 862 5052 ad
891 4991 1206 5051 Chaldaeos
1235 4986 1530 5063 etArabes
1562 4986 2163 5063 perveniunt.Deinde
2275 5008 2399 5048 nua
2416 4991 3088 5063 tributaimposuerunt,
3115 4986 3292 5063 etpro
3308 5004 3418 5043 sua
3435 4986 3683 5063 libidine
3704 4987 3894 5063 quid-

505 5067 584 5124 ad
600 5066 961 5138 Babylonios
977 5062 1327 5138 et_Assyrio_s
1351 5059 1702 5138 transgressi
1744 5066 2166 5138 Mesopotamia
2274 5064 2364 5118 vis
2402 5062 2466 5117 id
2495 5061 2624 5117 illas
2653 5059 3001 5138 decernunt.
3030 5059 3294 5138 Tandem
3317 5059 3896 5138 Assyriorum,Pe_r-

504 5130 826 5210 occupant,
858 5141 915 5210 et
943 5135 1059 5190 loci
1086 5130 2162 5210 amoenitateallectierrores:ﬁniunt,
2279 5150 2506 5210 sarum_
2539 5137 2597 5189 et
2643 5131 3057 5210 Qhaldaeorum
3080 5131 3365 5210 moribus
3415 5130 3651 5210 exculti,
3683 5131 3895 5210 patrio

503 5201 870 5268 Tertioanno
889 5207 1126 5261 Jaxarte
1141 5205 1324 5262 ﬂuvio
1343 5206 1802 5278 trajectoAsiam
1834 5207 2165 5263 inferiorem
2275 5204 2541 5278 numinis
2585 5203 2754 5278 cultu
2789 5207 3133 5273 contempto
3165 5201 3244 5257 ad
3286 5216 3495 5278 eorum
3525 5201 3894 5278 religionem

507 5281 622 5337 sibi
650 5278 978 5350 vindicant,
1004 5293 1116 5350 nec
1136 5281 1262 5332 tum
1283 5272 1658 5350 quieverunt,
1677 5279 1778 5334 sed
1807 5279 2024 5334 tribuni
2049 5279 2167 5333 alio
2276 5277 2660 5350 inclinarunt,
2702 5272 3295 5350 illorumque_mores
3321 5277 3378 5350 et
3403 5272 3671 5328 instituta
3699 5273 3896 5350 rebus

505 5357 568 5409 at
617 5366 687 5404 ue
710 5348 827 5404 alio
850 5343 1013 5403 missi
1039 5351 1246 5404 Persas
1264 5343 1414 5421 prim
1426 5367 1527 5405 um
1553 5355 1609 5405 et
1631 5351 1872 5406 Parthos
1895 5356 1950 5405 et
1972 5350 2168 5406 Medos
2277 5349 2337 5404 in
2359 5347 2645 5404 omnibus
2665 5344 2852 5400 secuti
2879 5343 3035 5400 sunt.
3072 5346 3136 5399 Hi
3157 5343 3586 5412 Musulmanos,
3608 5360 3766 5416 quos
3790 5346 3898 5402 alii

509 5368 818 5475 subigunt.
849 5419 1065 5475 deinde
1097 5421 1441 5475 Armeniam
1459 5423 1751 5475 maiorem
1775 5422 2168 5475 ascendentes
2278 5423 2497 5475 Turcas
2530 5422 2766 5475 vocant.
2792 5431 2862 5470 eo
2895 5422 3161 5475 tempore
3183 5415 3405 5475 DuQnis
3437 5419 3495 5470 et
3524 5415 3898 5474 excursioni-

509 5415 818 5493 subigunt,
849 5419 1065 5493 deinde
1097 5415 1441 5478 Armeniam
1459 5423 1751 5493 majorem
1775 5422 2168 5478 ascendentes
2278 5423 2497 5493 Turcas
2525 5422 2766 5493 vocant,
2792 5431 2862 5493 eo
2895 5422 3161 5493 tempore
3183 5415 3407 5493 pugnis
3437 5419 3495 5470 et
3524 5415 3900 5493 θεοὶ]τείοηὶ-

509 5486 855 5550 Colchidem
878 5495 933 5546 et
956 5491 1275 5548 ﬁnitimam
1297 5494 1378 5549 illi
1402 5486 1999 5550 lberiamexcurrunt.
2025 5495 2174 5546 Prm-
2278 5491 2392 5548 bus
2414 5489 2678 5546 assiduis
2698 5487 2906 5558 acriter
2923 5486 3731 5558 hostiliterquedivexabant.
3749 5494 3894 5546 ALL.

507 5562 1040 5640 dia_pos_t_modum
1063 5567 1494 5640 amoenissima,
1517 5570 1576 5640 et
1593 5562 1997 5640 delicatissimi
2022 5563 2147 5634 agri

2292 5635 2317 5640 _
2352 5564 2462 5631 (82)
2503 5556 2838 5640 Σωτηριωὸες
2885 5567 3034 5611 τοῦτο
3080 5556 3295 5632 φάμενος
3338 5563 3620 5630 τυγχάνειν
3671 5563 3891 5633 ἀμφοῖν.

511 5630 736 5706 quibus
756 5635 840 5710 illi
863 5653 1244 5710 summopere
1274 5630 1552 5710 delectati
1582 5641 1741 5710 sunt,
1790 5633 2036 5710 effecere
2066 5630 2167 5701 'ut,
2281 5630 2570 5704 GregOras
2597 5630 2658 5705 pi
2684 5635 2774 5689 41.
2802 5635 2936 5687 ALL.

515 5719 705 5778 quam
733 5708 938 5767 animo
959 5709 1092 5783 jam
1106 5706 1538 5783 possidebant,
1569 5707 1774 5766 Asiam
1827 5706 2171 5764 interiorem
