4152 6384
261 368 393 427 1081

1753 347 2098 408 ΑΝΝΑιΕε.

3505 355 3650 410 1082

327 489 446 566 μβύ
507 484 632 543 Μετ’
697 483 747 520 9°
813 480 875 536 οὐ
931 479 1062 534 πολὺ
1117 475 1178 533 δὲ
1229 481 1319 532 καὶ
1370 478 1424 531 ὃν
1479 478 1866 566 προειρήκαμεν

2048 458 2138 532 42.
2172 473 2353 531 Paulo
2378 477 2514 566 post
2543 472 2828 548 Joannes,
2862 492 3046 552 quem
3069 477 3334 536 diximus
3363 479 3441 535 ab
3460 479 3650 553 impe-

261 565 502 638 Ἰωάννην
549 579 637 630 τὸν
705 571 969 630 δεσπότην
1023 572 1360 643 ’γεγενημένον
1409 570 1554 642 παρά
1616 575 1709 620 τοῦ
1769 565 1870 638 βα·

265 671 442 731 σιλέως
472 668 692 723 Ῑωάννου
731 666 790 738 τὸ
830 664 1000 736 χρεὼν
1050 659 1261 731 εἰλήφει.
1318 656 1553 732 ’Υπῆρχε
1618 652 1678 709 δὲ
1729 655 1870 725 αὐτῷ

263 756 489 832 ἀδελφὸς
538 759 856 829 Δημήτριος,
948 750 998 810 ὃς
1059 747 1517 822 μεταστειλάμενος
1593 743 1870 824 πρεσϐείαν

267 850 340 911 εἰς
369 846 711 921 τὸνβασιλέα
774 849 868 896 τοῦ
920 859 976 892 τε
1025 835 1342 892 δεσποτικοῦ
1409 836 1700 909 ἀξιώματος
1765 833 1872 887 ἐκε-

267 939 648 1012 κληρονομήκει
673 939 765 986 τοῦ
795 926 1040 1002 ἀδελφοῦ,
1073 933 1163 981 καὶ
1195 923 1470 988 δεσπόζειν
1520 928 1724 978 πάντων
1773 932 1874 977 τῶν

269 1010 379 1082 ὑπί
435 1026 621 1079 ἐκεῖνον
704 1023 1111 1095 προστέτακται.
1199 1015 1333 1069 Ἀλλ’
1429 1016 1491 1074 ἧν
1566 1010 1715 1076 οὖτος
1782 1012 1877 1066 οὐκ

273 1113 470 1188 ἀδελφὰ
499 1121 692 1187 φρονῶν
725 1111 936 1168 Ἰωάννη
988 1115 1062 1179 τῷ
1112 1103 1337 1178 ἀδελφῷ,
1393 1103 1523 1157 ἀλλά
1574 1102 1744 1175 πολλῷ
1803 1110 1877 1174 τῷ

267 1211 437 1281 μέτρῳ
487 1201 778 1266 διέζευκτο.
869 1203 1103 1256 Ἐκείνου
1160 1201 1251 1272 μὲν
1334 1200 1434 1271 γὰρ
1498 1194 1734 1268 εὐσεϐείᾳ
1788 1198 1879 1246 καὶ

269 1294 507 1367 εὐλαϐείᾳ
536 1296 626 1346 καὶ
659 1292 971 1368 σωφροσύνη
1030 1293 1314 1364 χαίροντος
1355 1319 1427 1328 -
1471 1290 1564 1338 καὶ
1615 1287 1718 1358 γὰρ
1779 1282 1880 1335 ἔλε-

265 1405 354 1459 γον
394 1386 444 1438 ὁὶ
481 1385 550 1436 τὰ
586 1382 748 1436 αὐτοῦ
788 1377 980 1441 εἰδότες
1038 1383 1109 1452 μὴ
1187 1377 1247 1430 ἃν
1321 1396 1446 1430 ποτε
1506 1373 1880 1445 ἀπολειφθῆναι

269 1470 534 1546 μηδεμιᾶς
554 1475 756 1546 ἡμέρας
791 1477 885 1523 τοῦ
924 1472 1072 1532 ἔτους
1108 1475 1202 1521 τοῦ
1249 1471 1321 1541 μὴ
1383 1473 1481 1528 τῆς
1550 1465 1688 1525 θείας
1747 1464 1879 1538 ἱερο-

268 1563 536 1623 τελεστίας
574 1561 1028 1636 ἐπακροάσασθαι,
1069 1558 1114 1611 εἰ
1187 1563 1258 1631 μή
1315 1577 1397 1617 τις
1462 1554 1650 1608 ἐκώλυε
1704 1558 1879 1616 νόσος.

273 1658 539 1726 Προσεῖχε
570 1647 629 1704 δε
652 1654 977 1722 παννυχίσιν
1030 1647 1232 1721 εὐχαῖς,
1298 1652 1390 1700 καὶ
1440 1649 1534 1709 τὰς
1576 1646 1694 1699 καθ’
1745 1644 1880 1719 ὥραν

272 1738 542 1815 ὑμνῳδίάς
595 1741 854 1813 ὁσημέραι
920 1736 1144 1813 ἐπλήρου
1201 1736 1404 1810 Ὠμίλει
1458 1733 1517 1789 δὲ
1568 1739 1658 1788 καὶ
1708 1730 1881 1793 διηνε-

1977 566 2427 665 Ξειοιιθξὸοᾶηῐιθ
2451 563 2768 638 despotam
2790 567 3318 665 factum,spiritum
3351 569 3646 636 exhausit,
3723 640 3725 642 η

1977 638 2278 726 fraterque
2300 651 2457 710 illius
2491 656 2818 711 Demetrius
2843 657 3055 728 legatis
3073 638 3166 715 ‘ad
3218 659 3645 732 imperatorem

1979 743 2210 810 missis,
2239 748 2305 800 ut
2328 743 2677 817 indespotaa
2716 745 3007 816 dignitate
3063 747 3231 804 fratri
3295 749 3640 804 succederet

1982 833 2310 906 omniaque
2335 834 2491 890 illius
2516 834 2629 890 sibi
2653 834 2766 890 sub
2783 840 3078 908 potestate
3090 837 3437 905 vindicaret,
3454 837 3644 910 impe-

1981 923 2178 979 travit.
2200 925 2416 979 Verum
2455 924 2553 980 hic
2579 939 2702 980 non
2726 925 2909 981 modo
2929 928 2954 982 ,Ι
2965 926 3146 982 oanni
3165 925 3328 982 fratri
3350 942 3473 983 non
3495 943 3648 983 exas-

1983 1017 2206 1087 quatus
2225 1017 2334 1083 est,
2361 1014 2469 1070 sed
2489 1015 2673 1085 longo
2694 1015 3010 1072 intervallo
3037 1015 3114 1072 ab
3135 1032 3207 1072 eo
3241 1016 3645 1086 degeneravit,

1984 1103 2081 1160 ille
2109 1103 2430 1176 siquidem,
2461 1120 2600 1160 cum
2661 1106 2899 1178 pietate,
2953 1106 3240 1176 religione
3279 1110 3335 1162 et
3381 1107 3647 1164 castitate

1989 1209 2224 1250 summe
2255 1193 2648 1250 delectaretur
2669 1196 2755 1268 (ut
2774 1195 2934 1252 enim
2965 1195 3046 1252 illi
3077 1196 3180 1268 qui
3203 1196 3430 1262 optime
3450 1196 3646 1252 virum

1988 1287 2283 1339 noverant
2311 1283 2666 1350 referebant,
2725 1283 2890 1340 nullo
2937 1284 2987 1340 is
3013 1300 3288 1358 unquam
3318 1285 3461 1341 anni
3491 1284 3586 1342 die
3612 1301 3649 1343 a

1990 1388 2162 1428 sacro
2193 1372 2495 1429 audiendo
2535 1373 2653 1429 nisi
2690 1373 2853 1430 mala
2878 1373 3219 1430 valetudine
3249 1375 3366 1446 76
3424 1374 3649 1431 discru-

1990 1461 2180 1518 ciatus
2208 1462 2536 1532 abstinuit),
2580 1463 2861 1535 precibus
2911 1463 2990 1519 ad
3042 1466 3227 1519 Deum
3268 1463 3648 1520 eﬂundendis

1991 1557 2280 1625 perpetuo
2299 1553 2709 1625 pernoctabat,
2732 1553 3063 1626 laudesque
3084 1554 3244 1610 divin
3254 1570 3319 1610 as
3336 1553 3509 1610 certis
3529 1553 3648 1610 diei

1990 1640 2154 1697 horis
2183 1640 2477 1712 ascriptas
2503 1641 2768 1714 quotidie
2799 1642 3141 1699 celebrabat
3169 1661 3185 1714 ;
3209 1642 3482 1714 quinimo
3505 1658 3644 1699 con-

1991 1731 2156 1785 tinuo
2174 1746 2311 1786 cum
2332 1732 2623 1787 Nazaraeis
2643 1732 3014 1798 versabatur,
3037 1732 3398 1804 volebatque
3422 1748 3646 1805 quam-

272 1840 377 1892 κῶς
402 1830 748 1902 Ναζηραίοις,
781 1833 870 1881 καὶ
900 1825 961 1886 ἦν
993 1827 1134 1899 αὐτῷ
1179 1824 1270 1880 διὰ
1317 1823 1733 1899 σπουδάσματος
1800 1825 1880 1883 ὃτι

1990 1819 2241 1875 maxime
2273 1820 2402 1876 vitae
2433 1820 2712 1876 solitariae
2741 1821 2992 1876 nomina
3016 1821 3160 1877 dare
3200 1825 3257 1876 et
3293 1826 3642 1877 manantem

269 1919 518 1974 πλείστου
549 1927 640 1972 τοῦ
672 1922 926 1994 μονήρους
960 1916 1082 1990 βίου
1113 1923 1298 1990 τυχεῖν
1348 1921 1439 1969 καὶ
1508 1923 1604 1978 τῆς
1657 1914 1880 1968 ἐντεῦθεν

270 2013 507 2082 ἡσυχίας
533 2008 583 2061 ἐν
637 2012 792 2081 πείρᾳ
819 2009 1080 2079 γενέσθαι,
1148 2011 1180 2066 ἣ
1236 2007 1332 2059 κᾶν
1410 2005 1710 2078 προσφιλῶς
1764 2002 1880 2058 δια-

270 2101 479 2152 κεῖσθαι
498 2105 606 2158 τοῖς
632 2097 796 2160 οὕτως
825 2099 1067 2168 ἔχουσιν.
1100 2095 1166 2149 Ὀ
1197 2094 1258 2149 δὲ
1302 2092 1525 2169 ἀδελφὸς
1581 2100 1881 2169 Δημήτριος

271 2187 325 2252 ἐξ
351 2187 584 2250 ἐναντίας
610 2183 724 2259 εἶχε
787 2193 877 2239 τοῦ
933 2190 1149 2262 τρόπου.
1209 2189 1512 2261 Μειρακίοις
1567 2188 1670 2258 γὰρ
1735 2184 1878 2238 ἀϐελ·

268 2280 436 2350 τίροις
465 2276 666 2347 ὡμίλει,
692 2280 783 2328 καὶ
823 2277 1020 2336 τούτοις
1080 2294 1136 2339 τε
1180 2274 1402 2328 πλεῖστα
1448 2277 1737 2333 συνήσθετο
1789 2280 1879 2328 καὶ

269 2373 379 2430 τοῖς
419 2362 755 2439 ἀφροδισίοις
781 2365 1054 2437 ἠσέλγαινε
1079 2370 1171 2418 καὶ
1197 2367 1342 2438 παρὰ
1369 2371 1487 2427 ταῖς
1561 2365 1662 2417 ὑπὸ
1717 2365 1878 2437 ζυγὸν

269 2455 466 2528 ἐφόίτα,
521 2453 656 2509 ὥστε
760 2457 889 2508 ποτε
945 2459 1036 2508 καὶ
1105 2457 1406 2528 σύμπτωμα
1467 2452 1656 2513 συνέϐη
1710 2458 1878 2529 τούτῳ

271 2542 458 2600 δεινόν·
491 2545 546 2597 ἐκ
570 2547 672 2618 γὰρ
721 2546 764 2580 ⁸⁸
821 2540 1038 2618 θυρίδος
1092 2552 1185 2597 τοῦ
1239 2541 1431 2617 ἀνδρὸς
1478 2552 1573 2606 τῆς
1622 2564 1876 2617 μοιχευο-

270 2640 427 2706 μένης
460 2635 645 2710 ἀθρόον
690 2637 737 2678 ⁸3
795 2633 1172 2696 ἓπεισελθόντος
1225 2632 1506 2707 βουληθεὶς
1555 2632 1870 2710 ἀποδρᾶναι,

271 2728 336 2786 ὡς
373 2724 430 2788 ἐξ
453 2723 786 2798 ὐπερυψήλου
826 2731 918 2776 τοῦ
953 2728 1115 2777 τόπου
1163 2725 1210 2759 9⁸
1257 2727 1450 2791 πεσὼν,
1515 2727 1600 2777 τὸν
1656 2724 1874 2796 γλουτόν

271 2814 495 2886 ἐπλήγη,
563 2814 739 2874 ἱκανὰς
807 2809 868 2866 δε
923 2815 1120 2886 ἡμέρας
1167 2813 1498 2876 νοσηλευθεὶς
1576 2814 1696 2872 ἰάθη
1759 2818 1873 2887 μὲν,

271 2905 536 2965 ὑπέσκαζε
585 2899 644 2956 δε
697 2910 800 2954 τῶν
855 2898 1031 2954 ποδῶν
1081 2904 1290 2977 θάτερον
1344 2907 1435 2955 καὶ
1489 2903 1583 2956 οὐκ
1628 2903 1876 2977 ἕϐημάτι-

278 2995 360 3055 ζεν
386 2991 588 3064 ὁμαλῶς
615 2992 684 3045 ⁸⁸.
719 2989 857 3044 Ἀλλ’
907 2987 1056 3053 οὗτος
1112 2991 1207 3044 οὐκ
1263 2991 1334 3053 εἰς
1388 2995 1592 3067 μακρὰν
1637 2992 1877 3047 ἀπώνατο

1987 1907 2128 1963 inde
2150 1908 2640 1980 tranquillitatem
2656 1910 2930 1980 experiri,
2951 1909 3048 1966 vel
3071 1909 3284 1965 saltem
3308 1910 3391 1965 sic
3403 1909 3645 1966 affecto-

1987 2014 2124 2053 rum
2146 1999 2512 2054 amicissimo
2534 2000 2899 2055 commercio
2917 2000 3098 2055 uti.At
3117 1999 3297 2055 frater
3313 1999 3646 2056 Demetrius

1987 2086 2049 2142 in
2073 2087 2347 2143 fraternae
2380 2088 2514 2144 vitae
2549 2089 2846 2145 contraria
2873 2088 3074 2145 studia
3097 2089 3466 2152 trahebatur,
3508 2091 3646 2145 tan-

1987 2192 2175 2248 quam
2197 2177 2300 2250 qui
2321 2177 2554 2234 stolidis
2575 2177 3033 2234 adolescentulis
3055 2182 3488 2246 consuesceret,
3513 2177 3646 2251 qui-

1985 2266 2102 2322 bus
2118 2267 2498 2340 potissimum
2518 2267 2843 2339 gaudebat,
2865 2273 2923 2326 et
2952 2268 3138 2324 dediti
3176 2268 3446 2341 corporis
3474 2267 3646 2324 obse-

1987 2356 2132 2428 quio
2180 2356 2534 2424 vinceretur,
2590 2356 2938 2431 alienasque
2994 2357 3352 2430 permoleret
3403 2373 3640 2414 uxores.

1986 2445 2135 2501 Hinc
2148 2444 2477 2517 aliquando
2489 2461 2610 2502 non
2625 2447 2927 2504 mediocre
2953 2447 3347 2504 infortunium
3373 2446 3603 2502 invenit
3627 2465 3640 2516 ;

1983 2552 2129 2592 nam
2159 2552 2295 2592 cum
2325 2541 2726 2609 constupratae
2749 2538 3014 2594 mulieris
3044 2537 3134 2593 vir
3153 2553 3260 2610 per
3317 2537 3645 2594 fenestram

1983 2641 2055 2682 ex
2076 2627 2404 2700 improviso
2421 2625 2674 2682 domum
2691 2633 2850 2683 esset
2869 2628 3197 2698 ingressus,
3232 2628 3328 2684 ille
3356 2627 3502 2698 fuga
3532 2619 3646 2685 sibi

1985 2719 2307 2774 consulens
2330 2717 2449 2774 alto
2466 2732 2539 2772 ex
2562 2717 2695 2773 loco
2708 2718 3112 2790 praecipitatus
3133 2717 3372 2774 clunem
3391 2718 3566 2784 laesit,
3589 2723 3648 2776 et

1985 2825 2124 2864 cum
2149 2809 2254 2864 diu
2271 2813 2639 2878 aegrotasset,
2660 2813 2910 2863 sanatus
2930 2808 3176 2880 quidem
3194 2813 3305 2878 est,
3335 2808 3438 2864 sed
3458 2809 3644 2866 altero

1986 2897 2138 2970 pede
2169 2897 2514 2954 claudicans
2542 2912 2666 2953 non
2695 2901 2856 2954 recta
2888 2896 3221 2953 incedebat.
3251 2902 3321 2954 At
3363 2897 3461 2954 hic
3519 2913 3644 2955 non

1985 2986 2244 3044 multum
2265 2987 2519 3060 imperio
2552 2987 2774 3060 potitus
2787 2991 2897 3043 est.
2921 2989 3070 3042 Nam
3091 2988 3357 3043 Joannes
3379 2987 3644 3061 impera-

275 3088 372 3140 τῆς
425 3078 621 3152 ἀρχῆς.
676 3079 756 3151 [Ρ.
821 3079 914 3150 39]
974 3079 1033 3132 Ὁ
1079 3082 1181 3155 ’γὰρ
1232 3079 1478 3153 βασιλεὺς
1531 3083 1772 3146 Ἰωάννης
1827 3086 1876 3121 9⁵

1987 3081 2078 3132 tor
2103 3081 2243 3132 tunc
2299 3077 2589 3150 temporis
2636 3076 2956 3133 occasione
3010 3081 3265 3148 arrepta,
3338 3077 3526 3149 quod,
3580 3081 3647 3134 ut

276 3166 460 3230 ἀδείας
501 3165 824 3242 δραξάμενος
874 3176 947 3240 τῷ
989 3173 1102 3222 τότε
1157 3171 1207 3206 9⁸
1258 3179 1465 3244 καιροῦ,
1526 3174 1750 3248 ἑπείπερ,
1810 3177 1878 3237 ὡς

271 3261 480 3332 ἔφημεν,
508 3261 566 3310 τὸ
605 3277 705 3310 των
752 3262 1032 3333 Ταχαρίων
1085 3262 1230 3332 ’γένος
1306 3260 1638 3334 ἐνησχολεῖτο
1693 3263 1881 3337 ἑτέροις

270 3349 459 3417 ἔθνεσι,
495 3345 782 3401 καταλιπόν
833 3352 928 3407 τὴν
985 3368 1118 3424 προς
1173 3357 1266 3402 τοῦ
1326 3350 1544 3404 σουλτάν
1597 3361 1689 3406 τοῦ
1743 3354 1878 3409 Ἰκο-

271 3441 380 3490 νίου
408 3439 595 3510 μάχην
625 3441 722 3510 (τῷ
749 3439 850 3511 γὰρ
895 3437 1202 3512 Βαϐυλωνίῳ
1249 3445 1339 3493 καὶ
1394 3448 1505 3503 τοῖς
1550 3443 1702 3516 πέριξ
1757 3447 1879 3498 τού-

269 3546 360 3580 του
427 3529 495 3580 τά
556 3535 654 3590 τῆς
719 3527 904 3599 μάχης
971 3526 1177 3600 ἓπῆγεν,
1255 3531 1308 3582 ὃν
1367 3531 1601 3604 Χαλιφᾶν
1664 3533 1881 3587 εἰώθασι

268 3615 438 3670 καλεῖν
485 3618 555 3670 τὰ
627 3625 728 3669 τῶν
807 3617 1232 3690 Μουσουλμάνων
1278 3618 1455 3692 φῦλα),
1534 3623 1712 3694 θέρους
1742 3624 1881 3697 ὥρας

267 3709 544 3778 γενομένης
635 3701 1036 3781 διαπεραιοῦται
1111 3711 1197 3760 τὸν
1270 3708 1661 3778 Ἑλλήσποντον,
1717 3731 1880 3766 κατα-

269 3794 430 3848 λιπὼν
462 3796 532 3856 εἰς
561 3799 655 3854 τὴν
684 3795 748 3848 ἕω
778 3799 868 3849 τόν
928 3799 1040 3849 υἱὸν
1097 3797 1258 3850 αὐτοῦ
1325 3796 1619 3874 Θεόδωρον.
1683 3800 1881 3875 Ἔτυχε

275 3885 366 3955 μὲν
394 3886 494 3956 πρὸ
523 3891 707 3958 καιροῦ
753 3887 841 3938 τὸν
897 3887 1240 3961 πατριάρχην
1316 3891 1573 3961 Γερμανὸν
1636 3890 1701 3942 τά
1750 3888 1881 3949 τῆδε

277 3971 628 4026 καταλιποντα
662 3976 788 4047 πρὸς
827 3976 923 4037 τὰς
975 3976 1110 4035 θείας
1169 3973 1368 4049 ἀπᾶραι
1435 3980 1652 4046 σκηνὰς,
1710 3979 1881 4043 καλῶς

274 4065 365 4114 καὶ
413 4062 566 4123 ὁσίως
624 4061 899 4135 βιώσαντα
938 4069 1029 4116 καὶ
1076 4062 1247 4126 καλῶς
1323 4069 1412 4123 τὴν
1477 4066 1638 4119 αὐτοῦ
1685 4072 1880 4142 ποιμά-

272 4170 433 4204 ναντα
459 4150 704 4225 ποίμνην·
729 4150 921 4224 ἐγένετο
973 4148 1032 4206 δε
1095 4153 1206 4225 μετ’
1260 4153 1415 4206 αὐτόν
1472 4153 1736 4219 Μεθόδιός
1799 4179 1882 4222 τις

271 4239 586 4313 καλούμενος
642 4245 896 4314 μοναχὸς,
978 4244 1265 4316 ἡγούμενος
1314 4245 1382 4295 ὧν
1448 4253 1539 4307 τῆς
1595 4249 1731 4300 κατά
1780 4253 1878 4301 Νί-

271 4349 424 4384 καιαν
487 4329 756 4384 Ὑακίνθου
836 4339 1015 4404 μονῆς,
1081 4331 1211 4399 ἀνὴρ
1278 4334 1462 4407 αὐχῶν
1531 4338 1621 4409 μὲν
1685 4334 1878 4391 εἰδέναι

268 4418 451 4486 πολλὰ,
488 4419 673 4492 ὀλίγων
714 4417 774 4473 δὲ
814 4418 952 4494 ἰδρις
999 4421 1086 4478 ὧν.
1152 4421 1296 4476 Ἀλλ’
1363 4423 1512 4485 οὗτος
1575 4433 1714 4500 τρεῖς
1788 4433 1878 4482 καὶ

1987 3165 2271 3235 diximus,
2323 3167 2488 3223 natio
2563 3166 2968 3223 Tacharorum
3061 3181 3201 3222 cum
3270 3166 3402 3223 aliis
3450 3167 3642 3224 natio-

1987 3256 2166 3313 nibus
2223 3255 2642 3327 contendebat,
2725 3271 2865 3311 cum
2941 3255 3177 3312 sultano
3225 3272 3434 3330 pugna
3481 3260 3647 3329 post-

1988 3349 2205 3420 posita,
2261 3347 2511 3420 quando
2594 3345 2977 3418 Babylonico,
3039 3361 3223 3419 quem
3289 3345 3647 3402 Musulmani

1991 3436 2303 3510 Calipham
2361 3437 2552 3493 solent
2618 3435 2941 3508 appellare,
3041 3441 3097 3492 et
3193 3435 3276 3492 illi
3337 3435 3648 3508 proximis

1989 3525 2214 3582 bellum
2263 3525 2521 3592 inferret,
2589 3524 2832 3580 ineunte
2922 3528 3126 3580 aestate
3195 3523 3648 3596 Hellespontum

1988 3619 2186 3672 tranat
2216 3615 2340 3671 ﬁlio
2373 3631 2485 3670 suo
2514 3614 2824 3671 Theodoro
2865 3614 2978 3684 77
3023 3613 3084 3668 in
3147 3613 3376 3670 Oriente
3417 3613 3642 3671 relicto.

1988 3709 2139 3761 Ante
2164 3705 2292 3760 haec
2323 3709 2595 3777 tempora
2622 3705 2953 3759 Germanus
2975 3701 3317 3774 patriarcha
3335 3701 3517 3757 rebus
3534 3707 3646 3758 ter-
3690 3720 3695 3725 ·

1989 3795 2148 3851 renis
2177 3793 2440 3850 dimissis
2477 3794 2539 3849 in
2568 3792 2884 3848 beatorum
2916 3791 3088 3847 sedes
3122 3795 3428 3862 avocatur,
3480 3795 3644 3864 post-

1988 3900 2178 3956 quam
2226 3882 2415 3956 probe
2481 3886 2808 3954 sancteque
2863 3879 3127 3946 vixisset,
3158 3879 3469 3954 probeque
3501 3899 3643 3940 suas

1989 3989 2134 4030 oves
2161 3973 2444 4046 pavisset.
2467 3975 2602 4027 Post
2620 3987 2760 4027 eum
2784 3969 3120 4026 monachus
3141 3970 3396 4042 quidam
3429 3973 3646 4029 Metho-

1989 4064 2128 4122 dfus
2146 4063 2413 4129 nomine,
2457 4059 2794 4134 Hyacinthi,
2825 4058 2992 4132 quod
3029 4059 3238 4116 Nicaea:
3269 4063 3379 4129 est,
3431 4077 3643 4118 mona-

1990 4155 2146 4212 sterii
2167 4167 2408 4227 praeses,
2435 4150 2528 4207 vir
2545 4150 2792 4223 quidem
2809 4149 2968 4205 dicto
2993 4165 3104 4204 suo
3130 4153 3301 4204 tenus
3335 4155 3548 4206 cautus
3574 4166 3645 4208 ac

1991 4246 2255 4317 sapiens,
2289 4257 2494 4298 revera
2518 4246 2720 4298 tamen
2749 4254 3085 4312 paucorum
3127 4239 3343 4310 sciens,
3376 4243 3493 4296 tres
3520 4244 3646 4298 tan-

1987 4339 2115 4392 tum
2145 4347 2385 4405 menses
2406 4330 2625 4388 throno
2651 4329 2875 4402 potitus
2904 4328 3070 4399 obiit,
3107 4332 3162 4384 et
3189 4328 3446 4386 Ecclesia
3466 4329 3647 4387 vidua

1987 4407 2268 4499 pontifice
2291 4438 2402 4479 suo
2420 4421 2680 4478 carebat.
2702 4424 2847 4478 Cum
2868 4419 3028 4476 enim
3043 4422 3302 4476 Joannes
3322 4421 3646 4493 imperator

265 4512 458 4581 μόνους
523 4518 690 4582 μῆνας
770 4508 1134 4571 ἐπαπολαύσας
1197 4520 1290 4564 τοῦ
1355 4515 1537 4588 θρόνου
1585 4515 1876 4576 τετελεύτη-

1986 4517 2045 4573 in
2071 4515 2164 4571 his
2204 4511 2593 4586 expediendis
2613 4526 2735 4566 non
2767 4515 2920 4566 esset
2944 4509 3278 4566 admodum
3305 4515 3640 4584 promptus,

341 4600 391 4635 9°
419 4600 540 4653 Μετ’
561 4616 844 4672 —usque
864 4600 942 4656 ad
964 4600 1238 4671 ἠσέλγαινε
1269 4604 1335 4673 (Β
1364 4604 1419 4673 7)
1453 4603 1512 4657 Ὀ
1552 4602 1612 4658 δὲ
1640 4606 1874 4668 Ἰωάννης
1904 4610 1930 4661 ὁ
1957 4606 2065 4677 Ἀγ
2109 4605 2216 4666 ελος
2243 4605 2268 4656 ό
2300 4599 2564 4664 δεσπότης
2595 4601 2986 4663 Θεσσαλονίκης
3017 4604 3075 4653 τὸ
3115 4605 3287 4727 χρεὼν
3317 4600 3646 4677 ἑλειτουργη-

341 4713 354 4726 .
405 4669 957 4750 Καὶιάδελφρς-αὐτοῇ
974 4678 1266 4750 Δημήτριος
1293 4675 1501 4747 πέμψας
1541 4675 1944 4750 τὸδεσποτικὸν
1974 4677 2030 4750 ἐκ
2060 4626 2319 4750 βασιλέως
2371 4675 2573 4750 εἰλήφει
2599 4673 2824 4750 ἀξίωμα.
2861 4674 3089 4750 Ἐγένετο
3121 4745 3132 4750 Α
3161 4677 3182 4725 ε
3218 4672 3410 4750 έξωλης
3468 4677 3532 4730 D.
3576 4675 3641 4750 ξι

270 4689 354 4747 σε.
405 4677 506 4726 Καὶ
525 4669 952 4747 -ἀδελφρξᾼαύτού
974 4669 1501 4747 Δημῆτριοςπέμψας
1541 4680 1600 4729 τὸ
1630 4675 1944 4733 δεσποτικὸν
1974 4677 2030 4731 ἐκ

2103 4675 2319 4736 ασιλέως
2371 4675 2569 4746 εἰλήφει
2599 4673 2824 4746 ἀξίωμα.
2861 4674 3086 4746 Ἐγένετο
3123 4672 3182 4746 δε
3218 4672 3410 4736 ἐξωλης
3468 4672 3559 4730 Π(
3596 4675 3641 4710 91

270 4691 354 4726 σε.
407 4691 506 4726 mu
538 4691 600 4725 αο
614 4691 755 4745 ελφος
786 4691 946 4724 αυτου
974 4691 1266 4796 anan-Bosa;
1293 4691 1501 4747 πεμψας
1541 4691 1600 4729 το
1630 4691 1894 4732 ο-εσποτικ.

266 4742 402 4822 εἶξα-τε
424 4742 572 4822 -Αέκ
600 4743 726 4817 γὰρ]
760 4744 814 4804 ὅς
844 4742 897 4794 ἐκ
928 4745 990 4822 D_.
1023 4745 1070 4822 9f
1103 4743 1136 4795 ἀ
1171 4750 1289 4822 ρόον
1320 4761 1447 4822 oin.
1481 4750 1546 4822 Ι).
1575 4749 1622 4783 93
1651 4752 1719 4810 ὡς
1742 4782 1812 4790 ...-
1835 4755 1892 4804 τό

1986 4691 2030 4731 ix
2060 4691 2319 4750 βασιλεως
2371 4691 2569 4746 ειΛηφει
2599 4691 2824 4746 αςιωμα.
2862 4691 3086 4745 Ἐγένετο
3123 4691 3182 4727 σε
3218 4691 3410 4736 εςωιης
3468 4691 3532 4730 υ,
3597 4691 3641 4710 σι

1986 4749 2020 4822 ι]
2050 4753 2140 4800 καὶ
2172 4751 2238 4803 D.
2265 4749 2311 4782 9‘
2343 4750 2433 4798 καὶ
2463 4777 2532 4785 —-
2553 4745 2753 4818 ὁμαλῶς
2791 4745 3019 4822 οῃικΙ),
3044 4745 3091 4780 9⁵
3121 4745 3361 4808 Ἰωάννης
3411 4761 3551 4822 οφ.-
3570 4747 3642 4822 ΑΒ.

265 4815 318 4850 9⁸
349 4821 420 4866 τῶ
450 4820 566 4868 τότε
593 4812 878 4887 '—'{asque
897 4815 978 4870 ad
1021 4818 1078 4868 τό
1111 4812 1368 4890 ποίμνιον]
1399 4819 1531 4888 (col.
1565 4823 1699 4875 1082
1727 4826 1768 4876 Α
1798 4822 1850 4893 8)
1876 4830 1967 4876 τοῦ
1995 4812 2332 4894 πατριάρχου
2359 4812 2620 4892 Γερμανοῦ
2648 4825 2719 4868 τῶ
2750 4812 2856 4876 τῆδ
2861 4835 2880 4869 ε
2913 4814 3227 4939 ἀπάραντος,
3261 4822 3352 4869 καὶ
3373 4813 3640 4870 Μεθοδίου

265 4887 381 4939 (83)
412 4891 571 4939 τινὸς.
604 4895 862 4939 αοναγοῦ.
890 4889 1180 4939 ἡνουαενου
1209 4895 1306 4939 τῆς
1333 4886 1623 4939 Ὑακίνθου-
1651 4897 2171 4939 πατοιαονεύσαντοε
2196 4896 2286 4939 καὶ
2337 4893 2465 4939 μετὰ
2503 4894 2637 4939 τρεῖς
2687 4896 2852 4939 uisa:
2900 4906 3009 4939 τετε
3043 4907 3344 4939 ευτηκοτος.
3393 4891 3483 4939 καὶ
3527 4892 3640 4939 τότε

265 4887 381 4955 (83)
412 4891 571 4974 τινιὸς,
601 4886 1180 4974 μοναχρῦκὴγουμετνου
1201 4886 1271 4946 ’τῆ
1284 4907 1306 4949 ς
1333 4886 1623 4959 ⁵Ῠοικίνθου,
1651 4886 2171 4968 πατριάρχεύσαντος
2195 4886 2286 4944 καὶ
2334 4886 2465 4963 μετά
2503 4894 2637 4962 τρεῖς
2684 4896 2853 4961 μῆνας
2900 4886 3344 4958 τετελευτηκοτος,
3393 4891 3483 4940 καὶ
3527 4892 3644 4940 τότε

263 4958 610 5034 χηρευούσης
652 4958 744 5021 τῆς
771 4958 1055 5022 ἐκκλησίας
1080 4962 1143 5016 D.

1164 5067 1507 5136 Theodori
1558 5069 1809 5138 Dousae
1859 5080 1924 5139 et
1972 5070 2226 5140 Leonis
2275 5067 2510 5137 Allatii
2560 5075 2764 5136 notae.

345 5209 458 5289 {83)
489 5214 630 5292 ΛΤοῦ
664 5211 1028 5292 ’πατριάρχου
1079 5216 1353 5292 ΤερμανΞύ
1429 5217 1520 5292 καὶ
1587 5210 1872 5292 Ινξεθοδίουἶ

270 5280 463 5335 Etiam
484 5279 832 5352 Onuphriu's
848 5279 1239 5338 P'a‘nvinius'in
1273 5283 1570 5340 Chronico
1598 5285 1874 5342 Germani

266 5352 633 5426 patriarchas
665 5368 1074 5426 successorem
1097 5354 1235 5410 facit
1255 5355 1618 5411 Methodium
1638 5356 1754 5412 hoc
1769 5373 1877 5413 no-

268 5423 432 5480 inine
452 5425 515 5500 l_[.
540 5423 1211 5500 NicephorusGregoras
1233 5427 1574 5493 tamen,lib.
1628 5444 1706 5500 ni,
1732 5444 1872 5500 cap.

274 5501 295 5551 1
321 5501 378 5550 et
389 5494 706 5565 '2,German
715 5513 815 5552 um
829 5494 1114 5551 habuis'se
1127 5513 1548 5554 successorum
1563 5494 1876 5555 scribitA'r-

272 5566 509 5641 senium
524 5567 888 5641 monachum
900 5611 913 5634 ,
929 5567 1094 5622 illum
1108 5567 1311 5641 ipsum
1323 5573 1491 5641 puto,
1507 5571 1678 5640 cujus
1694 5572 1875 5641 Logo--

270 5638 436 5696 theta
456 5638 612 5695 infra
622 5639 961 5695 meminitet
975 5639 1306 5696 Manuelem
1328 5638 1649 5697 ’Arseniu'm
1675 5638 1870 5707 voc'at,

273 5711 628 5768 monachum
648 5709 966 5788 Apollonia
992 5711 1360 5782 accersitum,
1373 5727 1619 5787 unoque
1636 5712 1732 5772 die
1749 5713 1874 5774 dia-

1987 5229 2230 5284 conum,
2257 5211 2632 5284 saCerdotem
2650 5227 2720 5266 ac
2758 5209 3166 5283 patriarcham
3190 5207 3436 5284 factum.
3481 5205 3644 5264 Idem

1983 5286 2046 5342 in
2069 5279 2287 5341 Notitia
2325 5279 2836 5355 patriarcharum,
2859 5286 3156 5355 quantum
3197 5279 3472 5355 colligere
3494 5294 3643 5355 pos-

1985 5373 2118 5412 sum
2157 5351 2425 5427 (nam_ea
2453 5360 2590 5427 post
2610 5351 2940 5411 Manuelem
2968 5351 3418 5427 Charitopulum
3453 5351 3644 5427 philo-

1986 5423 2247 5500 sophum
2263 5423 2473 5500 lacera
2490 5431 2578 5500 est
2602 5433 2656 5500 et
2685 5426 3055 5500 interrupta),
3077 5423 3364 5500 Arsenius
3379 5423 3646 5500 Autoria-

1983 5495 2100 5555 nu's
2129 5499 2486 5571 appellatur.
2519 5497 2678 5552 Sedit
2718 5495 3154 5571 GermanusLin
3184 5495 3424 5571 _throno
3471 5495 3646 5567 juxta

1986 5566 2362 5642 Onuphrium
2392 5585 2585 5626 annos
2616 5573 2675 5623 i7
2700 5584 2938 5642 menses
2965 5572 3016 5624 6.
3041 5566 3355 5638 Catalogus
3387 5566 3504 5622 ms.
3538 5581 3644 5642 pa-

1983 5637 2382 5699 triar-charum
2422 5656 2458 5698 a
2489 5643 2757 5700 Gretsero
2778 5641 2990 5698 citatus
3036 5655 3232 5703 annos
3254 5637 3547 5704 tantum,
3576 5637 3640 5704 17

1983 5713 2186 5772 habet.
2231 5717 2442 5772 Dousa.

2029 5717 2186 5772 abet.
2231 5717 2443 5775 Dousa.
