4152 6408
489 362 626 420 1083
1754 355 2037 414 GEORGII
2065 350 2226 414 ΑΕΒ(

2261 355 2344 413 ΡΟ
2351 354 2528 411 ιῐΤιΕ
3717 355 3888 414 1081ν

486 500 610 542 non
637 485 718 541 ita
745 481 924 540 facile
950 484 1182 557 poterat
1206 496 1239 537 e
1273 495 1337 538 re
1365 483 1510 539 nata
1533 481 1784 554 dignum
1805 480 1910 538 tali
1965 481 2136 550 solio,
2171 475 2226 537 A’.

2261 499 2362 535 κεν.
2402 481 2670 554 Ἐστέρετο
2690 486 2814 552 γοῦν
2865 480 3154 557 ἀρχιερέως
3209 482 3240 541 ἦ
3295 480 3596 542 Ἐκκλησία.
3649 482 3711 538 Ὀ
3752 485 3883 559 γὰρ

487 575 577 631 vel
604 573 800 647 potius
826 574 928 646 qui
959 573 1040 629 illi
1070 571 1446 644 probaretur,
1501 572 1782 629 invenire.
1845 571 2141 642 Principes

489 664 648 720 enim
675 663 736 718 in
758 663 886 719 haec
915 653 1168 718 muriera
1192 661 1371 730 viros,
1404 661 1510 734 qui
1530 662 1694 733 quod
1725 660 1836 717 illis
1855 660 2142 734 placitum

487 751 817 808 estfaciant
846 767 956 807 nec
984 751 1106 806 suis
1165 749 1476 806 desideriis
1534 751 1950 816 adversentur,
1996 748 2143 805 asci-

487 845 682 897 scunt.
708 841 888 912 [gitur
898 839 1145 896 multum
1162 840 1796 912 praeterierattempus,
1815 854 1925 895 nec
1938 837 2145 894 aderat

2255 568 2504 645 βασιλεὺς
2574 570 2830 639 Ἰωάννης,
2884 571 2935 624 ἄν
2986 579 3096 634 τοῖς
3153 591 3410 633 τοιουτοις
3460 577 3531 646 μὴ
3573 578 3888 648 πρόχειρος

2251 661 2339 726 ὢν,
2372 659 2466 710 ούκ
2513 658 2743 732 εὐχερῶς
2800 657 2940 731 εἶχεν
2985 659 3040 712 ἐκ
3086 668 3176 713 τοῦ
3203 665 3534 735 ,προχείρου
3564 665 3652 714 τὸν
3711 663 3884 725 οἶξιον

2252 747 2494 821 ἐφευριίν,
2555 749 2584 807 ἡ
2640 747 2830 820 μᾶλλον
2898 751 2985 800 τόν
3037 749 3213 820 ἐκείνῳ
3293 747 3568 824 ἇιρέσοντα⁸
3623 750 3888 822 μάλιστα

2249 839 2351 912 γὰρ
2401 837 2450 888 οἱ
2511 844 2812 910 κρατοῦντες
2885 841 3009 900 τούς
3061 841 3192 912 πρὸς
3243 836 3512 914 ἀρέσκειαν
3559 837 3609 891 ἄν
3652 843 3884 903 τούτοις

487 930 593 1003 qui
621 945 762 987 oves
783 929 1162 999 gubernaret.

2261 929 2575 1001 προσίενται,
2634 929 2699 987 ὡς
2757 927 2820 979 οἶν
2906 932 2978 1000 μή
3072 946 3216 990 τινας
3277 930 3448 1000 ἔχοιεν
3496 926 3888 1003 ἀντερίζοντας

2251 1021 2358 1076 τοῖς
2389 1013 2718 1088 βουλημασι.
2769 1015 3041 1092 Παρερρύη
3094 1025 3220 1089 γοῦν
3267 1022 3462 1094 χρόνος
3501 1022 3724 1091 συχνὸς,
3775 1024 3886 1073 καὶ

2254 1105 2348 1156 ούκ
2377 1105 2439 1163 ἧν
2461 1105 2486 1156 6
2519 1101 2774 1177 διεξάγων
2813 1109 2872 1158 τὸ
2901 1110 3162 1179 ποίμνιον.

2325 1192 2432 1266 μ.γῖ
2477 1193 2536 1246 Ὀ
2595 1196 2686 1267 μεν
2736 1194 2824 1247 οὖν
2885 1194 3140 1268 βασιλεὺς
3189 1195 3444 1265 Ἰωάννης,
3522 1197 3594 1259 ὡς
3649 1198 3884 1270 ἔφημεν,

2257 1281 2329 1345 εἰς
2367 1287 2461 1341 τὴν
2505 1281 2780 1359 ἀντιπέραν
2839 1289 2931 1337 καὶ
2998 1281 3223 1343 δυτικὴν
3275 1283 3494 1338 ἐποιεῖτο
3548 1289 3637 1339 τὸν
3693 1283 3884 1358 βάδον

2257 1374 2418 1446 χάριν
2439 1381 2530 1426 τοῦ
2555 1375 2650 1436 τὰς
2691 1370 2855 1426 ἐκεῖσε
2884 1379 3068 1450 χώρας
3133 1379 3226 1427 καὶ
3277 1377 3342 1428 τὰ
3378 1374 3427 1427 ἐν
3478 1375 3654 1437 αὐτοῖς
3708 1395 3887 1430 κατο-

2257 1464 2590 1516 πτεύσασθαι
2641 1461 2798 1522 ἀστη-
2872 1467 2963 1516 καὶ
3017 1467 3181 1537 μέχρι
3253 1466 3352 1537 γάρ
3408 1471 3503 1517 τοῦ
3560 1465 3698 1518 οὕτω
3762 1485 3887 1530 πως

2261 1550 2704 1625 ἕπονομαζομένου
2765 1551 2960 1613 ἄστεως
3027 1558 3219 1626 Ζίχνα,
3316 1552 3468 1626 ἐγγύς
3553 1573 3656 1608 που
3728 1558 3890 1616 ὄντος

2263 1639 2475 1715 Σερῥῶν,
2536 1641 2774 1693 ἀπάντων
2802 1637 3106 1702 ὶδέσποζεν.
3167 1641 3340 1716 Ἧρχε
3368 1645 3458 1714 μὶν
3522 1647 3638 1696 τότε
3700 1643 3885 1696 Βουλ-

562 1198 648 1252 43.
680 1197 864 1253 Porro
894 1195 1158 1253 Joannes
1188 1194 1533 1268 imperator,
1563 1201 1628 1252 ut
1649 1197 1930 1267 diximus,
1959 1197 2014 1252 in
2038 1211 2144 1268 op-

490 1286 750 1360 positam
781 1301 811 1342 e
836 1286 1079 1355 regione
1117 1287 1519 1342 continentem
1560 1291 1741 1359 atque
1805 1286 2145 1350 occiduam,

492 1381 556 1432 ut
586 1375 764 1432 urbes
795 1376 854 1431 in
887 1392 958 1431 ea
987 1391 1055 1431 ac
1085 1375 1313 1447 oppida
1340 1391 1559 1448 resque
1597 1377 1657 1431 in
1701 1376 1814 1432 illis
1863 1376 2148 1437 visitaret.

493 1465 605 1522 iter
624 1465 874 1520 instituit
905 1483 916 1520 :
943 1480 1084 1520 nam
1117 1464 1195 1520 ad
1220 1465 1514 1538 oppidum
1546 1466 1639 1520 cui
1661 1481 1883 1522 nomen
1915 1466 2152 1521 Zichnae

494 1560 599 1625 est,
629 1570 816 1626 prope
872 1557 1096 1614 Serras.
1147 1554 1431 1610 omnibus
1490 1554 1938 1610 dominabatur.
1991 1557 2154 1610 Tunc

495 1643 817 1713 Bulgarum
844 1644 1028 1699 Asani
1056 1643 1214 1699 ﬁlius
1259 1642 1626 1700 Callimanus
1655 1643 1778 1699 duo
1832 1647 1890 1699 et
1944 1643 2151 1699 decem

494 1747 687 1788 annos
714 1736 894 1788 natus
924 1731 1330 1804 principatum
1384 1731 1646 1787 tenebat.
1704 1733 1849 1788 Cum
1893 1731 1972 1787 ad
2023 1731 2157 1788 loca

2261 1733 2436 1804 γάρων
2465 1731 2513 1764 9⁷
2557 1731 2584 1782 6
2635 1738 2725 1782 τοῦ
2793 1730 2954 1783 Ἀσάν
3004 1733 3117 1793 υἱὸς
3171 1730 3490 1804 Καλλιμάνος
3538 1729 3889 1794 δωδεκαέτης

495 1820 638 1878 Cissi
670 1821 997 1893 imperator
1028 1820 1442 1892 processisset,
1465 1821 1691 1876 ibidem
1746 1825 2156 1876 commoratus

2266 1819 2351 1872 ὢν.
2381 1817 2522 1870 Ἐπεὶ
2549 1825 2674 1890 γοῦν
2706 1817 2789 1871 ἐπὶ
2838 1821 2904 1871 τὰ
2958 1823 3085 1892 μέρη
3130 1827 3223 1872 τοῦ
3275 1827 3479 1874 Κισσοῦ
3536 1822 3564 1873 6
3619 1819 3889 1893 βασιλεὺς

493 1909 590 1965 die
619 1913 862 1981 postero
888 1908 997 1964 iter
1021 1911 1352 1975 continuat,
1387 1914 1443 1965 et
1496 1909 1573 1965 ad
1608 1909 1832 1965 ﬂumen
1869 1909 2152 1976 Hebrum,
2185 1897 2226 1950 Β

2268 1904 2486 1978 ἐγένετο,
2571 1906 2782 1960 κάκεῖσε
2858 1904 3213 1981 διημερεύσας
3295 1913 3391 1968 τὴν
3484 1907 3731 1983 ἐπαύριον
3788 1918 3890 1973 τῆς

492 2013 681 2071 prope
694 1997 852 2053 Beris
874 1999 1303 2054 monasterium
1319 1998 1683 2054 deﬂuentem
1700 2004 1756 2054 et
1769 1999 1847 2055 ab
1861 1998 2156 2068 indigenis

2265 2001 2473 2070 πορείας
2521 1997 2717 2068 εἴχετο,
2799 1995 3071 2069 ἱπεφθάκει
3153 1994 3212 2050 δὲ
3258 1996 3343 2051 ἐπὶ
3399 2001 3488 2050 τὸν
3539 2003 3780 2071 ποταμὸν
3830 1999 3888 2054 ὃν

494 2089 772 2145 Maritzan
803 2093 1103 2155 vocatum,
1137 2087 1424 2160 pervenit.
1458 2088 1579 2159 78
1617 2087 1678 2143 1n
1717 2088 1915 2144 medio
1959 2088 2156 2143 ﬂumi-

2267 2084 2453 2160 Ἕϐρον
2482 2086 2726 2154 καλοῦσι,
2755 2085 2982 2144 πλησίον
3015 2087 3061 2122 ⁸⁸
3091 2095 3183 2148 τῆς
3203 2095 3362 2160 μονῆς
3393 2094 3486 2141 τοῦ
3544 2091 3710 2161 Βηρός
3759 2088 3888 2158 (84)

495 2177 589 2233 nis
602 2176 958 2234 constitutus
973 2176 1297 2248 imperator
1310 2179 1491 2249 (equo
1503 2177 1662 2232 enim
1679 2193 1891 2250 aquas,
1911 2177 2159 2250 quando

2268 2176 2654 2248 ὀνομαζομένης
2683 2177 2731 2211 ⁹⁹
2776 2180 3081 2248 ποιούμενον
3129 2179 3226 2237 τάς
3273 2175 3416 2251 ροἀς,
3479 2177 3755 2251 Μαρίτζαν
3824 2173 3891 2230 δὲ

498 2271 678 2323 aestas
710 2266 1217 2340 praecipitabatur,
1246 2281 1390 2322 nam
1434 2267 1714 2322 vicesima
1747 2268 2006 2338 septima
2058 2270 2162 2322 aut

2267 2266 2576 2338 καλούμενον
2606 2271 2869 2339 χωριτικῆ
2915 2261 3166 2337 διαλέκτῳ
3198 2266 3238 2321 ί.
3276 2267 3423 2319 Κατά
3478 2263 3537 2319 δε
3606 2269 3666 2319 τὸ
3717 2271 3891 2340 μέσον

496 2362 712 2413 octava
737 2359 861 2411 erat
885 2355 1108 2410 mensis
1133 2354 1514 2427 Septembris,
1541 2355 1914 2426 permeabat)
1952 2356 2159 2412 litteris

2268 2363 2359 2408 τού
2412 2361 2650 2426 ποταμοῦ
2706 2358 2976 2426 γενομένου
3065 2361 3156 2406 τοῦ
3206 2353 3465 2427 βασιλέως
3541 2357 3690 2425 (ποσὶ
3776 2360 3890 2432 γὰρ

499 2462 536 2502 a
561 2462 758 2501 rerum
790 2460 1092 2500 summam
1121 2444 1390 2500 Achridaa
1413 2445 1786 2516 gubernante
1813 2447 1889 2502 ad
1913 2462 1975 2502 se
2005 2447 2162 2501 datis

2271 2447 2440 2498 ἵππων
2471 2445 2684 2518 ὑπῆρχε
2715 2441 2900 2515 βατός,
2955 2442 3159 2518 ἐπείπερ
3231 2446 3406 2518 θέρους
3460 2444 3600 2506 τέλος
3651 2443 3891 2518 ἐτύγχα-

501 2535 715 2591 certior
735 2537 799 2589 ﬁt
819 2533 1214 2590 Callimanum
1239 2533 1560 2603 Bulgarum
1600 2535 1935 2608 principem
1976 2535 2160 2591 vitam

2269 2554 2367 2586 νεν·
2403 2535 2667 2606 φθίνοντος
2737 2535 2839 2607 γὰρ
2918 2537 3066 2606 τρίτη
3125 2533 3155 2592 ἦ
3225 2537 3315 2585 καὶ
3395 2535 3616 2608 τετάρτη
3660 2541 3890 2609 Σεπτεμ-

499 2622 728 2693 ﬁnisse,
744 2621 1173 2678 nonnullorum
1187 2623 1476 2679 sententia
1487 2623 1740 2680 naturali
1756 2624 1990 2692 morbo,
2023 2623 2164 2680 alio-

2272 2623 2420 2698 ϐρίου
2658 2624 2875 2694 μήνυμα
2977 2617 3384 2694 διάκεκόμισται
3480 2628 3892 2698 σεσημασμένον

502 2728 639 2768 rum
665 2711 742 2767 ab
774 2712 1132 2767 adversariis
1153 2712 1230 2768 ad
1250 2712 1365 2768 hoc
1395 2712 1551 2769 clam
1589 2718 1800 2784 parato
1832 2713 2162 2785 pharmaco

2270 2720 2443 2784 γραφὴ
2481 2709 2728 2769 σταλείση
2769 2713 2914 2784 παρὰ
2950 2718 3042 2762 τοῦ
3081 2715 3174 2769 τὴν
3215 2706 3476 2783 δημόσιον
3533 2721 3631 2775 τῆς
3690 2713 3891 2790 Ἀχρι-

502 2802 881 2858 exstinctum.
912 2806 980 2856 At
1005 2802 1101 2857 hic
1123 2803 1247 2857 sive
1273 2803 1385 2858 hac
1409 2802 1533 2858 sive
1549 2802 1666 2858 alia
1687 2803 1915 2859 ratione
1937 2819 2010 2858 ex
2061 2803 2164 2858 ho-

2275 2799 2370 2856 δοῦ
2403 2808 2713 2876 κρατοῦντος
2763 2798 2961 2875 ἀρχὴν,
3010 2803 3074 2862 ὡς
3121 2803 3143 2836 ²
3201 2802 3227 2854 ὁ
3304 2802 3631 2877 Καλλιμάνος
3703 2807 3731 2857 6
3784 2816 3891 2859 τῶν

501 2891 766 2946 minibus
798 2889 1071 2947 sublatus
1100 2895 1205 2947 est.
1235 2893 1347 2946 Nec
1371 2906 1572 2946 rumor
1599 2909 1634 2946 a
1657 2893 1896 2948 veritate
1909 2892 2120 2948 aberat
2146 2909 2161 2960 ;

2273 2891 2577 2966 Βουλγάρων
2616 2889 2798 2965 ἅρχων
2830 2892 2852 2924 ³
2881 2893 2969 2941 τόν
3011 2889 3190 2963 βίοτον
3226 2888 3584 2967 ἰξεμέτρησεν,
3643 2897 3713 2958 ὡς
3757 2898 3892 2958 τινες

502 2981 694 3037 crebis
725 2983 882 3037 enim
917 2982 1142 3038 nuntiis
1166 2981 1228 3037 id
1261 2982 1738 3038 asseverabatur.
1770 2982 1902 3038 Haec
1953 2983 2056 3038 ubi
2077 2999 2162 3038 re-

2274 2985 2362 3054 μεν
2385 2982 2626 3052 ἔφασκον,
2670 2987 2864 3051 φυσικῆ
2897 2984 3034 3051 νόσῳ
3067 2987 3218 3033 τοῦτο
3273 2982 3451 3034 παθὼν
3499 2984 3548 3035 οἱ
3605 2980 3657 3036 δ’
3718 2983 3891 3048 ἄλλως

503 3071 706 3127 scisset
731 3070 1074 3141 imperator,
1099 3070 1209 3125 iter
1235 3070 1633 3142 prosequitur,
1663 3077 1718 3127 et
1748 3071 2164 3144 Christopolim

2273 3069 2464 3142 ἔλεγον,
2536 3069 2606 3129 ὠς
2705 3066 3063 3142 ἐναντιόφροσι
3157 3072 3346 3123 τούτου
3431 3077 3631 3145 πόματι
3707 3077 3893 3146 κρύφα

502 3165 966 3232 praetergressus
979 3175 1166 3231 quam
1180 3158 1448 3215 celeriter
1470 3159 1771 3232 Philippos
1787 3161 2042 3231 attingit,
2057 3161 2165 3217 ibi-

2275 3159 2637 3230 έσκευασμένῳ
2699 3160 2830 3220 πρὸς
2896 3163 3053 3232 μόρον
3133 3155 3467 3234 διέφθαρται.
3541 3160 3677 3214 Ἀλλ’
3721 3161 3880 3223 οὗτος

504 3249 766 3321 demque
797 3265 933 3302 cum
965 3247 1330 3319 primoribus
1345 3248 1466 3303 suis
1489 3249 1803 3306 consilium
1825 3250 1948 3319 init,
1979 3267 2058 3306 an
2086 3251 2164 3307 ir-
2196 3248 2226 3303 C

2274 3253 2364 3322 μὲν
2405 3250 2497 3302 εἶθ’
2526 3249 2691 3308 οὕτως
2721 3248 2811 3301 εἰτ’
2837 3245 3001 3309 ἄλλως
3057 3247 3110 3311 ἐξ
3166 3247 3447 3325 ἀνθρώπων
3507 3248 3716 3320 ἐγένετο,
3773 3253 3872 3301 καί

503 3336 911 3408 rumpendum
928 3344 1084 3392 esset
1100 3338 1160 3393 in
1178 3337 2037 3412 Bulgaros,abripiendumque
2054 3340 2165 3397 ali-

2275 3340 2337 3397 ἦν
2364 3341 2389 3391 6
2424 3337 2571 3410 λόγος
2623 3335 2866 3397 ἀληθείας
2917 3335 3184 3410 ἐχόμενος⁸
3255 3342 3498 3410 συνεχέσι
3548 3340 3650 3412 γὰρ
3699 3333 3875 3390 διεϐε-

502 3425 826 3498 quidquod
843 3425 922 3481 ab
941 3425 1600 3499 ipsisoccupabatur,et
1633 3445 1710 3484 an
1739 3429 1897 3485 facili
1927 3429 2167 3500 negotio

2277 3427 2486 3481 ϐαιοῦτο
2561 3429 2884 3499 μηνύμασιν.
2983 3425 3044 3478 Ὀ
3107 3430 3196 3499 μεν
3262 3423 3351 3480 οὖν
3402 3425 3643 3500 βασιλεὺς
3706 3434 3887 3480 ταῦτα

503 3519 710 3588 posset
738 3530 773 3570 a
795 3514 971 3570 nobis
1001 3516 1308 3572 Serrarum
1331 3517 1624 3589 oppidum
1641 3519 1997 3589 expugnari.
2036 3518 2169 3584 Qui-

2277 3519 2455 3591 μαθὼν
2493 3518 2513 3551 ⁸
2561 3523 2652 3568 τοῦ
2705 3520 2888 3588 πρόσω
2945 3518 3137 3588 εἴχετο,
3194 3521 3286 3569 καὶ
3347 3516 3487 3578 τέλος
3547 3518 3724 3588 φθάνει
3785 3520 3888 3575 τὴν

503 3603 646 3660 dam
675 3604 1021 3677 imperatori
1037 3605 1326 3661 adversus
1351 3605 1642 3676 Bulgaros
1681 3605 1907 3663 bellum
1940 3607 2168 3665 dissua'

2278 3607 2555 3674 Φιλίππου,
2609 3605 2948 3679 παραμείψας
2991 3611 3086 3664 τὴν
3137 3606 3526 3680 Χριστούπολιν
3575 3607 3620 3674 ⁵,
3671 3605 3894 3659 κάκεῖσε

506 3693 758 3750 debant.
799 3696 926 3750 Non
951 3694 1200 3751 haberet
1225 3711 1364 3751 eum
1392 3695 1660 3767 militem,
1723 3712 1862 3752 cum
1911 3713 2035 3754 non
2092 3699 2171 3755 ad

2281 3696 2466 3767 σκέψιν
2492 3694 2710 3748 ἐποιεῖτο
2740 3696 2872 3767 μετά
2926 3702 3026 3748 τῶν
3082 3694 3192 3767 μετ’
3247 3694 3408 3748 αὐτοῦ
3461 3692 3703 3767 λογάδων
3755 3696 3779 3731 ⁶
3845 3696 3896 3749 εἰ

504 3782 952 3854 confligendum
969 3783 1077 3841 sed
1087 3801 1196 3841 sua
1211 3784 1595 3842 solummodo
1617 3785 1914 3844 visitatum
1927 3788 2172 3858 venerit,

2283 3784 2365 3840 δεῖ
2397 3783 2707 3860 προσϐαλεῖν
2738 3792 2847 3845 τοῖς
2871 3792 2970 3836 τῶν
2997 3783 3303 3857 Βουλγάρων
3356 3783 3546 3858 [ΡΑ-8]
3609 3790 3701 3838 καὶ
3765 3785 3895 3838 χει-

507 3877 670 3928 tanto
701 3873 908 3945 praelio
928 3889 1156 3945 parem.
1179 3876 1488 3930 Serrarum
1509 3891 1708 3931 arcem
1748 3877 2010 3948 primum
2063 3894 2172 3951 ag-

2280 3877 2560 3950 ρώσασθαί
2597 3893 2714 3927 τινα
2741 3881 2842 3926 τῶν
2891 3872 3012 3946 παρ’
3059 3873 3241 3936 αὐτοῖς
3295 3878 3656 3948 κρατουμένων
3695 3875 3741 3943 ⁷,
3799 3879 3899 3928 καὶ

508 3961 920 4031 grediendam,
953 3978 1090 4018 eum
1117 3978 1149 4017 e
1180 3962 1423 4034 planitie
1453 3965 1759 4032 emineret,
1791 3966 2172 4038 inexpugna-

2281 3965 2325 4018 εἰ
2354 3965 2559 4040 εὐχερές
2590 3962 2728 4016 ἐστιν
2769 3961 2960 4015 ἁλῶναι
2999 3964 3123 4034 ἡμῖν
3188 3965 3249 4015 τὸ
3313 3969 3412 4015 των
3474 3962 3672 4038 Σερῥῶν
3724 3964 3896 4020 ἄστυ.

507 4049 690 4106 bilem
703 4067 852 4118 esse,
879 4066 989 4106 nec
1016 4067 1195 4122 posse
1217 4051 1447 4108 tantillo
1487 4054 1743 4110 exercitu
1791 4055 2170 4129 circumsepi.

2282 4059 2384 4108 Καὶ
2413 4056 2546 4114 τινες
2575 4055 2664 4125 μὲν
2724 4051 3048 4124 ἀπηγόρευον
3112 4050 3135 4087 ⁸
3200 4059 3274 4123 τῷ
3336 4049 3550 4125 βασιλεῖ
3607 4057 3704 4111 τὴν
3751 4072 3903 4107 κατα

507 4143 826 4197 Tormenta
855 4141 974 4212 79
1001 4140 1061 4196 in
1083 4157 1218 4198 eam
1252 4148 1313 4198 ut
1345 4143 1728 4214 adigerentur
1757 4145 1884 4200 ﬁeri
1921 4146 2172 4202 omnino

2279 4152 2379 4196 τῶν
2441 4142 2747 4216 Βουλγάρων
2821 4143 3024 4214 μάχην·
3075 4140 3135 4193 ού
3207 4143 3307 4214 γάρ
3371 4139 3666 4214 ἀξιόμαχον
3716 4141 3901 4215 ἔλεγον

509 4246 633 4287 non
683 4246 879 4301 posse.
911 4231 1169 4300 Aggredi
1208 4249 1349 4289 vero
1389 4240 1447 4290 et
1475 4251 1612 4290 arce
1660 4239 1887 4291 tentata
1958 4235 2172 4307 repelli

2280 4232 2424 4301 ἄγειν
2467 4232 2707 4302 στρατὸν,
2749 4227 2856 4282 ἐπεὶ
2916 4225 3056 4301 μηδὲ
3115 4231 3246 4302 πρὸς
3299 4249 3485 4302 μαχην
3543 4229 3897 4304 ηὐτρέπιστο,

510 4321 920 4374 Romanorum
947 4319 1147 4376 robori
1173 4338 1242 4378 ac
1272 4323 1489 4390 virtuti,
1518 4324 1692 4393 cujus
1720 4322 1873 4379 adeo
1887 4323 2173 4395 praeclara
2209 4390 2226 4395 _

2282 4321 2410 4374 ἀλλὰ
2438 4323 2568 4373 κατά
2603 4325 2762 4392 μόνην
2804 4322 2919 4373 θέαν
2949 4328 3050 4373 τῶν
3088 4321 3250 4374 αὐτοῦ
3310 4320 3531 4374 ἐποιεῖτο
3595 4325 3687 4381 τὴν
3735 4327 3903 4381 κίνη-

512 4408 676 4464 fama
703 4408 764 4463 in
791 4424 1001 4465 omnes
1041 4413 1321 4484 pervasit,
1374 4390 1608 4485 probro
1672 4427 1829 4467 esse.
1884 4390 2226 4480 BulgarosI

2284 4430 2391 4464 σιν.
2432 4413 2502 4462 Τὸ
2543 4390 2611 4462 δέ
2639 4418 2739 4462 τῶν
2781 4410 2973 4485 Σεῤῥῶν
3021 4408 3179 4477 ἂστυ,
3313 4415 3528 4483 πρώτως
3569 4409 3905 4484 προσϐαλεῖν

511 4497 883 4572 quiescentes
910 4500 988 4555 ad
1027 4501 1238 4574 proelia
1285 4501 1586 4558 concitare
1650 4501 1896 4556 minime
1945 4501 2171 4557 condu-

2281 4495 2408 4566 ἔδει,
2440 4500 2652 4572 ἄμαχον
2682 4503 2771 4572 μέν
2803 4497 2942 4552 ἐστιν
2973 4498 3027 4551 ἐκ
3075 4507 3170 4552 τοῦ
3235 4501 3575 4572 ὑπερκεῖσθαι
3634 4508 3730 4562 τῆς
3772 4509 3899 4574 γῆς,

513 4602 663 4644 cere.
718 4591 849 4644 Haec
907 4606 1111 4661 regem
1165 4591 1243 4646 ab
1297 4591 1750 4662 oppugnatione
1797 4590 2170 4648 retrahentes

2279 4589 2610 4649 κυκλωθῆναι
2663 4586 2723 4642 δὲ
2799 4591 3036 4661 τοσούτῳ
3120 4591 3476 4663 στρατεύματι
3532 4589 3705 4642 οὐκέτι
3762 4591 3903 4665 ῥᾷόν

511 4675 898 4736 adducebant
928 4680 986 4736 in
1017 4679 1305 4736 medium.
1336 4679 1702 4751 Palaeologus
1766 4679 2165 4749 Andronicus,

2279 4679 2440 4734 ἔστιν.
2496 4678 2778 4741 Ἑλεπολεις
2845 4675 2906 4731 δε
2966 4686 3163 4738 στῆσαι
3233 4677 3346 4731 κατ’
3406 4677 3568 4731 αύτοῡ
3619 4686 3723 4731 τῶν
3749 4677 3904 4752 ἀμη-

511 4781 696 4838 quem
727 4773 864 4824 ante
902 4785 1196 4840 magnum
1224 4767 1623 4824 domesticum
1661 4767 1843 4823 fuisse
1872 4768 2169 4839 signiﬁca-

2277 4773 2454 4844 χάνων
2484 4769 2820 4827 καθέστηκεν.
2883 4767 3202 4844 Προσϐαλεῖν
3251 4764 3311 4821 δὲ
3371 4771 3464 4820 καὶ
3513 4770 3644 4842 μετά
3707 4776 3902 4842 πεῖραν

512 4855 712 4913 vimus
742 4857 902 4913 hisce
925 4857 1222 4914 contraria
1242 4857 1586 4927 imperatori
1613 4858 1982 4914 consulebat.
2024 4861 2168 4915 Ten—

2281 4858 2702 4934 ἀνακρόυσθῆναι
2759 4853 2924 4919 αἰδὼς
2990 4861 3080 4932 μὲν
3129 4858 3365 4931 ὑπάρχει
3419 4865 3493 4929 τῷ
3559 4858 3742 4931 κράτει
3796 4867 3905 4924 τῆς

514 4947 762 5004 tandam
795 4963 926 5003 esse
959 4950 1266 5004 Serrarum
1301 4961 1536 5013 arcem;
1570 4963 1643 5003 ea
1661 4949 1861 5020 potitis
1913 4949 2170 5006 multum

2280 4951 2528 5022 Ρωμάίων
2563 4947 2735 5022 ἀρχῆς
2765 4953 2934 5020 (φήμη
2990 4951 3088 5022 γὰρ
3149 4947 3315 5008 αὐτῆς
3379 4946 3464 4999 ἐπὶ
3527 4953 3637 5009 τοῖς
3703 4952 3900 5000 τοιού-

585 5039 629 5073 ⁹’¹
666 5041 691 5090 6
725 5033 783 5089 δὲ
811 5034 1057 5108 βασιλεὺς
1075 5036 1143 5112 εἰς
1172 5040 1261 5093 τὴν
1286 5034 1558 5112 ἀντιπέραν
1598 5035 1818 5090 ἐποιεῖτο
1843 5041 1928 5090 τὸν
1965 5035 2134 5112 βάδον
2165 5040 2259 5102 ἕως
2287 5045 2379 5092 τοῦ
2405 5043 2576 5110 Ζίχνα
2605 5039 2825 5112 ᾱέστεως.
2855 5037 3028 5110 Ἧρχε
3051 5039 3140 5110 μὶν
3179 5035 3268 5098 οὖς
3297 5035 3572 5112 Βυλγάρων
3604 5038 3668 5091 D.
3720 5038 3783 5112 33
3802 5035 3906 5092 καὶ

513 5111 742 5194 πέφθξικε
769 5103 1002 5190 περὶντὸν
1031 5103 1190 5193 Ετξρον
1211 5110 1307 5193 τὸν.
1326 5107 1412 5161 πλ.
1442 5103 1505 5164 ι).
1539 5103 1990 5194 θορὸνομαξομένέπς
2016 5127 2139 5168 om.
2169 5113 2230 5167 D.
2265 5116 2279 5146 ι
2313 5103 2575 5182 ’χωριτῖκῆ
2610 5104 2864 5194 διαλέκτῳ
2895 5103 3017 5164 otii.
3140 5110 3161 5143 ²
3191 5111 3326 5160 κατά
3361 5103 3500 5194 δὲςό
3526 5139 3619 5194 ι-ς
3648 5106 3740 5182 ὡς]
3803 5117 3905 5165 καὶ

515 5171 618 5233 ἐκεῖ
641 5171 860 5254 δέχεται
883 5171 1157 5254 ἀναφοράνμ
1178 5181 1320 5251 παρὰ
1345 5186 1442 5254 τούΔ
1466 5187 1556 5241 τῆς
1586 5171 1877 5254 Ἄχρείδων
1911 5179 2176 5254 δημοσίαν
2202 5171 2514 5254 κρατοῦντος
2535 5183 2600 5240 ὡς
2710 5181 2788 5254 376
2816 5171 2916 5232 τῶν
2947 5211 3016 5220 -
3044 5180 3228 5254 ἄρχων
3258 5195 3383 5235 om.
3431 5181 3494 5234 D.
3524 5179 3545 5213 ‘
3575 5181 3640 5240 ὡς
3658 5171 3800 5244 τινες
3825 5215 3906 5225 -

749 5197 860 5230 εται
883 5197 1042 5249 αναφο
1081 5199 1140 5230 αν
1178 5197 1320 5251 παρα
1345 5198 1436 5230 του
1466 5197 1556 5241 της
1602 5197 1877 5254 Αχρεισων
1911 5197 2176 5254 δημοσίαν
2202 5202 2226 5233 κ

701 5200 1022 5326 fucat-taxo;
1138 5250 1159 5284 ⁵
1183 5249 1520 5326 παραμείψας
1549 5257 1636 5310 τὴν
1667 5253 2047 5326 Χριστούπολιν
2080 5269 2201 5326 om.

2261 5201 2514 5242 ιατουντος
2535 5199 2600 5240 ως
2626 5197 2685 5235 υ.
2710 5197 2733 5214 ο
2764 5200 2788 5232 o
2816 5197 2916 5232 των
2947 5211 3016 5220 -
3044 5199 3228 5254 αρχων
3258 5197 3383 5235 om.
3431 5197 3494 5234 U.
3524 5197 3545 5213 η
3575 5198 3640 5240 ως
3658 5198 3800 5244 τινες
3825 5215 3904 5225 ——

2261 5257 2300 5326 ξ.
2326 5255 2347 5288 δ
2377 5255 2591 5325 μετά-
2621 5249 2856 5326 λογάδων
2879 5268 3002 5308 om.
3035 5254 3100 5307 D.
3124 5253 3142 5286 ’³
3173 5255 3265 5304 καὶ
3293 5281 3363 5291 --
3395 5255 3763 5326 κρατουμένων
3788 5271 3904 5312 om

557 5254 692 5305 αθὼν

515 5272 718 5376 ῧασων]
744 5272 832 5300 και
860 5272 1022 5319 ταχος
1049 5272 1108 5304 υ.
1138 5272 1159 5284 ν
1183 5272 1520 5322 παραμειψας
1549 5273 1636 5310 την
1669 5272 2047 5326 λριστουπολιν
2080 5272 2201 5309 0m.

571 5365 586 5380 .
619 5325 642 5358 ⁸
681 5321 1003 5392 ἀπηγόρευον
1032 5336 1214 5393 usque
1234 5323 1314 5379 ad
1335 5323 1710 5397 ἀποτρέποντες
1740 5327 1880 5395 (col.
1921 5329 2050 5381 1085
2081 5330 2126 5381 Α
2151 5325 2204 5397 6)

2261 5272 2300 5308 1.
2326 5272 2347 5288 υ
2377 5273 2591 5325 μετα-
2623 5272 2814 5323 Αογαος.

2261 5323 2537 5398 ἀπέτρεπον
2564 5341 2621 5376 το
2633 5330 2715 5375 ira
2749 5325 2814 5379 D.

1429 5503 1770 5571 Theodori
1821 5505 2068 5570 Dousae
2117 5512 2185 5570 et
2233 5502 2484 5571 Leonis
2535 5500 2767 5569 Allatii
2817 5508 3022 5568 nota}.

593 5680 712 5756 (84)
734 5687 836 5743 Τῆς
855 5690 1016 5754 μονῆς
1049 5689 1142 5738 τοῦ
1172 5688 1360 5757 Βηρός.
1389 5683 1700 5752 Choniata,
1731 5699 1798 5764 p.
1850 5687 1970 5756 595,
2007 5691 2142 5740 ALL.
