4152 6386
227 386 370 445 1085

227 530 340 574 τοις
389 510 527 564 πάνυ
585 504 798 578 πολλὴ),
851 508 945 558 καὶ
1003 508 1065 558 τὸ
1119 507 1246 580 πρὸς
1291 509 1477 581 μάχην
1527 518 1847 584 παροτρῦναι
1873 516 1921 571 Α

231 599 560 675 Βουλγάρους
614 595 1048 670 ἔφησυχάξοντος
1104 596 1278 650 οὐκέτι
1338 602 1612 674 συμφέρει.
1668 608 1849 654 Ταῦτα

234 689 600 744 συνεϐούλευον
639 689 688 741 οὶ
744 690 832 739 τόν
894 684 1123 760 βασιλέα
1169 695 1264 751 τῆς
1309 685 1665 764 ἐγχειρήσεως
1718 688 1847 746 ἀπο-

231 782 520 854 τρέποντες.
551 776 613 831 Ὀ
663 772 723 829 δὲ
776 774 1129 848 Παλαιολόγος
1184 773 1540 851 Ἀνδρόνικος,
1597 778 1651 831 ὃν
1687 783 1847 853 μέγαν

237 863 550 940 δομέστικον
610 866 637 918 6
672 864 825 936 λόγος
894 883 986 937 μοι
1074 869 1444 939 προῖστόρησε,
1531 869 1596 920 τὰ
1644 866 1848 920 ἐναντία

234 956 428 1030 μᾶλλον
478 964 552 1028 τῷ
615 953 830 1028 βασιλεῖ
882 952 1236 1043 ξυνεϐούλευε.
1300 960 1400 1009 Καὶ
1459 954 1849 1031 ἀποπειρᾶσθαι

235 1050 349 1118 χρὴ
378 1052 469 1097 τοῦ
498 1045 698 1105 ἄστεως
742 1050 844 1096 τῶν
888 1042 1083 1119 Σίερῥῶν
1141 1044 1183 1098 θ.
1250 1048 1352 1098 Καὶ
1405 1043 1449 1098 εἰ
1502 1048 1592 1117 μὲν
1647 1050 1846 1120 κρατή-

242 1153 396 1206 σομεν
442 1135 649 1200 τούτου,
726 1128 913 1207 κέρδος
985 1132 1293 1205 ἐσχήκαμεν
1365 1133 1424 1186 οὐ
1495 1138 1702 1208 μικρὸν,
1756 1140 1846 1189 καὶ

237 1220 428 1294 μᾶλλον
488 1224 556 1274 τὰ
626 1228 726 1274 τῶν
817 1219 1120 1293 Βουλγάρων
1190 1225 1695 1292 ταπεινωθησονται,
1752 1229 1846 1278 καὶ

235 1315 333 1369 τὴν
403 1318 494 1373 τῆς
556 1309 764 1382 ἀγάπης
828 1309 1107 1383 πρεσϐείαν
1160 1311 1527 1387 εὐχερέστερον
1584 1309 1841 1386 δέξαιντο,

239 1398 350 1453 ἐπεὶ
388 1404 476 1454 καὶ
534 1397 770 1453 ἐκποδὼν
823 1400 994 1453 αὐτῶν
1048 1402 1073 1453 6
1128 1397 1414 1471 δεσπότης,
1464 1402 1634 1476 μέλλει
1665 1401 1724 1457 δὲ
1756 1409 1848 1458 καὶ

240 1489 366 1542 ἄλλο
403 1488 594 1564 βρέφος
625 1488 783 1562 ἄρξαι
809 1497 907 1542 τῶν
938 1489 1242 1564 Βουλγάρων
1277 1492 1302 1543 6
1355 1490 1410 1543 ἐκ
1475 1500 1572 1555 τῆς
1624 1492 1848 1568 Εἰρήνης

239 1586 338 1641 τῆς
405 1586 499 1631 τοῦ
557 1578 803 1651 Ἀγγέλου
857 1575 1134 1652 Θεοδώρου
1195 1588 1267 1651 τῷ
1344 1580 1506 1634 ’Δσάν
1585 1585 1850 1653 γεννηθεὶς

239 1667 485 1741 Μιχαὴλ.
517 1668 577 1722 Εἰ
619 1664 680 1721 δί
729 1673 801 1741 μὴ
851 1671 1210 1744 περιγενέσθαι
1266 1671 1406 1742 ἡμᾶς
1461 1669 1694 1743 συμϐαίη
1754 1677 1847 1725 τοῦ

239 1760 461 1825 ἄστεως,
492 1762 544 1811 τί
572 1761 630 1811 τὸ
660 1761 852 1831 ζημίαν
882 1756 1072 1830 ἐπάγον
1188 1766 1287 1812 τῶν
1339 1758 1603 1831 Ῥωμαίων
1826 1777 1846 1835 ;

236 1847 472 1909 λαϐόντες
512 1850 613 1922 γὰρ
651 1844 926 1923 διάπειραν
984 1851 1334 1923 ἠρεμήσομεν,
1381 1853 1471 1900 καὶ
1517 1848 1669 1901 πάλιν
1725 1846 1846 1902 δια-

231 1934 621 2011 πρεσϐεύσομεν
688 1940 820 2012 πρὸς
887 1936 1232 2012 Βουλγάρους,
1301 1935 1531 1990 κάκεῖνοι
1616 1936 1849 2011 ἀσμένως

228 2028 327 2083 τὴν
350 2023 629 2098 πρεσϐείαν
657 2020 897 2088 δέξαιντο
942 2026 1044 2078 ὑπὸ
1103 2024 1330 2101 βρέφους
1376 2027 1683 2100 ἀρχόμενοι,
1719 2026 1744 2079 ὃ
1781 2028 1849 2080 τὰ

230 2117 360 2188 πρός
390 2117 576 2187 μάχην
625 2114 719 2167 οὐκ
772 2110 932 2172 οἶδεν.
985 2112 1244 2177 Ἕκαστος
1294 2111 1354 2168 δὲ
1401 2118 1467 2168 τὰ
1513 2123 1609 2178 τῆς
1636 2102 1869 2192 εἰρήνης’

231 2202 391 2276 φιλεῖ,
446 2212 538 2265 τῆς
605 2202 946 2266 ἀναπαύσεως
1031 2205 1446 2277 στοχαζόμενος.
1535 2206 1580 2240 ¹⁰
1654 2202 1844 2268 Ἔδοξε

228 2298 308 2362 τῷ
386 2290 600 2365 βασιλεῖ
675 2293 874 2365 ἄριστα
953 2291 1338 2366 βεϐουλεῦσθαι
1406 2297 1495 2346 τὸν
1546 2297 1709 2367 μέγαν
1755 2290 1845 2346 δο-

1878 1899 1916 1951 Β

229 2386 501 2456 μέστικον,
550 2389 643 2436 καὶ
691 2391 819 2456 γοῦν
879 2390 977 2445 τῆς
1044 2386 1175 2459 πρὸς
1222 2385 1316 2446 τὰς
1401 2382 1587 2459 Σέῤῥας
1668 2386 1847 2459 φερού-

236 2491 339 2534 σης
388 2474 459 2534 ὡς
517 2468 676 2544 εἶχεν,
731 2471 930 2543 ἣψατό.
990 2468 1191 2544 Σχεδὸν
1250 2469 1303 2525 δ’
1358 2471 1524 2525 ἐκεῖσε
1578 2477 1848 2546 γενόμενος

232 2559 465 2624 ἐπήξατό
515 2580 569 2614 τε
615 2564 705 2623 τὰς
754 2563 952 2623 σκηνὰς
1007 2566 1096 2614 καὶ
1152 2562 1267 2613 κατ’
1317 2561 1482 2614 αὐτῶν
1532 2560 1846 2635 ἐστρατοπε-

234 2645 484 2717 δεύσατο,
536 2654 721 2704 οὔκουν
770 2655 861 2724 μιν
902 2647 978 2704 δι’
1028 2650 1327 2723 ἀξιομάχου
1360 2657 1585 2725 στρατοῦ
1615 2650 1697 2719 (οὐ
1744 2654 1843 2726 γὰρ

234 2739 481 2817 ηὐμοίρει
535 2743 789 2794 τοσούτου
862 2744 1000 2812 τότε,
1083 2742 1257 2803 καθὼς
1314 2740 1638 2814 εἰρήκαμεν),
1690 2759 1847 2814 στραο

233 2834 398 2902 τηγίᾳ
446 2826 505 2882 δὲ
557 2835 647 2882 καὶ
714 2825 1102 2902 μεθοδεύμασιν
1161 2828 1398 2904 ἐπειρᾶτο
1472 2836 1565 2882 τοῦ
1623 2830 1843 2890 ἄστεως.

232 2919 380 2972 Ἐπεὶ
430 2914 478 2970 δ’
535 2920 590 2969 αἱ
641 2916 825 2992 Σέρῥαι
881 2916 1044 2970 πάλαι
1091 2919 1181 2990 μὲν
1237 2920 1449 2992 ὑπῆρχε
1508 2917 1659 2979 πόλις
1694 2921 1846 2991 μεγί-

240 3024 365 3071 στη,
424 3007 450 3057 6
506 3001 567 3058 δὲ
628 3005 916 3078 Βούλγαρος
997 3005 1233 3066 Ἰωάννης
1315 3009 1445 3079 μετὰ
1499 3014 1599 3060 τῶν
1653 3006 1847 3059 λοιπων

237 3090 610 3148 Μακεδονικῶν
710 3094 902 3148 πόλεων
1006 3099 1096 3149 καὶ
1191 3097 1387 3155 ταύτην
1490 3096 1850 3172 πολιορκήσας

235 3184 574 3259 κατήρειψεν,
633 3187 698 3246 ὡς
752 3190 902 3258 κώμη
974 3189 1091 3238 τότε
1155 3184 1429 3259 ἓτύγχανε,
1485 3194 1578 3248 τῆς
1626 3184 1850 3261 ἀκροπό-

233 3257 566 3346 λεως-μόνης
642 3257 1166 3347 περιτετειχισμένης
1245 3257 1335 3327 καὶ
1428 3257 1920 3351 ηὐτρεπισμένηςδ

239 3358 493 3425 δέξασθαι
580 3361 822 3436 πόλεμον,
893 3363 954 3424 ἧς
1035 3362 1201 3435 φύλαξ
1250 3360 1311 3423 ἧν
1375 3362 1498 3441 ἀνὴρ
1560 3364 1850 3438 Βούλογαρος

240 3456 516 3525 Δραγωτᾶς
554 3453 668 3523 (85)
714 3456 809 3510 τὴν
862 3450 1069 3521 κλῆσιν,
1142 3452 1191 3515 ἔς
1246 3453 1522 3508 Μελενίκου
1582 3457 1676 3516 τὰς
1706 3455 1848 3515 oi.sz-

242 3561 345 3602 σεις
395 3544 720 3615 ποιούμενος.
781 3540 925 3595 Ἐπεὶ
980 3550 1104 3615 ’γοῦν
1161 3545 1191 3602 ἡ
1242 3544 1385 3596 κάτω
1451 3542 1598 3604 πόλις
1654 3543 1848 3619 Σερῥῶν

202 3692 212 3701 _
240 3628 546 3703 ἀτείχιστος
575 3627 638 3690 ἦν
669 3630 847 3702 (λίθοις
877 3635 964 3684 καὶ
1008 3634 1108 3705 γὰρ
1138 3636 1333 3704 μόνοις,
1365 3630 1626 3685 ἀσϐέστου
1687 3629 1845 3705 δίχα,

237 3725 329 3773 καὶ
368 3725 441 3794 μὴ
500 3719 809 3794 ἀνηγμένοις
862 3721 934 3783 εἱς
991 3720 1126 3793 ὕψος
1178 3724 1245 3774 τὰ
1285 3723 1646 3794 τεθραυσμένα
1699 3723 1849 3794 τάχα

238 3810 699 3884 περιεφράγνυτο),
773 3813 892 3870 τοὺς
945 3807 1029 3862 ἐπὶ
1077 3810 1255 3882 μισθῷ
1342 3817 1448 3871 τοῖς
1495 3815 1848 3883 στρατιώταις

244 3893 596 3964 δουλεύοντας,
628 3897 717 3960 οὓς
743 3904 834 3952 καὶ
857 3897 1261 3960 Τζουλοῦκωνας
1308 3900 1338 3956 ἡ
1376 3894 1591 3970 χυδαία
1642 3898 1848 3971 ’γλῶττα

241 3986 605 4059 κατονομάζει,
666 3986 746 4062 [Ρ.
802 3987 894 4062 41]
944 3988 1292 4061 συναθροίσας
1340 3989 1366 4039 ὁ
1414 3985 1667 4060 βασιλεύς
1715 4008 1843 4062 κρα-

238 4083 402 4135 τῆσαι
448 4078 642 4139 ταύτης
696 4078 962 4151 ἠμέθισεν,
1021 4074 1129 4128 ἐπεὶ
1184 4084 1280 4137 τῶς
1338 4076 1632 4149 ἀναγκαίων
1686 4076 1846 4131 ἐσπά-

234 4166 397 4234 νιζον,
449 4164 497 4219 οἳ
558 4171 650 4219 καὶ
697 4168 894 4219 οἴκοθεν
952 4164 1209 4218 ἐκινοῦντο
1261 4186 1394 4242 προς
1445 4169 1503 4218 τό
1554 4167 1847 4242 εὐπορῆσαι

234 4263 336 4308 τῶν
391 4252 690 4330 χρειωδῶν.
756 4254 1006 4327 Ὀρῶντες
1046 4251 1105 4308 δὲ
1156 4259 1247 4308 καὶ
1302 4260 1397 4314 τὴν
1446 4261 1629 4332 χώραν
1679 4257 1846 4310 εὐεπί-

234 4344 411 4415 ϐατον,
472 4348 539 4398 τὰ
588 4344 717 4408 τόξα
771 4343 1036 4415 λαϐόντες,
1096 4347 1174 4398 ἔτι
1231 4341 1290 4399 δὲ
1351 4350 1441 4398 καὶ
1499 4347 1707 4410 σπάθας
1752 4351 1846 4401 καί

230 4455 379 4513 τινας
436 4431 658 4497 σανίδας
724 4430 1299 4507 ἐξαυτοσχεδιάσαντες
1347 4438 1412 4497 ὡς
1470 4433 1721 4504 ἀσπίδας,
1753 4441 1843 4491 καὶ

235 4528 432 4589 ταύτας
506 4523 932 4601 προϐεϐλημένοι,
1029 4528 1087 4578 τό
1205 4524 1408 4600 ἀρείκόν
1504 4524 1845 4590 ἀλαλάξαντες

233 4624 481 4689 χωροῦσι
527 4618 665 4669 κατὰ
714 4623 809 4689 τῆς
858 4620 1044 4688 χώρας
1079 4614 1338 4683 αὐτοϐοεὶ,
1380 4619 1471 4669 καὶ
1518 4614 1567 4668 ἓν
1617 4616 1676 4668 οὐ
1723 4617 1843 4670 πολ·
1880 4614 1920 4667 D

235 4705 356 4767 λαῖς
382 4707 538 4779 ὥραις
566 4703 706 4766 ἐντὸς
732 4703 977 4777 ἐγένοντο.
1029 4702 1347 4757 Σκυλεύουσι
1394 4711 1518 4775 γοῦν
1584 4707 1653 4757 τὰ
1703 4725 1843 4780 παρ-

234 4796 524 4870 ευρεθέντα.
584 4796 652 4847 Οἱ
719 4789 778 4846 δὲ
836 4812 897 4865 γε
954 4791 1112 4861 ἐντός,
1174 4795 1291 4846 ὅσοι
1337 4798 1410 4866 μὴ
1466 4791 1841 4865 ἐπεφοάκεισαν

1205 4524 1408 4600 ἀρεῑκόν

1747 387 2096 448 ANNALES.

3470 404 3606 462 1086

1956 514 2096 572 inde
2120 515 2386 573 utilitatis
2416 516 2701 589 futurum,
2734 522 2911 581 rebus
2965 527 3356 598 Bulgarorum
3412 528 3608 601 magis

1957 619 2029 659 ac
2055 606 2247 677 magis
2274 604 2524 679 afﬂictis,
2560 609 2665 680 qui
2695 610 2807 668 ista
2828 615 3057 672 ratione
3102 617 3464 688 legationem
3495 633 3608 691 pro

1955 707 2105 765 pace
2132 695 2398 752 ineunda
2437 698 2770 770 expeditius
2811 702 3144 769 admittent,
3190 722 3387 764 cuma
3440 706 3607 765 nullo

1954 786 2259 852 regantur,
2301 788 2360 840 et
2412 784 2658 842 infantis
2712 788 3008 846 Michaelis
3047 809 3119 849 ex
3176 794 3341 849 Irene
3400 794 3609 866 Angeli

1953 870 2244 927 Theodori
2276 870 2401 929 ﬁlia
2425 879 2626 930 Asano
2657 879 2922 951 suscepti
2948 880 3424 940 dominationem
3447 883 3607 941 subi-

1954 960 2089 1015 turi.
2125 961 2299 1027 Quod
2324 962 2372 1018 si
2401 968 2666 1021 castrum
2688 966 2770 1022 ita
2795 967 3018 1026 ferente
3037 970 3277 1028 fortuna
3296 972 3470 1028 nobis
3484 988 3611 1029 non

1954 1051 2220 1116 cesserit,
2233 1051 2381 1125 quid
2392 1052 2533 1109 inde
2546 1056 2957 1114 Romanorum
2970 1059 3225 1132 imperio
3239 1060 3611 1118 incommodi

1952 1137 2261 1212 impendet
2294 1142 2321 1198 ξ)
2355 1144 2494 1198 Rem
2536 1146 2761 1217 experti
2795 1147 3190 1216 cessabimus,
3247 1165 3611 1223 rursumque

1954 1226 2116 1284 viros
2145 1228 2224 1285 ad
2257 1230 2539 1301 Bulgaros
2563 1231 2925 1306 legabimus,
2976 1238 3081 1310 qui
3141 1239 3221 1296 ab
3259 1240 3504 1307 infante,
3533 1253 3611 1296 ne

1954 1317 2198 1373 nomine
2211 1318 2457 1391 quidem
2472 1336 2692 1393 pugnae
2706 1326 2970 1398 conscio,
2988 1327 3308 1397 gubernati
3319 1328 3611 1385 lubentis-

1956 1406 2103 1461 sime
2145 1406 2358 1477 legatis
2415 1409 2689 1468 animum
2745 1413 3076 1473 advertent.
3162 1417 3417 1483 Quilibet
3470 1432 3612 1474 vero

1954 1496 2172 1568 quietis
2186 1498 2511 1556 commoda
2527 1500 2638 1557 sibi
2657 1509 3087 1575 repraesentans
3107 1522 3321 1579 pacem
3343 1510 3610 1580 exoptat.

1956 1586 2187 1656 Optime
2210 1587 2483 1644 omnium
2502 1605 2793 1660 magnum
2814 1592 3212 1652 domesticum
3238 1595 3611 1653 consuluisse

1955 1673 2301 1746 imperatori
2331 1676 2451 1748 80
2481 1679 2679 1735 visum
2709 1685 2816 1752 est,
2851 1687 2907 1738 et
2950 1683 3028 1739 ad
3083 1686 3284 1741 Serras
3327 1686 3455 1751 iter,
3480 1688 3612 1743 utut

1954 1764 2164 1835 potuit,
2197 1765 2547 1838 ingreditur,
2581 1769 2976 1844 proximeque
3015 1772 3310 1829 accedens
3346 1773 3611 1831 tentoriis

1958 1852 2195 1907 structis
2217 1858 2415 1909 castra
2465 1861 2741 1927 metatur,
2782 1874 2906 1914 non
2954 1861 3247 1917 exercitus
3303 1861 3527 1917 viribus
3546 1860 3611 1916 ﬁ-

1955 1936 2126 2005 dens,
2153 1956 2332 2012 quem
2357 1942 2643 2012 exiguum
2675 1960 2746 2001 ac
2769 1946 3057 2016 pusillum
3114 1947 3297 2004 fuisse
3325 1948 3607 2005 diximus.

1956 2027 2099 2082 Hinc
2133 2027 2484 2085 militaribus
2511 2031 2741 2088 artibus
2781 2050 2852 2090 ac
2881 2035 3115 2092 insidiis
3149 2037 3361 2093 urbem
3400 2052 3613 2109 aggre‘

1955 2114 2133 2171 ditur.
2160 2118 2346 2173 Serrae
2375 2119 2624 2193 antiquo
2651 2137 2781 2178 aevo
2812 2124 3015 2182 civitas
3038 2127 3326 2196 maxima,
3349 2131 3614 2199 postmo-

1955 2203 2101 2260 dum
2129 2223 2163 2261 a
2184 2208 2411 2262 Joanne
2443 2208 2695 2279 Bulgaro
2726 2227 2849 2269 una
2899 2229 3036 2270 cum
3057 2215 3188 2271 aliis
3215 2215 3612 2273 Macedonicis

1956 2292 2209 2350 urbibus
2227 2296 2539 2353 obsidione
2554 2304 2723 2371 septa
2738 2300 2986 2375 soloque
2999 2308 3258 2376 aequata,
3275 2310 3417 2361 tunc
3430 2304 3616 2362 veluti

1956 2382 2122 2438 vicus
2136 2390 2379 2457 apertus
2393 2388 2725 2459 prostabat,
2743 2407 2877 2447 arce
2892 2397 3124 2449 tantum
3146 2395 3334 2451 muris
3353 2395 3615 2450 circum-

1956 2477 2143 2544 septa,
2167 2474 2367 2547 sicque
2392 2478 2854 2536 accommodata
2874 2485 2940 2536 ut
2969 2481 3196 2539 bellum
3225 2487 3435 2556 posset
3459 2483 3614 2540 exci-

1954 2578 2116 2634 pere.
2139 2563 2294 2619 Illius
2312 2565 2601 2622 custodiaa
2618 2567 2703 2623 vir
2722 2568 3013 2639 Bulgarus
3032 2572 3326 2642 Dragotas
3343 2573 3614 2641 nomine,

1954 2651 2214 2708 Melenici
2264 2652 2470 2709 sedem
2527 2655 2781 2725 habens,
2841 2657 3209 2729 invigilabat.
3269 2663 3418 2718 Cum
3470 2677 3615 2732 ergo

1958 2744 2265 2799 Serrarum
2306 2742 2452 2798 urbs
2504 2743 2749 2801 inferior
2804 2746 3039 2820 absque
3084 2750 3389 2807 moenibus
3435 2754 3610 2823 esset,

1953 2831 2179 2903 quippe
2200 2847 2336 2904 quae
2369 2831 2525 2887 saxis
2548 2837 2780 2890 tantum
2813 2834 3049 2908 absque
3092 2838 3278 2906 calce,
3310 2855 3422 2895 nec
3450 2838 3521 2895 iis
3551 2838 3615 2895 in

1954 2920 2329 2977 altitudinem
2356 2920 2630 2991 sublatis,
2660 2921 2722 2978 in
2775 2923 2920 2980 locis
2969 2941 3280 2983 murorum
3313 2927 3613 3000 quassatis

1956 3009 2339 3084 disjectisque
2379 3009 2753 3082 cingebatur,
2794 3015 3070 3071 mercede
3102 3017 3433 3074 conductos
3461 3017 3613 3074 mili-

1955 3104 2084 3157 tum
2104 3100 2551 3174 famulos,quos
2590 3102 2954 3160 Tzucalonas
2982 3106 3201 3176 vulgus
3237 3106 3446 3177 lingua
3482 3123 3618 3180 pro-

1958 3192 2089 3266 pria
2101 3192 2263 3248 nomi
2274 3192 2462 3260 nat,in
2476 3207 2659 3247 unum
2675 3208 3049 3264 exaggerans
3059 3196 3381 3270 imperator
3394 3197 3473 3255 ad
3484 3214 3613 3255 eam

1958 3282 2399 3355 occupandam,
2429 3297 2566 3338 cum
2587 3284 2940 3340 necessariis
2968 3284 3455 3356 destituerentur,
3487 3287 3618 3360 qui-

1958 3386 2076 3445 que
2092 3372 2276 3428 domo
2293 3369 2518 3442 egressi
2536 3370 2771 3428 fuerant
2789 3377 2852 3428 ut
2868 3373 2982 3431 sibi
2999 3374 3199 3432 futura
3228 3376 3363 3433 usui
3393 3376 3617 3433 submi-

1958 3461 2298 3527 nistrarent,
2327 3460 2606 3518 incitavit.
2638 3460 2703 3516 Hi
2734 3477 2873 3518 cum
2916 3463 3117 3519 locum
3161 3464 3324 3521 aditu
3378 3464 3618 3522 facilem

1956 3549 2264 3614 vidissent,
2287 3553 2546 3624 acceptis
2578 3553 2806 3624 sagittis
2845 3557 2900 3608 et
2928 3552 3199 3623 ensibus,
3237 3559 3294 3610 et
3314 3553 3616 3609 nonnullis

1956 3638 2178 3696 tabulis
2211 3639 2272 3694 in
2299 3640 2551 3698 modum
2566 3642 2716 3700 scuti
2736 3657 2809 3697 ex
2833 3644 3121 3712 tempore,
3140 3640 3364 3712 quibus
3390 3657 3614 3714 corpus

1956 3729 2364 3797 defenderent,
2406 3731 2734 3789 detornatis
2772 3730 3091 3788 classicum
3130 3731 3515 3788 concinentes
3552 3732 3614 3788 in

1956 3819 2169 3875 urbem
2193 3817 2323 3892 ipso
2341 3819 2603 3877 clamore
2623 3823 2986 3892 irrumpunt,
3005 3825 3063 3876 et
3083 3835 3208 3876 non
3228 3825 3365 3893 post
3388 3820 3612 3879 multas

1955 3909 2137 3966 horas
2154 3909 2477 3979 introeunt,
2495 3909 2680 3968 obvia
2699 3924 2956 3983 quaeque
2971 3910 3231 3983 rapiunt.
3256 3913 3339 3966 Ex
3356 3910 3612 3981 civibus,

1955 3993 2304 4066 quicunque
2328 3994 2386 4049 in
2419 4010 2620 4052 arcem
2668 4010 2791 4050 non
2842 3993 3256 4063 convolarunt,
3309 3995 3613 4068 supplices

1954 4081 2033 4138 ad
2060 4082 2483 4153 imperatorem
2508 4082 3040 4154 Slegrediuntur.
3087 4081 3246 4138 Areis
3295 4084 3613 4156 praefectus

1955 4171 2264 4241 Dragotas,
2300 4171 2484 4228 homo
2513 4172 2822 4243 Bulgarus,
2850 4177 2907 4229 et
2934 4188 3041 4246 per
3071 4172 3331 4229 multum
3370 4178 3610 4245 tempus

1954 4261 2033 4317 ad
2054 4260 2309 4317 tuendas
2322 4277 2392 4317 ac
2404 4260 2816 4318 defendendas
2830 4277 2999 4319 arces
3030 4261 3207 4335 plane
3226 4262 3485 4335 ineptus,
3507 4261 3613 4318 ubi

1953 4348 2143 4408 audiit
2155 4347 2495 4404 inferiorem
2512 4348 2723 4406 urbem
2754 4354 2992 4422 captam
3008 4365 3119 4405 nec
3136 4365 3256 4407 non
3273 4349 3502 4407 domini
3521 4349 3611 4406 sui

1954 4439 2207 4503 obitum,
2238 4439 2323 4494 ita
2342 4437 2578 4495 favente
2597 4438 2853 4504 fortuna,
2881 4456 3002 4496 non
3021 4439 3124 4496 diu
3143 4440 3470 4510 sustinens,
3496 4439 3611 4496 im-

1953 4519 2213 4598 peratori
2243 4520 2318 4575 de
2340 4535 2473 4575 arce
2490 4518 2770 4576 dedenda
2791 4519 3108 4590 signiﬁcat.
3130 4523 3193 4577 Et
3215 4521 3297 4578 sic
3327 4536 3435 4577 arx
3454 4520 3611 4577 illico

1953 4612 2363 4684 imperatorem
2377 4609 2744 4680 recognovit.
2754 4612 3048 4681 Dragotas
3062 4626 3368 4684 purpurea
3379 4609 3613 4667 chlmna

1953 4715 2102 4758 auro
2128 4702 2409 4754 contexta
2438 4698 2733 4768 amicitur,
2755 4702 2812 4754 et
2832 4703 3119 4755 staterum
3141 4714 3465 4756 aureorum
3490 4699 3610 4755 vim

1953 4805 2076 4846 non
2090 4786 2594 4844 contemnendam
2611 4786 2844 4860 accipit.
2860 4788 3031 4844 Proin
3046 4788 3395 4858 magniﬁcas
3410 4787 3612 4844 admo-

310 4886 411 4961 °_6
478 4880 539 4961 δε
617 4882 1002 4961 Παλαιολόγρς-
1035 4884 1060 4933 6
1133 4887 1338 4961 μέγας-
1378 4879 1689 4961 δομέ-στικος
1747 4889 1838 4961 καὶ.
1891 4878 2279 4961 ᾲποπειρᾶσθαι
2324 4874 2517 4961 Σερρᾱδν
2587 4879 2698 4961 ἕδρη¹
2730 4878 2792 4932 D.
2849 4876 3087 4961 OEissis
3122 4883 3218 4961 gnati
3270 4877 3326 4961 εἰ
3386 4907 3457 4961 -ς-
3509 4882 3612 4961 Μι-

311 4903 331 4920 ’
386 4905 411 4936 ο
478 4903 539 4937 σε
617 4903 907 4955 ιιαΛαιοΑογ
945 4903 967 4943 ς
1035 4903 1060 4933 ο
1133 4903 1298 4955 μεγας
1378 4903 1441 4935 oo
1486 4903 1551 4934 ac"

283 4955 442 5028 atri}._
487 4956 530 4991 ¹⁰
576 4962 680 5009 Τοῦ
759 4952 818 5008 δὲ
890 4903 1167 5028 ὸέξάμεθος
1217 4956 1244 5028 ῥ
1305 4903 1551 5028 βασιλεὺς

283 4977 404 5014 αηΑ.
487 4977 529 4991 ’ν
578 4977 680 5009 ’[ου
759 4977 818 5008 σε
890 4977 1167 5026 σεςαμεθος
1218 4977 1244 5006 ο
1305 4977 1551 5028 ΡασιΛευς
1631 4977 1725 5013 την
1803 4977 1902 5028 Ρου

228 4977 312 5103 ἦν
336 5025 878 5103 διερριμμίνηνητνὴν.
915 5023 969 5103 6"
1014 5025 1293 5102 ἀκρόπολιν
1350 5030 1764 5103 τετειχισμένην,
1815 5032 1906 5079 καὶ

1631 4944 1725 5013 την
1803 4944 2135 5039 βουλήνκέίς
2607 4944 2839 5035 ἀφίκετο,
2886 4944 3176 5039 Εὗρενηοιξν
3219 4952 3320 5039 ,την
3360 4950 3464 5039 ἵμὲν
3513 4951 3611 5000 πό-

1957 5022 2162 5096 φύλακα
2180 5019 2305 5096 ,ἐπ’⁸
2348 5018 2479 5096 αὖτῇ
2534 5018 2812 5096 Δρανωτάν
2860 5018 2992 5096 ruat.
3043 5023 3176 5096 Ἰςοὺς
3219 5018 3613 5096 Τςουλούκανας

228 5100 323 5153 οὖν
363 5087 618 5172 ἀθροέοίας
644 5099 669 5150 6
716 5087 980 5171 ﬂata-0.3:);
1037 5087 1304 5172 κρατῆσαι
1356 5087 1554 5158 ταύτης
1590 5087 1833 5170 ’ἠρέθισα
1894 5087 1974 5150 οῖ’
2001 5096 2068 5172 τᾲ
2110 5092 2241 5172 τόξα
2292 5087 2535 5172 λαϐόντες
2572 5087 2681 5144 ’καὶ
2709 5166 2719 5172 _
2744 5088 2967 5172 aeacida;
3017 5087 3508 5172 airgqxsd‘tdaocvrs
3539 5093 3613 5172 ’ὡς

226 5158 544 5232 άσπίδάςέν
575 5158 635 5222 οὗ
696 5158 866 5242 πολλῷ
919 5158 1185 5243 κρατῖἓσαι
1249 5189 1440 5230 ταυτης
1483 5158 1743 5240 ἴσχυσαν,
1794 5158 1884 5222 καὶ
1937 5165 2255 5243 σκυλεύουσι
2296 5168 2372 5243 ,τὰ
2417 5161 3006 5243 παρενρημξνακὌσοι
3058 5158 3352 5243 δ’ῖσχυσαν
3401 5170 3501 5214 τῶν
3533 5160 3611 5243 6v:-

225 5245 346 5309 τός,
407 5244 577 5317 ἱκέται
603 5244 753 5317 πρὸς
802 5233 908 5317 τόνῌ
946 5233 1171 5317 βασιλέα
1219 5242 1366 5317 ἧκον.
1430 5233 1616 5317 ,Καὶηό
1638 5245 1942 5317 ⁸ιλρ.α’)ι‹ι›τᾶς
1992 5234 2428 5317 διαπρεσϐεύεται
2480 5233 2610 5310 πρὸς
2655 5233 2750 5288 τὸν
2800 5233 3047 5308 βασιλεα,
3095 5233 3210 5287 καὶ*
3245 5240 3504 5310 χρήματα
3522 5237 3613 5287 καὶ

226 5308 465 5377 ἐσθῆτας
487 5308 758 5387 δεξάμενος
783 5316 842 5367 τὸ
873 5308 1010 5368 ἄστυ
1043 5309 1290 5368 δέδωκεν.
1317 5311 1603 5385 ’Υπέσχετο
1626 5308 1685 5365 δὲ
1704 5308 1901 5366 ’δοῦναι
1925 5316 2016 5364 καὶ
2044 5308 2316 5364 Μελένικον
2342 5310 2403 5364 D.

1150 5491 1493 5560 Theodori
1542 5490 1796 5560 Dousae
1843 5500 1910 5560 et

307 5655 423 5730 (85)
446 5662 744 5732 Δρα-γωτᾶν.
777 5655 865 5712 Ita
892 5670 1006 5712 ms.
1047 5652 1375 5727 exemplar.
1411 5652 1605 5711 Malim
1628 5656 1835 5710 tamen

226 5746 761 5824 quemadmodum
789 5748 927 5821 post
955 5744 1239 5820 sequitur,
1275 5746 1338 5800 ut
1376 5743 1451 5801 sit
1479 5745 1505 5796 6
1531 5746 1833 5818 Δραγωτᾶς.

1958 5489 2207 5559 Leonis
2258 5486 2495 5556 Allatii
2543 5495 2749 5554 notae.

1943 5653 2237 5723 Dragotes
2255 5649 2376 5706 sive
2392 5649 2689 5720 Dragutes
2710 5663 2935 5706 nomen
2959 5648 3275 5722 proprium
3292 5646 3406 5705 viri
3430 5647 3612 5708 etiam

1945 5740 2098 5800 alias
2117 5739 2398 5798 occurrit.
2438 5740 2658 5797 Dousa.
