4152 6382
531 385 671 444 1087
1847 383 2134 442 GEORGII
2161 384 2202 440 A

2290 380 2614 440 .OPOLITIE
3765 377 3943 436 1080

527 511 676 568 dum
715 511 1101 584 maximeque
1138 525 1314 568 veras
1341 509 1416 566 de
1447 508 1728 566 Melenico
1753 506 2184 581 promissiones

2293 505 2367 569 εἰς
2409 509 2505 562 τήν
2558 503 2837 577 ἀκρόπολιν
2891 497 3234 576 ἀναδραμεῖν,
3291 502 3456 555 ἱκέται
3493 502 3621 577 πρὸς
3667 504 3759 555 τὸν
3813 500 3942 576 βοε-

532 600 879 674 imperatori
917 601 1074 657 fecit.

2293 595 2439 649 σιλέα
2467 595 2708 668 ἐξῄεσαν.
2746 593 2888 646 Ἐπεὶ
2910 590 2961 646 δ’
2985 595 3009 645 6
3036 600 3238 665 κρατῶν
3284 598 3376 644 τοῦ
3442 592 3628 652 ἄστεος
3681 597 3936 666 Δραγω-

527 697 620 753 τᾶς
680 695 775 750 τὴν
827 692 970 743 κάτω
1023 695 1207 766 χώραν
1266 685 1398 743 εἶδεν
1454 688 1702 756 ἁλοῦσαν,
1765 685 1892 761 ἀνήρ
1954 685 2238 762 Βούλγαρος
2284 690 2374 738 καὶ
2425 687 2622 744 ἣκιστα
2680 680 3085 754 πεπαιδευμένος
3141 683 3278 740 ἄστη
3327 685 3556 754 χρονίως
3609 677 3936 753 διαφυλάτ-

707 782 886 852 μαθὼν
941 777 1001 834 δε
1059 784 1149 832 καὶ
1193 783 1282 832 τόν
1336 786 1428 832 τοῦ
1475 775 1736 832 δεσπότου
1794 777 1954 829 αὑτοῦ
2009 778 2246 843 θάνατον,
2305 778 2448 848 τύχη
2537 772 2705 846 ἆιγοιθῂ⁸
2795 772 2853 826 οὑ
2913 769 3006 824 διὰ
3054 778 3260 847 μακροῦ
3311 775 3639 846 καρτερήσας
3687 767 3939 844 διαπρε-

3001 861 3251 935 ἁλουργὸν
3307 868 3394 912 οῦν
3435 860 3658 933 χλαῖναν
3705 861 3732 912 6
3775 866 3931 934 Δρα-

527 799 653 849 τειν,

532 868 770 922 σϐεύεται
816 872 942 944 πρὸς
994 872 1081 922 τὸν
1145 867 1388 941 βασιλέα.
1432 872 1532 920 Καὶ
1574 870 1632 919 τὸ
1681 869 1770 940 μὲν
1822 866 1957 918 ἄστυ
2006 865 2158 926 εύθὺς
2217 867 2305 918 τὸν
2359 863 2584 937 βασιλέα
2638 862 2886 936 ἐφήμιζεν
2935 882 2948 896 ο

527 964 699 1030 γωτᾶς
747 963 961 1032 χρυσὶῳ
1047 961 1442 1031 συνυφασμένην
1521 952 1812 1024 ἐνεδέδυτο,
1881 960 1970 1008 καὶ
2042 959 2314 1029 στατήρων
2384 952 2576 1014 πλῆθος
2648 959 2866 1027 χρυσῶν
2922 947 3122 1008 ὶδέκτο.
3205 949 3550 1021 ’Υποσχέσεις
3597 956 3724 1021 γοῦν
3775 951 3926 1026 ὑπερ

529 1055 620 1099 τοῦ
652 1046 929 1101 Μελενίκου
959 1047 1098 1120 μάλα
1123 1047 1360 1121 λαμπρὰς
1387 1048 1520 1120 πρὸς
1539 1048 1626 1098 τὸν
1671 1044 1897 1118 βασιλέα
1925 1043 2220 1112 ἐπεποὶητο,
2243 1045 2507 1119 ὑπεράγαν
2535 1041 2758 1102 ἀληθεῖς.

600 1139 692 1194 44.
707 1137 803 1192 His
819 1136 1103 1193 omnibus
1117 1136 1196 1192 ab
1213 1137 1570 1210 imperatore
1587 1135 1784 1204 Drago
1793 1140 1845 1190 ta
1856 1152 1882 1189 s
1895 1134 2179 1207 acceptis,

529 1230 586 1282 et
613 1225 792 1298 quasi
814 1242 949 1282 esca
978 1225 1106 1282 aliis
1136 1226 1460 1298 expositus,
1508 1224 1797 1290 discessit,
1858 1230 2036 1298 atque
2075 1227 2183 1280 Me-

527 1313 783 1371 lenicum
811 1314 1056 1370 veniens
1085 1313 1292 1370 omnia
1321 1313 1400 1370 ad
1444 1313 1683 1370 accolas
1739 1313 1934 1381 refert,
1958 1327 2180 1384 eosque

528 1408 593 1459 ut
619 1403 963 1475 imperatori
993 1419 1055 1459 se
1085 1403 1330 1476 dedant,
1355 1419 1478 1459 non
1498 1403 1699 1459 haecin
1731 1407 1940 1475 aperto
1965 1402 2182 1458 edisse-

527 1507 689 1560 rens,
739 1493 844 1549 sed
890 1492 1048 1549 clam
1099 1493 1376 1565 plurimis
1441 1508 1786 1549 sermonem
1847 1490 2182 1548 communi-

527 1595 694 1646 cans,
712 1580 1081 1637 adhortatur.
1100 1584 1249 1638 Cum
1275 1585 1498 1652 autem,
1520 1581 1623 1654 qui
1652 1580 1944 1654 oppidum
1969 1579 2182 1650 guber-

526 1668 733 1736 nabat,
757 1669 1032 1726 Nicolaus
1060 1669 1331 1727 Litoboes
1359 1675 1618 1740 aegrotus
1643 1670 1794 1726 lecto
1823 1671 2049 1742 pedum
2075 1669 2182 1724 do-

524 1757 753 1815 loribus
779 1765 1094 1827 teneretur,
1125 1760 1306 1816 libere
1341 1776 1554 1816 omnes
1601 1759 1892 1816 arbitratu
1950 1775 2060 1816 suo
2085 1775 2180 1815 res

2360 1129 2474 1206 μδ¹.
2506 1135 2682 1186 Πάντα
2719 1137 2844 1202 γουν
2879 1132 2919 1166 ¹¹
2976 1136 3146 1182 ταῦτα
3192 1132 3320 1204 πρὸς
3373 1136 3466 1182 τοῦ
3513 1127 3782 1202 βασιλέως
3821 1128 3926 1182 λα-

2291 1221 2392 1276 ϐὼν
2456 1224 2482 1275 6
2552 1227 2853 1296 Δραγωτᾶς,
2912 1225 3001 1273 καὶ
3074 1223 3139 1280 ὡς
3215 1217 3396 1294 δελεαρ
3464 1218 3920 1292 ὑποϐεϐλημένος,

2291 1311 2466 1387 ἀπῄει.
2497 1312 2638 1366 Ἐπεὶ
2668 1309 2727 1364 δὲ
2758 1313 2952 1384 φθάσοι
2983 1310 3032 1371 ἐς
3089 1309 3385 1378 Μελένικον,
3435 1311 3606 1363 πάντα
3655 1307 3924 1383 προῦπτα

2289 1410 2394 1464 τοῖς
2473 1401 2697 1463 ἐποίκοις
2753 1408 2997 1466 ποιεῖται,
3072 1405 3161 1452 καὶ
3221 1406 3350 1472 σφᾶς
3413 1398 3598 1462 αύτούς
3660 1395 3924 1474 διεγείρει

2287 1489 2576 1564 προδοῦναι
2609 1495 2666 1544 τὸ
2692 1492 2827 1543 ἄστυ
2878 1498 2949 1562 τῷ
3004 1489 3235 1563 βασιλεῖ,
3289 1491 3337 1542 ἐν
3367 1497 3440 1561 τῷ
3485 1495 3686 1564 φανερῷ
3719 1493 3818 1561 μὲν
3856 1490 3918 1542 ού

2288 1589 2455 1634 ταῦτα
2509 1581 2688 1652 λέγων,
2739 1582 2912 1654 κρύφα
2983 1575 3042 1632 δὲ
3104 1587 3215 1640 τοῖς
3263 1579 3526 1642 πλείστοις
3557 1582 3677 1654 περὶ
3720 1581 3918 1631 τούτου

2288 1671 2756 1742 κοινολογούμενος.
2831 1669 2973 1722 Ἐπεὶ
3025 1666 3085 1722 δὲ
3137 1671 3162 1721 6
3215 1672 3308 1727 τὴν
3363 1669 3642 1740 ἡγεμονίαν
3708 1664 3918 1721 διὶπων

2286 1765 2377 1813 τῗοὺ
2407 1761 2654 1820 ἄστεωςὸ
2708 1757 2967 1820 Λιτοϐόης
3019 1758 3276 1819 Νικόλαος
3326 1759 3440 1828 (86)
3497 1760 3795 1819 κατάνοσος
3854 1756 3918 1816 ἦν

525 1848 816 1922 quasipsi
840 1849 1060 1905 vellent
1083 1850 1366 1919 agebant.
1400 1854 1556 1906 Inter
1575 1851 1686 1906 hos
1712 1849 1989 1906 Nicolaus
2025 1852 2178 1905 Man-

2290 1855 2378 1902 καὶ
2407 1857 2469 1922 τῇ
2513 1849 2659 1922 κλίνῃ
2701 1855 2812 1909 ταῖς
2860 1855 2960 1900 τῶν
3007 1846 3184 1901 ποδῶν
3240 1843 3506 1919 ἀλγηδόσι
3552 1866 3916 1922 προσπεπατ-

526 1937 768 1994 clavites
793 1954 865 1994 ex
895 1939 1292 1995 nobilioribus
1345 1955 1502 1995 unus
1553 1939 1810 1997 Melenici
1841 1938 2072 2008 incolis,
2090 1938 2181 1994 vir

527 2025 730 2084 audax
760 2033 816 2084 et
843 2045 954 2102 pro
982 2045 1044 2085 re
1061 2035 1224 2092 nata,
1250 2029 1333 2084 uti
1354 2034 1590 2101 tempus
1615 2029 1809 2097 daret,
1840 2028 2000 2084 varie
2019 2044 2080 2084 se
2102 2028 2180 2083 ef-

526 2117 798 2187 ﬁngendi
829 2134 1017 2186 sagax
1048 2135 1117 2175 ac
1143 2119 1479 2192 perspicax,
1518 2135 1656 2192 quae
1686 2136 1721 2176 a
1781 2122 2037 2188 Dragota
2056 2133 2181 2174 mo-

2289 1939 2612 2012 ταλευμένος,
2672 1937 2941 2012 ἐλευθέρως
2992 1935 3137 2009 εἶχον
3207 1938 3256 1989 οἱ
3327 1939 3514 2000 πάντες
3573 1932 3914 2009 διαπράττε-

2285 2031 2418 2098 ρθαι
2450 2033 2604 2101 σφίσι
2645 2030 2711 2080 τὰ
2760 2026 3016 2100 βουλητά.
3064 2027 3205 2080 Ἐπεὶ
3255 2021 3315 2078 δὲ
3370 2030 3460 2080 καὶ
3511 2027 3537 2078 6
3588 2027 3914 2098 Μαγκλαϐί-

2289 2138 2386 2181 της
2434 2118 2684 2178 Νικόλαος
2727 2118 2804 2178 οἷς
2835 2113 2895 2175 ἧν
2951 2123 3049 2168 τῶν
3094 2115 3502 2191 ἕπιφανεστέρων
3562 2113 3611 2167 ἓν
3650 2124 3761 2178 τοῖς
3803 2125 3908 2170 τοῦ

2292 2207 2568 2262 Μελενίκου
2622 2207 2947 2279 οἰκήτορσιν,
3005 2204 3133 2279 ἀνὴρ
3192 2201 3515 2280 δραστήριος
3567 2209 3657 2258 καὶ
3727 2201 3912 2270 δεινὸς

2291 2304 2559 2372 καιρικαῖς
2628 2299 2973 2369 περιπετείαις
3040 2293 3586 2367 συμμεταϐάλλεσθαι,
3658 2296 3730 2346 τὰ
3813 2305 3912 2349 τοῦ

525 2205 828 2264 liebantur
853 2208 968 2280 82
994 2208 1407 2280 deprehensis,
1459 2225 1530 2265 ac
1589 2209 1830 2279 cognito
1889 2224 1955 2264 se
2002 2223 2181 2281 posse

527 2297 870 2370 imperatori
899 2299 1198 2372 promissa
1249 2299 1534 2372 perﬁcere
1581 2299 1630 2354 si
1659 2298 2051 2355 multitudinis
2074 2314 2180 2372 po-

528 2387 740 2444 tiorem
771 2393 1004 2460 partem
1031 2389 1091 2443 in
1115 2389 1473 2444 sententiam
1491 2405 1664 2444 suam
1685 2389 1983 2457 traxisset,
2000 2388 2077 2444 ab
2090 2404 2186 2444 oc-

527 2475 701 2532 cultis
725 2476 1039 2550 colloquiis
1094 2493 1224 2534 sese
1266 2478 1575 2534 retrahens
1638 2478 1840 2550 palam
1901 2478 2184 2534 omnibus

529 2564 693 2622 utilia
719 2566 916 2632 edixit,
939 2588 965 2617 «
988 2567 1158 2622 Pueri
1189 2567 1519 2622 Callimani.
1541 2583 1573 2621 ›
1593 2567 1896 2639 inquiens,
1925 2589 1945 2616 ι
1963 2567 2181 2638 princi-

525 2660 666 2727 patu
686 2655 896 2728 iniqua
915 2657 1179 2730 perpessi
1221 2673 1454 2724 sumus,
1487 2672 1558 2712 ea
1589 2661 1788 2712 tamen
1814 2673 1938 2729 spe,
1976 2673 2107 2725 nos,
2135 2657 2181 2713 si

526 2761 678 2817 puer
692 2746 751 2801 in
787 2745 980 2801 virum
1015 2746 1319 2813 evasisset,
1352 2751 1533 2803 tantae
1560 2746 1887 2803 tolerantiae
1937 2748 2186 2819 praemia

523 2839 1217 2909 recepturos,postquam
1237 2835 1333 2892 ille
1364 2840 1598 2892 aetatem
1625 2836 1810 2904 illam,
1833 2853 1968 2909 quae
1991 2838 2182 2894 virum

523 2925 786 2998 probum
815 2941 851 2981 a
877 2924 1042 2980 malo
1110 2940 1420 2981 secernere
1460 2929 1681 2998 potest,
1725 2926 2032 2996 attigisset.
2069 2927 2183 2984 Sed

525 3029 665 3071 cum
693 3014 756 3070 id
786 3014 1041 3070 adversa
1061 3012 1301 3070 fortuna
1341 3014 1740 3084 amiserimus,
1773 3021 1829 3071 et
1857 3015 2184 3072 infantulus

525 3102 678 3160 alius
691 3102 770 3159 ad
782 3101 1080 3175 regendos
1097 3103 1382 3173 Bulgaros
1394 3109 1804 3176 praeponatur,
1823 3105 1988 3162 omni
2005 3105 2182 3160 stulto

527 3193 805 3250 stuliores
835 3207 1124 3260 essemus,
1155 3193 1205 3248 si
1227 3192 1360 3248 aliis
1399 3209 1637 3250 rursum
1671 3195 2008 3250 infortuniis
2047 3211 2182 3252 nos-

525 3282 814 3354 metipsos
842 3281 1206 3349 dederimus,
1235 3287 1525 3356 tanquam
1556 3285 1660 3357 qui
1681 3285 1743 3340 in
1769 3299 1949 3340 omne
1981 3301 2177 3340 aevum

527 3369 758 3442 absque
769 3372 1059 3444 principe,
1078 3387 1140 3428 re
1152 3373 1426 3428 omnium
1440 3373 1967 3444 perniciosissima,
1983 3375 2182 3430 vivere

525 3457 831 3515 vellemus.
867 3460 980 3517 Sed
1016 3461 1264 3533 quando
1295 3464 1705 3518 Romanorum
1736 3463 2064 3534 imperator
2105 3464 2182 3520 ad

525 3562 639 3604 nos
665 3549 932 3616 accessit,
963 3565 1076 3606 nos
1099 3550 1179 3606 illi
1196 3551 1320 3608 ﬁdo
1341 3551 1590 3607 domino
1613 3555 1670 3607 et
1693 3551 1889 3608 virum
1921 3554 2181 3625 probum

526 3654 598 3696 ac
627 3638 856 3695 malum
877 3640 1102 3712 optime
1149 3641 1534 3711 cognoscenti
1574 3641 1807 3696 tradere
1865 3641 2178 3699 debemus.

527 3727 661 3800 Ipse
683 3728 781 3801 jus
808 3728 888 3785 ab
918 3730 1169 3802 antiquo
1195 3729 1256 3786 in
1287 3745 1399 3785 nos
1420 3730 1666 3802 obtinet,
1692 3730 1860 3787 locus
1882 3732 2182 3804 siquidem

525 3817 622 3875 hic
647 3824 850 3875 noster
870 3818 1102 3891 imperii
1128 3820 1380 3875 Romani
1401 3823 1508 3875 est.
1545 3818 1781 3890 Bulgari
1807 3837 1948 3878 vero
1975 3821 2182 3878 alienis

526 3907 777 3965 avaritia
794 3909 982 3980 raptis
1006 3907 1353 3965 Melenicum
1367 3924 1609 3982 quoque
1640 3916 2031 3983 occuparunt.
2065 3915 2182 3969 Nos

526 4012 736 4054 omnes
758 4010 832 4054 ex
862 3997 1260 4070 Philippopoli
1291 3999 1402 4054 orti
1445 3999 1746 4070 primodia
1801 4015 2043 4074 quoque
2075 4017 2180 4073 ge-

525 4087 686 4143 neris
733 4085 968 4158 liquido
1014 4086 1292 4141 ducimus
1347 4102 1418 4142 ex
1451 4089 1783 4145 Romainis.
1815 4089 2095 4155 Quinimo
2125 4093 2184 4146 et

525 4177 937 4232 Romanorum
969 4173 1316 4246 imperator,
1343 4175 1478 4232 licet
1500 4177 1735 4247 Bulgari
1767 4193 2062 4244 essemus,
2082 4179 2183 4249 jus

526 4267 733 4321 tamen
759 4264 820 4319 in
849 4279 961 4319 nos
992 4264 1190 4322 habet:
1215 4265 1375 4322 ﬁlius
1439 4267 1667 4339 quippe
1719 4266 1876 4322 illius
1903 4271 1961 4322 et
1987 4266 2182 4338 impe-

527 4357 691 4408 rator
708 4353 1058 4410 Theodorus
1076 4370 1215 4411 cum
1242 4357 1478 4412 Asanos
1502 4355 1897 4424 Bulgarorum
1917 4354 2184 4426 principe

528 4441 814 4499 afﬁnitate
846 4445 1248 4516 conjungitur,
1290 4459 1452 4501 nunc
1504 4446 1658 4514 regis
1700 4444 1878 4499 Asani
1930 4443 2052 4499 ﬁlia
2082 4445 2183 4500 do-

528 4531 696 4588 mina
729 4549 764 4590 a
793 4536 1073 4591 Romanis
1103 4539 1488 4606 nuncupatur
1509 4539 1564 4589 et
1593 4534 1807 4589 est.His
1830 4533 2029 4605 itaque
2056 4550 2184 4590 om-

2291 4545 2390 4588 τῶν
2433 4534 2696 4608 Ῥωμαίων
2755 4534 3005 4608 βασιλεὺς
3055 4535 3254 4596 ἀληθῶς
3285 4540 3374 4588 καὶ
3403 4533 3452 4587 ἓν
3481 4537 3604 4608 ἡμῖν
3662 4531 3918 4590 δικαιού-

528 4621 708 4678 nibus
723 4624 906 4681 verba
931 4624 1237 4682 luculenta
1265 4624 1380 4695 83
1405 4623 1465 4678 in
1498 4638 1693 4695 pauca
1716 4622 2084 4679 conferentes
2107 4624 2184 4680 ad

2291 4645 2399 4690 ται,
2453 4630 2543 4678 καὶ
2592 4625 2636 4677 εἰ
2690 4624 3003 4697 Βουλγάροις
3063 4629 3419 4700 προσήκοιμεν
3471 4646 3483 4658 ο

528 4711 667 4768 eum
696 4729 998 4771 recurrere
1029 4714 1345 4776 debemus,
1371 4711 1524 4768 colla
1557 4711 1635 4766 illi
1665 4717 1872 4768 nostra
1903 4713 2184 4770 servitute

2291 4717 2477 4768 τούτου
2505 4719 2594 4767 καὶ
2625 4713 2876 4786 βασιλεὺς
2906 4710 3181 4788 Θεόδωρος
3235 4723 3306 4786 τῷ
3356 4713 3568 4788 βασιλεῖ
3602 4722 3700 4765 τῶν
3742 4716 3919 4767 Βουλ-

531 4804 851 4861 constituta
880 4805 1179 4862 addicere.
1207 4803 1554 4873 Sapientum
1585 4817 1850 4876 namque
1878 4819 2089 4875 regum
2114 4821 2182 4861 ac

2290 4807 2462 4880 γάρων
2489 4812 2560 4875 τῷ
2589 4805 2752 4856 Ἀσὰν
2801 4800 3105 4870 κεκήδευτο,
3159 4807 3250 4856 καὶ
3292 4811 3379 4855 νύν
3437 4804 3467 4862 ἡ
3501 4810 3592 4856 τού
3643 4801 3920 4875 βασιλέως

605 4891 1316 4980 ”_i'lujusacapiti§.loco
1373 4893 1501 4948 haec
1550 4891 1829 4980 habetAD
1873 4910 1896 4980 ,ε
1947 4900 2036 4979 και
2085 4897 2202 4980 εξρά

2290 4897 2376 4946 τὸν
2436 4896 2525 4980 μεν
2585 4893 2674 4945 to;
2724 4895 2906 4954 ἄστεος
2958 4895 3166 4980 ἔφορονς
3199 4891 3451 4980 [ξιτόέοον
3518 4892 3762 4964 κλινήρη,
3816 4900 3918 4948 τὸν

531 4962 618 5041 δὲΔ
660 4961 1038 5041 Μαγῖιλαϐίτην
1094 4962 1377 5041 ’Νικόλαον
1419 5005 1438 5041 .u
1478 5003 1489 5016 .
1539 5005 1552 5019 .
1597 5006 1609 5018 .
1656 4963 1765 5041 ._'O
1818 4969 1907 5038 μέν
1974 4963 2061 5018 οὖν
2115 4961 2355 5041 ϐασιλεύς
2429 4961 2710 5041 ἔσκηνούτο
2762 4971 2881 5041 περὶ
2930 4961 3410 5041 τὴν⁷Βαλαϐἰσιδαν
3465 4961 3679 5041 τόπονί
3702 4971 3797 5017 καὶ
3862 4988 3890 5020 ο

528 5033 901 5092 Μελενικὶῶται
951 5036 1251 5112 ἀφικόμενοι
1279 5037 1349 5112 ,τό
1403 5035 1538 5087 ἄστυ
1593 5037 1756 5109 τούτῳ
1811 5033 2100 5111 παρέσχον.
2153 5039 2439 5112 Ἐκράτησε
2494 5033 2552 5088 δὲ
2599 5033 2924 5112 ό-βασιλεὺς
2969 5041 3059 5089 καὶ
3099 5038 3422 5109 Στενιμάχου
3448 5041 3557 5112 Δκαὶ.
3604 5036 3921 5112 Τζεπαὶνης

528 5114 620 5163 καὶ
663 5117 781 5182 τῶν,
819 5116 912 5170 τῆς
963 5101 1216 5182 Ῥοδόπης
1267 5105 1551 5178 πολιχνίων
1605 5101 2096 5182 καὶςκωμοπόλεων.
2152 5101 2252 5182 καί
2281 5111 2397 5182 ὅρον
2453 5111 2539 5159 τόν
2591 5101 2752 5181 Εὗρον
2806 5112 3080 5182 πεποίητο.
3129 5101 3373 5180 Κατ-ἔσχε
3437 5104 3496 5161 δε
3549 5112 3638 5160 καὶ
3688 5106 3746 5182 ἐκ
3807 5121 3919 5163 τῶν

528 5185 659 5257 πρὸς
691 5179 885 5257 Βιῃίῥᾶν
937 5179 1226 5250 Στούμπιόν
1270 5197 1324 5229 τε
1361 5177 1450 5230 καὶ
1511 5179 1772 5257 Χυττοϐὸν
1809 5177 1898 5234 καὶ
1942 5177 2317 5235 Βελεϐούσδιον
2374 5181 2597 5257 Σκόπιά⁸
2616 5177 2673 5232 τε
2722 5184 2830 5257 καὶ.
2867 5178 3117 5257 βελεσ-σὸν
3174 5177 3380 5257 καὶ-’τ’ζὰ
3419 5183 3585 5253 μέχρι
3626 5179 3918 5255 Πριλάπου

529 5248 621 5305 καὶ
669 5248 988 5334 Πελάγονίας
1035 5248 1235 5323 χωρία,
1276 5251 1634 5304 Νευστάπολίν
1690 5272 1738 5305 τε
1802 5259 1892 5305 καὶ
1943 5259 2235 5328 Ιῐρόσακον,
2287 5257 2378 5304 καί
2431 5248 2660 5312 σπονδάς
2711 5270 2764 5304 τε
2812 5248 2876 5304 ἐκ
2916 5251 3219 5326 Βουλγάρων
3267 5248 3566 5325 δεξάμενος,
3612 5248 3682 5315 ὡς
3736 5257 3920 5330 μέχρι

528 5326 722 5378 τούτων
746 5329 844 5394 στῇ
855 5363 868 5388 ,
896 5325 1136 5392 ἀνέσχεν.

2294 2392 2546 2461 Δραγωτᾶ
2596 2387 2840 2460 φωράσας
2909 2387 2999 2436 καὶ
3055 2387 3209 2455 γνούς
3266 2385 3337 2444 ὡς
3393 2379 3642 2441 δυνηθείη
3723 2383 3786 2435 ἂν
3845 2388 3916 2438 τὰ

2293 2466 2639 2548 ὑπεσχημένά
2666 2482 2739 2544 τῷ
2797 2472 3010 2547 βασιλεί
3057 2469 3478 2546 διαπράξασθαι,
3527 2479 3620 2524 τοῦ
3671 2472 3915 2536 πλήθους

2293 2569 2352 2618 τὸ
2417 2561 2587 2617 πλεῖον
2638 2565 2944 2636 ὑπαγαγὼν,
3002 2569 3094 2614 τοῦ
3139 2565 3311 2637 κρύφα
3373 2560 3538 2633 λέγειν
3588 2560 3834 2626 ἀποστας
3868 2563 3916 2626 ἐς

2294 2657 2351 2707 τὸ
2393 2658 2605 2727 φανερὸν
2654 2661 2762 2715 τοῖς
2793 2659 2953 2705 πᾶσιν
2982 2653 3196 2704 ὑπέθετο
3252 2653 3318 2703 τὰ
3367 2656 3702 2716 συνοίσοντα,
3757 2653 3912 2728 εἰρη-

2293 2749 2418 2810 κὼς,
2453 2747 2516 2805 ὡς
2564 2766 2591 2794 (ι
2652 2743 2802 2816 Ἡμῖν
2865 2745 2954 2815 μὲν
2996 2740 3190 2814 ἐγένετο
3239 2741 3788 2817 προσταλαιπωρήσαι
3843 2752 3908 2816 τῇ

2294 2841 2385 2887 τοῦ
2411 2830 2601 2894 παιδὸς
2630 2840 2722 2886 τοῦ
2752 2831 3080 2904 Καλλιμάνου
3104 2830 3270 2906 ἀρχῇ,
3300 2836 3391 2883 καὶ
3433 2827 3494 2890 ἧν
3533 2835 3666 2907 πρὸς
3693 2829 3912 2896 ἐλπίδος

2295 2920 2628 2998 ἀνδρωθῆναί
2675 2941 2726 2974 τε
2786 2928 2967 2974 τοῦτον
3018 2923 3272 2995 καὶπρὸς
3321 2919 3483 2973 αὑτοῦ
3531 2923 3622 2983 τάς
3679 2921 3910 2995 ἀμοιϐὰς

2292 3021 2390 3075 τῆς
2441 3013 2789 3072 κακοπαθείας
2864 3009 3148 3062 ἀντιλαϐεῖν
3217 3009 3284 3071 εἰς
3358 3008 3568 3068 ήλικίαν
3645 3010 3904 3083 ἐλθόντος,

2293 3103 2373 3155 ὅτε
2404 3098 2675 3175 διακρῖναι
2732 3096 2946 3152 δύναιτο
2977 3100 3036 3151 οἰν
3071 3119 3151 3162 τις
3192 3097 3293 3151 ἀπὸ
3343 3098 3540 3171 φαύλου
3588 3097 3754 3172 ἄνδρα
3806 3121 3911 3153 κα-

2291 3192 2397 3248 λόν.
2448 3191 2591 3243 Ἐπεὶ
2650 3186 2708 3242 δὲ
2757 3192 2944 3241 τούτου
3019 3190 3293 3263 κακούργῳ
3371 3192 3512 3261 τύχη
3569 3190 3889 3259 ἡμοζοτομεν,

2293 3237 2397 3248 ""'
2466 3237 2591 3243 ···’“
2655 3237 2706 3242 "
2766 3237 2936 3241 """
3020 3237 3289 3263 """"rl‘r
3380 3237 3509 3261 "n.2-
3571 3237 3693 3259 vr'r
3745 3237 3889 3258 1":

2211 3237 2254 3294 ϐ
2290 3284 2562 3353 πρόκειται
2620 3275 2679 3331 δὲ
2747 3279 2872 3350 ἡμῖν
2931 3275 3235 3351 βρεφύλλιον
3303 3276 3422 3329 ἄλλο
3486 3275 3553 3336 εἰς
3624 3279 3709 3332 τήν
3779 3283 3891 3326 τῶν

2291 3369 2595 3442 Βουλγάρων
2636 3366 2832 3441 ἀρχὴν,
2884 3369 3077 3428 παντὸς
3133 3365 3192 3418 ἃν
3248 3364 3625 3425 ἀνοηταίνοντος
3671 3368 3905 3438 χείρους

2293 3465 2586 3533 φανείημεν,
2667 3459 2710 3510 εἰ
2796 3458 2950 3510 πάλιν
3025 3459 3126 3531 πρὸ
3216 3453 3552 3532 δυσπραγίας
3615 3454 3744 3517 ἅλας
3789 3453 3910 3508 ἐπι-

2293 3547 2507 3623 δοίημεν
2539 3548 2749 3617 αὑτοὺς,
2783 3543 3071 3599 ἀδέσποτοι
3125 3549 3213 3600 τὸν
3261 3548 3436 3598 πάντα
3495 3544 3614 3618 βίον
3645 3541 3911 3597 διατελεῖν

2293 3642 2608 3714 αἱρούμενοι,
2682 3637 2766 3709 ὑφ’
2823 3637 2884 3689 οὔ
2941 3636 3103 3689 πολλά
3160 3655 3214 3689 τε
3281 3641 3372 3689 καὶ
3430 3636 3596 3708 μείζω
3642 3637 3709 3687 τὰ
3753 3631 3918 3688 δεινὰ

2293 3733 2494 3804 φύεται.
2520 3727 2658 3780 Ἀλλ’
2717 3725 2825 3778 ἐπεὶ
2871 3727 2896 3778 6
2947 3724 3201 3800 βασιλεὺς
3248 3728 3374 3799 ἡμῖν
3424 3727 3450 3777 6
3495 3733 3594 3778 τῶν
3633 3723 3913 3797 Ῥωμαίων

2294 3823 2674 3895 προσήγγισεν,
2728 3815 2808 3889 [Ρ.
2856 3814 2947 3888 42]
3003 3811 3087 3868 δεῖ
3137 3815 3277 3886 αὑτῷ
3329 3814 3548 3877 ἑαυτοὺς
3599 3813 3919 3889 ἐγχειρίσα-

2294 3911 2440 3979 σθαι,
2506 3905 2737 3978 δεσπότῃ
2792 3912 2964 3975 πιστῷ
3022 3910 3113 3957 καὶ
3162 3901 3330 3958 εἰδότι
3378 3902 3552 3978 ἄνδρα
3599 3901 3699 3964 ἠδὲ
3743 3909 3920 3958 κακόν

2292 3996 2390 4059 ἠδὲ
2418 4003 2507 4051 καὶ
2556 3996 2718 4060 ἐθλὸν,
2773 4001 2864 4048 καὶ
2910 3992 3115 4048 δίκαιον
3147 3995 3197 4048 ἐν
3244 3998 3369 4069 ἡμῖν
3418 3994 3638 4048 ἔκπαλαι
3686 4000 3915 4068 σχόντι.

2285 4088 2352 4142 ’0
2383 4109 2435 4142 τε
2475 4089 2574 4160 γὰρ
2637 4088 2884 4160 ἡμέτερος
2937 4093 3117 4160 χῶρος
3166 4093 3228 4158 τῇ
3274 4093 3374 4138 τῶν
3415 4084 3680 4158 Ῥωμαίων
3733 4105 3920 4161 προσ-

2290 4183 2406 4238 ήκει
2437 4176 2582 4250 ἀρχῇ
2612 4196 2624 4208 ·
2685 4174 3172 4250 πλεονεκτικώτερον
3222 4176 3321 4250 γὰρ
3377 4176 3426 4228 οἱ
3475 4174 3766 4247 Βούλγαροι
3798 4182 3924 4238 τοῖς

2288 4269 2572 4343 πράγμασι
2602 4265 2934 4339 χρησάμενοι
2985 4270 3075 4317 καὶ
3134 4272 3227 4317 τοῦ
3272 4265 3548 4318 Μελενίκου
3600 4270 3923 4336 γεγένηνται

2291 4355 2580 4430 ἐγκρατεῖς,
2625 4357 2774 4427 ἡμεῖς
2841 4351 2900 4408 δὲ
2939 4357 3128 4417 πάντες
3167 4353 3220 4406 ἔκ
3269 4353 3527 4409 Φιλιππου
3559 4354 3755 4415 πόλεως
3823 4357 3922 4431 6p-

2291 4447 2525 4519 μώμεθα,
2561 4446 2780 4518 καθαροὶ
2805 4448 2862 4496 τὸ
2893 4446 3043 4516 γένος
3096 4443 3362 4517 Ῥωμαῖοι.
3421 4442 3621 4506 Ἀλλως
3675 4463 3730 4497 τε
3755 4451 3857 4499 καὶ
3891 4449 3921 4499 6

3537 4626 3561 4676 6
3630 4626 3734 4698 γὰρ
3792 4629 3920 4690 υἱὸς

1437 5430 1778 5498 Theodori
1828 5431 2080 5499 Dousa:
2128 5441 2195 5498 et
2239 5429 2492 5498 Leonis
2543 5429 2774 5499 Allatii
2825 5438 3028 5510 notae.

603 5566 722 5648 (86)
768 5566 835 5649 :0
903 5567 1492 5649 ᾼιτοβόης-Νικόλαος.
1543 5573 1860 5649 Qhoniata,
1920 5587 1997 5649 βξ,
2059 5577 2180 5649 5_64-,

531 5640 805 5712 meminit
827 5640 1146 5712 cujusdam
1172 5645 1444 5701 Litoboes
1473 5644 1676 5700 militis
1705 5645 1764 5700 in
1785 5640 2046 5700 exercitu
2074 5640 2188 5700 Du-

532 5725 617 5770 cae
637 5709 1152 5785 sebastocratoris,
1168 5717 1272 5792 qui
1284 5733 1357 5774 ex
1367 5715 1690 5774 barbarica
1705 5716 1946 5774 cohorte
1967 5715 2185 5774 ducem

2293 5577 2507 5629 nactus
2529 5572 2646 5629 alia
2683 5572 2781 5629 via
2814 5573 2944 5629 sine
2957 5572 3080 5629 ulla
3094 5587 3256 5629 noxa
3279 5573 3506 5630 Ducam
3549 5577 3818 5634 servavit
3853 5578 3917 5635 in

2295 5644 2464 5703 clade
2493 5643 2699 5703 lsaacii
2738 5661 2774 5702 a
2804 5645 3034 5702 Blachis
3066 5649 3330 5716 accepta.
3364 5649 3501 5702 ALL.
