4152 6380
226 257 362 313 1089

219 389 312 434 τοῦ
345 379 507 438 Ἀσην
553 379 785 452 θυγάτηρ
831 378 862 435 ἠ
907 375 1134 447 σύζυγος
1171 379 1263 425 τοῦ
1295 375 1532 425 τοιούτου
1570 371 1830 445 βασιλέως
1857 375 1905 426 Α

222 469 479 524 δέσποινα
536 471 684 541 παρὰ
723 467 997 539 Ῥωμαίοις
1057 469 1145 516 καὶ
1185 466 1297 516 ἔστι
1345 468 1436 516 καὶ
1495 463 1828 535 ὀνομάζεται.

219 564 426 614 Τούτων
465 555 552 612 οὖν
607 557 848 611 ἁπάντων
879 557 1042 630 χάριν
1091 555 1160 606 τὰ
1189 552 1354 606 πολλὰ
1396 561 1495 605 τῶν
1551 552 1832 624 λεγομένων

219 650 598 708 καταλιπόντας
637 645 714 699 ἐπ’
765 645 921 698 αὐτὸν
973 648 1084 717 χρὴ
1134 645 1259 696 ίεναι
1306 647 1395 695 καὶ
1434 645 1556 704 τοὺς
1605 642 1836 714 αύχένας

219 739 496 793 ὑποκλῖναι
519 744 594 807 τῷ
619 739 711 797 τὴς
744 730 984 794 δουλείας
1014 733 1159 804 ζυγῷ
1184 753 1196 765 ·
1221 734 1466 804 χρηστὸς
1493 733 1591 803 γὰρ
1625 732 1650 782 ὁ
1677 731 1835 803 ζυγὸς

220 838 320 883 τῶν
352 831 611 903 φρονίμων
643 821 903 897 βασιλέων
948 825 1038 874 καὶ
1075 822 1329 895 γηραιῶν,
1375 826 1465 873 καὶ
1498 819 1667 892 πολλῷ
1711 841 1831 874 κου-

225 921 438 990 φότερος
468 916 567 968 τῶν
589 917 662 967 ἔτι
685 910 1060 966 διατελούντων
1091 909 1139 963 ἐν
1165 910 1390 984 μείραξι.
1428 930 1457 960 ››
1485 911 1644 963 Ταῦτ’
1683 915 1830 984 εἰρη-

225 1010 326 1066 κὼς
382 1009 590 1058 πέπεικε
636 1004 835 1064 πάντας
881 1000 1113 1074 ἀμογητὶ
1158 1020 1248 1052 και
1278 999 1473 1053 πολλῶν
1517 1001 1638 1073 ἄτερ
1695 1020 1830 1075 πρα-

224 1096 430 1167 γμάτων
467 1093 710 1164 γενέσθαι
737 1099 829 1145 τοῦ
861 1089 1140 1164 βασιλέως.
1185 1093 1286 1144 Καὶ
1315 1086 1382 1148 δὴ
1415 1088 1656 1163 πρέσϐεις
1686 1091 1831 1152 τινὰς

223 1191 321 1235 τῶν
369 1184 711 1234 ’συνεποίκων
767 1185 1074 1246 στείλαντες,
1124 1181 1271 1251 τάχα
1307 1183 1398 1251 μέν
1450 1181 1638 1251 κρύφα,
1704 1177 1831 1250 μᾶλ-

221 1271 304 1324 λον
357 1268 415 1324 δὲ
465 1273 883 1343 γινωσκομένους
921 1264 1028 1330 τοῖς
1082 1268 1306 1337 πλείοσι,
1367 1266 1656 1340 συμϐάσεις
1700 1272 1831 1342 μετὰ

221 1367 314 1412 τοῦ
384 1358 647 1432 βασιλέως
707 1363 1040 1418 πεποίηνται.
1109 1356 1502 1434 Χρυσόϐουλλος
1559 1365 1685 1428 γοῦν
1758 1367 1830 1430 τῷ

223 1447 436 1522 βασιλεῖ
509 1457 613 1501 τῶν
666 1453 933 1522 ᾐτημένων
996 1452 1149 1520 σφίσι
1203 1447 1570 1522 περιληπτικός
1623 1467 1830 1519 γεγενη-

221 1542 372 1612 μένος
415 1558 507 1590 και
559 1534 836 1610 δεδομένος
878 1544 984 1599 τοῖς
1034 1535 1287 1610 πρέσϐεσι
1332 1542 1441 1598 τοῖς
1501 1545 1592 1588 τοῦ
1649 1539 1828 1591 Μελεί-

219 1647 316 1680 κου
373 1626 736 1687 ἀποσταλῆναι
791 1628 1174 1699 προσετετάχει
1241 1625 1539 1699 οἰκήτορσι.
1619 1633 1722 1680 Και
1781 1631 1831 1681 οἱ

220 1718 335 1791 μετ’
411 1717 470 1770 ού
544 1715 675 1770 πολὺ
749 1712 1088 1789 ὁμοθυμαδὸν
1168 1717 1356 1777 πάντες
1433 1716 1826 1790 συνειλεγμένοι,
1863 1730 1901 1784 Β

219 1808 338 1859 ὅσοι
387 1825 442 1858 τε
469 1814 568 1857 τῶν
614 1805 971 1878 προύχόντων,
1024 1808 1140 1857 ὅσοι
1185 1805 1286 1857 τῶν
1329 1808 1377 1858 ὲν
1410 1810 1660 1879 στρατείᾳ
1706 1827 1831 1859 κατ-

228 1895 545 1968 ειλεγμένων,
594 1915 684 1947 και
714 1896 832 1948 ὅσοι
877 1899 1148 1968 κρείττους
1201 1894 1349 1947 ἄλλοῖ
1376 1903 1476 1947 τῶν
1524 1900 1830 1972 οικητόρων,

212 1988 463 2061 πρὸςτόν
513 1983 740 2058 βασιλέα
788 1983 1052 2058 ἀφίκοντο,
1106 1987 1452 2058 σκηνούμενον
1499 1991 1629 2059 παρὶ
1675 1991 1830 2039 τόπον

218 2072 502 2129 Λαϐίσδαν
541 2077 677 2127 οὕτω
725 2095 832 2135 πως
885 2074 1282 2148 ὀνομαζόμενον,
1334 2072 1520 2150 ἄνδρες
1569 2075 1834 2138 εὐσταλεῖς

212 2185 270 2219 τε
332 2185 424 2217 και
485 2166 683 2238 ἔντιμοι
737 2165 839 2216 κάκ
892 2168 1051 2237 μόνης
1119 2166 1238 2227 θέας
1300 2162 1492 2226 αἰδοῦς
1547 2185 1633 2216 και
1674 2173 1830 2238 τιμῆς

213 2254 377 2321 ἄξιοι,
446 2255 571 2327 ύπερ
637 2258 1015 2317 πεντακοσίους
1078 2256 1429 2327 τυγχάνοντες
1459 2275 1470 2287 ·
1523 2253 1613 2315 οὓς
1675 2254 1831 2317 αὐτὸς

213 2348 442 2417 εἰρήκειν
474 2339 622 2411 ιδὼν,
681 2367 707 2395 ι(
763 2347 894 2396 Ποία
946 2343 1259 2415 ὁπλομαχία
1307 2344 1433 2417 ἡμῖν
1478 2344 1673 2406 αὐτοὺς
1705 2363 1833 2418 παρ-

219 2437 528 2499 torridam;
579 2433 608 2492 ἦ
663 2437 828 2486 πόσαι
876 2432 1132 2505 φάλαγγες
1192 2435 1386 2486 ἱππέων
1438 2442 1537 2486 τῶν
1567 2436 1831 2486 τοσούτων

217 2525 603 2597 περιεγένόντο;
673 2519 780 2574 ἀλλ’
841 2524 893 2574 ἓν
943 2520 1018 2593 τῷ
1070 2526 1324 2597 κρείττονι
1387 2521 1562 2596 ῥᾷστα
1613 2542 1704 2575 και
1764 2525 1832 2575 τὰ

216 2619 412 2686 μικροῦ
445 2607 554 2663 δεῖν
605 2609 1001 2686 ἀνεπιχείρητα.
1057 2611 1338 2664 Κάντεῦθεν
1390 2607 1548 2670 δῆλον
1597 2615 1662 2673 ὡς
1700 2611 1828 2670 ἁλη-

220 2702 300 2761 θές
345 2701 457 2753 ἐστι
501 2703 558 2752 τό
606 2708 678 2771 τῷ
706 2698 981 2771 ἁποστόλῳ
1012 2700 1199 2753 Παύλω
1250 2704 1536 2775 εἰρημένον,
1563 2723 1590 2749 ‹‹
1623 2701 1698 2754 Ού
1738 2709 1830 2754 τοῦ

215 2793 522 2864 τρέχοντος,
568 2785 812 2842 οὐδὲτοῦ
857 2785 1160 2857 διώκοντος,
1201 2788 1330 2842 ἀλλὰ
1355 2797 1448 2841 τοῦ
1492 2786 1830 2853 εὐδοκοῦντος

218 2883 373 2933 Θεοῦ.
432 2901 458 2928 ››
503 2885 588 2948 Τῷ
629 2897 713 2930 τοι
759 2897 848 2930 και
894 2881 983 2930 τόν
1030 2882 1322 2951 στρατηγόν
1377 2878 1435 2930 ού
1487 2875 1570 2931 δεῖ
1612 2878 1830 2952 πάμπαν

220 2968 446 3022 ἐπαινεῖν
500 2969 618 3019 οὔτε
670 2971 772 3038 μὴν
821 2965 1020 3039 ψέγειν.
1070 2967 1239 3020 Πολλά
1284 2971 1386 3044 γάρ
1445 2988 1578 3031 τινες
1635 2965 1831 3042 διαγω-

220 3073 494 3128 νισαμενοι
543 3051 835 3116 σπουδαῖος
887 3075 941 3109 τε
995 3075 1086 3108 και
1139 3061 1413 3125 συντόνως,
1478 3055 1832 3132 ὃραστικώτε-
1864 3084 1904 3141 C

219 3164 312 3220 ρον
350 3151 460 3206 τοῖς
506 3151 736 3218 παροῦσι
783 3147 1134 3219 χρησάμενοι,
1183 3150 1368 3222 μικρὸν
1413 3147 1443 3205 ἣ
1506 3144 1657 3200 οὐδὲν
1703 3168 1830 3200 κατε

219 3235 553 3308 ωρθὼσαντο,
605 3235 728 3286 ἔνιοι
773 3230 832 3286 δὲ
864 3254 954 3287 και
1002 3233 1282 3307 ἐσφάλοντο
1333 3235 1578 3295 πλεῖστα.
1629 3236 1834 3312 Ἕτεροι

221 3320 282 3378 δὲ
339 3319 516 3387 δεξιᾶς
575 3323 934 3400 ηύμορηκότες
989 3327 1183 3398 τύχης,
1246 3324 1568 3399 ἀμελετὴτως
1629 3325 1712 3380 ἐπὶ
1768 3331 1834 3382 τὰ

221 3415 351 3488 ἔργα
391 3420 684 3489 χωροῦντες
761 3413 999 3487 μεγάλων
1078 3420 1336 3488 τροπαίων
1397 3420 1675 3488 γεγόνασιν
1745 3418 1834 3470 αύ-

217 3507 455 3576 τουργοὶ,
512 3503 618 3555 οἶόν
675 3522 728 3555 τι
803 3502 986 3566 ξυνέϐη
1051 3512 1124 3575 τῷ
1181 3509 1297 3556 τότε
1347 3509 1438 3556 καὶ
1499 3514 1570 3577 τῷ
1622 3504 1834 3579 βασιλεῖ

220 3592 454 3664 Ἰωάννῃ.
519 3591 724 3645 Πολλῶν
803 3594 904 3666 γὰρ
968 3591 1164 3646 ἀστέων
1227 3598 1318 3646 καὶ
1394 3600 1586 3667 χώρων
1634 3595 1831 3647 πολλῶν

218 3678 446 3753 ἐγεγόνει
531 3678 794 3742 δεσπότης
855 3681 904 3734 ἐν
985 3681 1188 3754 ἀκαρεῖ,
1257 3687 1329 3755 μή
1394 3702 1530 3745 τινος
1605 3684 1830 3758 πολέμου

217 3772 586 3842 γεγενημένου,
641 3767 782 3843 μηδὲ
845 3789 986 3832 τινος
1035 3776 1286 3832 πεσόντος
1333 3771 1385 3824 ἐν
1451 3792 1628 3845 μάχη,
1695 3770 1834 3846 μηδί

223 3861 479 3929 χυθεντος
551 3862 790 3932 αἳματος,
877 3858 1016 3933 μηδὲ
1100 3860 1275 3932 ξιφους
1357 3868 1831 3936 κατορχησαμενου

229 3952 492 4019 σώματος,
564 3947 670 4001 ἀλλ’
728 3952 930 4024 ἡμερως
997 3969 1085 4001 και
1159 3950 1393 4020 γαληνῶς
1459 3953 1632 4025 ὥσπερ
1698 3956 1834 4014 τινὸς

222 4037 420 4112 κλήρου
473 4040 724 4114 πατρόθεν
775 4043 936 4110 τούτῳ
1003 4044 1368 4114 προσώκοντος
1416 4037 1669 4116 ἀνιδρωτί
1734 4051 1832 4094 τῶν

218 4127 472 4179 τοιούτων
528 4126 765 4181 ἁπάντων
817 4127 1043 4203 κατῆρξε
1097 4127 1180 4201 [Ρ.
1231 4129 1322 4201 4-4]
1364 4134 1680 4203 Στενίμαχος
1732 4134 1832 4205 γὰρ

218 4219 315 4268 καὶ
354 4216 637 4290 Τζέπαινα,
672 4238 760 4270 και
792 4222 890 4270 ὅσα
923 4214 982 4290 ᾖν
1012 4226 1082 4289 τῷ
1131 4226 1226 4280 τῆς
1268 4215 1525 4282 Ῥοδόπης
1574 4224 1680 4294 ὄρει
1721 4223 1833 4291 (87)

215 4309 575 4379 παρακείμενα
626 4306 879 4379 πολίχνιά
930 4327 984 4360 τε
1035 4327 1124 4359 και
1194 4309 1535 4381 κωμοπόλεις,
1597 4310 1836 4384 ύπόφορα

214 4396 390 4466 τούτῳ
441 4399 763 4466 γεγένηνται.
820 4402 921 4449 Και
960 4399 1079 4470 ὄρος
1119 4395 1254 4469 ούτῷ
1281 4416 1335 4449 τε
1387 4417 1478 4450 και
1528 4404 1637 4460 τοῖς
1680 4400 1832 4452 Βουλ-

212 4485 403 4559 γάροις
450 4481 633 4560 Ἕϐρος
677 4482 737 4543 ἦν
790 4490 1043 4559 ποταμός.
1099 4485 1187 4540 Ἐκ
1230 4483 1288 4540 δὲ
1340 4494 1433 4540 τοῦ
1464 4491 1590 4561 πρὸς
1637 4489 1831 4566 Βορῥᾶν

215 4577 414 4648 μέρους
442 4576 733 4647 Στούμπιόν
784 4595 836 4628 τε
862 4595 953 4627 και
1002 4574 1230 4638 Χοτοϐὀς
1276 4576 1455 4651 ὀχυρὰ
1497 4579 1629 4631 ἅττα
1672 4583 1832 4654 φρού-

217 4681 315 4736 ρια
359 4681 448 4715 και
501 4672 682 4738 χῶρος
737 4665 762 4716 ό
811 4661 1147 4717 Βελεϐουδίου
1203 4666 1303 4718 ὑπὸ
1351 4670 1438 4720 τὸν
1492 4665 1717 4739 βασιλέα
1747 4666 1827 4736 ἦν,

216 4753 422 4803 Σκοπιά
466 4771 521 4806 τε
550 4773 642 4806 και
694 4753 902 4816 Βελεσός
947 4773 1039 4807 και
1070 4758 1234 4828 πέχρι
1283 4755 1554 4830 Πριλάπου
1602 4776 1693 4809 και
1731 4767 1831 4811 τῶν

1862 4440 1907 4495 D

1743 247 2085 304 ANNALES.

3464 255 3599 310 1090

1948 388 2162 428 senum
2185 372 2402 444 jugum
2431 390 2613 431 suave
2638 377 3062 450 est,multoque
3084 377 3274 434 levius
3295 396 3485 452 quam
3509 385 3599 440 in-

1944 461 2218 526 fantium.
2247 484 2273 512 ››
2303 464 2400 518 His
2419 464 2545 519 sine
2568 466 2908 523 ullolabore
2926 483 2996 522 ac
3020 467 3292 526 molestia
3311 473 3598 530 omnibus

1945 552 2131 607 suasit
2150 555 2215 608 ut
2246 553 2626 626 imperatoris
2657 560 2857 628 partes
2889 563 3294 628 sequerentur.
3317 562 3598 625 Quareex

1944 639 2174 696 civibus
2203 642 2530 698 nonnullos
2562 643 2718 699 clam
2753 645 3020 717 quidem,
3078 652 3142 702 ut
3192 648 3390 704 videre
3447 654 3594 720 erat,

1946 729 2053 785 sed
2075 731 2350 802 plurimis
2384 737 2584 788 tamen
2622 734 2892 804 cognitos
2931 733 3153 804 legant,
3187 742 3243 793 et
3283 738 3344 793 in
3401 739 3597 796 foedus

1943 836 2082 876 cum
2110 820 2471 892 imperatore
2504 828 2741 877 coeunt.
2773 825 2838 877 Et
2863 821 3029 879 bulla
3061 840 3262 892 aurea,
3326 843 3450 899 qua
3497 845 3596 884 res

1939 914 2121 982 gestae
2151 909 2663 978 describebantur,
2690 927 2797 984 per
2821 911 3058 967 eosdem
3083 912 3312 982 legatos
3344 915 3600 988 impera-

1939 999 2085 1054 toris
2106 999 2281 1070 jussu
2330 999 2410 1056 ad
2464 999 2724 1057 Melenici
2771 1000 3034 1057 defertur
3084 1002 3267 1069 cives,
3322 1005 3427 1076 qui
3475 1021 3599 1063 una

1939 1102 2153 1143 omnes
2181 1087 2380 1155 simul,
2411 1087 2533 1144 sive
2559 1105 2631 1144 ex
2654 1089 3021 1160 primoribus
3041 1090 3168 1146 sive
3193 1091 3395 1148 milita;
3417 1093 3598 1149 ascri-

1937 1177 2054 1249 ptis
2081 1177 2206 1232 sive
2230 1177 2656 1235 celebrioribus
2683 1178 2802 1235 sive
2824 1179 3004 1235 etiam
3047 1179 3508 1252 habitatoribus,
3537 1183 3599 1239 in

1939 1284 2121 1324 unum
2134 1268 2547 1340 conspirantes
2565 1268 2644 1324 ad
2655 1269 3081 1341 imperatorem
3095 1271 3260 1344 apud
3277 1271 3598 1329 Labisdam

1941 1360 2162 1431 (locum
2200 1359 2285 1414 sic
2310 1358 2638 1431 appellant)
2679 1365 3157 1415 commorantem
3215 1361 3326 1416 viri
3371 1361 3600 1434 compti
3669 1376 3673 1379 '

1941 1465 2011 1505 ac
2041 1448 2272 1504 nobiles
2302 1453 2358 1503 et
2386 1462 2458 1502 ex
2497 1448 2627 1503 solo
2658 1453 2903 1519 aspectu
2919 1449 3245 1504 venerandi
3261 1465 3331 1506 ac
3352 1449 3597 1505 honori-

1938 1538 2052 1594 bus
2085 1537 2251 1607 digni
2291 1551 2479 1608 supra
2503 1536 2865 1608 quingentos
2895 1536 3198 1595 festinant.
3231 1541 3300 1595 Ut
3322 1539 3449 1611 ipse
3491 1555 3596 1595 eos

1937 1625 2435 1696 vidi,italocutus
2457 1642 2591 1682 sum
2620 1643 2633 1680 :
2659 1647 2687 1675 «
2719 1628 3005 1692 Quaenam
3057 1628 3231 1683 nobis
3286 1644 3598 1685 armorum

1939 1715 2178 1787 fulgura
2198 1716 2352 1771 vires
2375 1714 2632 1784 subegit,
2659 1720 2764 1770 aut
2779 1719 2928 1788 quot
2946 1716 3212 1788 equitum
3263 1717 3597 1788 phalanges

1939 1811 2024 1864 tot
2049 1805 2396 1861 devicerunt
2432 1804 2460 1858 ?
2489 1803 2597 1858 sed
2619 1803 2880 1859 melioris
2903 1803 3181 1876 praesidio
3217 1805 3496 1862 facillime
3541 1809 3599 1863 et

1941 1912 2076 1970 qum
2105 1895 2206 1951 vix
2233 1909 2506 1966 unquam
2536 1893 2695 1948 vinci
2720 1897 2996 1965 poterant
3014 1893 3409 1966 depellantur.
3451 1895 3598 1951 Hinc

1939 1983 2322 2041 verissimum
2343 1986 2429 2037 est
2451 1981 2614 2037 Pauli
2639 1981 2898 2053 apostoli
2917 1981 3164 2048 dictum,
3178 1998 3302 2038 non
3324 1998 3456 2038 esse
3468 1999 3599 2038 cur-

1940 2073 2123 2131 rentis
2143 2087 2335 2144 neque
2365 2070 2921 2144 persequentis,sed
2942 2070 3202 2127 illiuscui
3221 2073 3372 2127 Deus
3417 2073 3597 2128 bene-

1941 2162 2160 2236 placito
2173 2177 2282 2217 suo
2304 2160 2686 2216 concesserit.
2710 2162 3061 2232 »Propterea
3077 2160 3261 2217 duces
3274 2161 3598 2217 exercitum

1941 2267 2138 2325 neque
2159 2249 2450 2307 laudandi
2463 2265 2658 2322 neque
2672 2249 3054 2322 vituperandi
3077 2254 3234 2306 sunt.
3251 2250 3409 2306 Multi
3425 2267 3599 2308 nam-

1941 2359 2058 2416 que
2071 2342 2383 2412 diligenter
2397 2356 2466 2396 ac
2479 2339 2804 2412 prudenter
2818 2345 3111 2396 certantes
3122 2339 3259 2396 dum
3274 2341 3598 2398 animosius

1943 2432 2062 2505 84
2092 2447 2219 2487 rem
2255 2434 2576 2502 peragunt,
2615 2444 2834 2503 parum
2870 2434 2973 2484 aut
2996 2428 3142 2484 nihil
3192 2427 3592 2502 profecerunt,

1944 2522 2211 2595 plerique
2231 2520 2404 2576 etiam
2427 2534 2674 2590 operum
2698 2521 2757 2573 et
2775 2517 2970 2574 oleum
2991 2522 3057 2574 ut
3105 2519 3433 2590 plurimum
3462 2535 3598 2591 per-

1941 2611 2222 2668 diderunt
2254 2625 2267 2664 :
2310 2607 2408 2664 alii
2439 2607 2706 2663 secunda
2737 2606 2866 2662 freti
2892 2606 3132 2664 fortuna
3163 2612 3425 2678 segniter
3448 2623 3510 2663 se
3536 2607 3600 2664 in

1939 2697 2369 2769 rebusagendis
2382 2696 3037 2768 occupantes,ingentia
3053 2702 3279 2768 tropaea
3293 2698 3601 2755 consecuti

1941 2793 2097 2860 sunt,
2122 2788 2207 2844 uti
2237 2792 2376 2842 tunc
2403 2786 2749 2858 imperatori
2787 2785 3003 2840 Joanni
3044 2785 3279 2849 accidit,
3308 2786 3413 2858 qni
3438 2786 3600 2842 nulla

1940 2895 2115 2934 mora
2143 2876 2469 2933 multarum
2493 2875 2734 2930 urbium
2761 2873 3208 2947 multorumque
3231 2874 3599 2947 oppidorum

1943 2967 2170 3041 absque
2198 2966 2320 3022 ullo
2340 2963 2570 3039 proelio,
2595 2963 2829 3036 absque
2860 2963 3038 3019 ullius
3068 2964 3256 3033 caede,
3292 2965 3428 3022 sine
3451 2964 3599 3020 etfu-

1943 3058 2109 3114 sione
2140 3055 2473 3126 sanguinis,
2504 3054 2630 3109 sine
2665 3053 2848 3124 gladii
2891 3053 2952 3108 in
2992 3069 3211 3126 corpus
3260 3054 3597 3110 humanum

1943 3146 2188 3212 saevitia,
2220 3145 2324 3201 sed
2345 3143 2582 3217 placide
2608 3159 2679 3200 ac
2701 3142 2899 3216 quiete
2926 3147 2982 3199 et
3007 3143 3136 3199 sine
3181 3143 3422 3214 sudore,
3454 3159 3525 3200 ac
3549 3143 3602 3200 si

1942 3238 2003 3293 in
2023 3235 2432 3293 haereditatem
2453 3238 2772 3306 paternam
2792 3233 3225 3300 immitteretur,
3241 3232 3602 3289 dominatio-

1940 3342 2082 3383 nem
2103 3325 2358 3397 adeptus
2389 3326 2495 3379 est.
2519 3321 2939 3378 Stenimachus
2970 3321 3129 3377 enim
3187 3326 3244 3378 et
3288 3325 3599 3394 Tzepaana,

1941 3422 1998 3472 et
2029 3418 2327 3488 quotquot
2352 3413 2674 3484 Rhodopes
2717 3413 2910 3468 monti
2959 3412 3252 3484 oppidula
3309 3413 3604 3484 cujusque

1941 3505 2244 3575 adjacent,
2281 3501 2596 3558 tributaria
2611 3500 2847 3568 habuit,
2875 3505 2930 3556 et
2950 3501 3326 3573 imperatoris
3347 3517 3419 3557 ac
3471 3500 3604 3556 Bul-

1942 3609 2226 3665 garorum
2253 3591 2404 3646 ﬁnes
2432 3590 2664 3646 Hebrus
2680 3589 2904 3645 ﬂuvius
2919 3589 3276 3645 terminavit.
3303 3593 3363 3644 In
3381 3587 3604 3644 Boreali

1939 3683 2122 3757 plaga
2146 3680 2505 3751 Stumpium,
2533 3678 2856 3744 Chotobos,
2889 3681 3084 3734 castra
3127 3677 3457 3733 munitione
3503 3693 3607 3734 va-

1940 3773 2082 3841 lida,
2114 3776 2170 3828 et
2200 3768 2507 3826 Belebudii
2539 3771 2701 3824 locus
2732 3768 3111 3839 imperatoris
3136 3771 3463 3834 cesserant,
3493 3781 3605 3824 nec

1941 3877 2065 3919 non
2097 3860 2312 3932 Scopia
2331 3864 2386 3915 et
2417 3857 2660 3914 Belesus
2687 3860 3025 3928 cmteraque
3061 3872 3256 3928 usque
3298 3856 3606 3928 Prilapum

1943 3956 1999 4008 et
2020 3948 2376 4019 Pelagonios
2407 3962 2585 4017 agros
2621 3965 2633 4016 ;
2669 3945 2812 4001 item
2837 3944 3223 4017 Neustapolis
3247 3951 3303 4002 et
3320 3947 3610 4001 Prosacus

1945 4057 2074 4096 sese
2100 4038 2499 4110 subjecerant.
2533 4038 2594 4092 Et
2623 4050 2805 4108 super
2835 4035 2929 4091 his
2963 4034 3361 4105 Bulgarorum
3418 4049 3521 4091 rex
3551 4037 3610 4090 et

1942 4131 2267 4203 imperator
2284 4128 2367 4182 sic
2379 4131 2806 4195 convenerant,
2841 4130 2909 4182 ut
2924 4126 3252 4198 imperator
3265 4125 3488 4180 scilicet
3515 4124 3608 4180 his

1944 4220 2081 4276 solis
2095 4221 2400 4275 contentus
2412 4215 2553 4271 nihil
2567 4215 2808 4271 ulterius
2825 4219 3152 4272 attentaret.
3163 4212 3609 4287 Ethaecquidem

1942 4309 2024 4366 ita
2055 4311 2300 4381 peracta
2332 4310 2488 4362 sunt.
2501 4309 2629 4378 Ipse
2657 4303 3053 4361 inscribendis
3075 4305 3342 4378 epistolis
3360 4319 3610 4377 operam

1941 4398 2251 4457 navabam
2266 4394 2513 4467 singulis
2526 4395 2778 4450 urbibus
2795 4411 2864 4451 ac
2876 4393 3118 4467 oppidis
3139 4395 3328 4468 captis
3343 4395 3610 4451 scribens

1942 4487 2400 4562 imperatorium
2428 4484 2688 4556 sigillum
2709 4483 3087 4557 imprimens.
3107 4487 3376 4558 Namque
3395 4485 3457 4541 id
3477 4500 3612 4542 mor

1943 4583 2070 4636 erat
2084 4579 2493 4633 Romanorum
2509 4573 2960 4648 imperatoribus
2973 4590 3081 4647 per
3099 4574 3322 4632 litteras
3334 4575 3514 4647 longe
3525 4575 3613 4631 di-

1945 4666 2240 4726 stantibus
2271 4665 2514 4736 egregie
2535 4681 2572 4722 a
2602 4680 2664 4720 se
2695 4669 2868 4735 gesta
2915 4663 3271 4737 signiﬁcare,
3311 4665 3614 4738 voluptate

1943 4757 2057 4814 illis
2082 4771 2270 4829 quam
2302 4754 2415 4828 ipsi
2458 4753 2890 4826 experirentur,
2916 4753 3252 4810 conciliare.

217 4839 538 4912 Πελαγονίας
589 4848 824 4920 χωρίων,
872 4844 1233 4905 Νευστάπολις
1287 4865 1342 4899 τε
1388 4865 1480 4898 και
1537 4849 1921 4922 Πρόσακος,τὰ
1955 4848 2128 4902 πάντα
2206 4843 2404 4921 ὑπῆρξε
2469 4851 2539 4916 τῷ
2619 4842 2833 4916 βασιλεῖ
2903 4845 3206 4918 ὑποχείρια.
3283 4847 3386 4897 Καὶ
3448 4863 3613 4897 σπον-

218 4926 311 4984 δαὶ
375 4928 458 4984 ἐπι
521 4935 722 4996 τούτοις
792 4943 893 4987 τῶν
973 4933 1278 5008 Βουλγάρων
1351 4936 1426 5007 τῷ
1505 4934 1716 5010 βασιλεῖ
1785 4937 2131 5013 ἐγεγόνεισαν,
2203 4943 2316 4998 τοῖς
2370 4936 2625 4997 τοιούτοις
2676 4939 2760 4987 κοὶ
2855 4935 3028 5006 μόνοις
3092 4931 3369 5008 ἀρκεῖσθαι
3427 4940 3610 4986 τοῦτον

213 5024 306 5074 καὶ
359 5025 432 5094 μὴ
489 5026 774 5098 περαιτερω
820 5022 1264 5097 κατεπεμϐαίνειν.
1323 5030 1426 5079 Καὶ
1482 5033 1652 5079 ταῦτα
1707 5030 1799 5100 μὲν
1879 5029 2042 5088 οὕτως
2124 5025 2253 5098 ἔσχε
2319 5028 2407 5078 τόν
2469 5029 2679 5099 τρόπον,
2757 5021 2854 5096 ἐγὼ
2919 5019 2979 5076 δὲ
3041 5022 3192 5084 αὐτός
3235 5021 3284 5075 ἓν
3331 5029 3438 5084 τοῖς
3498 5021 3612 5076 ἐπιν

219 5108 554 5182 στολιμαέοις
613 5121 712 5164 τῶν
794 5113 956 5185 λογων
1036 5115 1350 5188 ὑπούργουν,
1435 5113 1638 5168 ἑκάστω
1714 5124 1814 5169 τῶν
1883 5117 2236 5187 ἁλισκομένων
2318 5114 2516 5169 ἀστέων
2615 5134 2668 5168 τε
2781 5117 2872 5175 καὶ
2967 5121 3156 5186 χωρῶν
3235 5117 3325 5165 καὶ
3408 5117 3612 5188 ’γραφή-

216 5195 562 5270 ἕγχαράττων
638 5199 923 5275 βασιλικήν
971 5224 984 5237 ο
1041 5205 1150 5265 ἔθος
1195 5205 1294 5278 γὰρ
1338 5211 1492 5258 τοῦτο
1552 5205 1772 5260 παλαιὸν
1840 5214 1923 5262 τοῖ
1989 5203 2277 5280 βασιλεῦσι
2352 5205 2639 5279 Ῥωμαίων,
2688 5200 2829 5264 δῆλα
2875 5210 2980 5265 τοῖς
3011 5204 3268 5278 μακρόθεν
3304 5198 3400 5258 διὰ
3443 5222 3611 5281 γραμ.

1132 5384 1476 5454 Theodori
1527 5386 1777 5455 Dousa:
1825 5395 1891 5454 et
1951 5386 2206 5456 Leonis
2255 5382 2492 5455 Allatii
2543 5390 2747 5452 notae.

304 5579 420 5648 (77)
459 5582 542 5651 Τῷ
567 5585 660 5641 τῆς
683 5574 942 5644 Ῥοδόπης
964 5583 1090 5654 ὄρει,
1124 5582 1301 5643 Anna
1329 5583 1658 5657 Comnena,
1689 5581 1774 5644 lib
1804 5601 1853 5645 XI

1970 5586 2119 5641 Κατὰ
2143 5587 2392 5661 γραμμήν
2422 5577 2748 5662 παράλληλον
2773 5588 2942 5638 κεῖται
2969 5591 3044 5658 τῷ
3063 5585 3232 5660 Αῖμῳ.
3255 5585 3392 5643 ALL.
