4152 6380
543 273 676 327 1095

1819 257 2103 314 GEORGII
2129 249 2592 311 ACROPOLITE

3777 255 3939 309 1096

538 410 673 450 esse
729 397 982 467 poterat,
1025 390 1368 459 efﬂuxisset,
1422 389 1746 459 Spartenus
1794 380 2055 437 velocius
2109 378 2187 434 ad

2306 374 2454 437 ϐὃοις
2499 379 2646 448 τάχα
2720 379 2807 430 τόν
2867 378 3146 447 Καμπανόν
3205 374 3396 436 ἐτάζων
3441 373 3784 447 ἀποκαλύψαι
3859 379 3945 429 τὰ

538 483 896 541 Demetrium
918 481 1203 554 pervolat,
1221 484 1281 534 et
1296 477 1444 547 inﬁt,
1469 498 1497 526 «
1521 478 1664 530 Rem
1688 472 1790 528 tibi
1812 473 2192 526 sacramento

537 574 861 629 corroboro
883 587 988 644 per
1008 576 1178 626 tuum
1195 574 1252 624 et
1275 573 1552 623 nostrum
1573 564 1848 620 omnium
1872 560 2190 616 dominum

536 662 899 718 Demetrium
957 657 1404 716 Thessalonices
1469 659 1805 710 curatorem
1863 665 1932 705 ac
1983 647 2191 703 mode-

532 758 815 819 ratorem,
835 769 865 804 ›
901 766 1023 823 quo
1047 764 1191 804 sane
1224 749 1601 802 sacramento
1631 741 1796 815 apud
1815 737 2188 795 Thessaloni-

533 857 743 898 censes
764 839 848 896 nil
874 837 1225 906 solemnius,
1249 835 1329 891 nil
1353 834 1613 890 sanctius
1634 828 1958 899 excogitari
1974 826 2189 900 potuit,

533 951 562 981 κ
595 945 716 986 non
739 927 891 985 alius
916 929 1257 999 aSparteno
1287 926 1632 995 Campanus
1653 924 1758 986 est,
1786 918 1890 991 qui
1917 931 2087 988 aeque
2117 930 2189 970 ac

533 1019 877 1091 Spartenus,
910 1031 1033 1088 quo
1062 1014 1296 1071 nullum
1324 1012 1475 1068 inter
1493 1009 1775 1066 mortales
1812 1006 2074 1079 reliquos
2104 1003 2188 1059 tui

534 1106 955 1162 studiosiorem
973 1101 1308 1174 cognoscis,
1329 1101 1390 1156 in
1421 1103 1477 1154 te
1503 1097 1708 1154 animo
1734 1095 1983 1152 affectus
2011 1097 2120 1149 est.
2159 1114 2180 1142 ν

535 1195 626 1251 Sic
659 1196 982 1267 Spartenus
1043 1190 1236 1246 scelus
1277 1187 1424 1244 alias
1481 1184 1886 1255 detegendum
1937 1180 2186 1254 provide

533 1283 812 1340 exhausit
840 1286 896 1338 et
915 1278 1231 1352 quaestioni
1259 1277 1444 1333 ﬁnem
1475 1275 1628 1330 fecit.
1658 1274 1838 1344 Igitur
1861 1272 2188 1344 imperator

527 1375 785 1429 Joannes
799 1385 1070 1426 unacum
1094 1367 1277 1423 milite
1307 1366 1503 1438 primo
1531 1361 1795 1419 diluculo
1821 1358 2188 1417 Thessaloni~

529 1477 664 1518 cam
691 1459 952 1532 appellit,
985 1458 1192 1529 ibique
1230 1461 1427 1512 castra
1457 1452 1626 1526 ponit
1653 1471 1667 1508 ε
1697 1467 1838 1506 nam
1871 1448 2184 1505 obsidione

2301 469 2512 540 κρύφια.
2553 465 2743 527 Ἀσκός
2770 461 2828 518 δὲ
2874 461 2956 532 ἦν,
3005 464 3065 516 ού
3126 466 3424 536 Καμπανὸς,
3489 466 3517 516 6
3568 469 3936 538 τυπτόμενος,

2301 556 2444 608 Ἐπεὶ
2476 551 2535 607 δὲ
2563 557 2593 613 ὴ
2635 553 2872 629 ἀρκοῦσα
2917 554 3028 627 ὥρα
3071 557 3263 628 παρῄει
3322 558 3413 606 καὶ
3469 552 3553 626 [Ρ.
3610 554 3702 628 45]
3765 555 3941 617 ἄξιον

2301 643 2525 718 ἐτασμὸν
2560 641 2885 713 δεδυνημὲνη
2925 646 3252 702 ποιήσασθαι
3295 648 3385 697 καὶ
3440 646 3694 697 ἔκπυστον
3749 647 3941 698 θεῖναι

2299 740 2388 786 καὶ
2450 738 2508 787 τό
2577 733 2624 786 ἐν
2679 742 2873 806 μυχοῖς
2940 731 3258 806 βαθυτάτοις
3313 731 3601 806 ἐγκείμενον
3657 733 3933 809 ἄρρητον,

2298 826 2361 884 ὡς
2392 820 2504 895 εἶχε
2531 820 2707 876 ποδῶν
2733 825 2760 875 ό
2799 826 3097 896 Σπαρτηνὸς
3145 820 3356 895 ἀφίκετο
3407 826 3532 898 πρὸς
3563 825 3657 876 ’τὸν
3724 830 3934 897 Δημή-

2295 932 2458 986 τριον,
2501 918 2590 965 καί
2620 913 2670 965 οἳ
2699 932 2831 985 φησι
2861 933 2872 946 ·
2903 934 2932 963 ‹‹
2974 916 3230 981 Δέσποτα,
3263 913 3398 988 ὅρκῳ
3444 931 3502 965 σε
3564 919 3829 966 πιστώσω
3859 917 3931 967 τὸ

2295 1007 2534 1077 πρᾶγμα.
2568 1006 2657 1056 Μὰ
2711 1005 2799 1055 τόν
2857 1005 2952 1056 σὸν
3005 1007 3096 1054 καὶ
3142 1003 3288 1075 ἡμῶν
3341 1001 3581 1054 ἁπάντων
3639 999 3931 1061 δεσποτην

2298 1097 2614 1166 Δημήτριον,
2661 1095 2748 1144 τὸν
2841 1088 3110 1164 κηδεμόνα
3195 1099 3287 1152 τῆς
3362 1090 3756 1152 Θεσσαλονίκης
3819 1098 3931 1147 καὶ

2296 1181 2581 1253 πολιοῦχον
2619 1181 2736 1254 (91)
2769 1202 2797 1231 ››
2825 1180 2998 1252 (οὗτός
3030 1177 3090 1233 δὲ
3120 1181 3146 1232 ό
3195 1181 3343 1256 ὅρκος
3381 1183 3526 1253 παρὰ
3581 1181 3929 1234 Θεσσαλονι-

2295 1278 2445 1323 κεῦσι
2483 1269 2632 1323 πλέον
2685 1279 2785 1322 τῶν
2823 1269 2986 1322 ᾱΰιλων
3062 1271 3226 1344 ὅρκων
3293 1269 3516 1342 ἰσχύει),
3579 1292 3608 1321 ‹‹
3668 1277 3930 1334 τοιοῦτός

2297 1358 2437 1412 ἐστιν
2508 1361 2534 1412 6
2589 1362 2868 1433 Καμπανὸς
2927 1361 3100 1420 ὁποῖός
3156 1357 3297 1412 ἔστιν
3355 1361 3380 1410 6
3439 1363 3766 1435 Σπαρτηνός,
3824 1368 3928 1416 καὶ

2295 1449 2460 1511 οὕτως
2491 1446 2755 1502 διάκειται
2777 1453 2898 1524 περὶ
2929 1452 2986 1502 σὲ
3031 1450 3265 1521 καθάπερ
3319 1444 3389 1507 δὴ
3443 1453 3534 1501 καὶ
3579 1451 3604 1501 6
3663 1457 3924 1526 Σπαρτη-

527 1565 662 1606 eam
684 1549 940 1618 cingere,
961 1563 1100 1603 cum
1120 1545 1200 1602 ad
1222 1543 1626 1601 obsidendum
1647 1539 1984 1597 necessaria
2009 1537 2182 1593 mini-

2294 1542 2398 1608 νὸς,
2460 1538 2513 1591 ὃν
2563 1538 2844 1614 ἀνθρώπων
2901 1538 3140 1591 ἁπάντων
3201 1537 3350 1590 πλέον
3402 1557 3459 1591 σε
3496 1538 3749 1610 φιλοῦντα
3818 1540 3922 1593 ἐπ-

527 1653 624 1695 me
642 1640 1186 1710 suppeterent,non
1205 1636 1458 1706 poterat.
1475 1628 1980 1687 Caduceatoribus
2001 1642 2182 1699 porro

524 1726 900 1792 Demetrium,
931 1729 995 1780 ut
1016 1725 1144 1796 ipse
1169 1723 1406 1793 juratus
1426 1721 1546 1792 89
1594 1717 1940 1791 imperatori
1967 1718 2180 1784 fuerat,

527 1815 606 1872 ad
637 1831 700 1871 se
732 1813 1003 1875 accersit,
1027 1811 1488 1884 emporiumque
1509 1807 1798 1881 poscebat
1824 1810 1992 1862 extra
2010 1805 2182 1860 Thes-

527 1902 881 1969 salonicam,
907 1903 969 1958 in
1000 1917 1122 1974 quo
1175 1899 1410 1964 milites,
1441 1913 1576 1970 quas
1625 1896 1739 1952 sibi
1794 1896 1926 1952 usui
1955 1898 2178 1962 essent,

525 1992 716 2065 pretio
763 1993 1121 2048 coemerent.
1153 1988 1250 2045 llle
1279 2004 1316 2044 a
1344 1986 1758 2043 consultorum
1788 1984 2018 2041 insidiis
2066 1983 2180 2039 sibi

523 2097 648 2140 non
664 2095 1032 2154 praecavens,
1057 2078 1229 2134 dictis
1248 2093 1458 2133 eorum
1474 2075 1919 2137 obsecundans,
1944 2072 2088 2129 nihil
2105 2087 2179 2128 ex

523 2171 615 2228 his
635 2187 769 2244 quae
797 2171 1116 2242 imperator
1144 2167 1438 2223 indixerat
1457 2170 1770 2222 exsecutus
1797 2169 1908 2222 est.
1944 2162 2178 2219 Paucis-

521 2261 707 2316 simos
717 2266 852 2332 post
862 2259 987 2315 dies
1003 2273 1192 2331 parva
1205 2256 1458 2312 militum
1475 2270 1692 2311 manus
1712 2253 1874 2326 apud
1893 2251 2173 2325 pusillam

519 2349 687 2407 urbis
709 2354 944 2422 portam
975 2353 1033 2404 et
1053 2361 1218 2403 mare
1252 2350 1623 2418 spectantem
1657 2343 1959 2410 adsidens,
1975 2346 2177 2398 custo-

518 2439 812 2512 diensque
841 2454 915 2494 ne
949 2437 1084 2509 quis
1118 2452 1190 2492 ex
1217 2435 1365 2492 urbe
1394 2450 1466 2490 ex
1521 2434 1847 2506 improviso
1902 2433 2171 2505 irrepens

517 2528 766 2584 militem
793 2527 1052 2592 laederet,
1085 2526 1298 2582 oborto
1325 2524 1465 2581 inde
1509 2524 1771 2580 clamore
1810 2528 2049 2595 portam
2093 2525 2173 2580 ab

515 2618 588 2674 iis
611 2618 716 2691 qui
743 2617 904 2673 intus
929 2620 1099 2673 erant
1123 2621 1397 2688 apertam
1440 2614 1648 2679 fuisse,
1700 2613 2027 2671 clamorem
2081 2615 2171 2671 in-

515 2707 800 2779 sequitur,
826 2711 882 2762 et
913 2705 1227 2760 universus
1256 2703 1548 2760 exercitus
1568 2706 1706 2775 post
1734 2718 1869 2759 eam
1897 2708 2168 2760 armatus

513 2812 652 2852 cum
664 2795 1022 2868 imperatore
1033 2792 1349 2850 confestim
1361 2791 1842 2849 Thessalonicam
1859 2793 1916 2849 in
1923 2808 2167 2863 gressus

2292 1633 2534 1700 ἐσγνωκας.
2575 1650 2603 1679 »
2663 1628 2844 1689 Οὕτως
2897 1629 2922 1679 6
2971 1629 3268 1702 Σπαρτηνὸς
3315 1630 3410 1686 τήν
3464 1627 3757 1700 μέλλουσαν
3803 1651 3922 1703 φω-

2289 1720 2511 1792 ραθῆναι
2580 1714 2925 1793 ῥᾳδιουργίαν
2995 1719 3334 1790 οἰκονομικῶς
3409 1713 3782 1772 διεσκέδασεν.
3853 1720 3916 1773 Ὀ

2289 1811 2378 1880 μὲν
2413 1804 2501 1860 οὖν
2533 1805 2778 1880 βασιλεὺς
2821 1807 3057 1868 Ἰωάννης
3126 1805 3332 1880 ἀπάρας
3397 1809 3465 1859 τὰ
3529 1811 3916 1883 στρατεύματα

2289 1896 2373 1950 ἐπὶ
2421 1902 2514 1956 τήν
2569 1895 2959 1955 Θεσσαλονίκην
3039 1895 3092 1959 ἐξ
3169 1895 3324 1970 ὀρθοῦ
3392 1903 3578 1972 χωρεῖ,
3637 1903 3731 1951 καὶ
3785 1904 3913 1975 περὶ

2289 1989 2484 2046 ταύτην
2531 1982 3070 2061 ἐστρατοπεδεύσατο.
3103 1983 3463 2060 Πολιορκῆσαι
3491 1988 3582 2058 μὲν
3645 1989 3752 2063 γὰρ
3811 1989 3915 2041 οῦκ

2289 2073 2349 2135 ἧν
2380 2077 2520 2148 αύτῷ
2548 2075 2631 2150 (ού
2685 2077 2786 2148 γὰρ
2842 2073 3102 2148 ἀρκούσας
3148 2071 3263 2147 εἶχε
3316 2076 3407 2136 τὰς
3437 2073 3524 2128 ἐπὶ
3566 2078 3736 2147 τούτῳ
3798 2074 3911 2130 δυ-

2285 2168 2574 2240 νάμεις¹³),
2631 2164 2911 2239 πρεσϐείας
2943 2161 3002 2218 δὲ
3065 2163 3246 2231 ἐποίει,
3308 2170 3399 2218 καὶ
3455 2163 3632 2226 ἐζήτει
3682 2166 3911 2228 ἐξελθεῖν

2285 2260 2418 2330 πρὸς
2477 2257 2629 2309 αὐτὸν
2686 2259 2774 2308 τόν
2827 2259 3144 2330 Δημήτριον,
3219 2256 3394 2316 καθὼς
3479 2249 3542 2312 ἦν
3595 2255 3914 2328 ὠμοσμένον

2285 2346 2447 2415 αύτῷ,
2479 2349 2556 2398 ἔτι
2607 2341 2667 2398 δὲ
2720 2351 2945 2403 ποιῆσαι
3021 2349 3112 2397 καὶ
3171 2343 3368 2418 ἀγορὰν
3398 2343 3492 2406 ἔξω
3562 2351 3654 2404 τῆς
3706 2344 3915 2412 πόλεως

2285 2436 2697 2503 Θεσσαλονίκης,
2731 2437 2800 2495 ὡς
2831 2432 2890 2485 ἂν
2929 2436 3102 2506 ἔχοιεν
3157 2433 3402 2486 ὠνεῖσθαι
3439 2436 3505 2486 τὰ
3537 2432 3782 2508 χρειώδη
3841 2439 3914 2491 τὰ

2285 2529 2669 2601 στρατεύματα.
2732 2524 2792 2577 Ὁ
2879 2521 2937 2576 δὲ
3021 2529 3126 2584 τοῖς
3206 2521 3502 2586 ἐπιϐούλοις
3580 2523 3911 2597 συμϐούλοις

2279 2622 2547 2692 χρώμενος
2619 2611 2770 2667 οὐδέν
2825 2633 2879 2667 τι
2916 2620 3017 2666 τῶν
3073 2615 3322 2665 τοιούτων
3366 2620 3594 2672 ποιῆσαι
3649 2633 3910 2690 παρεχω-

2277 2713 2435 2778 ρεῖτο.
2472 2707 2614 2758 Πάνυ
2660 2700 2719 2756 δὲ
2746 2703 2930 2774 ὀλίγων
2984 2704 3188 2777 ἡμερῶν
3245 2698 3722 2777 παραδραμουσῶν
3791 2705 3907 2759 όλί-

2275 2814 2371 2866 7ου
2448 2797 2588 2856 τινός
2658 2794 3050 2866 στρατεύματος
3123 2791 3346 2849 πλησίον
3435 2795 3718 2865 ἱσταμένου
3801 2804 3904 2857 τῆς

512 2885 718 2942 omnia
752 2889 1072 2956 occupant.
1095 2886 1423 2954 Imperator
1446 2881 1506 2936 in
1536 2887 1711 2953 porta
1735 2882 1900 2938 urbis
1929 2899 2064 2956 quae
2102 2885 2164 2940 in

2280 2889 2466 2956 μικρᾶς
2491 2882 2659 2944 πύλης
2699 2891 2792 2944 τῆς
2843 2883 2988 2954 παρὰ
3051 2888 3114 2954 τῇ
3168 2880 3406 2954 θαλάσση
3471 2880 3587 2955 [καὶ
3641 2881 3896 2956 ἐπονομα-

509 2974 798 3030 orientem
839 2973 1047 3044 vergit,
1081 2971 1256 3027 stetit.
1305 2970 1524 3026 Aderat
1553 2975 1610 3026 et
1673 2972 1947 3028 Demetrii
1997 2989 2167 3030 soror

510 3059 1116 3129 Irene,Bulgarorum
1156 3057 1344 3113 Asani
1365 3072 1535 3124 uxor,
1582 3057 1854 3129 supplex,
1907 3060 2164 3128 genibus

506 3149 651 3206 nixa
695 3153 752 3205 et
787 3145 1293 3220 lacrymabunda,
1347 3161 1604 3202 exorans
1641 3162 1716 3202 ne
1762 3146 1942 3204 frater
1976 3150 2166 3206 oculis

505 3236 935 3295 obcaacaretur.
975 3236 1303 3293 Demetrius
1332 3235 1391 3290 in
1423 3251 1623 3292 arcem
1650 3235 1814 3308 prius
1855 3253 1980 3294 sese
2008 3255 2166 3295 rece-

506 3331 694 3399 perat.
718 3329 915 3396 Soror,
934 3325 1269 3397 spondente
1286 3340 1354 3381 ac
1368 3325 1765 3397 jurejurando
1784 3326 2163 3398 promittente

504 3416 866 3487 imperatore
905 3413 1112 3471 oculos
1151 3430 1292 3470 eum
1331 3430 1454 3470 non
1489 3415 1874 3485 amissurum,
1918 3415 2162 3474 fratrem

505 3504 904 3562 adolescentis
935 3508 1170 3562 aetatem
1214 3509 1520 3560 maturam
1567 3503 1902 3560 admodum
1931 3521 2054 3578 prae
2099 3523 2161 3564 se

503 3593 811 3666 ferentem,
847 3593 952 3649 sed
989 3593 1190 3650 adhuc
1242 3592 1598 3655 imberbem,
1637 3591 1831 3650 forma
1879 3598 1934 3649 et
1963 3597 2161 3667 specie

503 3684 832 3754 egregium,
872 3684 953 3740 ad
1001 3683 1427 3756 imperatorem
1478 3681 1708 3738 detulit.
1752 3685 1896 3741 Eam
1930 3684 2160 3744 honore

502 3774 738 3830 ornavit
775 3773 1128 3844 imperator:
1171 3777 1238 3828 ut
1273 3772 1432 3828 enim
1479 3771 1579 3828 illa
1627 3787 1784 3846 equo
1827 3776 2156 3847 descendit,

499 3861 827 3934 imperator
842 3865 1020 3920 etiam
1043 3878 1079 3920 a
1098 3861 1342 3935 proprio
1362 3861 1636 3918 vehiculo
1657 3863 1954 3935 exsiliens,
1973 3866 2159 3938 pedes

501 3952 621 4024 90
647 3968 786 4008 cum
817 3968 888 4009 ea
910 3952 1086 4009 stetit.
1132 3950 1552 4008 Thessalonica
1607 3951 1720 4008 hac
1770 3954 2000 4010 ratione
2047 3956 2157 4012 sub

498 4042 875 4115 imperatoris
912 4040 1158 4097 Joannis
1209 4040 1430 4098 ditione
1473 4040 1636 4099 facta
1678 4047 1766 4098 est
1801 4042 1924 4100 imo
1955 4047 2155 4118 potius

499 4132 614 4188 sub
657 4131 844 4187 tutela
875 4134 1284 4187 Romanorum
1313 4132 1610 4205 acquievit
1667 4149 1678 4184 :
1731 4130 1888 4188 illius
1937 4137 2156 4192 etenim

498 4220 724 4277 domini
751 4220 1034 4275 Romanis
1054 4220 1354 4278 contraria
1372 4220 1726 4278 sentiebant.

2277 2972 2496 3045 ζομένης
2530 2971 2599 3044 ¹¹’]
2635 2968 2727 3023 διὰ
2754 2973 2811 3023 τὸ
2850 2975 2922 3042 μὴ
2985 2968 3294 3044 ἀπροόπτως
3343 2968 3562 3033 ἐξελθεῖν
3616 2991 3766 3034 τινας
3789 2981 3895 3025 τῶν

2274 3069 2366 3122 τῆς
2389 3060 2581 3122 πόλεως
2610 3065 2702 3112 καί
2727 3079 2869 3122 τινας
2926 3059 3270 3132 λυμαίνεσθαι
3317 3067 3419 3111 τῶν
3475 3059 3531 3112 ἐκ
3584 3069 3675 3114 τοῦ
3730 3081 3900 3137 στρα-

2274 3158 2384 3221 τοῦ,
2415 3149 2658 3213 ἐξαπίνης
2683 3147 2738 3201 ἐκ
2766 3151 2964 3210 ταύτης
3011 3147 3235 3221 ἐγεγόνει
3283 3146 3386 3222 βοὴ
3443 3153 3511 3214 ὡς
3565 3154 3800 3209 ἦνοικται
3851 3154 3887 3210 ἥ

2271 3239 2409 3298 πύλη
2442 3242 2586 3313 παρὰ
2612 3257 2744 3300 τινος
2773 3246 2873 3290 τῶν
2905 3237 3063 3306 ἐντός,
3111 3243 3201 3290 καὶ
3251 3245 3312 3311 τῇ
3368 3237 3467 3312 βοῇ
3519 3241 3781 3291 συνείπετο
3837 3239 3874 3294 ἦ

2271 3327 2754 3403 παραφυλάττουσα
2803 3324 3048 3400 δύναμις,
3104 3331 3194 3379 καὶ
3249 3330 3454 3400 σύμπαν
3505 3321 3563 3378 6":
3612 3327 3670 3377 τὸ
3704 3327 3883 3400 στρά-

2271 3438 2437 3492 τευμα
2467 3418 2710 3471 όπλισθέν
2756 3420 2886 3490 μετὰ
2921 3424 3015 3470 τοῦ
3067 3425 3383 3491 κρατοῦντος
3435 3415 3629 3489 ἐφοίτα.
3679 3420 3787 3468 Καὶ
3833 3414 3890 3468 ἓν

2273 3508 2457 3582 ἀκαρεῖ
2490 3511 2680 3569 πάντας
2712 3505 2851 3580 εἶχεν
2903 3508 2933 3564 ἡ
2991 3506 3352 3565 Θεσσαλονίκη
3410 3509 3529 3567 τοὺς
3580 3512 3670 3558 τοῦ
3728 3502 3899 3578 βασι-

2267 3597 2395 3661 λέως
2472 3596 2630 3659 ἐντός.
2697 3595 2756 3649 Ὀ
2816 3593 2876 3649 δὲ
2921 3594 3166 3668 βασιλεὺς
3238 3599 3363 3654 ἔστη
3417 3597 3562 3672 παρὰ
3620 3599 3714 3654 τὴν
3752 3598 3896 3668 πρὸς

2270 3688 2518 3750 ἀνατολὰς
2553 3685 2847 3760 βλέπουσαν
2907 3685 3074 3744 πύλην
3139 3693 3236 3746 τῆς
3288 3684 3506 3754 πόλεως,
3567 3689 3661 3738 καὶ
3702 3686 3732 3744 ἡ
3796 3692 3899 3738 τοῦ

2267 3783 2569 3853 Δημητρίου
2628 3773 2824 3849 ἀδελφὴ
2859 3775 3077 3850 Εἰρήνη,
3136 3777 3166 3834 ἡ
3217 3783 3310 3828 τοῦ
3362 3775 3674 3848 Βουλιγάρων
3725 3774 3902 3832 Ἀσὰν

2264 3873 2490 3942 γαμετὴ,
2563 3873 2926 3939 ’γονυπετοῦσα
2997 3869 3088 3917 καὶ
3166 3868 3488 3937 ποτνιωμένη
3561 3869 3634 3937 μὴ
3702 3867 3899 3919 παθεῖν

2266 3963 2352 4011 τὸν
2407 3953 2627 4029 ἀδελφόν
2683 3955 2844 4015 αὐτῆς
2893 3963 2993 4007 τῶν
3039 3952 3313 4027 ὀφθαλμῶν
3367 3957 3636 4027 στέρησιν.
3702 3952 3762 4006 Ὀ
3835 3952 3902 4008 δε

2267 4052 2559 4121 Δημήτριος
2612 4046 2736 4118 ἔφθη
2787 4044 2860 4106 εἰς
2905 4047 2998 4102 τήν
3053 4042 3332 4119 ἀκρόπολιν
3383 4040 3594 4104 ἀναϐὰς.
3659 4042 3901 4116 Ἐγγύας

2269 4135 2329 4192 δὲ
2385 4136 2669 4208 ἐνωμότους
2724 4137 2852 4209 πρὸς
2930 4141 3019 4188 τοῦ
3076 4131 3333 4207 βασιλέως
3380 4131 3618 4186 λαϐοῦσα
3677 4136 3744 4195 ὡς
3797 4135 3901 4188 ούκ

2279 4225 2520 4279 ἀπολέσει
2573 4224 2722 4286 οὗτος
2783 4227 2900 4285 τούς
2953 4223 3247 4297 ὀφθαλμούς
3296 4224 3364 4292 ¹⁵,
3424 4222 3582 4297 ἀπῄει
3633 4243 3689 4276 τε
3740 4228 3902 4300 παρὰ

497 4312 584 4361 τόν
642 4303 860 4380 αδελφον
913 4313 1004 4361 καὶ
1053 4313 1184 4383 πρός
1229 4313 1316 4362 τόν
1367 4309 1591 4384 βασιλέα
1644 4316 1821 4362 τοῦτον
1875 4309 2126 4384 ἐξήγαγεν
2160 4314 2261 4376 οῆν
2316 4313 2376 4367 δὲ
2431 4318 2590 4386 φέρων
2639 4313 2788 4376 οὗτος
2818 4317 2912 4372 τήν
2961 4313 3169 4370 ἠλικίαν
3226 4320 3319 4365 τοῦ
3373 4317 3639 4388 μείρακος,
3710 4333 3900 4388 προσ-

498 4405 638 4470 εχῶς
704 4398 774 4458 εἰς
837 4397 997 4458 αὐτὴν
1046 4400 1396 4475 παραγγείλας
1448 4403 1536 4451 καὶ
1590 4404 1748 4470 μήπω
1798 4401 2040 4471 χνοάζων
2084 4407 2142 4457 τό
2189 4409 2403 4478 γένειον,
2459 4405 2647 4476 ὡραῖος
2699 4399 2758 4456 δὲ
2801 4407 2860 4455 τό
2916 4399 3055 4465 εἶδος
3106 4406 3195 4455 καὶ
3252 4405 3346 4461 τὴν
3409 4406 3562 4475 φυήν.
3621 4407 3900 4476 Τετίμηκε

498 4483 558 4539 δὲ
587 4488 836 4544 ταύτηνό
875 4487 1121 4561 βασιλεύς
1161 4510 1174 4523 ·
1211 4491 1254 4524 ¹⁶
1285 4491 1354 4550 ὡς
1403 4489 1505 4560 γὰρ
1561 4484 1728 4546 ἀπέδὴ
1795 4488 1925 4548 αὐτὴ
1980 4499 2069 4544 τοῦ
2127 4494 2310 4559 ἵππου,
2365 4501 2654 4552 τηνικαῦτα
2716 4495 2806 4544 καὶ
2859 4492 2884 4544 6
2943 4489 3198 4563 βασιλεὺς
3247 4497 3339 4543 τοῦ
3401 4490 3594 4543 οἰκείου
3655 4489 3896 4564 ὀχήμα-

494 4595 578 4637 τος
639 4575 837 4640 αποϐἀς
892 4582 1046 4643 πεζὸς
1103 4579 1290 4636 ἕστηκε
1349 4580 1442 4630 σὺν
1500 4576 1630 4648 αὐτῇ
1699 4577 1764 4633 ¹⁷.
1830 4577 1888 4631 Ἠ
1950 4583 2040 4654 μὲν
2099 4579 2187 4637 οὖν
2235 4583 2383 4647 πόλις
2459 4576 2820 4640 Θεσσαλονίκη
2875 4580 3040 4642 οὕτως
3095 4583 3194 4634 ὑπὸ
3246 4583 3334 4633 τόν
3390 4578 3618 4652 βασιλέα
3665 4583 3898 4654 ’γέγονεν

495 4664 756 4736 Ἰωάννην,
795 4667 986 4741 μᾶλλον
1025 4665 1085 4721 δὲ
1122 4669 1222 4720 ὑπὸ
1253 4666 1533 4740 Ῥωμαίους
1574 4685 1587 4699 ⁸
1626 4666 1674 4718 οἱ
1701 4668 1800 4740 γὰρ
1840 4667 2004 4730 αὐτὴν
2046 4680 2353 4749 κρατοῦντες
2393 4672 2774 4748 ἐναντιόφρονες
2827 4670 3099 4744 Ῥωμαίοις
3135 4669 3338 4723 ἐτέλουν
3372 4670 3441 4728 η,

565 4846 613 4883 ¹⁸
636 4847 696 4900 ού
716 4879 787 4889 -
817 4845 1067 4921 δυνάμεις
1093 4863 1216 4904 om.
1249 4847 1315 4901 D.
1432 4848 1476 4882 ¹⁵
1503 4851 1592 4900 καὶ
1618 4845 1906 4924 ἑπονομαξο
1950 4854 2066 4915 ἐνης
2101 4868 2227 4912 om,

565 4939 574 4958 ν
605 4919 800 4958 ἓνσίυνυ-
833 4919 1291 4958 ηνσηηηφιΓόηςνῆΓ
1317 4920 1411 4958 τῆν
1441 4923 1750 4958 φηπεῖνωκηι
1890 4873 1948 4958 ἲςι
1968 4931 2058 4958 φθῆ
2089 4925 2227 4958 ’.λη-ι’,

610 4849 787 4936 Lm},—
817 4849 1067 4921 δυνάμεις
1088 4863 1216 4936 9m.
1249 4849 1315 4901 D.
1361 4920 1372 4936 ‘
1432 4849 1476 4882 “
1503 4851 1593 4936 xui
1618 4849 2066 4936 ἐπονομαζομένης
2101 4868 2187 4910 on

2341 4853 2386 4889 “5
2413 4855 2478 4936 ὡς
2509 4883 2577 4936 -_—
2627 4849 2924 4936 ὀφθαλμούς
2948 4865 3069 4936 ορ).
3304 4849 3350 4886 ¹⁶
3381 4852 3518 4936 ante
3548 4850 3616 4911 ὡς
3645 4879 3716 4889 -
3771 4849 3890 4936 Dn:

566 4872 696 4936 "’ou
716 4879 787 4889 —
817 4872 1067 4921 ουναμεις
1093 4872 1216 4930 qui.
1249 4872 1315 4901 υ.
1433 4872 1476 4882 ’τ
1503 4872 1592 4900 και
1618 4872 2066 4958 επονομαεομενης
2101 4872 2227 4912 om.
2342 4872 2386 4889 λυ
2413 4872 2478 4913 ως
2509 4883 2577 4893 -
2627 4872 2791 4925 οφυαΛ

490 4918 576 4974 οἶα
604 4925 800 4984 εκείνης
833 4919 1291 4994 σχηματιζομενος
1317 4920 1411 4976 τὴν
1441 4923 1776 4979 ταπείνωσιν.
1890 4926 1902 4958 ¹
1968 4931 2058 4977 τοῦ
2088 4925 2277 4979 οἰκείου
2309 4957 2374 4968 ——
2408 4924 2536 4998 αὐτῇ
2593 4939 2714 4982 om.

2959 4923 3003 4959 ¹⁸
3055 4921 3246 4996 μᾶλλον
3275 4952 3345 4962 --
3375 4919 3575 4975 ἐτέλουν
3625 4935 3754 4978 om.
3809 4921 3887 4980 D.

1378 5094 1717 5167 Theodori
1766 5101 2018 5171 Dousae
2068 5111 2134 5170 et
2180 5100 2436 5172 Leonis
2479 5100 2715 5169 Allatii
2764 5107 2967 5168 notae.

2251 5266 2342 5305 νην
2372 5261 2387 5313 ;
2420 5253 2528 5306 πῶς
2557 5246 2657 5298 ὑπο
2693 5248 2777 5316 σοὶ
2807 5243 3080 5316 πολιούχῳ
3103 5243 3133 5301 ἡ
3186 5241 3397 5316 ἐχθροῖς
3439 5240 3655 5307 ἄϐατος,
3689 5239 3782 5316 ἀφ’
3814 5245 3886 5298 οὗ

2253 5322 2448 5391 χρόνου
2495 5319 2688 5391 ταύτην
2735 5315 2879 5378 ἣλιος
2935 5315 3204 5386 ἐθεάσατο,
3242 5315 3514 5391 ,τοσούτων
3572 5315 3749 5366 κακῶν
3807 5317 3885 5378 εἰς

2252 5383 2432 5466 πεῖραν
2491 5388 2684 5462 ἐγένετο
2718 5405 2731 5456 ;
2765 5397 2875 5450 πῶς
2926 5396 3020 5450 τῆς
3081 5383 3198 5466 τῶν
3229 5383 3629 5439 δυσσεϐούντων
3675 5385 3883 5461 ὀφρύος

2252 5461 2484 5536 ἠνέσχου
2524 5461 2960 5536 νκατορχουμένης
3007 5467 3098 5520 τῆς
3148 5461 3284 5534 ἱερᾶς
3338 5463 3674 5536 προστασίας
3705 5477 3720 5529 ;
3756 5468 3879 5524 πῶς

2251 5529 2528 5607 ὑπέμεινας
2547 5529 2832 5588 ταῦτα’καὶ
2859 5529 3165 5607 διεκαρτέρη
3176 5529 3271 5596 σας
3294 5547 3310 5602 ;
3333 5529 3470 5588 ΑΗ..

559 5241 671 5315 (9|)
713 5234 1022 5315 Quomodo
1045 5236 1108 5298 S.
1145 5241 1471 5315 Demetrius
1495 5243 1567 5299 sit
1594 5245 2024 5302 Thessalonica
2045 5265 2142 5305 κη-

489 5308 662 5390 ᾂεμὼν
699 5319 756 5368 et
789 5312 1106 5390 πολιοῦχος,
1156 5313 1307 5390 inter
1338 5315 1818 5390 _alios__pluribus
1860 5318 2143 5390 explicuit

485 5385 752 5465 ._l_o'an‘nes
782 5385 1125 5465 Statiracius
1156 5385 1231 5441 de
1270 5385 1572 5465 miraculis
1631 5390 1702 5465 S._
1732 5385 2042 5465 Demetrii.
2079 5393 2144 5445 Et

484 5456 765 5537 Nicolaus
791 5456 1132 5537 patriarcha
1163 5457 1454 5537 monodia
1482 5459 1555 5513 de
1570 5459 1824 5537 excidia
1836 5460 2144 5537 Thessalo-

485 5529 760 5605 nicensi_:
802 5533 913 5580 Ποῦ
980 5547 1090 5601 μοι,
1168 5533 1419 5605 Δημέτριε
1505 5532 1731 5605 μάρτυς,
1801 5533 1832 5590 ἡ
1896 5529 2146 5596 ἀήττητος

487 5602 822 5674 συμμαχία;
864 5598 989 5662 πῶς
1020 5598 1115 5661 τήν
1169 5598 1266 5662 σὴν
1325 5598 1473 5658 πόλιν
1505 5598 1785 5676 ’ὑπερεῖδες
1847 5605 2145 5681 πορθουμέ-
