4152 6388
213 258 354 314 1097
1844 281 1853 301 λ

1963 245 2182 302 ιΑιΕε.
3467 247 3603 304 1098

283 381 392 454 μς·’.
438 380 652 450 Ὀλίγαις
702 379 746 413 ¹⁹
786 374 846 430 δὲ
902 379 1037 430 πάνυ
1087 377 1281 447 ἡμέρας
1320 372 1369 425 ἐν
1425 380 1488 444 τῇ
1566 370 1832 425 Θεσσαλο-
1867 409 1914 461 Α

2016 374 2084 426 43
2117 372 2236 425 Nec
2266 369 2523 425 multum
2562 369 2995 427 Thessalonicae
3029 374 3441 428 commoratus
3493 372 3601 429 im-

212 475 335 542 νίκη
386 470 861 542 προσκαρτερήσας
893 466 978 536 [Ρ.
1019 465 1108 534 46]
1154 465 1180 514 ό
1235 461 1480 534 βασιλεὺς
1529 462 1829 532 (κατήπειγε

1961 464 2184 533 perator
2220 459 2476 514 hiberna
2529 474 2672 515 nam
2710 476 2827 531 que
2869 464 3223 532 tempestate
3276 461 3601 518 Decembre

212 530 323 634 γὰρ⁸
373 530 526 610 αότόν
589 530 614 608 6
664 530 757 609 τοῦ
805 563 1062 628 χειμῶνος
1107 555 1290 626 καιρός
1334 572 1346 584 ·
1398 549 1658 626 Δεκέϐριος
1711 552 1814 624 γὰρ

1960 530 2154 604 mense
2184 549 2639 604 exhorrescente
2687 530 3061 619 pellebatur),
3094 550 3154 605 in
3185 565 3257 606 ea
3305 566 3600 620 magnum

216 649 476 721 ἐτύγχανε
519 645 668 721 μὴν),
732 644 876 718 ἀφεὶς
934 646 982 696 ἐν
1039 644 1170 714 αὐτῇ
1236 644 1325 694 τὸν
1370 644 1532 713 μέγαν
1586 636 1837 712 δομέστι-

1956 638 2346 694 domesticum
2361 638 2735 693 Comnenum
2749 637 3156 694 Andronicum
3175 639 3596 710 Palaeologum,

216 758 306 792 κον
358 741 447 790 τὸν
503 738 771 809 Κομνηνόν
824 729 1160 806 Ἀνδρόνικον
1209 734 1296 782 τὸν
1348 729 1718 800 Παλαιολὸγον,
1777 726 1838 779 οὗ

1961 727 2120 799 zujus
2133 727 2353 798 saepius
2369 726 2756 793 meminimus,
2770 726 2923 782 inter
2933 726 3092 783 viros
3115 728 3317 785 militia
3337 730 3601 787 celebres

217 826 472 888 πολλάκις
528 825 870 898 ἐμνήσθημεν,
951 825 1016 874 τὰ
1070 829 1255 894 πρῶτα
1318 824 1534 892 φέροντα
1607 826 1706 871 τῶν
1786 815 1834 868 ἐν

1960 816 2176 888 primas
2201 815 2447 886 ferente,
2477 815 3014 888 prudentissimum
3037 820 3095 872 et
3118 832 3304 888 quam
3335 819 3600 876 maxime

224 920 570 990 στρατηγίαις
634 915 980 986 τεταγμένων,
1057 906 1229 983 ἄνδρα
1298 914 1648 961 συνετώτατον
1738 909 1828 958 καὶ

1959 911 2357 970 mansuetum,
2383 905 2532 962 aciei
2552 906 2919 962 instruendae
2940 911 2998 961 et
3024 905 3332 976 digerendi
3353 908 3599 966 militem

221 1010 510 1081 πραότατον
563 1007 652 1056 καὶ
709 999 765 1056 εὖ
821 998 1002 1055 εἰδότα
1055 1005 1146 1052 καὶ
1221 1001 1405 1073 μάχην
1476 997 1692 1051 ὁπλίσαι
1750 1000 1842 1050 καὶ

1961 996 2174 1067 optime
2205 1011 2482 1065 gnarum,
2512 1000 2569 1051 et
2592 995 2731 1052 belli
2764 996 3056 1068 pacisque
3090 997 3317 1053 artibus
3346 997 3601 1068 clarum,

229 1091 494 1148 διευθῦναι
533 1093 652 1145 λαὸν
702 1096 792 1144 καὶ
841 1090 890 1143 ἐν
943 1090 1239 1162 πολεμικοῖς
1289 1094 1378 1141 καὶ
1423 1087 1702 1160 εἰρηνικοῖς
1735 1092 1842 1148 τοῖς

1963 1085 2511 1158 relinquens,victor
2529 1085 2910 1158 triumphans
2926 1086 2987 1142 in
3006 1086 3306 1144 Orientem
3323 1103 3603 1144 reversus

227 1190 450 1256 καιροῖς,
503 1186 716 1242 νικητὴς
772 1179 1100 1244 ἐπανέςευξεν
1151 1179 1218 1240 εἰς
1262 1183 1356 1237 τὴν
1408 1179 1492 1249 ἕω,
1579 1177 1842 1251 θαυμαζό-

1966 1179 2059 1243 ast,
2092 1175 2171 1231 ab
2201 1175 2487 1231 omnibus
2502 1175 2788 1232 laudibus
2808 1177 3224 1249 encomiisque
3245 1176 3324 1234 ob
3349 1177 3606 1234 celerem

225 1291 372 1346 μενος
417 1273 466 1307 ²⁰
523 1273 624 1324 ὑπὸ
682 1273 888 1324 πάντων
927 1275 1018 1322 καὶ
1071 1269 1397 1342 κλεῑζόμενος
1458 1275 1553 1330 τῆς
1616 1276 1840 1340 ταχινῆς

1969 1280 2024 1320 ιο
2053 1264 2384 1320 maximam
2410 1264 2743 1333 victoriam,
2769 1281 2892 1322 non
2914 1281 2950 1322 a
2982 1267 3105 1322 suis
3136 1266 3348 1335 modo,
3383 1267 3490 1324 sed
3510 1283 3609 1324 ex-

227 1362 468 1415 οὕτωκαὶ
502 1365 761 1434 μεγίστης
789 1363 960 1426 νίκης,
995 1358 1100 1431 οὐχ
1155 1361 1253 1410 ὃπὸ
1275 1367 1375 1410 τῶν
1427 1357 1626 1410 οἰκείων
1667 1361 1840 1429 μόνον,

1965 1353 2133 1410 ternis
2177 1353 2376 1420 etiam,
2423 1352 2876 1411 condecoratus.
2939 1357 3130 1427 Supra
3159 1356 3322 1411 enim
3377 1360 3605 1413 naturae

229 1449 360 1504 ἀλλὰ
398 1455 489 1503 καὶ
541 1452 642 1502 ὑπὸ
686 1457 788 1501 τῶν
858 1448 1138 1524 ἀλλοτρίων
1201 1469 1214 1482 ο
1267 1449 1394 1520 ὑπὲρ
1461 1451 1688 1519 φυσικὴν
1739 1450 1838 1520 γὰρ

1967 1449 2190 1515 :aptum
2200 1442 2433 1499 facinus
2447 1447 2501 1500 et
2516 1447 2870 1515 tropaeorum
2887 1444 3174 1502 crebritas
3186 1444 3392 1502 divina
3409 1445 3607 1517 potius

228 1540 378 1603 τάξιν
408 1535 554 1602 ἔδοξε
606 1541 665 1591 τὸ
696 1540 1012 1612 κατόρθωμα
1041 1541 1132 1590 καὶ
1183 1545 1283 1590 τῶν
1330 1541 1592 1610 τροπαίων
1633 1539 1690 1587 τὸ
1723 1534 1843 1587 ἀλλ-

1966 1533 2326 1605 providentia
2337 1549 2526 1606 quam
2541 1533 2894 1590 militaribus
2916 1534 3145 1591 artibus
3174 1539 3410 1607 patrata
3421 1536 3606 1592 fuisse

231 1628 532 1696 επάλληλον,
561 1633 652 1680 καὶ
704 1635 838 1682 Θεοῦ
875 1628 1064 1700 μᾶλλον
1117 1631 1335 1701 προνοίᾳ
1364 1627 1394 1685 ὴ
1458 1632 1839 1699 στρατηγικαῖς

1968 1623 2086 1678 visa
2115 1627 2270 1678 sunt.
2334 1625 2612 1680 Praeterea.
2676 1623 3024 1680 Melenicum
3094 1626 3296 1681 Serras
3347 1641 3418 1681 ac
3471 1624 3608 1682 loca

230 1715 478 1792 μεθόδοις
517 1722 670 1770 ταυτὶ
721 1714 757 1770 δ
763 1716 1142 1792 ιαπράξασθαι.
1192 1715 1540 1770 Καταλέλοιπε
1571 1712 1631 1768 δὲ
1661 1720 1748 1768 καὶ
1779 1718 1847 1776 εἰς

1967 1712 2293 1784 adjacentia
2348 1713 2410 1768 in
2493 1713 2679 1770 ﬁdem
2744 1729 2815 1770 ac
2895 1713 3231 1771 clientelam
3309 1715 3607 1772 Michaelis

231 1827 288 1861 τε
334 1815 425 1860 τοῦ
458 1806 730 1861 Μελενίκου
769 1811 857 1858 καὶ
908 1810 996 1865 τὴν
1041 1814 1138 1858 τῶν
1192 1805 1387 1880 Σερῥῶν
1435 1811 1674 1857 καὶτῶν
1729 1810 1847 1880 περὶ

1968 1803 2260 1869 Ξοωηθῑιὶ,
2304 1802 2444 1858 dicti
2473 1803 2679 1872 magni
2707 1801 3025 1859 domestici
3046 1803 3224 1875 primi
3253 1804 3383 1871 ﬁlii,
3423 1820 3608 1876 quem

231 1899 394 1959 αὑτὰς
447 1895 679 1968 φυλακὴν
729 1898 816 1947 τὸν
863 1903 956 1948 τοῦ
1005 1895 1272 1970 εἰρημένου
1327 1894 1552 1968 μεγάλου
1603 1891 1847 1967 δομεστί-

1971 1897 2092 1963 post
2111 1907 2306 1948 annos
2327 1907 2451 1948 non
2473 1892 2696 1948 multos
2717 1895 3126 1950 Romanorum
3147 1894 3470 1967 imperium
3487 1910 3611 1951 non

227 2007 324 2040 κου
373 1994 576 2062 πρῶτον
643 1987 754 2038 υἱόν
809 1988 894 2037 τὸν
978 1989 1242 2058 Κομνηνόν
1299 1983 1542 2056 Μιχαὴλ,
1599 1983 1653 2035 ὃν
1718 1986 1850 2055 μετὰ

1972 1981 2086 2037 sine
2114 1986 2169 2038 et
2188 1981 2566 2037 fortunarum
2596 1985 2653 2037 et
2673 1981 2877 2051 gloria
2898 1983 3268 2039 incremento
3296 1984 3389 2040 sui
3417 1983 3612 2040 admi-

228 2081 462 2151 χρόνους
511 2077 655 2136 τινὰς
709 2075 740 2132 ἡ
802 2082 902 2126 τῶν
958 2073 1222 2147 Ῥωμαίων
1281 2072 1528 2147 βασιλεία
1556 2072 1849 2130 πεπλουτη-

1973 2071 2336 2128 iistratorem
2383 2072 2648 2143 agnovit,
2696 2072 2961 2128 contulit.
3020 2075 3137 2129 Nec
3195 2088 3318 2130 non
3371 2073 3613 2130 arcibus

228 2184 318 2218 κεν
349 2165 421 2226 εἰς
449 2164 701 2236 εὐτυχίαν
744 2164 856 2235 (9'2)
896 2165 1095 2225 ταύτης
1125 2168 1217 2216 καὶ
1265 2159 1526 2230 εὐδοξίαν,
1585 2161 1735 2214 ἄλλον
1797 2181 1851 2216 τε

1970 2160 2193 2216 tuendis
2215 2177 2285 2217 ac
2315 2159 2709 2216 defendendis
2736 2161 2987 2217 urbibus
3015 2161 3202 2219 alium
3223 2167 3405 2235 atque
3435 2162 3610 2219 alium

232 2252 476 2326 ἀλλαχοῦ
532 2252 789 2326 ἐπαφῆκεν
823 2253 894 2315 εἰς
941 2250 1224 2326 ἀσφάλειαν
1279 2260 1380 2304 τῶν
1430 2259 1620 2326 χωρῶν
1673 2271 1728 2304 τε
1765 2255 1850 2303 καὶ

1971 2250 2264 2322 imposuit,
2278 2250 2502 2322 quibus
2520 2250 2578 2321 9
2591 2252 2632 2320 1
2643 2265 2940 2321 magnum
2953 2250 3444 2320 domesticum,ut
3455 2251 3611 2308 illius

229 2342 452 2411 πόλεων,
481 2341 649 2394 ἕπάνω
691 2338 751 2395 δε
807 2343 1012 2394 πάντων
1061 2346 1150 2396 τὸν
1201 2345 1365 2415 μέγαν
1412 2337 1745 2413 δομέστικον,
1788 2342 1852 2401 ὡς

1971 2341 2212 2413 imperia
2247 2356 2420 2413 aeque
2467 2356 2538 2396 ac
2570 2340 2795 2397 subditi
2843 2347 3247 2414 capesserent,
3306 2346 3611 2415 praecepta

233 2431 300 2484 ἂν
331 2433 627 2485 ὑπείκοιντο
655 2433 841 2492 πάντες
900 2431 1040 2502 αὐτῷ
1091 2435 1183 2484 καὶ
1235 2438 1344 2493 τοῖς
1392 2431 1479 2483 ὑπ’
1508 2429 1668 2482 αὐτοῦ
1698 2429 1850 2502 λεγο-

1971 2436 2124 2487 sarta
2164 2435 2322 2488 tecta
2349 2430 2661 2498 haberent,
2697 2431 2878 2487 rebus
2905 2432 3181 2502 gerendis
3225 2432 3611 2490 obsecunda-

233 2524 414 2596 μένοις
469 2539 522 2573 τε
592 2524 684 2572 καί
755 2524 1153 2594 πραττομένοις,
1206 2515 1277 2573 Ὀ’
1320 2523 1410 2592 μὲν
1459 2515 1547 2572 οὖν
1599 2518 1851 2592 βασιλεὺς

1971 2525 2107 2592 rent,
2131 2521 2412 2593 prafecit.
2434 2523 2585 2590 Ergo
2603 2519 2932 2592 imperator
2947 2536 3224 2591 egressus
3282 2523 3344 2578 in
3375 2523 3611 2580 Oriente

236 2609 310 2672 εἰς
357 2612 425 2663 τὰ
474 2618 569 2672 τῆς
623 2610 688 2662 ἔω
746 2614 875 2685 μέρη
939 2607 1268 2685 διαπεράσας
1325 2606 1481 2681 διῆγε
1520 2611 1589 2679 ²¹,
1645 2614 1735 2662 καὶ
1761 2613 1849 2662 τὸν

1976 2609 2235 2681 legebat.
2247 2610 2605 2666 Demetrium
2622 2625 2657 2666 a
2670 2610 3279 2668 Thessalonicensium
3299 2612 3616 2669 dominatu

239 2705 556 2775 Δημήτριον,
635 2698 688 2751 ὃν
749 2708 846 2759 τῆς
904 2699 1325 2752 Θεσσαλονικέων
1382 2698 1554 2772 ἀρχῆς
1598 2698 1848 2769 καθεῖλεν,

1979 2699 2344 2756 ΞΧῐΠΓδᾶῐυῑΠ
2367 2704 2424 2755 et
2447 2700 2506 2755 in
2531 2715 2666 2756 arce
2689 2702 2973 2757 Lentiana
3001 2701 3313 2758 occlusum
3329 2703 3392 2757 in
3421 2705 3619 2758 custo-

237 2789 291 2842 ἐν
346 2797 420 2860 τῷ
460 2793 689 2864 φρουρίῳ
736 2788 1008 2862 καθειρξας
1055 2798 1155 2842 τῶν
1213 2797 1502 2842 Λεντιανῶν
1546 2791 1716 2864 ἐτήρει
1778 2791 1846 2844 ³³.

1979 2789 2126 2846 liam
2165 2789 2341 2846 misit.
2382 2791 2641 2859 Magnus
2670 2789 2905 2846 interim
2944 2791 3311 2848 domesticus
3349 2807 3474 2848 non
3512 2789 3619 2847 diu

237 2879 298 2932 Ὀ
331 2875 390 2934 δε
447 2883 610 2950 μέγας
667 2874 982 2949 δομέστικος
1035 2877 1204 2950 ολίγον
1262 2877 1497 2940 ἐπιϐιοὺς
1539 2883 1731 2953 χρόνον
1758 2882 1848 2930 καὶ

1979 2879 2081 2936 vita
2110 2883 2429 2951 protracta,
2457 2879 2563 2935 sed
2601 2879 2706 2951 qui
2729 2895 2852 2936 non
2883 2879 3010 2936 sine
3036 2881 3305 2936 nominis
3326 2885 3384 2937 et
3414 2880 3619 2950 glorias

240 2967 412 3030 καλῶς
444 2965 736 3040 δίοπρέψας
784 2965 831 3017 ἐν
889 2975 951 3038 τῇ
1007 2969 1194 3020 τούτου
1249 2966 1417 3043 ἀρχῇ,
1468 2973 1701 3030 νοσήσας
1763 2973 1852 3020 καὶ

1981 2969 2130 3026 'ama
2155 2971 2218 3024 in
2244 2969 2762 3025 administratione
2813 2986 2876 3026 se
2929 2975 3212 3040 gesserat,
3233 2971 3297 3026 in
3336 2970 3621 3026 morbum

243 3061 341 3116 τὴν
395 3061 564 3130 τρίχα
622 3054 894 3126 ἁποκαρεὶς
943 3061 1003 3109 τὸ
1069 3056 1220 3131 βιοῦν
1276 3057 1635 3132 ἐξεμέτρησεν.
1693 3059 1852 3113 Ἀπε-

1979 3058 2236 3115 ncidens
2287 3058 2516 3130 capillis
2573 3058 2840 3114 detonsis
2888 3059 3074 3116 vitam
3122 3059 3274 3117 ﬁniit
3308 3077 3323 3129 ;
3354 3060 3416 3116 in
3443 3059 3619 3130 cujus

249 3145 413 3204 στα’λη
473 3146 522 3180 ³³
553 3141 612 3198 δέ
637 3144 746 3198 ἀντ’
791 3145 950 3198 αὐτοῦ
981 3143 1248 3223 Θεόδωρος
1273 3149 1299 3200 ὁ
1326 3148 1485 3209 ψιλῆς
1538 3147 1647 3200 ἀντ’
1687 3148 1852 3201 αὐτοῦ

1981 3165 2162 3205 ocum
2198 3121 2484 3204 suﬂ‘ectus
2542 3151 2634 3203 est
2695 3147 3043 3204 Theodorus
3087 3121 3320 3218 Philes;
3357 3149 3460 3222 qui
3486 3121 3621 3204 loco

243 3233 443 3290 διέπειν
472 3237 538 3288 τὰ
567 3242 659 3295 τῆς
690 3233 868 3310 ἀρχῆς
895 3237 964 3295 ³⁸.
1020 3237 1162 3290 Ἐπεὶ
1217 3233 1276 3290 δε
1329 3239 1430 3291 ὑπὸ
1485 3240 1571 3291 τὸν
1632 3236 1858 3312 βασιλέα

1980 3239 2120 3296 llius
2140 3239 2460 3313 imperium
2485 3242 2736 3308 regeret,
2782 3239 3041 3296 Subacta
3104 3239 3528 3297 Thessalonica
3547 3253 3620 3296 ac

242 3324 478 3398 ἰχεγόνει
555 3323 912 3384 Θεσσαλονίκη
971 3331 1062 3379 καὶ
1113 3325 1348 3402 Βίρῥοια,
1399 3330 1464 3380 1'6
1520 3326 1708 3380 ἐκεῖθεν
1767 3328 1857 3380 αὐ-

1978 3330 2220 3396 Berroea,
2245 3345 2381 3403 quae
2401 3327 2540 3385 inde
2565 3329 3042 3386 extendebantur
3063 3329 3197 3386 loca
3226 3331 3306 3387 ad
3331 3347 3618 3389 occasum

241 3423 344 3467 τῶν
381 3419 472 3466 καὶ
519 3415 650 3486 πρὸς
709 3409 921 3487 δυσμὰς
980 3412 1082 3468 ἀπὸ
1131 3423 1222 3468 τοῦ
1279 3415 1632 3489 Πλαταμῶνος
1692 3415 1856 3491 ἀρχόο

1976 3421 2044 3476 ab
2065 3436 2262 3492 usque
2282 3419 3105 3493 Platamone,etquaacunque
3115 3420 3194 3477 ad
3206 3421 3616 3493 Pelagoniam,

243 3522 372 3578 μενα
399 3504 500 3556 ὑπὸ
546 3505 634 3554 τὸν
695 3499 958 3562 δεσπότην
1007 3505 1233 3577 Μιχαὴλ
1289 3504 1506 3569 ἐτελουν,
1567 3509 1644 3559 ἔτι
1685 3525 1741 3558 τε
1790 3509 1858 3560 τὰ

1975 3509 2286 3566 Achridam
2353 3512 2410 3564 et
2452 3508 2755 3580 Prilapum
2791 3509 3144 3579 attinebant,
3202 3511 3319 3566 sub
3335 3511 3615 3568 Michaele

243 3597 365 3668 περὶ
396 3591 710 3664 Πελαγονίαν
751 3597 842 3646 καὶ
890 3590 1126 3666 Ἀχρίδα
1170 3598 1258 3646 καὶ
1305 3595 1591 3670 Πρίλαπον.
1623 3599 1758 3656 Τοὺς
1797 3592 1856 3650 δὲ

1979 3599 2216 3671 iespota
2231 3604 2420 3669 erant,
2460 3597 2707 3663 Bodeni,
2745 3598 3058 3664 Staridola,
3115 3599 3364 3656 Strobus
3390 3599 3619 3658 etcirca

244 3679 508 3745 Βοδηνοὺς
565 3687 652 3735 καὶ
710 3679 1002 3758 Σταρίδολα
1056 3683 1276 3759 Στρόϐον
1334 3705 1389 3738 τε
1457 3690 1548 3738 καὶ
1621 3688 1686 3739 τὰ
1734 3690 1854 3761 περὶ

1978 3703 2038 3745 3a
2077 3688 2212 3744 loca
2257 3687 2371 3743 sub
2422 3686 2696 3742 Demetrii
2743 3687 2942 3743 fratre.
2989 3687 3332 3744 Michaelem
3364 3692 3618 3761 patruus

245 3779 418 3827 ταῦτα
459 3773 486 3824 ὁ
514 3780 606 3825 τοῦ
639 3777 940 3845 Δημητρίου
997 3778 1196 3848 πατὴρ,
1254 3782 1344 3828 τοῦ
1383 3774 1608 3848 Μιχαὴλ
1634 3771 1696 3828 δὲ
1725 3777 1858 3836 θεῖος

1601 3807 1608 3828 ι
1634 3771 1696 3828 δὲ
1725 3777 1858 3836 θεῖος
1964 3778 2230 3847 Angelus
2267 3774 2614 3831 Theodorus
2642 3789 2828 3847 penes
2858 3789 2923 3830 se
2959 3773 3241 3832 habebat.

247 3862 276 3913 6
306 3859 556 3933 Ἀγγελος
583 3867 799 3933 κατεῖχε
827 3858 1104 3935 Θεόδωρος
1132 3864 1201 3918 ³⁵.

325 3948 435 4022 με’.
485 3949 544 4001 ’0
733 3958 820 4003 οῦν
867 3949 1114 4024 βασιλεὺς
1171 3950 1220 4003 ἓν
1273 3961 1379 4014 τοῖς
1432 3960 1524 4006 τοῦ
1578 3958 1858 4028 Νυμφαίου

2039 3958 2128 4012 47.
2193 3956 2523 4026 Imperator
2606 3968 2746 4009 cum
2835 3953 3154 4027 Nymphaai
3214 3953 3621 4027 hibernasset,

249 4040 685 4114 παραχειμάσας,
765 4037 888 4114 ἦρος
952 4044 1203 4114 φανέντος,
1258 4043 1431 4118 ὥσπερ
1485 4043 1668 4111 εἰώθει,
1729 4042 1862 4117 ἐξῄει

1986 4048 2213 4101 ,neunte
2233 4060 2390 4113 vere,
2421 4057 2534 4099 suo
2551 4057 2718 4098 more
2734 4041 2980 4112 faciens,
3001 4043 3137 4099 inde
3159 4059 3452 4115 egressus,
3485 4061 3626 4104 cum

247 4127 461 4196 ἐκεῖθεν,
513 4127 803 4204 ἐκεχειρίαν
859 4133 973 4202 (95)
1037 4127 1098 4183 δε
1161 4129 1214 4193 ἐξ
1271 4130 1508 4184 ἁπάντων
1567 4135 1704 4204 ἔχως
1753 4137 1861 4193 τοῖς

1984 4134 2241 4208 undique
2260 4138 2447 4207 pactae
2468 4131 2711 4188 indutiae
2738 4133 3135 4189 cessationem
3157 4132 3299 4190 belli
3328 4133 3624 4200 fecissent,

245 4217 614 4278 πλησιάζουσι
681 4216 869 4272 ἄστεσι
951 4229 1048 4280 τῆς
1133 4225 1522 4273 Κωνσταντίνου
1581 4226 1670 4273 καὶ
1721 4223 1866 4295 παρὰ

1990 4225 2249 4298 proxima
2280 4223 2446 4296 Cpoli
2465 4221 2694 4295 oppida
2739 4227 2853 4279 eta
2896 4222 3114 4279 Latinis
3160 4239 3456 4295 possessa,
3489 4225 3630 4281 Tzu—

248 4313 488 4363 Λατίνων
537 4313 937 4382 κεκρατημένοις
973 4311 1041 4378 ³⁸,
1093 4317 1155 4382 τῇ
1209 4311 1520 4386 Τζουρουλῷ
1594 4332 1726 4386 φημι
1774 4316 1863 4364 καὶ

1984 4315 2174 4372 rulum
2200 4313 2422 4370 scilicet
2440 4320 2497 4368 et
2522 4311 2790 4384 Bizyam,
2828 4311 2987 4367 bello
3032 4313 3279 4383 aggredi
3318 4313 3572 4370 instituit
3611 4330 3624 4370 :

246 4406 312 4472 τῇ
379 4398 564 4470 Βιζύῃ,
609 4396 882 4451 ἐπιθέσθαι
939 4398 1202 4458 τεθεληκεν
1263 4421 1277 4434 ·
1333 4401 1468 4477 ἐώρα
1513 4403 1557 4436 ³⁷
1609 4408 1699 4455 καὶ
1765 4403 1863 4475 γὰρ

1986 4420 2120 4459 nam
2146 4403 2448 4476 collapsas
2505 4402 2848 4457 Latinorum
2896 4401 3048 4457 vires
3098 4401 3626 4459 animadverterat.

248 4489 389 4542 πάνυ
440 4489 507 4540 τὰ
578 4496 678 4540 τῶν
746 4493 980 4542 Λατίνων
1061 4493 1406 4565 ὴσθενημένα.
1471 4495 1866 4566 Διαπεραιωθεὶς

1988 4495 2169 4559 Quare
2194 4497 2426 4548 tranato
2457 4490 2833 4564 Hellesponto
2883 4490 3048 4563 apud
3093 4491 3408 4548 Tzurulum
3433 4493 3628 4565 primo

249 4575 378 4651 γὸὔν
424 4581 512 4630 τὸν
553 4576 924 4637 Ἑλλήσποντον
972 4579 1020 4632 ἐν
1077 4590 1140 4654 τῇ
1201 4583 1506 4660 Τξουρουλῷ
1541 4588 1598 4637 τὸ
1667 4593 1867 4660 πρῶτον

1992 4581 2182 4638 sedem
2216 4579 2393 4637 locat.
2419 4582 2554 4637 Erat
2585 4595 2656 4636 eo
2683 4580 2742 4636 in
2770 4581 2886 4652 92
2914 4579 3142 4652 oppido
3169 4581 3434 4638 Eudocia
3463 4597 3632 4639 soror

255 4667 490 4740 ἄφίκετο.
548 4667 646 4721 Ἦν
695 4665 754 4722 δὲ
803 4668 940 4731 ἐντὸς
990 4678 1082 4724 τοῦ
1136 4673 1337 4736 ἄστεως
1391 4677 1422 4732 ὴ
1478 4683 1570 4727 τοῦ
1615 4673 1869 4748 βασιλέως

1993 4671 2181 4728 uxoris
2193 4669 2588 4743 imperatoris,
2610 4686 2797 4742 quam
2811 4669 2924 4725 sibi
2937 4669 3366 4738 Aseldecae,ita
3376 4671 3633 4744 impera-

337 4757 380 4848 ?
408 4755 616 4848 Ὀλίγας
645 4772 832 4829 usque
858 4761 939 4815 ad
958 4767 1068 4848 Toi’g
1115 4769 1314 4848 καιροῖς
1343 4761 1644 4848 ψῃ.
1676 4763 1735 4815 Ὁ
1788 4759 1847 4817 δὲ
1876 4762 2126 4848 βασιλευς
2174 4759 2312 4832 ἀφεὶς
2360 4762 2452 4848 1:6:
2469 4761 2638 4848 ,μέγαν
2692 4755 3005 4848 δομίστικρν
3041 4762 3140 4848 ,τόν
3180 4759 3632 4848 ῌαλαιτολόγονΑΠ·

338 4779 379 4791 ιν
423 4779 616 4830 υΛισγας
645 4779 832 4829 usque
858 4779 936 4815 aa
958 4779 1068 4822 τοις
1115 4779 1205 4812 και
1241 4781 1314 4822 οις
1343 4779 1474 4819 ίιῖη.
1693 4779 1735 4815 υ
1788 4779 1847 4817 σε
1876 4779 2126 4837 βασιλευς
2174 4779 2312 4832 αφεις
2360 4779 2446 4811 τον
2478 4779 2638 4830 μεγαν
2692 4779 3005 4830 οομεστικον
3053 4779 3140 4812 τον
3180 4779 3533 4832 ιιαλαιολογον
3567 4779 3632 4816 υ.

253 4828 306 4917 ³“⁰
342 4828 737 4917 θαυμαζόμενος
756 4779 1417 4917 usqueﬂad‘tﬁfogtav
1582 4839 1725 4917 αρεξς
1749 4841 1840 4917 καὶ
1889 4835 1962 4917 εἰς
1989 4833 2262 4917 Μελένικον
2285 4835 2394 4917 ,καὶ
2421 4829 2607 4917 ξέρρας
2637 4835 2727 4917 καὶ
2755 4832 2822 4917 1'6:
2849 4836 2968 4917 περέ
2993 4829 3128 4917 αὐτζὰ
3145 4834 3247 4917 ,ξι-ὸν
3271 4838 3372 4917 1'02
3406 4831 3634 4917 μεχάλου

255 4896 715 4973 δομεστίκουύἱὸν
764 4896 990 4973 Μιχαήλ
1019 4906 1107 4988 τὸν
1137 4896 1542 4992 Παλαιολόγονλέ
1583 4896 1633 4941 ³ί
1682 4902 2093 4992 ἐπάνως-διῆχε
2118 4921 2238 4959 om.
2284 4906 2349 4959 Ι).
2426 4896 2740 4992 ’τὶὶφροιὲρει
2761 4903 2879 4992 9."
2912 4896 2962 4936 ³³
3009 4908 3100 4953 τοῦ
3117 4896 3445 4992 fragm»
3478 4896 3636 4992 60p:-

255 4969 445 5049 στίκου
501 4977 824 5036 νοσήσαντος
846 4969 971 5027 ⁷καὶ
1021 4973 1364 5049 ἀποκαρέντος
1394 4969 1586 5049 ἐστάλη
1620 4979 1685 5032 D.
1763 4979 1811 5013 3‘
1843 4969 2248 5049 aue—"ama;
2303 4989 2424 5049 om.
2472 4969 2574 5030 D."
2613 4969 2800 5049 ³1⁵’τριΣ
2827 4978 2968 5049 Μιχ,
3015 5003 3084 5011 —
3115 4969 3388 5049 Θεόδωρος
3414 4969 3643 5049 οξΠξΒ.

253 5045 305 5080 ³⁸
338 5044 515 5120 ὥσπερ
540 5073 613 5088 --
640 5051 1041 5121 κεκρατημένοις
1071 5041 1284 5104 om.'D.
1361 5049 1406 5084 ³⁷
1438 5048 1571 5122 ἐώρα
1600 5064 1786 5121 usque
1815 5050 1893 5107 ad

1873 5050 1898 5106 ἰ
1918 5041 2230 5124 ἀφίκετο’(ῡ
2251 5046 2330 5121 4)]
2355 5049 2444 5098 καὶ
2475 5052 2677 5121 πρῶτον
2709 5041 2917 5116 ἀφίκετο
2933 5041 2991 5096 ήᾶν
3015 5051 3079 5118 τῇ
3102 5041 3414 5120 Τζουρουλῷ
3443 5042 3513 5103 D.

1156 5191 1498 5261 Theodori
1547 5193 1799 5262 Dousaa
1849 5205 1916 5262 et
1960 5192 2214 5262 Leonis
2263 5189 2498 5259 Allatii
2545 5197 2752 5258 notae.

338 5346 484 5436 (92),
537 5346 893 5436 ῌεπλούτηκεν
910 5351 1537 5436 κείςῃεῦτυχίαῃηΗοϐ
1606 5356 1872 5436 maxime

2008 5357 2245 5436 aeologis
2267 5349 2728 5429 imperatoribus
2748 5363 3012 5436 primum
3029 5357 3322 5434 pervenit,
3340 5357 3500 5436 quod
3526 5364 3645 5422 uti-

259 5419 797 5502 improbatumest
823 5442 860 5483 a
903 5429 1003 5502 Ge.
1031 5419 1316 5502 Phran'ia,
1359 5428 1460 5502 lib.
1493 5445 1528 5502 ι,
1553 5444 1606 5483 c.
1636 5429 1707 5484 5:
1742 5423 1873 5486 Hoc
1982 5445 2123 5487 nam
2154 5419 2226 5486 ῗη
2259 5419 2528 5502 αηὶμιαηι
2560 5419 2943 5502 pervenisset,
2988 5419 3126 5489 A'LL.

261 5494 528 5551 maxime
554 5496 726 5555 modo
755 5498 1072 5568 imperium
1121 5500 1203 5555 ad
1241 5494 1598 5558 Michaelem
1638 5516 1713 5559 ex
1750 5502 1874 5558 Pa-
2054 5501 2166 5573 (93)
2216 5494 2573 5579 Exsx'upiauf
2596 5501 2684 5560 Cf.
2738 5494 3000 5562 Joannes
3089 5506 3346 5578 Tzetzes,
3381 5503 3536 5564 -chil.
3577 5523 3650 5580 ιι,

772 5598 1021 5655 ΡΛτιιοι.
1064 5598 1166 5656 Gn.
1209 5599 1355 5658 CXL.

3367 5607 3437 5664 35
