4152 6390
555 216 690 274 “03
1905 204 2190 262 GEORGII
2216 203 2680 261 ACROPOLITE
3777 213 3913 270 um,

549 338 828 398 Michaele
865 338 1064 396 foedus
1092 338 1218 406 init,
1243 340 1301 394 et
1337 332 1640 393 afﬁnitatis
1671 322 2008 399 cegnitione
2068 345 2189 385 con

2274 371 2280 378 .
2317 319 2580 382 δεσπότου
2607 331 2722 403 (96)
2749 331 2972 402 Μιχαὴλ
3003 334 3262 394 συνθήκας
3290 352 3344 386 τε
3382 338 3632 392 πεποίηκε
3695 339 3786 387 καὶ
3841 335 3914 397 εἰς

546 429 840 500 jungitur.
871 430 1142 500 Namque
1171 425 1467 482 Michaelis
1481 423 1603 479 ﬁlio
1626 420 1962 493 Nicephoro
1985 418 2087 473 ﬁlii
2116 435 2182 472 su

2314 415 2510 480 κήδους
2533 425 2800 472 κοινωνίαν
2834 424 3072 480 συνῆλθε·
3106 425 3192 474 τόν
3235 425 3335 496 γάρ
3383 430 3472 475 τοῦ
3526 423 3750 495 Μιχαὴλ
3800 427 3914 478 υἱὸν

547 516 927 589 imperatoris
951 515 1244 572 Theodori
1283 514 1472 570 ﬁliam
1520 511 1760 568 Mariam
1820 507 2187 564 matrimonic

2313 513 2608 582 Νικηφόρον
2637 508 2718 562 ἐπὶ
2744 517 2806 582 τῇ
2844 513 3064 586 θυγατρὶ
3103 519 3192 564 τοῦ
3249 515 3366 564 υἱοῦ
3429 512 3588 564 αὐτοῦ
3650 511 3916 586 βασιλέως

551 604 793 678 copulat
814 621 1087 678 uxorque
1121 605 1278 662 illius
1307 602 1618 660 Theodora
1639 599 2039 672 Nicephorum
2081 613 2191 652 una

2317 593 2594 670 Θεοδώρου
2614 607 2673 670 τῇ
2704 603 2883 674 Μαρίᾳ
2910 599 3144 674 γαμϐρὸν
3186 601 3430 672 ἠγάγετο.
3490 601 3590 654 Καὶ
3637 604 3667 660 ἡ
3724 605 3916 656 τούτου

549 710 752 750 secum
774 695 834 750 in
854 693 1154 751 Orientem
1186 697 1479 766 asportat,
1501 695 1557 747 et
1581 690 1738 746 circa
1768 686 2189 758 Pegarumlocz

2314 691 2512 759 γαμετὴ
2573 685 2824 763 Θεοδὼρα
2873 693 2959 742 τόν
3011 696 3307 764 Νικηφόρον
3361 690 3473 764 μεθ’
3548 691 3736 756 ἑαυτῆς
3820 694 3917 747 λα-

545 783 975 856 imperatorem
1007 785 1330 856 degentem
1386 780 1732 854 alloquitur.
1804 778 1894 835 Sic
1941 777 2185 833 filiorum

2317 775 2486 830 ϐοῦσα
2511 777 2582 839 εἰς
2617 783 2710 836 τὴν
2769 781 2832 831 ἔω
2891 776 3306 854 διαπεραιοῦται,
3353 786 3442 834 καὶ
3486 786 3605 856 περὶ
3657 785 3722 835 τὰ
3778 789 3916 860 μέρη

548 874 860 947 sponsalia
919 877 1241 932 constituta
1290 878 1448 930 sunt.
1501 871 1646 928 Dein
1711 868 2022 926 Theodora
2065 884 2188 924 cun

2315 874 2414 917 τῶν
2445 873 2633 938 Πηγῶν
2664 875 2735 938 τῷ
2788 867 2998 942 βασιλεῖ
3055 866 3292 942 διάγοντι
3344 869 3670 943 ἐντυγχάνει,
3726 877 3818 926 καὶ
3881 877 3914 934 ἡ

546 963 691 1033 ﬁlio,
725 981 848 1022 non
875 965 1004 1022 sine
1045 963 1261 1022 debitis
1290 961 1684 1023 humanitatis
1717 959 1926 1016 oﬂiciis
1972 958 2050 1015 ab
2099 958 2186 1014 im

2313 963 2413 1006 τῶν
2470 953 2676 1010 παίδων
2719 963 2973 1030 μνηστεία
3029 964 3319 1031 γεγένηται.
3390 966 3490 1014 Καὶ
3559 962 3590 1020 ἡ
3661 960 3923 1037 Θεοδὼρα

547 1058 821 1126 peratore
851 1055 969 1128 96
991 1055 1225 1128 utrique
1241 1051 1632 1120 exhibitis,ad
1649 1051 1929 1106 maritum
1958 1050 2180 1107 Michae

2315 1041 2463 1107 αὖθις
2504 1051 2590 1100 τὸν
2642 1048 2803 1111 αὐτῆς
2861 1052 2972 1102 υἱὸν
3030 1049 3266 1103 λαϐοῦσα
3335 1047 3518 1104 οἶκαδε
3594 1054 3923 1126 ὑπεχώρησε

547 1141 666 1200 lem
677 1143 919 1200 domum
934 1144 1260 1200 revertitur.
1280 1145 1552 1199 Attamen
1563 1140 1883 1215 proverbio
1895 1139 2187 1209 vulgatur:

2313 1136 2562 1207 παράτὸν
2605 1137 2770 1200 αὐτῆς
2822 1139 3051 1211 σύζυγον
3101 1139 3344 1212 Μιχαὴλ,
3399 1145 3770 1216 προσηκόντως
3833 1147 3923 1216 φὶ-

549 1233 610 1289 in
633 1233 974 1290 Michaelem
994 1249 1239 1306 quoque
1275 1248 1387 1288 nec
1415 1231 1720 1302 incompte
1748 1229 1951 1286 locum
1981 1228 2189 1286 habere

2313 1222 2706 1298 λοφρονηθέντες
2752 1231 2897 1302 παρά
2950 1236 3040 1282 τοῦ
3084 1226 3363 1301 βασιλέως.
3447 1228 3602 1283 Ἀλλά
3672 1234 3730 1284 τό
3815 1242 3921 1298 τῆς

550 1329 928 1395 compertum
952 1327 1058 1378 est:
1073 1321 1304 1392 lignum
1320 1337 1572 1377 curvum
1592 1335 1930 1392 numquam
1949 1324 2190 1392 rectum,

2316 1319 2596 1387 παροιμίας
2647 1314 2777 1369 κάπὶ
2821 1325 2892 1388 τῷ
2956 1316 3178 1390 Μιχαὴλ
3253 1315 3590 1376 ἐπαληθεύειν
3659 1319 3915 1394 ἐφαίνετο·

549 1428 661 1468 nec
684 1411 949 1485 Ethiops
972 1412 1273 1468 albescere
1295 1411 1421 1478 scit;
1443 1411 1669 1484 quippe
1691 1409 1769 1467 ab
1821 1410 1899 1465 im
1910 1415 2189 1482 peratore.

2321 1401 2557 1474 στρεϐλὸν
2586 1402 2732 1466 ξύλον
2764 1405 2942 1458 οὔποτ’
2975 1405 3147 1478 ὀρθόν,
3193 1409 3283 1458 καὶ
3334 1407 3360 1457 6
3408 1406 3600 1479 Αἰθίοψ
3659 1408 3753 1461 οὐκ
3801 1409 3919 1465 οἶδε

549 1500 1014 1574 consiliopatrui
1036 1501 1124 1556 sui
1161 1500 1370 1572 Angeli
1412 1499 1706 1557 Theodori
1757 1517 1922 1571 usus,
1968 1500 2189 1556 defecit

2315 1490 2697 1568 λευκαίνεσθαι.
2750 1495 2838 1555 Εἰς
2895 1493 3226 1548 ἀποστασίαν
3295 1497 3398 1569 γάρ
3483 1504 3573 1549 τοῦ
3655 1496 3917 1571 βασιλέως

551 1588 720 1655 Quod
751 1605 891 1646 cum
912 1589 1298 1646 intellexisset
1325 1589 1670 1662 imperator,
1706 1593 1762 1645 et
1799 1605 2009 1646 eorum
2069 1605 2191 1646 con-

2318 1580 2610 1656 ἐφώρμησε,
2657 1584 2932 1658 συμϐούλῳ
2981 1590 3100 1661 περὶ
3149 1590 3243 1645 τὴν
3291 1586 3489 1657 σκῆψιν
3531 1596 3601 1659 τῷ
3652 1589 3770 1660 θείῳ
3826 1589 3923 1642 αύ-

551 1677 932 1751 spirationem
949 1679 1304 1742 rescivisset,
1323 1678 1557 1751 sibique
1569 1683 1705 1752 post
1718 1678 1944 1751 Cpolim
1965 1683 2191 1751 captam

2317 1680 2407 1724 τοῦ
2434 1680 2506 1724 τῶ
2549 1673 2776 1747 Ἀγγέλῳ
2825 1672 3086 1750 Θεοδώρῳ
3130 1676 3490 1749 χρησάμενος.
3547 1676 3606 1733 Ὀ
3655 1685 3779 1749 γοῦν
3819 1677 3926 1752 βα-

547 1769 748 1826 nullos
775 1769 926 1826 alios
952 1774 1167 1842 praeter
1187 1769 1299 1826 hos
1331 1769 1986 1826 adversariosinfensos
2013 1769 2187 1826 existi

2320 1761 2493 1824 σιλεὺς
2537 1763 2776 1826 Ἰωάννης
2822 1773 2989 1817 ταῦτα
3039 1768 3188 1834 γνοὺς
3220 1769 3308 1816 καὶ
3367 1769 3461 1822 τὴν
3515 1764 3681 1817 αὐτῶν
3750 1786 3928 1820 συνω-

547 1863 758 1924 maret,
786 1863 844 1914 et
872 1873 1021 1930 pace
1042 1858 1473 1915 Musulmanica
1502 1858 1813 1929 frueretur,
1852 1864 1908 1914 et
1953 1865 2187 1916 conatus

2315 1857 2506 1924 μοσίαν
2555 1855 2892 1927 μεμαθηκὼς,
2947 1854 3039 1907 οὐκ
3097 1853 3282 1914 ἄλλους
3355 1852 3586 1925 οἰόμενος
3654 1853 3928 1921 ἐναντίους

547 1944 945 2016 Bulgarorum
975 1947 1372 2020 quiescerent,
1407 1963 1518 2019 pro
1559 1947 1848 2018 dignitate
1901 1949 2006 2015 rei,
2052 1953 2106 2005 et
2141 1965 2187 2004 u‘

2316 1942 2444 1994 εἶναι
2467 1942 2599 2014 μετά
2626 1953 2722 2005 τῆς
2776 1947 3162 1996 Κωνσταντίνου
3202 1941 3394 1993 ἅλωσιν
3425 1940 3536 1994 ἀλλ’
3581 1941 3611 2000 ἣ
3669 1948 3925 2016 τούτους,

543 2034 627 2092 ita
649 2035 870 2102 dicam,
890 2040 1188 2109 apparatu
1217 2036 1406 2106 regio,
1434 2036 1655 2092 militiis
1678 2036 1960 2092 omnibus
1984 2037 2064 2093 uti
2095 2054 2183 2110 pai

2316 2027 2496 2089 ἐπειδὴ
2553 2037 2642 2084 καὶ
2686 2031 2975 2106 ἐκεχειρίαν
3042 2029 3164 2105 ἦγεν
3220 2029 3322 2084 ἀπὸ
3387 2039 3478 2083 τοῦ
3553 2034 3738 2106 μέρους
3808 2043 3927 2086 τῶν

546 2127 671 2182 erat
701 2126 1052 2198 compositis
1082 2125 1536 2198 Hellespontum
1563 2128 1790 2193 transit,
1835 2143 2041 2182 secum
2082 2127 2186 2199 plet

2314 2120 2758 2193 Μουσουλμάνων,
2809 2123 3033 2196 ἠρέμουν
3083 2121 3159 2194 [Ρ.
3189 2120 3297 2192 ,49]
3347 2117 3406 2172 δὲ
3450 2124 3541 2172 καὶ
3587 2123 3654 2173 τὰ
3701 2120 3756 2173 ἐκ
3810 2131 3926 2174 τῶν

543 2213 746 2287 risque
774 2213 1032 2271 militum
1063 2213 1323 2270 ducibus
1363 2215 1698 2271 conductis.
1740 2215 1895 2271 Inter
1945 2231 2047 2271 eos
2108 2233 2179 2272 ac

2315 2208 2636 2283 Βουλγάρων,
2703 2209 3011 2283 ἀξιομάχως
3073 2216 3162 2263 καὶ
3239 2212 3308 2272 ὡς
3380 2212 3538 2263 εἰπεῖν
3619 2208 3930 2282 βασιλικῶς

546 2301 948 2360 censebantur
1045 2303 1414 2376 Nicephorus
1503 2304 1899 2360 Tarchaniota
1972 2321 2186 2361 mensa

2312 2301 2863 2372 παρασκευασάμενος,
2943 2306 3030 2353 καὶ
3099 2302 3192 2363 τὰς
3251 2295 3496 2372 δυνάμεις
3555 2299 3769 2361 ἁπάσας
3845 2304 3930 2365 ὡς

543 2391 861 2464 praafectus
894 2397 951 2449 et
981 2393 1143 2449 vices
1168 2392 1375 2464 magni
1401 2393 1714 2449 domestici
1745 2409 1979 2463 gerens,
2031 2395 2183 2466 cujus

2314 2382 2419 2439 ἔδει
2451 2389 2705 2452 συντάξας
2747 2387 3146 2462 διαπεραιοῦται
3197 2393 3284 2442 τὸν
3333 2388 3728 2457 Ἑλλήσποντον,
3781 2389 3930 2444 πολ-

541 2481 816 2538 moribus
844 2482 1194 2555 imperator,
1220 2481 1333 2538 sibi
1371 2499 1577 2539 amore
1639 2483 2181 2554 conjunctissimun

2311 2475 2432 2538 λοὺς
2460 2482 2549 2551 μὲν
2579 2485 2669 2531 καὶ
2706 2479 2892 2541 ἄλλους
2949 2482 3086 2551 ἔχων
3141 2480 3494 2554 στρατηγοὺς,
3539 2482 3624 2532 τὸν
3676 2475 3736 2532 δε
3781 2486 3930 2554 Ταρ-

535 2569 838 2643 judicans,
865 2571 1305 2644 acquiescebat,
1352 2572 1440 2628 vir
1482 2574 1544 2628 in
1588 2573 1931 2629 exercendis
1977 2573 2175 2628 militia

2309 2575 2602 2640 χανειώτην
2640 2573 2936 2640 Νικηφόρον
2992 2572 3079 2620 τὸν
3148 2567 3232 2620 ἐπὶ
3282 2578 3376 2630 τῆς
3432 2569 3698 2642 τραπέζης
3751 2568 3928 2623 αὐτοῦ

539 2661 829 2731 numeris,
857 2666 921 2716 ut
949 2661 1358 2734 experimento
1400 2667 1610 2734 postea
1662 2661 2034 2735 deprensum
2087 2667 2175 2717 est

2310 2656 2414 2710 οἷον
2457 2660 2522 2709 τὰ
2589 2665 2678 2710 τοῦ
2759 2656 2981 2729 μεγάλου
3067 2654 3384 2730 δομεστίκου
3471 2654 3923 2735 διεκπληροῡντα.

535 2750 1059 2822 ρτεεῐᾶῐιῑίεεὶωυε.
1114 2750 1210 2806 ille
1262 2768 1325 2808 se
1387 2751 1876 2808 Thessalonicam
1927 2751 2173 2806 contulit

2309 2750 2688 2800 Ἐπανεπαύετο
2721 2743 2780 2798 δὲ
2805 2753 2915 2808 τοῖς
2958 2745 3118 2798 αὐτοῦ
3163 2745 3336 2815 ἣθεσι,
3386 2752 3475 2799 καὶ
3529 2747 3705 2800 εὔνουν
3757 2751 3925 2802 αὔτόν

537 2839 651 2912 97
715 2839 857 2897 inde
917 2839 1144 2898 collatis
1203 2841 1389 2911 signis
1447 2841 1614 2914 apud
1671 2841 1943 2898 Bodenos
2001 2846 2177 2898 castra

2308 2835 2566 2908 ἐλογίζετο
2597 2835 2691 2888 κάν
2732 2845 2846 2897 ταῖς
2904 2841 3250 2911 στρατηγίαις
3294 2840 3364 2898 ὡς
3415 2838 3444 2894 ἡ
3515 2844 3670 2912 πεῖρα
3713 2857 3925 2915 μεμαρ-

535 2927 772 2986 locavit.
809 2930 1024 2986 Verum
1050 2925 1314 3000 A'ngelus
1345 2929 1689 2986 Theodorus
1721 2931 1978 2986 Bodenis
2030 2931 2175 3003 prius

2305 2929 2515 3000 τύρηκε,
2567 2923 2902 2988 δεξιώτατον.
2963 2925 3274 2978 Καταλαϐὼν
3326 2934 3452 2998 γοῦν
3499 2930 3591 2985 τὴν
3644 2928 3921 2982 Θεσσαλο-

538 3032 854 3089 emergens
903 3023 1188 3091 nepotem
1253 3035 1431 3074 suum
1481 3019 1821 3075 Michaelem
1879 3020 2178 3092 despotarx

2305 3021 2452 3074 νίκην
2492 3017 2725 3068 κάκεῖθεν
2775 3018 2868 3078 τὰς
2923 3010 3175 3088 δυνάμεις
3229 3013 3436 3091 ἀπάρας
3485 3015 3533 3067 ἓν
3584 3023 3694 3080 τοῖς
3745 3014 3916 3077 Βοδη-

535 3105 680 3162 adit.
743 3109 1074 3178 Imperator
1132 3105 1529 3164 nihilominus
1613 3107 1930 3164 obsidione
2014 3109 2172 3178 cingi

2304 3114 2407 3167 νοῖς
2489 3100 3022 3180 ἐστρατοπεδεύσατο.
3091 3107 3327 3178 Πέφθακε
3401 3102 3460 3158 δε
3543 3108 3569 3158 6
3661 3104 3917 3180 Ἀγγελος

535 3194 832 3263 Bodenos,
873 3210 986 3251 nec
1026 3193 1288 3251 multum
1337 3199 1476 3267 post
1532 3201 1768 3268 tempus
1818 3201 2078 3254 castrum
2133 3197 2175 3252 ir

2306 3193 2580 3268 Θεόδωρος
2629 3194 2682 3258 ἐξ
2730 3195 2897 3246 αὐτῶν
2955 3191 3251 3267 ἀποδρᾶναι
3306 3200 3395 3249 καὶ
3438 3195 3506 3257 εἰς
3562 3199 3648 3249 τόν
3695 3194 3906 3266 ἀνεψιόν

535 3280 826 3340 ditionem
853 3282 1087 3354 recipit.
1127 3281 1276 3338 Hinc
1309 3282 1642 3339 abscedens
1673 3285 1735 3340 in
1765 3285 1897 3341 loco
1923 3285 2175 3358 quodan

2305 3286 2464 3337 αὐτοῦ
2507 3289 2592 3336 τόν
2654 3279 2916 3342 δεσπότην
2975 3284 3198 3355 Μιχαήλ
3252 3283 3510 3343 ἀπελθεῖν.
3562 3287 3617 3337 Ὁ
3667 3287 3752 3356 μεν
3806 3281 3900 3336 οὖν

537 3368 773 3428 Ostrobi
799 3367 955 3426 laeui
989 3369 1267 3442 proximo
1297 3370 1690 3429 tabernacula
1727 3373 1874 3443 ﬁgit.
1933 3373 2177 3446 indeque

2305 3373 2558 3447 βασιλεὺς
2587 3369 2654 3434 εἷς
2707 3372 3010 3450 πολιορκίαν
3069 3382 3166 3426 τῶν
3221 3371 3460 3432 Βοδηνῶν
3523 3375 3789 3435 καταστὰς
3854 3373 3906 3427 ἐν

535 3458 722 3515 duces
737 3457 993 3515 militum
1019 3459 1291 3515 Alexium
1323 3461 1822 3533 Strategopulum,
1851 3462 2175 3520 Michaelen

2304 3464 2361 3516 οὐ
2390 3463 2559 3535 πολλῷ
2591 3466 2767 3536 χρόνῳ
2795 3466 2851 3515 τό
2882 3472 2981 3515 τῶν
3014 3459 3254 3522 Βοδηνῶν
3301 3470 3677 3538 παρεστήσατο
3742 3465 3907 3522 ἄστυ.

535 3546 940 3619 ΡοΙωοιοευω
993 3547 1203 3618 magni
1259 3547 1572 3605 domestici
1619 3548 1828 3618 ﬁlium,
1897 3551 2175 3607 Joannem

2305 3551 2550 3606 Κάκεῖθεν
2601 3552 2804 3627 ἀπάρας
2849 3555 2898 3605 ἓν
2951 3573 3054 3605 τινι
3110 3558 3252 3626 τόπῳ
3297 3561 3360 3627 τῇ
3443 3562 3535 3607 τοῦ
3615 3553 3915 3629 Ὀστροϐου

531 3639 895 3705 Macrenum,
946 3636 1235 3694 Gudelem
1297 3642 1647 3710 tyrannum.
1683 3640 1956 3714 aliosque
2005 3641 2066 3696 in
2097 3641 2171 3698 Mi

2301 3642 2564 3716 ἐγγίζοντι
2615 3642 2767 3716 λίμνῃ
2821 3641 3046 3706 ἐπήξατο
3084 3646 3172 3704 τὰς
3231 3645 3447 3706 σκηνάς.
3533 3649 3635 3698 Καὶ
3719 3643 3917 3708 ἐξαπο-

531 3727 756 3784 chaelis
776 3726 1045 3801 despotas
1074 3725 1210 3784 loca
1269 3726 1541 3800 subjecta
1591 3729 1784 3798 mittit,
1810 3737 1871 3788 ut
1918 3731 2171 3788 fortuna:

2304 3721 2495 3786 στέλλει
2539 3736 2866 3808 στρατηγούς
2913 3735 3048 3785 κατά
3096 3743 3195 3784 τῶν
3246 3739 3437 3809 χώρων
3496 3742 3589 3786 τοῦ
3639 3730 3915 3788 δεσπότου

527 3817 1007 3892 uniuscujusque
1028 3817 1373 3891 diriperent,
1390 3821 1646 3876 etsicubi
1685 3822 2012 3878 exercitum
2030 3822 2167 3878 illius

2298 3822 2521 3895 Μιχαὴλ
2563 3827 2620 3875 τό
2665 3843 2718 3876 τε
2773 3821 3234 3896 Στρατηγόπουλον
3301 3822 3545 3893 Ἀλέξιον,
3625 3828 3710 3877 τόν
3795 3831 3917 3878 Πα-

527 3904 917 3980 oﬂenderent,
953 3907 1233 3980 pugnain
1247 3925 1391 3965 eum
1417 3909 1934 3980 inveherentur,et
1978 3913 2026 3968 si
2057 3929 2167 3968 δεδι

2295 3911 2567 3984 λαιολόγον
2596 3912 2821 3984 Μιχαὴλ
2847 3915 2934 3964 τὸν
2970 3920 3062 3965 τοῦ
3111 3911 3337 3985 μεγάλου
3393 3909 3711 3986 δομεστίκου
3763 3916 3911 3980 υἱόν,

526 3995 768 4053 oﬂerret
803 3997 1062 4066 occasio,
1116 4013 1317 4054 arcem
1367 3999 1546 4055 etiam
1595 4007 2029 4073 expugnarent.
2092 4002 2166 4059 Sit

2295 4005 2504 4054 καὶτὸν
2563 4005 2839 4077 Μακρηνὸν
2893 4003 3154 4068 Ἰωάννην,
3213 4005 3296 4054 τόν
3340 4005 3585 4075 τύραννον
3641 3999 3916 4064 Γουδέλην

523 4085 607 4142 illi
641 4086 1076 4144 exhauriebant
1099 4089 1306 4144 omnia
1323 4103 1392 4145 ac
1413 4089 1942 4163 depopulabantur
1962 4097 2020 4147 et
2045 4097 2163 4148 ante

2294 4097 2383 4144 καὶ
2406 4092 2627 4167 ἑτέρους,
2681 4093 2764 4144 ἵνα
2810 4110 2864 4144 τε
2919 4092 3184 4155 ληίζοιντο
3245 4094 3313 4144 τὰ
3342 4092 3511 4168 πέριξ,
3557 4097 3646 4146 καὶ
3702 4113 3805 4146 που
3861 4096 3916 4149 εἰ

520 4175 902 4247 imperatoris
953 4177 1276 4233 tentorium
1324 4177 1692 4236 deferebant.
1737 4179 2066 4252 Imperator
2118 4182 2160 4236 ir

2291 4183 2504 4252 τύχοιεν
2531 4187 2620 4234 καὶ
2665 4184 3029 4255 στρατεύματα
3077 4181 3259 4249 αὑτοῦ,
3315 4181 3382 4242 εἰς
3433 4183 3618 4255 μάχην
3641 4182 3755 4236 κατ’
3811 4183 3917 4237 αὐ·-

521 4263 754 4320 Ostrobi
780 4262 926 4319 locis
952 4271 1346 4337 remanserat,
1381 4265 1881 4340 aﬂligebaturque
1919 4269 2154 4324 animos

2290 4278 2381 4321 τοῦ
2405 4275 2731 4342 χωρήσαιεν,
2757 4274 2846 4321 καὶ
2885 4273 3025 4344 εἰπερ
3053 4270 3321 4346 εὐχέρειαν
3374 4280 3578 4344 σχοῖεν,
3629 4277 3721 4325 καὶ
3758 4274 3907 4327 οἶστυ

516 4352 684 4425 quod
718 4352 865 4409 nihil
895 4353 1148 4426 dignum
1185 4355 1314 4426 ipse
1356 4357 1800 4427 exspectatione
1855 4357 2156 4414 hominum

2291 4359 2628 4431 πορθήσαιεν.
2682 4363 2783 4411 Καὶ
2834 4358 2998 4420 οὕτως
3068 4363 3158 4431 μεν
3243 4358 3426 4413 ἐκεῖνοι
3513 4359 3741 4432 ἐποίουν,
3804 4368 3906 4416 καὶ

515 4441 862 4513 peregisset.
896 4444 1099 4513 Neque
1122 4443 1324 4499 minus
1358 4443 1652 4499 exercitus
1716 4460 1872 4516 aegre
1922 4445 2150 4502 ferebat

2286 4455 2514 4520 προῆγον
2558 4456 2652 4509 τῆς
2697 4456 2789 4499 τοῦ
2849 4446 3111 4520 βασιλέως
3163 4458 3361 4512 σκηνῆς
3411 4453 3720 4526 ἔμπροσθεν·
3769 4451 3794 4503 6
3839 4447 3909 4506 δὲ

513 4528 741 4601 quippe
771 4532 1123 4602 tempestate
1149 4529 1404 4588 hiberna
1433 4531 1829 4590 discruciatus
1859 4536 2056 4605 magis
2104 4553 2153 4594 a<

2286 4535 2538 4610 βασιλεὺς
2591 4542 2991 4613 προσεκαρτέρει
3032 4546 3141 4602 τοῖς
3181 4547 3272 4592 τοῦ
3327 4539 3620 4616 Ὀστροϐοῦ
3686 4542 3901 4610 τόποις,

509 4617 710 4687 magis
738 4619 1221 4675 necessariorum
1246 4621 1451 4694 inopia
1470 4621 1810 4682 laborabat.
1837 4626 2149 4698 ImperatOJ

2283 4632 2374 4678 xui
2415 4626 2730 4700 ἐϐαρυθύμει
2772 4626 2847 4700 ἐφ’
2986 4633 3058 4700 μὴ
3104 4631 3358 4702 πέφθακεν
3402 4631 3546 4694 ἄξιόν
3622 4651 3676 4684 τι
3741 4629 3903 4705 ἐργά-

506 4705 900 4764 incommodo
953 4707 1233 4780 providit:
1285 4710 1465 4766 mulis
1519 4713 1734 4768 etenim
1797 4715 2146 4790 camelisqut

2283 4719 2502 4772 σασθαι.
2557 4716 2865 4789 Ἠγανήκτει
2919 4713 2978 4770 δὲ
3032 4723 3122 4771 καὶ
3164 4722 3222 4772 τὸ
3269 4721 3592 4794 στράτευμαο
3651 4722 3901 4798 όκαιρός

507 4796 746 4853 Berrcna
773 4798 1120 4855 necessaria
1149 4800 1660 4859 convehebantur.
1692 4803 1784 4859 Sic
1812 4804 2147 4878 imperator;

2273 4811 2374 4883 γὰρ
2400 4803 2461 4866 ἦν
2503 4807 3120 4881 χειμέρίος,’ἐσπάνιξον
3179 4804 3238 4861 δὲ
3295 4813 3379 4861 καὶ
3433 4817 3532 4862 τῶν
3583 4796 3895 4886 χρειωδῶν.

503 4884 715 4944 affecto
736 4893 952 4960 praeter
982 4889 1494 4961 exspectationem
1526 4893 1790 4950 Castoria
1846 4896 2143 4968 transfuga

2273 4898 2412 4952 Ἀλλ’
2465 4899 2490 4948 6
2541 4895 2786 4970 βασιλεὺς
2842 4901 2901 4950 τὸ
2983 4905 3215 4950 τοιοῦτον
3315 4901 3702 4975 τεθεράπευκεν,
3778 4899 3893 4956 ἀπὸ

501 4975 728 5034 Gravas
788 4978 1063 5046 occurrit,
1114 4983 1171 5036 et
1211 4996 1336 5036 non
1384 4981 1572 5037 multo
1622 4987 1756 5055 post
1804 4985 2141 5042 Theodorus

2271 4988 2510 5063 Βεῤῥοίας
2565 4990 2665 5059 γὰρ
2715 4989 2947 5060 ἡμιονοίς
3008 4993 3098 5040 καὶ
3165 4987 3420 5062 καμήλοις
3486 4992 3555 5044 τὰ
3635 4987 3885 5067 χρειώδη

495 5106 613 5224 περὶ
647 5103 802 5155 αὐτόν
828 5103 1105 5178 πρεσϐείαν
1143 5107 1273 5178 πρὸς
1304 5105 1655 5179 τὸνβασιλέα
1713 5108 1998 5173 ἐστείλατο,
2059 5117 2148 5165 καὶ
2217 5111 2441 5166 ἀπελυσε
2501 5117 2630 5186 πρὸς
2681 5116 2770 5166 τὸν
2820 5111 3043 5185 βασιλέα
3101 5115 3127 5164 6
3185 5115 3411 5186 Μιχαὴλ
3468 5116 3734 5192 Πρίλαπον
3793 5125 3896 5172 καὶ

495 5177 706 5224 Βειεσὸν
736 5179 825 5224 καὶ
885 5179 941 5224 τὸ
1089 5185 1161 5224 τῶ
1214 5175 1446 5224 Ἀλϐάνω
1515 5183 1754 5224 ωοηύηιηυ
1804 5187 1892 5224 τὰρ
1955 5189 2126 5224 Κῆὴημ
2224 5190 2320 5224 Ita}
2378 5183 2675 5224 πηηέξγδηην
2737 5188 2877 5224 πῃηὴ
2934 5193 3026 5224 ιεήῦ
3084 5183 3342 5224 βηηολέιδρ
3403 5189 3650 5224 ἔωνυιίηιηηι
3709 5190 3864 5224 υἷι-ιν-.

495 5175 706 5264 Βελεσὸν
736 5179 825 5259 καὶ
868 5175 942 5262 ’τό
995 5175 1446 5263 ἐν’τῷἾξξλϐάνω
1515 5183 1754 5264 φρούριον
1804 5187 1892 5242 τὰς
1944 5189 2148 5264 ‘Kpo'ug.
2224 5190 2324 5238 Καὶ
2378 5175 2675 5264 προέϐξησαν
2737 5175 3026 5264 παράιτοῦ
3058 5175 3342 5264 ..βασιλέως
3401 5175 3652 5264 ἔγγραφοι
3709 5190 3892 5262 ὅρκοι,

491 5249 582 5296 xui
605 5240 863 5332 δεσπότην
893 5250 979 5335 τόν
1011 5240 1170 5333 αὐτού
1200 5251 1310 5335 υὶκὸν
1340 5240 1464 5331 τιμξή
1477 5240 1572 5335 σας
1603 5240 1897 5335 ὁξασιλεύς
1931 5240 2025 5333 διά
2050 5262 2144 5335 τὴν
2163 5240 2497 5335 εγγόνην.”0
2528 5253 2586 5309 δὲ
2620 5240 2869 5330 βασιλευς
2897 5255 2944 5308 ἐν
2976 5240 3225 5320 Βοδηνοῖς
3289 5240 3704 5333 παραχειμάσας
3739 5240 3894 5335 ιμετά

488 5321 702 5391 μετρίου
728 5321 1115 5392 στρατεύματος
1136 5319 1360 5381 ἀπῆλθεν
1392 5319 1458 5382 εὶς
1488 5319 1752 5398 Ἀχρίδας
1779 5330 1868 5377 καὶ
1901 5325 1969 5385 εἰς
2000 5319 2250 5381 Λεάϐολίν’
2273 5333 2362 5380 καὶ
2396 5319 2717 5402 Καστορίαν.

1368 5429 1712 5498 Theodori
1759 5431 2012 5500 Dousae
2063 5443 2128 5500 et
2178 5435 2426 5505 Leonis
2478 5435 2715 5505 Allatii
2766 5446 2976 5506 notae.

556 5531 672 5608 (96)
703 5533 958 5587 Μετάτοῦ
989 5531 1269 5595 δεσπότου.
1302 5537 1579 5596 Exactius
1617 5538 1932 5612 Gregoras,
1970 5556 2030 5614 p.
2061 5545 2249 5602 47-49.
2276 5548 2412 5602 ALL.
