4152 6370
294 414 435 474 1105

293 539 591 614 διεκόμιζεν
621 533 671 587 ἐν
723 539 797 603 τῷ
847 530 1204 602 στρατοπέδιῳ.
1264 525 1476 578 Οὒτωσὶ
1522 520 1581 577 δὲ
1641 519 1977 579 διατεθει-Α

291 612 450 707 μένου⁷
475 634 568 681 τοῦ
611 621 873 697 βασιλεως
931 618 1049 692 παρ’
1102 612 1318 678 ἐλπίδας
1385 615 1625 688 ἐπιφοιτᾷ
1673 623 1745 686 τῷ
1802 613 1900 687 βα-

295 705 426 776 σιλεί
477 712 724 792 πρόσφυξ
771 709 872 762 ἀπὸ
906 713 1198 781 Καστορίας
1252 705 1468 774 Γλαϐᾶς,
1516 710 1606 758 καὶ
1663 713 1900 777 συνεχῶς

293 814 319 867 6
372 808 666 880 Πεταλὶφας
715 798 991 876 Θεόδωρος
1071 797 1154 851 ἐπὶ
1216 800 1466 872 θυγρατρὶ
1517 795 1750 872 γαμϐρὸς
1805 803 1898 848 τοῦ

291 905 519 977 Τορνίκη
554 897 852 970 Δημητρίου
902 897 994 944 τοῦ
1045 895 1338 962 Κομνηνοῦ,
1382 886 1437 949 ὃς
1481 888 1545 939 τὰ
1587 887 1736 939 κοινὰ
1783 881 1898 938 διέ-

295 975 404 1046 πών
430 991 492 1049 ἧν
520 995 592 1058 τῷ
623 981 1097 1058 βασιλεῖἸωάνυῃ,
1140 978 1261 1054 παρ’
1312 977 1470 1030 αὐτοῦ
1522 977 1655 1029 πάνυ
1720 975 1898 1048 φιλού-

297 1101 445 1156 μενος
499 1081 588 1130 καὶ
650 1078 954 1146 τιμώμενοςο
1008 1067 1228 1141 ἀδελφὸν
1279 1070 1380 1142 γὰρ
1442 1066 1596 1118 αὐτὸν
1677 1064 1724 1117 ἐν
1791 1071 1899 1126 τοῖς

299 1152 604 1247 γράμμοσιν
653 1161 914 1216 ἀπεκάλει·
973 1159 1060 1222 Ἐξ
1107 1160 1386 1233 ἀνθρώπων
1426 1152 1513 1210 οὖν
1565 1159 1666 1229 πρὸ
1714 1162 1900 1230 καιροῦ

293 1241 515 1333 γέγονεν.
551 1255 839 1326 Οἰκονόμος
881 1250 968 1303 οὖν
1014 1256 1112 1302 τῶν
1165 1256 1347 1300 κοινῶν
1401 1246 1494 1299 οὐκ
1545 1241 1606 1304 ἧν
1668 1244 1718 1298 ἒν
1771 1252 1896 1318 τιμῇ

293 1355 385 1404 καὶ
406 1349 650 1423 όφφικίου
704 1346 920 1416 ὀνόματι
959 1340 1353 1414 γνωριζόμενος,
1403 1345 1512 1400 τοῖς
1552 1345 1782 1410 τυχοῦσι
1843 1334 1902 1390 δὲ

297 1439 494 1516 ἐχρᾶτο
542 1437 609 1497 εἰς
658 1436 948 1507 ὑπηρεσίαν
999 1432 1024 1482 6
1071 1428 1316 1503 βασιλεὺς
1358 1432 1448 1479 καὶ
1510 1435 1899 1502 γραμματικοῖς

301 1514 610 1600 ἀνώνυμοις,
670 1533 744 1594 τῷ
793 1524 1204 1593 Μεσοποταμίτῃ
1255 1518 1446 1589 Ἰωσὴφ
1509 1523 1598 1569 καὶ
1660 1523 1733 1587 τῷ
1793 1514 1900 1578 ἐξυ-

300 1622 658 1695 πρετήσαντι
703 1613 843 1684 αὐτῷ
892 1615 1174 1684 Νικηφόρῳ
1234 1617 1306 1679 τῷ
1370 1606 1650 1680 Ἀλυάττῃ,
1707 1604 1755 1658 ἐν
1842 1601 1901 1657 δὲ

300 1693 410 1771 τοῖς
464 1705 881 1777 ἐλλογιμωτέροις
926 1702 1208 1776 γράμμασι
1257 1702 1348 1749 καὶ
1431 1695 1597 1758 ἀξίοις
1665 1693 1900 1755 σπουδῆς

305 1805 375 1868 τῷ
431 1801 703 1870 Μακρωτῷ
748 1793 955 1863 Ἰωάννῃ
1017 1793 1103 1841 καὶ
1154 1787 1286 1861 ἐμοί.
1337 1785 1394 1838 Ὀ
1443 1788 1533 1859 μὲν
1572 1781 1659 1837 οὖν
1720 1786 1901 1860 ῥηθεὶς

302 1886 627 1959 Πετραλίφάς
702 1889 791 1934 τοῦ
868 1878 1093 1951 Μιχαὴλ
1202 1873 1613 1949 γυναικάδελφος
1633 1879 1722 1941 ὧν,
1793 1873 1900 1926 ἐπεὶ
1937 1885 1980 1938 Β

297 1975 579 2051 προσέλθοι
606 1981 680 2043 τῷ
715 1970 943 2045 βασιλεῖ,
976 1968 1164 2029 πολλῆς
1192 1967 1275 2041 [Ρ.
1309 1965 1400 2039 50]
1458 1965 1705 2036 εὐθυμίας
1746 1963 1899 2016 αὐτόν

299 2085 353 2119 τε
395 2068 482 2116 τὸν
530 2061 756 2136 βασιλέα
798 2063 885 2112 καὶ
935 2079 1002 2111 τα
1055 2059 1423 2130 στρατεύματα
1466 2053 1703 2111 ἔπλησεν·
1749 2053 1901 2116 εὐθὺς

297 2157 402 2230 γὰρ
451 2155 480 2211 ἡ
536 2155 805 2224 Καστορία
850 2153 940 2201 καὶ
991 2149 1020 2206 ἠ
1065 2151 1184 2222 περὶ
1251 2148 1412 2204 αὐτὴν
1489 2145 1674 2196 ἅπασα
1745 2148 1903 2218 χώρα

301 2242 598 2318 προσέῥρύη
626 2241 698 2313 τῷ
758 2238 986 2313 βασιλεῖ,
1047 2241 1134 2289 καὶ
1186 2239 1241 2288 αἰ
1299 2235 1576 2296 Λεαϐόλεις
1638 2231 1716 2301 δὲ,
1766 2235 1796 2292 ἦ
1847 2252 1901 2285 τε

300 2337 466 2410 μικρὰ
511 2337 599 2386 καὶ
655 2330 877 2403 μεγάλην,
933 2336 1026 2380 τοῦ
1081 2326 1334 2400 βασιλέως
1385 2326 1630 2397 ἐγένοντο.
1697 2328 1798 2377 Καὶ
1875 2323 1900 2374 ό

303 2422 403 2477 ἀπὸ
461 2429 553 2474 τοῦ
609 2419 858 2475 Ἀλϐάνου
917 2420 942 2470 ό
993 2417 1274 2489 Γουλάμος,
1329 2415 1438 2468 ἐπεὶ
1485 2418 1610 2490 πρὸς
1675 2416 1742 2466 τὰ
1807 2421 1902 2474 τῆς

306 2516 604 2586 Καστορίας
632 2506 888 2581 συνδιῆγε
915 2510 1047 2580 μετὰ
1100 2514 1192 2559 τοῦ
1261 2505 1313 2569 ἐξ
1364 2504 1612 2558 Ἀλϐάνου
1676 2509 1903 2578 στρατοῦ

302 2603 458 2674 μέρη,
515 2599 744 2669 σύζυγον
793 2597 928 2668 ἔχων
969 2602 1065 2657 τῆς
1123 2589 1402 2666 βασιλίδος
1435 2592 1656 2667 Εἰρήνης
1686 2590 1903 2642 αὐτανε-

302 2689 432 2761 qua;
482 2683 910 2763 πρωτεξαδέλφης
958 2684 1118 2744 αὐτῆς
1172 2684 1452 2755 θυγατέρα,
1500 2680 1670 2753 λόγοις
1737 2679 1904 2752 μειλι-

301 2784 443 2852 χίοις
470 2783 560 2831 καὶ
584 2779 894 2851 γράμμασιν
915 2775 1257 2845 ὑποσχέσεων
1297 2779 1395 2824 τῶν
1440 2772 1539 2823 ὑπὸ
1598 2778 1689 2822 τοῦ
1743 2768 1905 2842 βασι-

304 2869 427 2930 λέως
459 2867 693 2940 θελχθεὶς
730 2869 953 2941 προσῄει
986 2871 1056 2934 τῷ
1108 2861 1337 2935 βασιλεῖ.
1404 2861 1721 2935 Φιλοφρόνως
1779 2868 1905 2932 γοῦν

305 2963 426 3020 τούς
472 2960 736 3017 τοιού-τοῦς
797 2957 995 3014 πάντας
1051 2954 1076 3006 6
1128 2951 1378 3025 βασιλεύς
1433 2947 1710 3023 δεξάμενος
1780 2969 1907 3022 πρε-

309 3053 505 3108 πόντως
558 3045 979 3119 ἐφιλοτιμήσατο·
1048 3050 1223 3096 Ταῦτα
1283 3045 1429 3114 γνοὺς
1483 3040 1761 3113 Μιχαὴλό
1821 3037 1905 3092 δε·
1935 3028 1978 3083 C

311 3142 530 3204 σπότής,
553 3141 639 3189 καὶ
667 3134 714 3188 ἐν
750 3142 908 3206 στενῷ
959 3129 1154 3206 κομιδῇ
1215 3130 1417 3205 βλέπων
1466 3133 1531 3183 τὰ
1577 3134 1695 3204 περὶ
1750 3131 1904 3182 αὑτὸν

304 3229 640 3300 τυγχάνοντα
674 3227 979 3300 πράγματα,
1032 3224 1167 3274 κατὰ
1217 3222 1338 3296 ῥοῦν
1396 3216 1454 3272 δὲ
1502 3227 1781 3294 χωροῦντα
1834 3228 1906 3290 τῷ

307 3317 535 3391 βασιλεῖ,
568 3313 848 3390 πρεσϐείαν
905 3317 1032 3388 πρὸς
1077 3315 1164 3364 τὸν
1219 3309 1443 3384 βασιλέα
1495 3309 1752 3362 ἐστείλατο
1814 3304 1908 3361 διά

302 3415 468 3460 τετοῦ
487 3404 875 3480 μητροπολὶτου
908 3404 1228 3456 Ναυπάκτου
1283 3407 1374 3452 τοῦ
1429 3401 1601 3473 Ξηροῠ
1658 3404 1752 3452 καὶ
1812 3407 1906 3451 τοῦ

303 3496 381 3550 ἔπ’
415 3493 609 3568 ἁδελφῇ
633 3491 872 3568 γαμϐρου
904 3492 1064 3544 αὐτοῦ
1115 3497 1207 3543 τοῦ
1263 3488 1608 3546 Μαλιασηνοῦ
1662 3493 1755 3540 καὶ
1813 3496 1906 3540 τοῦ

301 3589 610 3659 Λαμπέτου,
639 3584 806 3636 οἱκαὶ
855 3582 921 3643 εἰς
953 3581 1140 3653 λόγους
1198 3579 1520 3639 συνελθόντες
1575 3585 1647 3648 τῷ
1697 3574 1912 3650 βασιλεῖ

303 3674 590 3749 ξυμϐάσεις
651 3676 977 3729 πεποίηνται.
1027 3675 1128 3722 Καὶ
1195 3667 1420 3720 ἀπέλυσε
1497 3670 1586 3740 μὲν
1657 3670 1758 3741 πρὸ
1819 3669 1906 3718 τόν

309 3764 539 3840 βασιλέα
591 3763 617 3816 ὁ
680 3761 903 3833 Μιχαὴλ
941 3763 1000 3814 τὸ
1045 3760 1180 3811 ἄστυ
1234 3761 1319 3810 τὸν
1367 3756 1632 3832 Πρίλαπον
1688 3761 1778 3808 καὶ
1820 3759 1906 3808 τὸν

303 3854 515 3907 Βελεσὸν
535 3857 626 3905 καὶ
654 3855 711 3904 τὸ
761 3849 810 3903 ἐν
861 3857 933 3922 τῷ
991 3847 1220 3919 Ἀλϐάνῳ
1278 3849 1522 3920 φρούριον
1569 3848 1658 3906 τὰς
1712 3850 1905 3922 Κρόας,

310 3948 401 3996 καὶ
434 3940 726 4015 προέϐησαν
789 3943 922 4014 πρὸς
977 3946 1067 3990 τοῦ
1111 3936 1370 4010 βασιλέως
1433 3939 1685 4009 ἔγγραφοι
1738 3937 1902 4010 ὅρκοι,

308 4038 399 4086 καὶ
436 4031 804 4088 ἀπεστάλησαν
834 4032 960 4104 πρὸς
986 4028 1140 4080 αὐτόν
1180 4031 1268 4080 καὶ
1301 4024 1561 4102 πρέσϐεις,
1628 4026 1654 4077 ὅ
1710 4044 1765 4076 τε
1821 4031 1907 4078 Φι-

304 4119 583 4195 λαδελφίας
647 4125 827 4181 Φωκᾶς
910 4122 1000 4170 καὶ
1073 4117 1099 4168 6
1160 4123 1253 4176 τῆς
1336 4115 1498 4176 αὐλῆς
1564 4117 1908 4190 πριμικὴρίος

309 4213 576 4272 Ἰσαάκιος
631 4211 656 4263 ό
714 4211 926 4275 Δούκας,
978 4207 1031 4259 ὃν
1089 4211 1178 4258 καὶ
1253 4204 1653 4278 Μούρτζουφλον
1718 4203 1906 4256 ἀπεκά-

299 4305 443 4370 λουν,
465 4307 557 4355 καὶ
597 4299 852 4361 ὁὙαλέας
882 4297 1106 4371 Μιχαὴλ
1158 4301 1249 4349 καὶ
1303 4297 1456 4358 αὐτὸς
1513 4295 1631 4368 ἐγώ.
1692 4295 1906 4368 Ἀπῄει-

299 4411 395 4468 μεν
425 4399 552 4464 γοῦν
600 4393 727 4464 πρὸς
781 4393 867 4441 τὸν
917 4387 1159 4460 Μιχαὴλ,
1223 4390 1311 4438 καὶ
1360 4387 1572 4459 εὕρομεν
1620 4391 1798 4438 τοῦτον
1858 4385 1906 4438 ἐν

299 4489 367 4555 τῇ
414 4486 688 4558 Λαρίσσῃ,
757 4484 846 4530 καὶ
891 4477 1300 4550 πεπληρώκαμεν
1357 4479 1448 4539 τὰς
1513 4471 1768 4542 σπονδὰς,
1817 4480 1906 4528 καὶ

298 4570 543 4632 )αϐὀντες
564 4573 651 4623 τόν
683 4571 793 4621 υἱόν
825 4567 986 4620 αὐτοῦ
1016 4570 1332 4640 Νικηφόρον,
1388 4565 1440 4618 ὃν
1502 4570 1590 4618 καὶ
1642 4562 1905 4623 δεσπότην

1937 4175 1984 4232 D

305 4661 337 4711 6
392 4659 636 4733 βασιλεὺς
696 4656 790 4712 διὰ
832 4662 924 4716 τὴν
974 4658 1135 4710 αὑτοῦ
1187 4655 1398 4728 ἐγγὸνην
1442 4661 1735 4728 τετίμηκεν,
1779 4655 1908 4708 ἀλλὰ

301 4752 412 4824 μὴν
437 4749 644 4802 καὶττόν
692 4754 785 4801 τοῦ
822 4745 1047 4820 Μιχαὴλ
1097 4748 1228 4798 θεῖον
1284 4749 1370 4797 τόν
1414 4744 1661 4817 Ἄγγελον
1703 4742 1908 4798 Θεόδω-

297 4859 394 4913 ρον
444 4835 738 4912 δεσμώτην,
803 4841 935 4910 πρὸς
999 4833 1351 4908 τὸνβασιλέα
1395 4834 1796 4908 ἑπανεζεύξαμεν
1857 4834 1904 4885 ἐν

296 4936 410 4990 τοῖς
449 4925 702 4988 Βοὸηνοῖς
760 4929 1126 4999 σκηνοῦμενον·
1195 4929 1296 4978 Καὶ
1349 4924 1482 4976 οὕτω
1541 4926 1631 4996 μεν
1685 4922 1905 4996 ἐγεγόνει

294 5025 488 5084 ταῦτα,
542 5036 633 5068 και
676 5015 743 5076 εἰς
791 5023 994 5068 τοιοῦτο
1046 5013 1188 5076 τελος
1256 5018 1569 5071 κατηντὴκει
1634 5016 1700 5065 τὰ
1774 5017 1906 5087 πρά-

291 5127 502 5181 γματα,
577 5107 992 5181 Παραχειμάσας
1034 5112 1121 5156 οῦν
1192 5105 1307 5176 (97)
1384 5101 1436 5154 ἐν
1475 5109 1583 5165 τοῖς
1652 5101 1907 5166 Βοδηνοῖς

298 5196 557 5271 βασιλεὺς
589 5192 712 5268 ἦρος
755 5195 884 5269 ὣρᾳ,
940 5193 1048 5246 ἐπεὶ
1087 5198 1177 5246 καὶ
1218 5199 1312 5252 τὴν
1381 5191 1740 5266 ἆναστάσιμον
1783 5194 1902 5271 ἑωρ-

293 5285 454 5340 τάκει
487 5286 700 5360 ἡμέραν,
752 5290 818 5338 τὰ
879 5281 1216 5358 στρατόπεδα
1263 5283 1423 5336 αὐτοῦ
1461 5302 1560 5336 που
1616 5283 1908 5336 καταλελοι-

293 5375 413 5435 πὼς
456 5378 546 5427 καὶ
600 5375 668 5435 εἰς
711 5377 938 5448 ἡγεμόνα
999 5374 1166 5426 αὐτῶν
1225 5373 1381 5436 τάξας
1431 5377 1517 5425 τόν
1583 5392 1638 5425 τε
1711 5392 1909 5442 πρωτο-

298 5464 600 5540 ϐεστιάριον
652 5464 874 5528 Ἀλέξιον
933 5467 1020 5515 τὸν
1062 5461 1260 5532 Ῥαοὺλ,
1319 5461 1554 5536 γαμϐρὸν
1639 5464 1762 5515 ὄντα
1831 5461 1910 5514 ἐπ’

1791 399 2144 456 ANNALES.

3539 402 3674 460 1106

2007 540 2405 615 Petraliphas,
2447 539 2553 614 qui
2591 539 2964 600 conduxerat
2991 544 3180 602 ﬁliam
3213 545 3494 602 Demetrii
3539 548 3675 603 Tor-

2007 632 2144 688 nicii
2173 629 2480 697 Comneni,
2510 628 2605 685 cui
2646 646 2891 688 summa
2914 648 3115 691 rerum
3167 635 3554 708 publicarum
3595 635 3674 693 ab

2007 721 2366 796 imperatore
2403 722 2630 775 Joanne
2690 721 3018 779 commissa
3066 723 3279 794 fuerat,
3339 741 3479 781 cum
3531 741 3674 782 eum

2009 825 2394 883 summopere
2424 813 2482 864 et
2509 807 2779 878 diligeret
2808 815 2865 865 et
2894 811 3196 868 inhonore
3209 813 3457 869 haberet
3490 831 3504 869 :
3533 829 3676 870 eum

2008 901 2167 958 enim
2200 900 2261 956 in
2299 899 2506 956 litteris
2548 900 2669 972 98
2699 899 2943 957 fratrem
2971 902 3248 959 vocabat.
3285 903 3386 959 Hic
3415 903 3674 960 multum

2003 996 2145 1050 ante
2174 993 2303 1047 haec
2325 995 2600 1062 tempora
2626 990 2746 1046 vita
2775 990 3016 1048 functus
3056 997 3144 1049 est
3175 992 3469 1065 ;ideoque
3494 1009 3675 1052 nemo

2007 1081 2070 1136 in
2109 1097 2179 1137 ea
2200 1080 2484 1151 dignitate
2508 1083 2687 1152 atque
2717 1079 2934 1148 ofﬁcio,
2991 1081 3098 1154 qui
3153 1079 3402 1154 publica
3456 1081 3676 1139 scilicet

2009 1170 2474 1236 administraret,
2509 1168 2970 1242 agnoscebatur,
3007 1170 3113 1226 sed
3155 1171 3484 1244 imperator
3547 1170 3675 1245 qui-

2008 1261 2368 1332 buscunque
2424 1263 2480 1314 et
2521 1261 2583 1313 ut
2639 1273 2770 1314 sors
2839 1259 3076 1330 tulerat,
3142 1260 3677 1333 grammaticisque

2009 1349 2256 1404 minime
2286 1347 2461 1417 notis,
2539 1347 2800 1419 Josepho
2871 1349 3323 1421 Mesopotamita
3396 1349 3677 1422 illiusque

2009 1438 2364 1496 administro
2396 1436 2727 1508 Nicephor’o
2757 1437 2988 1509 Alyate,
3022 1438 3128 1494 sed
3157 1438 3219 1494 in
3248 1438 3675 1511 spectabiliori-

2007 1529 2124 1584 bus
2154 1527 2357 1584 litteris
2387 1525 2707 1599 studioque
2729 1531 2786 1583 et
2815 1527 3123 1600 diligentia
3183 1528 3381 1599 dignis
3426 1529 3674 1584 Joannis

2011 1618 2250 1674 Macroti
2294 1622 2351 1672 et
2393 1632 2527 1672 meo
2572 1616 2899 1672 ministerio
2949 1617 3248 1674 utebatur.
3310 1617 3675 1690 Petraliphas

2009 1724 2172 1779 ergo,
2204 1707 2406 1762 uxoris
2444 1705 2740 1763 Michaelis
2780 1709 2981 1773 frater,
3036 1707 3280 1763 obviam
3328 1706 3677 1779 imperatori

2010 1798 2204 1854 factus
2237 1796 2425 1852 multo
2484 1812 2624 1852 cum
2669 1796 2912 1866 gaudio,
2960 1797 3189 1868 ingenti
3234 1796 3416 1852 etiam
3473 1796 3677 1853 laetitia

2010 1887 2257 1956 agmina
2269 1885 2618 1942 cumulavit.
2645 1885 2855 1942 Statim
2876 1886 3038 1942 enim
3056 1885 3321 1942 Castoria
3347 1885 3398 1941 ei
3421 1885 3674 1941 cireum-

2004 1976 2271 2049 jacentia
2325 1975 2463 2030 loca
2501 1974 2845 2047 imperatori
2884 1990 2947 2030 se
2989 1973 3340 2031 submisere.
3397 1972 3676 2031 Deabolis

2008 2065 2152 2122 item
2183 2080 2409 2134 magna
2438 2069 2495 2120 et
2514 2079 2705 2136 parva
2734 2064 2795 2120 in
2819 2068 3114 2136 potestate
3144 2063 3303 2119 illius
3341 2078 3578 2119 venere.
3609 2065 3676 2120 Et

2010 2171 2085 2212 ex
2110 2154 2343 2210 Albano
2405 2152 2716 2220 Gulamus,
2772 2169 2896 2210 una
2951 2169 3091 2208 cum
3146 2153 3428 2223 exercitu,
3492 2167 3678 2225 quem

2010 2245 2249 2302 Albano
2272 2244 2664 2309 conduxerat,
2695 2242 2756 2299 in
2787 2243 3066 2300 Castoriaa
3104 2243 3379 2315 partibus
3427 2241 3675 2312 degens,

2011 2332 2616 2406 Irenaeimperatricis
2643 2332 2826 2405 nepti,
2878 2331 3256 2389 consobrinus
3303 2330 3460 2387 illius
3513 2331 3674 2400 ﬁliae,

2011 2423 2399 2480 matrimonio
2431 2421 2770 2494 copulatus,
2822 2420 3092 2477 oratione
3149 2419 3389 2493 placida
3417 2424 3475 2476 et
3525 2419 3676 2490 miti,

2009 2528 2121 2569 nec
2153 2528 2273 2567 non
2294 2511 2500 2567 litteris
2527 2526 2596 2566 ac
2628 2509 2939 2582 promissis
2983 2509 3383 2582 imperatoriis
3425 2508 3677 2581 illectus,

2010 2601 2357 2674 imperatori
2418 2617 2480 2656 se
2528 2600 2798 2657 dederat.
2854 2600 3057 2656 Amice
3113 2601 3503 2672 humaneque
3567 2600 3679 2656 hos

2012 2707 2224 2748 omnes
2247 2695 2528 2762 exceptos
2547 2689 2893 2762 imperator,
2919 2689 3004 2744 uti
3028 2703 3137 2761 par
3156 2692 3300 2754 erat,
3326 2687 3680 2745 muneribus

2013 2781 2191 2837 etiam
2214 2778 2556 2836 cumulavit.
2629 2779 2850 2834 Certior
2907 2777 2984 2834 de
3036 2776 3128 2832 his
3185 2776 3381 2833 factus
3436 2773 3680 2833 Michael

2013 2869 2290 2942 despota,
2347 2884 2597 2924 cernens
2661 2884 2758 2923 res
2811 2883 2952 2924 suas
3009 2867 3070 2922 in
3108 2871 3377 2923 extrema
3438 2865 3680 2924 fortuna

2012 2959 2309 3025 laborare,
2338 2956 2717 3030 imperatoris
2746 2972 3037 3029 prospere
3060 2960 3276 3012 cuncta
3307 2971 3378 3012 ac
3409 2954 3677 3012 secundo

2012 3055 2188 3106 vento
2219 3047 2565 3120 procedere,
2614 3045 2847 3116 legatus
2899 3045 2976 3101 ad
3043 3045 3470 3118 imperatorem
3518 3044 3679 3101 misit

2017 3140 2232 3194 Xerum
2255 3141 2442 3193 metro
2448 3135 2695 3208 politam
2708 3139 2750 3191 N
2758 3134 3444 3208 aupacti,Maliassenum
3459 3134 3680 3190 sororis

2014 3244 2140 3283 sua:
2188 3242 2497 3297 generum,
2561 3230 2618 3281 et
2677 3225 3046 3298 Lampetem,
3104 3223 3210 3297 qui
3257 3223 3680 3280 convenientes

2013 3317 2440 3389 imperatorem
2491 3314 2688 3370 foedus
2736 3314 2985 3370 faciunt.
3037 3317 3104 3370 Et
3146 3314 3392 3374 Michael
3429 3313 3680 3387 quidem

2012 3407 2359 3480 imperatori
2391 3409 2654 3461 castrum
2683 3404 2900 3476 Prilapi
2929 3408 2984 3460 et
2997 3405 3273 3460 Belesum
3294 3408 3350 3461 et
3369 3404 3431 3460 in
3448 3402 3679 3461 Albano

2014 3497 2307 3569 oppidum
2364 3497 2482 3568 99
2551 3495 2730 3550 Croas
2788 3493 3034 3550 dedidit.
3085 3493 3300 3550 Fmdus
3353 3493 3532 3550 etiam
3573 3507 3682 3566 per

2012 3587 2440 3659 imperatorem
2453 3584 2850 3657 jurejurando
2867 3584 3100 3657 scriptis
3117 3585 3472 3654 consignato
3486 3583 3683 3639 ﬁrma-

2012 3681 2142 3733 tum
2183 3680 2300 3742 est;
2337 3681 2392 3731 et
2418 3674 2496 3730 ad
2527 3691 2667 3729 eum
2696 3674 2860 3729 missi
2893 3673 3072 3744 legati
3122 3673 3351 3729 Phocas
3390 3671 3682 3728 Philadel-

2013 3765 2301 3838 phiensis,
2318 3763 2579 3820 lsaacius
2598 3766 2788 3819 Ducas
2815 3763 2972 3818 aulae
2992 3762 3391 3836 primicerius,
3420 3777 3604 3834 quem
3627 3765 3686 3818 et

2013 3853 2451 3927 Murtzuphlum
2493 3852 3028 3923 cognominabant,
3055 3851 3300 3909 Michael
3343 3850 3596 3924 Hyaleas
3625 3853 3684 3907 et

2014 3959 2126 4015 ego
2155 3943 2283 4015 ipse
2322 3942 2402 3998 ad
2433 3941 2772 3998 Michaelcm
2804 3941 3169 3998 accessimus
3217 3940 3468 3997 Larissae
3518 3955 3681 3996 com-

2012 4037 2371 4098 morantem,
2406 4036 2464 4089 et
2501 4037 2679 4104 pacta
2709 4030 3169 4105 complevimus.
3202 4033 3430 4086 Etcum
3478 4029 3677 4087 ﬁlium

2012 4121 2167 4178 illius
2194 4122 2613 4195 Nicephorum,
2665 4137 2848 4194 quem
2919 4125 3165 4194 propter
3213 4135 3389 4177 suam
3433 4123 3679 4192 neptem

2012 4212 2335 4285 imperator
2373 4213 2640 4283 despotte
2679 4225 2933 4265 munere
2962 4209 3371 4273 decoraverat,
3418 4208 3680 4280 accepis-

2013 4317 2236 4368 semus,
2297 4316 2407 4357 nec
2506 4315 2630 4356 non
2686 4298 2985 4355 Michaelts
3041 4302 3327 4371 patruum
3380 4296 3679 4368 Angelum

2010 4391 2390 4447 Theodorum
2421 4388 2670 4446 vinculis
2697 4387 3010 4458 alligatum
3061 4405 3074 4442 :
3110 4386 3190 4443 ad
3249 4386 3678 4459 imperatorem

2015 4480 2176 4553 apud
2209 4480 2484 4536 Bodenos
2507 4479 2802 4549 degenten
2833 4476 3318 4548 remigravimus.
3350 4479 3416 4533 Et
3440 4477 3570 4532 haec
3598 4476 3681 4533 ita

2010 4571 2253 4640 peracta
2293 4572 2449 4623 sunt.
2481 4567 2781 4640 talemque
2820 4565 3006 4622 ﬁnem
3049 4581 3144 4622 res
3190 4565 3476 4622 habuere.
3532 4566 3680 4622 Cum

2010 4657 2272 4713 Bodenis
2304 4655 2622 4728 imperator
2650 4656 3000 4720 hiemasset,
3033 4670 3195 4722 vere,
3221 4654 3675 4711 resurrectionis

2011 4746 2226 4803 diebus
2245 4745 2409 4800 festis
2436 4745 2770 4812 celebratis,
2802 4744 3162 4800 exercitibus
3190 4743 3414 4799 ibidem
3436 4743 3676 4812 relictis,

2013 4841 2068 4894 et
2094 4835 2444 4892 ductoribus
2466 4850 2675 4890 eorum
2706 4834 3162 4906 protovestiario
3220 4832 3446 4899 Alexio,
3490 4831 3676 4889 Raulo

2013 4925 2207 4998 neptis
2251 4923 2467 4980 marito
2515 4927 2572 4978 et
2629 4926 2936 4980 Comneno
2998 4921 3280 4978 Michaele
3332 4920 3674 4993 Palaaologo

2015 5013 2512 5079 constitutis,cum
2533 5027 2723 5084 parvo
2743 5011 2984 5080 agmine
3012 5010 3092 5066 ad
3109 5010 3288 5066 urbes
3303 5009 3434 5081 jam
3445 5023 3677 5082 recens,

2016 5108 2289 5161 Romano
2312 5103 2566 5176 imperio
2595 5101 2830 5159 additas
2851 5099 3200 5158 revisendas
3219 5101 3327 5155 iter
3345 5099 3679 5170 ingreditur

2017 5198 2074 5250 et
2100 5193 2365 5266 primum
2387 5191 2702 5248 Achridam
2733 5191 2894 5265 petit,
2928 5190 3069 5246 inde
3110 5188 3419 5248 Deabolim
3442 5188 3679 5262 proﬁci-

2018 5283 2218 5350 scitur,
2253 5299 2326 5338 ex
2381 5299 2507 5354 qua
2550 5281 2880 5339 Castoriam
2926 5280 3218 5354 pervenit,
3289 5284 3345 5337 et
3383 5283 3678 5338 autumno

2017 5371 2363 5442 agminibus
2428 5370 2776 5443 compositis
2815 5369 2980 5427 viam
3047 5370 3128 5426 ad
3185 5369 3488 5427 Orientem
3553 5385 3681 5427 me-

2022 5462 2264 5518 ditatur.

1185 5597 1529 5665 Theodori
1580 5598 1830 5666 Dousae
1880 5606 1945 5666 ct
1990 5596 2240 5666 Leonis
2290 5595 2523 5664 Allatii
2576 5602 2782 5663 notze.

377 5754 495 5828 (9T)
527 5752 951 5828 Παραχειμάσας
980 5747 1087 5806 οὖν.
1122 5752 1439 5821 Gregoras,
1457 5767 1516 5824 p.
1544 5754 1631 5824 49,
1665 5751 1749 5810 ait
1775 5750 1923 5809 redit

2011 5767 2034 5808 1
2061 5764 2334 5824 parasse,
2362 5749 2528 5823 quod
2556 5748 2640 5807 ibi
2663 5748 2848 5810 nollet
2874 5748 3213 5808 hibernare.
