4152 6384
291 378 432 437 1109

1864 369 2154 427 ANNALE

3543 374 3681 431 mo

284 506 478 564 ἔστησε
533 505 625 555 καὶ
706 498 893 575 κριτὰς
946 496 1158 551 έκάθισε
1206 499 1296 549 καὶ
1348 494 1583 570 λαμπρὸν
1632 496 1899 569 κριτήριον

2006 495 2118 568 nit,
2140 498 2197 552 et
2216 493 2506 552 indicium
2522 494 2754 553 celebre
2775 498 3096 557 constituit.
3118 501 3316 559 Causa
3354 498 3485 555 haec
3524 499 3672 556 erat.

289 596 692 668 συνεκρότησεν.
752 587 812 642 Ἠ
866 584 917 640 δ’
966 587 1210 647 ὑπόθεσις
1294 586 1355 645 ἦν
1444 587 1687 643 τοιαύτη.
1756 583 1898 637 Ἐπεὶ

286 684 616 742 ἐτελεύτησεν
647 681 953 751 όΤορνίκης
1001 680 1317 749 Δημήτριος,
1368 677 1444 728 ἔτι
1493 671 1553 728 δε
1606 682 1789 749 περιῆν
1848 672 1898 727 ἕν

285 770 885 841 Θεσσαλονίκηόμέγας
953 763 1287 838 δομέστικος,
1346 766 1373 817 6
1414 762 1474 818 δὲ
1526 766 1714 817 τούτου
1784 767 1899 827 υἱὸς

282 863 515 937 Μιχαὴλ
543 861 592 925 ἐς
611 860 882 915 Μελένικον
939 860 1030 910 καὶ
1078 855 1282 931 Σέρῥας,
1337 856 1389 917 ὃς
1427 858 1516 908 καὶ
1574 857 1752 928 μαθὼν
1808 858 1895 908 τὸν

287 962 383 1008 τοῦ
413 956 634 1027 Τορνικη
666 951 881 1003 θάνατον
911 943 1244 1022 ἕδυσφόρησε
1281 951 1371 999 καὶ
1424 947 1730 1019 σκυθρωπός
1785 952 1897 1006 τοῖς

288 1042 699 1117 ἐντυγχάνουσιν
737 1038 1050 1111 ἐπεφαίνετο·
1115 1038 1177 1095 ἦν
1233 1039 1332 1110 γὰρ
1382 1037 1408 1088 6
1464 1040 1720 1111 Τορνίκης
1804 1036 1897 1088 σύ-

290 1134 448 1205 ζυγον
482 1135 618 1205 ἔχων
646 1137 739 1184 τοῦ
791 1127 1017 1203 μεγάλου
1079 1122 1398 1198 δομεστίκου
1438 1121 1890 1198 πρωτεξαδέλφην.

286 1224 388 1276 Οἷα
414 1230 540 1294 γοῦν
570 1220 705 1294 φιλεῖ
766 1218 845 1273 ἐπὶ
924 1224 1033 1278 τοῖς
1080 1220 1335 1278 τοιούτοις
1372 1217 1631 1287 γίνεσθαι,
1678 1216 1893 1290 ἠρωτή-

284 1332 365 1366 κει
391 1332 471 1376 τις
509 1319 610 1364 τῶν
665 1309 721 1362 ἰκ
812 1308 1089 1363 Μελενίκου
1145 1309 1441 1379 τοῦνομα.,.
1506 1308 1713 1380 θάτερόν
1778 1325 1896 1358 τινα

285 1400 669 1473 καλούμενον...
728 1399 848 1451 ὅτου
908 1397 1071 1468 χάριν
1128 1394 1497 1468 σκυθρωπάζει
1550 1394 1575 1445 6
1628 1396 1895 1466 Κομνηνὸς

286 1488 532 1562 Μιχαὴλ.
567 1488 626 1542 Ὀ
658 1485 718 1541 δὲ
745 1487 861 1558 (καὶ
887 1488 990 1558 ’γὰρ
1022 1485 1285 1544 ἠπίστατο
1315 1487 1410 1542 τὴν
1476 1482 1692 1555 αἰτίαν),
1751 1504 1779 1532 (ι
1834 1482 1892 1535 Ὀ

287 1583 561 1655 Τορνίκης,
587 1600 616 1629 ››
637 1580 753 1649 ἔφη,
783 1596 813 1626 ι(
839 1579 1134 1649 Δημήτριος
1154 1575 1413 1631 τέθνηκεν.
1463 1571 1561 1625 Ἦν
1620 1568 1678 1625 δί
1729 1590 1894 1647 προσ-

288 1673 439 1743 γενὴς
465 1667 623 1721 αὐτοῦ
677 1670 765 1720 καὶ
817 1666 1083 1738 οἰκονόμος
1124 1672 1225 1717 τῶν
1288 1670 1491 1717 κοινῶν.
1554 1666 1655 1716 Καὶ
1703 1664 1890 1715 τούτου

288 1766 413 1831 γοῦν
451 1759 613 1832 χάριν
640 1759 878 1809 κάκείνου
927 1754 1227 1812 λελύπηται.
1281 1775 1308 1803 ››
1360 1752 1418 1805 Ὁ
1476 1748 1556 1821 δε,
1606 1773 1634 1800 (ι
1683 1754 1754 1807 οὔ
1800 1772 1891 1825 μοι

2010 588 2157 643 Cum
2187 585 2519 641 Demetrius
2552 586 2857 643 Tornicius
2882 590 3066 645 vitam
3096 589 3348 655 ﬁnisset,
3392 592 3674 660 essetque

2006 674 2442 732 Thessalonicae
2467 691 2728 747 magnus
2751 676 3136 746 domesticus,
3167 678 3328 734 ﬁlius
3349 693 3493 734 vero
3513 676 3672 734 illius

2006 764 2251 822 Michael
2281 764 2541 821 Melenici
2572 769 2628 821 et
2658 766 2865 827 Serris.
2898 767 3141 824 Michael
3175 771 3484 840 comperta
3520 770 3672 823 Tor-

2005 853 2143 910 nicii
2166 860 2375 923 morte,
2401 869 2559 925 aegre
2587 870 2716 911 rem
2746 855 2901 926 tulit,
2924 856 3194 929 tristique
3223 873 3294 913 ac
3320 856 3491 912 vultu
3536 859 3667 912 tur-

2005 943 2313 1000 bationem
2340 960 2463 1017 prae
2492 961 2553 1000 se
2591 944 2787 1001 ferens
2817 945 3266 1019 alloquentibus
3324 944 3665 1001 videbatur.

2003 1034 2307 1091 Tornicius
2328 1034 2491 1090 enim
2510 1035 2718 1103 magni
2747 1035 3060 1093 domestici
3084 1034 3511 1092 consobrinam
3541 1049 3669 1090 ma-

2004 1123 2283 1180 trimonio
2314 1124 2426 1180 sibi
2452 1126 2754 1195 junxerat.
2788 1126 2857 1182 Ut
2880 1125 2939 1181 in
2970 1126 3063 1182 his
3088 1125 3216 1182 ﬁeri
3246 1128 3433 1190 amat,
3464 1140 3497 1180 e
3552 1126 3672 1181 Me-

2000 1213 2194 1270 lenico
2215 1213 2543 1286 quispiam,
2568 1214 2754 1270 alium
2779 1215 3026 1287 quidem
3047 1215 3293 1271 nomine
3478 1213 3664 1269 inter-

2000 1303 2232 1373 rogavit
2245 1326 2271 1356 ι
2288 1319 2557 1376 quanam
2570 1303 2645 1359 de
2658 1319 2837 1360 causa
2857 1306 2900 1374 ι
2911 1306 2968 1376 ο
2982 1306 3023 1375 ι
3046 1304 3289 1359 Michael
3321 1306 3665 1361 Comnenus

2002 1408 2131 1448 sese
2162 1392 2347 1448 animi
2387 1393 2570 1449 tristis
2594 1397 2858 1463 angeret.
2884 1414 2913 1443 »
2947 1393 3044 1449 llle
3075 1395 3359 1466 (namque
3408 1407 3663 1449 causam

2002 1481 2226 1553 optime
2244 1481 2539 1553 callebat),
2564 1482 2929 1554 «Tornicius,
2956 1503 2984 1534 ››
3009 1482 3107 1554 ait,
3132 1504 3161 1533 ‹‹
3183 1484 3516 1539 Demetrius
3536 1480 3661 1538 fato

2000 1570 2376 1634 functus'est.
2416 1572 2520 1646 qui
2545 1587 2685 1627 eum
2709 1572 3053 1645 propinqua
3115 1572 3470 1643 cognatione
3516 1587 3657 1628 con-

2000 1661 2267 1732 tingebat
2294 1666 2350 1719 et
2377 1678 2471 1718 res
2499 1661 2772 1735 publicas
2811 1661 3291 1732 administrabat,
3337 1666 3657 1736 propterea

1999 1757 2189 1810 morte
2218 1752 2373 1808 illius
2403 1751 2582 1808 tristis
2615 1756 2725 1808 est.
2754 1773 2783 1802 »
2819 1751 3022 1819 Allius,
3049 1773 3079 1801 ‹‹
3104 1754 3233 1809 Non
3258 1752 3373 1808 hoc
3400 1752 3546 1808 mihi
3572 1753 3656 1812 ita

290 1843 453 1911 δοκεῖ,
486 1850 711 1918 λη’ζῆσίν·
745 1866 775 1895 ‹‹
806 1841 931 1897 οὐδε
984 1845 1087 1917 γὰρ
1153 1839 1247 1895 διὰ
1301 1846 1554 1915 Τορνίκην
1602 1841 1768 1902 οὕτως
1827 1842 1888 1893 οἶν

2001 1860 2065 1901 se
2086 1842 2307 1900 habere
2337 1842 2568 1899 videtur
2601 1859 2614 1898 :
2643 1857 2840 1914 neque
2856 1842 3013 1897 enim
3032 1844 3275 1914 propter
3311 1842 3654 1899 Tornicium

284 1932 543 2009 ἠδημόνει
585 1940 676 1988 καὶ
752 1933 1040 2007 ἤσχαλλεν.
1117 1931 1257 1985 Ἀλλ’
1307 1934 1371 1991 ὡς
1438 1933 1616 1993 ἔοικεν,
1667 1929 1751 1983 ἐπὶ
1816 1938 1888 2002 τῷ

282 2030 535 2098 κρείττονι
589 2024 781 2077 ἐκείνου
862 2029 1011 2075 τοῦτο
1071 2019 1385 2094 συμϐέϐηκε,
1454 2024 1557 2073 Καὶ
1609 2019 1654 2073 εἰ
1707 2027 1885 2086 τοῦτο,

282 2122 373 2187 φεῦ
440 2117 587 2187 ἡμῖν·
640 2112 689 2165 ἰν
728 2116 830 2186 γὰρ
908 2118 1177 2187 ταραχαῖς
1243 2115 1333 2163 καὶ
1400 2109 1688 2181 ὀχλήσεσιν
1739 2106 1887 2171 αὖθις

277 2208 588 2275 γενήσονται
647 2205 712 2255 τὰ
750 2205 997 2277 ἡμέτερα,
1095 2202 1539 2274 κατεστορεσμένα
1589 2207 1676 2251 νῦν
1722 2198 1888 2260 καλῶς

277 2296 370 2345 καὶ
400 2292 473 2353 εἰς
503 2291 787 2365 ἀταραξίαν
814 2291 1119 2350 ἐληλυθότα.
1150 2308 1181 2343 ›
1205 2289 1272 2342 Ἤ
1307 2285 1357 2342 δ’
1404 2284 1569 2353 οὗτος,
1626 2309 1656 2337 ‹‹
1723 2287 1881 2356 Ἀλλ’,

278 2380 512 2453 ὧφίλος,
570 2386 660 2434 καί
702 2380 746 2434 εἰ
805 2387 1035 2433 τοιοῦτον
1092 2378 1297 2445 ξυνέϐη,
1372 2397 1463 2430 και
1515 2378 1646 2429 οὕτω
1696 2373 1763 2435 δὴ
1824 2376 1883 2429 ού

278 2478 448 2532 κακῶς
476 2473 545 2523 τὰ
573 2470 694 2523 καθ’
722 2471 863 2543 ἡμᾶς
896 2468 1092 2531 ἕξουσι.
1150 2472 1250 2521 Καὶ
1306 2469 1407 2540 ’γὰρ
1456 2468 1482 2518 6
1528 2470 1687 2538 μέγας
1727 2462 1882 2538 δομέ-

280 2579 461 2620 στικος
514 2558 562 2612 έν
646 2558 1009 2617 Θεσσαλονίκη
1085 2554 1260 2629 διάγει
1335 2558 1653 2628 ἡγεμονεύων
1696 2554 1879 2625 αὐτῆς,

276 2654 367 2701 καὶ
397 2651 581 2702 οὑτοσὶ
615 2646 673 2702 δε
694 2650 721 2702 6
756 2652 1021 2722 Κομνηνὸς
1046 2646 1270 2720 Μιχαὴλ
1300 2648 1325 2699 6
1380 2648 1567 2699 τούτου
1624 2647 1733 2707 υἱὸς
1788 2650 1883 2705 τὴν

275 2747 377 2791 τῶν
431 2740 691 2813 ἡμετέρων
776 2757 967 2811 χωρων
1054 2736 1286 2809 διεξάνει
1359 2732 1693 2808 κηδεμονίαν.
1761 2735 1883 2789 Ὑπὸ

274 2831 524 2881 τοιούτων
584 2836 709 2900 γοῦν
768 2833 1028 2901 μεγίστων
1122 2825 1327 2901 ἀνδρῶν
1418 2823 1885 2899 διακυϐερνὼμενοι

275 2916 606 2970 ούκᾶνποτε
658 2922 913 2991 κοσμικόν
975 2914 1261 2970 κλυδώνιον
1336 2915 1558 2991 ἴδοιμεν,
1615 2918 1777 2981 ἄλλως
1832 2938 1885 2971 τε

276 3008 429 3064 καὶὴ
460 3014 553 3058 τοῦ
587 3007 879 3083 Βουλγάρου
920 3008 1244 3080 Καλλιμάνου
1295 3006 1490 3081 ἀδελφή
1536 3009 1617 3081 (4)
1670 3012 1881 3085 Θάμαρ,

278 3094 418 3158 ἄζυξ
445 3097 517 3147 ἔτι
565 3095 802 3167 τελοῦσα,
858 3098 932 3159 εἰς
996 3100 1167 3171 ’γάμου
1219 3104 1482 3152 κοινωνίαν
1536 3099 1746 3162 ξυνελθη
1813 3106 1884 3169 τῷ

1997 1929 2080 1986 ita
2112 1929 2339 1986 doleret
2368 1928 2869 2002 aﬂligereturque.
2905 1929 3020 1987 Sed
3051 1934 3115 1985 ut
3161 1933 3433 2002 apparet,
3466 1930 3530 1986 id
3593 1931 3658 1988 in

1996 2021 2211 2078 melius
2239 2020 2321 2078 illi
2349 2021 2614 2092 contigit.
2646 2020 2873 2087 Quodsi
2900 2021 3016 2077 hoc
3046 2020 3241 2091 fuerit,
3280 2036 3371 2077 vas
3428 2020 3606 2078 nobis
3638 2039 3654 2079 :

1994 2128 2202 2169 rursus
2214 2112 2375 2167 enim
2396 2126 2491 2167 res
2510 2114 2733 2167 nostrae
2750 2109 3113 2183 perturbatae
3129 2110 3189 2166 in
3203 2125 3429 2181 magna
3448 2111 3657 2168 confu-

1996 2202 2162 2257 sione
2180 2205 2469 2273 motuque
2491 2205 2684 2268 erunt,
2718 2216 2855 2273 quas
2893 2216 3057 2256 nunc
3089 2199 3309 2257 sedatae
3334 2216 3404 2257 ac
3431 2202 3659 2273 optime

1993 2292 2395 2366 tranquillatis
2423 2296 2774 2348 cernuntur.
2824 2312 2854 2342 »
2884 2293 3047 2347 Tunc
3104 2290 3258 2347 alius
3320 2291 3651 2364 respondit,

1994 2403 2022 2432 ‹‹
2050 2382 2184 2449 Sed,
2206 2397 2243 2437 o
2274 2396 2483 2438 carum
2506 2384 2704 2453 caput,
2746 2379 2881 2436 licet
2900 2384 3103 2436 tamen
3124 2379 3185 2436 id
3204 2379 3507 2449 acciderit,
3530 2396 3656 2438 non

1990 2470 2128 2547 ideo
2150 2487 2244 2527 res
2276 2474 2499 2526 nostra:
2527 2469 2685 2526 male
2716 2485 2781 2525 se
2808 2468 3141 2526 habebunt.
3196 2472 3469 2542 Namque
3526 2486 3653 2529 ma-

1992 2578 2147 2633 gnus
2168 2561 2529 2617 domesticus
2547 2559 2980 2616 Thessalonicae
2995 2559 3224 2629 degens
3244 2558 3411 2616 illam
3437 2560 3651 2618 mode-

1990 2656 2175 2708 ratur.
2210 2653 2272 2707 Et
2288 2650 2385 2706 hic
2413 2650 2543 2722 ipse
2574 2650 2913 2705 Comnenus
2944 2648 3209 2717 Michael,
3255 2648 3412 2704 illius
3466 2649 3650 2721 ﬁlius,

1992 2741 2209 2798 nostris
2222 2739 2469 2796 urbibus
2487 2754 2735 2813 operam
2748 2742 3001 2811 praestat.
3048 2738 3139 2794 Ab
3160 2738 3252 2794 his
3272 2738 3474 2811 itaque
3486 2739 3648 2807 viris,

1993 2831 2190 2903 iisque
2206 2829 2663 2900 maximis,idum
2681 2828 3105 2897 gubernamur,
3124 2843 3436 2900 nunquam
3447 2828 3653 2902 aliqua

1994 2923 2345 2993 tempestate
2366 2917 2581 2990 jactari
2618 2916 2969 2989 poterimus.
3002 2918 3293 2973 Praeterea
3340 2916 3658 2975 Callimaui

1994 3010 2235 3080 Bulgari
2249 3024 2417 3064 soror
2440 3006 2883 3075 Thamar,nulli
2913 3010 3124 3078 nupta,
3141 3005 3529 3063 matrimonio
3552 3008 3655 3064 Mi-

1995 3100 2186 3157 chaeli
2218 3101 2523 3156 Comneno
2548 3098 2852 3168 jungetur.
2880 3097 2951 3152 Et
2984 3096 3067 3151 sic
3096 3095 3248 3151 inter
3278 3111 3391 3151 nos
3428 3111 3499 3153 ac
3531 3096 3659 3153 Bul-

282 3191 535 3257 Κομνηνῷ
574 3187 815 3258 Μιχαὴλ,
858 3193 948 3241 καὶ
1000 3193 1312 3260 γενήσονται
1358 3187 1559 3243 σποδαὶ
1619 3193 1776 3261 μέσον
1833 3208 1888 3241 τε

1997 3206 2174 3264 garos
2193 3204 2313 3261 pax
2338 3186 2770 3244 conciliabitur.
2806 3207 2835 3237 ››
2863 3185 3001 3241 Haec
3031 3184 3109 3242 ab
3136 3184 3252 3241 illis
3301 3185 3495 3243 inscio
3556 3186 3659 3244 Mi-

276 3278 424 3347 ἡμῶν
453 3280 543 3329 xui
582 3277 906 3352 Βουλγάρων.
970 3300 991 3327 ι
1053 3286 1233 3332 Ταῦτα
1282 3277 1350 3339 δὴ
1407 3280 1708 3339 λελάληνται
1764 3284 1885 3352 παρ’

276 3365 468 3432 αὐτῶν,
504 3363 672 3438 μηδὲν
699 3364 903 3429 εἰδότος
930 3376 1024 3422 τοῦ
1056 3376 1325 3441 Κομνηνοῦ
1361 3371 1596 3442 Μιχαὴλ.
1656 3373 1887 3446 Θάτερος

274 3450 364 3507 οὖν
401 3462 511 3508 τοῖν
542 3452 692 3508 δυοῖν
722 3455 942 3510 ἐπελθὼν
1000 3463 1131 3533 πρὸς
1185 3463 1271 3511 τὸν
1324 3460 1586 3534 εἰρημένον
1640 3461 1887 3533 Μαγκλα-

273 3543 425 3602 ϐίτην
458 3543 755 3617 ἀνήγγειλεν
823 3547 963 3618 αύτῷ
1028 3552 1095 3600 τὰ
1144 3557 1382 3617 τοιαῦτα,
1437 3552 1463 3601 6
1527 3546 1586 3603 δι
1642 3548 1886 3622 ἀνήνεγκε

272 3642 347 3705 τῷ
380 3632 609 3707 βασιλεῖ.
646 3639 1072 3709 Κατασχεθέντες
1114 3638 1201 3691 οὖν
1233 3644 1327 3693 xui
1380 3641 1537 3712 ἄμφω
1586 3640 1885 3714 ἠρώτηνται

273 3728 518 3797 περὶτῶν
571 3723 898 3798 λελεγμένων.
953 3726 1011 3780 ’0
1064 3733 1153 3800 μέν
1208 3729 1294 3781 όῦν
1369 3732 1672 3801 κατηγόρει,
1729 3731 1882 3783 θάτε-

271 3831 362 3885 ρος
393 3809 454 3865 δε
478 3814 925 3887 ύπεραπελογείτο.
954 3814 1178 3889 ’Ἐφησεν
1210 3814 1318 3885 οὖν,
1371 3822 1436 3879 ὡς
1499 3818 1733 3881 Ἀληθῶς
1792 3822 1882 3891 μὲν

274 3901 461 3953 οὑτοσὶ
502 3902 706 3975 εἰρήκει,
768 3905 891 3980 παρ’
974 3904 1099 3978 ἐμοῦ
1151 3910 1253 3981 γὰρ
1323 3906 1562 3966 ἀκήκοεν·
1623 3906 1730 3960 ἀλλ’
1776 3908 1883 3960 ὀὐκ

277 3985 484 4048 εἰδήσει
536 4011 625 4064 μοι
672 3996 873 4066 εἴρηται
929 4003 1020 4048 τοῦ
1083 4003 1374 4068 Κομνηνοῦ,
1429 3996 1537 4051 ἀλλ’
1593 3996 1645 4061 ἐξ
1696 3998 1882 4051 ἑαυτοῦ

273 4082 398 4142 τοὺς
449 4079 631 4153 λόγους
680 4086 903 4146 τούτους
957 4090 1274 4158 προήνεγκα.
1350 4088 1701 4159 Ἠναγκάζετο
1758 4095 1881 4159 γοῦν

270 4173 393 4243 περὶ
453 4173 658 4225 τούτουο
719 4170 831 4227 όδε
886 4174 1087 4248 ἠρνεῖτο
1134 4175 1380 4240 καθάπαξ
1439 4181 1511 4249 μὴ
1572 4173 1764 4230 εἰδέναι
1832 4197 1883 4230 τι

269 4264 390 4331 π’·ρί
415 4263 604 4313 τούτου
635 4266 693 4315 τὸ
748 4263 959 4316 σύνολον
1020 4267 1107 4317 τὸν
1162 4269 1426 4338 Κομνηνὸν
1483 4266 1725 4338 Μιχαὴλ.
1777 4266 1884 4320 Ἐν-

269 4351 459 4402 ταῦθεν
493 4350 810 4426 ηὐτρέπιστο
848 4356 1052 4417 τούτοις
1121 4362 1469 4429 στρατιωτική
1534 4376 1613 4417 τις
1671 4353 1881 4410 ἀποδει-

270 4438 374 4507 ξις,
406 4438 513 4493 ἐπεὶ
543 4445 615 4512 μὴ
647 4442 890 4517 ὑπῆρχον
936 4445 985 4496 οἱ
1014 4454 1413 4519 μαρτυροῦντες,
1444 4447 1474 4504 ἡ
1548 4442 1642 4499 διὰ
1696 4448 1883 4519 μάχης

272 4526 526 4605 διάπειρα
554 4532 658 4601 (5).
709 4531 1071 4592 Ὠπλίσθησαν
1111 4531 1169 4587 οὖ
1260 4542 1349 4589 καὶ
1407 4538 1581 4610 ἄμφω,
1644 4537 1880 4596 εἰσῆλθον

274 4617 348 4678 εἰς
373 4622 431 4671 τὸ
460 4617 699 4688 στάδιον,
741 4621 1012 4685 ξυνέϐαλον
1071 4622 1324 4691 ἀλλήλοις,
1376 4627 1465 4699 [Ρ.
1526 4628 1610 4699 52]
1661 4632 1747 4680 xui
1806 4646 1883 4680 νε-

272 4710 487 4764 νίκηται
517 4712 544 4763 ό
574 4716 1105 4787 κατηγορορούμενος,
1139 4712 1394 4789 ἀπερρίφη
1464 4736 1517 4768 τε
1555 4724 1646 4768 τοῦ
1694 4720 1879 4785 ἵππου,

269 4800 365 4848 καὶ
418 4802 510 4856 τὴν
562 4809 791 4853 νικῶσαν
844 4804 870 4854 6
926 4807 1212 4877 κατήγορος
1270 4806 1514 4876 ἔσχηκεν.
1573 4805 1885 4878 Συλληφθεὶς

269 4881 363 4938 οὖν
393 4886 527 4951 ζωος
556 4886 705 4955 (οὐδὲ
736 4893 838 4965 γὰρ
868 4896 1079 4967 καιρίαν
1119 4896 1387 4967 τέτρωται)
1426 4899 1517 4946 xui
1557 4894 1703 4954 αὖθις
1740 4895 1884 4969 ἠρώ-

265 4996 447 5044 τηται,
498 4980 565 5041 ὡς
616 4980 677 5031 ἄν
707 4980 1118 5054 καθομολγήσειε
1213 4986 1307 5041 τὴν
1369 4981 1629 5041 ἀλήθειαν.
1709 4981 1766 5037 Ὀ
1824 4981 1883 5038 δε

268 5076 364 5121 τοῦ
394 5074 648 5144 προτέρου
673 5070 827 5143 λόγου
859 5070 1147 5143 ἀντείχετο,
1172 5078 1262 5126 καὶ
1311 5069 1443 5145 μηδ’
1502 5074 1634 5136 ὅλως
1689 5071 1884 5127 εἰδέναι

265 5177 323 5210 τι
354 5160 441 5209 τόν
475 5164 737 5232 Κομνηνόν
767 5158 1142 5238 διεμαρτύρετο
1192 5162 1435 5235 Μιχαὴλ.
1493 5162 1636 5216 Ἐπεὶ
1682 5159 1741 5217 δὲ
1791 5159 1884 5217 διὰ

1997 3277 2201 3335 chaele
2219 3278 2526 3333 Comneno
2546 3274 2708 3331 dicta
2729 3276 2889 3329 sunt.
2909 3277 2979 3330 At
3000 3289 3158 3329 unus
3183 3289 3256 3330 ex
3278 3272 3372 3329 his
3403 3274 3656 3331 Mancla-

1994 3372 2127 3426 vitae
2167 3368 2465 3439 colloquia
2489 3366 2641 3422 inter
2666 3382 2727 3420 se
2757 3365 2903 3420 inita
2942 3364 3152 3421 refert:
3186 3364 3283 3421 ille
3310 3365 3657 3438 imperatori

1994 3459 2329 3516 denuntiat.
2351 3455 2830 3527 Comprehensus
2851 3457 3101 3526 uterque
3132 3454 3207 3510 de
3233 3454 3304 3510 iis
3324 3471 3462 3528 quae
3493 3455 3656 3513 dixe-

1993 3547 2583 3615 rantinterrogantur
2595 3587 2608 3600 .
2629 3547 2695 3599 Et
2707 3558 2863 3599 unus
2875 3542 3122 3615 quidem
3137 3542 3482 3613 accusabat,
3498 3543 3650 3600 alius

1992 3635 2399 3709 respondebat
2432 3656 2453 3685 ε
2497 3637 2912 3690 accusatorem
2945 3648 3085 3689 vera
3110 3633 3419 3689 enuntiare
3446 3650 3460 3689 :
3494 3648 3531 3689 a
3551 3649 3649 3692 me

1992 3728 2156 3784 enim
2187 3724 2396 3782 audiit.
2428 3725 2646 3780 Verum
2671 3739 2741 3779 ea
2761 3723 2951 3779 inscio
2980 3724 3150 3794 102
3174 3725 3479 3780 Comneno
3501 3723 3648 3782 effa-

1991 3825 2088 3875 tus
2128 3834 2281 3887 sum,
2312 3831 2450 3871 cum
2473 3830 2544 3871 ex
2570 3814 2930 3886 memetipso
2950 3813 3137 3870 verba
3156 3813 3258 3870 illa
3272 3814 3643 3887 protulerim.

1993 3907 2327 3977 Cogebatur
2346 3904 2440 3961 ille
2465 3908 2530 3960 ut
2552 3904 2667 3960 hoc
2688 3903 2995 3960 indicaret.
3024 3906 3239 3960 Verum
3261 3903 3355 3961 ille
3388 3904 3652 3975 negabat

1992 3997 2219 4071 aliquid
2236 3995 2486 4053 omnino
2507 3994 2581 4050 de
2598 4010 2669 4050 eo
2692 3993 3035 4051 Michaelem
3060 3993 3207 4050 scire
3248 3994 3646 4053 Comnenum.

1992 4088 2136 4144 Hinc
2157 4085 2428 4142 militaris
2450 4083 2747 4156 probatio,
2801 4099 2939 4139 cum
2996 4083 3341 4140 testimonia
3393 4083 3652 4142 aliorum

1991 4176 2494 4244 desiderarentur,
2520 4177 2911 4247 praeparatur,
2980 4188 3085 4245 per
3158 4189 3380 4247 pugnae
3434 4174 3655 4232 scilicet

1991 4267 2490 4339 experimentum.
2511 4263 2708 4320 Ambo
2726 4263 2927 4336 itaque
2950 4268 3281 4334 armantur,
3303 4262 3367 4320 in
3388 4263 3654 4321 stadium

1990 4357 2232 4426 intrant,
2266 4353 2599 4423 conﬂigunt
2618 4351 2896 4419 invicem,
2921 4355 2978 4408 et
3004 4357 3323 4409 accusatus
3371 4352 3651 4425 vincitur,

1990 4445 2094 4518 qui
2126 4460 2284 4516 equo
2312 4443 2581 4514 dejectus
2606 4442 2920 4498 victoriam
2949 4441 3282 4498 accusatori
3330 4442 3649 4501 concessit.

1991 4534 2152 4590 idem
2180 4534 2354 4589 vivus
2386 4532 2856 4605 comprehensus
2882 4533 3098 4604 (neque
3123 4532 3285 4588 enim
3310 4532 3471 4590 letali
3516 4532 3649 4589 vul-

1990 4640 2130 4681 nere
2160 4640 2374 4680 vocem
2404 4623 2710 4691 amiserat)
2741 4622 2954 4678 iterum
2977 4621 3394 4695 interrogatur,
3437 4628 3503 4680 ut
3527 4640 3650 4681 rem

1989 4713 2290 4770 fateretur.
2322 4712 2419 4767 llle
2439 4712 2704 4784 primum
2732 4727 3074 4767 sermonem
3112 4711 3410 4769 obstinate
3463 4714 3651 4771 conti-

1989 4803 2236 4873 nuabat,
2270 4806 2327 4858 et
2355 4801 2501 4857 nihil
2528 4801 2746 4857 horum
2771 4801 3115 4858 Michaelem
3146 4802 3521 4858 Comnenum
3569 4806 3651 4860 te-

1990 4910 2131 4950 nere
2180 4891 2644 4949 contestabatur.
2693 4892 2839 4946 Cum
2882 4905 3023 4946 vero
3076 4890 3470 4947 atrocioribus
3520 4895 3647 4948 tor-

1991 4983 2208 5041 mentis
2263 4982 2574 5038 veritatem
2618 4979 3099 5051 extorquendam
3147 4994 3281 5035 esse
3340 4979 3648 5038 statuisset

1990 5074 2335 5146 imperator,
2361 5068 2885 5143 quemadmodum
2930 5067 3025 5123 ille
3087 5067 3461 5125 accuratiora
3515 5069 3648 5125 vitas

1994 5162 2276 5219 examina
2304 5159 2592 5234 poscebat
2616 5158 2994 5232 questionem
3048 5157 3290 5227 homini,
3349 5174 3486 5232 quas
3542 5174 3651 5234 per

1171 5304 1512 5373 Theodori
1562 5307 1813 5375 Dousae
1862 5315 1928 5374 et
1974 5305 2229 5376 Leonis
2278 5303 2511 5373 Allatii
2560 5310 2762 5370 notae.

344 5443 425 5521 (4)_
453 5444 780 5519 Καλλιμάνου
802 5444 1020 5521 ἀδελφή.
1057 5448 1499 5521 Pachymerius,
1542 5453 1608 5506 ut
1664 5465 1869 5521 supra,

266 5530 396 5593 non
411 5516 595 5593 hasce
604 5516 741 5593 cum
755 5516 1354 5593 ThamareCallimani
1370 5516 1592 5576 sororis
1603 5516 1869 5593 nuptias,

268 5587 378 5643 sed
402 5604 540 5669 cum
561 5590 684 5645 tilia
704 5590 999 5669 Michaelis
1024 5590 1289 5669 despotaa
1311 5596 1535 5669 secreta
1567 5587 1876 5669 sponsalia

267 5661 677 5734 suspicionem
694 5661 950 5734 affectati
976 5661 1207 5734 imperii
1236 5661 1701 5720 movissetradit.
1736 5670 1872 5722 ALL.

345 5731 426 5806 (5)
456 5734 537 5789 De
568 5733 1031 5806 purgationibus
1056 5731 1163 5807 per
1182 5737 1673 5795 monomachiam
1694 5742 1751 5793 et
1769 5736 1879 5794 fer-

1977 5465 2115 5506 rum
2169 5448 2436 5505 candens
2493 5446 2629 5503 vide
2675 5444 3054 5502 doctissimas
3120 5448 3177 5502 et
3215 5446 3649 5505 eruditissimus

1980 5520 2207 5579 Martini
2242 5520 2410 5576 Delrii
2441 5518 2909 5583 dissertationes,
2936 5518 3029 5589 {et
3059 5517 3287 5575 Sixtum
3320 5521 3649 5576 Senensem

1984 5594 2273 5650 Biblioth.
2305 5592 2387 5647 lib
2412 5608 2471 5653 ιι,
2502 5590 2561 5645 in
2585 5589 2725 5645 ﬁne.
2760 5589 2912 5645 Sunt
2960 5606 2996 5647 a
3064 5592 3250 5646 sacris
3310 5591 3648 5649 canonibus

1983 5664 2289 5722 damnatae
2303 5662 2695 5720 etinterdictas
2713 5660 2825 5718 sub
2848 5662 3046 5735 paenis
3067 5663 3467 5734 gravissimis.
3504 5667 3646 5723 ALL.
