4124 6462
569 385 702 444 illi

1852 382 2136 440 GEORGII
2165 382 2618 441 ACROPOLITE

3816 395 3955 452 1112

567 514 826 572 mortem
848 507 1117 579 infertur,
1137 505 1412 564 instituit.
1431 509 1639 564 Manus
1658 511 1814 565 retro
1843 511 2230 568 condemnati
2263 554 2271 569 ι

2364 511 2573 576 πλείονος
2604 511 2840 585 βασάνου
2889 509 3062 578 ἔδοξεν
3127 514 3406 588 ἐπιγνῶναι
3463 517 3552 570 τὸν
3611 517 3840 591 βασιλέα
3895 525 3955 574 τό

567 603 825 672 alligatae
852 598 1112 667 fuerunt,
1154 601 1221 653 ut
1245 612 1386 652 ense
1418 597 1654 669 periret,
1712 599 1871 656 oculi
1928 601 2108 657 linteo
2141 602 2230 658 in-

562 691 812 748 volucro
844 687 1222 760 operiuntur.
1259 687 1351 744 Sic
1389 687 1550 743 enim
1597 689 2010 748 condemnati-
2039 691 2234 748 solent

569 780 837 838 construi
867 781 927 835 et
956 777 1141 834 ictum
1171 778 1334 833 necis
1356 777 1653 850 excipere.
1691 779 1792 834 His
1820 780 1904 836 ita
1954 781 2230 852 peractis,

571 874 630 927 et
655 869 913 936 vinctus,
941 872 1008 922 ut
1029 867 1316 923 cervicem
1343 866 1422 922 ad
1453 871 1636 940 caput
1673 870 2118 942 amputandum
2150 887 2238 926 re-

573 958 819 1016 clinaret
824 958 1035 1029 jussus
1053 955 1254 1012 denuo
1275 956 1351 1011 de
1371 956 1443 1012 iis
1476 972 1613 1030 quae
1643 957 1705 1012 in
1731 959 2042 1031 questione
2069 962 2237 1016 erant

575 1049 936 1123 exposcitur.
953 1045 1457 1118 lllejurejurando
1475 1047 1653 1104 etiam
1679 1055 2062 1107 sacrosancto
2091 1067 2237 1108 con-

574 1139 840 1198 ﬁrmavit
863 1137 1012 1195 nihil
1037 1136 1335 1193 ullatenus
1365 1137 1584 1193 horum
1624 1139 1935 1196 conscium
1975 1157 2104 1197 esse
2135 1141 2236 1198 Mi-

577 1228 848 1286 chaelem
881 1228 1272 1285 Comnenum.
1300 1226 1410 1292 Qui
1439 1227 1856 1298 postmodum,
1910 1229 2048 1286 licet
2115 1245 2240 1287 non

577 1335 771 1376 caesus
824 1317 952 1388 fuit,
1007 1316 1070 1371 in
1118 1330 1418 1373 carcerem
1469 1315 1767 1373 abductus
1833 1323 1942 1387 est,
1993 1335 2243 1394 compe--

576 1408 757 1465 dibus
794 1423 865 1464 ac
902 1405 1152 1462 vinculis
1187 1405 1562 1462 constrictus.
1611 1408 1780 1480 103
1809 1410 2246 1467 Universatan-

577 1498 718 1555 dem
735 1496 988 1570 quaestio
1000 1495 1059 1552 in
1073 1495 1415 1553 Michaelem
1430 1497 1802 1554 Comnenum
1814 1513 2106 1556 conversa
2132 1503 2241 1576 est,

579 1586 884 1659 etjudices
904 1585 984 1642 ad
1001 1585 1060 1641 id
1075 1585 1356 1642 destinati
1375 1585 1456 1641 illi
1482 1585 1792 1643 dicebant:
1823 1610 1851 1637 «
1877 1589 2131 1653 Quando
2160 1590 2198 1646 d
2215 1607 2246 1646 e

578 1679 632 1732 te
663 1690 970 1732 sermones
1007 1673 1252 1746 quidem
1282 1673 1447 1730 haud
1477 1676 1855 1748 comprobati
1902 1678 2249 1736 referuntur

579 1782 617 1824 a
650 1770 708 1823 te
737 1764 872 1823 illos
902 1763 1180 1821 mirando
1205 1764 1410 1837 aliquo
1432 1763 1699 1822 facinore
1736 1766 2094 1824 refellendos
2117 1784 2249 1824 esse

2344 601 2550 664 ἀληθὲς,
2609 604 2716 664 οἷος
2802 601 2987 665 ἐκεῖνος
3064 607 3156 665 τὰς
3229 604 3484 668 ἐξετάσεις
3578 605 3958 684 ἀκριϐεστέρας

2341 694 2664 766 ποιούμενος,
2697 695 2784 744 τὸν
2821 689 2916 745 διὰ
2961 695 3183 747 θανάτου
3214 700 3444 768 επήγαγε
3490 703 3564 768 τῷ
3612 694 3769 771 ἀνδρὶ
3822 697 3961 772 ἓλεγ-

2342 801 2461 854 χον.
2489 778 2756 835 Ἐδέδεντο
2808 789 2933 854 γοῦν
2981 786 3035 836 αἱ
3088 791 3259 861 χεῖρες
3323 787 3537 839 ὄπισθεν
3588 794 3681 839 τοῦ
3736 785 3960 842 καταδι-

2343 873 2620 932 κασθέντος
2651 871 2829 944 ξίφους
2852 874 3000 944 ἔργον
3032 876 3294 945 γενέσθαι,
3348 877 3397 927 οἱ
3429 872 3479 928 δ’
3521 875 3778 948 ὀφθαλμοὶ
3832 877 3958 950 λινῷ

2345 963 2617 1034 ὑφάσματι
2661 959 3047 1033 ἐκαλύφθησαν·
3083 965 3245 1018 οῦτων
3274 967 3375 1041 γὰρ
3435 967 3581 1020 εἴωθε
3630 970 3754 1030 τοὺς
3804 987 3960 1021 κατα-

2345 1055 2554 1124 κρίτους
2610 1046 3056 1114 διασκευάζεσθαι
3109 1059 3200 1106 καὶ
3265 1059 3358 1113 τὴν
3410 1054 3616 1128 πληγὴν
3669 1055 3953 1129 λαμϐάνειν

2345 1149 2441 1202 τῆς
2469 1140 2797 1215 ἀναιρέσεως.
2829 1141 2919 1205 Ὠς
2944 1150 3068 1214 γοῦν
3122 1149 3210 1197 καὶ
3257 1144 3426 1198 ταῦτα
3479 1147 3676 1199 οὑτωσὶ
3736 1151 3958 1219 γένοιτο,

2347 1233 2439 1283 καὶ
2463 1231 2488 1281 ό
2523 1226 2800 1303 δεσμώτης
2827 1231 2994 1284 κλῖναι
3045 1236 3132 1286 τὸν
3187 1233 3389 1306 αὐχένα
3438 1238 3829 1310 προστέτακται
3881 1235 3964 1290 ἳνα

2353 1317 2570 1382 δέξηται
2597 1327 2692 1382 τῆς
2719 1322 2886 1394 κάρας
2915 1326 3010 1382 τὴν
3040 1325 3282 1396 ἐκτομὴν,
3342 1328 3432 1377 καὶ
3477 1324 3633 1378 πάλιν
3684 1331 3807 1400 περὶ
3867 1334 3960 1379 τῶν

2356 1411 2681 1481 ζητουμένων
2712 1410 3001 1483 ἠρώτηται,
3035 1413 3061 1464 6
3093 1409 3153 1466 δὲ
3209 1411 3320 1485 μεθ’
3374 1414 3537 1489 ὅρκων
3590 1423 3817 1488 φρικτῶν
3861 1413 3954 1468 ἐϐε-

2355 1497 2622 1551 ϐαίὼσατο
2657 1497 2824 1572 μηδέν
2855 1521 2904 1552 τι
2946 1501 3075 1564 ὅλως
3125 1499 3417 1556 συνειδέναι
3470 1503 3554 1557 ἐπὶ
3613 1507 3823 1568 τούτοις
3871 1507 3951 1556 τὸν

2358 1591 2621 1660 Κομνηνόν
2677 1589 2920 1661 Μιχαὴλ,
3007 1590 3196 1656 ἐκεῖνος
3411 1597 3506 1653 τὴν
3567 1597 3699 1669 πρὸς
3746 1595 3960 1647 θάνατον

2358 1677 2504 1735 εἰάθη
2535 1674 2774 1746 ὁδεῦσαι,
2801 1684 2894 1738 τὴν
2927 1677 2987 1734 δὲ
3018 1685 3150 1756 πρὸς
3199 1684 3407 1757 εἱρκτὴν
3470 1679 3703 1752 έϐάδισε,
3751 1688 3844 1736 καὶ
3901 1679 3966 1735 εἶ-

2358 1786 2458 1840 χον
2485 1766 2641 1820 αὐτόν
2679 1768 2844 1821 κλοιοὶ
2866 1774 2955 1822 καὶ
2993 1771 3296 1844 καθείρξεις.
3327 1770 3386 1823 Ἦ
3419 1770 3653 1834 ἒξέτασις
3712 1769 3772 1826 δὴ
3825 1778 3976 1826 πᾶσα

579 1871 899 1914 necessum
923 1858 1031 1919 est,
1057 1853 1119 1909 id
1149 1857 1351 1910 autem
1383 1855 1492 1910 erit
1542 1870 1645 1927 per
1695 1855 1918 1913 ferrum
1977 1859 2251 1915 candens

2364 1859 2486 1931 πρὸς
2513 1859 2598 1908 τὸν
2641 1861 2904 1930 Κομνηνὸν
2941 1863 3230 1916 κατηντηκε
3280 1859 3522 1930 Μιχαὴλ,
3575 1851 3714 1912 καὶ.νῖ
3749 1862 3804 1920 ἰὴ
3861 1862 3982 1933 ἔφα-

580 1944 885 2020 purgatio.
919 1963 948 1993 »
982 1945 1129 1998 Tum
1159 1943 1254 1998 ille
1284 1944 1530 2000 veritate
1552 1944 1688 2016 ipsa
1719 1945 1902 2001 fretus
1942 1964 1954 2002 :
1984 1969 2006 1998 ι
2035 1949 2090 2005 Si
2116 1950 2252 2021 quis

583 2037 760 2104 esset,
796 2055 818 2083 ι
854 2031 1108 2096 dicebat,
1126 2054 1156 2082 ‹‹
1177 2032 1283 2104 qui
1304 2049 1400 2089 me
1419 2039 1745 2105 accusaret,
1781 2051 1921 2091 cum
1955 2053 2027 2092 eo
2047 2039 2252 2110 utique

585 2121 1033 2185 contenderem,
1057 2121 1557 2194 ostenderemque
1577 2139 1718 2178 eum
1739 2125 1998 2180 mentiri.
2020 2130 2091 2181 At
2106 2143 2250 2183 vero

586 2228 727 2270 cum
755 2214 1073 2268 accusator
1087 2210 1285 2266 nullus
1308 2211 1398 2281 sit,
1422 2211 1497 2267 de
1513 2227 1637 2283 quo
1661 2212 1899 2283 judicor
1947 2214 1976 2268 ‘2
1998 2216 2176 2270 Porro
2204 2199 2254 2270 si

587 2317 687 2360 me
710 2301 866 2357 mira
892 2299 1066 2355 vultis
1091 2299 1403 2368 conﬁcere,
1430 2316 1541 2373 ego
1569 2317 1714 2358 sane
1738 2302 1789 2357 is
1810 2317 1933 2358 non
1975 2319 2114 2358 sum
2145 2291 2252 2377 qu,l

590 2389 887 2449 miracula
901 2387 1096 2445 facere
1110 2389 1360 2460 possim.
1381 2391 1622 2447 Ferrum
1645 2390 1912 2447 candens
1943 2391 2004 2447 in
2032 2407 2250 2450 manus

590 2480 711 2536 vivi
743 2477 1005 2534 hominis
1033 2476 1257 2533 cadens
1297 2479 1499 2534 nescio
1529 2495 1800 2551 quanam
1838 2479 1986 2535 illud
2017 2483 2250 2540 ratione

592 2583 813 2626 manus
841 2581 966 2623 non
992 2565 1328 2632 comburat,
1353 2567 1468 2622 nisi
1507 2567 1603 2624 ille
1633 2585 1667 2624 a
1696 2569 1904 2626 Phidia
1938 2573 2031 2628 vel
2058 2573 2251 2628 Praxi-

587 2659 700 2716 tele
726 2675 758 2714 e
783 2674 929 2715 saxo
959 2656 1194 2713 excisus
1218 2656 1312 2713 vel
1341 2672 1413 2712 ex
1440 2673 1553 2713 aere
1599 2659 1896 2717 conﬂatus
1939 2663 2014 2720 sit
2042 2688 2070 2715 »
2120 2668 2250 2721 Haec

588 2747 706 2818 ille,
730 2751 788 2804 et
817 2746 1152 2804 admodum
1172 2744 1368 2802 hercle
1381 2746 1538 2818 juste
1551 2747 1810 2806 dicebat.
1826 2754 2044 2809 Verum
2068 2755 2254 2810 enim-

589 2855 731 2897 vero
761 2855 901 2896 cum
929 2842 988 2894 et
1019 2836 1553 2909 Philadelphiensis
1589 2842 1970 2913 metropolita
2027 2845 2255 2901 Phocas

592 2930 776 2987 rebus
799 2929 1128 2998 interesset,
1163 2926 1338 2983 unice
1385 2927 1734 3000 imperatori
1793 2932 2046 2989 dilectus
2099 2935 2255 2990 mul-

595 3020 797 3093 tisque
816 3017 1209 3075 humanitatis
1239 3015 1450 3073 ofﬁciis
1471 3023 1773 3090 acceptus,
1801 3023 1966 3093 quod
1989 3038 2112 3080 non
2133 3024 2256 3080 vir-

598 3113 723 3166 tute
761 3123 833 3165 ao
871 3108 1103 3172 merito,
1137 3106 1242 3161 sed
1267 3105 1675 3177 imprudentia
1703 3115 2014 3167 assecutus
2041 3112 2257 3172 fuerat.

2365 1964 2488 1998 σκον
2513 1945 2653 2017 αὐτῷ
2681 1947 2728 1998 οἱ
2757 1949 2904 2019 τάχα
2923 1951 3111 2021 κρίνειν
3164 1954 3340 1999 τοῦτον
3391 1945 3663 2018 λαχόντες,
3714 1951 3784 2009 ὡς
3832 1949 3984 2002 Ἐπεὶ

2361 2039 2481 2109 περὶ
2513 2043 2608 2088 σοῦ
2639 2036 2976 2111 ἀπειρημένοι
3005 2040 3138 2098 τινες
3185 2035 3489 2094 λελάληνται
3546 2037 3711 2108 λόγοι,
3771 2033 3865 2090 δεῖ
3927 2057 3988 2090 σε

2365 2120 2459 2175 διὰ
2514 2143 2654 2186 τινος
2737 2127 3155 2198 θαυματοποιίας
3235 2129 3452 2186 τούτους
3502 2123 3988 2178 ἀποσκευάσασθαι

2359 2215 2428 2263 T6
2461 2208 2519 2264 δί
2550 2209 2657 2271 ἧνή
2695 2209 2788 2265 διὰ
2811 2211 3018 2288 μύδρον
3059 2210 3330 2277 ἀπόδειξις
3541 2213 3600 2266 Ὀ
3633 2210 3691 2266 δὲ
3737 2215 3855 2286 (καὶ
3877 2217 3981 2290 γὰρ

2361 2297 2500 2372 εἶχεν
2529 2300 2834 2374 βοηθοῦσαν
2867 2303 3008 2375 αύτῷ
3048 2309 3140 2362 τὴν
3210 2303 3494 2374 ἀλήθειαν),
3545 2326 3573 2355 ι(
3639 2303 3701 2357 Εἰ
3750 2308 3844 2376 μέν
3899 2324 3980 2368 τις

2361 2388 2443 2457 ἧν,
2480 2412 2509 2440 ››
2541 2391 2724 2463 ἔλεγεν,
2763 2412 2792 2446 ‹
2823 2394 2848 2444 6
2878 2395 2992 2445 κατ’
3017 2396 3142 2466 ἐμοῦ
3171 2415 3225 2447 τι
3258 2401 3583 2468 κατηγορῶν,
3645 2397 3770 2468 πρὸς
3839 2393 3974 2448 έκεῖ-

2358 2501 2441 2533 νον
2472 2483 2533 2533 ἄν
2571 2480 2917 2554 ἐμαχεσάμην
2975 2488 3065 2534 καὶ
3121 2480 3374 2546 ἀπέδειξα
3425 2479 3740 2554 ψεύδεσθαι·
3803 2503 3972 2543 κατη-

2358 2577 2518 2644 γόρου
2569 2569 2628 2624 δὲ
2703 2576 2773 2644 μὴ
2828 2576 3079 2644 παρόντος
3149 2573 3276 2646 ὑπὲρ
3316 2577 3450 2633 τίνος
3506 2575 3753 2646 κρίνομαι
3786 2573 3870 2641 ;εἰ
3915 2571 3972 2626 δὲ

2363 2663 2834 2733 θαυματουργῆσαί
2855 2680 2917 2732 με
2945 2660 3130 2729 θέλετε,
3187 2659 3294 2712 ἀλλ’
3352 2659 3450 2732 ἐγὼ
3507 2661 3602 2713 οῦκ
3649 2661 3755 2735 εἰμὶ
3799 2667 3968 2716 τοιοῦ-

2363 2769 2447 2811 τος
2473 2753 2608 2802 ὥστε
2672 2755 2762 2802 καὶ
2806 2755 3171 2824 τερατοποιίας
3225 2749 3565 2824 ἐργάζεσθαι.
3641 2748 3869 2824 Σίδηρος
3915 2749 3971 2805 δ”ε

2364 2842 2848 2912 πεπυρακτωμένος,
2891 2838 2933 2890 εἰ
2985 2837 3034 2889 ἐν
3091 2843 3215 2913 χερὶ
3273 2837 3546 2914 ἀνθρώπου
3628 2843 3765 2902 ζωοῦ
3832 2841 3969 2900 οὗτος

2366 2927 2601 3002 ἐμπέσοι,
2629 2927 2721 2980 οῦκ
2747 2924 2872 2980 οἶδα
2907 2928 3109 2989 πῶςάν
3157 2928 3218 2980 ού
3267 2930 3505 2982 καύσειεν
3561 2928 3746 2999 αὐτὴν,
3808 2929 3850 2983 εἰ
3898 2935 3964 3003 μή

2366 3020 2466 3069 πού
2505 3037 2584 3079 τις
2613 3017 2820 3079 ἒξεσται
2844 3024 2917 3087 τῷ
2949 3013 3136 3089 Φειδίᾳ
3172 3015 3228 3069 ἐκ
3263 3016 3410 3070 λίθου
3446 3018 3478 3077 ἣ
3521 3025 3595 3088 τῷ
3656 3018 3964 3092 Πραξιτέλει,

2367 3109 2398 3165 ἤ
2427 3111 2518 3159 καὶ
2543 3104 2644 3159 ἀπὸ
2674 3105 2880 3178 χαλκοῦ
2907 3113 3184 3179 εἴργασται
3211 3148 3223 3162 .
3258 3126 3285 3158 ››
3307 3107 3465 3160 Ταῦτ’
3505 3107 3667 3180 ἔλεγε,
3691 3114 3779 3161 καὶ
3807 3108 3968 3180 μάλα·

601 3199 874 3270 Namque
903 3212 1044 3253 cum
1082 3194 1412 3266 aliquando
1437 3195 1512 3250 de
1550 3195 1731 3252 rebus
1771 3198 2028 3270 publicis
2055 3205 2258 3260 nescio

2365 3199 2424 3253 νὴ
2453 3199 2545 3253 τὴν
2580 3199 2740 3267 Θέμιν
2773 3191 3012 3257 δικαίως.
3043 3194 3185 3248 Ἐπεὶ
3237 3191 3296 3248 δὲ
3363 3201 3454 3248 καὶ
3509 3197 3534 3247 6
3593 3204 3683 3257 τῆς
3728 3193 3962 3249 Φιλαδελ-

590 3289 743 3364 q-uid
754 3287 1269 3360 percunctaretur,
1283 3281 1468 3337 libere
1487 3286 1841 3341 sententiam
1857 3303 2031 3344 suam
2063 3295 2259 3347 osten-

605 3378 712 3444 dit,
731 3380 806 3443 et,
828 3395 857 3425 «
880 3373 1282 3445 Oimperator,
1301 3394 1328 3422 »
1347 3371 1559 3444 inquit,
1579 3396 1606 3422 «
1623 3375 2097 3446 quamobremin
2111 3397 2258 3454 prse-

607 3465 764 3524 senti
787 3480 902 3520 nos
942 3461 1227 3534 consulis,
1260 3478 1398 3518 cum
1427 3463 1555 3536 ipse
1583 3479 1822 3536 semper
1851 3482 1958 3538 per
1986 3473 2062 3535 te,
2095 3471 2261 3543 quod

601 3555 710 3616 tibi
734 3554 933 3611 visum
972 3551 1164 3624 fuerit,
1197 3566 1456 3624 peragas
1478 3553 1506 3609 ?
1536 3573 1564 3603 »
1589 3553 1825 3611 Dixerat
1862 3556 2013 3625 haec,
2041 3564 2099 3616 et
2135 3577 2261 3617 mo-

598 3646 747 3706 leste
777 3659 924 3702 sane
955 3642 1170 3699 tulerat
1194 3643 1541 3715 imperator,
1601 3645 2098 3719 quandoquidem
2157 3665 2262 3705 eos

599 3733 1138 3811 quiadstabantsic
1149 3748 1287 3790 eum
1311 3731 1639 3790 allocutum
1655 3733 1882 3792 ferunt:
1916 3760 1937 3787 ι
1954 3742 2045 3795 An
2071 3741 2263 3811 potuit

603 3842 641 3884 a
668 3822 1049 3897 metropolita
1070 3821 1269 3878 afferri
1295 3821 1444 3895 quid
1465 3823 1758 3880 audacius
1786 3825 1813 3879 ‘2
1841 3831 1898 3882 et
1948 3843 2060 3884 vos
2117 3829 2261 3884 tole-

601 3914 800 3972 rastis.
827 3935 857 3965 »
879 3916 1016 3970 Post
1035 3912 1282 3970 brevem
1327 3912 1542 3970 horam
1594 3914 1655 3969 in
1713 3931 1854 3972 eum
1909 3917 2263 3975 suavissime

604 4003 832 4062 effusus
854 4002 1148 4060 beneﬁcia
1167 4002 1434 4074 contulit,
1465 4007 1523 4060 et
1540 4003 1800 4061 honores
1821 4007 2264 4082 consiliumque

606 4093 683 4151 ab
703 4109 775 4148 eo
793 4091 856 4147 in
879 4090 1134 4161 negotiis
1158 4090 1530 4147 secularibus
1551 4091 1853 4164 capiebat.
1897 4095 2090 4159 Quare
2137 4099 2264 4151 tum

615 4181 792 4254 104
817 4181 990 4237 etiam
1026 4180 1352 4256 imperator
1380 4183 1669 4252 tanquam
1692 4181 1962 4237 ministro
1982 4199 2128 4239 usus
2155 4188 2264 4251 est,

607 4270 979 4344 quiseorsim
1002 4269 1081 4326 ab
1100 4269 1230 4326 aliis
1255 4268 1633 4326 Comnenum
1653 4269 2016 4338 Michaelem,
2045 4288 2185 4327 cum
2213 4280 2271 4333 et

607 4359 739 4434 ipse
759 4374 1072 4416 sermones
1092 4357 1366 4414 audirem
1387 4359 1400 4393 ¹
1423 4357 1484 4412 in
1501 4357 1663 4413 hunc
1680 4357 1799 4414 fere
1839 4360 2092 4415 modum
2130 4360 2270 4416 allo-

608 4449 815 4524 quitur
835 4464 850 4503 :
867 4468 910 4500 .«
933 4446 1158 4504 Nobilis
1183 4445 1430 4518 quidem
1453 4461 1592 4501 cum
1630 4446 1846 4518 ipseeis
1875 4452 1932 4503 et
1955 4464 2028 4504 ex
2053 4449 2270 4507 nobili-

608 4537 728 4596 bus
763 4539 1120 4610 prognatus,
1151 4550 1225 4590 ea
1243 4539 1302 4590 et
1338 4535 1544 4591 animo
1575 4536 1888 4609 concipere
1917 4543 1972 4594 et
2000 4555 2061 4595 re
2088 4555 2271 4612 praes-

608 4630 756 4686 tares
776 4623 962 4681 debes
983 4640 1120 4692 quae
1143 4639 1254 4679 nec
1271 4639 1308 4680 a
1327 4623 1445 4680 ﬁde
1467 4628 1568 4680 tua
1593 4641 1703 4682 nec
1721 4626 1799 4682 ab
1833 4627 2270 4688 existimatione

609 4731 723 4774 nec
742 4713 1004 4786 denique
1018 4729 1054 4769 a
1070 4712 1426 4784 cognatione
1439 4717 1542 4770 tua
1554 4714 1748 4772 aliena
1754 4717 1776 4790 j
1787 4718 2119 4775 udicantur.
2155 4721 2269 4777 Sed

611 4805 767 4864 enim
780 4820 913 4860 cum
924 4808 1100 4860 testes
1113 4803 1191 4860 ad
1203 4807 1261 4859 te
1273 4804 1751 4861 convincendum
1763 4822 1887 4864 non
1901 4808 2272 4882 adsint,ope-

611 4912 694 4954 ra
708 4894 959 4968 pretium
973 4893 1081 4950 erit
1092 4898 1146 4950 te
1162 4892 1320 4950 ferro
1333 4892 1613 4951 candenti
1625 4896 1930 4952 veritatem
1951 4897 2161 4968 design
2169 4915 2268 4956 are

615 5011 646 5042 η
671 4985 776 5045 Ille
796 5000 1022 5058 magno
1044 5000 1116 5042 ac
1133 4984 1288 5042 virili
1305 4984 1532 5056 animo,
1555 4987 2146 5060 etquemadmodum
2176 4992 2266 5063 pi-

2369 3287 2496 3357 φέων
2528 3285 2606 3354 (7)
2632 3283 3020 3359 μητροπολίτης
3077 3290 3258 3347 Φωκᾶς
3311 3294 3593 3360 συμπαρῆν
3646 3291 3750 3346 τοῖς
3811 3302 3956 3355 γενο-

2367 3377 2557 3448 μένοις,
2590 3372 2888 3445 φιλούμενος
2917 3377 3044 3448 πρὸς
3092 3381 3185 3426 τοῦ
3249 3372 3508 3447 βασιλέως
3562 3379 3650 3427 καὶ
3712 3375 3842 3426 πάνυ
3882 3392 3938 3445 φι

2367 3464 3124 3538 λοφρονούμενος,--πέπονθε
3177 3459 3237 3516 δὲ
3292 3471 3448 3516 τοῦτο
3500 3464 3594 3517 ούκ
3656 3462 3709 3527 ἐξ
3765 3461 3963 3539 ἀρετῆς,

2368 3551 2472 3605 ἀλλ’
2509 3551 2562 3615 ἐξ
2587 3549 2872 3613 ἀναιδείας.
2915 3557 3017 3605 Καὶ
3073 3554 3176 3626 γάρ
3227 3572 3353 3606 ποτε
3404 3561 3494 3606 τοῦ
3555 3551 3814 3627 βασιλέως
3867 3571 3967 3604 πυ-

2369 3645 2582 3717 θομένου
2629 3648 2748 3719 περί
2803 3663 2940 3706 τινος
2999 3651 3102 3696 τῶν
3159 3652 3340 3696 κοινῶν
3408 3645 3758 3718 πραγμάτων,
3817 3641 3966 3717 έπαρ-

2365 3732 2664 3809 ῥησιάσατο
2688 3738 2800 3800 καὶ,
2835 3755 2863 3784 ‹‹
2895 3733 2966 3784 Ὢ
2994 3731 3237 3805 βασιλεῦ,
3276 3754 3297 3782 ι
3351 3735 3465 3806 ἔφη,
3549 3755 3580 3784 ‹‹
3619 3737 3766 3805 τέγος
3818 3733 3969 3806 χάριν

2369 3822 2561 3897 ἆρτίως
2597 3824 2734 3894 ἡμᾶς
2763 3820 2975 3896 ἐρωτᾷς,
3005 3822 3163 3883 αὐτὸς
3205 3819 3284 3874 ἀεὶ
3339 3820 3391 3884 ἐξ
3445 3821 3632 3875 ἑαυτοῦ
3681 3824 3752 3874 τὰ
3773 3819 3971 3874 δοκοῦν·

2368 3915 2435 3965 τά
2478 3931 2565 3964 σοι
2587 3909 3039 3986 διαπραττόμενος
3066 3929 3080 3978 ;
3108 3934 3137 3963 «
3195 3910 3352 3964 Ταῦτ’
3411 3908 3540 3977 εἶπε,
3591 3916 3681 3964 καὶ
3735 3916 3853 3965 τότε

2371 4005 2398 4056 6
2430 4001 2679 4076 βασιλεὺς
2742 4000 3102 4074 ἐσχετλίασεν,
3157 4005 3248 4053 καί
3301 4020 3363 4074 γε
3419 4001 3610 4077 εἰρηκει
3669 4006 3810 4076 πρὸς
3865 4003 3973 4060 τοὺς

2374 4095 2924 4166 συμπαρισταμένους,
2959 4113 2987 4141 ‹‹
3019 4095 3082 4143 Τί
3129 4089 3264 4143 οὑτω
3325 4091 3642 4164 θρασύτερον
3692 4092 3718 4142 6
3794 4108 3972 4166 μητρο-

2372 4181 2584 4241 πολίτης
2623 4182 2842 4256 εἴρηκεν,
2899 4181 3044 4252 ὑμεῖς
3095 4176 3155 4232 δὲ
3207 4181 3581 4252 ἠνέσχεσθεςε⁵
3638 4183 3780 4254 μετὰ
3805 4179 3973 4255 βραχὺ

2377 4267 2435 4322 δὲ
2481 4269 2791 4342 φιλοφρόνως
2863 4275 3042 4320 τοῦτον
3113 4265 3426 4331 ἐδεξιώσατο
3515 4273 3606 4322 καὶ
3689 4267 3847 4343 ἐτίμα
3896 4270 3970 4318 καὶ

2379 4357 2670 4430 σύμϐουλον
2693 4354 2906 4428 εἶχενέν
2957 4363 3076 4417 ταῖς
3113 4365 3402 4430 κοσμικαῖς
3454 4358 3790 4414 ὑποθέσεσιν.
3840 4358 3968 4411 Ὑπο-

2378 4444 2646 4522 δρηστῆρι
2674 4453 2800 4518 γοῦν
2833 4450 2922 4498 καὶ
2951 4449 3064 4498 τότε
3093 4444 3364 4520 ἐχρησατο
3403 4449 3572 4519 τούτῳ
3628 4449 3655 4500 6
3716 4447 3966 4524 βασιλεύς.

2376 4538 2456 4609 [Ρ.
2493 4537 2578 4608 53]
2613 4541 2713 4589 Καὶ
2765 4555 2822 4606 γε
2860 4539 3155 4608 καταμόνας
3206 4540 3294 4588 τόν
3359 4540 3625 4608 Κομνηνόν
3674 4534 3964 4612 παραλαϐὼν

2376 4626 2620 4699 Μιχαὴλ,
2660 4627 2830 4696 κάμοῦ
2868 4633 2967 4676 τῶν
3005 4623 3169 4696 λόγων
3215 4623 3566 4700 ἀκροωμένου,
3637 4627 3789 4680 ταῦτ’
3827 4626 3959 4692 εἶπεν,

2376 4718 2442 4777 ὡς
2473 4738 2500 4766 ‹‹
2535 4715 2758 4787 Εὑγενὴς
2785 4717 2875 4786 μὲν
2907 4712 3035 4788 ἀνὴρ
3065 4714 3129 4767 σύ
3174 4719 3264 4766 καὶ
3313 4712 3368 4777 ἐξ
3411 4714 3625 4786 έύγενῶν
3682 4720 3958 4788 γεγένησαι.

2377 4811 2463 4858 Δεῖ
2483 4805 2571 4858 οὖν
2619 4823 2677 4857 σε
2743 4807 2800 4856 τὸ
2869 4801 2986 4857 δέον
3048 4805 3175 4877 ὑπερ
3232 4810 3328 4865 τῆς
3403 4803 3713 4875 ὑπολήψεως
3785 4823 3838 4856 τε
3885 4802 3958 4852 καὶ

2374 4902 2603 4958 πίστεως
2631 4896 2964 4956 καὶ.πᾶντός
3000 4914 3086 4948 σοι
3122 4900 3215 4947 τοῦ
3271 4897 3453 4965 γένους
3501 4899 3591 4948 καὶ
3655 4904 3843 4955 νοῆσαι
3888 4890 3964 4942 καὶ

2376 4986 2775 5062 διαπράξασθαι
2811 4987 2950 5040 Ἐπεὶ
2999 4982 3058 5038 δὲ
3106 4985 3200 5037 οῦκ
3241 4983 3456 5056 ἔλεγχος
3504 4987 3650 5062 παρὰ
3713 4986 3964 5060 μαρτύρων

1533 5111 1873 5180 Theodori
1923 5113 2174 5182 Dousa;
2223 5123 2290 5184 et
2335 5111 2589 5183 Leonis
2637 5111 2872 5180 Allatii
2921 5119 3121 5177 notae.

681 5239 762 5311 (6)
794 5237 853 5294 H'
881 5234 977 5292 διὰ
1001 5233 1208 5311 μύδρον
1234 5233 1532 5311 -ᾇπόδειξις,
1587 5238 1809 5311 Mirum_
1848 5238 1996 5311 quid
2038 5239 2100 5294 in
2153 5239 2268 5296 hoc

611 5309 745 5385 ipso
777 5309 1097 5385 generede
1116 5309 1370 5385 muliere
1396 5309 1668 5385 adultera
1707 5309 1814 5364 sed
1841 5309 2185 5385 paenitente,
2213 5315 2270 5366 et

610 5380 895 5455 episcopo
912 5380 1410 5455 Didymotichensi
1423 5396 1806 5436 commemora
1821 5380 2111 5455 tlloannes
2124 5385 2270 5455 Can-

607 5451 954 5520 tacuzenus,
987 5451 1368 5523 Histor.glib.
1399 5469 1476 5519 ιη,
1509 5469 1642 5523 cap.
1689 5457 1776 5507 27.
1839 5452 2073 5506 Addam
2136 5454 2267 5523 ipso

606 5529 879 5594 tempore
892 5522 1231 5595 Lascarium
1245 5521 1400 5595 hanc
1419 5521 1835 5595 purgationem
1848 5523 1984 5578 ferri
2009 5521 2268 5595 canden-

609 5596 684 5652 tis
736 5593 1007 5649 maxime
1034 5593 1220 5648 fuisse
1249 5594 1308 5649 in
1341 5593 1476 5664 usu,
1509 5601 1573 5650 ut
1603 5594 1876 5650 oculatus
1909 5594 2043 5649 testi
2093 5595 2269 5664 refert

610 5665 1036 5738 Pachymerius
1081 5664 1183 5720 lib.
1261 5682 1296 5731 ι,
1358 5681 1418 5738 p.
1462 5663 1579 5722 '33.
1639 5669 1703 5720 Et
1742 5670 1888 5721 nota
1940 5670 2031 5718 καὶ
2063 5663 2197 5736 εἶδεν
2240 5669 2266 5719 ὸ

609 5735 820 5814 γράφων
863 5735 1000 5795 ἡϐῶν
1068 5746 1142 5808 τῷ
1211 5740 1327 5788 τότε
1359 5735 1371 5738 ⁷
1414 5737 1732 5800 ὑτοστάντας
1813 5757 1955 5800 τινας
2027 5735 2262 5806 τοιαῦτα,

2376 5238 2504 5296 πλήν
2543 5236 2817 5298 ἃλωϐήτως
2852 5234 3255 5309 Αάπαλλάξαντας
3301 5236 3392 5309 1'6
3419 5236 3736 5309 θαυμάσιον,
3758 5306 3774 5309 Δ
3813 5232 3960 5309 Pyra!

2377 5326 2600 5382 eversa
2627 5307 3046 5382 probationem
3086 5305 3528 5382 inﬁhomicidio‘
3551 5306 3723 5382 apud
3742 5305 3966 5382 pyprios

2375 5381 2518 5452 lego_
2539 5377 2702 5452 apud
2731 5379 3110 5452 Theodorum
3143 5377 3536 5452 Prodromum
3566 5377 3641 5434 de
3693 5377 3952 5433 Rhodan-

2377 5444 2520 5509 thEs?
2536 5444 2593 5508 et
2616 5452 2854 5508 Dosiclii
2887 5450 3196 5505 amoribus
3235 5449 3341 5504 lib.
3375 5465 3413 5504 ι.
3445 5451 3582 5504 ALL.
3897 5511 3906 5521 ι

2446 5525 2609 5568 (71⁸0
2652 5531 2746 5568 τῆς
2787 5517 3162 5568 Φιλαδελωέων,
3227 5521 3325 5568 Hic
3373 5525 3460 5568 est
3515 5520 3740 5568 Phocas
3818 5509 3927 5568 Phll

2446 5525 2609 5650 Υγο
2652 5531 2746 5585 τῆς
2787 5517 3163 5593 Φιλαδελφέων,
3225 5521 3325 5576 Hic
3373 5525 3460 5576 est
3515 5520 3740 5576 Phocas
3794 5517 3960 5598 .Phita

2375 5595 2449 5650 de
2476 5595 2749 5666 phiensis
2803 5593 3148 5666 episcopus,
3174 5664 3184 5666 _
3207 5607 3389 5666 quem
3433 5607 3574 5647 cum
3602 5598 3843 5646 Arsenio
3868 5597 3959 5656 pa-

2375 5664 2637 5724 triarcha
2656 5664 2891 5722 videtur
2926 5664 3292 5721 confundere
3322 5664 3611 5721 Phranza.
3643 5669 3772 5717 ALL.
