4124 6390
306 373 440 428 1113

1817 366 2164 427 ANNALES.

3537 381 3672 435 1114

301 494 350 548 ἂν
383 498 490 560 σοὶ,
533 489 618 546 δεῖ
667 507 726 543 σε
757 495 830 558 τῷ
891 485 1077 563 μύδρῳ
1119 493 1215 549 τὴν
1269 488 1515 550 ἀλήθειαν
1561 495 1907 564 παραστήσα-

2019 497 2211 551 ctores
2239 495 2394 552 inter
2431 498 2833 570 pugnandum
2871 501 3336 574 imperterritum
3361 502 3672 560 hominem

303 587 448 640 σθαι.
483 603 512 633 ››
537 585 640 635 Καὶ
670 578 723 642 ὃς
749 577 892 651 μάλα
939 583 1183 650 γενναίως
1239 584 1328 632 καὶ
1389 577 1666 656 ἀνδρικῶς,
1722 586 1812 634 καὶ
1841 584 1910 644 ὡς

302 677 364 728 ἄν
412 692 530 726 τινα
558 672 608 723 οἱ
663 673 882 742 γραφεῖς
934 666 984 720 ἕν
1040 671 1193 743 μάχῃ
1236 671 1482 744 ἄτρεστον
1533 667 1906 744 διαγράψαιεν,

308 788 330 816 ι
362 764 475 818 Ούκ
501 757 603 815 οἶδ’
644 761 784 820 ὅπως
811 761 870 810 τὸ
897 765 1130 811 τοιοῦτον
1169 758 1417 818 κέκληται
1445 759 1614 831 ἅγιον,
1649 757 1688 810 ὦ
1720 756 1910 813 δέσπου

304 874 391 922 τα,
422 875 451 903 »
485 854 598 924 ἷφη.
638 869 660 902 ε
709 847 847 900 ⁹Δλλ²
890 845 987 919 ἐγὼ
1030 850 1120 920 μὲν
1186 847 1490 924 ἁμαρτωλός
1546 849 1654 922 εἰμι
1708 851 1908 924 ἄνθρω-

304 963 424 1012 πος,
463 945 552 994 καὶ
578 943 934 1014 τερατουργεῖν
965 943 1184 990 τοιαῦτα
1229 938 1288 991 ού
1321 935 1573 1011 δύναμαι,
1637 939 1696 992 Εἰ
1731 935 1791 991 δέ
1819 959 1912 1012 μοι

309 1029 659 1105 συμϐουλεύῃ,
712 1025 1100 1102 μητροπολίτης
1146 1031 1214 1078 ὧν
1284 1031 1375 1080 καὶ
1427 1034 1561 1082 Θεοῦ
1615 1029 1908 1100 ἄνθρωπος,

305 1126 451 1176 τουτὶ
506 1115 924 1191 διαπράξασθαι,
975 1111 1194 1169 ἔνδυσαι
1246 1119 1336 1189 μεν
1420 1117 1576 1180 αὐτὸς
1620 1121 1712 1176 τήν
1773 1119 1910 1191 ἱεράν

308 1230 402 1266 σου
427 1216 601 1262 πᾶσαν
634 1205 843 1272 στολὴν,
885 1207 1056 1266 καθὼς
1112 1207 1291 1266 εἴωθας
1356 1204 1406 1258 ἐν
1462 1213 1534 1277 τῷ
1581 1208 1700 1278 θείῳ
1748 1206 1910 1282 εἰσερ-

302 1301 502 1374 χεσθαι
541 1295 748 1371 βήματι
782 1299 874 1347 καὶ
915 1293 1249 1367 ἐντυγχάνειν
1309 1302 1442 1366 Θεῷ,
1503 1291 1615 1348 εἶτα
1668 1291 1737 1354 δὴ
1795 1294 1910 1360 ταῖς

307 1397 428 1452 σαῖς
479 1391 670 1462 χερσὶν
718 1384 1017 1460 ὶκπύρωσόν
1073 1403 1164 1458 μοι
1215 1387 1302 1437 τόν
1362 1381 1607 1458 σίδηρον,
1665 1385 1749 1447 αἷς
1817 1393 1910 1438 τοῦ

307 1481 444 1533 θείου
503 1475 702 1548 ἐφάπτῃ
765 1475 1014 1547 θύματος,
1085 1481 1178 1526 τοῦ
1252 1479 1497 1546 σώματός
1553 1481 1645 1526 τοῦ
1713 1478 1907 1548 Κυρίου

300 1570 448 1642 ἡμῶν
478 1567 658 1624 Ἰησοῦ
708 1569 954 1637 Χριστσῡ
1003 1569 1095 1615 τοῦ
1171 1563 1296 1638 ὑπερ
1353 1566 1548 1626 παντὸς
1590 1570 1676 1615 τοῦ
1705 1567 1906 1636 κόσμου

301 1659 578 1730 τεθυμένον
615 1653 705 1706 καί
774 1651 854 1706 ἀεὶ
903 1653 1150 1725 θυομένου
1208 1652 1334 1728 παρ’
1384 1654 1526 1725 ὑμῶν
1579 1661 1678 1704 τῶν
1739 1653 1906 1725 ἱερέων

297 1767 354 1802 τε
419 1750 510 1798 καὶ
559 1747 837 1818 ίεραρχῶν,
894 1746 986 1794 καὶ
1034 1744 1254 1798 ταύταις
1298 1738 1366 1801 δὴ
1421 1749 1537 1805 ταῖς
1595 1745 1752 1817 ἱεραῖς
1810 1761 1905 1794 σου

2017 583 2445 657 depinxissent,
2469 586 2680 643 ﬁrmus
2723 605 2792 644 ac
2829 591 3076 659 stabilis,
3110 613 3138 642 «
3175 593 3424 648 Sacrum
3461 592 3599 664 hoc,
3640 615 3668 644 ››

2016 673 2229 746 inquit,
2268 697 2289 725 ι
2334 675 2598 747 domine,
2627 694 2897 750 quonam
2939 686 3180 737 vocetur
3235 682 3504 751 nomine,
3545 697 3670 738 non

2016 764 2177 819 novi.
2213 764 2232 818 Ι
2238 779 2341 836 pse
2365 780 2477 835 ego
2495 773 2776 837 peccator
2795 785 2930 825 sum
2954 785 3063 827 nec
3082 771 3448 841 ejuscemodi
3472 771 3670 827 admi-

2015 852 2211 908 randa
2239 853 2472 910 eﬂicere
2487 872 2758 926 possum.
2788 858 2845 915 Si
2870 874 3012 914 vero
3046 865 3105 914 tu
3126 859 3291 926 mihi,
3321 861 3425 932 qui
3449 865 3670 916 metro-

2017 942 2204 1014 polita
2231 959 2295 999 es
2325 948 2380 1000 et
2409 945 2593 1002 homo
2627 947 2889 1017 divinus,
2938 953 3003 1004 ut
3027 949 3088 1004 id
3135 949 3409 1022 expleam
3449 950 3670 1005 adhor-

2017 1033 2180 1103 taris,
2223 1048 2334 1103 age
2364 1039 2427 1089 tu
2455 1033 2582 1107 ipse
2620 1051 2929 1094 sacrarum
2969 1039 3220 1094 vestium
3264 1044 3558 1110 apparatu
3589 1038 3675 1094 in-

2018 1124 2182 1191 tegro
2196 1126 2247 1176 te
2260 1122 3191 1197 circumvesti,quemadmodum
3207 1128 3424 1184 Sancta
3436 1131 3673 1184 sancto-

2016 1225 2151 1266 rum
2178 1210 2410 1282 ingredi
2432 1212 2587 1268 soles
2627 1220 2687 1268 et
2716 1217 2903 1271 Deum
2929 1215 3155 1288 alloqui
3181 1233 3195 1281 ;
3228 1215 3368 1271 dein
3392 1215 3509 1272 tuis
3538 1231 3673 1272 ma-

2015 1299 2218 1367 nibus,
2232 1301 2452 1373 quibus
2469 1303 2660 1372 tangis
2674 1311 3129 1361 sacrosanctum
3145 1304 3526 1377 sacriﬁcium,
3548 1321 3672 1361 cor-

2016 1405 2132 1462 pus
2169 1391 2402 1446 Domini
2427 1392 2616 1447 nostri
2649 1394 2789 1448 Jesu
2820 1394 3056 1464 Christi,
3087 1395 3194 1466 qui
3222 1410 3334 1468 pro
3359 1394 3504 1450 orbe
3534 1395 3672 1450 uni—

2014 1477 2448 1551 versojoblatus
2471 1484 2562 1536 est
2582 1482 2986 1555 continuoque
3009 1499 3046 1539 a
3065 1483 3238 1538 vobis
3257 1483 3672 1539 sacerdotibus

2014 1571 2071 1623 et
2107 1569 2473 1640 praesulibus
2508 1569 2774 1638 offertus,
2808 1571 3032 1628 ferrum
3062 1571 3208 1628 mihi
3256 1572 3582 1641 inﬂamma,
3615 1575 3673 1627 et

2014 1655 2227 1712 iisdem
2251 1659 2437 1714 sacris
2450 1659 2564 1714 tuis
2579 1661 2862 1716 manibus
2881 1661 3103 1716 ferrum
3122 1666 3436 1734 acceptum
3461 1659 3671 1716 manui

2013 1761 2163 1802 meae
2185 1747 2446 1820 impone.
2471 1748 2562 1803 Sic
2585 1749 2743 1804 enim
2767 1751 2826 1804 in
2852 1751 3105 1806 Domino
3125 1767 3258 1806 meo
3285 1750 3513 1806 Christo
3533 1765 3671 1806 con-

293 1839 484 1911 χερσὶν
513 1833 678 1894 ἐπίθες
698 1840 760 1904 τῇ
817 1835 963 1904 χειρί
991 1850 1092 1900 μου
1134 1833 1221 1882 τὸν
1279 1827 1521 1905 σίδηρον,
1574 1837 1664 1884 καὶ
1715 1830 1906 1907 ταθάῤ-

2015 1834 2156 1905 ﬁdo,
2177 1837 2382 1892 omnia
2403 1853 2540 1894 eum
2563 1855 2701 1894 mea
2725 1839 2944 1896 delicta
2973 1839 3492 1896 dissimulaturum
3522 1839 3670 1894 veri-

289 1926 430 2001 ῥηκα
450 1924 521 1986 εἰς
549 1926 636 1976 τὸν
696 1925 961 1978 Δεσπότην
1016 1923 1248 1994 Χριστὸν
1292 1923 1363 1982 ὡς
1418 1927 1593 1974 πᾶσαν
1637 1925 1726 1993 μὲν
1760 1921 1906 1981 οὗτος

292 2015 549 2088 ἁμαρτίαν
579 2031 680 2085 μου
734 2015 1202 2085 παροράσεταιμι
1323 2015 1647 2085 ατουργήσει
1697 2006 1756 2063 δὲ
1811 2014 1904 2068 τὴν

291 2104 386 2162 ὄιλή
444 2123 571 2156 ειαν.
634 2123 662 2152 »
717 2105 817 2154 Καὶ
876 2101 902 2151 ὁ
956 2103 1048 2172 μεν
1105 2103 1372 2174 Κομνηνός
1443 2099 1667 2172 Μιχαὴλ
1747 2099 1906 2159 οὕτως

290 2197 492 2268 εἴρηκεν
514 2212 526 2224 ’
559 2192 585 2243 ὁ
619 2186 677 2243 δὲ
705 2189 1112 2262 μητροπολίτης,
1141 2211 1169 2239 ‹‹
1221 2188 1292 2242 Ὠ
1337 2188 1460 2241 καλε
1501 2193 1696 2255 νεανία,
1734 2211 1760 2238 ››
1788 2190 1901 2260 ἔφη,

294 2306 324 2336 (ι
366 2289 522 2336 τοῦτο
551 2280 646 2334 όύκ
689 2282 803 2332 ἔστι
862 2286 956 2342 τῆς
1005 2281 1257 2355 ἡμετέρας
1317 2283 1408 2330 καὶ
1461 2277 1767 2350 Ῥωμαῖκῶς
1815 2297 1905 2331 κα·

291 2373 618 2432 ταστάσεως,
673 2367 780 2420 ἀλλ’
830 2371 948 2421 οὔτε
993 2376 1089 2430 τῆς
1163 2367 1603 2428 ὰκλησιαστικῆς
1670 2363 1903 2440 παραδό·

300 2481 450 2529 σεως,
511 2461 629 2512 οὔτε
655 2463 758 2532 μὴν
812 2459 868 2510 εκ
913 2465 1013 2510 τῶν
1069 2477 1236 2531 νομων
1283 2461 1400 2510 οὔτε
1447 2453 1515 2516 δὴ
1573 2461 1819 2530 πρότερον
1849 2456 1906 2508 ἐκ

293 2557 394 2603 τῶν
457 2550 601 2620 ἱερῶν
654 2549 745 2598 καὶ
801 2547 948 2598 θείων
1002 2549 1225 2598 κανόνων
1283 2543 1654 2618 παρείληπται.
1706 2543 1906 2619 Βαρϐα-

294 2640 439 2713 ρικὸς
471 2633 530 2690 δε
573 2637 598 2688 ὁ
642 2639 833 2710 τρόπος
890 2639 980 2687 καὶ
1023 2633 1193 2704 ἀγνὼς
1249 2633 1297 2686 ἰν
1329 2635 1474 2706 ἡμῖν,
1528 2641 1802 2707 προσταγῇ
1848 2629 1906 2686 δε

294 2732 448 2802 μόνον
494 2725 772 2800 ἐνεργεῖται
818 2723 1096 2798 βασιλικῇ.
1133 2747 1161 2774 ››
1203 2728 1304 2778 Καὶ
1369 2723 1445 2790 ὃς,
1497 2744 1524 2773 ‹‹
1557 2723 1626 2776 Ὦ
1692 2727 1907 2795 μέγιστε

297 2819 525 2892 ίεράρχα
577 2822 732 2884 Θεοῦ,
767 2814 810 2867 εἰ
846 2818 936 2887 μέν
976 2818 1066 2866 καὶ
1124 2813 1282 2875 αὐτὸς
1328 2811 1384 2864 ἔκ
1437 2811 1716 2887 βαρϐάρων
1764 2815 1910 2884 γεγέ-

292 2927 458 2979 νημαι
517 2910 607 2958 καὶ
656 2903 1000 2979 βαρϐαρικοῖς
1067 2911 1178 2965 τοῖς
1249 2905 1430 2962 ἤθεσιν
1511 2899 1907 2977 ἂνατίθραμμαι

295 2997 326 3056 ἦ
381 2999 473 3048 καὶ
522 2998 694 3067 νόμοις
748 2997 1011 3046 τουτοισὶν
1068 2989 1502 3065 ἓκπεπαίδεομαι,
1566 2994 1654 3043 καὶ
1709 2990 1909 3067 βαρϐαο

297 3093 456 3160 ρικῶς
486 3082 792 3156 ἕκτισαίμην
848 3087 943 3142 τὴν
994 3079 1152 3140 δίκην
1202 3102 1324 3156 μου.
1383 3082 1442 3136 Εἰ
1502 3077 1563 3133 δὲ
1619 3085 1906 3153 Ῥωμαίων,

2014 1929 2315 1998 tatemque
2346 1942 2468 1982 non
2506 1927 2633 1983 sine
2663 1928 2958 1984 miraculo
2985 1929 3443 2001 patefacturum.
3474 1951 3494 1976 ι
3537 1931 3669 1984 Haec

2015 2017 2278 2072 Comnen
2287 2033 2355 2072 us
2368 2017 2612 2074 Michael
2626 2018 2882 2074 dixerat.
2918 2022 2982 2074 Et
2999 2019 3393 2092 metropolita,
3411 2037 3441 2071 ‹
3455 2019 3498 2074 0
3511 2017 3669 2074 bone

2013 2105 2269 2178 juvenis,
2305 2127 2332 2156 »
2365 2105 2577 2178 inquit,
2594 2107 2964 2180 «hocneque
2984 2108 3170 2164 nostri
3191 2123 3390 2180 neque
3416 2107 3670 2162 Romani

2013 2193 2265 2251 instituti
2302 2211 2498 2267 neque
2539 2196 2958 2253 ecclesiasticae
3007 2197 3360 2253 traditionis.
3408 2196 3535 2251 Imo
3563 2211 3669 2251 ne-

2013 2300 2133 2358 que
2156 2299 2225 2339 ex
2253 2283 2510 2356 legibus,
2540 2301 2737 2359 neque
2793 2286 2958 2358 prius
3020 2301 3050 2340 e
3105 2285 3289 2341 sacris
3339 2301 3408 2341 ac
3455 2284 3669 2340 divinis

2015 2372 2348 2429 canonibus
2386 2373 2779 2446 desumptum
2826 2379 2932 2430 est.
2969 2375 3141 2448 105
3174 2374 3287 2431 Sed
3316 2373 3670 2429 barbaricus

2015 2467 2104 2517 est
2130 2462 2240 2517 iste
2269 2461 2508 2529 modus,
2537 2463 2832 2535 nobisque
2865 2464 3110 2520 minime
3141 2468 3342 2526 notus,
3374 2463 3480 2534 qui
3497 2462 3671 2533 jussu

2013 2555 2248 2608 tantum
2274 2552 2658 2623 imperatorio
2688 2552 2773 2608 ﬁt.
2805 2571 2836 2605 ›
2865 2555 2932 2609 Et
2959 2553 3074 2619 ille,
3112 2575 3140 2604 «
3186 2555 3230 2610 Ο
3282 2552 3544 2608 maxime
3571 2551 3671 2607 Dei

2015 2639 2282 2708 antistes,
2315 2640 2363 2695 si
2394 2657 2467 2696 ex
2513 2640 2791 2698 barbaris
2846 2641 2978 2714 ipse
3032 2657 3224 2712 genus
3275 2641 3560 2697 ducerem
3616 2643 3674 2696 et

2013 2729 2344 2786 barbaricis
2371 2729 2641 2786 moribus
2663 2730 2954 2786 enutritus
2987 2737 3088 2788 aut
3115 2730 3412 2786 similibus
3437 2729 3671 2799 legibus

2014 2820 2339 2875 instructus
2368 2819 2639 2888 fuissem,
2671 2819 2990 2876 barbarico
3027 2821 3206 2877 etiam
3249 2819 3432 2876 modo
3458 2833 3672 2891 poenas

2013 2909 2260 2966 lucrem.
2290 2908 2403 2965 Sed
2452 2909 2497 2964 si
2533 2911 2838 2965 Romanus
2867 2914 2924 2966 et
2952 2925 3024 2965 ex
3050 2909 3359 2978 Romanis,
3388 2907 3672 2964 Romanis

2014 2997 2248 3069 legibus
2274 3002 2330 3054 et
2369 2997 2600 3069 scriptis
2624 2998 3047 3054 traditionibus
3065 2997 3362 3070 judicium
3398 2997 3671 3052 termine-

2017 3092 2129 3143 tur.
2151 3109 2172 3136 ι
2201 3086 2512 3159 llleitaque
2521 3087 2760 3158 juvenis
2785 3088 3167 3143 sermonibus
3189 3087 3366 3160 quasi
3385 3086 3670 3143 attonitus

296 3179 388 3228 καὶ
451 3172 506 3226 ἐκ
590 3171 870 3246 Ῥωμαίων,
951 3175 1085 3226 κατὰ
1156 3176 1346 3246 νόμους
1417 3170 1739 3243 Ῥωμαίκοὺς
1816 3175 1907 3223 καὶ

2020 3176 2283 3248 (Michael
2303 3191 2568 3249 namque
2600 3179 2941 3233 Comnenus
2976 3177 3300 3250 septimum
3331 3181 3472 3232 tunc
3507 3179 3566 3232 et
3590 3176 3673 3230 vi-

294 3259 618 3338 παραδόσεις
673 3261 965 3337 ἐγγράφους
1007 3264 1037 3321 ἡ
1085 3266 1262 3336 κρίσις
1300 3263 1701 3336 τερματισθὴτω
1744 3281 1853 3334 μοι.
1881 3284 1909 3312 ››

301 3353 523 3416 Ἐκεῖνος
702 3348 790 3404 οὖν
836 3358 945 3415 τοῖς
985 3351 1161 3424 λόγοις
1207 3352 1311 3404 οἷον
1369 3357 1462 3403 τοῦ
1529 3355 1727 3403 νεανίου
1767 3349 1912 3403 ἐκπε-

296 3443 592 3516 πληγμένος
644 3440 900 3513 (εἰκοστόν
962 3443 1065 3516 γὰρ
1113 3446 1204 3493 καὶ
1253 3437 1476 3513 ἕϐδομον
1537 3436 1746 3497 διήνυεν
1802 3442 1912 3502 ἔτος

297 3531 325 3584 ὁ
359 3533 626 3604 Κομνηνός
683 3528 927 3602 Μιχαὴλ)
973 3534 1063 3582 καὶ
1099 3538 1172 3602 τῷ
1221 3533 1293 3602 μὴ
1343 3529 1392 3580 ἐν
1451 3535 1746 3602 συμφοραῖς
1797 3529 1914 3581 τού-

298 3626 392 3674 του
439 3619 586 3680 ὄντος
647 3621 705 3671 τὸ
760 3618 928 3690 εύγνές
992 3625 1082 3672 τοῦ
1160 3622 1495 3692 φρυνὴματος
1570 3620 1912 3669 καταπίπτειν

299 3705 440 3783 μηδὲ
469 3713 529 3762 τὸ
560 3716 660 3761 τῶν
712 3709 984 3780 νοημάτων
1059 3706 1233 3779 χαλᾴν
1287 3704 1616 3774 εύεπὴϐολον,
1654 3707 1780 3779 πρὸς
1824 3708 1911 3758 τὸν

304 3797 529 3872 βασιλέα
567 3796 723 3852 ἔλθων
777 3799 877 3852 ὅσα
917 3801 1001 3850 κίν
1047 3793 1136 3849 οὖν
1191 3795 1324 3850 εἶπεν
1378 3794 1563 3856 ἐκεῖνος
1626 3794 1779 3856 αὐτὸς
1817 3794 1912 3847 οὐκ

305 3884 452 3957 οἶδα,
490 3889 692 3951 πάντως
755 3883 815 3940 δὲ
865 3888 1013 3940 ταῦτ’
1067 3885 1237 3960 ἔμελλε
1282 3885 1425 3949 λέξαὶ
1467 3887 1568 3937 ὅσα
1610 3903 1663 3937 τε
1705 3889 1797 3937 καὶ
1827 3884 1912 3937 οἵα

305 3981 547 4037 ἤκουσεν.
600 3980 650 4032 Ὀ
676 3980 766 4051 μεν
816 3974 904 4030 οὖν
955 3976 1207 4050 βασιλεὺς
1259 3973 1535 4051 διάπειραν
1587 3974 1778 4033 πολλὴν
1823 3994 1911 4027 πε-

297 4072 529 4130 ποιηκώς
576 4067 681 4140 οὐχ
734 4066 848 4142 εὗρε
927 4068 1061 4120 κατά
1111 4086 1162 4118 τι
1213 4069 1299 4118 τὸν
1352 4068 1616 4138 Κομνηνὸν
1686 4064 1909 4137 Μιχαὴλ

295 4157 386 4210 ὑπ’
419 4157 590 4210 αἰτίαν
622 4161 763 4224 ὄντα,
797 4161 886 4210 καὶ
944 4161 1113 4209 ταῦτα
1164 4160 1255 4208 καὶ
1310 4158 1396 4208 τὸν
1437 4153 1662 4207 ἀναίτιον
1713 4154 1786 4216 εἰς
1831 4153 1908 4206 αὶ-

293 4250 416 4300 τίαν
473 4247 614 4318 ἄγων
665 4254 728 4319 τῇ
774 4245 872 4319 βίᾳ
929 4246 959 4305 ἦ
1019 4252 1121 4297 τῶν
1163 4244 1326 4318 λόγων
1378 4245 1408 4304 ἣ
1472 4251 1570 4296 τῶν
1611 4247 1903 4316 μαστίγων,

296 4339 498 4398 Πάντες
536 4339 639 4411 γὰρ
705 4335 1045 4408 ἀπεφαίνοντο
1104 4336 1154 4388 οἱ
1204 4355 1260 4388 τε
1310 4343 1409 4388 τῶν
1459 4337 1692 4388 Λατίνων
1741 4334 1790 4386 οἰ
1853 4353 1907 4387 τε

292 4435 396 4480 τῶν
443 4425 729 4499 Ῥωμαίων,
802 4445 891 4478 και
939 4425 1171 4498 μάλιστα
1233 4434 1330 4478 τῶν
1390 4429 1648 4492 Λατίνων,
1691 4421 1799 4476 ἐπεί
1852 4441 1908 4496 γε

296 4515 451 4569 αὗτοι
508 4515 899 4588 ἐλευθερώτερον
936 4524 1174 4590 χρῶνται
1224 4523 1285 4588 τῇ
1341 4514 1544 4587 γλώττῃ
1597 4517 1723 4586 πρὸς
1789 4516 1907 4573 τοὺς

302 4602 586 4673 δεσπότας,
625 4604 790 4658 ἀθῶον
835 4603 962 4658 εἶναι
1010 4605 1096 4658 ἐπὶ
1150 4611 1282 4658 πᾶσι
1342 4624 1428 4656 τον
1488 4605 1750 4676 Κομνηνόν
1808 4610 1905 4656 Μι-

302 4695 472 4767 χαὴλ.
521 4695 765 4749 Ἠκουσα
795 4691 855 4748 δὲ
882 4699 972 4748 καὶ
1013 4694 1168 4756 αὐτὸς
1224 4692 1308 4747 ἐπὶ
1366 4701 1427 4766 τῇ
1484 4698 1656 4768 κρίσει
1709 4697 1906 4767 παρὼν,

303 4782 390 4859 [Ρ.
441 4787 530 4858 54]
575 4790 666 4839 καὶ
710 4789 803 4838 σὺν
855 4784 971 4858 ἐμοὶ
1031 4787 1056 4837 ὁ
1113 4786 1402 4851 Μακρωτὸς
1451 4781 1712 4845 Ἰωάννης,
1763 4785 1910 4854 τάχα

296 4879 394 4928 καὶ
447 4878 594 4950 ἡμεῖς
672 4876 1141 4948 συναριθμούμενοι
1187 4879 1297 4934 τοῖς
1341 4878 1580 4946 κρίνουσι
1629 4875 1756 4947 πρός
1813 4879 1907 4925 τοῦ

295 4963 565 5039 βασιλέως
620 4968 689 5028 ὡς
765 4963 928 5028 ξύλων
986 4965 1047 5016 ἄν
1121 4982 1254 5025 τινες
1341 4959 1507 5034 μηδὲν
1577 4957 1908 5035 διαφέροντες

291 5053 502 5109 ἐνταῦθ’
548 5056 809 5112 ἵστανται.
878 5053 1146 5110 Ἐϐούλετο
1192 5055 1293 5126 γὰρ
1345 5053 1546 5115 πάντας
1587 5053 1702 5104 κατ’
1744 5051 1906 5104 αὐτοῦ

294 5145 762 5217 συμψηφίςεσθαι.
792 5145 943 5217 Ἡμῖν
993 5139 1051 5197 δε
1101 5143 1194 5196 οὐκ
1243 5139 1304 5201 ἦν
1368 5141 1540 5214 λόγος,
1591 5142 1710 5194 ἄνευ
1748 5140 1904 5213 λόγου

290 5241 392 5287 τοῦ
444 5235 669 5306 Μιχαὴλ
725 5241 995 5307 Κομνηνοῦ
1077 5237 1396 5308 κρινομένου.
1485 5231 1736 5304 Ἐφιλεῖτο
1803 5234 1905 5306 γὰρ

293 5321 442 5396 (φίλη
469 5342 528 5395 γε
571 5325 602 5381 ἡ
645 5322 882 5394 ἀληθεια)
919 5323 976 5376 ού
1019 5328 1149 5397 πρός
1209 5324 1356 5395 ἡμῶν
1412 5325 1501 5374 καὶ
1558 5324 1730 5393 μόνον,
1779 5319 1908 5372 ἀλλὰ

289 5417 390 5466 καὶ
421 5416 548 5487 πρὸς
576 5417 769 5476 παντὸς
797 5422 896 5466 τῶν
963 5411 1011 5464 ἐν
1054 5411 1183 5464 τέλει
1229 5419 1325 5464 τῶν
1356 5430 1408 5464 τε
1463 5418 1769 5484 στρατηγῶν
1807 5418 1905 5463 τῶν

293 5522 355 5555 τε
387 5512 720 5578 στρατιωτῶν
759 5507 850 5555 καὶ
880 5501 1044 5556 αὐτῶν
1085 5510 1185 5554 τῶν
1250 5509 1344 5564 τῆς
1391 5495 1683 5572 ξύγκλυδος
1735 5521 1747 5533 ·
1797 5507 1906 5562 τοίς

291 5609 354 5645 τε
383 5595 484 5667 γὰρ
533 5595 807 5656 νεάζουσιν
860 5588 992 5652 ἡδὺς
1047 5588 1109 5649 ἦν
1163 5596 1253 5643 καὶ
1299 5596 1570 5666 προσηνὴς
1599 5590 1789 5662 ὁμιλῶν
1819 5594 1908 5641 καὶ

293 5701 512 5758 χαριεις
569 5681 617 5735 ἐν
688 5681 860 5756 λόγοις
908 5686 998 5734 καὶ
1046 5680 1099 5733 ἐν
1169 5677 1519 5754 ἕπιτηδεύμαι
1573 5677 1906 5748 δεξιώτατος,

2021 3267 2315 3337 gesimum
2359 3281 2587 3321 annum
2629 3265 2896 3336 agebat),
2935 3271 2993 3322 et
3029 3265 3196 3339 quod
3233 3265 3294 3321 in
3337 3264 3675 3321 infortuniis

2020 3355 2167 3411 nihil
2205 3354 2280 3410 de
2325 3353 2629 3424 generosis
2681 3355 3148 3423 cogitationibus
3193 3354 3528 3411 demitteret
3565 3369 3677 3410 nec

2023 3445 2453 3500 sententiarum
2486 3443 2866 3514 ingeniosum
2895 3460 2966 3500 ac
2994 3444 3272 3500 dextrum
3310 3444 3556 3507 laxaret,
3598 3442 3676 3500 ad

2019 3533 2444 3606 imperatorem
2477 3532 2752 3594 accurrit,
2785 3538 2842 3590 et
2869 3549 3148 3606 quaenam
3178 3534 3307 3606 ipse
3333 3533 3545 3590 dixerit
3573 3549 3676 3589 ne-

2022 3620 2167 3691 scio,
2195 3625 2459 3677 attamen
2486 3619 2655 3676 illum
2685 3637 3065 3693 quaecunque
3097 3619 3391 3687 audierat,
3418 3636 3528 3676 nec
3559 3620 3676 3677 alia

2020 3709 2245 3766 dixisse
2263 3708 2491 3780 judico.
2514 3708 2698 3778 Igitur
2724 3710 3050 3782 imperator
3099 3714 3242 3780 post
3264 3711 3432 3765 varia
3461 3709 3678 3766 multa-

2019 3814 2135 3872 que
2166 3798 2575 3870 experimenta
2604 3797 2824 3854 nullius
2856 3798 3124 3854 criminis
3175 3803 3280 3855 aut
3328 3798 3466 3855 facti
3504 3813 3676 3855 reum

2019 3885 2361 3946 Michaelem
2389 3889 2764 3944 Comnenum
2781 3886 3194 3960 deprehendit,
3224 3903 3417 3959 eoque
3444 3886 3676 3959 potissi-

2019 3993 2208 4044 mum,
2225 3976 2390 4049 quod
2403 3975 2782 4033 innocentem
2799 3982 2856 4033 et
2867 3991 3214 4034 sermonum
3233 3981 3286 4032 et
3298 3975 3677 4046 ﬂagellorum

2015 4068 2075 4123 vi
2103 4083 2274 4122 reum
2304 4071 2635 4139 perageret.
2685 4068 2907 4123 Omnes
2952 4068 3112 4122 enim
3151 4066 3276 4124 sive
3323 4066 3508 4122 Latini
3553 4067 3676 4122 sive

2017 4155 2290 4227 Romani,
2324 4155 2426 4211 sed
2459 4155 2722 4212 maxime
2763 4155 2967 4220 Latini,
2991 4156 3096 4230 qui
3124 4171 3224 4212 ore
3267 4155 3541 4211 liberiore
3568 4155 3675 4212 ad-

2015 4261 2253 4302 versum
2267 4243 2904 4317 dominosloquuntur,
2928 4245 3268 4302 Michaelem
3294 4246 3676 4326 Comnenum

2015 4336 2288 4393 omnium
2303 4334 2788 4406 planeinsontem
2808 4335 3186 4406 judicabant.
3217 4338 3338 4406 Ego
3363 4335 3544 4391 etiam
3575 4333 3680 4407 qul

2009 4426 2241 4499 judicio
2270 4425 2677 4496 interfueram,
2710 4430 2766 4481 et
2797 4441 2920 4481 una
2975 4441 3216 4482 mecum
3275 4429 3536 4481 Joannes
3563 4428 3676 4482 Ma-

2016 4521 2238 4583 crotus,
2265 4521 2514 4587 uterque
2550 4514 2628 4570 ab
2648 4514 3006 4586 imperatore
3036 4516 3188 4571 inter
3207 4515 3443 4586 judices
3475 4529 3676 4570 annu-

2017 4602 2245 4674 merati,
2279 4603 2604 4659 nonnullos
2639 4603 2787 4659 nihil
2819 4619 2856 4659 a
2894 4603 3072 4675 lignis
3105 4603 3399 4660 distantes
3450 4603 3677 4659 ibidem

2017 4694 2302 4751 interesse
2329 4692 2550 4748 audivi.
2583 4695 2854 4765 Namque
2884 4693 2979 4750 ille
3005 4693 3246 4751 volebat
3268 4699 3334 4750 ut
3357 4709 3570 4750 omnes
3604 4692 3680 4748 si-

2018 4782 2144 4840 mul
2168 4782 2229 4837 in
2255 4797 2394 4837 eum
2417 4781 2774 4837 sententiam
2795 4781 3036 4839 ferrent.
3070 4782 3184 4839 Sed
3214 4799 3325 4838 nos
3356 4781 3449 4838 his
3479 4796 3676 4854 neque

2018 4870 2479 4929 attendebamus
2499 4885 2696 4942 neque
2718 4870 3182 4926 advertebamus
3209 4871 3502 4936 animum,
3535 4885 3674 4925 cum

2017 4965 2360 5019 Comnenus
2401 4958 2646 5016 Michael
2674 4958 2905 5031 absque
2965 4959 3140 5031 106
3174 4958 3296 5014 ulla
3351 4958 3583 5014 ratione
3611 4957 3674 5014 in

2011 5050 2306 5124 judicium
2361 5051 2694 5105 vocaretur.
2750 5047 3116 5118 Diligebatur
3165 5048 3405 5114 etenim,
3447 5047 3530 5104 ita
3575 5063 3674 5104 me

2016 5144 2178 5197 amet
2197 5138 2568 5206 veritas,non
2591 5153 2628 5192 a
2649 5136 2824 5193 nobis
2846 5137 3053 5206 modo,
3079 5135 3185 5192 sed
3203 5136 3281 5192 ab
3305 5152 3675 5209 unoquoque

2015 5230 2305 5300 dignitate
2335 5225 2744 5299 praefulgente,
2771 5225 3123 5282 ductoribus
3171 5226 3506 5298 copiarum,
3563 5225 3676 5282 mi-

2014 5319 2234 5390 litibus,
2260 5317 2546 5374 convenis
2580 5334 2592 5384 ;
2623 5331 2759 5372 cum
2770 5315 3113 5387 junioribus
3145 5315 3360 5385 dulcis,
3393 5330 3500 5371 usu
3536 5314 3678 5372 faci-

2015 5409 2109 5477 lis,
2142 5408 2381 5480 eloquio
2394 5406 2614 5477 suavis,
2641 5407 2714 5462 ad
2729 5404 2967 5476 agenda
2983 5405 3418 5477 tractandaque
3437 5405 3677 5475 negotia

2016 5497 2408 5566 incredibilis,
2432 5495 2676 5552 senibus
2706 5500 2762 5552 et
2780 5510 3055 5551 sermone
3069 5500 3126 5550 et
3147 5495 3466 5567 prudentia
3493 5510 3677 5551 senex

2017 5589 2372 5653 habebatur,
2399 5586 2570 5658 cujus
2596 5584 2904 5658 impendio
2936 5584 3369 5640 consuetudine
3400 5583 3482 5640 illi
3512 5583 3676 5640 oble-

2019 5677 2357 5735 ctabantur.
2377 5677 2510 5731 Haec
2531 5679 2737 5732 tamen
2757 5674 2841 5732 ita
2855 5677 3158 5731 annuente
3179 5673 3430 5730 Numine
3453 5673 3515 5730 in
3536 5687 3676 5730 eum
