  <div class='ocr_page' id='page_1' title='image "/cluster/home/n/w/nwhite01/storage/ocr_20150623/140/coo.31924054870450/567.png"; bbox 0 0 2062 3200; ppageno 0'>
   <div class='ocr_carea' id='block_1_1' title="bbox 244 191 312 218">
    <p class='ocr_par' dir='ltr' id='par_1_1' title="bbox 244 191 312 218">
     <span class='ocr_line' id='line_1_1' title="bbox 244 191 312 218; baseline 0 0"><span class='ocrx_word' id='word_1_1' title='bbox 244 191 312 218; x_wconf 73' lang='grc'><strong>1115</strong></span> 
     </span>
    </p>
   </div>
   <div class='ocr_carea' id='block_1_2' title="bbox 887 191 1283 222">
    <p class='ocr_par' dir='ltr' id='par_1_2' title="bbox 887 191 1283 222">
     <span class='ocr_line' id='line_1_2' title="bbox 887 191 1283 222; baseline 0.003 -2"><span class='ocrx_word' id='word_1_2' title='bbox 887 191 1032 221; x_wconf 75' lang='lat' dir='ltr'><strong>GEORGH</strong></span> <span class='ocrx_word' id='word_1_3' title='bbox 1046 191 1283 222; x_wconf 66' lang='lat' dir='ltr'><strong>ACROPOLITAE</strong></span> 
     </span>
    </p>
   </div>
   <div class='ocr_carea' id='block_1_3' title="bbox 1863 193 1934 222">
    <p class='ocr_par' dir='ltr' id='par_1_3' title="bbox 1863 193 1934 222">
     <span class='ocr_line' id='line_1_3' title="bbox 1863 193 1934 222; baseline 0.014 -1"><span class='ocrx_word' id='word_1_4' title='bbox 1863 193 1934 222; x_wconf 72' lang='grc' dir='ltr'><strong>ΗΝ</strong></span> 
     </span>
    </p>
   </div>
   <div class='ocr_carea' id='block_1_4' title="bbox 242 252 1072 293">
    <p class='ocr_par' dir='ltr' id='par_1_4' title="bbox 242 252 1070 291">
     <span class='ocr_line' id='line_1_4' title="bbox 242 252 1070 291; baseline 0.004 -11"><span class='ocrx_word' id='word_1_5' title='bbox 242 253 444 289; x_wconf 84' lang='lat' dir='ltr'><strong>patratasunt,</strong></span> <span class='ocrx_word' id='word_1_6' title='bbox 451 252 711 290; x_wconf 81' lang='lat' dir='ltr'><strong>quandoquidem,</strong></span> <span class='ocrx_word' id='word_1_7' title='bbox 719 262 789 282; x_wconf 85' lang='lat' dir='ltr'><strong>cum</strong></span> <span class='ocrx_word' id='word_1_8' title='bbox 799 262 834 283; x_wconf 86' lang='lat' dir='ltr'><strong>ac</strong></span> <span class='ocrx_word' id='word_1_9' title='bbox 846 254 1070 291; x_wconf 87' lang='lat' dir='ltr'><strong>imperatorium</strong></span> 
     </span>
    </p>
   </div>
   <div class='ocr_carea' id='block_1_5' title="bbox 1119 252 1937 293">
    <p class='ocr_par' dir='ltr' id='par_1_5' title="bbox 1126 254 1937 293">
     <span class='ocr_line' id='line_1_5' title="bbox 1126 254 1937 293; baseline 0 -12"><span class='ocrx_word' id='word_1_10' title='bbox 1126 259 1179 286; x_wconf 76' lang='grc' dir='ltr'>τοῖς</span> <span class='ocrx_word' id='word_1_11' title='bbox 1193 265 1219 282; x_wconf 87' lang='grc' dir='ltr'><strong>τε</strong></span> <span class='ocrx_word' id='word_1_12' title='bbox 1232 257 1341 293; x_wconf 72' lang='grc' dir='ltr'>γέρουσι</span> <span class='ocrx_word' id='word_1_13' title='bbox 1361 256 1469 293; x_wconf 83' lang='grc' dir='ltr'>γηραιὸς</span> <span class='ocrx_word' id='word_1_14' title='bbox 1483 254 1568 283; x_wconf 72' lang='grc' dir='ltr'>ὶδόκει</span> <span class='ocrx_word' id='word_1_15' title='bbox 1596 256 1640 282; x_wconf 77' lang='grc' dir='ltr'>τὸν</span> <span class='ocrx_word' id='word_1_16' title='bbox 1659 255 1735 291; x_wconf 85' lang='grc' dir='ltr'>λόγον</span> <span class='ocrx_word' id='word_1_17' title='bbox 1764 264 1791 282; x_wconf 88' lang='grc' dir='ltr'><strong>τε</strong></span> <span class='ocrx_word' id='word_1_18' title='bbox 1816 256 1861 281; x_wconf 80' lang='grc' dir='ltr'>καὶ</span> <span class='ocrx_word' id='word_1_19' title='bbox 1885 255 1937 284; x_wconf 70' lang='grc' dir='ltr'><strong>τήν</strong></span> 
     </span>
    </p>
   </div>
   <div class='ocr_carea' id='block_1_6' title="bbox 243 297 1071 332">
    <p class='ocr_par' dir='ltr' id='par_1_6' title="bbox 243 297 1071 332">
     <span class='ocr_line' id='line_1_6' title="bbox 243 297 1071 332; baseline 0.004 -7"><span class='ocrx_word' id='word_1_20' title='bbox 243 297 361 325; x_wconf 86' lang='lat' dir='ltr'><strong>culmen</strong></span> <span class='ocrx_word' id='word_1_21' title='bbox 376 297 507 326; x_wconf 77' lang='lat' dir='ltr'><strong>attollere</strong></span> <span class='ocrx_word' id='word_1_22' title='bbox 516 298 697 327; x_wconf 80' lang='lat' dir='ltr'><strong>decrevisset</strong></span> <span class='ocrx_word' id='word_1_23' title='bbox 710 307 792 332; x_wconf 90' lang='lat' dir='ltr'><strong>eum,</strong></span> <span class='ocrx_word' id='word_1_24' title='bbox 806 302 834 328; x_wconf 91' lang='lat' dir='ltr'><strong>et</strong></span> <span class='ocrx_word' id='word_1_25' title='bbox 853 302 1071 328; x_wconf 84' lang='lat' dir='ltr'><strong>tormentorum</strong></span> 
     </span>
    </p>
   </div>
   <div class='ocr_carea' id='block_1_7' title="bbox 241 342 1071 381">
    <p class='ocr_par' dir='ltr' id='par_1_7' title="bbox 241 342 1071 381">
     <span class='ocr_line' id='line_1_7' title="bbox 241 342 1071 381; baseline 0.005 -12"><span class='ocrx_word' id='word_1_26' title='bbox 241 342 310 376; x_wconf 85' lang='lat' dir='ltr'><strong>igne</strong></span> <span class='ocrx_word' id='word_1_27' title='bbox 334 344 362 370; x_wconf 89' lang='lat' dir='ltr'><strong>et</strong></span> <span class='ocrx_word' id='word_1_28' title='bbox 376 342 651 378; x_wconf 80' lang='lat' dir='ltr'><strong>experimentorum</strong></span> <span class='ocrx_word' id='word_1_29' title='bbox 666 344 842 373; x_wconf 86' lang='lat' dir='ltr'><strong>conﬂatorio</strong></span> <span class='ocrx_word' id='word_1_30' title='bbox 864 345 1013 381; x_wconf 84' lang='lat' dir='ltr'><strong>probavit,</strong></span> <span class='ocrx_word' id='word_1_31' title='bbox 1034 352 1071 373; x_wconf 90' lang='lat' dir='ltr'><strong>ne</strong></span> 
     </span>
    </p>
   </div>
   <div class='ocr_carea' id='block_1_8' title="bbox 241 386 1071 417">
    <p class='ocr_par' dir='ltr' id='par_1_8' title="bbox 241 386 1071 417">
     <span class='ocr_line' id='line_1_8' title="bbox 241 386 1071 417; baseline 0.004 -3"><span class='ocrx_word' id='word_1_32' title='bbox 241 387 272 414; x_wconf 93' lang='lat' dir='ltr'><strong>in</strong></span> <span class='ocrx_word' id='word_1_33' title='bbox 283 386 390 414; x_wconf 89' lang='lat' dir='ltr'><strong>solium</strong></span> <span class='ocrx_word' id='word_1_34' title='bbox 416 390 536 415; x_wconf 87' lang='lat' dir='ltr'><strong>evectus</strong></span> <span class='ocrx_word' id='word_1_35' title='bbox 555 387 714 416; x_wconf 84' lang='lat' dir='ltr'><strong>calumniis</strong></span> <span class='ocrx_word' id='word_1_36' title='bbox 728 391 757 417; x_wconf 88' lang='lat' dir='ltr'><strong>et</strong></span> <span class='ocrx_word' id='word_1_37' title='bbox 779 389 1024 417; x_wconf 78' lang='lat' dir='ltr'><strong>accusationibus</strong></span> <span class='ocrx_word' id='word_1_38' title='bbox 1035 397 1071 417; x_wconf 82' lang='lat' dir='ltr'><strong>ex</strong></span> 
     </span>
    </p>
   </div>
   <div class='ocr_carea' id='block_1_9' title="bbox 241 430 1071 471">
    <p class='ocr_par' dir='ltr' id='par_1_9' title="bbox 241 430 1071 471">
     <span class='ocr_line' id='line_1_9' title="bbox 241 430 1071 471; baseline 0.004 -12"><span class='ocrx_word' id='word_1_39' title='bbox 241 430 320 459; x_wconf 86' lang='lat' dir='ltr'><strong>facili</strong></span> <span class='ocrx_word' id='word_1_40' title='bbox 331 431 474 466; x_wconf 89' lang='lat' dir='ltr'><strong>crederet,</strong></span> <span class='ocrx_word' id='word_1_41' title='bbox 488 440 586 468; x_wconf 90' lang='lat' dir='ltr'><strong>neque</strong></span> <span class='ocrx_word' id='word_1_42' title='bbox 605 441 641 461; x_wconf 91' lang='lat' dir='ltr'><strong>eo</strong></span> <span class='ocrx_word' id='word_1_43' title='bbox 655 433 686 461; x_wconf 93' lang='lat' dir='ltr'><strong>in</strong></span> <span class='ocrx_word' id='word_1_44' title='bbox 708 433 774 462; x_wconf 92' lang='lat' dir='ltr'><strong>loco</strong></span> <span class='ocrx_word' id='word_1_45' title='bbox 800 434 993 469; x_wconf 89' lang='lat' dir='ltr'><strong>constitutus,</strong></span> <span class='ocrx_word' id='word_1_46' title='bbox 1009 442 1071 471; x_wconf 90' lang='lat' dir='ltr'><strong>quo</strong></span> 
     </span>
    </p>
   </div>
   <div class='ocr_carea' id='block_1_10' title="bbox 241 476 1070 515">
    <p class='ocr_par' dir='ltr' id='par_1_10' title="bbox 241 476 1070 515">
     <span class='ocr_line' id='line_1_10' title="bbox 241 476 1070 515; baseline 0.005 -12"><span class='ocrx_word' id='word_1_47' title='bbox 241 476 390 513; x_wconf 83' lang='lat' dir='ltr'><strong>quidquid</strong></span> <span class='ocrx_word' id='word_1_48' title='bbox 403 476 523 505; x_wconf 76' lang='lat' dir='ltr'><strong>libuerit</strong></span> <span class='ocrx_word' id='word_1_49' title='bbox 532 485 621 513; x_wconf 83' lang='lat' dir='ltr'><strong>agere</strong></span> <span class='ocrx_word' id='word_1_50' title='bbox 631 481 743 514; x_wconf 87' lang='lat' dir='ltr'><strong>posset,</strong></span> <span class='ocrx_word' id='word_1_51' title='bbox 770 478 839 515; x_wconf 88' lang='lat' dir='ltr'><strong>plus</strong></span> <span class='ocrx_word' id='word_1_52' title='bbox 851 479 934 515; x_wconf 88' lang='lat' dir='ltr'><strong>justo</strong></span> <span class='ocrx_word' id='word_1_53' title='bbox 946 479 1070 507; x_wconf 85' lang='lat' dir='ltr'><strong>celerius</strong></span> 
     </span>
    </p>
   </div>
   <div class='ocr_carea' id='block_1_11' title="bbox 241 520 1070 552">
    <p class='ocr_par' dir='ltr' id='par_1_11' title="bbox 241 520 1070 552">
     <span class='ocr_line' id='line_1_11' title="bbox 241 520 1070 552; baseline 0.004 -4"><span class='ocrx_word' id='word_1_54' title='bbox 241 520 414 549; x_wconf 75' lang='lat' dir='ltr'><strong>decerneret</strong></span> <span class='ocrx_word' id='word_1_55' title='bbox 428 529 463 550; x_wconf 85' lang='lat' dir='ltr'><strong>ac</strong></span> <span class='ocrx_word' id='word_1_56' title='bbox 489 522 712 552; x_wconf 88' lang='lat' dir='ltr'><strong>determinaret.</strong></span> <span class='ocrx_word' id='word_1_57' title='bbox 732 524 839 551; x_wconf 88' lang='lat' dir='ltr'><strong>Verum</strong></span> <span class='ocrx_word' id='word_1_58' title='bbox 867 524 1018 552; x_wconf 89' lang='lat' dir='ltr'><strong>enimvero</strong></span> <span class='ocrx_word' id='word_1_59' title='bbox 1039 524 1070 551; x_wconf 92' lang='lat' dir='ltr'><strong>in</strong></span> 
     </span>
    </p>
   </div>
   <div class='ocr_carea' id='block_1_12' title="bbox 241 565 1070 604">
    <p class='ocr_par' dir='ltr' id='par_1_12' title="bbox 241 565 1070 604">
     <span class='ocr_line' id='line_1_12' title="bbox 241 565 1070 604; baseline 0.005 -11"><span class='ocrx_word' id='word_1_60' title='bbox 241 565 307 594; x_wconf 86' lang='lat' dir='ltr'><strong>aliis</strong></span> <span class='ocrx_word' id='word_1_61' title='bbox 322 565 421 600; x_wconf 84' lang='lat' dir='ltr'><strong>etiam,</strong></span> <span class='ocrx_word' id='word_1_62' title='bbox 433 568 466 595; x_wconf 88' lang='lat' dir='ltr'><strong>ut</strong></span> <span class='ocrx_word' id='word_1_63' title='bbox 479 567 667 604; x_wconf 82' lang='lat' dir='ltr'><strong>subsequens</strong></span> <span class='ocrx_word' id='word_1_64' title='bbox 678 569 773 596; x_wconf 83' lang='lat' dir='ltr'><strong>oratio</strong></span> <span class='ocrx_word' id='word_1_65' title='bbox 784 568 937 603; x_wconf 83' lang='lat' dir='ltr'><strong>indicabit,</strong></span> <span class='ocrx_word' id='word_1_66' title='bbox 950 569 1070 597; x_wconf 86' lang='lat' dir='ltr'><strong>Numini</strong></span> 
     </span>
    </p>
   </div>
   <div class='ocr_carea' id='block_1_13' title="bbox 241 610 1070 650">
    <p class='ocr_par' dir='ltr' id='par_1_13' title="bbox 241 610 1070 650">
     <span class='ocr_line' id='line_1_13' title="bbox 241 610 1070 650; baseline 0.006 -13"><span class='ocrx_word' id='word_1_67' title='bbox 241 610 387 646; x_wconf 82' lang='lat' dir='ltr'><strong>probatus</strong></span> <span class='ocrx_word' id='word_1_68' title='bbox 402 614 454 639; x_wconf 88' lang='lat' dir='ltr'><strong>est.</strong></span> <span class='ocrx_word' id='word_1_69' title='bbox 469 612 501 639; x_wconf 94' lang='lat' dir='ltr'><strong>In</strong></span> <span class='ocrx_word' id='word_1_70' title='bbox 516 614 649 640; x_wconf 85' lang='lat' dir='ltr'><strong>extremo</strong></span> <span class='ocrx_word' id='word_1_71' title='bbox 664 613 784 648; x_wconf 85' lang='lat' dir='ltr'><strong>negotio</strong></span> <span class='ocrx_word' id='word_1_72' title='bbox 799 613 974 649; x_wconf 79' lang='lat' dir='ltr'><strong>imperator,</strong></span> <span class='ocrx_word' id='word_1_73' title='bbox 987 614 1070 650; x_wconf 90' lang='lat' dir='ltr'><strong>quod</strong></span> 
     </span>
    </p>
   </div>
   <div class='ocr_carea' id='block_1_14' title="bbox 241 655 1069 694">
    <p class='ocr_par' dir='ltr' id='par_1_14' title="bbox 241 655 1069 694">
     <span class='ocr_line' id='line_1_14' title="bbox 241 655 1069 694; baseline 0.005 -12"><span class='ocrx_word' id='word_1_74' title='bbox 241 655 329 682; x_wconf 87' lang='lat' dir='ltr'><strong>etiam</strong></span> <span class='ocrx_word' id='word_1_75' title='bbox 343 656 405 691; x_wconf 86' lang='lat' dir='ltr'><strong>ipse</strong></span> <span class='ocrx_word' id='word_1_76' title='bbox 421 656 573 684; x_wconf 84' lang='lat' dir='ltr'><strong>auditione</strong></span> <span class='ocrx_word' id='word_1_77' title='bbox 592 665 781 694; x_wconf 86' lang='lat' dir='ltr'><strong>acceperam,</strong></span> <span class='ocrx_word' id='word_1_78' title='bbox 793 658 973 692; x_wconf 89' lang='lat' dir='ltr'><strong>enuntiarat,</strong></span> <span class='ocrx_word' id='word_1_79' title='bbox 993 670 1007 684; x_wconf 86' lang='grc'><strong>‹‹</strong></span> <span class='ocrx_word' id='word_1_80' title='bbox 1021 660 1069 686; x_wconf 65' lang='lat' dir='ltr'><strong>Vae</strong></span> 
     </span>
    </p>
   </div>
   <div class='ocr_carea' id='block_1_15' title="bbox 241 699 1069 739">
    <p class='ocr_par' dir='ltr' id='par_1_15' title="bbox 241 699 1069 739">
     <span class='ocr_line' id='line_1_15' title="bbox 241 699 1069 739; baseline 0.006 -13"><span class='ocrx_word' id='word_1_81' title='bbox 241 699 351 727; x_wconf 89' lang='lat' dir='ltr'><strong>misero</strong></span> <span class='ocrx_word' id='word_1_82' title='bbox 370 700 432 735; x_wconf 87' lang='lat' dir='ltr'><strong>tibi,</strong></span> <span class='ocrx_word' id='word_1_83' title='bbox 445 709 578 737; x_wconf 82' lang='lat' dir='ltr'><strong>quanam</strong></span> <span class='ocrx_word' id='word_1_84' title='bbox 598 702 692 736; x_wconf 80' lang='lat' dir='ltr'><strong>gloria</strong></span> <span class='ocrx_word' id='word_1_85' title='bbox 720 702 875 731; x_wconf 74' lang='lat' dir='ltr'><strong>cecidisti!</strong></span> <span class='ocrx_word' id='word_1_86' title='bbox 892 713 907 728; x_wconf 76' lang='grc' dir='ltr'>ι»</span> <span class='ocrx_word' id='word_1_87' title='bbox 927 703 959 731; x_wconf 90' lang='lat' dir='ltr'><strong>Id</strong></span> <span class='ocrx_word' id='word_1_88' title='bbox 980 711 1069 739; x_wconf 87' lang='lat' dir='ltr'><strong>porro</strong></span> 
     </span>
    </p>
   </div>
   <div class='ocr_carea' id='block_1_16' title="bbox 242 744 1068 784">
    <p class='ocr_par' dir='ltr' id='par_1_16' title="bbox 242 744 1068 784">
     <span class='ocr_line' id='line_1_16' title="bbox 242 744 1068 784; baseline 0.008 -15"><span class='ocrx_word' id='word_1_89' title='bbox 242 746 312 776; x_wconf 82' lang='lat' dir='ltr'><strong>erat,</strong></span> <span class='ocrx_word' id='word_1_90' title='bbox 331 744 542 780; x_wconf 81' lang='lat' dir='ltr'><strong>imperatorem</strong></span> <span class='ocrx_word' id='word_1_91' title='bbox 564 746 652 773; x_wconf 84' lang='lat' dir='ltr'><strong>ﬁxius</strong></span> <span class='ocrx_word' id='word_1_92' title='bbox 675 747 777 774; x_wconf 87' lang='lat' dir='ltr'><strong>animo</strong></span> <span class='ocrx_word' id='word_1_93' title='bbox 794 747 924 783; x_wconf 82' lang='lat' dir='ltr'><strong>agitasse</strong></span> <span class='ocrx_word' id='word_1_94' title='bbox 937 750 1068 784; x_wconf 88' lang='lat' dir='ltr'><strong>neptem,</strong></span> 
     </span>
    </p>
   </div>
   <div class='ocr_carea' id='block_1_17' title="bbox 242 787 1068 827">
    <p class='ocr_par' dir='ltr' id='par_1_17' title="bbox 242 787 1068 827">
     <span class='ocr_line' id='line_1_17' title="bbox 242 787 1068 827; baseline 0.006 -12"><span class='ocrx_word' id='word_1_95' title='bbox 242 787 369 823; x_wconf 83' lang='lat' dir='ltr'><strong>primam</strong></span> <span class='ocrx_word' id='word_1_96' title='bbox 388 789 481 817; x_wconf 86' lang='lat' dir='ltr'><strong>ﬁliam</strong></span> <span class='ocrx_word' id='word_1_97' title='bbox 510 791 561 818; x_wconf 84' lang='lat' dir='ltr'><strong>ﬁlii</strong></span> <span class='ocrx_word' id='word_1_98' title='bbox 582 791 627 818; x_wconf 89' lang='lat' dir='ltr'><strong>sui</strong></span> <span class='ocrx_word' id='word_1_99' title='bbox 650 791 823 827; x_wconf 85' lang='lat' dir='ltr'><strong>imperatori</strong></span> <span class='ocrx_word' id='word_1_100' title='bbox 844 792 1000 826; x_wconf 88' lang='lat' dir='ltr'><strong>Theodori,</strong></span> <span class='ocrx_word' id='word_1_101' title='bbox 1014 793 1068 820; x_wconf 93' lang='lat' dir='ltr'><strong>lre-</strong></span> 
     </span>
    </p>
   </div>
   <div class='ocr_carea' id='block_1_18' title="bbox 241 834 1069 870">
    <p class='ocr_par' dir='ltr' id='par_1_18' title="bbox 241 834 1069 870">
     <span class='ocr_line' id='line_1_18' title="bbox 241 834 1069 870; baseline 0.005 -10"><span class='ocrx_word' id='word_1_102' title='bbox 241 841 309 866; x_wconf 89' lang='lat' dir='ltr'><strong>nen,</strong></span> <span class='ocrx_word' id='word_1_103' title='bbox 319 842 387 870; x_wconf 73' lang='lat' dir='ltr'><strong>quae</strong></span> <span class='ocrx_word' id='word_1_104' title='bbox 396 834 454 870; x_wconf 90' lang='lat' dir='ltr'><strong>ipsi</strong></span> <span class='ocrx_word' id='word_1_105' title='bbox 464 835 609 864; x_wconf 81' lang='lat' dir='ltr'><strong>Michaelis</strong></span> <span class='ocrx_word' id='word_1_106' title='bbox 626 836 749 864; x_wconf 89' lang='lat' dir='ltr'><strong>secundi</strong></span> <span class='ocrx_word' id='word_1_107' title='bbox 771 837 943 865; x_wconf 88' lang='lat' dir='ltr'><strong>consobrini</strong></span> <span class='ocrx_word' id='word_1_108' title='bbox 952 837 996 865; x_wconf 88' lang='lat' dir='ltr'><strong>sui</strong></span> <span class='ocrx_word' id='word_1_109' title='bbox 1006 836 1069 865; x_wconf 86' lang='lat' dir='ltr'><strong>ﬁlia</strong></span> 
     </span>
    </p>
   </div>
   <div class='ocr_carea' id='block_1_19' title="bbox 241 879 1073 912">
    <p class='ocr_par' dir='ltr' id='par_1_19' title="bbox 241 879 1073 912">
     <span class='ocr_line' id='line_1_19' title="bbox 241 879 1073 912; baseline 0.004 -8"><span class='ocrx_word' id='word_1_110' title='bbox 241 881 313 912; x_wconf 85' lang='lat' dir='ltr'><strong>erat,</strong></span> <span class='ocrx_word' id='word_1_111' title='bbox 326 879 455 907; x_wconf 84' lang='lat' dir='ltr'><strong>Michaeli</strong></span> <span class='ocrx_word' id='word_1_112' title='bbox 469 881 621 908; x_wconf 89' lang='lat' dir='ltr'><strong>Comneno</strong></span> <span class='ocrx_word' id='word_1_113' title='bbox 633 881 662 908; x_wconf 92' lang='lat' dir='ltr'><strong>in</strong></span> <span class='ocrx_word' id='word_1_114' title='bbox 673 881 898 909; x_wconf 85' lang='lat' dir='ltr'><strong>matrimonium</strong></span> <span class='ocrx_word' id='word_1_115' title='bbox 908 881 1073 910; x_wconf 86' lang='lat' dir='ltr'><strong>collocare..</strong></span> 
     </span>
    </p>
   </div>
   <div class='ocr_carea' id='block_1_20' title="bbox 242 923 1102 963">
    <p class='ocr_par' dir='ltr' id='par_1_20' title="bbox 242 923 1102 963">
     <span class='ocr_line' id='line_1_20' title="bbox 242 923 1102 963; baseline 0.006 -13"><span class='ocrx_word' id='word_1_116' title='bbox 242 923 326 955; x_wconf 87' lang='lat' dir='ltr'><strong>Quod</strong></span> <span class='ocrx_word' id='word_1_117' title='bbox 340 926 368 951; x_wconf 88' lang='lat' dir='ltr'><strong>et</strong></span> <span class='ocrx_word' id='word_1_118' title='bbox 384 924 414 951; x_wconf 91' lang='lat' dir='ltr'><strong>in</strong></span> <span class='ocrx_word' id='word_1_119' title='bbox 438 925 617 960; x_wconf 84' lang='lat' dir='ltr'><strong>imperatore</strong></span> <span class='ocrx_word' id='word_1_120' title='bbox 637 927 751 954; x_wconf 83' lang='lat' dir='ltr'><strong>Joanne</strong></span> <span class='ocrx_word' id='word_1_121' title='bbox 780 927 905 963; x_wconf 82' lang='lat' dir='ltr'><strong>aliisque</strong></span> <span class='ocrx_word' id='word_1_122' title='bbox 930 926 1066 963; x_wconf 88' lang='lat' dir='ltr'><strong>pluribus</strong></span> <span class='ocrx_word' id='word_1_123' title='bbox 1083 933 1102 960; x_wconf 84' lang='grc' dir='ltr'><strong><em>Β</em></strong></span> 
     </span>
    </p>
   </div>
   <div class='ocr_carea' id='block_1_21' title="bbox 240 967 1066 1000">
    <p class='ocr_par' dir='ltr' id='par_1_21' title="bbox 240 967 1066 1000">
     <span class='ocr_line' id='line_1_21' title="bbox 240 967 1066 1000; baseline 0.006 -6"><span class='ocrx_word' id='word_1_124' title='bbox 240 967 353 995; x_wconf 86' lang='lat' dir='ltr'><strong>factum</strong></span> <span class='ocrx_word' id='word_1_125' title='bbox 369 971 421 996; x_wconf 88' lang='lat' dir='ltr'><strong>est.</strong></span> <span class='ocrx_word' id='word_1_126' title='bbox 437 970 468 996; x_wconf 90' lang='lat' dir='ltr'><strong>Et</strong></span> <span class='ocrx_word' id='word_1_127' title='bbox 481 969 526 997; x_wconf 90' lang='lat' dir='ltr'><strong>his</strong></span> <span class='ocrx_word' id='word_1_128' title='bbox 540 970 643 998; x_wconf 78' lang='lat' dir='ltr'><strong>atﬁnia</strong></span> <span class='ocrx_word' id='word_1_129' title='bbox 659 979 719 998; x_wconf 90' lang='lat' dir='ltr'><strong>non</strong></span> <span class='ocrx_word' id='word_1_130' title='bbox 736 971 794 998; x_wconf 89' lang='lat' dir='ltr'><strong>alia</strong></span> <span class='ocrx_word' id='word_1_131' title='bbox 810 971 924 999; x_wconf 83' lang='lat' dir='ltr'><strong>ratione</strong></span> <span class='ocrx_word' id='word_1_132' title='bbox 947 971 1066 1000; x_wconf 88' lang='lat' dir='ltr'><strong>evenire</strong></span> 
     </span>
    </p>
   </div>
   <div class='ocr_carea' id='block_1_22' title="bbox 241 1013 1063 1051">
    <p class='ocr_par' dir='ltr' id='par_1_22' title="bbox 241 1013 1063 1051">
     <span class='ocr_line' id='line_1_22' title="bbox 241 1013 1063 1051; baseline 0.007 -13"><span class='ocrx_word' id='word_1_133' title='bbox 241 1019 422 1040; x_wconf 87' lang='lat' dir='ltr'><strong>consuevere</strong></span> <span class='ocrx_word' id='word_1_134' title='bbox 439 1023 445 1040; x_wconf 73' lang='grc' dir='ltr'>ε</span> <span class='ocrx_word' id='word_1_135' title='bbox 462 1013 530 1041; x_wconf 86' lang='lat' dir='ltr'><strong>licet</strong></span> <span class='ocrx_word' id='word_1_136' title='bbox 549 1015 628 1042; x_wconf 90' lang='lat' dir='ltr'><strong>enim</strong></span> <span class='ocrx_word' id='word_1_137' title='bbox 644 1015 683 1042; x_wconf 88' lang='lat' dir='ltr'><strong>ab</strong></span> <span class='ocrx_word' id='word_1_138' title='bbox 693 1015 824 1043; x_wconf 82' lang='lat' dir='ltr'><strong>Ecclesia</strong></span> <span class='ocrx_word' id='word_1_139' title='bbox 836 1015 1063 1051; x_wconf 85' lang='lat' dir='ltr'><strong>prohibeantur.</strong></span> 
     </span>
    </p>
   </div>
   <div class='ocr_carea' id='block_1_23' title="bbox 239 1057 1066 1095">
    <p class='ocr_par' dir='ltr' id='par_1_23' title="bbox 239 1057 1066 1095">
     <span class='ocr_line' id='line_1_23' title="bbox 239 1057 1066 1095; baseline 0.007 -13"><span class='ocrx_word' id='word_1_140' title='bbox 239 1058 369 1083; x_wconf 85' lang='lat' dir='ltr'><strong>attamen</strong></span> <span class='ocrx_word' id='word_1_141' title='bbox 383 1057 511 1093; x_wconf 65' lang='lat' dir='ltr'><strong>publicas</strong></span> <span class='ocrx_word' id='word_1_142' title='bbox 525 1059 749 1093; x_wconf 80' lang='lat' dir='ltr'><strong>gubernationis</strong></span> <span class='ocrx_word' id='word_1_143' title='bbox 760 1067 857 1088; x_wconf 75' lang='lat' dir='ltr'><strong>causa</strong></span> <span class='ocrx_word' id='word_1_144' title='bbox 880 1062 969 1095; x_wconf 89' lang='lat' dir='ltr'><strong>atque</strong></span> <span class='ocrx_word' id='word_1_145' title='bbox 985 1068 1066 1088; x_wconf 82' lang='lat' dir='ltr'><strong>com~</strong></span> 
     </span>
    </p>
   </div>
   <div class='ocr_carea' id='block_1_24' title="bbox 239 1100 803 1139">
    <p class='ocr_par' dir='ltr' id='par_1_24' title="bbox 239 1100 803 1139">
     <span class='ocr_line' id='line_1_24' title="bbox 239 1100 803 1139; baseline 0.009 -12"><span class='ocrx_word' id='word_1_146' title='bbox 239 1100 320 1128; x_wconf 88' lang='lat' dir='ltr'><strong>modi</strong></span> <span class='ocrx_word' id='word_1_147' title='bbox 336 1101 567 1137; x_wconf 84' lang='lat' dir='ltr'><strong>imperatoribus</strong></span> <span class='ocrx_word' id='word_1_148' title='bbox 583 1104 803 1139; x_wconf 88' lang='lat' dir='ltr'><strong>permittuntur.</strong></span> 
     </span>
    </p>
   </div>
   <div class='ocr_carea' id='block_1_25' title="bbox 238 1146 573 1182">
    <p class='ocr_par' dir='ltr' id='par_1_25' title="bbox 238 1146 573 1182">
     <span class='ocr_line' id='line_1_25' title="bbox 238 1146 573 1182; baseline 0.006 -11"><span class='ocrx_word' id='word_1_149' title='bbox 238 1146 305 1171; x_wconf 73' lang='grc' dir='ltr'>οὕτω</span> <span class='ocrx_word' id='word_1_150' title='bbox 338 1157 393 1177; x_wconf 83' lang='grc' dir='ltr'><strong>πως</strong></span> <span class='ocrx_word' id='word_1_151' title='bbox 422 1147 573 1182; x_wconf 71' lang='grc' dir='ltr'>συμϐαίνειν</span> 
     </span>
    </p>
   </div>
   <div class='ocr_carea' id='block_1_26' title="bbox 237 1191 759 1229">
    <p class='ocr_par' dir='ltr' id='par_1_26' title="bbox 237 1191 759 1229">
     <span class='ocr_line' id='line_1_26' title="bbox 237 1191 759 1229; baseline 0.01 -14"><span class='ocrx_word' id='word_1_152' title='bbox 237 1191 345 1225; x_wconf 83' lang='grc' dir='ltr'>μηθείας</span> <span class='ocrx_word' id='word_1_153' title='bbox 355 1192 436 1227; x_wconf 82' lang='grc' dir='ltr'>χάριν</span> <span class='ocrx_word' id='word_1_154' title='bbox 449 1195 492 1218; x_wconf 80' lang='grc' dir='ltr'><strong>καὶ</strong></span> <span class='ocrx_word' id='word_1_155' title='bbox 508 1197 553 1218; x_wconf 79' lang='grc' dir='ltr'><strong>τοῦ</strong></span> <span class='ocrx_word' id='word_1_156' title='bbox 575 1196 759 1229; x_wconf 76' lang='grc' dir='ltr'><strong>συμφέροντος.</strong></span> 
     </span>
    </p>
   </div>
   <div class='ocr_carea' id='block_1_27' title="bbox 272 1236 1066 1274">
    <p class='ocr_par' dir='ltr' id='par_1_27' title="bbox 272 1236 1066 1274">
     <span class='ocr_line' id='line_1_27' title="bbox 272 1236 1066 1274; baseline 0.005 -13"><span class='ocrx_word' id='word_1_157' title='bbox 272 1236 406 1271; x_wconf 80' lang='lat'><strong>51.107</strong></span> <span class='ocrx_word' id='word_1_158' title='bbox 425 1237 514 1271; x_wconf 85' lang='lat' dir='ltr'><strong>Igitur</strong></span> <span class='ocrx_word' id='word_1_159' title='bbox 531 1237 702 1273; x_wconf 74' lang='lat' dir='ltr'><strong>imperator,</strong></span> <span class='ocrx_word' id='word_1_160' title='bbox 720 1239 849 1266; x_wconf 90' lang='lat' dir='ltr'><strong>modoin</strong></span> <span class='ocrx_word' id='word_1_161' title='bbox 861 1239 1066 1274; x_wconf 82' lang='lat' dir='ltr'><strong>quodiximus</strong></span> 
     </span>
    </p>
   </div>
   <div class='ocr_carea' id='block_1_28' title="bbox 235 1280 1060 1318">
    <p class='ocr_par' dir='ltr' id='par_1_28' title="bbox 235 1280 1060 1318">
     <span class='ocr_line' id='line_1_28' title="bbox 235 1280 1060 1318; baseline 0.005 -12"><span class='ocrx_word' id='word_1_162' title='bbox 235 1280 393 1314; x_wconf 70' lang='lat' dir='ltr'><strong>quwstioni</strong></span> <span class='ocrx_word' id='word_1_163' title='bbox 423 1281 482 1308; x_wconf 87' lang='lat' dir='ltr'><strong>ﬁne</strong></span> <span class='ocrx_word' id='word_1_164' title='bbox 505 1282 656 1317; x_wconf 73' lang='lat' dir='ltr'><strong>imposito,</strong></span> <span class='ocrx_word' id='word_1_165' title='bbox 687 1283 835 1310; x_wconf 86' lang='lat' dir='ltr'><strong>Orientem</strong></span> <span class='ocrx_word' id='word_1_166' title='bbox 861 1282 1060 1318; x_wconf 81' lang='lat' dir='ltr'><strong>progreditur,</strong></span> 
     </span>
    </p>
   </div>
   <div class='ocr_carea' id='block_1_29' title="bbox 237 1324 1061 1362">
    <p class='ocr_par' dir='ltr' id='par_1_29' title="bbox 237 1324 1061 1362">
     <span class='ocr_line' id='line_1_29' title="bbox 237 1324 1061 1362; baseline 0.005 -12"><span class='ocrx_word' id='word_1_167' title='bbox 237 1325 265 1350; x_wconf 90' lang='lat' dir='ltr'><strong>et</strong></span> <span class='ocrx_word' id='word_1_168' title='bbox 286 1324 456 1352; x_wconf 87' lang='lat' dir='ltr'><strong>Michaelem</strong></span> <span class='ocrx_word' id='word_1_169' title='bbox 484 1326 671 1353; x_wconf 85' lang='lat' dir='ltr'><strong>Comnenum</strong></span> <span class='ocrx_word' id='word_1_170' title='bbox 713 1329 886 1362; x_wconf 80' lang='lat' dir='ltr'><strong>suspectum</strong></span> <span class='ocrx_word' id='word_1_171' title='bbox 920 1326 1061 1354; x_wconf 82' lang='lat' dir='ltr'><strong>habebat.</strong></span> 
     </span>
    </p>
   </div>
   <div class='ocr_carea' id='block_1_30' title="bbox 236 1368 1060 1407">
    <p class='ocr_par' dir='ltr' id='par_1_30' title="bbox 236 1368 1060 1407">
     <span class='ocr_line' id='line_1_30' title="bbox 236 1368 1060 1407; baseline 0.005 -12"><span class='ocrx_word' id='word_1_172' title='bbox 236 1368 362 1400; x_wconf 84' lang='lat' dir='ltr'><strong>Quando</strong></span> <span class='ocrx_word' id='word_1_173' title='bbox 374 1377 442 1397; x_wconf 85' lang='lat' dir='ltr'><strong>vero</strong></span> <span class='ocrx_word' id='word_1_174' title='bbox 458 1372 485 1397; x_wconf 89' lang='lat' dir='ltr'><strong>et</strong></span> <span class='ocrx_word' id='word_1_175' title='bbox 498 1371 614 1404; x_wconf 79' lang='lat' dir='ltr'><strong>generis</strong></span> <span class='ocrx_word' id='word_1_176' title='bbox 625 1371 770 1398; x_wconf 85' lang='lat' dir='ltr'><strong>claritudo</strong></span> <span class='ocrx_word' id='word_1_177' title='bbox 786 1373 814 1399; x_wconf 91' lang='lat' dir='ltr'><strong>et</strong></span> <span class='ocrx_word' id='word_1_178' title='bbox 828 1379 896 1399; x_wconf 90' lang='lat' dir='ltr'><strong>cum</strong></span> <span class='ocrx_word' id='word_1_179' title='bbox 913 1370 980 1407; x_wconf 91' lang='lat' dir='ltr'><strong>ipso</strong></span> <span class='ocrx_word' id='word_1_180' title='bbox 991 1378 1060 1398; x_wconf 91' lang='lat' dir='ltr'><strong>con-</strong></span> 
     </span>
    </p>
   </div>
   <div class='ocr_carea' id='block_1_31' title="bbox 233 1413 1066 1452">
    <p class='ocr_par' dir='ltr' id='par_1_31' title="bbox 233 1413 1066 1452">
     <span class='ocr_line' id='line_1_31' title="bbox 233 1413 1066 1452; baseline 0.005 -12"><span class='ocrx_word' id='word_1_181' title='bbox 233 1413 359 1448; x_wconf 89' lang='lat' dir='ltr'><strong>junctio,</strong></span> <span class='ocrx_word' id='word_1_182' title='bbox 371 1422 488 1442; x_wconf 85' lang='lat' dir='ltr'><strong>necnon</strong></span> <span class='ocrx_word' id='word_1_183' title='bbox 498 1423 567 1442; x_wconf 87' lang='lat' dir='ltr'><strong>cum</strong></span> <span class='ocrx_word' id='word_1_184' title='bbox 582 1416 775 1450; x_wconf 81' lang='lat' dir='ltr'><strong>magnatibus</strong></span> <span class='ocrx_word' id='word_1_185' title='bbox 789 1416 920 1444; x_wconf 75' lang='lat' dir='ltr'><strong>afﬁnitas</strong></span> <span class='ocrx_word' id='word_1_186' title='bbox 931 1424 990 1444; x_wconf 90' lang='lat' dir='ltr'><strong>non</strong></span> <span class='ocrx_word' id='word_1_187' title='bbox 1000 1424 1066 1452; x_wconf 86' lang='lat' dir='ltr'><strong>per-</strong></span> 
     </span>
    </p>
   </div>
   <div class='ocr_carea' id='block_1_32' title="bbox 234 1458 1066 1496">
    <p class='ocr_par' dir='ltr' id='par_1_32' title="bbox 234 1458 1066 1496">
     <span class='ocr_line' id='line_1_32' title="bbox 234 1458 1066 1496; baseline 0.005 -11"><span class='ocrx_word' id='word_1_188' title='bbox 234 1458 573 1496; x_wconf 85' lang='lat' dir='ltr'><strong>mittebantimperatori</strong></span> <span class='ocrx_word' id='word_1_189' title='bbox 603 1464 635 1488; x_wconf 89' lang='lat' dir='ltr'><strong>ut</strong></span> <span class='ocrx_word' id='word_1_190' title='bbox 655 1469 701 1488; x_wconf 87' lang='lat' dir='ltr'><strong>res</strong></span> <span class='ocrx_word' id='word_1_191' title='bbox 721 1461 760 1488; x_wconf 88' lang='lat' dir='ltr'><strong>ab</strong></span> <span class='ocrx_word' id='word_1_192' title='bbox 781 1469 816 1489; x_wconf 93' lang='lat' dir='ltr'><strong>eo</strong></span> <span class='ocrx_word' id='word_1_193' title='bbox 832 1463 930 1496; x_wconf 78' lang='lat' dir='ltr'><strong>gestas</strong></span> <span class='ocrx_word' id='word_1_194' title='bbox 943 1461 1066 1489; x_wconf 85' lang='lat' dir='ltr'><strong>haberet</strong></span> 
     </span>
    </p>
   </div>
   <div class='ocr_carea' id='block_1_33' title="bbox 234 1504 1066 1542">
    <p class='ocr_par' dir='ltr' id='par_1_33' title="bbox 234 1504 1066 1542">
     <span class='ocr_line' id='line_1_33' title="bbox 234 1504 1066 1542; baseline 0.005 -13"><span class='ocrx_word' id='word_1_195' title='bbox 234 1504 429 1539; x_wconf 82' lang='lat' dir='ltr'><strong>contemptui,</strong></span> <span class='ocrx_word' id='word_1_196' title='bbox 442 1505 529 1532; x_wconf 87' lang='lat' dir='ltr'><strong>mittit</strong></span> <span class='ocrx_word' id='word_1_197' title='bbox 540 1513 608 1533; x_wconf 90' lang='lat' dir='ltr'><strong>eum</strong></span> <span class='ocrx_word' id='word_1_198' title='bbox 621 1506 657 1533; x_wconf 86' lang='lat' dir='ltr'><strong>ad</strong></span> <span class='ocrx_word' id='word_1_199' title='bbox 678 1506 854 1539; x_wconf 82' lang='lat' dir='ltr'><strong>Manuelem,</strong></span> <span class='ocrx_word' id='word_1_200' title='bbox 870 1506 922 1542; x_wconf 91' lang='lat' dir='ltr'><strong>qui</strong></span> <span class='ocrx_word' id='word_1_201' title='bbox 937 1513 973 1533; x_wconf 89' lang='lat' dir='ltr'><strong>ea</strong></span> <span class='ocrx_word' id='word_1_202' title='bbox 993 1508 1066 1533; x_wconf 87' lang='lat' dir='ltr'><strong>tem-</strong></span> 
     </span>
    </p>
   </div>
   <div class='ocr_carea' id='block_1_34' title="bbox 233 1548 1065 1585">
    <p class='ocr_par' dir='ltr' id='par_1_34' title="bbox 233 1548 1065 1585">
     <span class='ocr_line' id='line_1_34' title="bbox 233 1548 1065 1585; baseline 0.005 -11"><span class='ocrx_word' id='word_1_203' title='bbox 233 1550 347 1583; x_wconf 87' lang='lat' dir='ltr'><strong>pestate</strong></span> <span class='ocrx_word' id='word_1_204' title='bbox 357 1548 576 1583; x_wconf 83' lang='lat' dir='ltr'><strong>patriarchatus</strong></span> <span class='ocrx_word' id='word_1_205' title='bbox 584 1549 793 1583; x_wconf 82' lang='lat' dir='ltr'><strong>gubernaculis</strong></span> <span class='ocrx_word' id='word_1_206' title='bbox 802 1550 1065 1585; x_wconf 83' lang='lat' dir='ltr'><strong>assidebat,virum</strong></span> 
     </span>
    </p>
   </div>
   <div class='ocr_carea' id='block_1_35' title="bbox 234 1591 1064 1627">
    <p class='ocr_par' dir='ltr' id='par_1_35' title="bbox 234 1591 1064 1627">
     <span class='ocr_line' id='line_1_35' title="bbox 234 1591 1064 1627; baseline 0.005 -9"><span class='ocrx_word' id='word_1_207' title='bbox 234 1591 343 1627; x_wconf 87' lang='lat' dir='ltr'><strong>pietate</strong></span> <span class='ocrx_word' id='word_1_208' title='bbox 362 1592 512 1627; x_wconf 87' lang='lat' dir='ltr'><strong>insignem</strong></span> <span class='ocrx_word' id='word_1_209' title='bbox 541 1596 569 1621; x_wconf 88' lang='lat' dir='ltr'><strong>et</strong></span> <span class='ocrx_word' id='word_1_210' title='bbox 591 1594 658 1621; x_wconf 74' lang='lat' dir='ltr'><strong>vitae</strong></span> <span class='ocrx_word' id='word_1_211' title='bbox 686 1594 830 1627; x_wconf 87' lang='lat' dir='ltr'><strong>instituto,</strong></span> <span class='ocrx_word' id='word_1_212' title='bbox 851 1594 918 1622; x_wconf 88' lang='lat' dir='ltr'><strong>licet</strong></span> <span class='ocrx_word' id='word_1_213' title='bbox 939 1602 1064 1622; x_wconf 80' lang='lat' dir='ltr'><strong>uxorem</strong></span> 
     </span>
    </p>
   </div>
   <div class='ocr_carea' id='block_1_36' title="bbox 234 1636 1061 1672">
    <p class='ocr_par' dir='ltr' id='par_1_36' title="bbox 234 1636 1061 1672">
     <span class='ocr_line' id='line_1_36' title="bbox 234 1636 1061 1672; baseline 0.005 -10"><span class='ocrx_word' id='word_1_214' title='bbox 234 1636 379 1666; x_wconf 85' lang='lat' dir='ltr'><strong>duxisset.</strong></span> <span class='ocrx_word' id='word_1_215' title='bbox 389 1637 607 1671; x_wconf 86' lang='lat' dir='ltr'><strong>venerandum,</strong></span> <span class='ocrx_word' id='word_1_216' title='bbox 616 1638 716 1666; x_wconf 83' lang='lat' dir='ltr'><strong>literas</strong></span> <span class='ocrx_word' id='word_1_217' title='bbox 728 1641 828 1666; x_wconf 89' lang='lat' dir='ltr'><strong>tamen</strong></span> <span class='ocrx_word' id='word_1_218' title='bbox 836 1639 919 1666; x_wconf 86' lang='lat' dir='ltr'><strong>haud</strong></span> <span class='ocrx_word' id='word_1_219' title='bbox 928 1639 1061 1672; x_wconf 87' lang='lat' dir='ltr'><strong>doctum,</strong></span> 
     </span>
    </p>
   </div>
   <div class='ocr_carea' id='block_1_37' title="bbox 235 1682 1064 1719">
    <p class='ocr_par' dir='ltr' id='par_1_37' title="bbox 235 1682 1064 1719">
     <span class='ocr_line' id='line_1_37' title="bbox 235 1682 1064 1719; baseline 0.005 -12"><span class='ocrx_word' id='word_1_220' title='bbox 235 1687 303 1707; x_wconf 90' lang='lat' dir='ltr'><strong>cum</strong></span> <span class='ocrx_word' id='word_1_221' title='bbox 319 1687 374 1707; x_wconf 90' lang='lat' dir='ltr'><strong>nec</strong></span> <span class='ocrx_word' id='word_1_222' title='bbox 387 1688 491 1708; x_wconf 88' lang='lat' dir='ltr'><strong>eorum</strong></span> <span class='ocrx_word' id='word_1_223' title='bbox 507 1682 684 1709; x_wconf 85' lang='lat' dir='ltr'><strong>sententiam</strong></span> <span class='ocrx_word' id='word_1_224' title='bbox 701 1691 768 1718; x_wconf 77' lang='lat' dir='ltr'><strong>quae</strong></span> <span class='ocrx_word' id='word_1_225' title='bbox 797 1683 861 1719; x_wconf 87' lang='lat' dir='ltr'><strong>ipse</strong></span> <span class='ocrx_word' id='word_1_226' title='bbox 876 1686 1064 1719; x_wconf 89' lang='lat' dir='ltr'><strong>percurrerat</strong></span> 
     </span>
    </p>
   </div>
   <div class='ocr_carea' id='block_1_38' title="bbox 234 1726 1062 1763">
    <p class='ocr_par' dir='ltr' id='par_1_38' title="bbox 234 1726 1062 1763">
     <span class='ocr_line' id='line_1_38' title="bbox 234 1726 1062 1763; baseline 0.007 -12"><span class='ocrx_word' id='word_1_227' title='bbox 234 1726 353 1759; x_wconf 89' lang='lat' dir='ltr'><strong>caperet</strong></span> <span class='ocrx_word' id='word_1_228' title='bbox 380 1733 385 1758; x_wconf 85' lang='lat'><strong>;</strong></span> <span class='ocrx_word' id='word_1_229' title='bbox 414 1733 505 1760; x_wconf 85' lang='lat' dir='ltr'><strong>quem</strong></span> <span class='ocrx_word' id='word_1_230' title='bbox 531 1726 639 1762; x_wconf 89' lang='lat' dir='ltr'><strong>scripto</strong></span> <span class='ocrx_word' id='word_1_231' title='bbox 664 1727 826 1763; x_wconf 86' lang='lat' dir='ltr'><strong>imperator</strong></span> <span class='ocrx_word' id='word_1_232' title='bbox 843 1727 1006 1763; x_wconf 84' lang='lat' dir='ltr'><strong>compellat</strong></span> <span class='ocrx_word' id='word_1_233' title='bbox 1030 1731 1062 1757; x_wconf 88' lang='lat' dir='ltr'><strong>ut</strong></span> 
     </span>
    </p>
   </div>
   <div class='ocr_carea' id='block_1_39' title="bbox 234 1769 1061 1805">
    <p class='ocr_par' dir='ltr' id='par_1_39' title="bbox 234 1769 1061 1805">
     <span class='ocr_line' id='line_1_39' title="bbox 234 1769 1061 1805; baseline 0.006 -9"><span class='ocrx_word' id='word_1_234' title='bbox 234 1769 458 1805; x_wconf 84' lang='lat' dir='ltr'><strong>peenisquoque</strong></span> <span class='ocrx_word' id='word_1_235' title='bbox 468 1771 577 1798; x_wconf 78' lang='lat' dir='ltr'><strong>exactis</strong></span> <span class='ocrx_word' id='word_1_236' title='bbox 585 1771 754 1799; x_wconf 87' lang='lat' dir='ltr'><strong>Michaelem</strong></span> <span class='ocrx_word' id='word_1_237' title='bbox 769 1773 953 1800; x_wconf 87' lang='lat' dir='ltr'><strong>Comnenum</strong></span> <span class='ocrx_word' id='word_1_238' title='bbox 969 1773 1061 1801; x_wconf 92' lang='lat' dir='ltr'><strong>incre-</strong></span> 
     </span>
    </p>
   </div>
   <div class='ocr_carea' id='block_1_40' title="bbox 234 1814 1061 1853">
    <p class='ocr_par' dir='ltr' id='par_1_40' title="bbox 234 1814 1061 1853">
     <span class='ocr_line' id='line_1_40' title="bbox 234 1814 1061 1853; baseline 0.007 -13"><span class='ocrx_word' id='word_1_239' title='bbox 234 1816 327 1849; x_wconf 79' lang='lat' dir='ltr'><strong>paret,</strong></span> <span class='ocrx_word' id='word_1_240' title='bbox 337 1814 463 1850; x_wconf 90' lang='lat' dir='ltr'><strong>jureque</strong></span> <span class='ocrx_word' id='word_1_241' title='bbox 476 1815 607 1850; x_wconf 87' lang='lat' dir='ltr'><strong>jurando</strong></span> <span class='ocrx_word' id='word_1_242' title='bbox 620 1816 712 1844; x_wconf 88' lang='lat' dir='ltr'><strong>fidem</strong></span> <span class='ocrx_word' id='word_1_243' title='bbox 725 1816 801 1844; x_wconf 89' lang='lat' dir='ltr'><strong>illius</strong></span> <span class='ocrx_word' id='word_1_244' title='bbox 816 1816 1061 1853; x_wconf 86' lang='lat' dir='ltr'><strong>alligaret,nullas</strong></span> 
     </span>
    </p>
   </div>
   <div class='ocr_carea' id='block_1_41' title="bbox 234 1858 1061 1898">
    <p class='ocr_par' dir='ltr' id='par_1_41' title="bbox 234 1858 1061 1898">
     <span class='ocr_line' id='line_1_41' title="bbox 234 1858 1061 1898; baseline 0.006 -13"><span class='ocrx_word' id='word_1_245' title='bbox 234 1866 303 1886; x_wconf 90' lang='lat' dir='ltr'><strong>eum</strong></span> <span class='ocrx_word' id='word_1_246' title='bbox 323 1858 521 1895; x_wconf 90' lang='lat' dir='ltr'><strong>imposterum</strong></span> <span class='ocrx_word' id='word_1_247' title='bbox 539 1861 685 1889; x_wconf 85' lang='lat' dir='ltr'><strong>adversus</strong></span> <span class='ocrx_word' id='word_1_248' title='bbox 703 1862 915 1898; x_wconf 85' lang='lat' dir='ltr'><strong>imperatorem</strong></span> <span class='ocrx_word' id='word_1_249' title='bbox 936 1862 1061 1890; x_wconf 88' lang='lat' dir='ltr'><strong>insidias</strong></span> 
     </span>
    </p>
   </div>
   <div class='ocr_carea' id='block_1_42' title="bbox 234 1903 1060 1942">
    <p class='ocr_par' dir='ltr' id='par_1_42' title="bbox 234 1903 1060 1942">
     <span class='ocr_line' id='line_1_42' title="bbox 234 1903 1060 1942; baseline 0.006 -12"><span class='ocrx_word' id='word_1_250' title='bbox 234 1903 477 1939; x_wconf 85' lang='lat' dir='ltr'><strong>moliturum,sed</strong></span> <span class='ocrx_word' id='word_1_251' title='bbox 489 1905 582 1933; x_wconf 88' lang='lat' dir='ltr'><strong>ﬁdum</strong></span> <span class='ocrx_word' id='word_1_252' title='bbox 595 1914 629 1933; x_wconf 88' lang='lat' dir='ltr'><strong>ac</strong></span> <span class='ocrx_word' id='word_1_253' title='bbox 642 1906 849 1942; x_wconf 83' lang='lat' dir='ltr'><strong>incorruptum</strong></span> <span class='ocrx_word' id='word_1_254' title='bbox 860 1907 891 1934; x_wconf 91' lang='lat' dir='ltr'><strong>in</strong></span> <span class='ocrx_word' id='word_1_255' title='bbox 902 1906 1060 1935; x_wconf 88' lang='lat' dir='ltr'><strong>dominum</strong></span> 
     </span>
    </p>
   </div>
   <div class='ocr_carea' id='block_1_43' title="bbox 234 1948 1061 1985">
    <p class='ocr_par' dir='ltr' id='par_1_43' title="bbox 234 1948 1061 1985">
     <span class='ocr_line' id='line_1_43' title="bbox 234 1948 1061 1985; baseline 0.006 -11"><span class='ocrx_word' id='word_1_256' title='bbox 234 1948 344 1975; x_wconf 87' lang='lat' dir='ltr'><strong>amoris</strong></span> <span class='ocrx_word' id='word_1_257' title='bbox 358 1948 535 1985; x_wconf 89' lang='lat' dir='ltr'><strong>obsequium</strong></span> <span class='ocrx_word' id='word_1_258' title='bbox 543 1950 755 1983; x_wconf 74' lang='lat' dir='ltr'><strong>exhibiturum,</strong></span> <span class='ocrx_word' id='word_1_259' title='bbox 770 1951 823 1979; x_wconf 88' lang='lat' dir='ltr'><strong>Ubi</strong></span> <span class='ocrx_word' id='word_1_260' title='bbox 831 1959 867 1979; x_wconf 83' lang='lat' dir='ltr'><strong>ea</strong></span> <span class='ocrx_word' id='word_1_261' title='bbox 883 1959 930 1979; x_wconf 90' lang='lat' dir='ltr'><strong>res</strong></span> <span class='ocrx_word' id='word_1_262' title='bbox 939 1951 981 1979; x_wconf 88' lang='lat' dir='ltr'><strong>sic</strong></span> <span class='ocrx_word' id='word_1_263' title='bbox 993 1959 1061 1979; x_wconf 89' lang='lat' dir='ltr'><strong>eve-</strong></span> 
     </span>
    </p>
   </div>
   <div class='ocr_carea' id='block_1_44' title="bbox 233 1992 1061 2032">
    <p class='ocr_par' dir='ltr' id='par_1_44' title="bbox 233 1992 1061 2032">
     <span class='ocr_line' id='line_1_44' title="bbox 233 1992 1061 2032; baseline 0.006 -14"><span class='ocrx_word' id='word_1_264' title='bbox 233 1992 286 2025; x_wconf 86' lang='lat' dir='ltr'><strong>nit,</strong></span> <span class='ocrx_word' id='word_1_265' title='bbox 293 1992 456 2027; x_wconf 86' lang='lat' dir='ltr'><strong>imperator</strong></span> <span class='ocrx_word' id='word_1_266' title='bbox 463 1994 649 2022; x_wconf 85' lang='lat' dir='ltr'><strong>Ccmnenum</strong></span> <span class='ocrx_word' id='word_1_267' title='bbox 657 1995 686 2022; x_wconf 91' lang='lat' dir='ltr'><strong>in</strong></span> <span class='ocrx_word' id='word_1_268' title='bbox 694 1995 821 2029; x_wconf 81' lang='lat' dir='ltr'><strong>gratiam</strong></span> <span class='ocrx_word' id='word_1_269' title='bbox 827 1995 942 2031; x_wconf 86' lang='lat' dir='ltr'><strong>recipit,</strong></span> <span class='ocrx_word' id='word_1_270' title='bbox 959 1995 1061 2032; x_wconf 90' lang='lat' dir='ltr'><strong>illique</strong></span> 
     </span>
    </p>
   </div>
   <div class='ocr_carea' id='block_1_45' title="bbox 233 2035 1060 2076">
    <p class='ocr_par' dir='ltr' id='par_1_45' title="bbox 233 2035 1060 2076">
     <span class='ocr_line' id='line_1_45' title="bbox 233 2035 1060 2076; baseline 0.006 -13"><span class='ocrx_word' id='word_1_271' title='bbox 233 2035 330 2064; x_wconf 86' lang='lat' dir='ltr'><strong>fratris</strong></span> <span class='ocrx_word' id='word_1_272' title='bbox 350 2037 396 2064; x_wconf 92' lang='lat' dir='ltr'><strong>sui</strong></span> <span class='ocrx_word' id='word_1_273' title='bbox 421 2038 669 2066; x_wconf 85' lang='lat' dir='ltr'><strong>sebastocratoris</strong></span> <span class='ocrx_word' id='word_1_274' title='bbox 699 2040 804 2067; x_wconf 81' lang='lat' dir='ltr'><strong>lsaacii</strong></span> <span class='ocrx_word' id='word_1_275' title='bbox 829 2041 917 2068; x_wconf 64' lang='lat' dir='ltr'><strong>Ducas</strong></span> <span class='ocrx_word' id='word_1_276' title='bbox 938 2042 1060 2076; x_wconf 86' lang='lat' dir='ltr'><strong>neptem</strong></span> 
     </span>
    </p>
   </div>
   <div class='ocr_carea' id='block_1_46' title="bbox 232 2081 1058 2120">
    <p class='ocr_par' dir='ltr' id='par_1_46' title="bbox 232 2081 1058 2120">
     <span class='ocr_line' id='line_1_46' title="bbox 232 2081 1058 2120; baseline 0.005 -12"><span class='ocrx_word' id='word_1_277' title='bbox 232 2081 418 2109; x_wconf 87' lang='lat' dir='ltr'><strong>Theodoram</strong></span> <span class='ocrx_word' id='word_1_278' title='bbox 427 2086 554 2118; x_wconf 90' lang='lat' dir='ltr'><strong>nuptum</strong></span> <span class='ocrx_word' id='word_1_279' title='bbox 562 2083 742 2120; x_wconf 86' lang='lat' dir='ltr'><strong>deditquam</strong></span> <span class='ocrx_word' id='word_1_280' title='bbox 750 2084 870 2112; x_wconf 88' lang='lat' dir='ltr'><strong>unicam</strong></span> <span class='ocrx_word' id='word_1_281' title='bbox 878 2085 1058 2120; x_wconf 81' lang='lat' dir='ltr'><strong>paterillius,</strong></span> 
     </span>
    </p>
   </div>
   <div class='ocr_carea' id='block_1_47' title="bbox 234 2125 1060 2161">
    <p class='ocr_par' dir='ltr' id='par_1_47' title="bbox 234 2125 1060 2161">
     <span class='ocr_line' id='line_1_47' title="bbox 234 2125 1060 2161; baseline 0.006 -9"><span class='ocrx_word' id='word_1_282' title='bbox 234 2125 478 2154; x_wconf 87' lang='lat' dir='ltr'><strong>sebastocratoris</strong></span> <span class='ocrx_word' id='word_1_283' title='bbox 491 2127 568 2155; x_wconf 83' lang='lat' dir='ltr'><strong>ﬁlius</strong></span> <span class='ocrx_word' id='word_1_284' title='bbox 583 2128 724 2161; x_wconf 85' lang='lat' dir='ltr'><strong>Joannes,</strong></span> <span class='ocrx_word' id='word_1_285' title='bbox 742 2129 771 2156; x_wconf 90' lang='lat' dir='ltr'><strong>in</strong></span> <span class='ocrx_word' id='word_1_286' title='bbox 785 2128 986 2157; x_wconf 84' lang='lat' dir='ltr'><strong>adolescentia</strong></span> <span class='ocrx_word' id='word_1_287' title='bbox 998 2129 1060 2157; x_wconf 79' lang='lat' dir='ltr'><strong>fato</strong></span> 
     </span>
    </p>
   </div>
   <div class='ocr_carea' id='block_1_48' title="bbox 233 2169 1060 2208">
    <p class='ocr_par' dir='ltr' id='par_1_48' title="bbox 233 2169 1060 2208">
     <span class='ocr_line' id='line_1_48' title="bbox 233 2169 1060 2208; baseline 0.004 -11"><span class='ocrx_word' id='word_1_288' title='bbox 233 2169 362 2206; x_wconf 83' lang='lat' dir='ltr'><strong>functus,</strong></span> <span class='ocrx_word' id='word_1_289' title='bbox 379 2171 547 2207; x_wconf 89' lang='lat' dir='ltr'><strong>reliquerat.</strong></span> <span class='ocrx_word' id='word_1_290' title='bbox 561 2172 785 2208; x_wconf 86' lang='lat' dir='ltr'><strong>Obiitequidem</strong></span> <span class='ocrx_word' id='word_1_291' title='bbox 802 2172 849 2200; x_wconf 87' lang='lat' dir='ltr'><strong>ille</strong></span> <span class='ocrx_word' id='word_1_292' title='bbox 858 2180 950 2200; x_wconf 84' lang='lat' dir='ltr'><strong>uxore</strong></span> <span class='ocrx_word' id='word_1_293' title='bbox 961 2173 1060 2201; x_wconf 90' lang='lat' dir='ltr'><strong>Eudo-</strong></span> 
     </span>
    </p>
   </div>
   <div class='ocr_carea' id='block_1_49' title="bbox 234 2214 1061 2252">
    <p class='ocr_par' dir='ltr' id='par_1_49' title="bbox 234 2214 1061 2252">
     <span class='ocr_line' id='line_1_49' title="bbox 234 2214 1061 2252; baseline 0.005 -11"><span class='ocrx_word' id='word_1_294' title='bbox 234 2214 280 2241; x_wconf 89' lang='lat' dir='ltr'><strong>cia</strong></span> <span class='ocrx_word' id='word_1_295' title='bbox 294 2215 397 2250; x_wconf 87' lang='lat' dir='ltr'><strong>Angeli</strong></span> <span class='ocrx_word' id='word_1_296' title='bbox 413 2215 538 2243; x_wconf 86' lang='lat' dir='ltr'><strong>Joannis</strong></span> <span class='ocrx_word' id='word_1_297' title='bbox 550 2215 610 2243; x_wconf 85' lang='lat' dir='ltr'><strong>ﬁlia</strong></span> <span class='ocrx_word' id='word_1_298' title='bbox 635 2216 739 2251; x_wconf 84' lang='lat' dir='ltr'><strong>vidua,</strong></span> <span class='ocrx_word' id='word_1_299' title='bbox 762 2216 877 2252; x_wconf 80' lang='lat' dir='ltr'><strong>pupilla</strong></span> <span class='ocrx_word' id='word_1_300' title='bbox 903 2224 974 2245; x_wconf 89' lang='lat' dir='ltr'><strong>vero</strong></span> <span class='ocrx_word' id='word_1_301' title='bbox 998 2217 1061 2245; x_wconf 85' lang='lat' dir='ltr'><strong>ﬁlia</strong></span> 
     </span>
    </p>
   </div>
   <div class='ocr_carea' id='block_1_50' title="bbox 234 2257 1060 2295">
    <p class='ocr_par' dir='ltr' id='par_1_50' title="bbox 234 2257 1060 2295">
     <span class='ocr_line' id='line_1_50' title="bbox 234 2257 1060 2295; baseline 0.005 -9"><span class='ocrx_word' id='word_1_302' title='bbox 234 2257 406 2292; x_wconf 76' lang='lat' dir='ltr'><strong>Theodore,</strong></span> <span class='ocrx_word' id='word_1_303' title='bbox 421 2267 489 2295; x_wconf 61' lang='lat' dir='ltr'><strong>quin</strong></span> <span class='ocrx_word' id='word_1_304' title='bbox 507 2260 572 2294; x_wconf 88' lang='lat' dir='ltr'><strong>jam</strong></span> <span class='ocrx_word' id='word_1_305' title='bbox 592 2262 654 2287; x_wconf 90' lang='lat' dir='ltr'><strong>tum</strong></span> <span class='ocrx_word' id='word_1_306' title='bbox 675 2268 735 2287; x_wconf 90' lang='lat' dir='ltr'><strong>non</strong></span> <span class='ocrx_word' id='word_1_307' title='bbox 762 2260 928 2289; x_wconf 88' lang='lat' dir='ltr'><strong>infelicibus</strong></span> <span class='ocrx_word' id='word_1_308' title='bbox 952 2262 1060 2290; x_wconf 87' lang='lat' dir='ltr'><strong>avibus</strong></span> 
     </span>
    </p>
   </div>
   <div class='ocr_carea' id='block_1_51' title="bbox 233 2303 1061 2339">
    <p class='ocr_par' dir='ltr' id='par_1_51' title="bbox 233 2303 1061 2339">
     <span class='ocr_line' id='line_1_51' title="bbox 233 2303 1061 2339; baseline 0.007 -10"><span class='ocrx_word' id='word_1_309' title='bbox 233 2303 386 2330; x_wconf 90' lang='lat' dir='ltr'><strong>Comneno</strong></span> <span class='ocrx_word' id='word_1_310' title='bbox 413 2303 545 2331; x_wconf 78' lang='lat' dir='ltr'><strong>Michaeli</strong></span> <span class='ocrx_word' id='word_1_311' title='bbox 572 2305 678 2339; x_wconf 85' lang='lat' dir='ltr'><strong>juncta</strong></span> <span class='ocrx_word' id='word_1_312' title='bbox 712 2305 818 2336; x_wconf 81' lang='lat' dir='ltr'><strong>fuerat.</strong></span> <span class='ocrx_word' id='word_1_313' title='bbox 836 2305 948 2339; x_wconf 82' lang='lat' dir='ltr'><strong>relicta,</strong></span> <span class='ocrx_word' id='word_1_314' title='bbox 966 2309 1061 2335; x_wconf 87' lang='lat' dir='ltr'><strong>mater</strong></span> 
     </span>
    </p>
   </div>
   <div class='ocr_carea' id='block_1_52' title="bbox 233 2344 1099 2386">
    <p class='ocr_par' dir='ltr' id='par_1_52' title="bbox 233 2344 1099 2386">
     <span class='ocr_line' id='line_1_52' title="bbox 233 2344 1099 2386; baseline 0.008 -13"><span class='ocrx_word' id='word_1_315' title='bbox 233 2346 381 2382; x_wconf 87' lang='lat' dir='ltr'><strong>siquidem</strong></span> <span class='ocrx_word' id='word_1_316' title='bbox 398 2347 475 2375; x_wconf 89' lang='lat' dir='ltr'><strong>illius</strong></span> <span class='ocrx_word' id='word_1_317' title='bbox 494 2348 634 2380; x_wconf 82' lang='lat' dir='ltr'><strong>Eudocia.</strong></span> <span class='ocrx_word' id='word_1_318' title='bbox 647 2349 712 2377; x_wconf 88' lang='lat' dir='ltr'><strong>licet</strong></span> <span class='ocrx_word' id='word_1_319' title='bbox 726 2349 848 2377; x_wconf 88' lang='lat' dir='ltr'><strong>ﬂorente</strong></span> <span class='ocrx_word' id='word_1_320' title='bbox 860 2350 985 2386; x_wconf 87' lang='lat' dir='ltr'><strong>juventa</strong></span> <span class='ocrx_word' id='word_1_321' title='bbox 1003 2351 1059 2380; x_wconf 89' lang='lat' dir='ltr'><strong>fer-</strong></span> <span class='ocrx_word' id='word_1_322' title='bbox 1078 2344 1099 2371; x_wconf 80' lang='lat' dir='ltr'><strong>D</strong></span> 
     </span>
    </p>
   </div>
   <div class='ocr_carea' id='block_1_53' title="bbox 232 2391 1058 2433">
    <p class='ocr_par' dir='ltr' id='par_1_53' title="bbox 232 2391 1058 2433">
     <span class='ocr_line' id='line_1_53' title="bbox 232 2391 1058 2433; baseline 0.008 -15"><span class='ocrx_word' id='word_1_323' title='bbox 232 2391 313 2426; x_wconf 86' lang='lat' dir='ltr'><strong>vida,</strong></span> <span class='ocrx_word' id='word_1_324' title='bbox 333 2393 420 2428; x_wconf 79' lang='lat'><strong>108</strong></span> <span class='ocrx_word' id='word_1_325' title='bbox 432 2393 492 2421; x_wconf 84' lang='lat' dir='ltr'><strong>viro</strong></span> <span class='ocrx_word' id='word_1_326' title='bbox 505 2401 604 2421; x_wconf 89' lang='lat' dir='ltr'><strong>carere</strong></span> <span class='ocrx_word' id='word_1_327' title='bbox 617 2395 721 2422; x_wconf 86' lang='lat' dir='ltr'><strong>maluit</strong></span> <span class='ocrx_word' id='word_1_328' title='bbox 736 2403 770 2422; x_wconf 91' lang='lat' dir='ltr'><strong>ac</strong></span> <span class='ocrx_word' id='word_1_329' title='bbox 787 2396 926 2423; x_wconf 77' lang='lat' dir='ltr'><strong>virtutem</strong></span> <span class='ocrx_word' id='word_1_330' title='bbox 943 2398 1058 2433; x_wconf 90' lang='lat' dir='ltr'><strong>sectari,</strong></span> 
     </span>
    </p>
   </div>
   <div class='ocr_carea' id='block_1_54' title="bbox 232 2436 1059 2474">
    <p class='ocr_par' dir='ltr' id='par_1_54' title="bbox 232 2436 1059 2474">
     <span class='ocr_line' id='line_1_54' title="bbox 232 2436 1059 2474; baseline 0.007 -10"><span class='ocrx_word' id='word_1_331' title='bbox 232 2436 292 2464; x_wconf 92' lang='lat' dir='ltr'><strong>Deo</strong></span> <span class='ocrx_word' id='word_1_332' title='bbox 305 2436 387 2472; x_wconf 85' lang='lat' dir='ltr'><strong>freta,</strong></span> <span class='ocrx_word' id='word_1_333' title='bbox 402 2437 448 2465; x_wconf 93' lang='lat' dir='ltr'><strong>cui</strong></span> <span class='ocrx_word' id='word_1_334' title='bbox 464 2446 496 2465; x_wconf 86' lang='lat' dir='ltr'><strong>se</strong></span> <span class='ocrx_word' id='word_1_335' title='bbox 509 2438 707 2474; x_wconf 77' lang='lat' dir='ltr'><strong>fortunasque</strong></span> <span class='ocrx_word' id='word_1_336' title='bbox 717 2448 787 2467; x_wconf 90' lang='lat' dir='ltr'><strong>suas</strong></span> <span class='ocrx_word' id='word_1_337' title='bbox 800 2439 970 2469; x_wconf 82' lang='lat' dir='ltr'><strong>devoverat.</strong></span> <span class='ocrx_word' id='word_1_338' title='bbox 985 2441 1059 2470; x_wconf 90' lang='lat' dir='ltr'><strong>Hinc</strong></span> 
     </span>
    </p>
   </div>
   <div class='ocr_carea' id='block_1_55' title="bbox 232 2483 1058 2521">
    <p class='ocr_par' dir='ltr' id='par_1_55' title="bbox 232 2483 1058 2521">
     <span class='ocr_line' id='line_1_55' title="bbox 232 2483 1058 2521; baseline 0.007 -12"><span class='ocrx_word' id='word_1_339' title='bbox 232 2483 309 2509; x_wconf 90' lang='lat' dir='ltr'><strong>Deus</strong></span> <span class='ocrx_word' id='word_1_340' title='bbox 329 2483 465 2511; x_wconf 88' lang='lat' dir='ltr'><strong>virtutem</strong></span> <span class='ocrx_word' id='word_1_341' title='bbox 482 2484 674 2512; x_wconf 90' lang='lat' dir='ltr'><strong>matrimonio</strong></span> <span class='ocrx_word' id='word_1_342' title='bbox 690 2486 905 2521; x_wconf 87' lang='lat' dir='ltr'><strong>compensavit.</strong></span> <span class='ocrx_word' id='word_1_343' title='bbox 936 2487 969 2514; x_wconf 89' lang='lat' dir='ltr'><strong>Et</strong></span> <span class='ocrx_word' id='word_1_344' title='bbox 992 2486 1058 2515; x_wconf 63' lang='lat' dir='ltr'><strong>hac</strong></span> 
     </span>
    </p>
   </div>
   <div class='ocr_carea' id='block_1_56' title="bbox 231 2527 614 2563">
    <p class='ocr_par' dir='ltr' id='par_1_56' title="bbox 231 2527 614 2563">
     <span class='ocr_line' id='line_1_56' title="bbox 231 2527 614 2563; baseline 0.005 -9"><span class='ocrx_word' id='word_1_345' title='bbox 231 2527 353 2563; x_wconf 88' lang='lat' dir='ltr'><strong>quidem</strong></span> <span class='ocrx_word' id='word_1_346' title='bbox 372 2528 413 2556; x_wconf 89' lang='lat' dir='ltr'><strong>ita</strong></span> <span class='ocrx_word' id='word_1_347' title='bbox 425 2536 457 2555; x_wconf 90' lang='lat' dir='ltr'><strong>se</strong></span> <span class='ocrx_word' id='word_1_348' title='bbox 471 2529 614 2556; x_wconf 90' lang='lat' dir='ltr'><strong>habuere.</strong></span> 
     </span>
    </p>
   </div>
   <div class='ocr_carea' id='block_1_57' title="bbox 1128 299 1933 337">
    <p class='ocr_par' dir='ltr' id='par_1_57' title="bbox 1128 299 1933 337">
     <span class='ocr_line' id='line_1_57' title="bbox 1128 299 1933 337; baseline 0 -11"><span class='ocrx_word' id='word_1_349' title='bbox 1128 302 1241 335; x_wconf 79' lang='grc' dir='ltr'>σύνεσιν,</span> <span class='ocrx_word' id='word_1_350' title='bbox 1274 302 1318 327; x_wconf 84' lang='grc' dir='ltr'>καὶ</span> <span class='ocrx_word' id='word_1_351' title='bbox 1343 300 1475 331; x_wconf 80' lang='grc' dir='ltr'>ἀσπάσιος</span> <span class='ocrx_word' id='word_1_352' title='bbox 1503 300 1591 332; x_wconf 74' lang='grc' dir='ltr'>αὐτοῖς</span> <span class='ocrx_word' id='word_1_353' title='bbox 1613 300 1755 337; x_wconf 73' lang='grc' dir='ltr'>ἐνομίζετο.</span> <span class='ocrx_word' id='word_1_354' title='bbox 1781 301 1832 326; x_wconf 81' lang='grc' dir='ltr'>Καὶ</span> <span class='ocrx_word' id='word_1_355' title='bbox 1857 299 1933 326; x_wconf 74' lang='grc' dir='ltr'>ταῦτ’</span> 
     </span>
    </p>
   </div>
   <div class='ocr_carea' id='block_1_58' title="bbox 1126 343 1934 382">
    <p class='ocr_par' dir='ltr' id='par_1_58' title="bbox 1126 343 1934 382">
     <span class='ocr_line' id='line_1_58' title="bbox 1126 343 1934 382; baseline 0 -11"><span class='ocrx_word' id='word_1_356' title='bbox 1126 343 1180 372; x_wconf 85' lang='grc' dir='ltr'>οὖν.</span> <span class='ocrx_word' id='word_1_357' title='bbox 1215 347 1250 376; x_wconf 86' lang='grc' dir='ltr'>ὡς</span> <span class='ocrx_word' id='word_1_358' title='bbox 1288 344 1372 382; x_wconf 81' lang='grc' dir='ltr'><strong>οἶμαι⁷</strong></span> <span class='ocrx_word' id='word_1_359' title='bbox 1407 348 1509 382; x_wconf 79' lang='grc' dir='ltr'>γέγονεν</span> <span class='ocrx_word' id='word_1_360' title='bbox 1545 345 1584 372; x_wconf 70' lang='grc' dir='ltr'><strong>ἐπ’</strong></span> <span class='ocrx_word' id='word_1_361' title='bbox 1610 345 1678 381; x_wconf 80' lang='grc' dir='ltr'>αὐτῷ</span> <span class='ocrx_word' id='word_1_362' title='bbox 1714 343 1862 381; x_wconf 80' lang='grc' dir='ltr'><strong>δοκιμασίᾳ</strong></span> <span class='ocrx_word' id='word_1_363' title='bbox 1884 347 1934 371; x_wconf 83' lang='grc' dir='ltr'><strong>τοῦ</strong></span> 
     </span>
    </p>
   </div>
   <div class='ocr_carea' id='block_1_59' title="bbox 1124 388 1935 427">
    <p class='ocr_par' dir='ltr' id='par_1_59' title="bbox 1124 388 1935 427">
     <span class='ocr_line' id='line_1_59' title="bbox 1124 388 1935 427; baseline 0.001 -12"><span class='ocrx_word' id='word_1_364' title='bbox 1124 392 1278 426; x_wconf 82' lang='grc' dir='ltr'>κρείττονος.</span> <span class='ocrx_word' id='word_1_365' title='bbox 1299 390 1356 417; x_wconf 85' lang='grc' dir='ltr'><strong>Ἐπὶ</strong></span> <span class='ocrx_word' id='word_1_366' title='bbox 1386 391 1437 427; x_wconf 83' lang='grc' dir='ltr'><strong>γὰρ</strong></span> <span class='ocrx_word' id='word_1_367' title='bbox 1462 390 1499 422; x_wconf 80' lang='grc' dir='ltr'><strong>εἰς</strong></span> <span class='ocrx_word' id='word_1_368' title='bbox 1524 392 1571 420; x_wconf 78' lang='grc' dir='ltr'>τὴν</span> <span class='ocrx_word' id='word_1_369' title='bbox 1585 389 1721 427; x_wconf 80' lang='grc' dir='ltr'>βασίλειον</span> <span class='ocrx_word' id='word_1_370' title='bbox 1745 388 1832 426; x_wconf 79' lang='grc' dir='ltr'>ἔμελλε</span> <span class='ocrx_word' id='word_1_371' title='bbox 1862 390 1935 421; x_wconf 86' lang='grc' dir='ltr'><strong>Θεὸς</strong></span> 
     </span>
    </p>
   </div>
   <div class='ocr_carea' id='block_1_60' title="bbox 1125 428 1937 472">
    <p class='ocr_par' dir='ltr' id='par_1_60' title="bbox 1125 428 1937 472">
     <span class='ocr_line' id='line_1_60' title="bbox 1125 428 1937 472; baseline 0.001 -12"><span class='ocrx_word' id='word_1_372' title='bbox 1125 433 1283 461; x_wconf 82' lang='grc' dir='ltr'>ἀναϐιϐάσαι</span> <span class='ocrx_word' id='word_1_373' title='bbox 1311 437 1402 461; x_wconf 88' lang='grc' dir='ltr'>τοῦτον</span> <span class='ocrx_word' id='word_1_374' title='bbox 1428 437 1572 472; x_wconf 72' lang='grc' dir='ltr'><strong>περιωπήν,</strong></span> <span class='ocrx_word' id='word_1_375' title='bbox 1604 438 1642 470; x_wconf 80' lang='grc' dir='ltr'>τῷ</span> <span class='ocrx_word' id='word_1_376' title='bbox 1664 439 1713 460; x_wconf 86' lang='grc' dir='ltr'>τῶν</span> <span class='ocrx_word' id='word_1_377' title='bbox 1733 434 1855 471; x_wconf 78' lang='grc' dir='ltr'><strong>βασάνων</strong></span> <span class='ocrx_word' id='word_1_378' title='bbox 1867 428 1937 472; x_wconf 77' lang='grc' dir='ltr'>πυρί</span> 
     </span>
    </p>
   </div>
   <div class='ocr_carea' id='block_1_61' title="bbox 1124 477 1933 516">
    <p class='ocr_par' dir='ltr' id='par_1_61' title="bbox 1124 477 1933 516">
     <span class='ocr_line' id='line_1_61' title="bbox 1124 477 1933 516; baseline 0 -11"><span class='ocrx_word' id='word_1_379' title='bbox 1124 481 1169 505; x_wconf 82' lang='grc' dir='ltr'>καὶ</span> <span class='ocrx_word' id='word_1_380' title='bbox 1190 483 1225 514; x_wconf 87' lang='grc' dir='ltr'>τῷ</span> <span class='ocrx_word' id='word_1_381' title='bbox 1250 477 1390 516; x_wconf 80' lang='grc' dir='ltr'><strong>διαπείρας</strong></span> <span class='ocrx_word' id='word_1_382' title='bbox 1418 482 1589 516; x_wconf 84' lang='grc' dir='ltr'>χωνευτηρίῳ</span> <span class='ocrx_word' id='word_1_383' title='bbox 1619 477 1803 516; x_wconf 80' lang='grc' dir='ltr'>δεδοκίμακεν,</span> <span class='ocrx_word' id='word_1_384' title='bbox 1832 479 1873 505; x_wconf 85' lang='grc' dir='ltr'>ἳνα</span> <span class='ocrx_word' id='word_1_385' title='bbox 1895 481 1933 516; x_wconf 70' lang='grc' dir='ltr'>μὴ</span> 
     </span>
    </p>
   </div>
   <div class='ocr_carea' id='block_1_62' title="bbox 1124 523 1935 562">
    <p class='ocr_par' dir='ltr' id='par_1_62' title="bbox 1124 523 1935 562">
     <span class='ocr_line' id='line_1_62' title="bbox 1124 523 1935 562; baseline 0 -12"><span class='ocrx_word' id='word_1_386' title='bbox 1124 524 1158 554; x_wconf 84' lang='grc' dir='ltr'>εἰς</span> <span class='ocrx_word' id='word_1_387' title='bbox 1172 525 1216 551; x_wconf 85' lang='grc' dir='ltr'>τόν</span> <span class='ocrx_word' id='word_1_388' title='bbox 1237 523 1368 560; x_wconf 81' lang='grc' dir='ltr'>βασίλειον</span> <span class='ocrx_word' id='word_1_389' title='bbox 1385 523 1481 556; x_wconf 79' lang='grc' dir='ltr'>ἀναϐὰς</span> <span class='ocrx_word' id='word_1_390' title='bbox 1505 525 1594 562; x_wconf 81' lang='grc' dir='ltr'>θρόνον</span> <span class='ocrx_word' id='word_1_391' title='bbox 1618 525 1682 562; x_wconf 78' lang='grc' dir='ltr'>ῥᾷον</span> <span class='ocrx_word' id='word_1_392' title='bbox 1710 525 1770 560; x_wconf 76' lang='grc' dir='ltr'>ἔχοι</span> <span class='ocrx_word' id='word_1_393' title='bbox 1796 525 1935 551; x_wconf 74' lang='grc' dir='ltr'>πιστεύειν</span> 
     </span>
    </p>
   </div>
   <div class='ocr_carea' id='block_1_63' title="bbox 1125 567 1936 606">
    <p class='ocr_par' dir='ltr' id='par_1_63' title="bbox 1125 567 1936 606">
     <span class='ocr_line' id='line_1_63' title="bbox 1125 567 1936 606; baseline 0 -11"><span class='ocrx_word' id='word_1_394' title='bbox 1125 567 1258 600; x_wconf 81' lang='grc' dir='ltr'>διαϐολαῖς</span> <span class='ocrx_word' id='word_1_395' title='bbox 1296 571 1341 595; x_wconf 89' lang='grc' dir='ltr'>καὶ</span> <span class='ocrx_word' id='word_1_396' title='bbox 1376 572 1642 606; x_wconf 74' lang='grc' dir='ltr'>σνκοφαντίαις,μὴτε</span> <span class='ocrx_word' id='word_1_397' title='bbox 1670 570 1762 595; x_wconf 84' lang='grc' dir='ltr'>θᾶττον</span> <span class='ocrx_word' id='word_1_398' title='bbox 1788 570 1836 600; x_wconf 83' lang='grc' dir='ltr'><strong>τὰς</strong></span> <span class='ocrx_word' id='word_1_399' title='bbox 1866 569 1936 596; x_wconf 81' lang='grc' dir='ltr'>ἀπο-</span> 
     </span>
    </p>
   </div>
   <div class='ocr_carea' id='block_1_64' title="bbox 1124 613 1936 652">
    <p class='ocr_par' dir='ltr' id='par_1_64' title="bbox 1124 613 1936 652">
     <span class='ocr_line' id='line_1_64' title="bbox 1124 613 1936 652; baseline 0.001 -12"><span class='ocrx_word' id='word_1_400' title='bbox 1124 615 1214 650; x_wconf 81' lang='grc' dir='ltr'>φάσεις</span> <span class='ocrx_word' id='word_1_401' title='bbox 1233 618 1314 641; x_wconf 89' lang='grc' dir='ltr'>ποιεῖν</span> <span class='ocrx_word' id='word_1_402' title='bbox 1333 614 1371 641; x_wconf 73' lang='grc' dir='ltr'><strong>ἐπ’</strong></span> <span class='ocrx_word' id='word_1_403' title='bbox 1397 615 1502 651; x_wconf 69' lang='grc' dir='ltr'>ἐξουσίᾳ</span> <span class='ocrx_word' id='word_1_404' title='bbox 1522 619 1569 642; x_wconf 83' lang='grc' dir='ltr'>τοῦ</span> <span class='ocrx_word' id='word_1_405' title='bbox 1597 616 1717 652; x_wconf 80' lang='grc' dir='ltr'>πράττειν</span> <span class='ocrx_word' id='word_1_406' title='bbox 1746 616 1779 641; x_wconf 82' lang='grc' dir='ltr'>τὰ</span> <span class='ocrx_word' id='word_1_407' title='bbox 1801 613 1936 651; x_wconf 77' lang='grc' dir='ltr'>βουλητία</span> 
     </span>
    </p>
   </div>
   <div class='ocr_carea' id='block_1_65' title="bbox 1122 659 1931 696">
    <p class='ocr_par' dir='ltr' id='par_1_65' title="bbox 1122 659 1931 696">
     <span class='ocr_line' id='line_1_65' title="bbox 1122 659 1931 696; baseline -0.001 -10"><span class='ocrx_word' id='word_1_408' title='bbox 1122 660 1294 696; x_wconf 76' lang='grc' dir='ltr'>γενενημένος.</span> <span class='ocrx_word' id='word_1_409' title='bbox 1322 660 1360 686; x_wconf 69' lang='grc' dir='ltr'><strong>Οὐ</strong></span> <span class='ocrx_word' id='word_1_410' title='bbox 1385 662 1438 696; x_wconf 80' lang='grc' dir='ltr'>μὴν</span> <span class='ocrx_word' id='word_1_411' title='bbox 1460 662 1505 686; x_wconf 87' lang='grc' dir='ltr'>καὶ</span> <span class='ocrx_word' id='word_1_412' title='bbox 1535 659 1559 686; x_wconf 65' lang='grc' dir='ltr'><strong>ὸ</strong></span> <span class='ocrx_word' id='word_1_413' title='bbox 1580 659 1667 691; x_wconf 78' lang='grc' dir='ltr'>ἄλλοις</span> <span class='ocrx_word' id='word_1_414' title='bbox 1688 659 1874 693; x_wconf 75' lang='grc' dir='ltr'>κατεξήτασεν,</span> <span class='ocrx_word' id='word_1_415' title='bbox 1893 661 1931 691; x_wconf 78' lang='grc' dir='ltr'>ὡς</span> 
     </span>
    </p>
   </div>
   <div class='ocr_carea' id='block_1_66' title="bbox 1122 702 1929 740">
    <p class='ocr_par' dir='ltr' id='par_1_66' title="bbox 1122 702 1929 740">
     <span class='ocr_line' id='line_1_66' title="bbox 1122 702 1929 740; baseline 0.001 -10"><span class='ocrx_word' id='word_1_416' title='bbox 1122 706 1219 730; x_wconf 83' lang='grc' dir='ltr'>πτοῑὼν</span> <span class='ocrx_word' id='word_1_417' title='bbox 1242 704 1255 730; x_wconf 82' lang='grc' dir='ltr'>ὁ</span> <span class='ocrx_word' id='word_1_418' title='bbox 1283 704 1357 740; x_wconf 83' lang='grc' dir='ltr'><strong>λόγος</strong></span> <span class='ocrx_word' id='word_1_419' title='bbox 1384 703 1511 734; x_wconf 81' lang='grc' dir='ltr'>δηλώσει.</span> <span class='ocrx_word' id='word_1_420' title='bbox 1534 705 1593 731; x_wconf 85' lang='grc' dir='ltr'>Ἐπὶ</span> <span class='ocrx_word' id='word_1_421' title='bbox 1609 702 1639 731; x_wconf 74' lang='grc' dir='ltr'><strong>δε</strong></span> <span class='ocrx_word' id='word_1_422' title='bbox 1668 704 1732 730; x_wconf 76' lang='grc' dir='ltr'>τίλει</span> <span class='ocrx_word' id='word_1_423' title='bbox 1760 707 1807 735; x_wconf 79' lang='grc' dir='ltr'>τῆς</span> <span class='ocrx_word' id='word_1_424' title='bbox 1835 705 1929 740; x_wconf 69' lang='grc' dir='ltr'>ἱποχί-</span> 
     </span>
    </p>
   </div>
   <div class='ocr_carea' id='block_1_67' title="bbox 1124 747 1927 786">
    <p class='ocr_par' dir='ltr' id='par_1_67' title="bbox 1124 747 1927 786">
     <span class='ocr_line' id='line_1_67' title="bbox 1124 747 1927 786; baseline -0.001 -11"><span class='ocrx_word' id='word_1_425' title='bbox 1124 758 1188 779; x_wconf 87' lang='grc' dir='ltr'>σεως</span> <span class='ocrx_word' id='word_1_426' title='bbox 1213 751 1326 778; x_wconf 83' lang='grc' dir='ltr'>ταυτησὶ</span> <span class='ocrx_word' id='word_1_427' title='bbox 1355 747 1385 778; x_wconf 81' lang='grc' dir='ltr'><strong>ἧν</strong></span> <span class='ocrx_word' id='word_1_428' title='bbox 1418 750 1431 775; x_wconf 85' lang='grc' dir='ltr'><strong><em>ὁ</em></strong></span> <span class='ocrx_word' id='word_1_429' title='bbox 1463 749 1588 786; x_wconf 84' lang='grc' dir='ltr'>βασιλευς</span> <span class='ocrx_word' id='word_1_430' title='bbox 1618 748 1735 786; x_wconf 79' lang='grc' dir='ltr'>εἰρηκώς,</span> <span class='ocrx_word' id='word_1_431' title='bbox 1764 747 1850 785; x_wconf 70' lang='grc' dir='ltr'>κάμοῦ</span> <span class='ocrx_word' id='word_1_432' title='bbox 1876 753 1927 774; x_wconf 80' lang='grc' dir='ltr'><strong>τῶν</strong></span> 
     </span>
    </p>
   </div>
   <div class='ocr_carea' id='block_1_68' title="bbox 1122 791 1930 830">
    <p class='ocr_par' dir='ltr' id='par_1_68' title="bbox 1122 791 1930 830">
     <span class='ocr_line' id='line_1_68' title="bbox 1122 791 1930 830; baseline 0 -11"><span class='ocrx_word' id='word_1_433' title='bbox 1122 793 1203 829; x_wconf 87' lang='grc' dir='ltr'>λόγων</span> <span class='ocrx_word' id='word_1_434' title='bbox 1218 793 1392 830; x_wconf 78' lang='grc' dir='ltr'>ἀκροωμένου,</span> <span class='ocrx_word' id='word_1_435' title='bbox 1410 804 1424 819; x_wconf 88' lang='lat'><strong><em>«</em></strong></span> <span class='ocrx_word' id='word_1_436' title='bbox 1445 794 1481 821; x_wconf 77' lang='grc' dir='ltr'><strong>Αἱ</strong></span> <span class='ocrx_word' id='word_1_437' title='bbox 1508 793 1623 827; x_wconf 75' lang='grc' dir='ltr'>ἰλεεινὸν,</span> <span class='ocrx_word' id='word_1_438' title='bbox 1657 793 1713 824; x_wconf 82' lang='grc' dir='ltr'>οἲας</span> <span class='ocrx_word' id='word_1_439' title='bbox 1735 791 1815 825; x_wconf 80' lang='grc' dir='ltr'><strong>δόξης</strong></span> <span class='ocrx_word' id='word_1_440' title='bbox 1839 792 1930 825; x_wconf 71' lang='grc' dir='ltr'><strong>ἐξέπε-</strong></span> 
     </span>
    </p>
   </div>
   <div class='ocr_carea' id='block_1_69' title="bbox 1123 836 1931 876">
    <p class='ocr_par' dir='ltr' id='par_1_69' title="bbox 1123 836 1931 876">
     <span class='ocr_line' id='line_1_69' title="bbox 1123 836 1931 876; baseline -0.001 -11"><span class='ocrx_word' id='word_1_441' title='bbox 1123 848 1175 870; x_wconf 77' lang='grc' dir='ltr'>σες,</span> <span class='ocrx_word' id='word_1_442' title='bbox 1189 848 1203 863; x_wconf 76' lang='lat' dir='ltr'><strong>n</strong></span> <span class='ocrx_word' id='word_1_443' title='bbox 1216 840 1251 865; x_wconf 88' lang='grc' dir='ltr'><strong>Τὸ</strong></span> <span class='ocrx_word' id='word_1_444' title='bbox 1267 837 1297 865; x_wconf 67' lang='grc' dir='ltr'><strong>δί</strong></span> <span class='ocrx_word' id='word_1_445' title='bbox 1313 837 1343 868; x_wconf 85' lang='grc' dir='ltr'>ἦν</span> <span class='ocrx_word' id='word_1_446' title='bbox 1357 839 1397 865; x_wconf 85' lang='grc' dir='ltr'>ὅτι</span> <span class='ocrx_word' id='word_1_447' title='bbox 1417 848 1464 875; x_wconf 90' lang='grc' dir='ltr'><strong>περ</strong></span> <span class='ocrx_word' id='word_1_448' title='bbox 1485 840 1552 876; x_wconf 86' lang='grc' dir='ltr'>πρὸς</span> <span class='ocrx_word' id='word_1_449' title='bbox 1581 838 1734 875; x_wconf 76' lang='grc' dir='ltr'><strong>βουλήσεως</strong></span> <span class='ocrx_word' id='word_1_450' title='bbox 1755 836 1786 867; x_wconf 83' lang='grc' dir='ltr'><strong>ἦν</strong></span> <span class='ocrx_word' id='word_1_451' title='bbox 1812 841 1848 873; x_wconf 80' lang='grc' dir='ltr'>τῷ</span> <span class='ocrx_word' id='word_1_452' title='bbox 1873 836 1931 874; x_wconf 82' lang='grc' dir='ltr'>βα-</span> 
     </span>
    </p>
   </div>
   <div class='ocr_carea' id='block_1_70' title="bbox 1123 882 1933 919">
    <p class='ocr_par' dir='ltr' id='par_1_70' title="bbox 1123 882 1933 919">
     <span class='ocr_line' id='line_1_70' title="bbox 1123 882 1933 919; baseline -0.001 -10"><span class='ocrx_word' id='word_1_453' title='bbox 1123 883 1190 909; x_wconf 88' lang='grc' dir='ltr'>σιλεῖ</span> <span class='ocrx_word' id='word_1_454' title='bbox 1206 885 1253 912; x_wconf 80' lang='grc' dir='ltr'>τήν</span> <span class='ocrx_word' id='word_1_455' title='bbox 1280 882 1388 919; x_wconf 72' lang='grc' dir='ltr'>ἓγγόνην</span> <span class='ocrx_word' id='word_1_456' title='bbox 1411 883 1501 915; x_wconf 76' lang='grc' dir='ltr'>αὐτοῦ,</span> <span class='ocrx_word' id='word_1_457' title='bbox 1526 884 1573 912; x_wconf 78' lang='grc' dir='ltr'>τὴν</span> <span class='ocrx_word' id='word_1_458' title='bbox 1601 885 1706 919; x_wconf 85' lang='grc' dir='ltr'>πρώτην</span> <span class='ocrx_word' id='word_1_459' title='bbox 1737 883 1868 919; x_wconf 75' lang='grc' dir='ltr'>θυγάτέρα</span> <span class='ocrx_word' id='word_1_460' title='bbox 1880 885 1933 908; x_wconf 82' lang='grc' dir='ltr'><strong>τοῦ</strong></span> 
     </span>
    </p>
   </div>
   <div class='ocr_carea' id='block_1_71' title="bbox 1121 924 1933 964">
    <p class='ocr_par' dir='ltr' id='par_1_71' title="bbox 1121 924 1933 964">
     <span class='ocr_line' id='line_1_71' title="bbox 1121 924 1933 964; baseline -0.002 -10"><span class='ocrx_word' id='word_1_461' title='bbox 1121 928 1179 954; x_wconf 85' lang='grc' dir='ltr'><strong>υἱοῦ</strong></span> <span class='ocrx_word' id='word_1_462' title='bbox 1212 927 1292 954; x_wconf 82' lang='grc' dir='ltr'>αὐτοῦ</span> <span class='ocrx_word' id='word_1_463' title='bbox 1325 931 1372 954; x_wconf 87' lang='grc' dir='ltr'><strong>τοῦ</strong></span> <span class='ocrx_word' id='word_1_464' title='bbox 1400 927 1527 964; x_wconf 70' lang='grc' dir='ltr'>βασιλέως</span> <span class='ocrx_word' id='word_1_465' title='bbox 1561 924 1699 963; x_wconf 78' lang='grc' dir='ltr'><strong>Θεοδώρου</strong></span> <span class='ocrx_word' id='word_1_466' title='bbox 1727 928 1775 955; x_wconf 86' lang='grc' dir='ltr'>τὴν</span> <span class='ocrx_word' id='word_1_467' title='bbox 1801 926 1933 963; x_wconf 75' lang='grc' dir='ltr'>Εἰρήνην,</span> 
     </span>
    </p>
   </div>
   <div class='ocr_carea' id='block_1_72' title="bbox 1121 970 1935 1009">
    <p class='ocr_par' dir='ltr' id='par_1_72' title="bbox 1121 970 1935 1009">
     <span class='ocr_line' id='line_1_72' title="bbox 1121 970 1935 1009; baseline 0 -11"><span class='ocrx_word' id='word_1_468' title='bbox 1121 970 1257 999; x_wconf 81' lang='grc' dir='ltr'>ἐπιδοῦναι</span> <span class='ocrx_word' id='word_1_469' title='bbox 1283 976 1320 998; x_wconf 84' lang='grc' dir='ltr'>τῶ</span> <span class='ocrx_word' id='word_1_470' title='bbox 1346 976 1471 1009; x_wconf 79' lang='grc' dir='ltr'>Κομνηνῷ</span> <span class='ocrx_word' id='word_1_471' title='bbox 1495 971 1606 1007; x_wconf 83' lang='grc' dir='ltr'>Μιχαὴλ</span> <span class='ocrx_word' id='word_1_472' title='bbox 1635 970 1671 1002; x_wconf 77' lang='grc' dir='ltr'><strong>εἰς</strong></span> <span class='ocrx_word' id='word_1_473' title='bbox 1701 971 1845 1006; x_wconf 81' lang='grc' dir='ltr'>ὁμόκοιτιν.</span> <span class='ocrx_word' id='word_1_474' title='bbox 1874 970 1935 998; x_wconf 76' lang='grc' dir='ltr'><strong>Ἠν</strong></span> 
     </span>
    </p>
   </div>
   <div class='ocr_carea' id='block_1_73' title="bbox 1121 1012 1932 1054">
    <p class='ocr_par' dir='ltr' id='par_1_73' title="bbox 1121 1012 1932 1054">
     <span class='ocr_line' id='line_1_73' title="bbox 1121 1012 1932 1054; baseline -0.004 -11"><span class='ocrx_word' id='word_1_475' title='bbox 1121 1015 1150 1043; x_wconf 66' lang='grc' dir='ltr'><strong>δε</strong></span> <span class='ocrx_word' id='word_1_476' title='bbox 1169 1016 1234 1045; x_wconf 81' lang='grc' dir='ltr'>αὕτη</span> <span class='ocrx_word' id='word_1_477' title='bbox 1258 1019 1324 1054; x_wconf 86' lang='grc' dir='ltr'>πρὸς</span> <span class='ocrx_word' id='word_1_478' title='bbox 1347 1018 1391 1043; x_wconf 86' lang='grc' dir='ltr'>τὸν</span> <span class='ocrx_word' id='word_1_479' title='bbox 1423 1015 1534 1052; x_wconf 77' lang='grc' dir='ltr'>Μιχαὴλ</span> <span class='ocrx_word' id='word_1_480' title='bbox 1559 1014 1653 1051; x_wconf 77' lang='grc' dir='ltr'>ἀνεψιὰ</span> <span class='ocrx_word' id='word_1_481' title='bbox 1686 1012 1932 1051; x_wconf 77' lang='grc' dir='ltr'>δευτερεξαδίλφου</span> 
     </span>
    </p>
   </div>
   <div class='ocr_carea' id='block_1_74' title="bbox 1120 1058 1924 1097">
    <p class='ocr_par' dir='ltr' id='par_1_74' title="bbox 1120 1058 1924 1097">
     <span class='ocr_line' id='line_1_74' title="bbox 1120 1058 1924 1097; baseline -0.004 -10"><span class='ocrx_word' id='word_1_482' title='bbox 1120 1061 1248 1097; x_wconf 81' lang='grc' dir='ltr'>θυγάτηρ.</span> <span class='ocrx_word' id='word_1_483' title='bbox 1273 1061 1351 1087; x_wconf 84' lang='grc' dir='ltr'>Ἀλλὰ</span> <span class='ocrx_word' id='word_1_484' title='bbox 1377 1064 1453 1087; x_wconf 75' lang='grc' dir='ltr'>τοῦτο</span> <span class='ocrx_word' id='word_1_485' title='bbox 1480 1063 1525 1086; x_wconf 85' lang='grc' dir='ltr'>καὶ</span> <span class='ocrx_word' id='word_1_486' title='bbox 1547 1060 1589 1086; x_wconf 73' lang='grc' dir='ltr'><strong>ἐπὶ</strong></span> <span class='ocrx_word' id='word_1_487' title='bbox 1618 1063 1655 1094; x_wconf 83' lang='grc' dir='ltr'>τῷ</span> <span class='ocrx_word' id='word_1_488' title='bbox 1679 1058 1784 1095; x_wconf 84' lang='grc' dir='ltr'>βασιλεῖ</span> <span class='ocrx_word' id='word_1_489' title='bbox 1809 1058 1924 1095; x_wconf 80' lang='grc' dir='ltr'>Ἰωάννῃ</span> 
     </span>
    </p>
   </div>
   <div class='ocr_carea' id='block_1_75' title="bbox 1119 1103 1934 1140">
    <p class='ocr_par' dir='ltr' id='par_1_75' title="bbox 1119 1103 1934 1140">
     <span class='ocr_line' id='line_1_75' title="bbox 1119 1103 1934 1140; baseline -0.002 -9"><span class='ocrx_word' id='word_1_490' title='bbox 1119 1104 1213 1140; x_wconf 72' lang='grc' dir='ltr'>εγενετο</span> <span class='ocrx_word' id='word_1_491' title='bbox 1225 1107 1270 1131; x_wconf 86' lang='grc' dir='ltr'><strong>καὶ</strong></span> <span class='ocrx_word' id='word_1_492' title='bbox 1285 1104 1309 1131; x_wconf 75' lang='grc' dir='ltr'>ἕν</span> <span class='ocrx_word' id='word_1_493' title='bbox 1333 1105 1449 1131; x_wconf 84' lang='grc' dir='ltr'>πελίοσιν</span> <span class='ocrx_word' id='word_1_494' title='bbox 1473 1105 1570 1137; x_wconf 76' lang='grc' dir='ltr'>ἄλλοις,</span> <span class='ocrx_word' id='word_1_495' title='bbox 1597 1106 1642 1130; x_wconf 86' lang='grc' dir='ltr'><strong>καὶ</strong></span> <span class='ocrx_word' id='word_1_496' title='bbox 1664 1103 1736 1130; x_wconf 72' lang='grc' dir='ltr'>εἴωθε</span> <span class='ocrx_word' id='word_1_497' title='bbox 1755 1104 1788 1129; x_wconf 87' lang='grc' dir='ltr'><strong>τά</strong></span> <span class='ocrx_word' id='word_1_498' title='bbox 1812 1106 1934 1129; x_wconf 77' lang='grc' dir='ltr'>τοιαῦτα</span> 
     </span>
    </p>
   </div>
   <div class='ocr_carea' id='block_1_76' title="bbox 603 1148 1933 1186">
    <p class='ocr_par' dir='ltr' id='par_1_76' title="bbox 603 1148 1933 1186">
     <span class='ocr_line' id='line_1_76' title="bbox 603 1148 1933 1186; baseline 0 -12"><span class='ocrx_word' id='word_1_499' title='bbox 603 1159 609 1165; x_wconf 62' lang='grc' dir='ltr'><em>υ</em></span> <span class='ocrx_word' id='word_1_500' title='bbox 640 1148 686 1174; x_wconf 77' lang='grc' dir='ltr'>κᾶν</span> <span class='ocrx_word' id='word_1_501' title='bbox 713 1150 763 1185; x_wconf 78' lang='grc' dir='ltr'>γὰρ</span> <span class='ocrx_word' id='word_1_502' title='bbox 795 1153 824 1185; x_wconf 78' lang='grc' dir='ltr'>τῇ</span> <span class='ocrx_word' id='word_1_503' title='bbox 850 1149 995 1185; x_wconf 76' lang='grc' dir='ltr'>Ἐκκλησία</span> <span class='ocrx_word' id='word_1_504' title='bbox 1026 1149 1179 1184; x_wconf 76' lang='grc' dir='ltr'>κεκώλυται,</span> <span class='ocrx_word' id='word_1_505' title='bbox 1209 1148 1274 1175; x_wconf 78' lang='grc' dir='ltr'>ἀλλὰ</span> <span class='ocrx_word' id='word_1_506' title='bbox 1304 1153 1360 1180; x_wconf 87' lang='grc' dir='ltr'>τοῖς</span> <span class='ocrx_word' id='word_1_507' title='bbox 1382 1149 1537 1186; x_wconf 83' lang='grc' dir='ltr'>βασιλεῦσιν</span> <span class='ocrx_word' id='word_1_508' title='bbox 1561 1148 1657 1185; x_wconf 78' lang='grc' dir='ltr'>ἰφεῖται</span> <span class='ocrx_word' id='word_1_509' title='bbox 1680 1150 1727 1179; x_wconf 76' lang='grc' dir='ltr'>τῆς</span> <span class='ocrx_word' id='word_1_510' title='bbox 1747 1151 1835 1179; x_wconf 80' lang='grc' dir='ltr'>κοινῆς</span> <span class='ocrx_word' id='word_1_511' title='bbox 1863 1157 1933 1184; x_wconf 81' lang='grc' dir='ltr'>προ-</span> 
     </span>
    </p>
   </div>
   <div class='ocr_carea' id='block_1_77' title="bbox 1155 1236 1931 1274">
    <p class='ocr_par' dir='ltr' id='par_1_77' title="bbox 1155 1236 1931 1274">
     <span class='ocr_line' id='line_1_77' title="bbox 1155 1236 1931 1274; baseline -0.001 -10"><span class='ocrx_word' id='word_1_512' title='bbox 1155 1248 1201 1266; x_wconf 87' lang='grc' dir='ltr'>να.</span> <span class='ocrx_word' id='word_1_513' title='bbox 1231 1241 1261 1264; x_wconf 87' lang='grc' dir='ltr'>Ὁ</span> <span class='ocrx_word' id='word_1_514' title='bbox 1285 1239 1330 1274; x_wconf 68' lang='grc' dir='ltr'>μὶν</span> <span class='ocrx_word' id='word_1_515' title='bbox 1353 1238 1377 1255; x_wconf 85' lang='grc'>³⁸</span> <span class='ocrx_word' id='word_1_516' title='bbox 1397 1236 1441 1263; x_wconf 78' lang='grc' dir='ltr'>οὖν</span> <span class='ocrx_word' id='word_1_517' title='bbox 1457 1237 1581 1274; x_wconf 79' lang='grc' dir='ltr'>βασιλεύς</span> <span class='ocrx_word' id='word_1_518' title='bbox 1596 1237 1692 1263; x_wconf 81' lang='grc' dir='ltr'>οὑτωσὶ</span> <span class='ocrx_word' id='word_1_519' title='bbox 1721 1237 1755 1263; x_wconf 86' lang='grc' dir='ltr'><strong>τὰ</strong></span> <span class='ocrx_word' id='word_1_520' title='bbox 1780 1241 1829 1267; x_wconf 87' lang='grc' dir='ltr'>τῆς</span> <span class='ocrx_word' id='word_1_521' title='bbox 1861 1237 1931 1263; x_wconf 76' lang='grc' dir='ltr'>ὐπο-</span> 
     </span>
    </p>
   </div>
   <div class='ocr_carea' id='block_1_78' title="bbox 1122 1280 1932 1318">
    <p class='ocr_par' dir='ltr' id='par_1_78' title="bbox 1122 1280 1932 1318">
     <span class='ocr_line' id='line_1_78' title="bbox 1122 1280 1932 1318; baseline -0.001 -9"><span class='ocrx_word' id='word_1_522' title='bbox 1122 1284 1215 1314; x_wconf 82' lang='grc' dir='ltr'>θέσεως</span> <span class='ocrx_word' id='word_1_523' title='bbox 1246 1281 1374 1313; x_wconf 81' lang='grc' dir='ltr'>διαλύσας</span> <span class='ocrx_word' id='word_1_524' title='bbox 1396 1282 1432 1313; x_wconf 86' lang='grc' dir='ltr'>εἰς</span> <span class='ocrx_word' id='word_1_525' title='bbox 1457 1284 1503 1311; x_wconf 82' lang='grc' dir='ltr'>τὴν</span> <span class='ocrx_word' id='word_1_526' title='bbox 1523 1282 1555 1308; x_wconf 76' lang='grc' dir='ltr'>ἕω</span> <span class='ocrx_word' id='word_1_527' title='bbox 1584 1281 1672 1318; x_wconf 78' lang='grc' dir='ltr'>ἀπῄει,</span> <span class='ocrx_word' id='word_1_528' title='bbox 1698 1282 1711 1308; x_wconf 82' lang='grc' dir='ltr'><strong><em>ὁ</em></strong></span> <span class='ocrx_word' id='word_1_529' title='bbox 1730 1280 1760 1308; x_wconf 69' lang='grc' dir='ltr'><strong>δε</strong></span> <span class='ocrx_word' id='word_1_530' title='bbox 1788 1283 1932 1318; x_wconf 75' lang='grc' dir='ltr'>Κομνηνός</span> 
     </span>
    </p>
   </div>
   <div class='ocr_carea' id='block_1_79' title="bbox 1120 1324 1928 1364">
    <p class='ocr_par' dir='ltr' id='par_1_79' title="bbox 1120 1324 1928 1364">
     <span class='ocr_line' id='line_1_79' title="bbox 1120 1324 1928 1364; baseline 0.001 -11"><span class='ocrx_word' id='word_1_531' title='bbox 1120 1327 1240 1363; x_wconf 79' lang='grc' dir='ltr'>Μιχαὴλ,</span> <span class='ocrx_word' id='word_1_532' title='bbox 1271 1328 1303 1357; x_wconf 84' lang='grc' dir='ltr'>ὡς</span> <span class='ocrx_word' id='word_1_533' title='bbox 1332 1327 1452 1364; x_wconf 80' lang='grc' dir='ltr'>εὶρήκειν,</span> <span class='ocrx_word' id='word_1_534' title='bbox 1479 1325 1645 1355; x_wconf 78' lang='grc' dir='ltr'>ύπεϐλέπετο.</span> <span class='ocrx_word' id='word_1_535' title='bbox 1671 1326 1741 1353; x_wconf 76' lang='grc' dir='ltr'>Ἐπεὶ</span> <span class='ocrx_word' id='word_1_536' title='bbox 1768 1324 1798 1353; x_wconf 66' lang='grc' dir='ltr'>δὲ</span> <span class='ocrx_word' id='word_1_537' title='bbox 1825 1328 1856 1353; x_wconf 84' lang='grc' dir='ltr'>τὸ</span> <span class='ocrx_word' id='word_1_538' title='bbox 1876 1331 1928 1354; x_wconf 81' lang='grc' dir='ltr'>τοῦ</span> 
     </span>
    </p>
   </div>
   <div class='ocr_carea' id='block_1_80' title="bbox 1119 1372 1931 1410">
    <p class='ocr_par' dir='ltr' id='par_1_80' title="bbox 1119 1372 1931 1410">
     <span class='ocr_line' id='line_1_80' title="bbox 1119 1372 1931 1410; baseline 0.002 -12"><span class='ocrx_word' id='word_1_539' title='bbox 1119 1375 1207 1408; x_wconf 79' lang='grc' dir='ltr'>γένους</span> <span class='ocrx_word' id='word_1_540' title='bbox 1234 1374 1368 1410; x_wconf 75' lang='grc' dir='ltr'>περιφανες</span> <span class='ocrx_word' id='word_1_541' title='bbox 1395 1374 1439 1398; x_wconf 83' lang='grc' dir='ltr'>καὶ</span> <span class='ocrx_word' id='word_1_542' title='bbox 1475 1374 1538 1409; x_wconf 86' lang='grc' dir='ltr'>πρός</span> <span class='ocrx_word' id='word_1_543' title='bbox 1566 1372 1643 1398; x_wconf 74' lang='grc' dir='ltr'>αὑτὸν</span> <span class='ocrx_word' id='word_1_544' title='bbox 1678 1373 1807 1408; x_wconf 69' lang='grc' dir='ltr'>συγγινὶς,</span> <span class='ocrx_word' id='word_1_545' title='bbox 1836 1374 1873 1399; x_wconf 79' lang='grc' dir='ltr'>ἔτι</span> <span class='ocrx_word' id='word_1_546' title='bbox 1896 1384 1931 1410; x_wconf 79' lang='grc' dir='ltr'><strong>’γε</strong></span> 
     </span>
    </p>
   </div>
   <div class='ocr_carea' id='block_1_81' title="bbox 1120 1416 1930 1453">
    <p class='ocr_par' dir='ltr' id='par_1_81' title="bbox 1120 1416 1930 1453">
     <span class='ocr_line' id='line_1_81' title="bbox 1120 1416 1930 1453; baseline -0.001 -10"><span class='ocrx_word' id='word_1_547' title='bbox 1120 1419 1171 1453; x_wconf 82' lang='grc' dir='ltr'>μὴν</span> <span class='ocrx_word' id='word_1_548' title='bbox 1201 1418 1230 1443; x_wconf 87' lang='grc' dir='ltr'>τὸ</span> <span class='ocrx_word' id='word_1_549' title='bbox 1259 1418 1324 1452; x_wconf 82' lang='grc' dir='ltr'>πρὸς</span> <span class='ocrx_word' id='word_1_550' title='bbox 1348 1418 1407 1447; x_wconf 78' lang='grc' dir='ltr'>τούς</span> <span class='ocrx_word' id='word_1_551' title='bbox 1430 1417 1557 1453; x_wconf 83' lang='grc' dir='ltr'>μεγάλους</span> <span class='ocrx_word' id='word_1_552' title='bbox 1578 1419 1683 1452; x_wconf 83' lang='grc' dir='ltr'>γνήσιον</span> <span class='ocrx_word' id='word_1_553' title='bbox 1704 1418 1798 1442; x_wconf 87' lang='grc' dir='ltr'>τούτου</span> <span class='ocrx_word' id='word_1_554' title='bbox 1824 1416 1870 1448; x_wconf 74' lang='grc' dir='ltr'><strong>οὖς</strong></span> <span class='ocrx_word' id='word_1_555' title='bbox 1884 1418 1930 1443; x_wconf 81' lang='grc' dir='ltr'><strong>εἴα</strong></span> 
     </span>
    </p>
   </div>
   <div class='ocr_carea' id='block_1_82' title="bbox 1119 1460 1926 1499">
    <p class='ocr_par' dir='ltr' id='par_1_82' title="bbox 1119 1460 1926 1499">
     <span class='ocr_line' id='line_1_82' title="bbox 1119 1460 1926 1499; baseline 0 -12"><span class='ocrx_word' id='word_1_556' title='bbox 1119 1463 1163 1487; x_wconf 90' lang='grc' dir='ltr'>τὸν</span> <span class='ocrx_word' id='word_1_557' title='bbox 1195 1460 1307 1498; x_wconf 69' lang='grc' dir='ltr'>βασιλέα</span> <span class='ocrx_word' id='word_1_558' title='bbox 1325 1461 1349 1487; x_wconf 73' lang='grc' dir='ltr'>ἓν</span> <span class='ocrx_word' id='word_1_559' title='bbox 1382 1463 1566 1499; x_wconf 77' lang='grc' dir='ltr'>περιφρονήσει</span> <span class='ocrx_word' id='word_1_560' title='bbox 1594 1463 1677 1498; x_wconf 76' lang='grc' dir='ltr'>φέρειν</span> <span class='ocrx_word' id='word_1_561' title='bbox 1691 1462 1724 1487; x_wconf 82' lang='grc' dir='ltr'><strong>τὰ</strong></span> <span class='ocrx_word' id='word_1_562' title='bbox 1747 1460 1806 1487; x_wconf 74' lang='grc' dir='ltr'>κατ’</span> <span class='ocrx_word' id='word_1_563' title='bbox 1833 1461 1926 1495; x_wconf 74' lang='grc' dir='ltr'>αὑτὸν,</span> 
     </span>
    </p>
   </div>
   <div class='ocr_carea' id='block_1_83' title="bbox 1118 1505 1927 1543">
    <p class='ocr_par' dir='ltr' id='par_1_83' title="bbox 1118 1505 1927 1543">
     <span class='ocr_line' id='line_1_83' title="bbox 1118 1505 1927 1543; baseline 0 -11"><span class='ocrx_word' id='word_1_564' title='bbox 1118 1508 1144 1532; x_wconf 91' lang='grc' dir='ltr'><strong>τί</strong></span> <span class='ocrx_word' id='word_1_565' title='bbox 1163 1509 1233 1532; x_wconf 88' lang='grc' dir='ltr'>ποιεῖ</span> <span class='ocrx_word' id='word_1_566' title='bbox 1259 1515 1266 1541; x_wconf 86' lang='grc'>;</span> <span class='ocrx_word' id='word_1_567' title='bbox 1289 1505 1387 1532; x_wconf 80' lang='grc' dir='ltr'>Στίλλει</span> <span class='ocrx_word' id='word_1_568' title='bbox 1415 1509 1506 1532; x_wconf 72' lang='grc' dir='ltr'>τοῦτον</span> <span class='ocrx_word' id='word_1_569' title='bbox 1534 1507 1598 1543; x_wconf 87' lang='grc' dir='ltr'>πρὸς</span> <span class='ocrx_word' id='word_1_570' title='bbox 1622 1506 1667 1532; x_wconf 85' lang='grc' dir='ltr'>τὸν</span> <span class='ocrx_word' id='word_1_571' title='bbox 1686 1506 1869 1543; x_wconf 79' lang='grc' dir='ltr'>πατριάρχην.</span> <span class='ocrx_word' id='word_1_572' title='bbox 1894 1505 1927 1532; x_wconf 87' lang='grc' dir='ltr'>ὐ</span> 
     </span>
    </p>
   </div>
   <div class='ocr_carea' id='block_1_84' title="bbox 1118 1548 1925 1588">
    <p class='ocr_par' dir='ltr' id='par_1_84' title="bbox 1118 1548 1925 1588">
     <span class='ocr_line' id='line_1_84' title="bbox 1118 1548 1925 1588; baseline -0.001 -11"><span class='ocrx_word' id='word_1_573' title='bbox 1118 1550 1242 1580; x_wconf 80' lang='grc' dir='ltr'>Μανουὴλ</span> <span class='ocrx_word' id='word_1_574' title='bbox 1269 1550 1309 1587; x_wconf 90' lang='grc'><strong>(8)</strong></span> <span class='ocrx_word' id='word_1_575' title='bbox 1331 1548 1361 1579; x_wconf 81' lang='grc' dir='ltr'>ἧν</span> <span class='ocrx_word' id='word_1_576' title='bbox 1388 1552 1446 1577; x_wconf 77' lang='grc' dir='ltr'>τότε</span> <span class='ocrx_word' id='word_1_577' title='bbox 1468 1551 1502 1576; x_wconf 84' lang='grc' dir='ltr'>τὰ</span> <span class='ocrx_word' id='word_1_578' title='bbox 1527 1554 1573 1581; x_wconf 84' lang='grc' dir='ltr'>τῆς</span> <span class='ocrx_word' id='word_1_579' title='bbox 1601 1552 1784 1588; x_wconf 82' lang='grc' dir='ltr'>πατριαρχίας</span> <span class='ocrx_word' id='word_1_580' title='bbox 1800 1548 1925 1577; x_wconf 79' lang='grc' dir='ltr'>διιθὺνων</span> 
     </span>
    </p>
   </div>
   <div class='ocr_carea' id='block_1_85' title="bbox 1118 1593 1921 1633">
    <p class='ocr_par' dir='ltr' id='par_1_85' title="bbox 1118 1593 1921 1633">
     <span class='ocr_line' id='line_1_85' title="bbox 1118 1593 1921 1633; baseline -0.001 -12"><span class='ocrx_word' id='word_1_581' title='bbox 1118 1593 1247 1629; x_wconf 73' lang='grc' dir='ltr'>πηδάλια,</span> <span class='ocrx_word' id='word_1_582' title='bbox 1271 1593 1335 1633; x_wconf 77' lang='grc' dir='ltr'>ἀνὴρ</span> <span class='ocrx_word' id='word_1_583' title='bbox 1372 1594 1496 1626; x_wconf 82' lang='grc' dir='ltr'>εὖλαϐοῡς</span> <span class='ocrx_word' id='word_1_584' title='bbox 1532 1597 1577 1622; x_wconf 80' lang='grc' dir='ltr'>καὶ</span> <span class='ocrx_word' id='word_1_585' title='bbox 1612 1594 1673 1632; x_wconf 84' lang='grc' dir='ltr'>βίου</span> <span class='ocrx_word' id='word_1_586' title='bbox 1714 1598 1758 1622; x_wconf 77' lang='grc' dir='ltr'>καὶ</span> <span class='ocrx_word' id='word_1_587' title='bbox 1794 1594 1921 1624; x_wconf 77' lang='grc' dir='ltr'>πολιτείας</span> 
     </span>
    </p>
   </div>
   <div class='ocr_carea' id='block_1_86' title="bbox 1119 1638 1918 1676">
    <p class='ocr_par' dir='ltr' id='par_1_86' title="bbox 1119 1638 1918 1676">
     <span class='ocr_line' id='line_1_86' title="bbox 1119 1638 1918 1676; baseline -0.003 -10"><span class='ocrx_word' id='word_1_588' title='bbox 1119 1643 1222 1675; x_wconf 82' lang='grc' dir='ltr'>σεμνῆς,</span> <span class='ocrx_word' id='word_1_589' title='bbox 1247 1639 1269 1666; x_wconf 83' lang='grc' dir='ltr'>εἰ</span> <span class='ocrx_word' id='word_1_590' title='bbox 1292 1642 1337 1666; x_wconf 81' lang='grc' dir='ltr'>καὶ</span> <span class='ocrx_word' id='word_1_591' title='bbox 1364 1641 1469 1676; x_wconf 78' lang='grc' dir='ltr'>γυναικὶ</span> <span class='ocrx_word' id='word_1_592' title='bbox 1502 1640 1643 1676; x_wconf 77' lang='grc' dir='ltr'>συνεζύγη,</span> <span class='ocrx_word' id='word_1_593' title='bbox 1665 1639 1746 1671; x_wconf 73' lang='grc' dir='ltr'>ἄλλως</span> <span class='ocrx_word' id='word_1_594' title='bbox 1770 1638 1798 1666; x_wconf 64' lang='grc' dir='ltr'>δὲ</span> <span class='ocrx_word' id='word_1_595' title='bbox 1821 1638 1850 1665; x_wconf 83' lang='grc' dir='ltr'><strong>οὐ</strong></span> <span class='ocrx_word' id='word_1_596' title='bbox 1870 1647 1918 1665; x_wconf 86' lang='grc' dir='ltr'>πε-</span> 
     </span>
    </p>
   </div>
   <div class='ocr_carea' id='block_1_87' title="bbox 1117 1682 1921 1721">
    <p class='ocr_par' dir='ltr' id='par_1_87' title="bbox 1117 1682 1921 1721">
     <span class='ocr_line' id='line_1_87' title="bbox 1117 1682 1921 1721; baseline 0.001 -11"><span class='ocrx_word' id='word_1_597' title='bbox 1117 1686 1267 1720; x_wconf 76' lang='grc' dir='ltr'>πειραμίνος</span> <span class='ocrx_word' id='word_1_598' title='bbox 1291 1685 1464 1721; x_wconf 74' lang='grc' dir='ltr'>γραμμάτων,</span> <span class='ocrx_word' id='word_1_599' title='bbox 1498 1683 1560 1711; x_wconf 62' lang='grc' dir='ltr'>οὐδε</span> <span class='ocrx_word' id='word_1_600' title='bbox 1592 1685 1626 1710; x_wconf 85' lang='grc' dir='ltr'>ὧν</span> <span class='ocrx_word' id='word_1_601' title='bbox 1661 1684 1828 1721; x_wconf 79' lang='grc' dir='ltr'>ἀνεγίνωσκεν</span> <span class='ocrx_word' id='word_1_602' title='bbox 1862 1682 1921 1710; x_wconf 75' lang='grc' dir='ltr'>ἆνε-</span> 
     </span>
    </p>
   </div>
   <div class='ocr_carea' id='block_1_88' title="bbox 1116 1728 1920 1767">
    <p class='ocr_par' dir='ltr' id='par_1_88' title="bbox 1116 1728 1920 1767">
     <span class='ocr_line' id='line_1_88' title="bbox 1116 1728 1920 1767; baseline 0 -13"><span class='ocrx_word' id='word_1_603' title='bbox 1116 1728 1208 1755; x_wconf 84' lang='grc' dir='ltr'>λίττων</span> <span class='ocrx_word' id='word_1_604' title='bbox 1224 1730 1271 1758; x_wconf 80' lang='grc' dir='ltr'>τὴν</span> <span class='ocrx_word' id='word_1_605' title='bbox 1282 1730 1388 1756; x_wconf 78' lang='grc' dir='ltr'>ἔννοιαν.</span> <span class='ocrx_word' id='word_1_606' title='bbox 1411 1731 1462 1755; x_wconf 77' lang='grc' dir='ltr'><strong>Καὶ</strong></span> <span class='ocrx_word' id='word_1_607' title='bbox 1476 1729 1569 1766; x_wconf 76' lang='grc' dir='ltr'>γράφει</span> <span class='ocrx_word' id='word_1_608' title='bbox 1586 1731 1649 1767; x_wconf 76' lang='grc' dir='ltr'>πρὸς</span> <span class='ocrx_word' id='word_1_609' title='bbox 1670 1731 1761 1756; x_wconf 83' lang='grc' dir='ltr'>τοῦτόν</span> <span class='ocrx_word' id='word_1_610' title='bbox 1794 1730 1806 1755; x_wconf 80' lang='grc' dir='ltr'><strong><em>ὁ</em></strong></span> <span class='ocrx_word' id='word_1_611' title='bbox 1838 1728 1920 1766; x_wconf 84' lang='grc' dir='ltr'>βασι-</span> 
     </span>
    </p>
   </div>
   <div class='ocr_carea' id='block_1_89' title="bbox 1115 1772 1924 1811">
    <p class='ocr_par' dir='ltr' id='par_1_89' title="bbox 1115 1772 1924 1811">
     <span class='ocr_line' id='line_1_89' title="bbox 1115 1772 1924 1811; baseline 0.001 -12"><span class='ocrx_word' id='word_1_612' title='bbox 1115 1773 1173 1804; x_wconf 85' lang='grc' dir='ltr'>λεὺς</span> <span class='ocrx_word' id='word_1_613' title='bbox 1192 1772 1327 1810; x_wconf 72' lang='grc' dir='ltr'>ἐπιτιμίων</span> <span class='ocrx_word' id='word_1_614' title='bbox 1350 1773 1539 1800; x_wconf 83' lang='grc' dir='ltr'>καθυποϐαλεῖν</span> <span class='ocrx_word' id='word_1_615' title='bbox 1569 1776 1612 1800; x_wconf 80' lang='grc' dir='ltr'>τὸν</span> <span class='ocrx_word' id='word_1_616' title='bbox 1642 1776 1776 1811; x_wconf 80' lang='grc' dir='ltr'>Κομνηνὸν</span> <span class='ocrx_word' id='word_1_617' title='bbox 1808 1773 1924 1810; x_wconf 74' lang='grc' dir='ltr'>Μιχαὴλ</span> 
     </span>
    </p>
   </div>
   <div class='ocr_carea' id='block_1_90' title="bbox 1115 1816 1925 1855">
    <p class='ocr_par' dir='ltr' id='par_1_90' title="bbox 1115 1816 1925 1855">
     <span class='ocr_line' id='line_1_90' title="bbox 1115 1816 1925 1855; baseline 0.002 -12"><span class='ocrx_word' id='word_1_618' title='bbox 1115 1820 1160 1843; x_wconf 84' lang='grc' dir='ltr'>καὶ</span> <span class='ocrx_word' id='word_1_619' title='bbox 1174 1817 1258 1854; x_wconf 87' lang='grc' dir='ltr'>ὁρκοις</span> <span class='ocrx_word' id='word_1_620' title='bbox 1272 1818 1349 1844; x_wconf 74' lang='grc' dir='ltr'>αὐτὸν</span> <span class='ocrx_word' id='word_1_621' title='bbox 1362 1816 1525 1854; x_wconf 76' lang='grc' dir='ltr'>ἑμπεδὼσαι,</span> <span class='ocrx_word' id='word_1_622' title='bbox 1552 1820 1588 1855; x_wconf 80' lang='grc' dir='ltr'>μὴ</span> <span class='ocrx_word' id='word_1_623' title='bbox 1612 1818 1643 1844; x_wconf 78' lang='grc' dir='ltr'><strong>ἄν</strong></span> <span class='ocrx_word' id='word_1_624' title='bbox 1670 1828 1733 1845; x_wconf 86' lang='grc' dir='ltr'>ποτε</span> <span class='ocrx_word' id='word_1_625' title='bbox 1756 1818 1925 1855; x_wconf 82' lang='grc' dir='ltr'>βουληθῆναι</span> 
     </span>
    </p>
   </div>
   <div class='ocr_carea' id='block_1_91' title="bbox 1116 1862 1925 1900">
    <p class='ocr_par' dir='ltr' id='par_1_91' title="bbox 1116 1862 1925 1900">
     <span class='ocr_line' id='line_1_91' title="bbox 1116 1862 1925 1900; baseline 0.002 -12"><span class='ocrx_word' id='word_1_626' title='bbox 1116 1862 1238 1889; x_wconf 82' lang='grc' dir='ltr'>ἀπιστίαν</span> <span class='ocrx_word' id='word_1_627' title='bbox 1269 1864 1337 1889; x_wconf 80' lang='grc' dir='ltr'>κατὰ</span> <span class='ocrx_word' id='word_1_628' title='bbox 1360 1866 1406 1888; x_wconf 83' lang='grc' dir='ltr'><strong>τοῦ</strong></span> <span class='ocrx_word' id='word_1_629' title='bbox 1436 1862 1565 1899; x_wconf 80' lang='grc' dir='ltr'>βασιλέως</span> <span class='ocrx_word' id='word_1_630' title='bbox 1598 1863 1750 1900; x_wconf 81' lang='grc' dir='ltr'>μελετῆσαι,</span> <span class='ocrx_word' id='word_1_631' title='bbox 1784 1863 1925 1900; x_wconf 76' lang='grc' dir='ltr'>φυλάττειν</span> 
     </span>
    </p>
   </div>
   <div class='ocr_carea' id='block_1_92' title="bbox 1116 1905 1924 1944">
    <p class='ocr_par' dir='ltr' id='par_1_92' title="bbox 1116 1905 1924 1944">
     <span class='ocr_line' id='line_1_92' title="bbox 1116 1905 1924 1944; baseline 0.001 -11"><span class='ocrx_word' id='word_1_632' title='bbox 1116 1905 1146 1933; x_wconf 73' lang='grc' dir='ltr'>δὲ</span> <span class='ocrx_word' id='word_1_633' title='bbox 1165 1908 1281 1943; x_wconf 82' lang='grc' dir='ltr'>καθαρὰν</span> <span class='ocrx_word' id='word_1_634' title='bbox 1306 1907 1386 1933; x_wconf 75' lang='grc' dir='ltr'>αὐτοῦ</span> <span class='ocrx_word' id='word_1_635' title='bbox 1402 1909 1449 1936; x_wconf 85' lang='grc' dir='ltr'>τήν</span> <span class='ocrx_word' id='word_1_636' title='bbox 1467 1909 1531 1944; x_wconf 87' lang='grc' dir='ltr'>πρὸς</span> <span class='ocrx_word' id='word_1_637' title='bbox 1553 1909 1597 1933; x_wconf 87' lang='grc' dir='ltr'>τὸν</span> <span class='ocrx_word' id='word_1_638' title='bbox 1626 1912 1771 1944; x_wconf 85' lang='grc' dir='ltr'>κρατοῦντα</span> <span class='ocrx_word' id='word_1_639' title='bbox 1791 1907 1924 1935; x_wconf 83' lang='grc' dir='ltr'>διάθεσιν.</span> 
     </span>
    </p>
   </div>
   <div class='ocr_carea' id='block_1_93' title="bbox 1115 1952 1926 1990">
    <p class='ocr_par' dir='ltr' id='par_1_93' title="bbox 1115 1952 1926 1990">
     <span class='ocr_line' id='line_1_93' title="bbox 1115 1952 1926 1990; baseline 0.001 -12"><span class='ocrx_word' id='word_1_640' title='bbox 1115 1952 1211 1988; x_wconf 78' lang='grc' dir='ltr'><strong>[Ρ.55]</strong></span> <span class='ocrx_word' id='word_1_641' title='bbox 1227 1954 1315 1988; x_wconf 73' lang='grc' dir='ltr'>Γέγονε</span> <span class='ocrx_word' id='word_1_642' title='bbox 1342 1956 1435 1986; x_wconf 82' lang='grc' dir='ltr'>ταῦτα,</span> <span class='ocrx_word' id='word_1_643' title='bbox 1463 1953 1540 1978; x_wconf 75' lang='grc' dir='ltr'><strong>καὶὸ</strong></span> <span class='ocrx_word' id='word_1_644' title='bbox 1566 1952 1691 1989; x_wconf 82' lang='grc' dir='ltr'>βασιλεὺς</span> <span class='ocrx_word' id='word_1_645' title='bbox 1717 1954 1761 1979; x_wconf 82' lang='grc' dir='ltr'>τόν</span> <span class='ocrx_word' id='word_1_646' title='bbox 1786 1955 1926 1990; x_wconf 85' lang='grc' dir='ltr'>Κομνηνὸν</span> 
     </span>
    </p>
   </div>
   <div class='ocr_carea' id='block_1_94' title="bbox 1116 1995 1928 2034">
    <p class='ocr_par' dir='ltr' id='par_1_94' title="bbox 1116 1995 1928 2034">
     <span class='ocr_line' id='line_1_94' title="bbox 1116 1995 1928 2034; baseline 0.002 -11"><span class='ocrx_word' id='word_1_647' title='bbox 1116 1995 1253 2029; x_wconf 66' lang='grc' dir='ltr'>ἀνεδεξατο</span> <span class='ocrx_word' id='word_1_648' title='bbox 1273 1997 1396 2033; x_wconf 85' lang='grc' dir='ltr'>Μιχαὴλ,</span> <span class='ocrx_word' id='word_1_649' title='bbox 1416 1999 1460 2024; x_wconf 79' lang='grc' dir='ltr'>καὶ</span> <span class='ocrx_word' id='word_1_650' title='bbox 1485 1997 1624 2033; x_wconf 75' lang='grc' dir='ltr'>ζεύγνυσιν</span> <span class='ocrx_word' id='word_1_651' title='bbox 1650 1997 1719 2033; x_wconf 73' lang='grc' dir='ltr'>αὐτῷ</span> <span class='ocrx_word' id='word_1_652' title='bbox 1750 1997 1784 2028; x_wconf 85' lang='grc' dir='ltr'><strong>εἰς</strong></span> <span class='ocrx_word' id='word_1_653' title='bbox 1807 2001 1928 2034; x_wconf 82' lang='grc' dir='ltr'>γυναῖκα</span> 
     </span>
    </p>
   </div>
   <div class='ocr_carea' id='block_1_95' title="bbox 1115 2040 1927 2079">
    <p class='ocr_par' dir='ltr' id='par_1_95' title="bbox 1115 2040 1927 2079">
     <span class='ocr_line' id='line_1_95' title="bbox 1115 2040 1927 2079; baseline 0.002 -12"><span class='ocrx_word' id='word_1_654' title='bbox 1115 2045 1162 2068; x_wconf 84' lang='grc' dir='ltr'>τοῦ</span> <span class='ocrx_word' id='word_1_655' title='bbox 1190 2040 1302 2077; x_wconf 75' lang='grc' dir='ltr'>ἀδελφοῦ</span> <span class='ocrx_word' id='word_1_656' title='bbox 1327 2041 1407 2068; x_wconf 73' lang='grc' dir='ltr'>αὐτοῦ</span> <span class='ocrx_word' id='word_1_657' title='bbox 1431 2045 1478 2067; x_wconf 72' lang='grc' dir='ltr'>τοῦ</span> <span class='ocrx_word' id='word_1_658' title='bbox 1510 2041 1763 2079; x_wconf 70' lang='grc' dir='ltr'>σεϐεαοτοκροὶτορος</span> <span class='ocrx_word' id='word_1_659' title='bbox 1786 2042 1927 2069; x_wconf 79' lang='grc' dir='ltr'>Ἰσαακίου</span> 
     </span>
    </p>
   </div>
   <div class='ocr_carea' id='block_1_96' title="bbox 1114 2085 1927 2123">
    <p class='ocr_par' dir='ltr' id='par_1_96' title="bbox 1114 2085 1927 2123">
     <span class='ocr_line' id='line_1_96' title="bbox 1114 2085 1927 2123; baseline 0.002 -11"><span class='ocrx_word' id='word_1_660' title='bbox 1114 2089 1160 2112; x_wconf 83' lang='grc' dir='ltr'><strong>τοῦ</strong></span> <span class='ocrx_word' id='word_1_661' title='bbox 1176 2087 1260 2112; x_wconf 86' lang='grc' dir='ltr'>Δούκα</span> <span class='ocrx_word' id='word_1_662' title='bbox 1282 2085 1389 2122; x_wconf 75' lang='grc' dir='ltr'>ἂγγὸνην</span> <span class='ocrx_word' id='word_1_663' title='bbox 1413 2089 1460 2116; x_wconf 81' lang='grc' dir='ltr'>τὴν</span> <span class='ocrx_word' id='word_1_664' title='bbox 1480 2085 1629 2123; x_wconf 83' lang='grc' dir='ltr'>Θεοδὼραν,</span> <span class='ocrx_word' id='word_1_665' title='bbox 1653 2091 1684 2116; x_wconf 87' lang='grc' dir='ltr'>ῆν</span> <span class='ocrx_word' id='word_1_666' title='bbox 1716 2089 1796 2123; x_wconf 83' lang='grc' dir='ltr'>μόνην</span> <span class='ocrx_word' id='word_1_667' title='bbox 1831 2088 1843 2113; x_wconf 84' lang='grc' dir='ltr'><strong><em>ὁ</em></strong></span> <span class='ocrx_word' id='word_1_668' title='bbox 1873 2097 1927 2114; x_wconf 85' lang='grc' dir='ltr'>πα-</span> 
     </span>
    </p>
   </div>
   <div class='ocr_carea' id='block_1_97' title="bbox 1113 2130 1926 2169">
    <p class='ocr_par' dir='ltr' id='par_1_97' title="bbox 1113 2130 1926 2169">
     <span class='ocr_line' id='line_1_97' title="bbox 1113 2130 1926 2169; baseline 0.005 -14"><span class='ocrx_word' id='word_1_669' title='bbox 1113 2133 1163 2167; x_wconf 82' lang='grc' dir='ltr'>τὴρ</span> <span class='ocrx_word' id='word_1_670' title='bbox 1177 2130 1257 2161; x_wconf 78' lang='grc' dir='ltr'>αὐτῆς</span> <span class='ocrx_word' id='word_1_671' title='bbox 1275 2130 1467 2161; x_wconf 82' lang='grc' dir='ltr'>καταλελοιπὼς</span> <span class='ocrx_word' id='word_1_672' title='bbox 1495 2131 1507 2156; x_wconf 87' lang='grc' dir='ltr'>ὁ</span> <span class='ocrx_word' id='word_1_673' title='bbox 1530 2134 1576 2157; x_wconf 85' lang='grc' dir='ltr'><strong>τοῦ</strong></span> <span class='ocrx_word' id='word_1_674' title='bbox 1603 2130 1847 2169; x_wconf 80' lang='grc' dir='ltr'>σεϐαστοκράτορος</span> <span class='ocrx_word' id='word_1_675' title='bbox 1865 2133 1926 2164; x_wconf 83' lang='grc' dir='ltr'>υἱός</span> 
     </span>
    </p>
   </div>
   <div class='ocr_carea' id='block_1_98' title="bbox 1115 2174 1925 2214">
    <p class='ocr_par' dir='ltr' id='par_1_98' title="bbox 1115 2174 1925 2214">
     <span class='ocr_line' id='line_1_98' title="bbox 1115 2174 1925 2214; baseline 0.005 -14"><span class='ocrx_word' id='word_1_676' title='bbox 1115 2174 1234 2206; x_wconf 82' lang='grc' dir='ltr'>Ἰωάννης</span> <span class='ocrx_word' id='word_1_677' title='bbox 1260 2176 1298 2201; x_wconf 71' lang='grc' dir='ltr'>ἔτι</span> <span class='ocrx_word' id='word_1_678' title='bbox 1324 2174 1348 2201; x_wconf 77' lang='grc' dir='ltr'>ἐν</span> <span class='ocrx_word' id='word_1_679' title='bbox 1374 2174 1492 2211; x_wconf 83' lang='grc' dir='ltr'>μείραξιν</span> <span class='ocrx_word' id='word_1_680' title='bbox 1517 2176 1551 2201; x_wconf 84' lang='grc' dir='ltr'>ὢν</span> <span class='ocrx_word' id='word_1_681' title='bbox 1580 2177 1609 2202; x_wconf 84' lang='grc' dir='ltr'>τὸ</span> <span class='ocrx_word' id='word_1_682' title='bbox 1640 2179 1727 2213; x_wconf 86' lang='grc' dir='ltr'>χρεὼν</span> <span class='ocrx_word' id='word_1_683' title='bbox 1753 2176 1925 2214; x_wconf 74' lang='grc' dir='ltr'>ἑξεμέτρησε,</span> 
     </span>
    </p>
   </div>
   <div class='ocr_carea' id='block_1_99' title="bbox 1114 2219 1925 2258">
    <p class='ocr_par' dir='ltr' id='par_1_99' title="bbox 1114 2219 1925 2258">
     <span class='ocr_line' id='line_1_99' title="bbox 1114 2219 1925 2258; baseline 0.005 -13"><span class='ocrx_word' id='word_1_684' title='bbox 1114 2222 1203 2257; x_wconf 80' lang='grc' dir='ltr'>χήραν</span> <span class='ocrx_word' id='word_1_685' title='bbox 1231 2221 1276 2256; x_wconf 67' lang='grc' dir='ltr'><strong>μεν</strong></span> <span class='ocrx_word' id='word_1_686' title='bbox 1295 2222 1342 2249; x_wconf 87' lang='grc' dir='ltr'>τήν</span> <span class='ocrx_word' id='word_1_687' title='bbox 1376 2219 1456 2246; x_wconf 80' lang='grc' dir='ltr'>αὐτοῦ</span> <span class='ocrx_word' id='word_1_688' title='bbox 1483 2222 1599 2256; x_wconf 82' lang='grc' dir='ltr'>γαμετὴν</span> <span class='ocrx_word' id='word_1_689' title='bbox 1622 2220 1753 2248; x_wconf 78' lang='grc' dir='ltr'>Εὐδοκίαν</span> <span class='ocrx_word' id='word_1_690' title='bbox 1773 2221 1856 2258; x_wconf 73' lang='grc' dir='ltr'>ἀφεὶς,</span> <span class='ocrx_word' id='word_1_691' title='bbox 1875 2225 1925 2253; x_wconf 79' lang='grc' dir='ltr'>τὴν</span> 
     </span>
    </p>
   </div>
   <div class='ocr_carea' id='block_1_100' title="bbox 1114 2264 1926 2303">
    <p class='ocr_par' dir='ltr' id='par_1_100' title="bbox 1114 2264 1926 2303">
     <span class='ocr_line' id='line_1_100' title="bbox 1114 2264 1926 2303; baseline 0.006 -14"><span class='ocrx_word' id='word_1_692' title='bbox 1114 2268 1161 2291; x_wconf 83' lang='grc' dir='ltr'><strong>τοῦ</strong></span> <span class='ocrx_word' id='word_1_693' title='bbox 1176 2264 1299 2300; x_wconf 80' lang='grc' dir='ltr'>Ἀγγίλου</span> <span class='ocrx_word' id='word_1_694' title='bbox 1320 2264 1437 2291; x_wconf 77' lang='grc' dir='ltr'>Ἰωάννου</span> <span class='ocrx_word' id='word_1_695' title='bbox 1458 2266 1598 2303; x_wconf 74' lang='grc' dir='ltr'>θυγατέρα,</span> <span class='ocrx_word' id='word_1_696' title='bbox 1626 2268 1739 2303; x_wconf 80' lang='grc' dir='ltr'>ὀρφανὴν</span> <span class='ocrx_word' id='word_1_697' title='bbox 1763 2265 1793 2293; x_wconf 66' lang='grc' dir='ltr'><strong>δε</strong></span> <span class='ocrx_word' id='word_1_698' title='bbox 1811 2269 1860 2296; x_wconf 83' lang='grc' dir='ltr'>τὴν</span> <span class='ocrx_word' id='word_1_699' title='bbox 1877 2268 1926 2294; x_wconf 78' lang='grc' dir='ltr'><strong>αὖ·</strong></span> 
     </span>
    </p>
   </div>
   <div class='ocr_carea' id='block_1_101' title="bbox 1115 2307 1925 2349">
    <p class='ocr_par' dir='ltr' id='par_1_101' title="bbox 1115 2307 1925 2349">
     <span class='ocr_line' id='line_1_101' title="bbox 1115 2307 1925 2349; baseline 0.005 -15"><span class='ocrx_word' id='word_1_700' title='bbox 1115 2312 1161 2335; x_wconf 86' lang='grc' dir='ltr'>τοῦ</span> <span class='ocrx_word' id='word_1_701' title='bbox 1180 2310 1309 2346; x_wconf 75' lang='grc' dir='ltr'>θυγατέρα</span> <span class='ocrx_word' id='word_1_702' title='bbox 1324 2307 1474 2346; x_wconf 85' lang='grc' dir='ltr'>Θεοδώραν,</span> <span class='ocrx_word' id='word_1_703' title='bbox 1496 2311 1555 2340; x_wconf 74' lang='grc' dir='ltr'>ἣτις</span> <span class='ocrx_word' id='word_1_704' title='bbox 1584 2310 1703 2346; x_wconf 73' lang='grc' dir='ltr'>εὐτυχῶς</span> <span class='ocrx_word' id='word_1_705' title='bbox 1730 2315 1766 2347; x_wconf 86' lang='grc' dir='ltr'>τῷ</span> <span class='ocrx_word' id='word_1_706' title='bbox 1795 2314 1925 2349; x_wconf 81' lang='grc' dir='ltr'>Κομνηνῷ</span> 
     </span>
    </p>
   </div>
   <div class='ocr_carea' id='block_1_102' title="bbox 1115 2354 1925 2392">
    <p class='ocr_par' dir='ltr' id='par_1_102' title="bbox 1115 2354 1925 2392">
     <span class='ocr_line' id='line_1_102' title="bbox 1115 2354 1925 2392; baseline 0.004 -12"><span class='ocrx_word' id='word_1_707' title='bbox 1115 2356 1172 2380; x_wconf 80' lang='grc' dir='ltr'>τότε</span> <span class='ocrx_word' id='word_1_708' title='bbox 1197 2354 1351 2384; x_wconf 80' lang='grc' dir='ltr'>συνέζευκτο</span> <span class='ocrx_word' id='word_1_709' title='bbox 1378 2354 1498 2390; x_wconf 85' lang='grc' dir='ltr'>Μιχαὴλ.</span> <span class='ocrx_word' id='word_1_710' title='bbox 1524 2355 1554 2381; x_wconf 81' lang='grc' dir='ltr'><strong>Ἦ</strong></span> <span class='ocrx_word' id='word_1_711' title='bbox 1577 2356 1627 2391; x_wconf 90' lang='grc' dir='ltr'><strong>γὰρ</strong></span> <span class='ocrx_word' id='word_1_712' title='bbox 1649 2357 1737 2392; x_wconf 80' lang='grc' dir='ltr'>μήτηρ</span> <span class='ocrx_word' id='word_1_713' title='bbox 1768 2356 1852 2387; x_wconf 77' lang='grc' dir='ltr'>αὐτῆς</span> <span class='ocrx_word' id='word_1_714' title='bbox 1874 2358 1925 2384; x_wconf 76' lang='grc' dir='ltr'><strong>Εὖ-</strong></span> 
     </span>
    </p>
   </div>
   <div class='ocr_carea' id='block_1_103' title="bbox 1115 2397 1921 2439">
    <p class='ocr_par' dir='ltr' id='par_1_103' title="bbox 1115 2397 1921 2439">
     <span class='ocr_line' id='line_1_103' title="bbox 1115 2397 1921 2439; baseline 0.006 -15"><span class='ocrx_word' id='word_1_715' title='bbox 1115 2397 1194 2425; x_wconf 80' lang='grc' dir='ltr'>δοκία</span> <span class='ocrx_word' id='word_1_716' title='bbox 1215 2400 1301 2425; x_wconf 85' lang='grc' dir='ltr'>καίτοι</span> <span class='ocrx_word' id='word_1_717' title='bbox 1327 2408 1356 2434; x_wconf 81' lang='grc' dir='ltr'><strong>γε</strong></span> <span class='ocrx_word' id='word_1_718' title='bbox 1380 2401 1424 2425; x_wconf 76' lang='grc' dir='ltr'>νέα</span> <span class='ocrx_word' id='word_1_719' title='bbox 1447 2398 1515 2426; x_wconf 82' lang='grc' dir='ltr'>οὖσα</span> <span class='ocrx_word' id='word_1_720' title='bbox 1541 2401 1608 2426; x_wconf 58' lang='grc' dir='ltr'>πάνυ</span> <span class='ocrx_word' id='word_1_721' title='bbox 1631 2402 1677 2429; x_wconf 85' lang='grc' dir='ltr'>τὴν</span> <span class='ocrx_word' id='word_1_722' title='bbox 1701 2403 1814 2438; x_wconf 85' lang='grc' dir='ltr'>χηρείαν</span> <span class='ocrx_word' id='word_1_723' title='bbox 1835 2404 1921 2439; x_wconf 74' lang='grc' dir='ltr'>φέρειν</span> 
     </span>
    </p>
   </div>
   <div class='ocr_carea' id='block_1_104' title="bbox 1114 2442 1923 2483">
    <p class='ocr_par' dir='ltr' id='par_1_104' title="bbox 1114 2442 1923 2483">
     <span class='ocr_line' id='line_1_104' title="bbox 1114 2442 1923 2483; baseline 0.006 -14"><span class='ocrx_word' id='word_1_724' title='bbox 1114 2444 1265 2477; x_wconf 77' lang='grc' dir='ltr'>ἠσπάσατο,</span> <span class='ocrx_word' id='word_1_725' title='bbox 1302 2443 1394 2480; x_wconf 78' lang='grc' dir='ltr'>ἀρετὴν</span> <span class='ocrx_word' id='word_1_726' title='bbox 1425 2442 1455 2470; x_wconf 72' lang='grc' dir='ltr'><strong>δε</strong></span> <span class='ocrx_word' id='word_1_727' title='bbox 1481 2444 1560 2480; x_wconf 74' lang='grc' dir='ltr'>ἐφίλει</span> <span class='ocrx_word' id='word_1_728' title='bbox 1587 2446 1632 2471; x_wconf 82' lang='grc' dir='ltr'>καὶ</span> <span class='ocrx_word' id='word_1_729' title='bbox 1659 2446 1776 2482; x_wconf 79' lang='grc' dir='ltr'>καθαπερ</span> <span class='ocrx_word' id='word_1_730' title='bbox 1792 2449 1923 2483; x_wconf 72' lang='grc' dir='ltr'>προσανέ-</span> 
     </span>
    </p>
   </div>
   <div class='ocr_carea' id='block_1_105' title="bbox 1114 2488 1921 2527">
    <p class='ocr_par' dir='ltr' id='par_1_105' title="bbox 1114 2488 1921 2527">
     <span class='ocr_line' id='line_1_105' title="bbox 1114 2488 1921 2527; baseline 0.005 -13"><span class='ocrx_word' id='word_1_731' title='bbox 1114 2497 1173 2523; x_wconf 85' lang='grc' dir='ltr'>χειν</span> <span class='ocrx_word' id='word_1_732' title='bbox 1195 2492 1262 2523; x_wconf 85' lang='grc' dir='ltr'><strong>Θεῷ.</strong></span> <span class='ocrx_word' id='word_1_733' title='bbox 1292 2490 1339 2514; x_wconf 85' lang='grc' dir='ltr'><strong>Διά</strong></span> <span class='ocrx_word' id='word_1_734' title='bbox 1358 2492 1442 2514; x_wconf 88' lang='grc' dir='ltr'>ταῦτα</span> <span class='ocrx_word' id='word_1_735' title='bbox 1471 2490 1516 2514; x_wconf 85' lang='grc' dir='ltr'>καὶ</span> <span class='ocrx_word' id='word_1_736' title='bbox 1539 2488 1708 2525; x_wconf 81' lang='grc' dir='ltr'>ἀντιμισθίαν</span> <span class='ocrx_word' id='word_1_737' title='bbox 1732 2489 1921 2527; x_wconf 74' lang='grc' dir='ltr'>ἁντιλαμϐάνεε</span> 
     </span>
    </p>
   </div>
   <div class='ocr_carea' id='block_1_106' title="bbox 1114 2530 1811 2570">
    <p class='ocr_par' dir='ltr' id='par_1_106' title="bbox 1114 2530 1811 2570">
     <span class='ocr_line' id='line_1_106' title="bbox 1114 2530 1811 2570; baseline 0.006 -12"><span class='ocrx_word' id='word_1_738' title='bbox 1114 2534 1179 2569; x_wconf 85' lang='grc' dir='ltr'>πρὸς</span> <span class='ocrx_word' id='word_1_739' title='bbox 1195 2536 1252 2568; x_wconf 79' lang='grc' dir='ltr'><strong>Θεῷ</strong></span> <span class='ocrx_word' id='word_1_740' title='bbox 1264 2534 1293 2558; x_wconf 85' lang='grc' dir='ltr'>τὸ</span> <span class='ocrx_word' id='word_1_741' title='bbox 1304 2536 1336 2562; x_wconf 80' lang='grc' dir='ltr'>κῆ</span> <span class='ocrx_word' id='word_1_742' title='bbox 1342 2530 1397 2564; x_wconf 85' lang='grc' dir='ltr'>δος.</span> <span class='ocrx_word' id='word_1_743' title='bbox 1409 2535 1459 2559; x_wconf 78' lang='grc' dir='ltr'><strong>Καὶ</strong></span> <span class='ocrx_word' id='word_1_744' title='bbox 1469 2535 1552 2559; x_wconf 80' lang='grc' dir='ltr'>ταῦτα</span> <span class='ocrx_word' id='word_1_745' title='bbox 1571 2534 1616 2569; x_wconf 70' lang='grc' dir='ltr'>μὶν</span> <span class='ocrx_word' id='word_1_746' title='bbox 1626 2535 1706 2570; x_wconf 78' lang='grc' dir='ltr'>ἔσχεν</span> <span class='ocrx_word' id='word_1_747' title='bbox 1721 2534 1811 2566; x_wconf 77' lang='grc' dir='ltr'>οὕτως.</span> 
     </span>
    </p>
   </div>
   <div class='ocr_carea' id='block_1_107' title="bbox 267 2571 1922 2615">
    <p class='ocr_par' dir='ltr' id='par_1_107' title="bbox 267 2571 1922 2615">
     <span class='ocr_line' id='line_1_107' title="bbox 267 2571 1922 2615; baseline 0.005 -17"><span class='ocrx_word' id='word_1_748' title='bbox 267 2571 290 2615; x_wconf 60' lang='lat'><strong>:9</strong></span> <span class='ocrx_word' id='word_1_749' title='bbox 307 2573 328 2599; x_wconf 84' lang='grc' dir='ltr'><strong>ἰ)</strong></span> <span class='ocrx_word' id='word_1_750' title='bbox 341 2581 348 2599; x_wconf 87' lang='lat'>:</span> <span class='ocrx_word' id='word_1_751' title='bbox 362 2575 412 2615; x_wconf 73' lang='grc' dir='ltr'><strong>καὶ</strong></span> <span class='ocrx_word' id='word_1_752' title='bbox 427 2572 462 2603; x_wconf 84' lang='grc' dir='ltr'><strong>εἰς</strong></span> <span class='ocrx_word' id='word_1_753' title='bbox 478 2574 509 2615; x_wconf 61' lang='grc' dir='ltr'>ξω</span> <span class='ocrx_word' id='word_1_754' title='bbox 525 2571 735 2615; x_wconf 71' lang='grc' dir='ltr'>διαπεραιοῦται,</span> <span class='ocrx_word' id='word_1_755' title='bbox 750 2578 794 2600; x_wconf 77' lang='grc' dir='ltr'><strong>καὶ</strong></span> <span class='ocrx_word' id='word_1_756' title='bbox 811 2577 971 2615; x_wconf 55' lang='grc' dir='ltr'>συζεέγνυσι</span> <span class='ocrx_word' id='word_1_757' title='bbox 982 2580 1020 2612; x_wconf 83' lang='grc' dir='ltr'>τῷ</span> <span class='ocrx_word' id='word_1_758' title='bbox 1035 2576 1146 2615; x_wconf 69' lang='grc' dir='ltr'>Μιχαὴλ</span> <span class='ocrx_word' id='word_1_759' title='bbox 1157 2580 1193 2611; x_wconf 84' lang='grc' dir='ltr'>τῷ</span> <span class='ocrx_word' id='word_1_760' title='bbox 1218 2579 1341 2615; x_wconf 69' lang='grc' dir='ltr'>Κσμνηνῷ</span> <span class='ocrx_word' id='word_1_761' title='bbox 1362 2577 1397 2608; x_wconf 86' lang='grc' dir='ltr'><strong>εἰς</strong></span> <span class='ocrx_word' id='word_1_762' title='bbox 1421 2581 1534 2615; x_wconf 76' lang='grc' dir='ltr'>γυναῖκα</span> <span class='ocrx_word' id='word_1_763' title='bbox 1557 2581 1603 2604; x_wconf 87' lang='grc' dir='ltr'>τοῦ</span> <span class='ocrx_word' id='word_1_764' title='bbox 1624 2577 1737 2615; x_wconf 80' lang='grc' dir='ltr'>ἀδελφοῦ</span> <span class='ocrx_word' id='word_1_765' title='bbox 1763 2579 1845 2607; x_wconf 79' lang='grc' dir='ltr'>αὐτοῦ</span> <span class='ocrx_word' id='word_1_766' title='bbox 1873 2584 1922 2607; x_wconf 78' lang='grc' dir='ltr'>τοῦ</span> 
     </span>
    </p>
   </div>
   <div class='ocr_carea' id='block_1_108' title="bbox 232 2606 1910 2653">
    <p class='ocr_par' dir='ltr' id='par_1_108' title="bbox 232 2606 1910 2653">
     <span class='ocr_line' id='line_1_108' title="bbox 232 2606 1910 2653; baseline 0.007 -21"><span class='ocrx_word' id='word_1_767' title='bbox 232 2606 619 2653; x_wconf 37' lang='grc' dir='ltr'>σεϐαστοκράξοροςζῐσαακίου</span> <span class='ocrx_word' id='word_1_768' title='bbox 635 2606 741 2645; x_wconf 51' lang='lat' dir='ltr'><strong>smmi;</strong></span> <span class='ocrx_word' id='word_1_769' title='bbox 753 2613 798 2640; x_wconf 83' lang='grc' dir='ltr'>τὴν</span> <span class='ocrx_word' id='word_1_770' title='bbox 815 2606 965 2653; x_wconf 58' lang='grc' dir='ltr'>Θεοδῷραν,</span> <span class='ocrx_word' id='word_1_771' title='bbox 978 2606 1009 2641; x_wconf 71' lang='grc' dir='ltr'>ἦν</span> <span class='ocrx_word' id='word_1_772' title='bbox 1023 2606 1103 2647; x_wconf 54' lang='grc' dir='ltr'>μόνην</span> <span class='ocrx_word' id='word_1_773' title='bbox 1117 2612 1130 2637; x_wconf 86' lang='grc' dir='ltr'><strong>ὁ</strong></span> <span class='ocrx_word' id='word_1_774' title='bbox 1147 2606 1234 2653; x_wconf 63' lang='grc' dir='ltr'>πατὴρ</span> <span class='ocrx_word' id='word_1_775' title='bbox 1246 2606 1368 2644; x_wconf 69' lang='grc' dir='ltr'>Ἰωάννης</span> <span class='ocrx_word' id='word_1_776' title='bbox 1381 2606 1515 2640; x_wconf 60' lang='grc' dir='ltr'>καέέλιπεν</span> <span class='ocrx_word' id='word_1_777' title='bbox 1532 2615 1579 2641; x_wconf 89' lang='grc' dir='ltr'>σὺν</span> <span class='ocrx_word' id='word_1_778' title='bbox 1591 2618 1623 2650; x_wconf 75' lang='grc' dir='ltr'>τῇ</span> <span class='ocrx_word' id='word_1_779' title='bbox 1638 2606 1720 2646; x_wconf 47' lang='lat' dir='ltr'><strong>auri};</strong></span> <span class='ocrx_word' id='word_1_780' title='bbox 1735 2606 1822 2653; x_wconf 17' lang='grc' dir='ltr'>μητρὶν</span> <span class='ocrx_word' id='word_1_781' title='bbox 1837 2606 1910 2644; x_wconf 75' lang='grc' dir='ltr'>Εὖδο</span> 
     </span>
    </p>
   </div>
   <div class='ocr_carea' id='block_1_109' title="bbox 231 2644 1276 2685">
    <p class='ocr_par' dir='ltr' id='par_1_109' title="bbox 231 2644 1276 2685">
     <span class='ocr_line' id='line_1_109' title="bbox 231 2644 1276 2685; baseline 0.007 -17"><span class='ocrx_word' id='word_1_782' title='bbox 231 2644 278 2679; x_wconf 81' lang='grc' dir='ltr'><strong>κίᾳ</strong></span> <span class='ocrx_word' id='word_1_783' title='bbox 287 2646 318 2679; x_wconf 74' lang='grc' dir='ltr'>τῇ</span> <span class='ocrx_word' id='word_1_784' title='bbox 335 2647 381 2670; x_wconf 81' lang='grc' dir='ltr'><strong>τοῦ</strong></span> <span class='ocrx_word' id='word_1_785' title='bbox 401 2644 522 2680; x_wconf 80' lang='grc' dir='ltr'>Ἀγγέλου</span> <span class='ocrx_word' id='word_1_786' title='bbox 536 2644 654 2671; x_wconf 75' lang='grc' dir='ltr'>Ἰωάννου</span> <span class='ocrx_word' id='word_1_787' title='bbox 667 2644 811 2680; x_wconf 81' lang='grc' dir='ltr'>συνοῦσαν,</span> <span class='ocrx_word' id='word_1_788' title='bbox 827 2651 859 2683; x_wconf 80' lang='grc' dir='ltr'>τῇ</span> <span class='ocrx_word' id='word_1_789' title='bbox 883 2644 938 2683; x_wconf 75' lang='grc' dir='ltr'>θείᾳ</span> <span class='ocrx_word' id='word_1_790' title='bbox 951 2651 1000 2673; x_wconf 87' lang='grc' dir='ltr'>τῶν</span> <span class='ocrx_word' id='word_1_791' title='bbox 1014 2644 1276 2685; x_wconf 75' lang='grc' dir='ltr'>στρατηγουπούλων.</span> 
     </span>
    </p>
   </div>
   <div class='ocr_carea' id='block_1_110' title="bbox 673 2735 1469 2772">
    <p class='ocr_par' dir='ltr' id='par_1_110' title="bbox 673 2735 1469 2772">
     <span class='ocr_line' id='line_1_110' title="bbox 673 2735 1469 2772; baseline 0.003 -3"><span class='ocrx_word' id='word_1_792' title='bbox 673 2735 845 2770; x_wconf 90' lang='lat' dir='ltr'><strong>Theodori</strong></span> <span class='ocrx_word' id='word_1_793' title='bbox 870 2737 995 2770; x_wconf 61' lang='lat' dir='ltr'><strong>Dousa;</strong></span> <span class='ocrx_word' id='word_1_794' title='bbox 1019 2740 1051 2770; x_wconf 90' lang='lat' dir='ltr'><strong>et</strong></span> <span class='ocrx_word' id='word_1_795' title='bbox 1074 2735 1200 2771; x_wconf 87' lang='lat' dir='ltr'><strong>Leonis</strong></span> <span class='ocrx_word' id='word_1_796' title='bbox 1225 2737 1342 2772; x_wconf 86' lang='lat' dir='ltr'><strong>Allatii</strong></span> <span class='ocrx_word' id='word_1_797' title='bbox 1366 2741 1469 2772; x_wconf 68' lang='lat' dir='ltr'><strong>notae.</strong></span> 
     </span>
    </p>
   </div>
   <div class='ocr_carea' id='block_1_111' title="bbox 267 2820 1059 2859">
    <p class='ocr_par' dir='ltr' id='par_1_111' title="bbox 267 2820 1059 2859">
     <span class='ocr_line' id='line_1_111' title="bbox 267 2820 1059 2859; baseline 0.006 -10"><span class='ocrx_word' id='word_1_798' title='bbox 267 2820 348 2859; x_wconf 17' lang='lat'><strong>(8)7‘0</strong></span> <span class='ocrx_word' id='word_1_799' title='bbox 363 2822 493 2859; x_wconf 80' lang='grc' dir='ltr'>Μανοτήλ,</span> <span class='ocrx_word' id='word_1_800' title='bbox 524 2825 587 2852; x_wconf 87' lang='lat' dir='ltr'><strong>Non</strong></span> <span class='ocrx_word' id='word_1_801' title='bbox 613 2832 686 2859; x_wconf 81' lang='lat' dir='ltr'><strong>ergo</strong></span> <span class='ocrx_word' id='word_1_802' title='bbox 713 2824 865 2859; x_wconf 76' lang='lat' dir='ltr'><strong>Arsenius,</strong></span> <span class='ocrx_word' id='word_1_803' title='bbox 891 2827 924 2854; x_wconf 91' lang='lat' dir='ltr'><strong>ut</strong></span> <span class='ocrx_word' id='word_1_804' title='bbox 943 2825 1059 2854; x_wconf 77' lang='lat' dir='ltr'><strong>Phren-</strong></span> 
     </span>
    </p>
   </div>
   <div class='ocr_carea' id='block_1_112' title="bbox 229 2858 1054 2899">
    <p class='ocr_par' dir='ltr' id='par_1_112' title="bbox 229 2858 1054 2899">
     <span class='ocr_line' id='line_1_112' title="bbox 229 2858 1054 2899; baseline 0.002 -12"><span class='ocrx_word' id='word_1_805' title='bbox 229 2865 273 2887; x_wconf 77' lang='grc' dir='ltr'><strong>ιο..</strong></span> <span class='ocrx_word' id='word_1_806' title='bbox 295 2858 440 2894; x_wconf 83' lang='lat' dir='ltr'><strong>Gregoras</strong></span> <span class='ocrx_word' id='word_1_807' title='bbox 465 2858 585 2897; x_wconf 52' lang='grc' dir='ltr'>εὈμως</span> <span class='ocrx_word' id='word_1_808' title='bbox 608 2858 694 2893; x_wconf 76' lang='grc' dir='ltr'>ἔδοξεν</span> <span class='ocrx_word' id='word_1_809' title='bbox 723 2861 810 2898; x_wconf 83' lang='grc' dir='ltr'>ὅρκοις</span> <span class='ocrx_word' id='word_1_810' title='bbox 836 2858 914 2888; x_wconf 74' lang='grc' dir='ltr'>αὗτὸν</span> <span class='ocrx_word' id='word_1_811' title='bbox 942 2860 1054 2899; x_wconf 84' lang='grc' dir='ltr'>βεϐαιώ-</span> 
     </span>
    </p>
   </div>
   <div class='ocr_carea' id='block_1_113' title="bbox 1115 2827 1918 2867">
    <p class='ocr_par' dir='ltr' id='par_1_113' title="bbox 1115 2827 1918 2867">
     <span class='ocr_line' id='line_1_113' title="bbox 1115 2827 1918 2867; baseline 0.007 -13"><span class='ocrx_word' id='word_1_812' title='bbox 1115 2837 1207 2867; x_wconf 68' lang='grc' dir='ltr'>σαντα,</span> <span class='ocrx_word' id='word_1_813' title='bbox 1216 2830 1272 2867; x_wconf 87' lang='lat' dir='ltr'><strong>etc.</strong></span> <span class='ocrx_word' id='word_1_814' title='bbox 1281 2827 1376 2867; x_wconf 62' lang='lat' dir='ltr'><strong>Verba</strong></span> <span class='ocrx_word' id='word_1_815' title='bbox 1383 2827 1478 2867; x_wconf 64' lang='lat' dir='ltr'><strong>habes</strong></span> <span class='ocrx_word' id='word_1_816' title='bbox 1485 2828 1631 2867; x_wconf 78' lang='lat' dir='ltr'><strong>superiori</strong></span> <span class='ocrx_word' id='word_1_817' title='bbox 1638 2830 1745 2866; x_wconf 87' lang='lat' dir='ltr'><strong>capite.</strong></span> <span class='ocrx_word' id='word_1_818' title='bbox 1756 2831 1812 2859; x_wconf 83' lang='lat' dir='ltr'><strong>Sed</strong></span> <span class='ocrx_word' id='word_1_819' title='bbox 1820 2832 1918 2867; x_wconf 83' lang='lat' dir='ltr'><strong>magis</strong></span> 
     </span>
    </p>
   </div>
   <div class='ocr_carea' id='block_1_114' title="bbox 1109 2862 1860 2903">
    <p class='ocr_par' dir='ltr' id='par_1_114' title="bbox 1109 2862 1860 2903">
     <span class='ocr_line' id='line_1_114' title="bbox 1109 2862 1860 2903; baseline 0.005 -12"><span class='ocrx_word' id='word_1_820' title='bbox 1109 2862 1245 2892; x_wconf 87' lang='lat' dir='ltr'><strong>distincte</strong></span> <span class='ocrx_word' id='word_1_821' title='bbox 1260 2866 1439 2893; x_wconf 85' lang='lat' dir='ltr'><strong>etaccurate</strong></span> <span class='ocrx_word' id='word_1_822' title='bbox 1451 2862 1721 2903; x_wconf 53' lang='lat' dir='ltr'><strong>Pachymeriusfp.</strong></span> <span class='ocrx_word' id='word_1_823' title='bbox 1741 2869 1787 2900; x_wconf 80' lang='lat'><strong>52,</strong></span> <span class='ocrx_word' id='word_1_824' title='bbox 1801 2868 1860 2896; x_wconf 77' lang='lat' dir='ltr'><strong>ALL</strong></span> 
     </span>
    </p>
   </div>
  </div>
