2062 3212
283 193 350 221 1119

920 191 1063 220 GEORGII
1091 190 1323 219 ACROPOLlTIE

1897 193 1905 219 1
1915 193 1968 220 120

280 255 386 285 ratoris
392 255 422 283 in
428 254 514 291 pejus
520 253 634 286 ruebat.
647 261 716 281 cum
728 254 817 282 solito
824 253 912 289 longe
921 253 1107 290 frequentius

1170 256 1218 284 τοῖς
1237 252 1347 283 πολλοῖς.
1364 252 1443 280 Ἐπὰν
1464 252 1494 280 δὲ
1522 253 1559 285 εἰς
1581 253 1706 290 λόγια-μὸν
1734 253 1853 289 ἰπανῆκε,
1877 254 1967 291 σχολῇ

280 301 362 329 malo
376 300 563 327 divexaretur
576 306 741 335 carnesque
761 298 1000 331 absumerentur,
1021 300 1042 334 ι
1052 300 1107 334 ιο

280 345 363 381 quod
376 344 505 372 deterius
517 343 649 371 habebat
657 345 686 371 et
696 343 734 371 ali
746 351 807 371 non
819 346 944 379 poterat.
956 344 1027 371 Cum
1037 351 1108 378 ergo

280 389 466 417 medicorum
482 388 636 424 ingenium
656 388 694 416 de
722 388 909 416 restituenda
939 387 1109 416 valetudine

280 434 478 470 desperasset,
511 435 543 461 ut
561 432 709 469 respirare
729 433 795 469 ipse
815 432 973 468 paululum
993 435 1108 468 posset,

279 479 439 515 Smyrnam
456 478 510 505 iter
522 478 695 512 meditatur,
710 480 743 505 ut
765 477 924 512 Christum,
950 477 1002 514 qui
1015 477 1045 505 in
1074 486 1110 505 ea

279 523 435 557 insigniter
448 522 563 554 colitur,
574 522 712 550 adorare!
722 522 923 558 precibusque
936 521 1040 549 effusis
1052 522 1110 550 sibi

279 567 443 604 propitium
454 567 484 594 in
505 569 586 594 tanto
606 566 768 594 infortunio
788 566 934 601 redigeret
970 567 1109 601 Accessit,

280 612 394 646 omnia,
415 611 457 639 uti
490 611 667 645 instituerat,
705 611 838 647 perfecit,
873 619 928 639 nec
957 613 1057 639 tamen
1073 619 1111 639 ex

280 657 386 685 morbo
397 656 558 684 convaluit.
573 657 661 683 Porro
672 656 702 683 in
718 655 899 692 Periclystris
919 664 1110 684 commorans

281 701 376 737 (locus
390 701 414 728 is
423 703 467 729 est
479 708 574 737 prope
586 702 757 737 Smyrnam,
774 700 857 737 quod
872 701 1007 737 undique
1018 709 1111 737 aqua-

280 754 348 773 rum
368 746 456 781 copia
475 745 710 779 circumﬂuatur,
733 745 775 773 sic
794 745 902 780 dictus)
923 746 1029 781 majori
1049 746 1110 773 sive

280 790 380 826 potius
396 789 535 817 atrociori
555 789 636 817 malo
656 797 828 825 oppressus,
850 789 920 817 inde
941 789 1108 824 discedens,

280 842 349 862 cum
361 834 541 869 gravissime
572 841 697 869 corpore
725 836 889 869 urgeretur,
907 834 1108 870 Nymphaeum

281 879 487 915 proﬁciscitur,
504 886 559 906 nec
571 879 668 913 regias
681 878 794 906 ibidem
807 878 915 906 domos
927 879 1035 909 invisit,
1058 878 1111 906 sed

1163 300 1228 335 πρὸς
1242 299 1276 324 τὰ
1296 297 1420 334 βασίλεια
1444 298 1637 336 ἐπανέστρεφεν,
1665 298 1744 325 ἐνίοτε
1762 297 1792 325 δε
1820 302 1865 325 καὶ
1889 300 1971 336 φορά-

1164 341 1214 372 δην
1235 342 1276 369 ἐπὶ
1292 344 1382 380 θρόνου
1412 342 1436 369 ἓν
1457 348 1513 374 τοῖς
1540 343 1693 381 ἀνακτόροις
1718 345 1769 370 ὑπὸ
1793 348 1843 370 τῶν
1865 343 1971 371 οἰκείων

1164 389 1253 423 ἤγετο.
1267 388 1340 414 Ἐπεὶ
1354 386 1383 414 δί
1398 389 1413 417 ἠ
1430 390 1504 419 νόσος
1537 388 1672 424 ἑπηὺξανε,
1696 390 1725 414 τὸ
1749 393 1826 425 σῶμα
1850 392 1898 415 τοῦ
1917 388 1973 425 βα-

1166 432 1255 463 σιλέως
1284 434 1426 459 κατέπιπτε
1456 443 1462 449 ·
1490 435 1676 471 συνεχέστερον
1702 435 1752 470 γὰρ
1777 434 1875 471 ἤρξατο
1900 435 1972 460 πάνυ

1164 478 1247 512 τούτῳ
1262 478 1391 512 γίνεσθαι.
1419 477 1540 509 Σύντηξις
1567 482 1628 514 γοῦν
1645 476 1675 507 ἧν
1703 478 1773 513 αὐτῷ
1793 482 1843 504 τῶν
1873 488 1973 516 σαρκι-

1165 525 1226 554 κῶν,
1243 521 1283 557 [Ρ.
1300 521 1344 558 56]
1361 524 1406 548 καὶ
1420 524 1450 548 τό
1480 520 1622 559 δεινότερον
1637 523 1653 552 ἠ
1670 521 1782 559 ἀτροφία
1796 526 1889 549 τοῦτον
1903 523 1974 549 ἐπίε-

1167 568 1218 597 ζεν.
1234 566 1304 592 Ἐπεὶ
1330 564 1374 592 οὖν
1398 570 1486 603 χεῖρες
1511 567 1604 604 ἰατρῶν
1634 567 1667 597 εἰς
1697 570 1745 597 τὴν
1770 569 1846 594 νόσον
1872 567 1974 595 ἀπέκα-

1165 621 1223 647 μον,
1264 612 1432 648 παραμυθίαν
1461 611 1616 648 βουλόμενος
1647 613 1742 648 μικρὰν
1767 611 1881 649 ἐφευρεῖν
1909 613 1974 642 ἠθέ-

1165 655 1243 684 λησεν
1272 655 1306 686 εἰς
1327 658 1373 684 τὴν
1399 657 1516 693 Σμύρνην
1549 655 1677 689 ἀπελθεῖν,
1713 657 1781 687 ὅπως
1818 660 1854 692 τῷ
1888 656 1974 683 ἐκεῖσε

1165 702 1337 737 προσκυνήσῃ
1354 704 1462 736 Χριστῷ
1479 702 1537 735 (13)
1563 700 1730 737 παράκλησίν
1744 710 1770 727 τι
1802 704 1912 730 ποιήσοι
1926 704 1971 728 καὶ

1167 743 1238 770 ἵλεων
1279 744 1356 770 αὐτὸν
1393 744 1579 781 ἁπεργάσοιτο.
1619 745 1788 781 Ἀφικόμενος
1814 744 1857 771 οὖν
1887 750 1971 771 ταῦτα

1166 790 1210 825 μὶν
1230 787 1399 826 διεπράξατο,
1416 789 1557 826 ὰνακωχὴν
1582 787 1612 815 di:
1627 794 1673 816 τοὺ
1696 791 1794 820 πάθους
1819 790 1871 826 οὐχ
1887 790 1973 827 εὗρεν,

1167 833 1219 859 ἀλλ’
1248 832 1272 859 ἐν
1295 837 1351 864 τοῖς
1381 834 1585 871 Περικλύστροις
1625 836 1797 870 σκηνώμενος
1825 835 1916 869 (τόπος
1944 832 1976 860 δέ

1167 878 1238 904 ἐστιν
1253 878 1328 908 οὗτος
1346 877 1424 914 ἐγγύς
1442 888 1492 905 που
1517 882 1565 909 τῆς
1586 879 1714 915 Σμύρνης,
1732 877 1779 904 διὰ
1807 881 1836 905 τό
1860 879 1971 910 πολλοῖς

281 924 312 951 in
327 923 419 950 hortis
432 923 521 957 regiis
536 931 630 959 prope
638 922 943 959 urbemimperatoria
958 923 1112 951 ﬁnxitten-

1170 927 1219 952 τοῖς
1252 921 1335 948 ὕδασι
1363 923 1566 959 περικλύζεσθαι
1589 922 1656 947 οὕτω
1681 931 1736 952 πως
1761 923 1980 959 κατονομαζόμε-

281 968 375 1000 toria;
389 967 475 995 ubiet
483 967 563 994 diem
578 975 667 994 suum
685 967 758 995 obiit
777 970 945 995 extremum
960 969 1046 996 tertio
1062 976 1111 996 ca-

281 1011 386 1039 lendas
399 1011 583 1046 Novembris,
601 1011 757 1046 sexaginta
770 1014 798 1039 et
813 1011 890 1039 duos
901 1020 997 1040 annos
1012 1014 1110 1047 natus,

283 1058 315 1083 ut
327 1054 466 1091 quiillius
478 1063 525 1082 res
549 1055 682 1083 exactius
716 1055 912 1090 possidebant
935 1056 1046 1083 dixere.
1071 1058 1113 1084 Ex

282 1099 330 1127 his
347 1099 465 1133 triginta
482 1102 541 1127 tres
549 1099 824 1135 probeintegreque
840 1102 1026 1135 regnaverat.
1044 1100 1114 1128 Leni

284 1144 386 1172 animo
397 1144 461 1176 fuit,
484 1152 662 1180 semperque
677 1152 708 1172 se
721 1144 931 1172 humaniorem
948 1145 1111 1181 praebebat.

284 1189 458 1217 Familiares
474 1188 594 1224 parcius
609 1189 844 1218 munerabatur:
860 1192 986 1222 exteros,
999 1197 1113 1226 eosque

284 1233 336 1269 qui
347 1236 491 1269 tanquam
502 1233 591 1268 legati
604 1234 642 1261 ad
655 1241 724 1261 eum
740 1234 903 1268 venissent,
922 1234 1114 1269 magniﬁcen-

283 1278 409 1307 tioribus
427 1278 648 1314 largitionibus,
660 1281 692 1306 ut
703 1279 742 1306 ab
756 1279 797 1307 eis
809 1279 991 1314 laudaretur,
1007 1279 1114 1307 afficie-

284 1322 347 1351 bat.
368 1323 529 1351 Amorihus
550 1323 756 1356 muliebribus,
778 1326 941 1359 postquam
960 1324 1025 1359 ejus
1040 1331 1115 1351 uxor

284 1368 367 1395 Irene
382 1368 557 1403 Imperatrix
571 1376 608 1395 ex
620 1368 677 1395 hac
688 1368 748 1395 vita
760 1370 937 1400 excesserat,
959 1371 987 1396 et
1000 1367 1117 1403 potissi-

285 1420 368 1439 mum
382 1412 551 1439 Marcesinze
569 1420 635 1447 quae
652 1420 685 1439 ex
698 1412 778 1439 Italia
792 1415 923 1445 venerat,
940 1414 1033 1440 Annae
1052 1412 1116 1448 qui-

285 1456 554 1492 demimperatrice
568 1465 603 1484 ex
624 1457 779 1484 Alemania
800 1457 901 1485 uxoris
921 1457 1114 1493 pedissequa,

286 1501 338 1528 sed
354 1510 421 1537 quae
435 1506 540 1536 postea
553 1502 583 1528 in
597 1510 699 1529 amore
712 1502 822 1529 temula
834 1502 938 1535 fuerat,
948 1502 1078 1530 deditus.
1096 1503 1116 1529 E

286 1545 372 1580 cujus
386 1553 488 1573 amore
502 1546 542 1573 ita
560 1546 580 1579 ι
591 1547 643 1580 11
663 1546 725 1580 ipse
740 1546 892 1581 pendebat
911 1549 943 1573 ut
961 1546 1004 1573 illi
1023 1546 1116 1574 cocci-

285 1596 360 1617 neos
376 1590 492 1617 calceos
510 1593 625 1624 gestare
646 1590 814 1624 permiserit
834 1592 862 1617 et
877 1598 985 1625 sagum
1005 1593 1033 1617 et
1053 1590 1116 1617 free-

286 1640 360 1660 num
371 1641 432 1660 non
447 1634 569 1661 alterius
584 1633 691 1660 coloris
707 1634 871 1669 indulserit,
894 1634 995 1669 plures
1014 1634 1055 1661 illi
1075 1634 1116 1661 fa-

286 1677 385 1705 mulos
416 1685 509 1713 quam
541 1685 618 1704 verte
651 1678 781 1704 dominae
813 1678 977 1712 donaverit,
997 1678 1115 1714 aliaque

286 1721 667 1757 quampluimalibidinibus
674 1721 928 1750 illiusdeserviens
935 1723 1112 1759 praestiterit.

287 1765 399 1793 Fuitilli
415 1767 535 1793 animus
548 1765 615 1793 belli
632 1766 736 1801 ingens
753 1774 787 1793 ac
805 1766 942 1794 tolerans.
965 1767 1113 1795 tionsertis

286 1810 408 1846 proeliis,
424 1810 540 1838 variam
554 1810 658 1838 Martis
679 1813 790 1838 sortem
810 1811 1015 1847 extimescens,
1036 1814 1065 1839 et
1082 1812 1113 1839 in

287 1856 343 1884 illis
353 1855 547 1884 conserendis
561 1855 707 1883 incertum
718 1855 820 1884 animo
847 1856 976 1891 agitans,
989 1856 1113 1886 minime

286 1900 500 1934 delectabatur,
514 1900 568 1928 sed
580 1899 752 1928 fortitudine
763 1908 798 1928 ac
813 1901 964 1936 patientia,
977 1903 1005 1928 et
1019 1909 1112 1929 verno

1167 969 1229 1001 νος),
1249 967 1367 1003 μείζονος
1395 967 1410 996 ἢ
1439 966 1533 1002 μᾶλλον
1561 967 1681 1002 χείρονος
1706 969 1752 991 τοῦ
1777 967 1879 996 πάθους
1907 966 1982 1003 ἐπῄ-

1169 1012 1255 1037 σθετο.
1283 1012 1393 1037 Ἐκεῖθεν
1420 1009 1464 1037 οὖν
1492 1010 1592 1047 ἀπάρας
1618 1012 1737 1047 πονήρως
1755 1010 1811 1036 λίαν
1838 1011 1908 1046 ἔχων
1927 1014 1983 1037 τοῦ

1169 1058 1291 1091 σώματος
1305 1055 1498 1091 καταλαμϐάνει
1523 1056 1552 1081 τὸ
1567 1056 1714 1091 Νύμφαιον.
1732 1057 1782 1080 Καὶ
1806 1053 1830 1080 ἓν
1919 1058 1983 1086 τοῖς

1169 1099 1317 1135 βασιλικοῖς
1333 1099 1380 1125 οὐκ
1406 1099 1520 1129 ἀπῆλθεν
1543 1099 1696 1135 οἰκήμασιν,
1714 1098 1738 1124 ἐν
1768 1097 1798 1124 δί
1821 1101 1876 1129 τοῖς
1895 1098 1983 1134 ἐγγύς

1167 1154 1217 1170 που
1237 1149 1282 1174 τῆς
1296 1147 1388 1181 χώρας
1413 1143 1559 1180 βασιλείοις
1587 1146 1680 1173 κήποις
1718 1144 1766 1174 τὰς
1799 1142 1982 1179 ἀνακτορικὰς

1170 1190 1268 1219 σκηνὰς
1291 1187 1455 1225 ἐνιδρύσατο.
1471 1188 1554 1215 ’Ἑνθα
1577 1190 1623 1214 καὶ
1645 1190 1674 1214 τὸ
1696 1190 1782 1224 χρεὼν
1805 1187 1980 1224 ἐλειτούργη-

1170 1243 1198 1259 σε
1211 1236 1286 1270 τρίτῃ
1306 1232 1441 1259 καλανδῶν
1457 1232 1616 1269 Νοεμϐρίου,
1639 1233 1764 1263 ἐξήκοντα
1779 1234 1823 1258 καὶ
1842 1231 1891 1258 δύο
1908 1233 1978 1269 (14),

1170 1279 1204 1308 ὡς
1223 1279 1247 1304 οἰ
1275 1279 1308 1303 τὰ
1326 1280 1385 1313 περὶ
1410 1278 1489 1303 αὐτοῦ
1519 1276 1702 1314 ἀκριϐέστερον
1734 1275 1830 1307 εἰδότες
1850 1278 1979 1313 ἔφασκον,

1170 1323 1212 1351 ἔτη
1239 1321 1352 1358 βιώσας,
1381 1321 1406 1352 ἐξ
1421 1321 1455 1346 ὧν
1474 1322 1617 1358 τριάκοντα
1629 1324 1673 1347 καὶ
1701 1325 1771 1358 τρεῖς
1801 1320 1980 1357 βεϐασίλευκε

1170 1366 1252 1396 καλῶς
1270 1376 1298 1392 τε
1322 1368 1367 1391 καὶ
1394 1365 1508 1401 ἀγαθῶς.
1538 1369 1625 1403 Πρᾶος
1650 1367 1699 1402 γὰρ
1729 1364 1760 1394 ἧν
1784 1375 1829 1392 και
1861 1367 1930 1402 πρὸς
1950 1368 1979 1392 τό

1171 1411 1409 1448 φιλανθρωπότερον
1438 1409 1477 1436 ἀεί
1507 1409 1650 1438 ἀπονεύων.
1687 1413 1797 1448 Δωρεαῖς
1829 1413 1875 1447 μὲν
1914 1413 1979 1448 πρὸς

1171 1458 1232 1487 τοὺς
1249 1456 1329 1481 αὐτοῦ
1354 1455 1431 1484 ἧττον
1448 1454 1558 1492 ἐχρᾶτο,
1592 1457 1655 1491 πρὸς
1682 1453 1712 1481 δὲ
1734 1457 1794 1486 τοὺς
1814 1455 1912 1488 ξένους,
1935 1466 1980 1482 και

1171 1500 1265 1536 μᾶλλον
1294 1502 1352 1530 τοὺς
1388 1501 1422 1530 ὡς
1452 1499 1573 1536 πρέσϐεις
1613 1499 1793 1535 ἀφικομένους,
1822 1498 1980 1536 δαψιλεστέ-

1171 1555 1217 1581 ραν
1245 1544 1303 1581 (15)
1319 1546 1366 1573 τὴν
1382 1547 1462 1581 χεῖρα
1485 1545 1643 1581 προῦτεινεν,
1670 1544 1702 1569 ἶν’
1729 1544 1772 1570 ὑπ’
1798 1544 1882 1571 αὐτῶν
1904 1545 1978 1571 ἄπαι-

1170 1593 1249 1616 νοῖτο.
1265 1588 1379 1626 Ἐρώτων
1400 1587 1429 1614 δὲ
1454 1588 1548 1617 θηλεων
1564 1590 1674 1617 ἡττᾶτο.
1698 1588 1724 1620 ἐξ
1739 1589 1799 1615 ὅτου
1815 1590 1828 1618 ἡ
1858 1589 1976 1623 σύζυγος

1171 1634 1250 1659 αὑτοῦ
1266 1635 1310 1659 καὶ
1326 1632 1432 1666 βασιλὶς
1445 1633 1553 1669 Εἰρήνη,
1570 1632 1597 1664 ἐξ
1620 1632 1761 1669 ἀνθρώπων
1784 1633 1890 1668 ἐγένετο.
1904 1634 1972 1659 Μά-

1169 1678 1247 1704 λιστα
1261 1676 1290 1703 δε
1308 1681 1353 1708 τῆς
1377 1676 1403 1708 ἐξ
1428 1677 1541 1708 Ἰταλίας
1570 1677 1694 1709 ἐλθούσης
1727 1679 1759 1708 ὡς
1786 1675 1977 1713 θεραπαινίδος

1169 1724 1214 1759 μὲν
1228 1727 1275 1753 τῆς
1288 1721 1314 1753 ἐξ
1329 1721 1480 1758 Ἀλαμάνων
1494 1722 1610 1757 συζύγου
1632 1720 1772 1758 βασιλίδος
1787 1721 1881 1752 ’Δννης
1901 1722 1973 1757 (16),

1169 1766 1308 1797 ἀντιζὴλου
1336 1765 1365 1792 δὲ
1389 1767 1487 1796 ταύτης
1520 1769 1692 1802 γεγενημένης
1719 1769 1888 1802 Μαρκεσίνης
1916 1766 1975 1801 (17)

1168 1821 1194 1838 τε
1213 1811 1405 1848 ὀνομαζομένης
1422 1815 1468 1837 τοῦ
1497 1812 1725 1849 ἔρωτος’ἣττητο,
1758 1814 1803 1837 καί
1828 1811 1853 1842 ἐς
1880 1815 1974 1837 τοσοῦ-

1168 1866 1210 1883 τον
1242 1860 1290 1886 τῆς
1318 1855 1420 1891 ἀγάπης
1453 1855 1533 1885 αὐτῆς
1557 1855 1710 1891 ἐξεκρέματο
1742 1857 1777 1887 ὡς
1802 1858 1847 1882 καὶ
1873 1854 1972 1882 πίὸιλα

1166 1899 1346 1928 ὑποδεὸὲσθαι
1370 1899 1461 1927 δουναι
1488 1901 1568 1937 ταύτῃ
1597 1899 1746 1936 κοκκοϐαφή
1781 1902 1828 1926 καὶ
1855 1899 1974 1937 ἐφεστρί-

721 1954 892 1988 Theodori
917 1955 1042 1988 Dousa?
1068 1960 1100 1989 et
1124 1955 1250 1990 Leonis
1274 1954 1391 1988 Allatii
1418 1959 1518 1988 notae.

983 2012 1014 2040 in
1061 2013 1118 2041 hac

290 2048 594 2083 aagritudineJoannis
604 2049 745 2084 pietatem
760 2050 990 2075 etnummorum
1001 2049 1030 2075 in
1046 2057 1119 2084 pau-

287 2092 373 2121 peres
384 2084 590 2121 profusionem
599 2084 791 2121 fuseeuarrat
804 2084 946 2121 Georgius
958 2084 1120 2121 Pachyme—

287 2118 348 2147 rius
358 2118 401 2154 (β.
419 2119 475 2153 70).
495 2119 578 2154 quia
606 2119 777 2146 Christianis
805 2118 993 2154 principibus
1024 2118 1119 2146 omni-

288 2162 329 2182 no
344 2154 514 2181 audiendus
531 2156 585 2181 est.
605 2157 672 2182 ALL.

326 2189 381 2216 (14)
413 2189 555 2216 Ἐξήκοντα
581 2191 626 2214 καὶ
661 2188 720 2215 δύο.
753 2189 909 2216 ϐτεροτᾶε.
943 2196 974 2216 ι).
1009 2190 1042 2216 50

342 2013 386 2048 13)
408 2016 457 2049 ,Τῷ
485 2012 576 2049 ἐκεῖσε,
599 2014 772 2048 προσπυνὴοηη
812 2016 933 2049 Χριστῷ.

326 2189 381 2225 (14)
413 2189 555 2220 Ἐξήκοντα
581 2191 626 2225 καὶ
661 2188 720 2215 δύο.
753 2189 909 2225 Gregoras.
943 2196 974 2224 ρ,

1175 2021 1331 2044 mannam.
1354 2012 1496 2040 Mantredi
1517 2011 1621 2040 Sicilia
1640 2012 1719 2047 regis
1734 2019 1883 2043 sororem,
1908 2020 1967 2040 uxo

1174 2057 1238 2076 rem
1253 2048 1345 2076 duxit.
1364 2049 1519 2084 Gregoras,
1536 2055 1564 2083 p.
1591 2049 1624 2075 45
1646 2050 1674 2075 et
1688 2050 1731 2075 91.
1750 2048 1975 2084 Pachymertus,

1174 2084 1225 2112 lib.
1236 2093 1276 2114 ιιι,
1289 2092 1318 2119 p.
1334 2084 1434 2120 181,et
1447 2083 1568 2120 infrarpr.
1587 2085 1647 2120 t85.
1663 2084 1754 2120 Hujus
1770 2083 1863 2111 Anna:
1872 2087 1978 2120 postea

1174 2118 1335 2155 imperium
1360 2119 1488 2154 adeptus
1503 2118 1624 2155 Michael
1638 2118 1823 2155 Palaéologus
1843 2118 1976 2147 maxime

1174 2154 1299 2190 cupiens
1314 2155 1376 2182 fuit.
1390 2156 1491 2217 lta3ue
1506 2154 1703 2182 inﬂammatus
1715 2154 1839 2183 libidine
1859 2155 1976 2184 fereba-

1174 2193 1231 2217 tur.
1249 2192 1280 2217 ut
1288 2198 1385 2217 neque
1394 2197 1434 2217 nu
1459 2197 1492 2217 or
1500 2197 1598 2217 neque
1607 2190 1702 2217 pietas
1711 2198 1808 2217 neaue
1817 2190 1976 2217 hominum

1174 2193 1231 2229 tur,
1249 2192 1280 2218 ut
1288 2190 1598 2229 nequepudorneque
1607 2190 1702 2229 pietas
1711 2198 1810 2229 neque
1817 2190 1977 2229 hominum

288 2223 361 2252 nota
374 2232 470 2261 annos
480 2224 549 2252 vitae
560 2224 638 2251 illius
647 2223 849 2261 Acropolitam
858 2223 1017 2261 numerare
1034 2233 1120 2253 sexa-
1136 2226 1157 2253 D
1174 2226 1256 2253 fama
1273 2234 1290 2253 ει
1303 2223 1465 2261 cupiditate
1480 2225 1530 2252 illa
1548 2223 1727 2254 revocarint.
1744 2223 1870 2254 Mulieris
1893 2226 1977 2255 casti-

289 2260 372 2295 ginta
387 2259 473 2296 duos,
490 2261 653 2294 Gregoram
664 2259 821 2293 sexaginta
834 2268 841 2287 :
858 2260 888 2287 in
898 2260 985 2287 annis
1002 2260 1119 2296 imperii

290 2295 483 2328 conveniunt,
501 2303 570 2322 cum
591 2297 715 2330 uterque
728 2298 786 2323 tres
803 2297 830 2323 et
859 2295 978 2331 triginta
1002 2295 1119 2333 imperii

290 2332 437 2359 numeret.
465 2333 531 2358 ALL.

327 2366 383 2402 (t5)
402 2366 603 2404 Δαψιλεστέραν.
632 2365 836 2404 ᾼᾲωὶιεὼίιιιι·
864 2374 1027 2404 nonnemo
1047 2376 1121 2404 qua-

290 2410 364 2442 nam
376 2403 490 2429 ratione
500 2402 935 2442 ejusmodiimperatores-{qui
949 2404 1039 2439 paulo
1050 2402 1118 2431 ante

290 2438 437 2474 reliquam
444 2438 558 2473 regiam
566 2437 777 2474 supellectilem
791 2437 928 2466 hostibus
934 2437 1085 2467 cesserant
1091 2443 1120 2467 et

290 2474 394 2502 omnia
411 2482 465 2501 sua
480 2474 652 2507 amiserant,
670 2477 831 2507 exotorres,
844 2476 872 2502 et
881 2482 942 2502 non
955 2476 1018 2503 sine
1028 2476 1119 2504 conti-

290 2510 358 2538 nuis
373 2509 481 2546 illsque
496 2509 655 2546 immensis
668 2509 848 2545 sumptibus,
870 2518 950 2537 nunc
971 2519 1039 2538 cum
1052 2511 1118 2539 Bul-

291 2545 383 2580 garis,
396 2545 477 2573 nunc
487 2553 555 2573 cum
567 2545 682 2580 Latinis,
694 2552 774 2572 nunc
793 2553 863 2573 cum
883 2546 1118 2574 Christianorum

290 2581 437 2618 hostibus,
452 2584 482 2608 et
499 2581 584 2618 quod
603 2581 702 2618 majus
723 2580 854 2616 cuipiam
889 2581 980 2618 videri
1002 2582 1117 2618 poterit,

291 2624 361 2656 cum
377 2617 484 2657 Graecis
497 2616 568 2657 ipsis
577 2616 798 2657 belligerantes,
819 2619 862 2644 tot
880 2616 1119 2657 recolligereﬂpe—

292 2652 398 2679 cunias
404 2652 565 2687 potuerint,
573 2655 605 2679 ut
615 2652 699 2686 larga
710 2652 798 2679 etiam
811 2660 902 2680 manu
912 2652 1119 2687 largitionibus

292 2688 321 2714 et
337 2687 582 2715 retributionibus
599 2695 670 2721 ,non
679 2687 877 2715 familiaribus
886 2688 976 2715 modo
983 2688 1034 2715 sed
1041 2691 1119 2715 exte-

292 2722 344 2762 ris,
354 2730 445 2762 supra
455 2723 543 2762 etiam
555 2723 769 2762 imperatorum
784 2723 1031 2762 consuetudinem
1045 2723 1118 2762 etfu-

294 2758 623 2793 sissimisproviderint.
639 2758 770 2786 Cessabit
795 2759 920 2786 omnino
949 2759 1117 2791 admiratio,

294 2793 319 2821 si
333 2796 509 2830 revocentur
519 2794 548 2821 in
569 2794 746 2830 memoriam
766 2802 831 2829 quae
851 2794 1062 2830 Pachymerius
1082 2795 1119 2823 de

293 2829 532 2866 mrario_Joannis
549 2832 577 2857 et
591 2829 735 2857 Theadori
756 2829 865 2865 scribit,
881 2838 911 2866 p.
927 2832 969 2858 68.
985 2832 1053 2859 ALL.

329 2864 505 2902 (19)”Αννης.
524 2866 637 2894 Mortua
651 2872 784 2901 namque
804 2864 891 2894 Irene
906 2866 1024 2894 Annam
1059 2866 1120 2895 Ale-

1174 2261 1308 2289 moniam
1335 2264 1364 2288 et
1383 2263 1461 2297 artes
1480 2263 1508 2288 et
1523 2261 1617 2297 ipsius
1637 2262 1826 2297 imperatoris
1846 2265 1974 2291 conatus

1174 2297 1394 2333 Pachymerius,
1412 2296 1463 2324 lib.
1475 2304 1518 2331 ui,
1531 2296 1560 2333 p.
1580 2297 1642 2330 181,
1658 2296 1813 2333 eipressit.
1833 2300 1905 2326 ALL.

1210 2332 1266 2368 (l7)
1282 2335 1461 2369 Μαρκεσόνης-
1484 2332 1555 2360 Rem
1575 2332 1669 2369 fusius
1691 2332 1851 2369 pertractat
1865 2333 1974 2368 Grego-

1173 2368 1404 2405 ras,p.746.'0ute
1418 2368 1612 2405 Gregorasrde
1620 2368 1787 2405 Nicephoro
1797 2368 1973 2405 Blemmyda

1173 2407 1201 2431 et
1217 2404 1338 2432 exclusa
1363 2404 1525 2431 Marcesina
1547 2404 1586 2431 ab
1606 2404 1730 2432 ecclesia
1743 2405 1843 2435 tradit.
1860 2404 1973 2433 videtur

1172 2440 1308 2468 hausisse
1327 2448 1361 2467 ex
1379 2439 1503 2476 epistola
1510 2439 1661 2476 encyclica
1668 2440 1801 2476 ejusdem
1808 2440 1973 2476 Nicephori,

1197 2484 1241 2503 uae
1256 2476 1329 2511 quia
1342 2475 1442 2512 adhuc
1452 2475 1564 2502 inedita
1578 2477 1632 2509 est,
1643 2475 1727 2511 quod
1742 2476 1836 2503 sciam
1852 2475 1929 2512 ipse,
1949 2478 1975 2503 et

1173 2484 1241 2537 gulae
1256 2484 1329 2511 quia
1342 2484 1442 2503 aunuc
1452 2484 1564 2502 inedita
1578 2484 1632 2509 eat,
1643 2484 1727 2511 quoa
1742 2484 1836 2503 sciam
1852 2484 1929 2512 ipse,
1949 2484 1972 2503 ei

1195 2511 1265 2545 igna
1275 2512 1384 2547 sitquae
1391 2511 1430 2538 ob
1442 2512 1582 2547 pietatem
1591 2513 1619 2538 et
1626 2519 1781 2539 summum
1791 2511 1822 2539 in
1833 2512 1972 2540 Christia-

1173 2554 1243 2574 nam
1258 2547 1431 2581 religionem
1441 2546 1537 2573 zelum
1549 2549 1660 2574 teratur
1671 2547 1808 2574 omnium
1822 2547 1971 2579 manibus,

1173 2582 1394 2619 hiceirscribam
1406 2583 1589 2619 Graece-,guae
1599 2583 1818 2619 οεῐεΝικηφόρου
1830 2585 1971 2619 μοναστοὺ,

1173 2626 1198 2644 κ.
1213 2627 1235 2644 τ.
1247 2617 1343 2654 )rVide
1354 2621 1463 2645 tomum
1474 2618 1550 2645 CXLI
1560 2619 1590 2645 in
1601 2617 1775 2653 Nicephoi‘o‘
1786 2617 1898 2647 Blemm
1904 2619 1971 2654 yda.

1175 2653 1356 2688 Spondanus
1370 2660 1450 2680 anno
1469 2655 1546 2688 1225,
1569 2661 1653 2686 num,
1676 2657 1707 2682 19
1723 2654 1799 2682 mira
1816 2653 1973 2682 oscitantia

1174 2689 1372 2724 Nicephorum
1389 2697 1407 2716 a
1434 2689 1608 2724 Blemmyda
1623 2689 1728 2717 dividit
1749 2699 1755 2717 :
1772 2690 1847 2718 Cum
1873 2691 1972 2724 pellex

1173 2726 1347 2760 ejusquaeda
1362 2726 1682 2760 quwmmajoripompa
1688 2733 1776 2761 quam
1785 2726 1971 2761 ipsaAugus-

1173 2764 1204 2787 ta
1218 2761 1349 2789 incedere
1355 2763 1559 2794 consueverat,
1573 2761 1863 2796 abingressutempti
1874 2762 1970 2790 Blem-

1172 2797 1269 2830 myda:
1278 2796 1429 2830 prohibita
1440 2797 1478 2824 ab
1488 2803 1552 2831 ejus
1561 2796 1842 2831 abbateNicephoro
1853 2803 1968 2832 magna!

1173 2833 1293 2860 virtutis
1300 2835 1389 2868 atque
1395 2832 1584 2860 auctoritatis
1591 2833 1666 2867 viro,
1676 2835 1731 2862 etc.
1740 2834 1817 2861 Sane
1823 2833 1871 2861 hic
1877 2833 1970 2861 abbas

1174 2868 1355 2904 Nicephorus
1365 2876 1384 2895 a
1399 2868 1575 2904 Blemmyda
1584 2868 1718 2897 delectus
1733 2876 1796 2897 non
1808 2870 1853 2897 est
1867 2872 1934 2898 ALL.
