4124 6398
211 273 340 326 1121

206 391 308 456 δας
338 393 584 453 τοιαύτας
615 395 707 443 καὶ
768 388 966 462 χαλινὰ
1018 389 1234 441 ἔπεσθαι
1270 405 1322 440 τε
1378 387 1509 461 αύτῇ
1553 389 1758 451 πλείους
1786 391 1816 449 ἡ
1849 395 1896 446 Α

202 491 265 556 τῇ
299 487 493 555 κυρίως
525 477 802 552 δεσποίνῃ,
863 478 994 531 άλλά
1025 497 1079 529 τε
1112 475 1276 558 πολλά
1328 475 1486 529 ἐποίει
1537 487 1654 542 ταῖς
1695 479 1823 532 ἐκεί-

205 592 299 634 νης
362 569 622 625 δουλεύων
698 567 920 642 ὀρέξεσι.
995 568 1313 641 Καρτερικός
1355 563 1413 618 δε
1445 563 1504 624 ἦν
1567 568 1717 630 οὗτος
1776 567 1822 620 ἐν

206 669 326 724 ταῖς
365 663 571 734 μάχαις
627 660 653 711 ό
723 656 994 730 βασιλεὺς,
1040 661 1130 708 καὶ
1160 663 1272 716 τοῖς
1298 659 1388 728 μὲν
1431 659 1568 709 κατά
1627 660 1825 710 συστά-

209 749 310 808 δην
379 750 626 822 πολέμοις
696 747 788 799 ούκ
864 749 1068 818 ἔχαιρε,
1151 748 1208 797 τό
1269 743 1683 818 ἀλλοπρόσαλλον
1736 754 1825 799 τοῦ

208 839 408 916 ’Ἄρεως
439 835 643 892 δειλιῶν
691 840 782 888 καὶ
835 838 894 888 τό
948 835 1092 907 παρά
1143 836 1312 885 ταύτά
1353 830 1549 892 ἄδηλον
1580 835 1826 906 ὑπολογι-

215 933 431 1002 ζόμενος
464 949 475 961 ·
526 935 588 999 τῇ
640 929 889 1000 καρτερίᾳ
944 920 1004 976 δὲ
1058 928 1349 996 χρώμενος,
1409 928 1499 976 καὶ
1557 922 1827 998 ἐνεαρίζων

213 1022 308 1091 μὶν
340 1017 414 1080 εἰς
438 1022 530 1075 τὴν
577 1023 677 1068 τῶν
730 1013 967 1066 ἐναντίων
1019 1020 1120 1085 γῆν
1167 1017 1258 1064 καὶ
1310 1016 1404 1070 τὴν
1463 1015 1637 1088 θέρους
1692 1016 1828 1088 ὥραν

216 1104 562 1172 διαϐιϐάζων,
634 1107 709 1157 ἔτι
760 1100 820 1156 δὲ
875 1107 964 1156 καὶ
1010 1105 1098 1161 τὴν
1140 1103 1424 1174 φθίνουσαν
1471 1101 1676 1176 ὀπώραν
1709 1099 1828 1155 δια-

215 1198 365 1267 νύων,
448 1194 610 1247 ἐνίοτε
685 1189 746 1246 δὲ
815 1196 906 1244 καὶ
981 1191 1402 1265 παραχειμάζων
1479 1195 1572 1250 τὴν
1634 1199 1859 1244 νικῶσαν

1727 267 2077 324 ANNALES.

3453 271 3590 325 H22

1931 395 2198 462 tempore
2217 389 2276 445 in
2289 389 2558 448 hostium
2580 392 2729 449 locis
2751 392 2978 462 degens
2993 395 3048 448 et
3069 395 3272 448 aestate
3286 392 3588 463 trajiciens

1930 496 2042 536 nec
2063 496 2185 535 non
2212 485 2268 536 et
2294 487 2671 538 senescentes
2695 482 2921 538 fructus
2950 487 3292 554 expectans,
3315 482 3589 555 quando-

1931 585 2049 642 que
2067 569 2245 624 etiam
2270 569 2591 626 hibernans
2611 571 2922 627 victoriam
2944 571 3307 642 reportabat,
3334 571 3591 643 impera-

1935 657 2076 714 toris
2105 659 2441 715 constantia
2463 676 2532 715 ac
2564 660 2851 732 patientia
2876 660 3134 729 fatigatis
3162 660 3452 715 hostibus.
3480 662 3594 716 Mo-

1931 746 2080 802 ritur
2099 747 2427 818 imperator
2447 750 2712 804 Joannes
2732 747 2978 819 imperio
3006 747 3128 803 tilio
3145 763 3255 803 suo
3283 748 3591 806 Theodoro

1934 839 2051 892 tres
2083 842 2139 892 et
2159 835 2401 906 triginta
2431 853 2623 894 annos
2657 839 2856 907 agenti
2878 836 3114 892 relicto:
3158 838 3422 893 totenim
3451 844 3592 895 aeta-

1935 924 2005 980 tis
2037 924 2194 981 illius
2231 927 2372 981 anni
2410 931 2560 999 quot
2583 933 2640 982 et
2676 925 2910 1000 paterni
2957 926 3192 998 imperii
3215 931 3383 982 erant
3411 944 3424 982 :
3453 943 3592 982 cum

1934 1018 2251 1085 paternam
2273 1015 2433 1071 enim
2467 1015 2899 1074 acclamatione
2925 1014 3074 1072 forte
3099 1019 3156 1072 et
3180 1015 3412 1072 natales
3439 1015 3594 1071 illius

1936 1110 2382 1160 concurrerant.

1950 1191 2252 1265 ἐλάμϐανεν,
2330 1193 2730 1267 ἀποκαμνόντων
2790 1203 2890 1248 τῶν
2949 1193 3186 1246 ἐναντίων
3229 1201 3292 1266 τῇ
3349 1201 3440 1246 τοῦ
3501 1192 3599 1267 βα·

218 1285 402 1347 σιλέως
459 1283 703 1337 ἑνστάσει
755 1302 810 1336 τε
861 1286 950 1334 καὶ
1005 1282 1263 1354 ὑπομονῇ.
1326 1281 1616 1340 Ἐτεθνήκει
1672 1286 1764 1354 μὲν
1805 1284 1830 1334 ό
1889 1281 2134 1355 βασιλεὺς
2193 1285 2432 1344 Ἰωάννης
2486 1293 2559 1355 τῷ
2611 1287 2708 1355 υἱῷ
2759 1285 2920 1336 αὐτοῦ
2972 1279 3230 1356 Θεοδώρῳ
3284 1288 3376 1341 τὴν
3435 1281 3600 1356 βασι-

212 1374 352 1428 λείαν
376 1373 777 1440 καταλελοιπὼς,
801 1372 1084 1446 τριάκοντα
1111 1375 1201 1423 καὶ
1223 1373 1502 1444 τριάκοντα
1531 1377 1620 1424 καὶ
1650 1376 1772 1446 τρία
1809 1373 1897 1430 ἔτη

1932 1369 1966 1424 δ
1972 1377 2216 1428 ιανύοντι.
2252 1377 2510 1434 Τοσούτός
2533 1377 2634 1449 γὰρ
2662 1376 2688 1425 ό
2718 1378 2911 1449 χρόνος
2942 1373 3080 1444 αύτῷ
3125 1373 3316 1434 ὁπόσος
3362 1377 3457 1431 τὴν
3502 1393 3600 1425 πα.

214 1471 402 1542 τρικῆς
435 1462 712 1536 βασιλείας
735 1461 994 1534 ἐτύγχανε
1029 1481 1042 1494 ·
1077 1457 1276 1534 σχεδόν
1299 1463 1397 1535 γὰρ
1427 1468 1487 1533 τῇ
1521 1468 1747 1536 πατρικῇ
1783 1459 2067 1536 ἀναρρήσει
2091 1468 2182 1515 καὶ
2203 1465 2231 1521 ἠ
2261 1465 2505 1534 γέννησις
2529 1461 2725 1515 ἐκείνου
2758 1459 3097 1536 ξυνέδραμεν.

291 1554 394 1625 νγ’.
428 1552 564 1605 Ἀλλ’
617 1553 642 1604 ὁ
675 1550 924 1625 βασιλεὺς
985 1551 1032 1584 ⁴⁰
1063 1552 1152 1622 μὲν
1193 1547 1467 1623 Θεόδωρος
1517 1558 1618 1602 τῶν
1675 1548 1830 1622 βασι-

220 1641 370 1696 λείων
441 1640 718 1700 ἐπείληπτο
789 1642 1000 1714 θρόνων.
1087 1643 1191 1698 Τὴν
1264 1644 1632 1712 νενομισμένην
1707 1646 1832 1710 γοῦν

221 1733 375 1785 ὁσίαν
406 1727 636 1793 ἀποδοὺς
667 1729 751 1804 [Ρ.
787 1730 877 1802 57]
907 1737 978 1800 τῷ
1008 1728 1217 1802 βασιλεί
1264 1733 1355 1781 καὶ
1405 1735 1586 1803 πατρὶ,
1625 1735 1713 1781 καὶ
1743 1749 1834 1781 κα-

229 1823 427 1882 θεσθεὶς
464 1819 542 1872 ἐπ’
583 1815 812 1880 ἀσπίδος
859 1821 928 1880 ὡς
988 1819 1117 1887 ἔθος,
1176 1822 1266 1870 καὶ
1320 1819 1419 1870 ὑπὸ
1475 1820 1678 1871 πάντων
1738 1838 1831 1890 φη-

218 1912 426 1982 μισθεὶς
464 1909 802 1984 αὐτοκράτωρ
844 1908 984 1980 (18),
1018 1915 1108 1960 τοῦ
1164 1912 1442 1980 Νυμφαίου
1493 1905 1694 1981 ἀπάρας
1749 1905 1832 1960 ἐπὶ

216 2005 314 2058 τὴν
349 1996 670 2072 Φιλαδέλφου
721 1996 953 2071 ἀφίκετο.
997 2001 1237 2069 Μεγίστη
1289 1993 1347 2048 δὲ
1377 1998 1511 2055 αὕτη
1541 1997 1691 2058 πόλις
1742 2000 1832 2048 καὶ
1863 1998 1901 2051 Β

219 2087 632 2159 πολυάνθρωπος
670 2091 759 2140 καὶ
818 2086 1130 2150 ὁπλίζεσθαι
1188 2081 1570 2158 δεδυνημένους
1621 2085 1830 2144 οἰκήτο-

1616 2197 1628 2209 ’
1673 2174 1833 2248 ἀγχι-

216 2274 546 2342 τερμονοῦτα
577 2263 637 2319 δὲ
666 2272 773 2327 τοῖς
804 2271 1080 2341 Περσικοῖς
1117 2266 1280 2337 ὁρίοις
1325 2264 1404 2317 ἀεὶ
1464 2262 1834 2338 διαμάχεσθαι

216 2364 326 2418 τοῖς
368 2357 693 2418 ὑπεναντίοις
737 2358 951 2416 τούτους
1009 2361 1150 2406 ποιεῖ
1201 2358 1290 2406 καί
1361 2350 1550 2416 ἐθάδας
1600 2353 1832 2427 πολέμων

222 2445 522 2520 ἐργάζεται.
594 2445 794 2499 Ἐκεῖσε
877 2439 964 2496 οὖν
1057 2439 1476 2519 διακαρτερήσας
1527 2447 1714 2517 μικρὸν
1744 2449 1835 2496 καὶ

219 2537 346 2589 ὅσον
401 2533 683 2611 πρεσϐείαν
762 2531 962 2586 στεῖλαι
1012 2535 1138 2605 πρὸς
1189 2536 1276 2584 τό)
1337 2532 1580 2594 σουλτάν,
1631 2532 1716 2585 ἐπὶ
1770 2537 1835 2586 τὰ

221 2626 448 2678 Βιθυνῶν
500 2629 784 2697 κεχώρηκη
838 2627 968 2696 μέρη
1011 2627 1101 2674 καὶ
1131 2625 1226 2680 τὴν
1265 2630 1357 2682 τῆς
1409 2628 1590 2695 χώρας
1637 2624 1834 2684 ταύτης

218 2715 624 2787 προκαθημένην
653 2713 802 2766 πόλιν
860 2716 954 2770 τὴν
1008 2713 1253 2767 Νίκαιαν.
1307 2712 1448 2764 Ἐπεὶ
1498 2709 1557 2764 δὲ
1614 2710 1833 2785 ἐχήρευε

219 2810 314 2856 τοῦ
353 2810 805 2877 πατριαρχοῡντος
861 2801 972 2871 (19)
1021 2802 1048 2858 ἠ
1104 2799 1388 2858 Ἐκκλησία
1433 2803 1681 2873 (πέφθακε
1731 2803 1833 2873 γὰρ

219 2893 247 2944 ό
327 2894 666 2966 πατριάρχης
738 2891 987 2949 Μανουὴλ
1052 2894 1238 2964 μικρόν
1314 2909 1364 2941 τι
1431 2898 1522 2942 τοῦ
1573 2887 1832 2962 βασιλέως

217 2981 462 3035 Ἰωάννου
518 2979 968 3055 προτελευτῆσαι),
1031 2975 1139 3032 ἔδει
1216 2975 1275 3031 δὲ
1323 2987 1525 3053 πρῶτον
1579 2981 1832 3053 πατριάρ-

231 3089 342 3144 χην
389 3067 764 3142 προϐληθῆναι,
823 3069 884 3120 ἶν’
945 3067 1030 3120 ἐπὶ
1076 3076 1148 3138 τῷ
1191 3065 1402 3140 βασιλεί
1446 3072 1539 3126 τὴν
1581 3087 1836 3140 στεφηφο-

227 3157 426 3234 ρίανέν
458 3167 524 3230 τῷ
574 3160 690 3234 ἱερῷ
716 3159 1126 3234 τελεσιουργήση
1176 3161 1388 3230 τεμένει,
1454 3156 1687 3218 ἐζητεῖτο
1745 3160 1835 3230 μὲν

225 3248 251 3300 ὁ
283 3246 428 3310 ἄξιος
451 3255 544 3300 τοῦ
573 3250 812 3300 τοιούτου
867 3249 1070 3322 θρόνου,
1125 3248 1155 3305 ἡ
1191 3242 1324 3308 δόξα
1371 3241 1431 3298 δὲ
1469 3253 1581 3308 τοῖς
1630 3245 1835 3308 πολλοῖς

227 3335 315 3390 ἐπὶ
351 3345 424 3408 τῷ
467 3333 735 3410 Βλεμμίδῃ
795 3338 903 3409 (20)
967 3335 1224 3408 ἐτύγχανε
1274 3340 1579 3410 Νικηφόρῳ,
1609 3344 1681 3408 τῷ
1733 3335 1837 3409 ἐμῷ

226 3421 541 3497 διδασκάλῳ
566 3434 666 3478 τῶν
706 3433 798 3486 τῆς
855 3425 1157 3498 φιλοσοφίας
1204 3424 1367 3497 λόγων
1421 3444 1476 3478 τε
1504 3430 1594 3477 καὶ
1638 3421 1838 3498 δογμά-

223 3535 346 3582 των,
379 3512 535 3589 ἀνδρὶ
567 3513 623 3567 ἐκ
659 3519 894 3576 νεότητος
921 3517 1006 3566 τόν
1053 3514 1212 3585 ζυγόν
1255 3512 1490 3588 ἀραμένῳ
1533 3521 1624 3566 τοῦ
1671 3518 1839 3586 μονή-

221 3623 350 3678 ρους
389 3601 514 3676 βίου
543 3608 635 3656 καὶ
658 3602 952 3678 περιϐοήτῳ
1006 3604 1328 3674 τυγχάνοντι
1377 3607 1465 3654 καὶ
1519 3607 1637 3678 περὶ
1688 3602 1838 3675 λόγον

220 3697 315 3746 καὶ
360 3690 570 3766 ἀρετὴν,
632 3692 728 3744 κᾶν
766 3693 912 3744 ἐνίων
973 3693 998 3744 ό
1056 3693 1256 3765 φθόνος,
1313 3697 1403 3744 καὶ
1450 3691 1688 3765 μάλιστα
1741 3699 1836 3744 τῶν

215 2199 316 2254 ρας
345 2180 572 2250 ἔχουσα,
600 2181 690 2229 καὶ
733 2175 970 2250 μάλιστα
1014 2175 1214 2238 τοξείαν
1269 2173 1558 2237 ἀσκοῦντας

221 3781 588 3856 προύχόντων,
622 3782 682 3834 ού
712 3786 866 3854 μόνον
894 3781 988 3834 ούκ
1027 3779 1217 3853 ἐκφανῆ
1250 3783 1418 3852 τούτῳ
1474 3783 1540 3833 τὰ
1595 3790 1688 3842 τῆς
1727 3779 1840 3855 ἀρε-

223 3879 321 3931 τῆς
350 3868 529 3939 ἐποίει,
560 3869 690 3924 ἀλλά
718 3876 808 3924 καὶ
855 3875 1045 3931 κακίας
1087 3873 1233 3932 τινὰς
1296 3870 1437 3942 αὐτῷ
1489 3869 1834 3942 προσεκόλλα.

231 3957 398 4019 Οὗτος
424 3955 510 4010 οὖν
539 3965 668 4032 πρὸς
695 3963 784 4012 τόν
853 3957 1080 4033 βασιλέα
1109 3956 1383 4034 Θεόδωρον
1415 3959 1592 4032 φιλίως
1649 3957 1838 4013 διέκει-

227 4065 290 4099 το
315 4051 403 4099 καὶ
430 4047 554 4121 παρ’
609 4048 769 4100 αὐτοῦ
808 4048 1028 4121 ἐφιλεῖτο
1059 4070 1070 4080 ·
1118 4057 1219 4100 τῶν
1258 4050 1360 4123 γὰρ
1409 4045 1594 4119 λόγων,
1657 4047 1704 4100 ἐν
1761 4049 1839 4109 οἷς

223 4138 294 4189 τὰ
340 4135 505 4189 πολλά
535 4135 865 4209 ἐπεγάννυτο,
919 4134 1247 4190 διδάσκαλον
1296 4141 1386 4189 καὶ
1439 4137 1590 4189 αὐτὸν
1621 4138 1838 4210 ἐπεγρά-

222 4244 340 4299 φετο
369 4245 382 4260 ’
420 4229 577 4299 σοφὸς
637 4231 737 4302 ’γὰρ
790 4224 852 4285 ἧν
920 4227 990 4288 εἰς
1023 4228 1180 4300 ἄκρον
1229 4234 1342 4286 ταῖς
1391 4225 1652 4288 ἀληθείαις
1683 4229 1708 4278 ό
1739 4225 1837 4301 βα-

223 4314 420 4378 σιλεύς.
459 4314 517 4368 Ὀ
561 4312 620 4368 δὲ
679 4316 1016 4392 ὀκνηρότερος
1064 4321 1184 4390 περὶ
1230 4319 1289 4369 τό
1341 4322 1562 4392 πρᾶγμα
1605 4315 1836 4389 ἐτύγχα-

296 4440 345 4475 ⁸⁰
385 4441 451 4514 Β-
499 4455 537 4514 Ξ,
599 4439 694 4502 ⁸⁸ος
747 4445 840 4498 τὴν
897 4444 1264 4514 νενομισμένην

220 4515 382 4584 φαίου
431 4510 638 4586 ἀπάρας
731 4516 862 4585 πρὸς
935 4509 1030 4571 τὴν
1092 4509 1313 4566 ᾧιλαδελ
1354 4532 1410 4564 ου
1484 4512 1714 4586 ἀφίκετο.

224 4590 419 4636 γωοεί.
478 4588 580 4636 Καὶ
634 4583 743 4636 ἐπεὶ
810 4583 1056 4636 ἐγήοευεν
1105 4586 1134 4636 ἡ
1193 4533 1478 4636 Ἐκκῖησὶα
1529 4591 1714 4636 (ποοτέι

221 4583 419 4655 χωρεῖ.
478 4583 580 4636 Κάὶ
634 4583 778 4658 ἐπεί
810 4583 1134 4658 ἐχήρευενμὴ
1186 4585 1311 4658 ,Ἐκκ

2011 1555 2098 1607 53.
2134 1551 2316 1621 Igitur
2338 1551 2666 1624 imperator
2703 1551 3042 1607 Theodorus
3068 1549 3301 1622 imperii
3346 1549 3598 1606 habenis

1941 1641 2258 1712 susceptis,
2301 1641 2602 1713 Justisque
2652 1640 2998 1712 imperatori
3051 1643 3107 1695 et
3137 1639 3314 1711 patri,
3337 1639 3422 1695 uti
3468 1637 3600 1693 ﬁeri

1939 1734 2124 1794 amat,
2152 1729 2346 1801 factis,
2380 1735 2436 1786 et
2486 1745 2668 1802 super
2708 1734 2942 1786 scutum
2972 1728 3266 1799 assidens,
3295 1728 3380 1783 uti
3409 1727 3596 1782 moris

1940 1824 2046 1883 est,
2072 1818 2150 1874 ab
2177 1818 2463 1875 omnibus
2493 1819 2821 1891 imperator
2849 1818 3238 1885 acclamatus,
3267 1816 3599 1889 Nymphaeo

1940 1906 2256 1964 discedens
2270 1907 2726 1980 Philadephiam
2742 1912 3060 1973 commeat,
3075 1905 3280 1962 urbem
3293 1906 3602 1976 ingentem

1940 2002 1996 2052 et
2034 1997 2406 2069 frequentem
2435 1997 2678 2069 populis
2721 1996 3162 2069 oppidanisque
3195 2010 3367 2050 arma
3405 1994 3598 2071 112

1941 2102 2177 2142 sumere
2207 2093 2265 2143 et
2289 2087 2552 2144 maxime
2581 2087 2812 2156 sagittis
2843 2085 3254 2143 adversarium
3303 2084 3603 2152 conﬁgere

1939 2176 2246 2248 professis.
2288 2179 2370 2233 Ea
2399 2193 2538 2232 cum
2572 2176 2634 2231 in
2664 2175 2989 2231 ﬁnitimum
3045 2190 3261 2245 agrum
3293 2173 3604 2229 Persicum

1939 2265 2313 2335 extendatur,
2340 2266 2500 2322 bella
2528 2281 2666 2321 cum
2699 2265 2980 2321 hostibus
3005 2265 3290 2320 continuo
3320 2277 3604 2319 exercens

1942 2360 2179 2427 gentem
2209 2355 2348 2411 belli
2397 2355 2612 2411 studiis
2651 2355 3051 2428 asperrimam
3099 2353 3221 2410 alit.
3272 2353 3356 2408 lbi
3394 2353 3604 2425 paucis

1941 2442 2184 2513 diebus,
2213 2443 2439 2516 quibus
2483 2443 2850 2513 legationem
2894 2443 2974 2499 ad
3006 2441 3310 2500 sultanum
3340 2441 3602 2512 miserat,

1943 2538 2355 2589 commoratus
2383 2533 2464 2588 ad
2499 2533 2891 2606 Bithynorum
2914 2547 3053 2588 oras
3075 2536 3133 2588 et
3153 2531 3233 2588 ad
3258 2531 3519 2604 primam
3543 2528 3607 2584 il-

1941 2621 2056 2676 lius
2085 2621 2345 2691 regionis
2371 2621 2582 2677 urbem
2609 2623 2869 2677 Nicaeam
2902 2621 3163 2676 secessit.
3191 2619 3306 2677 Sed
3331 2636 3470 2675 cum
3498 2634 3605 2691 pa-

1943 2711 2215 2768 triarchae
2239 2711 2388 2768 orba
2415 2711 2680 2767 Ecclesia
2701 2711 2853 2768 foret
2881 2713 3051 2784 (nam
3077 2710 3261 2782 paulo
3278 2715 3605 2781 antequam

1941 2803 2202 2857 Joannes
2233 2802 2550 2874 imperator
2579 2806 2936 2869 moreretur,
2992 2797 3332 2871 patriarcha
3376 2796 3602 2855 Manuel

1942 2891 2125 2946 vitam
2157 2890 2436 2960 ﬁnierat),
2457 2905 2568 2946 nec
2591 2889 2820 2962 absque
2852 2888 3198 2961 patriarcha
3227 2883 3606 2960 imperatoris

1945 2979 2250 3036 coronatio
2271 2979 2333 3034 in
2360 2995 2531 3034 sacro
2555 2979 2778 3051 templo
2805 2977 3020 3034 conﬁci
3039 2981 3264 3049 posset,
3293 2976 3513 3046 dignus
3534 2989 3608 3031 ea

1944 3068 2254 3140 provincia
2293 3073 2352 3124 et
2392 3067 2622 3124 honore
2662 3066 3148 3139 conquirebatur.
3205 3065 3606 3121 Plurimorum

1871 3143 1911 3200 Ο
1947 3153 2302 3225 suﬂ‘ragiain
2320 3155 2720 3228 Nicephorum
2746 3154 3159 3218 Blemmidam,
3176 3159 3608 3226 praeceptorem

1948 3259 2152 3299 meum
2165 3245 2788 3317 etphilosophicorum
2805 3259 3154 3300 sermonum
3169 3259 3238 3299 ac
3249 3243 3608 3313 dogmatum

1945 3331 2362 3402 institutorem,
2420 3334 2618 3389 virum
2675 3338 2731 3390 et
2772 3333 2976 3389 litteris
3033 3332 3250 3388 virtute
3306 3345 3608 3404 perquam

1948 3421 2244 3478 celebrem
2271 3428 2328 3478 et
2356 3423 2460 3496 qui
2493 3422 2731 3495 juvenis
2762 3422 2961 3479 adhuc
3001 3427 3180 3494 atque
3201 3420 3416 3477 tenella
3435 3425 3609 3477 aetate

1943 3511 2160 3582 jugum
2187 3512 2537 3568 monasticae
2575 3513 2712 3568 vitae
2742 3511 2980 3578 tulerat,
3031 3510 3448 3582 respiciebant,
3475 3509 3611 3565 licet

1947 3600 2400 3670 nonnullorum,
2423 3606 2480 3658 et
2501 3601 2763 3657 maxime
2780 3601 3128 3674 primatum,
3142 3599 3471 3655 invidentia
3483 3613 3609 3653 non

1947 3689 2132 3745 modo
2162 3694 2344 3745 tanta:
2369 3690 2599 3746 virtutis
2618 3689 2824 3746 lumen
2844 3688 3204 3756 occuluerat,
3235 3687 3344 3743 sed
3367 3691 3425 3742 et
3467 3687 3610 3742 vitia

1947 3777 2229 3852 quaedam
2253 3779 2483 3834 homini
2499 3780 2875 3851 appinxerat.
2902 3779 3071 3834 Hunc
3087 3779 3413 3850 imperator
3425 3777 3608 3832 Theo-

1948 3867 2134 3924 dorus
2149 3868 2456 3938 diligebat,
2473 3870 2570 3923 cui
2577 3870 2598 3940 j
2609 3869 3094 3924 uncundissimus
3108 3873 3251 3936 erat,
3268 3867 3491 3940 quippe
3503 3865 3610 3938 qui

1950 3975 2322 4027 sermonum,
2347 3959 2574 4031 quibus
2603 3973 2990 4031 summopere
3021 3957 3451 4026 delectabatur,
3483 3971 3609 4013 ma-

1948 4048 2196 4120 gistrum
2209 4063 2350 4102 eum
2362 4047 2476 4102 sibi
2490 4047 2851 4104 adsciverat:
2869 4047 3177 4119 sapientiae
3191 4046 3352 4102 enim
3370 4044 3610 4100 culmen

1949 4143 2004 4195 et
2033 4153 2094 4193 re
2115 4153 2260 4193 vera
2301 4137 2578 4208 attigerat
2602 4137 2948 4210 imperator.
2992 4136 3090 4192 llle
3129 4136 3206 4192 ad
3226 4141 3460 4192 tantam
3478 4149 3609 4190 rem

1949 4227 2188 4300 segnior
2216 4242 2370 4292 esse,
2403 4231 2460 4283 et
2478 4227 2806 4299 imperator
2835 4226 3019 4282 etiam
3036 4226 3164 4299 ipse
3194 4241 3318 4282 non
3339 4227 3610 4297 impense

1949 4317 2128 4374 nimis
2153 4332 2387 4388 urgere,
2411 4316 2507 4372 cui
2523 4316 2764 4386 magnis
2787 4315 3007 4387 volupe
3023 4319 3148 4371 erat
3165 4315 3243 4372 ab
3260 4330 3330 4370 eo
3353 4313 3612 4370 similem

1376 4442 1524 4516 ὁσίαν
1610 4439 1838 4504 ἀποδοὺς
1909 4451 2003 4516 τῷ,
2061 4446 2235 4516 πατρὶ⁸
2302 4446 2392 4494 καὶ
2467 4440 2546 4493 ἐπ’
2621 4436 2850 4516 ἀσπίδος
2937 4441 3233 4512 φημισθεὶς,
3286 4445 3403 4516 τοῦ,
3459 4444 3613 4516 Νυμ-

1814 4520 1914 4568 Καὶ
1953 4510 2178 4566 ’ἐκεῖσε
2205 4510 2631 4588 διακαρτερήσας
2687 4515 2872 4588 μικρὸν
2929 4510 3020 4563 καὶ
3082 4511 3612 4588 περίμτηνᾳβιθυνῷν

1347 4590 1478 4644 ησία
1526 4581 1866 4662 (προτιέθνηκε
1919 4589 2022 4659 ’γὰρ
2075 4593 2166 4637 τοῦ
2212 4581 2478 4662 βασιλέως.
2518 4587 2544 4636 ὁ
2597 4581 2937 4662 πατριάρχης
2992 4581 3283 4662 Μανούὴλ),
3350 4581 3615 4662 ’βρισένιόν

215 4648 601 4732 ἷτιν-ἀμοναχόν
626 4654 678 4718 ἐξ
738 4648 1152 4732 Ἀτιξᾶλλυνιάδος
1185 4655 1370 4728 λίμνης
1425 4648 1889 4732 μεταπεμψάμενος
1928 4648 2234 4732 ’χειροτονεῖ
2284 4658 2644 4732 πατριάρχην,
2705 4648 2762 4718 ός
2797 4648 2916 4708 ’καὶ
2963 4648 3278 4730 μονημέρως
3355 4648 3606 4716 διάκονος

225 4676 343 4705 τινα
371 4676 601 4727 μοναχον
626 4676 674 4718 ες
756 4676 1152 4717 ΛποΑΑυνιασος
1187 4676 1370 4728 Λιμνης
1425 4676 1889 4731 μεταπεμψάμενος
1943 4677 2033 4729 χει
2071 4676 2210 4708 οτονε

225 4729 322 4776 καὶ
354 4726 506 4800 ἱερεὺς
536 4732 626 4780 καὶ
650 4728 986 4802 πατριάρχης
1007 4728 1229 4781 τέλεστο.
1268 4733 1368 4781 Καὶ
1397 4729 1521 4804 παρ’
1546 4729 1707 4782 αὐτοῦ
1736 4733 1976 4804 στεφθεὶς
2005 4676 2211 4791 ἔξεισιν.

1121 4833 1468 4902 Theodori
1516 4836 1770 4904 Dousa:
1818 4845 1885 4904 et
1931 4834 2186 4904 Leonis
2233 4833 2468 4901 Allatii
2516 4842 2721 4904 notae.

299 4963 414 5035 (18)
443 4961 730 5035 Φημισθεὶς
786 4962 1150 5035 αύτοκράτωρ.
1183 4961 1490 5035 Quamvis
1517 4963 1679 5018 enim
1717 4963 1840 5018 im-

214 5030 462 5104 perium
482 5032 614 5103 jure
634 5030 1015 5089 haereditario
1037 5030 1116 5088 ad
1136 5033 1514 5090 Theodorum
1543 5035 1842 5091 Lascarim

212 5101 643 5178 1iren_iret,'quia
662 5105 712 5160 is
732 5121 768 5161 a
784 5109 952 5178 patre
974 5105 1205 5162 vivente
1219 5122 1342 5161 non
1363 5105 1698 5178 appellatus
1717 5106 1842 5161 fue-

211 5179 317 5230 rat
335 5175 683 5245 impcrator,
703 5193 774 5232 eo
790 5175 1077 5232 defuncto
1100 5175 1606 5233 communi—totius
1625 5178 1844 5233 exerci-

214 5251 327 5301 tus
367 5259 669 5302 consensu
703 5263 773 5303 ac
805 5249 1098 5303 nobilium
1120 5265 1394 5304 omnium
1423 5265 1493 5305 ac
1525 5265 1844 5305 procerum

213 5329 532 5373 concursu
573 5318 901 5390 imperator
933 5318 1224 5376 salutatur
1262 5338 1274 5375 :
1321 5318 1638 5376 constabat
1685 5321 1847 5376 enim

212 5389 526 5445 Joannem
540 5390 765 5445 nemini
782 5395 1059 5446 omnium
1073 5391 1188 5446 nisi
1203 5389 1324 5447 ﬁlio
1338 5392 1659 5447 imperium
1673 5392 1848 5447 relin-

215 5473 414 5539 quere
437 5460 896 5539 voluisse,quod
916 5469 973 5518 et
992 5464 1125 5539 pius
1155 5469 1308 5520 esset
1335 5464 1396 5518 in
1425 5460 1645 5539 liberos
1665 5469 1724 5539 et
1744 5479 1848 5519 ne-

216 5532 382 5601 nimi
397 5532 565 5590 alteri
579 5534 640 5590 id
655 5532 1050 5601 des‘tinaretIQ
1059 5549 1199 5591 nare
1217 5541 1418 5592 autem
1434 5535 1624 5592 ﬁlium
1644 5536 1849 5592 vivens

217 5600 401 5666 nullo
433 5604 621 5665 modo
659 5605 985 5677 designare
1034 5600 1303 5678 voluerit,
1331 5607 1611 5681 pluribus
1638 5622 1852 5681 prose-

1997 4961 2153 5016 uitur
2177 4961 2489 5030 Gregoras,
2520 4958 2629 5016 lib.
2687 4974 2767 5026 lll,
2795 4957 2902 5030 qui
2953 4956 3156 5030 subdit
3210 4973 3223 5013 :
3269 4953 3614 5030 Ἀνηγόρευτο

1950 4977 2153 5086 gunur
2177 4977 2489 5029 uregoras,
2520 4977 2629 5016 111).
2687 4977 2767 5026 ΙΙΙ,
2795 4977 2902 5046 (1111
2953 4977 3156 5013 διωαιῑ
3210 4977 3223 5013 ξ
3269 4977 3614 5030 Ἀνηγορευτο

1960 5103 1968 5105 _
1994 5034 2005 5050 ’
2032 5033 2258 5105 ὕστερονΔ
2274 5030 2396 5105 παρ’
2420 5029 2648 5102 ἐχόντων
2667 5038 2768 5105 τῶν
2800 5033 3044 5105 υπηκόων
3074 5026 3313 5105 ἀπάντων
3339 5029 3616 5105 καθεσθεὶς

1953 5103 2032 5158 ἐπ’
2093 5099 2322 5165 ἀσπίδος
2350 5099 2502 5156 ’κατά
2557 5105 2616 5154 τό
2676 5101 2724 5154 ἓν
2800 5103 3006 5162 τούτοις
3081 5099 3390 5174 ἐπικρατοῦν
3468 5101 3607 5160 ἔθος.

1954 5183 2092 5232 ALL.

2026 5246 2144 5317 (19)
2223 5246 2479 5322 Ἐχήρευε
2570 5252 2663 5298 τού
2737 5251 3204 5320 πατριαρχοῦντος.

1957 5335 2017 5392 p.
2048 5323 2134 5374 55.
2159 5323 2295 5374 ALL.

2033 5391 2144 5460 (20)
2224 5388 2435 5452 Πολλοῖς
2514 5391 2597 5441 ἐπὶ
2654 5397 2726 5460 τῷ
2795 5383 3109 5461 Βλεμμύδη,
3180 5389 3488 5461 Gregoras,
3555 5400 3616 5457 p.

1961 5466 2050 5519 55.
2071 5469 2110 5517 A
2121 5457 2409 5538 cropolita
2426 5457 2755 5538 Manuelem
2777 5457 2951 5516 vocat
2963 5457 3368 5538 patriarcham
3383 5457 3621 5538 dem‘o‘rt

1960 5537 2160 5614 tuum,
2193 5527 2484 5614 Gregoras
2537 5536 2903 5590 Germanum
2927 5549 2941 5589 :
2963 5527 3085 5588 ‘sed
3105 5530 3291 5604 dehis
3333 5544 3445 5588 nos
3477 5527 3623 5591 alibi

1964 5609 2222 5678 egimus.
2251 5609 2387 5663 ALL.

2795 4957 2902 5046 qui
2953 4956 3156 5043 subdit

3299 5243 3614 5314 Gregoras,
