4124 6386
268 244 404 302 1125

261 379 382 432 κῆς.
411 371 491 422 Τὰ
521 366 682 422 πλείω
733 362 793 420 δε
847 374 947 420 τῶν
1003 366 1200 420 ἄστεων
1249 371 1337 420 καὶ
1395 365 1746 442 ἀπεριποίητα
1804 366 1864 428 ἦν
1899 376 1940 424 Α

261 465 479 512 καὶτῶν
517 451 798 531 χρειωδῶν
830 455 997 509 ὅπλων
1037 455 1250 530 ἆμοιρα·
1287 459 1596 529 Κατεσχέθη
1629 462 1719 530 μὲν
1779 455 1866 511 οὖν

261 548 411 602 ἐκτοῦ
439 550 742 622 παραυτίκα
780 550 1118 619 Στενίμαχος,
1177 547 1492 621 Πριστίτζα,
1555 548 1864 621 Κρυτξιμός,

260 641 526 702 Τζέπαινα
583 640 676 688 καὶ
731 637 799 688 τὰ
859 633 907 688 έν
960 643 1022 708 τῇ
1085 632 1327 709 Ἀχριδῶ
1389 635 1662 708 ξύμπαντα
1736 637 1866 698 πλὴν

260 728 523 781 Μνειάκου
557 746 570 759 ·
603 732 758 778 τοῦτο
796 727 898 800 γὰρ
955 730 1045 778 καὶ
1097 729 1248 798 μόνον
1297 727 1398 779 ὐπό
1452 725 1716 800 Ῥωμαίων
1772 747 1869 781 πε-

262 817 543 891 φύλακται.
573 811 792 888 Οὖστρα
827 811 887 868 δε
941 819 1032 868 καὶ
1089 821 1438 891 Περπερακιον
1488 821 1578 869 καὶ
1637 816 1869 890 Κρυϐοῦς

261 909 452 960 καὶτὸ
508 908 884 980 παρακείμενον
939 912 1002 977 τῇ
1054 911 1146 957 τοῦ
1195 901 1482 978 Ἀδριανοῦ
1533 910 1624 958 καὶ
1688 905 1868 965 κεκλη-

262 999 412 1069 μένον
458 995 680 1069 Ἐφραὶμ
735 1000 842 1056 τοῖς
897 992 1214 1067 Βουλγαροις
1269 999 1598 1068 κεχείρωται.
1661 998 1866 1048 Τούτων

262 1086 398 1139 οὕτω
451 1087 796 1157 γεγενημένων
854 1089 944 1137 καὶ
1002 1092 1102 1136 τῶν
1162 1083 1212 1136 έν
1281 1081 1511 1158 δυσμαῖς
1569 1084 1866 1158 Ῥωμαϊκῶν

261 1175 608 1247 κλονουμενων
659 1175 1004 1246 πραγμάτων,
1058 1180 1156 1235 τῆς
1213 1178 1394 1246 φήμης
1445 1177 1609 1246 μέχρι
1664 1179 1754 1226 καὶ
1815 1174 1868 1237 ἐς

260 1262 519 1338 βασιλέως
583 1259 983 1337 έπιδραμούσης
1061 1267 1149 1315 καὶ
1226 1262 1469 1316 πλειόνων
1538 1260 1866 1336 προσδοκίαν

257 1361 432 1407 κακῶν
490 1359 592 1404 τῶν
648 1355 946 1425 προσόντων
1003 1355 1290 1424 φαντασίαν
1353 1357 1737 1426 παρεχομένης,
1819 1355 1867 1406 οἱ

256 1447 379 1517 περὶ
429 1443 497 1495 τα
549 1439 801 1514 βασίλεια
850 1440 909 1494 οὐ
963 1449 1164 1516 μικρῶς
1219 1439 1598 1516 ἐταράχθησαν
1651 1463 1664 1475 ο
1736 1443 1867 1500 ἠπί-

261 1551 452 1585 σταντο
479 1533 579 1604 γὰρ
621 1531 687 1592 ὡς
728 1532 794 1583 τὰ
842 1529 1000 1583 πλείω
1054 1537 1152 1582 τῶν
1211 1526 1441 1583 δυτικῶν
1495 1538 1661 1603 μερῶν
1714 1531 1869 1583 Βουλ-

259 1624 442 1696 γάροις
483 1621 767 1688 οἰκοῦνται,
844 1624 935 1672 καὶ
1007 1618 1446 1678 ἀποστατήσουσι
1516 1619 1680 1673 πάλαι
1751 1620 1869 1673 Ῥω-

1785 245 2126 303 ANNALES.

3508 251 3642 311 H26

1975 372 2260 442 Tzepeena
2285 373 2341 426 et
2372 370 2640 428 Achridis
2663 376 2877 444 praeter
2895 372 3211 441 Mniacum,
3236 375 3403 448 quod
3430 376 3527 433 vel
3549 394 3642 435 so-

1975 460 2102 516 lum
2132 460 2414 515 Romanis
2437 459 2723 517 devotum
2747 466 3640 533 perseveraverat,omnia.Pra:-

1976 552 2137 606 terea
2167 550 2356 619 Ustra,
2381 552 2818 621 Perperacium,
2844 553 3052 609 Cribus
3077 559 3134 609 et
3155 555 3322 626 quod
3351 556 3643 614 Adriano-

1977 637 2099 710 poli
2129 637 2386 710 adjacet,
2417 639 2694 710 Ephrem,
2719 641 2982 712 Bulgaris
3001 659 3253 700 cessere.
3280 647 3412 700 Haec
3438 645 3542 701 ubi
3558 645 3642 703 ita

1977 726 2135 784 facta
2161 732 2324 798 sunt,
2355 733 2412 784 et
2437 728 2498 784 in
2528 730 2797 786 occiduis
2833 733 3105 803 partibus
3145 733 3326 789 rebus
3344 737 3641 792 Romano-

1975 831 2110 872 rum
2138 817 2200 872 in
2228 815 2557 874 discrimen
2580 820 2828 887 adactis,
2849 837 2984 877 cum
3011 821 3176 878 fama
3203 822 3282 878 ad
3304 823 3636 896 imperato-

1975 906 2057 962 ris
2096 906 2278 962 etiam
2311 923 2484 963 aures
2505 909 2895 981 pervolasset,
2937 913 2979 982 ι
2999 912 3109 983 15
3138 917 3195 968 et
3233 913 3636 984 praesentibus

1977 995 2150 1053 malis
2172 997 2466 1054 atrociora
2488 998 2624 1054 inde
2641 1004 2894 1056 ventura
2914 1007 3425 1073 repraesentasset,
3451 1003 3557 1075 qui
3578 1003 3642 1059 in

1977 1083 2117 1141 aula
2153 1089 2341 1151 erant,
2394 1087 2572 1142 nimis
2626 1088 2965 1145 conturbati
3023 1094 3184 1157 sunt,
3243 1091 3468 1163 quippe
3535 1092 3642 1164 qui

1978 1172 2198 1228 scirent
2223 1174 2602 1244 potissimam
2624 1177 2958 1234 Occidentis
2981 1183 3216 1250 partem
3245 1179 3308 1235 in
3352 1179 3642 1250 Bulgaros

1975 1277 2104 1318 esse
2126 1278 2514 1335 propensam,
2540 1271 2837 1339 tanquam
2859 1284 2996 1341 quae
3018 1283 3055 1325 a
3075 1269 3362 1326 Romanis
3379 1269 3641 1342 jampri-

1975 1352 2112 1408 dem
2146 1351 2478 1425 defecisset,
2502 1361 2556 1412 et
2612 1361 2882 1414 recenter
2911 1374 2948 1414 a
3005 1361 3234 1416 Joanne
3277 1360 3641 1430 imperatore

1975 1440 2274 1498 debellata
2300 1444 2574 1502 nondum
2601 1446 2796 1503 solida
2827 1463 2896 1503 ac
2920 1447 3096 1504 ﬁrma
3124 1448 3186 1504 in
3206 1449 3477 1506 dominio
3501 1464 3640 1506 con-

1977 1538 2176 1604 staret,
2212 1537 2318 1593 sed
2348 1537 2633 1594 continua
2657 1536 2718 1593 in
2758 1539 3061 1595 Romanos
3110 1539 3252 1597 odia
3292 1539 3638 1597 clanculum

1979 1633 2300 1686 exerceret.

259 1715 452 1785 μαίων,
507 1711 820 1786 προσφάτως
873 1705 933 1762 δὲ
988 1710 1296 1795 χειρωθεῖσι
1347 1718 1421 1781 τῷ
1480 1708 1688 1783 βασιλεῖ
1722 1710 1954 1786 Ἰωάννη,
2005 1721 2095 1769 καὶ
2153 1718 2297 1772 οῢπω
2351 1719 2508 1782 πῆξιν
2564 1725 2657 1781 τῆς
2725 1724 3040 1792 χειρώσεως,
3101 1719 3382 1790 λαϐούσης,
3441 1722 3638 1795 ἔχθραν

264 1797 326 1856 δὲ
365 1799 443 1854 ἀεὶ
470 1803 601 1874 πρὸς
636 1798 920 1872 Ῥωμαίους
959 1794 1354 1871 ἕνδομυχοῦσι.

329 1889 412 1947 νε’.
445 1893 542 1946 Διὰ
569 1897 739 1943 ταῦτα
765 1890 812 1925 ⁸³
851 1892 942 1941 καὶ
999 1888 1151 1949 αὐτὸς
1207 1890 1234 1941 6
1295 1888 1548 1962 βασιλεύς
1606 1884 1862 1961 ἠδημόνει
1903 1889 1944 1944 Β

254 1987 369 2044 τοῖς
395 1982 725 2056 πράγμασιν,
777 1977 821 2031 εἰ
867 1980 1003 2031 οὕτω
1059 1977 1176 2031 κατ’
1233 1976 1409 2051 ἀρχὰς
1469 1986 1558 2039 τῆς
1620 1978 1867 2041 ἐξουσίας

253 2071 339 2142 [Ρ.
373 2068 467 2142 59]
517 2068 679 2124 αὐτοῦ
731 2064 1020 2139 δυστυχῶς
1075 2069 1312 2140 πράττει.
1369 2069 1726 2142 Συναθροίσας
1777 2075 1864 2120 οῦν

255 2163 381 2223 τοὺς
409 2160 460 2211 ἓν
498 2157 630 2212 τέλει
670 2161 760 2210 καὶ
813 2161 933 2218 τοὺς
995 2155 1066 2218 εἰς
1123 2159 1444 2230 στρατηγούς
1503 2161 1864 2230 τεταγμένους,

262 2252 360 2301 σὺν
389 2248 468 2308 οἷς
494 2252 586 2299 καὶ
611 2248 660 2299 οἱ
687 2248 813 2320 πρὸς
840 2246 1058 2299 πάππου
1089 2244 1246 2298 αὐτοῦ
1277 2253 1370 2298 τοῦ
1430 2243 1691 2312 βασιλέως
1747 2251 1868 2300 Θεοο

260 2335 437 2414 δώρου
465 2339 709 2410 ὑπῆρχον
735 2335 876 2407 αὐτῷ
908 2337 1054 2406 θεῖοι,
1083 2336 1110 2388 ὃ
1139 2353 1192 2387 τε
1244 2335 1493 2394 Μανουὴλ
1542 2341 1632 2389 καὶ
1688 2337 1714 2388 6
1767 2343 1866 2389 Μι-

259 2425 423 2500 χαὴλ,
467 2423 809 2480 έϐουλεύσατο
866 2427 918 2476 τί
966 2423 1026 2474 ἃν
1081 2421 1200 2495 ἔχοι
1244 2426 1375 2498 πρὸς
1440 2426 1503 2475 τὰ
1554 2429 1867 2497 γεγενημένα

262 2513 706 2590 διαπράττεσθαι.
743 2516 808 2566 Οἱ
854 2516 944 2587 μεν
1005 2509 1092 2566 οὖν
1145 2512 1352 2574 πλείους
1405 2511 1726 2588 διαπερᾶσαι
1777 2519 1864 2567 τὸν

261 2603 488 2679 βασιλέα
511 2609 600 2658 τὸν
622 2603 994 2662 Ἑλλήσποντον
1027 2598 1143 2656 δέον
1188 2602 1358 2674 ἔλεγον
1408 2604 1536 2656 εἶναι
1583 2608 1674 2677 καὶ
1733 2612 1864 2664 στῆ-

262 2713 355 2748 σαι
383 2699 477 2754 τὴν
500 2703 600 2746 τῶν
629 2692 935 2768 βουλγάρων
962 2693 1142 2766 φοράν.
1175 2697 1338 2744 Τοῦτο
1369 2688 1428 2744 δὲ
1453 2699 1561 2754 τοῖς
1592 2700 1684 2744 τοῦ
1731 2712 1864 2768 κρα-

255 2793 464 2847 τοῦντος
496 2787 656 2846 θείοις
675 2791 781 2844 τοῖς
805 2787 1194 2858 προειρημένοις
1243 2782 1337 2834 οὐκ
1371 2782 1607 2858 ἧρεσκεν,
1656 2783 1732 2844 οἷς
1775 2787 1864 2834 καὶ

255 2882 513 2949 προσεῖχε
541 2873 730 2948 μᾶλλον
761 2874 786 2924 6
810 2871 1074 2946 βασιλεύς,
1105 2870 1308 2924 παλλῶν
1335 2871 1498 2926 ἕνεκα.
1530 2869 1597 2924 Ἦ
1654 2891 1708 2924 τε
1759 2873 1862 2946 γὰρ

255 2969 540 3039 γνησιότης
569 2971 660 3016 τοῦ
705 2967 886 3036 γένους
923 2961 1188 3033 ἠνάγκαζε
1235 2967 1326 3014 καὶ
1380 2965 1439 3014 τὸ
1507 2969 1602 3024 τῆς
1658 2962 1864 3024 ἡλικίας

258 3056 485 3130 γηραιὸν
524 3051 892 3128 παρτεϐίαζεν,
969 3051 1075 3124 οὐχ
1149 3051 1304 3110 ἧττον
1381 3047 1440 3103 δὲ
1513 3054 1640 3124 πρὸς
1711 3058 1865 3104 τοῦτο

258 3146 448 3196 καὶτὸ
491 3142 685 3196 πολλῶν
743 3142 1063 3215 πραγμάτων
1143 3136 1287 3214 ἴδρις
1365 3138 1550 3200 αὐτοὺς
1628 3142 1866 3213 γίνεσθαι

257 3233 538 3310 παρέπειθε
592 3253 606 3265 ·
651 3227 879 3304 φυγάδες
924 3231 1025 3303 γὰρ
1081 3228 1225 3281 οὗτοι
1278 3232 1545 3301 γεγονότες
1599 3236 1696 3292 τῆς
1776 3235 1867 3282 τοῦ
1906 3242 1946 3298 C

258 3321 519 3398 βασιλέῶς
595 3321 832 3376 Ἰωάννου
900 3315 1294 3392 διακρατήσεως
1403 3317 1612 3381 πολλοῖς
1706 3338 1868 3394 προσ-

258 3411 533 3486 ωμίλησαν
609 3406 894 3471 δεσπόταις
984 3413 1074 3460 καὶ
1163 3407 1230 3468 εἰς
1323 3403 1607 3482 διαφόρους
1704 3427 1870 3484 περιε-

256 3501 603 3560 πλανήθησαν
650 3504 864 3564 τόπους,
923 3495 1214 3566 κάντεῦθεν,
1277 3499 1416 3548 κατὰ
1475 3501 1570 3556 τὴν
1621 3500 1860 3566 ποίησιν,

260 3588 403 3645 εἶδον
467 3591 634 3643 ἄστεα
687 3593 778 3642 καὶ
825 3591 938 3640 νόον
983 3589 1234 3658 ἔγνωσαν.
1303 3589 1405 3638 Καὶ
1456 3581 1590 3643 ἦσαν
1659 3588 1749 3658 μὲν
1806 3588 1872 3647 ὡς

261 3681 470 3744 ἀληθῶς
519 3679 666 3733 οὗτοι
714 3682 976 3751 νοήμονες,
1025 3675 1119 3729 οὐκ
1178 3674 1307 3748 ὀρθὰ
1357 3671 1416 3727 δὲ
1472 3673 1712 3748 ἐφρόνουν
1765 3683 1870 3737 τοῖς

259 3781 365 3826 τῶν
413 3771 678 3845 Ῥωμαίων
745 3770 1072 3844 πράγμασιν,
1140 3765 1314 3817 αἰτίαν
1360 3765 1563 3835 ἔχοντες
1624 3767 1682 3816 1'6
1738 3783 1870 3840 110:9-

264 3858 680 3934 ευδοκιμηθῆναι
740 3860 808 3910 1'6:
869 3865 1054 3931 πρῶτα
1114 3856 1259 3927 παρὰ
1316 3861 1409 3905 τοῦ
1479 3849 1704 3924 ἀδελφοῦ
1779 3859 1869 3906 καὶ

268 3949 548 4025 βασιλέως,
575 3946 795 4024 μηδενός
835 3947 1003 4000 αὐτῶν
1049 3945 1122 4009 εἰς
1170 3943 1318 4008 ἀξίαν
1371 3941 1660 4015 ἀνηγμένου
1712 3939 1871 4014 βασι-

263 4039 386 4100 λέως
446 4035 684 4111 ἀδελφοῖς
744 4034 778 4090 δ
786 4039 1161 4112 ιαπρέπουσαν.
1223 4031 1352 4087 Εἶτα
1410 4036 1501 4084 καὶ
1572 4032 1716 4106 παρὰ
1777 4037 1868 4082 τοῦ

256 4127 499 4204 γαμϐρόν
575 4132 665 4180 καὶ
743 4124 1002 4199 βασιλέως
1086 4127 1176 4175 καὶ
1246 4116 1503 4194 φυγαδίαι
1588 4128 1678 4180 τῆς
1754 4117 1872 4171 Ῥω-

255 4223 428 4298 μαίων
485 4220 810 4292 γεγενημένοι
875 4217 998 4289 πρὸς
1059 4213 1246 4274 αὐτοὺς
1318 4207 1710 4283 ἐδυσμέναινον.
1770 4213 1870 4262 Καὶ

256 4296 429 4364 ταῦτα
464 4312 554 4383 μέν
597 4309 718 4367 ἴσως
757 4305 862 4381 ἐρεῖ
893 4323 969 4364 τις
1003 4305 1148 4356 αἴτια
1187 4299 1339 4373 εἶναι,
1377 4303 1436 4353 1'6
1479 4296 1539 4353 δὲ
1580 4298 1766 4361 ἀληθὲς
1805 4301 1872 4352 τὰ

258 4408 362 4453 τῶν
389 4397 670 4474 ἀνθρώπων
701 4398 804 4456 ἤθη
839 4393 1058 4446 ἀϐέϐαια
1118 4397 1242 4444 ὄντα
1291 4395 1380 4444 καὶ
1442 4389 1652 4443 ἆστατα
1700 4391 1871 4443 τοιού-

261 4507 384 4550 τους
431 4487 714 4558 τυγχάνειν
761 4483 986 4537 ἐποίουν.
1039 4486 1140 4535 Καὶ
1199 4487 1368 4533 ταῦτα
1410 4483 1500 4553 μὲν
1549 4479 1607 4532 οὗ
1671 4476 1872 4532 διελάν-

266 4581 413 4632 θανεν
435 4571 560 4630 οὐδε
589 4572 930 4648 τὸνβασιλέα
978 4567 1254 4644 Θεόδωρον
1285 4591 1298 4604 ·
1356 4573 1482 4632 τέως
1536 4565 1624 4621 οὖν
1679 4570 1744 4629 ὡς
1798 4567 1952 4654 0i-D

267 4671 550 4731 κείουςτοῦ
599 4664 821 4736 αἳματος
868 4667 958 4715 καὶ
999 4665 1056 4714 τὸ
1113 4665 1269 4733 τιμᾶν
1318 4660 1504 4721 αὐτοὺς
1552 4656 1648 4712 διὰ
1685 4663 1874 4720 παντὸς

266 4757 598 4834 προελόμενος
672 4755 871 4830 ἐχρᾶτο
944 4755 1073 4826 πρὸς
1151 4749 1465 4823 συμϐουλὰς.
1545 4748 1874 4802 Ὑπετίθεντο

265 4854 390 4922 γοῦν
419 4847 565 4900 οὗτοι
596 4849 661 4906 ὡς
689 4844 748 4897 οὐ
783 4847 956 4916 χρεὼν
993 4844 1078 4894 τόν
1119 4837 1346 4913 βασιλέα
1385 4834 1710 4912 διαπερᾶσαι
1744 4841 1876 4913 πρὸς

265 4942 364 4997 κὴν
394 4934 630 5010 δυσμὴν,
667 4935 747 4987 ὅτι
769 4952 823 4986 τε
851 4939 1024 4993 κακῶς
1073 4930 1288 5006 πράττει
1345 4930 1410 4980 τὰ
1459 4934 1679 4980 τοιαῦτα
1718 4930 1872 5002 μέρη,

265 5032 358 5081 καὶ
382 5028 454 5089 ὡς
494 5030 636 5078 νοσεῖ
695 5018 894 5095 σχεδόν
948 5019 1292 5095 ἀθεράπευτα,
1339 5017 1643 5091 στράτευμά
1696 5035 1750 5069 τε
1799 5019 1871 5089 μὴ

265 5119 410 5190 ἔχειν
437 5119 522 5170 τὸν
553 5112 778 5187 βασιλέα
811 5119 1078 5188 προσῆκον
1123 5107 1307 5183 πράξει
1355 5106 1651 5181 βασιλικῇο
1703 5107 1730 5159 6
1774 5107 1873 5180 γὰρ

266 5210 472 5281 χειμὼν
503 5202 689 5256 ἐκώλυε
717 5207 812 5262 τὴν
867 5201 1206 5275 συνάθροισιν
1262 5207 1362 5251 τῶν
1411 5193 1705 5270 δυνάμεων.
1775 5200 1876 5250 Καὶ

343 5385 393 5422 ⁴²
455 5385 499 5440 D
551 5400 565 5440 :
623 5382 816 5444 Βουλην
847 5377 935 5434 οὖν
985 5379 1358 5445 ποιησάμενος,
1417 5379 1465 5431 οἱ

343 5400 392 5422 ’³
455 5400 499 5440 υ
551 5400 565 5440 :
624 5400 816 5444 boumv
847 5401 935 5434 ουν
985 5400 1186 5439 ποιησα

272 5454 333 5513 δε
371 5459 503 5534 πρὸς
543 5457 760 5510 πάππου
819 5454 979 5507 αὑτοῦ
1022 5459 1113 5534 τοῦ
1167 5400 1227 5526 βό

1209 5451 1428 5524 ασιλέως
1475 5445 1752 5524 Θεοδώρου
1810 5448 2062 5524 Μανουήλ
2116 5445 2215 5524 καὶ,
2261 5446 2480 5524 Μ-ιχαῄλ
2533 5447 2582 5498 οἱ
2650 5447 2966 5524 ᾼαπάριες,
3015 5447 3113 5524 ρῖςγ
3154 5445 3410 5524 προσεῖχε

2050 1899 2135 1950 55.
2168 1896 2491 1970 Propterea
2516 1897 2844 1969 imperator
2869 1897 3050 1953 etiam
3079 1896 3210 1970 ipse
3238 1897 3421 1954 rebus
3461 1899 3638 1956 anxie

1975 1983 2290 2055 aestuabat,
2364 1985 2413 2040 si
2478 1989 2602 2041 tam
2623 1984 2836 2041 misere
2881 1986 3193 2056 potestatis
3251 1985 3414 2042 illius
3465 1986 3636 2044 initio

1975 2071 2359 2130 haberentur.
2386 2073 2502 2129 Illis
2526 2090 2668 2146 ergo
2695 2073 2800 2146 qui
2853 2074 3140 2144 dignitate
3189 2074 3520 2144 fulgebant,
3582 2079 3639 2132 et

1975 2161 2344 2218 exercituum
2374 2161 2744 2225 ductoribus,
2771 2161 2923 2217 inter
2943 2177 3098 2234 quos
3123 2167 3179 2219 et
3199 2179 3269 2218 ex
3301 2179 3416 2220 avo
3448 2163 3638 2236 impe-

1973 2255 2170 2307 ratore
2198 2251 2505 2308 Theodoro
2526 2250 2723 2324 patrui
2754 2251 2986 2307 Manuel
3011 2255 3066 2307 et
3095 2251 3342 2308 Michael
3373 2251 3636 2310 advene-

1974 2344 2128 2412 rant,
2158 2340 2523 2408 convocatis,
2560 2339 3023 2404 consiliuminit,
3048 2341 3196 2414 quid
3229 2341 3364 2406 sibi,
3388 2347 3453 2398 ut
3475 2342 3636 2399 malo

1974 2435 2328 2498 occurreret,
2360 2429 2666 2501 agendum
2711 2435 2889 2486 esset.
2925 2431 3120 2486 Potior
3160 2447 3369 2487 eorum
3399 2447 3542 2504 pars
3575 2431 3638 2488 in

1974 2533 2109 2574 eam
2131 2519 2236 2574 ivit
2261 2519 2641 2588 sententiam,
2657 2519 3052 2590 utimperator
3069 2518 3450 2592 Hellesponto
3463 2535 3638 2593 supe-

1974 2613 2103 2664 rato
2127 2607 2420 2680 impetum
2446 2607 2840 2677 Bulgarorum
2882 2609 3324 2680 comprimeret.
3371 2609 3483 2665 Sed
3522 2609 3638 2665 hoc

1973 2694 2259 2768 principis
2287 2695 2535 2768 patruis,
2559 2711 2712 2768 quos
2737 2711 2920 2767 supra
2953 2696 3259 2751 nominavi
3285 2696 3453 2752 haud
3485 2697 3629 2752 arri-

1975 2783 2413 2856 debat,quibus
2429 2784 2702 2840 animum
2727 2785 2924 2856 potius
2949 2785 3286 2842 adverterat
3310 2787 3637 2858 imperator

1976 2872 2178 2928 multis
2198 2873 2273 2928 de
2306 2873 2521 2928 causis.
2547 2872 2822 2929 Afﬁnitas
2852 2874 3076 2946 quippe
3099 2873 3331 2946 generis
3359 2879 3414 2930 et
3465 2891 3638 2932 vene-

1974 2961 2167 3018 randa
2215 2967 2494 3018 senectus
2546 2961 2871 3034 compellat
2906 2979 3148 3035 ;neque
3188 2963 3388 3019 minus
3448 2964 3527 3019 ad
3573 2964 3638 3021 id

1975 3051 2535 3108 conferebatrerum
2548 3050 2876 3107 multarum
2889 3052 3272 3126 experientia.
3290 3053 3358 3108 Hi
3371 3068 3640 3126 namque

1974 3141 2224 3197 Joannis
2256 3139 2636 3214 imperatoris
2659 3146 2929 3214 tempore
2955 3147 3012 3197 et
3035 3141 3164 3198 solo
3189 3142 3383 3214 patrio
3403 3143 3640 3199 exsules

1977 3230 2296 3287 multorum
2309 3230 2643 3304 principum
2656 3229 3054 3287 familiaritate
3068 3230 3159 3286 usi
3178 3237 3317 3287 sunt
3333 3236 3389 3289 et
3403 3232 3642 3290 diversa

1976 3320 2038 3376 in
2057 3320 2191 3377 loca
2211 3320 2586 3392 aberrarunt,
2619 3320 2899 3393 hincque,
2935 3322 2978 3392 1
2997 3321 3108 3394 16
3128 3325 3190 3376 ut
3204 3327 3386 3395 poeta
3406 3323 3640 3391 cecinit,

1977 3410 2258 3466 viderunt
2273 3409 2453 3466 urbes
2476 3416 2533 3466 et
2556 3426 2755 3467 mores
2777 3411 3094 3466 hominum
3120 3417 3550 3481 cognoverunt.
3576 3412 3644 3468 Hi

1977 3500 2130 3572 licet,
2169 3505 2229 3556 ut
2255 3517 2464 3557 verum
2485 3500 2692 3572 fatear,
2723 3501 2902 3572 pleno
2928 3506 3166 3573 pectore
3198 3508 3495 3574 saperent,
3517 3517 3642 3558 non

1977 3595 2133 3646 recte
2163 3593 2366 3645 tamen
2388 3591 2799 3645 Romanorum
2823 3588 3004 3644 rebus
3034 3589 3450 3657 consulebant,
3475 3591 3643 3662 quod

1978 3678 2246 3750 primum
2267 3694 2303 3734 a
2332 3677 2510 3733 fratre
2541 3682 2598 3733 et
2618 3679 2977 3750 imperatore
2998 3677 3250 3748 neglecti
3281 3677 3446 3734 nullo
3474 3677 3642 3748 digni

1976 3765 2164 3822 habiti
2194 3764 2449 3820 fuissent
2497 3781 2763 3827 munere,
2805 3764 2973 3838 quod
3014 3764 3224 3821 fratres
3263 3765 3643 3838 imperatoris

1979 3854 2331 3910 condeceret
2358 3873 2371 3922 ;
2395 3853 2534 3909 dein
2565 3870 2672 3926 per
2687 3869 2977 3926 generum
3017 3859 3073 3910 et
3100 3856 3528 3927 imperatorem
3558 3855 3638 3912 ab

1979 3943 2107 4000 solo
2128 3943 2322 4015 patrio
2345 3947 2628 4012 extorres,
2656 3943 2735 4000 ab
2753 3943 2836 3999 eis
2855 3946 3012 3999 totos
3044 3959 3106 3999 se
3128 3943 3639 4001 abolienaverant.

1979 4030 2046 4087 Et
2063 4033 2174 4088 has
2203 4031 2450 4105 quidem
2478 4048 2695 4089 causas
2716 4033 3002 4088 Romanis
3034 4031 3165 4088 illos
3191 4032 3643 4090 inimicissimos

1978 4119 2310 4176 reddidisse
2331 4119 2549 4193 aliquis
2582 4120 2730 4177 forte
2765 4119 3017 4177 diceret:
3043 4120 3220 4178 nobis
3247 4121 3390 4178 satis
3441 4121 3648 4192 cogni-

1982 4213 2108 4266 tum
2139 4225 2339 4266 mores
2367 4209 2688 4265 hominum
2717 4209 2975 4266 incertos
3007 4215 3188 4281 atque
3223 4210 3530 4266 instabiles
3586 4209 3647 4266 in

1979 4299 2334 4371 hujusmodi
2375 4315 2479 4355 eos
2513 4299 2841 4354 deduxisse
2873 4298 3226 4364 simultates,
3273 4316 3411 4372 qua:
3445 4314 3648 4371 neque

1981 4388 2407 4461 imperatorem
2431 4388 2811 4445 Theodorum
2824 4388 3107 4446 latebent.
3122 4389 3521 4446 Nihilominus
3545 4404 3650 4445 eos

1983 4482 2275 4552 tanquam
2288 4478 2581 4550 sanguine
2596 4478 2726 4550 conj
2739 4484 2971 4550 unctos,
2989 4477 3220 4552 etquod
3233 4483 3524 4551 perpetuo
3537 4494 3647 4535 eos

1983 4567 2315 4624 honoribus
2328 4567 2730 4624 condecorare
2747 4572 3167 4641 proposuerat,
3189 4568 3454 4624 consiliis
3473 4568 3647 4625 adhi-

1981 4657 2184 4713 bebat.
2218 4656 2641 4730 Proponebant
2662 4657 2864 4726 itaque
2885 4657 2967 4713 illi
2992 4673 3115 4713 non
3136 4673 3268 4713 esse
3292 4673 3491 4731 operta
3518 4672 3655 4731 pre-

1985 4747 2132 4803 tium
2157 4747 2584 4819 imperatorem
2621 4747 2683 4802 in
2709 4762 2996 4804 occasum
3019 4747 3511 4821 progredi,quod
3561 4764 3647 4807 ea;

1983 4841 2183 4909 partes
2213 4835 2370 4893 male
2393 4835 2822 4894 afﬂictarentur
2843 4843 2899 4894 et
2927 4837 3160 4910 absque
3181 4838 3448 4894 remedio
3465 4837 3642 4894 vehe-

1985 4930 2218 4982 menter
2251 4925 2613 4984 laborarent.
2645 4925 2862 4998 Copias
2887 4941 3021 4982 esse
3059 4926 3439 4999 imperatoris
3467 4927 3649 4984 exiles

1986 5031 2056 5070 ac
2073 5019 2282 5072 tenues
2303 5030 2412 5072 nec
2430 5015 2588 5086 regis
2613 5019 2909 5087 apparatu
2932 5030 3386 5089 suppares,cum
3408 5021 3647 5088 tempus

1984 5104 2308 5160 hibernum
2356 5103 2791 5177 impedimento
2842 5108 2998 5160 esset
3045 5119 3122 5161 ne
3165 5109 3521 5175 cogerentur
3585 5105 3652 5164 in

1985 5211 2200 5254 unum.
2224 5195 2970 5267 Praetereaimperatorem,
2979 5194 3027 5250 si
3045 5193 3181 5252 loco
3192 5199 3508 5253 moveatur
3518 5212 3629 5254 nes

1528 5379 1617 5450 μὶν
1704 5375 1911 5438 πλείους
1963 5371 2284 5450 διαπερᾶσαι
2337 5373 2492 5450 αὐτόν
2561 5375 2649 5450 τὸν
2709 5371 3086 5450 Ἑλλήσποντον
3141 5370 3259 5429 δέον
3323 5374 3543 5450 ἷλεγονμ
3584 5377 3654 5433 οἱ

3502 5449 3653 5505 ἄλλον

269 5537 334 5605 τῇ
365 5515 422 5584 τέ
445 5515 759 5604 γνησιότητι
783 5531 874 5584 καὶ
911 5532 984 5598 τῷ
1007 5515 1179 5601 γήρει,
1210 5523 1270 5577 οὐ
1295 5527 1466 5601 χρεὼν
1516 5515 1838 5598 διαπερᾶσαι
1895 5523 1982 5574 τὸν
2029 5518 2254 5594 βασιλέα
2303 5515 2633 5574 ἐϐοῡλευσαν.
2681 5515 2765 5577 Ἠ.
2819 5515 2920 5571 τῶν
2951 5515 3217 5573 πλειόνων
3269 5515 3398 5594 γοῧν
3452 5515 3656 5600 ἴσχυσε

272 5601 468 5678 βουλῆς
