4124 6386
283 267 418 321 1129

1799 247 2124 303 ANNALES

3509 254 3649 308 H30

274 392 342 442 τὰ
366 389 558 453 πάντα,
585 387 676 434 xui.
707 383 766 434 τὸ
797 379 1018 436 πλησίον
1077 377 1244 429 αὐτῶν
1302 372 1409 434 ἢδη
1465 374 1748 444 τυγχάνειν
1797 375 1883 423 τὸν

2005 385 2155 444 pere,
2180 373 2393 427 etcum
2421 386 2528 442 per
2548 369 2680 426 loca
2719 372 3036 429 arboribus
3063 374 3476 447 frequentibus
3506 392 3648 432 con-

279 477 503 552 βασιλέα
535 469 964 544 διισχυρίζοντο.
997 465 1085 526 Ὠς
1121 467 1276 536 ἔτυχε
1328 470 1452 534 γοῦν
1507 465 1720 521 ἕκαστος
1784 468 1884 511 τῶν

275 548 581 638 Ἑουλγάρων
621 565 711 612 καὶ
773 557 926 616 αὐτὸς
975 557 999 606 ὁ
1059 556 1253 606 τούτων
1308 554 1510 625 ἄρχων,
1569 548 1745 610 ἐπιϐὰς
1793 556 1884 600 τοῦ

278 637 485 722 ἵππου,
518 651 604 704 ἐπὶ
666 650 734 700 τὰ
789 641 1035 720 ἑνδότερα
1091 651 1191 695 τῶν
1251 641 1615 715 Βουλγαρικών
1683 637 1885 712 ἐφέρετο

276 750 488 820 χώρων.
522 734 953 812 Κατεδρύπτοντο
980 729 1037 786 δὲ
1067 735 1261 784 τούτων
1317 735 1423 790 τόῖς
1497 738 1596 782 τῶν
1656 724 1885 801 δένδρων

277 816 495 893 κλὶδοις
541 831 608 881 τὰ
679 829 956 900 πρόσωπα,
1047 823 1358 894 συνηρεφέσι
1435 821 1635 878 τούτοις
1727 816 1886 890 ἐμπί-

279 941 497 978 πτοντα·
558 919 585 971 ὅ
651 912 718 974 δὴ
778 918 868 966 καὶ
918 911 1068 972 αύτὸς
1130 912 1156 962 ό
1245 908 1536 981 Βούλγαρος
1618 909 1882 963 πέπονθεν.

281 1013 443 1066 Ἐνιοι
489 1007 548 1062 δὲ
626 1006 791 1059 αὐτῶν
873 1007 964 1054 καὶ
1031 1007 1247 1073 γυμνοῖς
1317 994 1630 1071 ἐφεστρίδων
1674 997 1745 1058 εἰς
1790 1001 1885 1055 τὴν

284 1104 467 1175 ὀχείαν
491 1104 600 1159 τοῖς
633 1097 807 1154 ἵπποις
837 1092 1156 1165 ἐχρήσαντο.
1187 1089 1338 1141 Ούτω
1376 1096 1501 1159 γοῦν
1574 1083 1884 1160 διαδράντες

395 1189 687 1260 Ῥωμαῖκήν
729 1182 990 1254 ἀπέφυγον
1033 1181 1260 1236 σπάθην.
1314 1175 1503 1230 Ἐωθεν
1557 1172 1613 1229 δὲ
1655 1179 1741 1227 τὸν
1800 1181 1884 1227 τό-

282 1299 374 1333 πον
424 1279 630 1350 φθάσας
679 1275 705 1326 ὃ
805 1269 1050 1344 βασιλεὺς
1117 1273 1206 1320 καὶ
1259 1269 1446 1342 ἔρημον
1504 1268 1885 1340 στρατεύματος

281 1367 639 1439 Βουλγαρικοῦ
702 1356 930 1413 κατιδὼν
982 1358 1270 1415 λελύπηται
1323 1359 1433 1428 μὲν,
1498 1355 1592 1406 οῦκ
1655 1351 1768 1425 εἶχε
1827 1350 1887 1406 δὲ

281 1461 382 1510 ὅτι
437 1460 528 1508 καὶ
579 1450 812 1527 δράσειε.
881 1447 1075 1506 Bauli»
1137 1443 1196 1498 δε
1249 1447 1594 1517 ποιησάμενος
1665 1442 1744 1495 ἐπὶ
1792 1447 1886 1502 τὴν

1994 461 2106 516 sita
2153 460 2553 530 abigerentur,
2596 462 2880 518 arborum
2921 465 3105 520 ramis
3145 465 3348 528 facies,
3407 466 3574 538 quod
3595 471 3651 522 et

1996 550 2284 620 Bulgarus
2310 566 2531 622 passus
2560 556 2668 619 est,
2695 551 3010 610 dilacerari
3042 554 3350 622 ;nonnulli
3372 556 3554 611 etiam
3576 572 3650 611 ex

1995 640 2142 713 ipsis
2170 641 2332 711 sagis
2367 639 2608 696 omissis
2639 642 2810 714 equis
2841 643 3039 700 calcar
3070 646 3312 716 addere,
3341 647 3447 719 qui
3477 647 3558 701 sic
3585 647 3649 700 in

1996 729 2204 800 fugam
2244 731 2367 786 dati
2405 733 2817 786 Romanorum
2856 732 3006 788 ictus
3046 734 3438 792 declinarunt.
3479 737 3648 792 Mane

1996 819 2333 876 cumlocum
2349 821 3033 900 occupassetimperator
3053 825 3095 893 ι
3114 824 3648 896 19etmilitaribus

1995 910 2182 982 copiis
2198 926 2456 966 vacuum
2480 911 2887 983 comperisset,
2906 911 3162 968 indoluit
3179 930 3345 975 sane,
3370 914 3474 969 sed
3497 927 3648 985 prae-

1997 1005 2155 1056 stare
2182 999 2412 1070 aliquid
2441 998 2604 1054 haud
2631 1000 2842 1070 potuit.
2866 1003 3088 1056 Tamen
3111 1002 3360 1058 consilio
3378 1003 3524 1057 inito
3551 1005 3650 1058 Be-

1992 1106 2150 1148 roem
2165 1087 2666 1160 proficiscitur,pri
2677 1105 2888 1161 moque
2903 1108 2930 1145 a
2942 1091 3166 1163 ppulsu
3179 1092 3464 1164 oppidum
3478 1093 3654 1164 cepit,

1994 1183 2142 1236 Nam
2171 1194 2378 1234 murus
2394 1177 2659 1249 undique
2681 1177 2841 1234 lacer
2870 1187 3176 1236 corruerat
3207 1181 3530 1254 multisque
3554 1199 3657 1256 pa-

1995 1269 2157 1326 tebat
2183 1266 2462 1338 hiatibus,
2489 1283 2627 1321 cum
2660 1267 2772 1323 hoc
2803 1285 3046 1341 quoque
3089 1287 3228 1325 cum
3267 1271 3511 1343 reliquis
3540 1275 3659 1329 Ro-

1997 1373 2320 1413 manorum
2339 1355 2578 1428 oppidis
2599 1372 2634 1412 a
2657 1357 2914 1427 Bulgaro
2939 1359 3066 1414 solo
3085 1365 3395 1431 aequatum
3416 1361 3648 1431 fuisset,

1997 1446 2131 1502 licet
2156 1445 2391 1518 perticis
2423 1450 2478 1500 et
2503 1445 2678 1514 lignis
2711 1462 2782 1502 ex
2806 1446 3087 1518 plaustris
3112 1448 3330 1504 accolae
3352 1449 3498 1505 illud
3525 1467 3659 1507 mu-

283 1555 474 1620 Βεροην
550 1547 736 1616 χωρεῖ,
815 1538 1024 1590 κάκεῖσε
1115 1531 1175 1588 δὲ
1233 1533 1505 1607 ἀφιγμένος
1547 1532 1782 1585 αὐτοϐοεὶ
1829 1535 1886 1584 τὸ

2005 1513 2184 1594 niisse
2225 1513 2586 1591 viderentur.
2629 1534 2786 1591 Cibis
2808 1513 3031 1608 -itaque
3094 1542 3150 1592 et
3175 1537 3314 1609 equi
3347 1542 3402 1594 et
3442 1539 3659 1596 milites

288 1638 529 1710 φρούριον
557 1630 698 1685 εἶλενο
762 1627 846 1702 [Ρ.
900 1627 989 1697 61]
1042 1626 1178 1678 ἅπαν
1234 1643 1336 1698 γαρ
1395 1627 1453 1676 τὸ
1509 1630 1684 1695 τεῖχος
1731 1623 1889 1676 αὐτοῦ

288 1727 648 1797 κατηρείπωτο
686 1723 776 1771 καὶ
819 1713 1086 1778 διεξέδους
1153 1714 1266 1786 εἶχε
1316 1712 1525 1777 πολλὰς,
1578 1711 1889 1771 κοταϐεϐλη-

291 1819 439 1888 μένον
467 1816 738 1864 καὶτοῦτο
777 1809 920 1882 παρὰ
956 1810 1056 1857 τών
1101 1803 1407 1878 Βουλγάρων
1475 1805 1567 1854 σὺν
1619 1810 1728 1862 τοῖς
1779 1803 1892 1855 λοι-

290 1911 405 1964 ποῖς
460 1909 557 1954 τῶν
600 1898 922 1970 Ῥωμαϊκῶν,
1008 1895 1226 1964 ἄστεων,
1302 1892 1345 1945 εἰ
1402 1897 1492 1943 καὶ
1547 1891 1745 1963 κάμαξι
1803 1897 1895 1945 καὶ

289 2000 396 2052 τοῖς
448 1989 500 2053 ἐξ
547 1986 759 2060 αμαξῶν
815 1983 982 2047 ξύλοις
1048 1978 1262 2034 ἐδόκουν
1326 1979 1448 2032 αὐτὸ
1508 1985 1892 2055 κατοχυρώσα-

293 2083 418 2134 σθαι
449 2081 497 2131 οἱ
517 2077 804 2150 οἰκήτορες.
847 2080 1056 2146 Τροφῶν
1087 2079 1212 2142 γοῦν
1270 2069 1562 2142 ηύμοίρησε
1617 2071 1684 2120 τὰ
1734 2088 1892 2144 στρα-

288 2172 545 2241 τεύματα,
577 2165 724 2217 αὐτοί
767 2181 821 2216 τε
886 2165 976 2213 καὶ
1024 2162 1073 2213 οἱ
1135 2162 1330 2212 τούτων
1381 2162 1552 2210 ἵπποιο
1604 2157 1893 2216 ἐπέπληστο

288 2261 391 2333 γάρ
428 2255 816 2330 χορτασμάτων
846 2255 905 2302 τὸ
933 2249 1088 2303 ἂστυ.
1127 2253 1226 2301 Καὶ
1287 2250 1412 2318 τάχ¹
1468 2249 1529 2298 οἶν
1590 2252 1680 2299 καὶ
1731 2267 1894 2320 προσ-

289 2350 463 2422 ωτέρω
501 2347 561 2397 οἷν
589 2344 910 2414 ἐκεχωρήκει
938 2341 964 2391 ὁ
1006 2337 1259 2412 βασιλεὺς
1314 2342 1405 2388 καὶ
1463 2335 1549 2388 ἐπὶ
1600 2340 1686 2388 τόν
1733 2334 1893 2408 Αἷμον

287 2438 444 2491 αὐτὸν
472 2440 555 2488 xui
595 2437 661 2486 τὰ
689 2432 737 2486 ἓν
764 2431 902 2502 αὐτῷ
943 2431 1279 2502 τυγχάνοντα
1330 2430 1554 2502 φρούρια
1609 2431 1702 2484 τὴν
1777 2429 1892 2499 ἔφο-

286 2523 380 2580 δον
409 2524 681 2581 ἐπεποίητο
731 2521 941 2589 (πτοίαν
987 2521 1089 2592 γάρ
1132 2517 1192 2570 ού
1245 2519 1437 2590 μικρὰν
1496 2524 1606 2577 τοῖς
1665 2515 1895 2588 Βουλγά-

285 2637 400 2692 ροις
429 2613 697 2679 ἔνέϐαλεν),
732 2610 776 2664 εἰ
804 2614 875 2683 μὴ
917 2613 1119 2681 χειμὼν
1171 2605 1464 2681 βαρύτατος
1494 2604 1674 2678 αἴφνης
1727 2603 1894 2658 ἐπεισ-

291 2710 458 2760 πεσὼν
489 2701 740 2755 ἐκώλυσεν
781 2700 935 2752 αύτόν
965 2707 1057 2758 τῆς
1081 2699 1266 2770 ὁρμῆς·
1292 2695 1452 2753 πολλή
1485 2697 1587 2768 γὰρ
1608 2700 1743 2766 χιὼν
1771 2699 1896 2768 πρό-

285 2804 383 2858 τῆς
402 2802 494 2866 γῆς
547 2795 605 2845 τὸ
659 2793 940 2863 πρόσωπον
971 2786 1287 2857 ἐπηλῦγασε,
1324 2790 1413 2837 καὶ
1443 2788 1500 2836 τό
1527 2783 1610 2836 ἐπὶ
1635 2784 1780 2846 ξένης
1807 2789 1897 2836 καὶ

2002 1625 2300 1682 cumulate
2315 1623 2704 1679 abundarunt
2725 1642 2736 1679 :
2758 1626 3053 1698 oppidum
3068 1627 3283 1682 etenim
3303 1627 3660 1696 pabulorum

2001 1713 2272 1772 omnium
2295 1712 2668 1770 abundantia
2685 1713 3160 1771 circumﬂuebat.
3195 1718 3461 1772 Fortasse
3479 1718 3659 1774 etiam

1999 1805 2326 1876 imperator
2356 1802 2602 1858 ulterius
2635 1806 3050 1875 processisset,
3085 1809 3139 1860 et
3195 1805 3352 1862 circa
3378 1806 3649 1863 Haemum

2003 1897 2058 1950 et
2087 1894 2147 1948 in
2175 1909 2246 1949 eo
2265 1892 2374 1948 sita
2395 1892 2621 1964 oppida
2640 1892 3045 1948 incursionem
3086 1894 3320 1950 fecisset
3359 1895 3659 1964 (timorem

2002 1983 2186 2050 enim,
2227 1997 2336 2037 nec
2376 1997 2514 2036 eum
2571 1981 2880 2054 pusillum,
2944 1982 3212 2052 Bulgaris
3280 1984 3657 2054 incusserat),

2003 2071 2114 2128 nisi
2137 2076 2465 2143 tempestas
2499 2070 2825 2142 asperrima
2852 2087 2923 2126 ex
2964 2071 3293 2144 improviso
3323 2073 3661 2145 irrumpens

2003 2160 2295 2232 impetum
2332 2160 2733 2232 ardoremque
2765 2159 3158 2216 restinxisset.
3201 2163 3417 2232 Ingens
3441 2164 3660 2218 etenim

2001 2250 2106 2305 nix
2141 2249 2343 2305 infusa
2391 2253 2560 2304 terra;
2607 2248 2819 2304 faciem
2871 2249 3120 2316 obtexit,
3181 2256 3238 2306 et
3278 2250 3340 2306 in
3366 2250 3564 2308 aliena
3591 2268 3660 2308 ac

2003 2338 2200 2395 hostili
2223 2344 2377 2394 terra
2401 2337 2698 2394 exercitus
2740 2342 3040 2394 Romanos
3091 2339 3313 2394 diutius
3343 2340 3664 2396 immorari

2005 2443 2128 2484 non
2157 2427 2314 2501 aequi
2339 2427 2710 2484 consultores
2739 2427 3094 2484 laudabant.
3133 2431 3246 2485 Sex
3297 2428 3497 2502 itaque
3529 2429 3657 2484 dies

2006 2517 2089 2572 ibi
2115 2517 2902 2594 imperatorcommoratus,
2945 2534 3083 2573 cum
3128 2517 3272 2573 nihil
3325 2523 3667 2591 suppeteret

2008 2605 2334 2675 agendum,
2365 2605 2570 2661 omnia
2596 2609 2823 2676 Beroea,
2859 2606 3034 2672 viros,
3062 2608 3360 2674 mulieres,
3382 2608 3662 2680 infantes,

2008 2694 2289 2767 pecudes,
2322 2693 2532 2762 boves,
2573 2699 2627 2749 et
2658 2695 2956 2766 quidquid
2983 2695 3116 2751 loco
3147 2696 3372 2752 moveri
3407 2700 3665 2769 poterat,

2009 2783 2428 2855 depopulatus,
2459 2783 2914 2855 Adrianopolim
2943 2785 3172 2855 repetit,

284 2884 536 2956 πολεμίας
557 2880 908 2951 τάῬωμαίκά
934 2875 1196 2951 χρονίξειν
1252 2876 1617 2945 στρατεύματα
1647 2873 1704 2925 ού
1736 2873 1890 2935 καλός
1918 2869 2088 2925 ἐδόκει
2127 2879 2237 2934 τοῖς
2268 2870 2728 2943 ξυμϐουλεύουσιν.
2770 2871 2994 2944 Ἡμέρας
3028 2867 3114 2924 οὖν
3164 2874 3218 2936 ἓξ
3245 2871 3407 2927 ἐκεῖσε
3439 2871 3663 2948 διακαρ-

289 2976 520 3046 τερήσας
557 2972 582 3022 ό
615 2967 882 3041 βασιλεὺς,
912 2965 1022 3018 ἐπεὶ
1055 2967 1166 3036 εἶχέ
1190 2985 1241 3016 τι
1271 2964 1437 3038 ἕτερον
1467 2959 1666 3038 δρᾶσαι
1697 3005 1709 3030 ,
1737 2962 1875 3014 λείαν
1906 2965 1971 3014 τὰ
1991 2966 2180 3037 Βερόης
2211 2961 2416 3014 ἅπαντα
2457 2964 2833 3033 ποιησάμενος,
2899 2959 3116 3036 ἀνδρας,
3148 2972 3419 3034 γυναῖκας,
3477 2970 3660 3033 νήπια,

293 3059 551 3136 πρόϐατα,
577 3057 708 3130 βόας
736 3061 825 3109 καὶ
859 3057 1068 3128 σύμπαν
1108 3053 1228 3105 ἄλλο
1253 3055 1510 3104 κινεῖσθαι
1550 3049 1856 3124 δυνάμενον,
1898 3051 1964 3112 εἰς
1979 3056 2070 3110 τὴν
2097 3047 2378 3124 Ἀδριανοῦ
2407 3055 2500 3109 τὴν
2531 3051 2866 3125 ὑποστρογὴν
2897 3049 3198 3110 ἐποιήσατο.

364 3147 463 3212 νζ.
504 3147 721 3202 Ἐκεῖθεν
752 3147 800 3181 ⁸⁸
841 3153 967 3218 γοῦν
1019 3142 1377 3215 ἐπιλεξάμενος
1428 3141 1694 3213 ἀξιόλογον
1742 3143 1897 3214 στρά-
1943 3141 1982 3196 C

286 3259 452 3312 τευμα
501 3242 620 3310 περὶ
676 3239 744 3289 τὰ
796 3234 843 3288 ἄν
895 3228 1140 3306 ’Δχριδῷ
1207 3235 1432 3307 φρούρια
1495 3229 1776 3304 ἐπεπόμφει
1835 3233 1902 3283 τὰ

284 3333 388 3406 πρὸ
445 3334 638 3402 μικροῦ
729 3333 839 3387 τοῖς
894 3323 1209 3396 Βουλγάροις
1260 3325 1638 3396 κεχειρωμένα,
1698 3324 1742 3373 εἴ
1792 3341 1902 3383 πως

283 3423 376 3472 καὶ
431 3414 578 3477 αὖθις
633 3424 696 3475 τῆ
776 3423 875 3467 τῶν
929 3412 1193 3485 Ῥωμαίων
1241 3412 1525 3483 ύπαχθεῖεν
1593 3409 1759 3484 ἀρχῆ.
1823 3411 1902 3464 Ἐν

283 3508 466 3570 αὐτοῖς
491 3513 618 3580 γοῦν
649 3503 923 3578 ἀφιγμένοι
957 3505 1052 3554 σύν
1085 3507 1195 3564 τοῖς
1247 3503 1638 3574 στρατεύμασιν
1694 3502 1744 3552 οἱ
1801 3507 1900 3552 τῶν

279 3598 547 3671 Ῥωμαίων
605 3597 862 3667 ἡγήτορες
936 3594 1298 3664 μηχανήμασί
1392 3609 1446 3642 τι
1495 3594 1583 3642 καὶ
1640 3588 1902 3642 ἑλεπόλεσι

278 3690 410 3766 ῥᾷον
435 3696 536 3740 τῶν
603 3689 860 3759 φρουρίων
921 3684 1292 3754 περιεγένοντο·
1344 3682 1392 3732 οἱ
1459 3679 1745 3750 Βούλγαροι
1809 3682 1902 3730 καὶ

280 3765 387 3854 γὰρ
442 3778 624 3830 θᾶττον
669 3782 768 3826 τῶν
825 3769 872 3824 ίν
924 3770 1110 3823 ἄστεσι
1172 3769 1409 3842 φυλακῶν
1465 3765 1895 3837 ἀπαλλάττονται,

290 3868 338 3922 εἰ
400 3866 676 3939 πολεμίους
723 3865 877 3938 ὁρῷεν
953 3865 1044 3912 καὶ
1103 3862 1500 3933 μαχιμωτέροις
1553 3856 1900 3930 συμπλακεῖεν

281 3945 403 4015 σοῖς
429 3957 753 4029 πράγμασιν.
789 3951 870 4004 Ἐν
903 3949 962 4002 ού
1007 3947 1178 4018 πολλῷ
1230 3954 1356 4018 γοῦν
1408 3949 1476 3998 τὰ
1523 3946 1680 4000 πλείω
1734 3946 1899 3998 αὐτῶν

274 4043 667 4117 τέχεφὼσαντο,
712 4039 866 4096 Ἀλλὰ
918 4044 1008 4091 καὶ
1067 4039 1092 4089 ὁ
1152 4035 1396 4110 βασιλεὺς
1439 4039 1526 4088 τόν
1587 4040 1706 4110 περὶ
1745 4035 1900 4088 αὐτὸν

297 4137 647 4210 συναθροίσας
662 4132 782 4184 λαόν
801 4129 883 4182 ἐπὶ
904 4131 970 4182 τὰ
988 4127 1034 4181 ἐν
1059 4123 1288 4184 Ῥοδόπη
1311 4125 1447 4183 ἆστη
1481 4131 1776 4200 κεχώρησε.
1800 4130 1900 4179 Καὶ

293 4223 395 4278 εἷλε
422 4227 513 4298 μὶν
553 4219 900 4295 Περιστίτζαν
937 4223 1043 4278 τοῖς
1071 4220 1452 4290 μηχανήμασι,
1511 4219 1599 4268 καὶ
1653 4214 1764 4287 μετ’
1812 4214 1900 4266 αύ-

291 4315 391 4370 τήν
419 4312 504 4362 τὸν
529 4310 868 4378 Στενίμαχον,
911 4307 1000 4354 καὶ
1049 4300 1133 4354 ἐπὶ
1181 4303 1386 4362 τούτοις
1441 4303 1526 4352 τὸν
1581 4299 1901 4374 Κρυτξιμόν,

292 4400 624 4474 ὀχυρώματα
687 4402 856 4448 ταῦτα
911 4394 1082 4444 πάντα
1130 4396 1220 4444 καὶ
1252 4391 1318 4451 εἰς
1371 4394 1646 4464 πρόσωπον
1695 4393 1904 4462 κείμενα

2082 3145 2169 3196 57.
2204 3140 2409 3214 Ibique
2447 3140 2758 3197 recollecto
2789 3157 2910 3197 non
2938 3143 3381 3200 contemnendo
3406 3143 3668 3200 exercitu

2011 3230 2089 3287 ad
2126 3229 2397 3287 Achridm
2427 3229 2672 3302 oppida,
2707 3247 2840 3302 quer
2874 3231 3056 3303 paulo
3079 3238 3214 3288 ante
3244 3233 3668 3303 Bulgarisube-

2010 3324 2244 3392 gerant,
2276 3319 2323 3374 si
2350 3319 2495 3374 forte
2516 3336 2756 3374 rursum
2779 3319 2991 3376 ditioni
3023 3325 3431 3378 Romanorum
3461 3323 3671 3378 redde-

2008 3413 2234 3474 rentur,
2274 3410 2316 3478 ι
2332 3409 2447 3480 20
2468 3409 2831 3465 transmittit.
2856 3411 3040 3466 Duces
3056 3413 3308 3468 Romani
3323 3429 3460 3468 cum
3483 3411 3670 3485 copiis

2011 3497 2242 3554 advecti
2274 3498 2586 3553 tormentis
2617 3514 2686 3554 ac
2727 3498 3022 3554 machinis
3062 3497 3218 3555 facili
3265 3501 3503 3570 negotio
3535 3500 3670 3556 loca

2011 3591 2376 3659 expugnant.
2400 3588 2630 3657 Bulgari
2646 3588 2801 3644 enim
2815 3587 2908 3643 vel
2923 3588 3051 3644 solo
3066 3588 3324 3645 hostium
3341 3596 3669 3664 conspectu

2011 3681 2066 3732 et
2102 3675 2454 3732 bellicarum
2511 3692 2709 3732 rerum
2743 3676 3044 3746 conﬂictu,
3109 3678 3337 3734 arcium
3397 3679 3668 3736 custodia

2007 3765 2295 3834 neglecta,
2331 3764 2535 3833 fugam
2577 3765 2890 3838 arripiunt.
2933 3767 3125 3832 Quare
3165 3783 3355 3839 parvo
3395 3773 3664 3840 tempore

2009 3853 2322 3927 potissima
2353 3870 2610 3926 quaeque
2633 3871 2841 3910 eorum
2861 3859 3154 3927 occupata
3169 3861 3324 3912 sunt.
3344 3855 3666 3930 Imperator

2008 3943 2184 4000 etiam
2217 3942 2399 3999 milite
2429 3943 2673 4016 proprio
2704 3949 2910 4000 coacto
2965 3945 3041 4001 ad
3094 3945 3400 4018 Rodopeia
3437 3947 3668 4019 oppida

2009 4029 2264 4102 gradum
2305 4030 2460 4101 facit,
2504 4031 2776 4104 cepitque
2818 4032 3117 4088 machinis
3160 4033 3388 4089 adactis
3432 4035 3664 4091 Peristi-

2010 4125 2184 4188 tzam,
2224 4126 2437 4194 postea
2474 4120 2945 4188 Stenimacbum,
2988 4121 3235 4178 tandem
3278 4125 3664 4196 Crytzimum,

2009 4208 2465 4282 propugnacula
2478 4210 2684 4265 omnia
2701 4211 2760 4265 in
2781 4210 2997 4266 faciem
3012 4211 3285 4284 Rodopes
3299 4213 3519 4268 montis
3535 4214 3666 4281 sita,

2010 4316 2147 4373 quae
2207 4304 2364 4355 retro
2403 4300 2599 4371 posita
2637 4300 3000 4356 custodiunt.
3021 4303 3373 4372 Tzepzenam
3428 4321 3672 4376 quoque

2011 4387 2312 4462 profectus
2334 4393 2420 4444 est
2465 4389 2596 4460 ipso
2645 4388 2847 4458 vigore
2868 4389 3104 4444 hiemis.
3140 4393 3354 4446 Verum
3383 4391 3675 4464 lociaspe-

291 4496 388 4542 τοῦ
435 4495 533 4550 τῆς
602 4482 856 4544 Ῥοδόπης
922 4482 1074 4556 ὅρους
1123 4485 1210 4533 καὶ
1261 4483 1328 4533 τὰ
1374 4479 1544 4532 ὀπίσω
1598 4481 1771 4532 πάντα
1809 4499 1895 4552 φυ-

2013 4480 2159 4534 ritas
2192 4494 2262 4534 ac
2301 4478 2580 4550 temporis
2613 4479 2775 4549 rigor
2804 4495 3000 4551 neque
3025 4480 3314 4535 minimum
3347 4481 3407 4536 in
3438 4498 3509 4539 ea
3542 4499 3673 4539 mo-

292 4579 566 4633 λάττοντα.
626 4575 865 4647 Ἀφίκετο
917 4569 975 4625 δὲ
1029 4575 1120 4624 xui
1174 4570 1248 4633 εἰς
1297 4571 1587 4632 Τζέπαιναν
1655 4569 1702 4620 ἐν
1762 4568 1895 4642 ἀκμῇ

2015 4568 2134 4624 rari
2149 4568 2462 4624 concessit.
2489 4569 2604 4625 Sed
2637 4569 2739 4625 ubi
2771 4587 2874 4626 ver
2901 4571 3242 4643 appetebat,
3272 4572 3349 4627 ad
3381 4574 3674 4645 Stratego-

300 4675 578 4740 χειμῶνος·
612 4666 641 4723 ἡ
670 4661 728 4716 δε
769 4670 862 4716 τοῦ
912 4665 1073 4714 τόπου
1131 4655 1418 4734 δυσχωρία
1463 4664 1551 4711 καὶ
1589 4661 1648 4710 τό
1694 4657 1895 4732 ψυχροὶ

2017 4658 2227 4732 pulum
2268 4659 2539 4715 Alexium
2580 4665 2637 4716 et
2676 4662 3135 4718 Constantinum
3187 4664 3516 4728 Tornicem,
3581 4666 3676 4722 cui

299 4763 396 4809 τοῦ
424 4762 608 4831 καιροῦ
628 4750 753 4808 οὐδε
778 4755 964 4826 μικρόν
1001 4770 1054 4802 τι
1104 4753 1272 4803 εἴασεν
1332 4748 1382 4800 ἐν
1430 4752 1591 4806 ταύτη
1642 4767 1895 4825 προσκαρ-

2018 4748 2223 4817 magni
2252 4747 2575 4821 primicerii
2632 4749 2986 4820 dignitatem
3062 4751 3389 4823 imperator
3414 4754 3674 4810 Joannes

297 4855 540 4921 τερῆσαι.
590 4845 731 4899 Ἐπεὶ
777 4839 838 4896 δε
898 4845 957 4894 τὸ
1007 4843 1097 4914 ἔαρ
1161 4838 1470 4912 ἐπέλαμψεν,
1525 4841 1895 4912 προστάγματι

2020 4837 2372 4899 crediderat,
2403 4837 2569 4909 apud
2599 4840 2799 4895 Serras
2821 4840 3172 4895 exsistentes
3202 4845 3259 4896 et
3289 4844 3546 4898 exercitu
3572 4858 3676 4914 po-

295 4939 430 5014 πρὸς
493 4939 582 4990 τὸν
655 4929 1116 5011 Στρατηγόπουλον
1198 4927 1430 4992 Ἀλέξιον
1501 4931 1593 4980 καὶ
1659 4931 1895 5004 Τορνίκηπ

2021 4930 2231 4995 tentes,
2264 4925 2693 4982 mandatorum
2731 4926 3003 4982 libellum
3059 4926 3242 4998 dedit,
3275 4933 3340 4986 ut
3383 4929 3446 4985 in
3486 4945 3677 4988 unum

374 5135 423 5169 “
455 5131 500 5186 Ι)
532 5149 546 5188 :
582 5129 827 5186 Κάκεῖθεν
860 5127 1216 5202 ἕπιλεξάμενος
1239 5129 1538 5202 στράτευμα
1573 5130 1692 5201 περὶ
1714 5129 1781 5179 τὰ
1809 5125 1858 5178 ἐν
1879 5122 2130 5213 Ἀχμεδῷ
2181 5129 2404 5201 φρούρια
2447 5122 2724 5213 ἐπεπόμφει
2740 5127 2806 5180 τά
2835 5125 3158 5202 κρατηθέντα
3185 5125 3283 5210 ύπό
3315 5127 3619 5203 Βουλγάρων
3642 5130 3686 5180 εἰ

298 5225 412 5267 πως
447 5209 537 5256 xui
568 5200 713 5264 αὖθις
734 5211 792 5261 τῆ
835 5210 934 5254 τῶν
954 5184 1220 5272 Ῥωμαίων
1237 5184 1519 5273 ὗτέαχθεέεν
1553 5184 1720 5272 ἀρῖὶῆ.
1751 5184 2061 5273 ’βκεῐσεᾟύν
2093 5184 2364 5271 ἀφιγμένοι
2403 5201 2450 5250 οἰ
2480 5206 2578 5250 τῶν
2603 5184 2877 5271 ’1”ωμαίων’
2898 5203 3148 5272 ἡγήτορες
3191 5200 3335 5273 ῥᾷον,
3364 5184 3470 5273 τῶν
3518 5184 3684 5273 φρου-

299 5281 429 5352 ρίων
449 5278 794 5349 περιεγίνοντο
823 5282 922 5325 τῶν
951 5267 1224 5327 πλείστων.
1252 5267 1395 5324 Ἐπεὶ
1463 5267 1520 5323 δὲ
1549 5267 1628 5352 τόν
1649 5267 1734 5344 ἔαρ
1759 5269 2040 5351 ἐπέλαμψε,
2069 5267 2457 5352 προστάγματα
2481 5271 2609 5352 ᾗκον
2641 5267 2770 5352 πρός
2809 5275 2910 5352 τὸν.
2942 5267 3410 5346 ’Στρατηγόπουλον
3462 5267 3686 5334 Ἀλέξιον

303 5339 356 5401 ἶν
387 5339 613 5422 Σέρραις,
646 5349 730 5398 ἵνα
758 5347 895 5398 κατά
921 5344 1214 5406 Τζεπαίνης
1246 5343 1536 5412 ἀφίκοιντο.
1576 5339 1644 5394 ”Ο
1661 5339 1754 5422 xui
1772 5339 2037 5400 ἐποίησαν.
2069 5339 2226 5422 Ἀλλά
2251 5339 2383 5414 μήτε
2411 5339 2862 5422 πολεμίοις’ἀξίοις
2891 5339 3257 5416 ἐγκύρσαντες,
3297 5346 3514 5422 κτύποις
3536 5345 3688 5416 ἤχων

301 5413 1010 5494 κερατίνωννδιαθροηθέντες
1043 5414 1281 5488 ἀκόσμως
1307 5415 1607 5489 ἐχρήσαντο
1633 5423 1694 5473 τῆ
1727 5413 1906 5486 ψυχῆ,
1938 5421 2113 5467 πᾶσαν
2155 5413 2452 5473 ἀποσκευήν
2483 5413 2572 5467 καὶ
2619 5420 2739 5478 τούς
2764 5413 2974 5479 πλείους
3020 5413 3134 5467 ’τῶν
3210 5423 3320 5478 τοῖς
3375 5413 3691 5488 Βουλγάροις

306 5491 674 5553 ἀπολιπόντες.

749 5599 995 5653 ΡΑτῐιοι.
1022 5596 1121 5652 Gn.
1157 5596 1288 5652 CXL

3304 5599 3373 5653 36
