4124 6378
254 281 399 338 1133

1779 268 2130 328 Α’ΝΝΑΙΑΕΞ.

3497 281 3636 335 1134

258 404 568 467 λευσάμενος
602 404 697 458 τὴν
724 398 970 474 ἀρίστην,
1003 401 1073 458 ὡς
1119 393 1232 468 εἶχε
1255 397 1478 478 τάχους,
1541 394 1677 446 ἅπαν
1755 393 1866 456 ξυν-

1997 410 2283 461 amensus,
2318 399 2604 470 tantoque
2645 401 2904 457 exercitu
2930 403 3172 459 stataria
3201 406 3374 459 sueto
3399 417 3631 475 pugna,

261 497 519 566 αγηοχώς
580 493 640 543 τὸ
697 485 1052 563 στρατόπεδον
1118 483 1471 547 δωδεκαταῖος
1528 487 1616 545 τὰς
1681 483 1870 559 Σέῥρας

261 585 544 657 πέφθακεν,
584 580 634 634 ἐν
687 578 844 650 ὀλίγῳ
897 581 1075 650 χρόνῳ
1118 578 1379 633 τοσαύτην
1428 571 1683 637 διανύσας
1746 572 1870 627 ὁδὸν

263 677 355 726 καὶ
401 677 652 724 τοσοῦτον
733 667 1042 739 ἐπαγόμενος

268 758 510 820 συτάδην
561 760 849 830 εἰθισμένον
913 759 1138 828 μάχαις,

265 857 358 906 καὶ
413 853 590 910 ἵπποις
669 849 1021 921 φορταγωγοίς
1099 841 1454 916 διοικούμενον
1534 849 1624 896 καὶ
1677 847 1872 905 πάσαις

268 941 450 1001 ἄλλαις
501 938 818 998 ἀποσκευαῖς
879 936 1322 1007 συγκροτούμενον
1381 937 1472 986 καὶ
1529 934 1874 1007 περιφραγνύ-

273 1049 442 1105 μενον,
497 1028 638 1082 Ἐπεὶ
691 1022 752 1078 δὲ
816 1028 981 1098 μέχρι
1032 1022 1225 1099 Σερῥῶν
1285 1027 1617 1087 κατηντήκει,
1687 1022 1872 1075 αύτόθι

275 1116 735 1192 δεανυκτερεύσας,
775 1115 888 1187 οἶμα
945 1115 1084 1188 πρωί
1138 1114 1204 1165 τὰ
1257 1115 1624 1187 στρατεύματα
1689 1131 1871 1164 συντα-

273 1209 486 1281 ξάμενος
530 1211 623 1258 καὶ
698 1207 819 1267 τοὺς
873 1203 1212 1276 πεξαιτερους
1267 1207 1357 1255 καὶ
1435 1202 1742 1276 τοξοφόρους
1790 1203 1876 1274 ἔμ-

271 1299 502 1373 προσθεν
558 1294 756 1370 βαίνειν
827 1293 1278 1366 ἐγκελευσάμενος,
1357 1291 1559 1364 ἐπείπερ
1613 1291 1874 1343 ἐπέπυστο

271 1391 367 1446 τὴν
423 1394 517 1440 τοῦ
563 1383 824 1438 Ῥοπελίου
870 1379 1202 1456 δυσχωρίαν,
1272 1383 1388 1433 καθ’
1446 1384 1508 1438 ἣν
1574 1382 1599 1432 6
1646 1382 1876 1451 ποταμὸς

275 1480 518 1550 Στρυμὼν
565 1475 644 1550 ῥεῖ
720 1469 850 1527 δυσὶ
935 1471 1327 1543 συγκλειόμενος
1372 1474 1543 1544 ὄρεσιν
1601 1471 1670 1531 ὡς
1722 1473 1876 1541 μόγις

274 1567 479 1640 ἄμαξαν
503 1562 596 1618 διά
624 1566 822 1625 ταύτης
852 1563 1123 1635 ἔρχεσθαι,
1175 1568 1268 1613 τοῦ
1322 1567 1560 1632 ποταμοῦ
1614 1561 1875 1612 στενωτά-

275 1674 372 1714 την
406 1653 825 1729 ἀπεργαζομένου
845 1655 941 1709 τὴν
990 1647 1172 1704 δίοδον
1219 1649 1548 1723 (κλεισούρας
1596 1652 1714 1709 τοὺς
1767 1667 1876 1700 τοι·

1127 666 1446 738 στράτευμα,
1541 671 1657 726 ταῖς
1736 666 1872 716 κατὰ

1249 755 1426 816 ὅπλοις
1509 757 1870 827 κατάφρακτον

1979 484 2162 540 armis
2201 485 2673 558 circumquaque
2693 492 2947 558 munito,
2971 492 3145 564 equis
3174 493 3462 548 onerariis
3494 506 3637 564 pro-

1976 574 2126 640 viso,
2161 574 2327 630 omni
2345 574 2462 630 alio
2484 582 2781 649 apparatu
2805 585 2985 652 atque
3016 586 3231 638 ornatu
3262 580 3515 638 visendo
3542 580 3637 636 ﬁr-

1977 668 2144 719 mato
2204 663 2624 738 obvallatoque
2685 668 3028 740 instructus,
3100 673 3300 728 Serras
3341 671 3637 739 advenit;

1979 757 2156 826 atque
2182 755 2264 810 ibi
2286 771 2425 810 cum
2465 763 2892 828 pernoctasset,
2945 765 3188 832 postero
3241 761 3337 816 die
3395 777 3635 817 summo

1978 859 2158 899 mane
2174 846 2482 901 recensitis
2498 847 2685 918 copiis
2706 848 2935 920 pedites
2957 865 3027 905 ac
3045 851 3406 920 sagitttarios
3429 851 3637 922 punire

1973 932 2171 1004 jussit,
2207 949 2343 990 cum
2365 935 2692 1007 accepisset
2711 936 3022 994 difﬁcilem
3043 939 3270 1010 Ropelii
3301 939 3637 1010 transitum,

1979 1036 2086 1094 per
2097 1037 2279 1094 quem
2297 1022 2526 1080 ﬂumen
2540 1025 2776 1099 Strymo
2791 1026 3032 1084 duobus
3045 1029 3321 1084 occlusus
3336 1027 3642 1084 montibus

1980 1110 2346 1181 praeterﬂuit,
2376 1111 2528 1168 adeo
2550 1117 2614 1170 ut
2645 1114 2741 1170 vix
2763 1131 2870 1187 per
2893 1116 3057 1172 viam
3077 1133 3287 1173 currus
3315 1117 3639 1190 praeterire,

1980 1199 2229 1256 ﬂumine
2257 1201 2571 1258 transitum
2591 1219 2779 1275 quam
2801 1205 3302 1275 angustissimum
3327 1206 3640 1274 efﬁciente,

1981 1288 2264 1362 ideoque,
2276 1289 2469 1346 locum
2485 1294 2522 1348 C
2533 1290 2747 1348 lisuras
2762 1293 2975 1366 vulgus
2989 1295 3376 1368 appellavit,a
3391 1295 3642 1366 Bulgaro

1982 1379 2188 1447 milite,
2218 1380 2519 1452 equitibus
2544 1382 2714 1454 123
2735 1384 2981 1455 quidem
3003 1386 3169 1442 haud
3182 1386 3407 1456 multis,
3434 1385 3644 1458 pediti-

1981 1467 2400 1540 busplurimis,
2425 1472 2728 1528 custodiri.
2753 1473 2992 1542 Bulgari
3015 1476 3175 1530 enim
3203 1475 3354 1546 palis
3374 1475 3640 1547 lorisque

1985 1558 2374 1628 praemunitas
2401 1559 2556 1616 fores
2587 1561 2643 1616 iu
2667 1561 2782 1617 illis
2801 1569 3183 1634 aperuerant,
3214 1569 3278 1620 ut
3305 1565 3645 1636 expugnari

1983 1647 2229 1718 quidem
2255 1652 2311 1704 et
2348 1649 2695 1706 difﬁcultate
2712 1651 2826 1707 loci
2856 1658 2912 1708 et
2943 1669 3048 1724 per
3069 1653 3231 1724 ipsos
3257 1669 3329 1708 ex
3355 1658 3479 1710 arte
3509 1653 3648 1709 reli-

277 1747 464 1805 ούτους
509 1748 698 1803 τόπους
739 1742 764 1794 6
811 1740 967 1802 πολὺς
1013 1739 1356 1812 κατονομάζει
1409 1739 1576 1810 λαὸς),
1653 1737 1876 1808 Βουλγα-

1997 1751 2108 1807 qua
2135 1736 2466 1792 munitione
2488 1738 2765 1796 absoluta
2789 1740 3036 1796 minime
3075 1747 3295 1814 posset.
3330 1745 3450 1798 Hoc
3472 1743 3554 1798 ita
3584 1758 3648 1799 se

275 1841 397 1908 ρικῆ
429 1831 780 1906 φυλάττεσθαι
815 1835 1040 1904 στρατιᾴ
1079 1831 1271 1881 ἱππέων
1301 1830 1390 1900 μὲν
1433 1827 1617 1898 ὀλίγων
1650 1824 1730 1899 [Ρ.
1763 1825 1874 1897 63],

276 1923 444 1983 πεζῶν
484 1919 544 1974 δε
602 1919 800 1974 πολλῶν
849 1920 922 1991 (οἱ
970 1923 1069 1993 γὰρ
1129 1917 1414 1989 Βούλγαροι
1463 1922 1554 1969 καὶ
1609 1915 1775 1977 πύλας
1831 1913 1879 1966 ἐν

276 2011 461 2072 αύταίς
506 2012 897 2063 κατεσκεύασαν
950 2007 1174 2080 μοχλοῖς
1229 2011 1319 2059 καὶ
1398 2006 1654 2080 κλείθροις
1709 2005 1881 2077 ἠσφα-

276 2101 546 2175 λισμένας,
592 2103 660 2162 ὡς
717 2097 910 2173 ἄμαχα
967 2101 1170 2158 τούτοις
1244 2096 1298 2160 ἐξ
1340 2095 1637 2170 ἀμφοτέρων
1679 2095 1884 2166 τυγχά-

278 2210 402 2257 νειν,
431 2199 527 2251 τῆς
553 2208 608 2242 τε
637 2185 924 2250 δυσκολίας
966 2195 1056 2241 τοῦ
1117 2191 1280 2240 τόπου
1335 2191 1425 2238 καὶ
1477 2194 1568 2246 τῆς
1615 2189 1887 2258 γεγενημέ-

281 2302 372 2344 νης
399 2281 524 2357 παρ’
553 2279 718 2334 αὐτῶν
758 2281 1079 2354 προμηθείας
1129 2287 1228 2341 τῆς
1275 2278 1464 2340 λοιπῆς
1519 2277 1881 2352 ὀχυρώσεως),

283 2371 391 2425 ἐπεὶ
467 2378 636 2424 ταῦτα
709 2369 872 2431 οὕτως
953 2371 1093 2440 ἔχειν
1165 2368 1479 2442 ἐμεμαθήκει
1528 2369 1554 2419 ό
1612 2365 1882 2440 βασιλεὺς,

287 2457 497 2520 σπουδῇ
530 2458 614 2512 ἐπὶ
635 2461 722 2512 τόν
761 2457 927 2512 ἐκεῖσε
955 2463 1110 2511 τόπον
1142 2457 1350 2531 ἀφῖκτο.
1402 2454 1531 2532 Εὗρε
1585 2454 1644 2509 δὲ
1697 2458 1765 2508 τὰ
1839 2454 1886 2508 ἐν

285 2549 424 2621 αὐτῷ
487 2551 721 2624 καθάπερ
779 2548 1059 2603 ἐπέπυστο.
1121 2547 1419 2619 Ἀποκὸψας
1469 2543 1556 2600 οὖν
1630 2554 1724 2608 τῆς
1788 2553 1888 2597 τῶν

284 2639 604 2714 πεζαιτέρων
645 2643 900 2710 στρατιᾶς
937 2640 1058 2688 ὅσον
1104 2633 1165 2694 ἦν
1232 2635 1368 2698 εἰκὸς
1418 2639 1714 2708 σύνταγμα,
1761 2635 1888 2710 ὑπὲρ

287 2727 512 2801 κεφαλῆς
535 2735 636 2780 τῶν
668 2726 974 2800 Βουλγάρων
1023 2722 1269 2798 βαδίζειν
1314 2726 1384 2788 εἰς
1436 2730 1495 2778 τὸ
1562 2729 1680 2800 ὅρος
1727 2740 1893 2798 προσ⁶

286 2821 530 2890 τέταχεν,
563 2817 632 2878 ὡς
663 2817 724 2868 ἄν
777 2815 830 2878 ἐξ
873 2812 1188 2888 ὑπερδεξίων
1237 2819 1353 2876 τοὺς
1385 2813 1712 2887 Βουλγάρους
1769 2809 1894 2885 βάλ-

287 2907 451 2960 λωσιν
487 2906 541 2968 ἐξ
577 2904 908 2978 ὑψηλοτέρων
955 2912 1053 2958 τῶν
1105 2910 1276 2958 τόπων
1333 2904 1380 2957 ἐν
1434 2912 1540 2965 τοῖς
1595 2901 1894 2976 χθαμαλοῖς

295 2996 518 3056 ἐκείνους
537 2997 914 3066 τυγχάνοντας.
938 2996 1004 3046 Οἱ
1035 2990 1096 3047 δε
1135 2996 1320 3046 θᾶττον
1347 2992 1550 3047 ἐποίουν
1600 2995 1668 3045 τὰ
1732 3009 1895 3065 προσ-

1986 1825 2209 1891 habere
2230 1826 2938 1901 ubirescivitimperator,
2964 1831 3071 1887 iter
3092 1832 3169 1886 ad
3197 1831 3398 1888 locum
3429 1833 3651 1890 accele-

1987 1916 2156 1983 ravit,
2185 1920 2242 1971 et
2265 1932 2392 1972 rem
2413 1933 2615 1974 veram
2645 1935 2773 1974 esse
2795 1936 2984 1992 quam
3003 1921 3316 1977 audiverat
3335 1923 3649 1994 comperit.

1989 2005 2341 2077 Expeditam
2354 2006 2554 2078 itaque
2567 2009 2848 2074 exercitu,
2864 2025 3002 2081 quae
3018 2009 3289 2065 sufficere
3306 2011 3643 2083 videbatur,
3687 2055 3696 2061 ς

1989 2096 2296 2151 cohortem
2311 2103 2654 2168 separatam
2669 2115 2854 2170 supra
2867 2098 3258 2169 Bulgarorum
3273 2101 3470 2172 capita
3483 2117 3656 2157 mon-

1991 2190 2110 2240 tem
2151 2186 2473 2242 ascendere
2513 2187 2812 2260 praecepit,
2849 2193 2912 2244 ut
2947 2205 2985 2245 a
3011 2189 3421 2260 superioribus
3447 2206 3517 2246 ac
3546 2206 3656 2262 op-

1992 2274 2443 2346 portunioribus
2459 2275 2605 2332 locis
2625 2275 2981 2346 Bulgarosin
2997 2277 3419 2334 humilioribus
3446 2295 3658 2352 repen-

1993 2367 2081 2418 tes
2107 2362 2365 2420 ferirent.
2391 2366 2554 2420 Dicto
2595 2365 2768 2421 citius
2825 2367 3116 2424 audiunt:
3149 2369 3415 2440 namque
3475 2385 3654 2426 mons

1994 2451 2088 2507 ille
2112 2451 2522 2526 frequentibus
2539 2454 2858 2512 arboribus
2882 2457 3148 2514 consitus
3166 2458 3325 2514 viam
3349 2458 3654 2530 peditibus

1998 2541 2320 2598 sternebat.
2341 2544 2648 2616 Equitibus
2661 2545 2984 2602 adversum
2999 2551 3202 2619 portas
3221 2563 3492 2620 pugnam
3517 2563 3660 2604 con-

1999 2647 2195 2688 serere
2220 2632 2490 2689 mandat.
2513 2636 2729 2690 Verum
2753 2635 2856 2690 ubi
2881 2635 3114 2706 Bulgari
3135 2653 3208 2693 ex
3240 2637 3479 2692 collium
3509 2637 3658 2694 emi-

1998 2721 2252 2777 nentiori
2275 2721 2423 2778 facie
2447 2722 2677 2795 spicula
2699 2724 2847 2780 mitti
2868 2729 3048 2797 atque
3071 2725 3320 2781 stataria
3349 2742 3558 2796 pugna
3587 2742 3662 2783 ex

2001 2811 2249 2868 adverso
2280 2811 2472 2881 urgeri
2508 2829 2640 2868 sese
2666 2813 3145 2886 deprehendunt,
3176 2831 3392 2887 resque
3428 2830 3570 2870 suas
3602 2816 3665 2872 in

2002 2903 2268 2955 extrema
2284 2897 2524 2955 fortuna
2537 2900 2858 2958 collocatas
2874 2902 3272 2975 conspiciunt,
3289 2903 3350 2960 in
3362 2903 3572 2973 fugam
3603 2919 3667 2960 se

2005 2988 2254 3045 dedunt.
2279 2991 2678 3062 Imperatoriae
2691 2991 3263 3049 cohortesinsecutaa
3293 2992 3668 3066 quampluri-

296 3088 602 3156 ταττόμενα·
631 3079 692 3142 ἦν
740 3086 840 3157 γὰρ
881 3086 939 3136 τὸ
983 3086 1096 3158 ὄρος
1149 3079 1388 3157 δένδροις
1444 3086 1533 3156 μὲν
1595 3083 1890 3155 συνηρεφὴς,

2007 3093 2139 3134 mos
2169 3078 2677 3135 contrucidarunt.
2699 3080 2925 3154 Reliqui
2948 3097 3129 3138 cursu
3155 3082 3216 3138 in
3244 3081 3506 3138 tentoriis
3536 3081 3672 3138 Bul-

297 3172 531 3248 βάσιμον
584 3169 644 3230 δὲ
695 3179 822 3227 ποσὶ
858 3173 1196 3247 πεξαιτέρων.
1269 3172 1506 3228 Ἱππεῦσι
1573 3170 1632 3226 δὲ
1673 3171 1897 3224 κατευθὺ

291 3273 392 3318 τῶν
416 3263 590 3317 πυλῶν
637 3268 734 3323 τὴν
787 3265 972 3336 μάχην
1029 3270 1194 3316 ποιεῖν
1253 3262 1530 3318 ἐκέλευσεν.
1587 3263 1730 3316 Ἐπεί
1773 3267 1898 3332 γοῦν

294 3350 537 3407 κατεῖδον
585 3355 635 3406 οἱ.
689 3353 976 3428 Βούλγαροε
1035 3354 1228 3406 ἄνωθεν
1275 3355 1370 3426 μὲν
1413 3352 1469 3406 ἐκ
1541 3361 1641 3405 τῶν
1701 3349 1899 3424 βουνῶν

295 3445 494 3504 ὀῐστοῖς
541 3443 757 3505 ἐαυτούς
806 3441 1176 3516 βαλλομένους,
1237 3439 1519 3495 σταδιαίαν
1577 3445 1673 3500 τὴν
1717 3443 1901 3513 μάχην

293 3536 634 3606 κεκτημένους
685 3537 1035 3597 κατεναντίον,
1113 3552 1206 3585 και
1261 3531 1311 3584 ἐν
1375 3539 1535 3602 στενῴ
1591 3527 1787 3603 κομιδῆ
1837 3531 1904 3583 τὰ

295 3624 414 3678 καθ’
486 3622 675 3684 αύτούς
732 3624 1048 3696 καθορῶντες
1107 3621 1178 3684 εἰς
1247 3625 1415 3694 φυγὴν
1462 3619 1763 3694 ἐτράποντο,
1814 3639 1904 3672 και

295 3717 357 3767 τό
413 3712 694 3786 βασιλικὸν
757 3711 932 3772 αὐτοῖς
1006 3711 1238 3784 ἐφείπετο
1309 3712 1624 3784 στράτευμα,
1682 3708 1906 3770 Πολλούς

297 3800 388 3856 νῦν
439 3803 627 3858 ἐκεῖθεν
693 3803 897 3863 σπὰθης
953 3803 1104 3875 ἔργον
1160 3805 1488 3858 πεποίηνται.
1543 3801 1610 3852 Oi
1636 3795 1696 3853 δὲ
1761 3797 1908 3852 ἄλλοι

525 3912 614 3945 και
665 3899 764 3944 τῶν
819 3891 1180 3964 Βουλγαρεκῶν
1237 3891 1634 3964 στρατευμάτων
1707 3885 1906 3942 διασω-

311 3981 476 4043 θέντες
536 3977 861 4054 ἀπέδρασαν,
919 4000 1009 4032 καε
1070 3982 1139 4034 τὰ
1192 3983 1312 4054 περί
1353 3986 1445 4032 τοῦ
1498 3976 1759 4050 βασιλέως
1795 3979 1913 4030 τού-

301 4089 414 4133 τοις
456 4068 799 4143 ἂπήγγεελαν,
831 4074 921 4122 καί
949 4071 1053 4123 ὅσα
1079 4065 1148 4128 δη
1183 4068 1576 4123 ἐπεπόνθεισαν.
1617 4069 1685 4120 Οῖ
1737 4064 1797 4121 δε
1840 4075 1912 4138 τῷ

304 4158 479 4236 ἀθρόῳ
539 4156 986 4235 διαταραχθέντες
1075 4165 1173 4220 τῆς
1212 4155 1393 4224 ἀκοῆς,
1453 4175 1544 4209 και
1620 4158 1690 4218 ὡς
1736 4160 1915 4229 αἴφνης

304 4250 487 4311 αὐτοῖς
543 4247 926 4302 ἐπεισπέπτωκε
994 4249 1062 4300 τὰ
1114 4243 1280 4310 δεινὰ,
1335 4247 1577 4312 ἕκαστος,
1628 4247 1698 4308 ὡς
1751 4244 1914 4319 εἶχεν,

277 4331 470 4384 -ἶππου
527 4337 621 4382 τοῦ
695 4329 1044 4403 ἐφευρεθέντος
1103 4327 1246 4398 αύτῷ
1301 4323 1500 4398 σχεδὸν
1547 4324 1750 4392 ἐπιϐὰς,
1800 4329 1916 4399 φεύ-

303 4440 413 4494 γειν
455 4422 734 4495 ὥρμησαν.
796 4420 936 4472 Ἐπεί
986 4415 1045 4472 δὲ
1096 4438 1188 4470 και
1233 4416 1326 4479 νύξ
1377 4418 1616 4492 ὑπῆρχεν
1670 4415 1916 4479 ἀσέληνος

2007 3167 2221 3239 garicis
2252 3167 2428 3224 saluti
2466 3173 2804 3239 consulere,
2837 3170 3215 3243 imperatoris
3244 3187 3339 3229 res
3367 3175 3565 3241 gestas
3610 3175 3669 3230 et

2007 3273 2143 3330 qua).
2164 3257 2276 3329 ipsi
2305 3257 2468 3329 passi
2499 3257 2747 3314 fuissent
2775 3261 3109 3317 enuntiare.
3165 3261 3276 3327 Qui
3334 3261 3670 3336 improviso

2006 3344 2218 3400 nuntio
2230 3350 2286 3400 et
2297 3346 2621 3416 repentinis
2635 3347 3082 3405 calamitatibus
3101 3349 3550 3417 conturbati,uti
3564 3366 3670 3423 po-

2009 3438 2158 3490 terat
2182 3433 2452 3506 quilibet,
2480 3435 2542 3490 in
2564 3435 2834 3492 oblatum
2857 3437 2970 3494 sibi
3001 3453 3227 3511 equum
3255 3439 3669 3496 conscendens

2008 3523 2196 3593 fugit;
2231 3529 2287 3580 et
2307 3540 2446 3580 cum
2463 3523 2620 3596 fugae
2648 3530 2914 3598 tempore
2944 3526 3091 3583 luna
3119 3527 3335 3589 sileret.
3357 3527 3527 3584 locus
3549 3528 3668 3585 dif-

2009 3613 2200 3679 ﬁcilis,
2215 3629 2324 3668 nec
2337 3613 2446 3668 viae
2458 3615 2724 3670 essentin
2738 3620 3044 3688 promptu,
3077 3617 3121 3687 ι
3135 3616 3252 3690 24
3269 3617 3366 3674 alii
3384 3617 3554 3691 equis
3571 3617 3671 3673 de-

2011 3702 2226 3768 cidere,
2255 3701 2356 3757 alii
2385 3703 2755 3775 eospedibus
2776 3704 3158 3762 conculcatos
3187 3706 3545 3772 interimere,
3571 3706 3671 3762 alii

2013 3791 2216 3860 esagis
2230 3807 2336 3864 per
2349 3792 2676 3864 praecipitia
2691 3793 2998 3864 ejaculari,
3023 3793 3122 3851 alii
3139 3795 3258 3852 alio
3287 3795 3450 3852 malo
3484 3796 3669 3853 vitam

2015 3880 2230 3936 misere
2256 3881 2543 3951 amittere,
2587 3881 2739 3937 adeo
2773 3898 2852 3938 ux
2870 3881 2983 3938 illis
3012 3885 3191 3956 pauci
3225 3884 3562 3941 incolumes
3593 3884 3674 3942 ad

2019 3971 2303 4040 Bulgaros
2325 3970 2579 4040 regressi
2606 3969 2840 4027 fuerint.
2861 3973 2966 4029 Per
2989 3973 3052 4028 id
3083 3974 3264 4030 etiam
3279 3979 3516 4048 tempus
3539 3976 3680 4032 Dra-

2019 4063 2188 4130 gotas
2213 4057 2604 4128 Bulgarorum
2623 4059 2855 4129 ductor,
2873 4061 3220 4118 defectionis
3241 4069 3470 4134 auctor,
3496 4079 3680 4136 equo-

2021 4165 2155 4205 rum
2183 4147 2438 4220 pedibus
2451 4165 2670 4222 corpus
2684 4154 2875 4206 totum
2895 4151 3255 4208 dilaceratus
3269 4152 3438 4210 tertio
3451 4153 3548 4209 die
3565 4152 3682 4209 leto

2023 4239 2178 4295 malo
2191 4239 2820 4312 emoritur.lmperator
2833 4258 2904 4298 ea
2918 4247 3089 4299 nocte
3103 4244 3166 4299 in
3179 4243 3469 4316 oppidum
3483 4243 3685 4317 appel-

2023 4329 2151 4385 lens
2173 4329 2450 4385 custodes
2473 4328 2816 4401 alloquitur,
2839 4331 2946 4403 qui
2967 4348 3105 4388 eum
3127 4332 3517 4390 libentissime
3534 4333 3686 4390 exci-

2026 4418 2331 4491 pere,dein
2346 4417 2564 4490 plausu
2579 4419 3182 4476 etacclamationibus
3196 4421 3253 4477 in
3263 4421 3441 4494 geniq
3451 4439 3521 4478 ue
3539 4438 3687 4493 prae-

305 4509 427 4562 καθ’
467 4510 530 4569 ἧν
561 4511 591 4568 ἠ
625 4513 788 4581 φυγὴ,
814 4528 904 4561 και
953 4503 1226 4583 δυσχερὴς
1281 4506 1306 4558 ὀ
1359 4510 1512 4568 τόπος
1559 4525 1649 4558 και
1705 4508 1772 4559 τὰ
1814 4514 1890 4559 τῶ

1997 4520 2002 4551 ι
2029 4506 2203 4562 conio
2242 4506 2622 4563 consalutare
2654 4513 2711 4564 et
2734 4508 2984 4565 celerem
3010 4509 3277 4583 aquilam
3303 4509 3687 4584 compellare.

310 4595 448 4651 ὀδὼν
507 4595 946 4670 δυσδιάγνωστα,
994 4600 1206 4650 ἔπιπτον
1285 4599 1375 4670 μὲν
1434 4595 1487 4660 ἐξ
1535 4616 1704 4649 εππων
1773 4599 1916 4665 ἔνιοι,
1941 4598 2102 4672 ἕτεροι
2135 4592 2194 4647 δέ
2225 4595 2415 4658 αὐτούς
2443 4599 2766 4650 κατεπάτουν
2823 4603 2914 4651 καὶ
2966 4602 3223 4674 ἕφθειραν,
3287 4621 3376 4653 και
3426 4600 3569 4653 άλλοι
3598 4603 3689 4674 μὲν

313 4695 415 4740 τῶν
438 4684 758 4762 ἐφεστρίδων
780 4683 1252 4760 ἀπεσφενδονοῦντο
1277 4688 1414 4738 κατὰ
1445 4693 1694 4760 -κρημνῷν
1719 4686 1864 4739 ἄλλοι
1895 4683 1954 4740 δὲ
1984 4685 2146 4745 ἄλλως
2173 4683 2309 4745 τέλος
2345 4681 2602 4744 δύστηνον
2661 4685 3044 4760 ἀπελάμϐανον,
3111 4691 3176 4750 ὡς
3204 4689 3412 4762 ὀλίγους
3441 4690 3493 4753 ἐξ
3520 4690 3688 4743 αὐτῶν

318 4771 669 4839 διασωθέντας
699 4777 748 4840 ἐς
776 4781 871 4837 τὴν
901 4775 1206 4850 Βουλγάρων
1245 4783 1518 4850 χωρῆσαι.
1551 4780 1678 4829 Τότε
1704 4772 1771 4836 δὴ
1823 4796 1912 4829 και
1969 4775 2349 4850 προϊστάμενος
2405 4775 2573 4826 αὐτῶν
2629 4781 2902 4849 Δραγωτᾶς
2954 4779 2979 4830 6
3034 4779 3347 4852 πρεξάρχων
3394 4787 3488 4840 τῆς
3535 4777 3691 4832 ἀπισ-

315 4871 434 4930 τίας
463 4868 632 4921 ἵππων
657 4871 812 4920 ποσίν
837 4873 974 4920 ἁπαν
1009 4869 1068 4919 τὸ
1101 4873 1252 4938 σῶμα
1291 4864 1688 4934 συντέθλασται,
1721 4885 1811 4917 και
1838 4872 2071 4941 τριταῖος
2099 4869 2193 4923 τὴν
2218 4863 2377 4916 αύτου
2407 4862 2595 4935 ψυχὴν
2623 4863 2956 4936 ἐξεφύσησεν.
2984 4865 3043 4918 Ὀ
3071 4871 3161 4938 μὲν
3196 4867 3282 4918 οὖν
3317 4866 3570 4940 βασιλεὺς
3599 4875 3694 4929 τῆς

312 4961 502 5019 νυκτὸς
530 4958 728 5021 ἐκείνης
755 4960 814 5010 τὸ
837 4959 972 5010 ἄστυ
1000 4954 1303 5009 καταλαϐὼν
1333 4962 1440 5015 τοῖς
1463 4953 1629 5007 ἐκεῖσε
1650 4953 1969 5027 φυλάττουσι
1991 4953 2338 5027 ξυνωμίλησε,
2371 4953 2600 5005 κάκεῖνοι
2631 4952 2908 5016 ἀσπασίως
2937 4974 2991 5008 τε
3020 4958 3106 5007 τὸν
3155 4955 3518 5030 αὐτοκράτορα
3568 4957 3690 5009 ύπε-

317 5042 534 5112 δέξαντο
572 5066 670 5102 και,
687 5049 890 5125 κρότοις
915 5045 1134 5107 ἐπῄνουν
1163 5065 1254 5100 και
1278 5043 1520 5119 εὐφήμοις
1548 5042 1721 5118 λόγοις
1755 5041 2027 5098 ἐκύδαινον
2053 5063 2143 5097 και
2176 5041 2320 5096 ἀετόν
2351 5045 2520 5115 ταχύν
2549 5044 2934 5118 κατωνόμοζον.

394 5277 489 5335 νϐ’.
511 5280 592 5334 Τὰ
625 5275 857 5352 ἐκεῖσε)⁸
882 5275 993 5350 οὖν,
1026 5281 1097 5343 ὡς
1148 5274 1211 5339 ἦν
1262 5277 1420 5348 εἰκος,
1442 5275 1794 5352 οἰκονομήσας
1820 5277 1848 5332 6

395 5487 626 5544 "D:

698 5493 802 5542 Και
874 5485 1080 5561 ἀπάρας
1154 5485 1341 5540 ἐκεῖθεν
1413 5485 1484 5548 εἰς

2030 5279 2124 5336 59.
2155 5275 2354 5336 Rebus
2382 5275 2608 5351 itaque,
2651 5276 2738 5335 uti
2774 5291 2888 5352 par
2924 5279 3070 5348 erat,
3104 5275 3409 5352 dispositis
3439 5278 3703 5353 impera-

1577 5482 1970 5543 Θεσσαλονίκην
2051 5482 2284 5558 ἀφίκετο.
2355 5485 2608 5560 βάκεῖθεν
2685 5486 2770 5536 τὸν
2849 5481 3144 5560 Βαρδάριον
3221 5481 3552 5560 διαπεράσας
3616 5489 3704 5539 καὶ

319 5559 392 5611 τὰ
443 5555 649 5619 Βοδηνὰ
685 5579 828 5636 παρα
863 5553 1056 5632 μείψάς
1083 5563 1300 5617 ενόσησε
1337 5577 1545 5630 νόσημα
1585 5553 1817 5640 ἐδριαόν.
1875 5553 2299 5640 Διακαρτερὴρσας
2343 5553 2394 5609 δ’
2439 5556 2625 5640 ἐκεῖθεν
2682 5553 3160 5640 μικρόυ’περί’.τόν
3215 5553 3478 5640 Πριίλοέπον
3526 5561 3704 5640 ὥρμη-

324 5648 438 5688 σεν.
507 5627 769 5687 Ἐκεῖθεν’
805 5627 878 5695 εἰς
936 5627 1148 5684 Βελεσὸν
1214 5629 1421 5705 ἐχώρει,
1471 5627 1580 5682 “και
1640 5627 1753 5701 ἅμα
1816 5637 1856 5700 ᾧ
1921 5627 2141 5702 φθὰὰαί
2185 5628 2348 5682 ἐκεῖσε
2413 5631 2463 5681 οἱ
2527 5627 2994 5702 φύλακεςτούτου
3050 5631 3232 5704 ὅρκους
3263 5627 3530 5694 ’λαϐόντες
3568 5627 3703 5694 ’ἑξήε
