4124 6396
269 357 413 413 H37
1172 324 1175 327 “
1792 340 2139 400 ANNALES.
3512 342 3650 398 uae

267 500 361 537 νου
384 487 480 542 τῆς
510 474 785 555 Ἀχριδοῦ
832 482 923 533 καὶ
951 477 1268 550 καλουμένου
1337 475 1568 546 Πὰτμον,
1595 470 1623 524 ὃ
1650 473 1741 523 καὶ
1795 466 1880 524 εύ-

2025 483 2189 524 ursu.
2219 464 2569 539 Imperator,
2602 462 2767 537 quod
2804 478 2928 521 non
2956 463 3198 532 horum,
3220 463 3394 522 sicuti
3409 466 3653 529 caeteror

268 578 441 644 χερῶς
480 552 635 623 πανυ-
674 569 701 620 ό
755 568 1187 644 Φιλανθρωπηνός
1237 563 1461 627 Ἀλέξιος
1517 561 1642 615 εἷλεν
1680 562 1705 612 6
1756 560 1880 612 Δού-

2023 574 2146 623 um,
2176 555 2395 629 potitus
2428 553 2662 623 fuisset,
2692 568 2850 625 quas,
2898 553 2982 611 uti
3017 553 3270 626 potiora,
3315 552 3494 610 subdi
3546 567 3651 611 ne-

270 641 389 730 xae,
457 657 812 730 καταλειφθεὶς
860 641 989 733 πρός
1035 664 1125 709 τοῦ
1201 654 1461 729 ﬁumth
1515 651 1587 712 εἰς
1647 649 1879 723 φυλακὴν

2019 647 2325 720 [uiverant,
2357 658 2515 714 aegre
2563 642 2726 712 angi,
2773 641 2879 698 sed
2924 644 3211 714 Tzepaena
3261 642 3647 716 potissimum

269 756 373 803 τῶν
405 748 455 801 ἐν
513 742 761 821 Αγριδῷ,
810 749 898 799 καὶ
945 748 1145 808 ἄστεως
1201 743 1356 797 ἄλλου
1412 742 1707 803 Τζεπαίνης
1758 738 1882 790 ὠνο-

2015 735 2275 806 :xagitari
2306 739 2485 807 atque
2513 733 2717 789 animo
2747 731 3113 788 discruciari.
3162 732 3355 798 Quare
3402 732 3464 789 in
3506 747 3643 789 eam

273 841 569 913 μασμὲνου,
603 820 719 889 λίαν
784 838 1138 908 τυγχὰνοντος
1194 835 1390 909 ἐχυροῦ
1442 836 1530 884 καὶ
1602 833 1723 903 περὶ
1785 832 1880 886 τὴν

2015 826 2429 900 ικροιίἰῐίοηθῑῑι
2486 822 2827 888 maturavit,
2869 822 3145 895 viresque
3173 822 3360 880 voluit
3389 820 3643 897 experiri

273 912 536 1001 ξυμϐολὴν
566 925 830 988 τελοῦντος
866 934 967 977 τῶν
1019 922 1117 978 δύο
1175 929 1436 996 μεγίστων
1479 920 1629 996 ὀρῶν,
1691 924 1784 971 τοῦ
1826 936 1882 969 τε

2011 933 2152 987 suas,
2220 916 2271 971 si
2327 913 2475 987 quid
2530 912 2907 986 proﬁcerent.
2949 912 3165 984 Elapsa
3208 912 3341 984 jam
3414 919 3639 986 aestate,

274 1019 445 1091 Αἴμου
511 1021 605 1068 καὶ
660 1024 757 1078 τῆς
789 1012 1065 1083 Ῥοδόπης,
1121 1013 1237 1067 καθ’
1286 1014 1354 1065 ὧν
1421 1015 1579 1085 μέσον
1627 1011 1652 1061 6
1695 1006 1880 1081 Ἐϐρος

2010 1008 2235 1065 ixtremi
2267 1006 2380 1063 sub
2408 1021 2618 1062 casum
2676 1002 2973 1067 autumni,
3018 1019 3213 1077 neque
3268 1007 3638 1077 tempestatis

270 1108 352 1184 ῥεῖ
417 1109 666 1179 ποταμὸς,
723 1105 772 1159 ἓν
823 1103 975 1177 δεινῷ
1025 1109 1115 1179 μὲν
1193 1105 1410 1158 ἐποιεῖτο
1469 1103 1494 1154 ό
1544 1101 1877 1173 αὐτοκράτωρ

2012 1097 2163 1169 [27
2197 1111 2394 1168 neque
2406 1092 2640 1151 hiberni
2665 1093 2953 1166 temporis
2976 1093 3295 1165 asperitate
3324 1094 3640 1155 deterritus

273 1197 354 1250 ὅτι
383 1200 455 1268 μὴ
488 1200 578 1248 καὶ
626 1195 797 1248 αὐτῶν
857 1198 924 1258 ὡς
990 1204 1090 1247 τῶν
1143 1194 1324 1267 ἐτέρων
1400 1191 1702 1264 ἐκράτησεν,
1772 1184 1877 1240 ἀλλ’

2014 1187 2073 1244 id
2098 1187 2259 1243 enim
2291 1185 2402 1242 sibi
2428 1188 2688 1252 tantum,
2720 1199 2848 1240 rem
2871 1199 2982 1239 suo
3012 1182 3197 1240 modo
3222 1188 3281 1241 et
3327 1200 3496 1242 more
3548 1186 3642 1244 fa—

268 1287 345 1338 ἕτι
382 1292 480 1347 τῆς
514 1288 701 1360 χειρός
740 1284 902 1337 αύτοῦ
945 1284 1032 1357 [Ρ.
1074 1283 1167 1356 65]
1236 1287 1454 1357 κρείττω
1512 1283 1729 1351 φανέντα
1786 1275 1879 1339 ἔξω

2014 1293 2142 1347 :ere,
2185 1274 2629 1350 proposuerat),
2661 1273 2838 1330 motis
2863 1272 3255 1346 Adrianopoli
3292 1274 3642 1333 cohortibus

266 1377 652 1447 τυγχανουσιν,
695 1373 930 1447 μαλιστα
960 1371 1019 1426 δε
1054 1375 1181 1448 ὑπὲρ
1239 1379 1336 1432 τῆς
1384 1370 1672 1431 Τζεπαίνης
1725 1365 1878 1419 ἐδυσ-

2014 1368 2280 1424 iniversis
2292 1365 2567 1423 vehicula
2579 1363 2865 1437 pleraque
2889 1379 2962 1420 ex
2982 1362 3378 1421 Macedonum
3397 1365 3642 1438 regione

268 1467 411 1537 φόρει
446 1465 513 1516 τὰ
538 1467 788 1536 μέγιστα.
829 1462 1088 1515 Ἐσπευσε
1139 1464 1229 1534 μὲν
1287 1456 1374 1512 οὖν
1422 1464 1512 1512 καὶ
1549 1460 1695 1530 ,κατὰ
1759 1456 1879 1508 ταύ-

2014 1473 2115 1514 ure
2155 1457 2232 1514 ad
2259 1456 2570 1511 machinas
2599 1457 2657 1510 et
2684 1453 2895 1509 arietes
2917 1452 3543 1525 transportandos,illa
3561 1453 3642 1512 ad

267 1571 362 1613 της
394 1559 713 1627 στρατεῦσαι
765 1556 856 1604 καὶ
908 1555 978 1614 ὡς
1022 1549 1162 1623 εἶχεν
1228 1550 1414 1622 ἰσχύος
1467 1546 1875 1621 ἀποπειρᾶσθαι.

2010 1547 2210 1603 nilitias
2265 1544 2484 1601 idonea
2534 1543 2835 1615 victuique
2890 1540 3230 1598 necessaria
3258 1541 3638 1613 devehenda,

266 1623 339 1695 Ἠ
377 1623 470 1713 μθ
507 1636 594 1693 οὖν
625 1643 735 1716 ὥρα
769 1648 859 1693 τοῦ
897 1642 1071 1714 θέρους
1117 1635 1229 1698 ἤδη
1275 1643 1487 1713 παρῄει,
1537 1640 1627 1688 καὶ
1672 1638 1730 1687 τὸ
1761 1653 1877 1706 μετ-

2007 1636 2254 1708 mdique
2285 1633 2419 1704 cogi
2443 1633 2633 1704 jubet.
2668 1631 2811 1688 Dein
2838 1630 3129 1704 peditum,
3166 1631 3635 1702 sagittariorum.

271 1734 473 1805 ὀπωρον
527 1729 681 1802 ἐγγύς
735 1726 795 1788 ἦν
867 1734 956 1783 καὶ
998 1737 1151 1782 τοῦτο
1235 1724 1625 1803 παραδραμεῖν.
1710 1724 1768 1776 e0
1817 1720 1878 1777 δε

2010 1725 2416 1797 :lavigerorum
2437 1723 2756 1779 innumera
2776 1720 3157 1778 multitudine
3172 1721 3638 1791 conducta,cum

271 1816 443 1893 μηδέν
472 1839 522 1872 τι
553 1826 645 1872 τοῦ
669 1828 855 1895 καιροῦ
882 1824 1176 1893 φροντίσας,
1216 1815 1356 1890 μηδὲ
1404 1821 1462 1870 τὸ
1518 1823 1610 1868 τοῦ
1660 1822 1867 1887 χειμῶ-

2005 1813 2491 1889 ψροτιιιηίεείωθ
2537 1815 2749 1885 parata
2787 1826 2920 1867 esse
2974 1811 3181 1868 omnia
3258 1811 3633 1885 aestimasset,

267 1928 353 1972 νος
415 1905 743 1971 δυσωπήσας
809 1906 974 1983 δριμύ
1026 1909 1159 1979 (ἐνὸς
1203 1910 1303 1980 γὰρ
1330 1911 1420 1959 καὶ
1466 1911 1624 1979 μόνου
1676 1911 1765 1958 τοῦ
1813 1906 1872 1956 τὸ

2005 1904 2369 1978 tdrianopoli
2408 1903 2729 1960 discedens
2764 1904 3115 1974 Tzepaanam
3132 1900 3453 1959 ferebatur.
3471 1904 3633 1960 Man-

264 1997 454 2051 οἰκεῖον
504 1997 812 2058 ἀποπλῆσαι
862 1997 1108 2071 βούλημα
1156 1995 1518 2069 ἐστοχάζετο),
1573 1999 1666 2053 τὴν
1716 2013 1873 2069 στρα-

2007 1996 2180 2051 ,iones
2211 1998 2474 2068 quatuor
2510 1992 2683 2048 miles
2713 2006 2996 2049 emensus
3046 1991 3109 2046 in
3147 1991 3361 2059 locum,
3426 1991 3523 2048 cui
3560 2007 3635 2051 ex

264 2092 382 2145 τιὰν
430 2094 607 2142 πᾶσαν
682 2088 738 2142 ἐκ
784 2096 879 2151 τῆς
934 2086 1214 2161 Ἀδριανοῦ
1271 2093 1508 2152 κινήσας,
1568 2084 1772 2158 ἀμάξας
1818 2103 1874 2137 τε

2000 2084 2175 2140 'orma
2199 2083 2278 2140 ab
2315 2081 2686 2150 hominibus,
2718 2079 2819 2153 qui
2846 2079 3113 2152 primum
3173 2083 3628 2154 conspexerant,

263 2178 574 2251 παμπόλλας
630 2178 940 2251 συλλεγῆναι
1011 2177 1304 2251 προσταξας
1380 2174 1481 2228 ἀπὸ
1542 2175 1871 2246 πανταχόθεν

2005 2173 2256 2245 ιρροεὶῑθ
2285 2186 2510 2227 nomen
2548 2167 2951 2227 Macrolibada
2977 2166 3234 2225 inditum
3273 2167 3406 2235 fuit,
3449 2168 3633 2226 adve-

266 2275 368 2329 τῆς
405 2276 505 2320 τῶν
534 2263 850 2322 Μακεδόνων
880 2272 1078 2341 χώρας,
1136 2270 1226 2330 τὰς
1275 2269 1365 2339 μὲν
1417 2265 1501 2317 ἐπὶ
1546 2272 1619 2335 τῷ
1659 2266 1724 2316 τὰ
1773 2283 1873 2336 μη-

2009 2260 2279 2317 utur.1bi
2322 2258 2486 2317 foeda
2542 2261 2864 2331 tempestas
2917 2256 3069 2315 caelo
3117 2257 3372 2329 dejecta,
3431 2274 3568 2332 quae
3598 2275 3637 2317 a

262 2362 557 2431 χανήματα
616 2362 706 2409 καὶ
762 2359 853 2418 τὰς
906 2356 1152 2418 ἑλεπόλεις
1195 2360 1378 2429 φέρειν,
1413 2357 1506 2416 τὰς
1549 2350 1608 2407 δὲ
1655 2353 1741 2405 ἐπὶ
1797 2359 1870 2423 τῷ

2009 2366 2229 2425 'espere
2260 2354 2465 2406 coorta
2494 2364 2600 2422 per
2618 2351 2808 2405 totam
2835 2350 3077 2404 noctem
3127 2347 3364 2418 frigoris
3409 2349 3528 2406 vim
3578 2353 3637 2408 et

266 2442 595 2518 διακομίζειν
635 2449 701 2499 τὰ
731 2446 941 2519 ζωαρκῆ
993 2453 1086 2498 τοῦ
1141 2447 1545 2518 στρατεύματος,
1606 2447 1697 2494 καὶ
1753 2461 1872 2493 συν-

2005 2447 2291 2498 νοιιῐοτυω
2323 2438 2617 2512 procellas
2654 2438 2883 2493 intense
2914 2438 3294 2498 continuans.
3323 2437 3633 2512 multaque

263 2537 614 2610 αθροισθῆναι
658 2535 906 2596 κελεύσας
987 2534 1188 2593 πληθύν
1245 2534 1412 2594 πεζῶν
1468 2528 1673 2606 ἀνδρῶν
1729 2530 1872 2593 τοξο-

2009 2531 2114 2587 nive
2144 2534 2313 2586 terrm
2363 2528 2577 2585 faciem
2641 2527 3017 2599 inasperans,
3067 2542 3247 2584 mane
3284 2527 3637 2600 imperatori

261 2631 367 2677 τῶν
426 2628 517 2677 καὶ
568 2628 924 2699 κορυνοφόρων
971 2623 1065 2676 ούκ
1118 2623 1485 2698 εύαρίθμητον,
1543 2621 1650 2674 ἐπεὶ
1702 2622 1872 2672 πάντα

2006 2625 2152 2677 itrox
2181 2617 2488 2689 negotium
2516 2616 2777 2673 facessit.
2804 2618 2993 2672 Locus
3015 2615 3177 2672 enim
3193 2619 3320 2673 erat
3334 2616 3634 2675 habitato-

261 2713 429 2774 καλῶς
466 2714 603 2785 αύτῷ
630 2718 721 2766 xui
768 2716 838 2776 ὡς
887 2709 1034 2776 ἔδοξε
1098 2717 1475 2786 κατηρτίσατο,
1512 2719 1605 2771 τῆς
1658 2705 1872 2782 Ἀδρια-

2006 2726 2114 2764 um
2140 2724 2368 2765 vacuus
2399 2725 2412 2774 ;
2450 2707 2653 2762 hostes
2671 2704 2986 2762 instabant
3015 2705 3296 2779 proximi,
3321 2710 3380 2763 et
3408 2706 3483 2762 de
3510 2721 3634 2780 qua

260 2811 354 2856 νοῦ
410 2802 616 2877 ἀπάρας
661 2806 794 2855 κατὰ
854 2811 947 2865 τῆς
991 2806 1285 2866 Τζεπαίνης
1333 2801 1541 2873 ἐχώρει.
1614 2802 1871 2871 Τέτταρας

2006 2799 2250 2867 imebat,
2289 2797 2771 2854 necessariorum
2800 2796 3026 2869 inopia,
3056 2795 3225 2869 quod
3254 2795 3317 2851 in
3371 2796 3634 2854 exercitu

266 2889 328 2947 δε
405 2894 666 2964 σταθμούς
725 2891 1055 2966 παρήμειψεν
1084 2894 1108 2943 ὁ
1169 2895 1405 2966 στρατός,
1461 2894 1551 2942 xui.
1599 2890 1731 2941 κατὰ
1783 2891 1869 2940 τὸν

2004 2890 2250 2946 ιωηὶυω
2267 2887 2597 2960 pessimum
2622 2885 2856 2953 accidit,
2890 2901 3011 2942 non
3026 2885 3345 2942 minimum
3357 2886 3632 2946 animum

260 2984 420 3033 τόπον
502 2980 556 3031 ὃν
621 2976 1003 3055 Μακρολιϐάδα
1088 2981 1537 3052 κατονομὰζουσιν
1609 2976 1870 3049 ἐτητύμως

2001 2979 2381 3036 excruciabat.
2413 2977 2612 3034 Tantis
2637 2975 3090 3033 difﬁcultatibus
3120 2975 3491 3034 conﬂictatus
3533 2991 3629 3035 co-

263 3072 400 3144 πρὸς
426 3071 485 3122 τὸ
532 3077 722 3141 σχῆμα
764 3075 858 3129 τὴν
897 3069 1081 3127 κλῆσιν
1127 3072 1176 3122 οἱ
1218 3074 1438 3141 πρώτως
1486 3064 1679 3127 ἰδόντες
1726 3069 1870 3139 θέμε-

2001 3071 2235 3136 iiarum,
2275 3083 2398 3125 non
2435 3070 2844 3123 Romanorum
2874 3065 3079 3136 modo,
3110 3065 3218 3122 sed
3233 3081 3306 3123 ex
3335 3065 3464 3124 aliis
3485 3081 3629 3138 gen-

260 3176 363 3225 νοι,
425 3155 589 3220 δεινὸς
655 3165 945 3232 συμπίπτει
1030 3164 1182 3231 σφίσι
1248 3164 1470 3230 χειμών.
1515 3156 1603 3219 Ἐξ
1650 3155 1872 3229 ἑσπέρας

1999 3160 2138 3216 ibus
2175 3159 2512 3215 Latinorum
2566 3172 2637 3213 ac
2708 3157 3069 3229 Scytharum
3115 3155 3302 3213 duces
3346 3156 3627 3227 advocat,

258 3243 353 3300 οὗν
397 3245 700 3321 ἀρξάμενος,
728 3244 806 3301 δι’
856 3248 978 3310 ὅλης
1033 3256 1123 3309 τῆς
1178 3251 1366 3309 νυκτὸς
1408 3252 1501 3305 τὴν
1535 3243 1873 3321 σφοδρότητα

2002 3251 2174 3323 teque
2204 3247 2452 3320 agendis
2483 3244 2762 3303 consulit.
2792 3246 3014 3302 Omnes
3040 3244 3160 3302 fere
3209 3245 3271 3303 in
3301 3245 3365 3302 id
3410 3262 3630 3303 conve-

259 3344 356 3391 τοῦ
392 3337 603 3410 ψύχους
648 3343 737 3390 xui
779 3345 872 3390 τοῦ
903 3337 1089 3411 ἀνέμου
1137 3342 1537 3413 προσεπιτείνας
1584 3340 1640 3388 τὸ
1697 3334 1869 3408 βίαιον

2004 3343 2196 3395 lerunt
2252 3341 2317 3393 ut
2361 3334 2814 3408 Adrianopolim
2868 3339 3223 3392 remearent.
3302 3335 3632 3409 Imperator

258 3427 422 3486 πολλῆ
456 3447 509 3481 τε
538 3432 686 3500 χιόνι
714 3436 806 3489 τῆς
842 3434 944 3499 γής
1000 3427 1337 3499 ἐπηλυγάσας
1402 3432 1495 3486 τὴν
1553 3426 1867 3499 ἐπιφάνειαν,

2004 3428 2144 3486 iaud
2181 3432 2381 3501 spreta
2394 3442 2602 3483 eorum
2623 3425 2912 3482 sententia
2935 3423 3137 3482 infert:
3176 3447 3205 3477 «
3231 3427 3349 3482 Vos
3380 3426 3632 3499 quidem

256 3519 410 3573 ἕωθεν
471 3527 544 3590 τῷ
627 3516 839 3591 βασιλεί
901 3518 1092 3576 πολλὴν
1156 3518 1472 3590 προύξένησε
1514 3521 1607 3575 τὴν
1666 3513 1860 3588 δυσχέ-

2003 3518 2143 3592 [uod
2158 3523 2215 3574 et
2229 3517 2439 3573 melius
2454 3516 2780 3588 utiliusque
2796 3514 2920 3571 fore
2926 3514 2947 3586 j
2959 3514 3263 3583 udicastis,
3277 3519 3433 3572 recte
3456 3517 3499 3587 ι
3513 3516 3631 3587 28

254 3626 422 3684 ρειαν.
474 3606 542 3662 Ὀ
595 3627 649 3660 τε
721 3610 823 3683 γὰρ
882 3612 1041 3671 τόπος
1097 3606 1274 3670 ἆοικος
1324 3605 1405 3673 ἦν,
1458 3611 1547 3658 καὶ
1595 3605 1870 3678 ἐγγύτερον

2002 3607 2290 3679 >robeque
2321 3604 2725 3663 consuluistis.
2753 3607 2970 3661 Verum
3010 3603 3060 3659 si
3092 3604 3409 3677 quippiam
3447 3605 3630 3663 etiam

256 3696 550 3769 ἐτύγχανον
581 3698 631 3749 οἰ
654 3695 910 3770 πολέμιοι,
968 3702 1057 3750 καὶ
1121 3699 1150 3754 ἡ
1208 3693 1619 3773 προσδοκωμένη
1683 3697 1869 3757 σπάνις

2002 3714 2130 3771 pse,
2155 3700 2273 3753 Deo
2308 3694 2990 3767 auspice,excogitarim,
3020 3709 3099 3751 an
3118 3708 3244 3751 non
3264 3693 3432 3765 illud,
3446 3693 3630 3754 veluti

256 3794 362 3839 τῶν
388 3787 685 3859 ἀναγκαίων
713 3787 819 3860 οὐχ
868 3788 1023 3845 ἧττον
1074 3791 1168 3846 τὴν
1224 3786 1410 3858 ψυχὴν
1477 3785 1663 3846 ἐπίεζεο
1715 3792 1869 3837 τοῦτο

2001 3804 2015 3842 ι
2043 3787 2335 3860 prudente
2361 3784 2634 3853 domino,
2664 3800 2857 3857 eoque
2883 3783 2988 3857 qui
3017 3782 3092 3840 de
3124 3782 3318 3850 vobis,
3340 3783 3425 3841 uti
3446 3783 3629 3842 adde-

257 3877 366 3947 γὰρ
394 3880 482 3928 καὶ
537 3876 726 3949 μᾶλλον
782 3873 1068 3950 δεινότερον
1125 3878 1444 3935 καθέστηκεν
1510 3874 1559 3926 ἐν
1623 3877 1866 3949 στρατεύ-

1996 3881 2090 3944 :et,
2121 3874 2415 3948 providet,
2443 3873 2745 3946 prolatum
2777 3889 2955 3946 aequo
2990 3873 3194 3930 animo
3224 3873 3528 3947 accipietis
3550 3871 3578 3929 ?
3602 3895 3624 3927 ι

263 3983 451 4039 μασιν.
485 3965 563 4027 Ἐς
585 3969 846 4024 τοσαύτην
908 3974 1031 4037 γοῦν
1097 3971 1191 4025 τὴν
1233 3964 1523 4040 δυσφορίαν
1576 3965 1868 4026 συνελᾶθεὶς

2004 3965 2193 4022 )mnes
2207 3963 2631 4021 acclamarant:
2652 3985 2674 4013 ι
2693 3962 2993 4035 Quidquid
3011 3961 3185 4019 fuerit
3204 3963 3498 4034 majestati
3515 3966 3632 4020 tum

262 4057 385 4115 τούς
404 4056 660 4129 ἡγεμόνας
714 4058 1149 4129 συνηθροίκειτῶν
1193 4057 1609 4129 στρατευμάτων,
1659 4054 1719 4107 ού
1770 4062 1868 4106 τῶν

2002 4055 2193 4119 risum,
2228 4058 2544 4125 acceptum
2570 4057 2627 4109 et
2655 4052 2950 4108 universis
2979 4051 3407 4124 complacitum
3453 4053 3563 4110 erit
3599 4075 3630 4105 »

249 4144 556 4218 Ῥωμαῑκῶν
578 4151 751 4219 μόνον,
795 4145 902 4198 ἀλλ’
930 4142 1038 4205 ἤδη
1071 4149 1160 4198 καὶ
1186 4154 1285 4198 τῶν
1326 4144 1380 4209 ἐξ
1416 4147 1585 4205 ἔθνους
1636 4147 1868 4198 Λατίνων

2004 4145 2075 4200 Sic
2104 4159 2207 4199 eos
2247 4143 2321 4199 ad
2347 4141 2590 4215 propria
2637 4141 2910 4210 tentoria,
2967 4145 3033 4197 ut
3074 4157 3293 4215 corpus
3341 4141 3477 4199 cibo
3498 4157 3632 4216 pro-

257 4254 316 4289 τε
344 4239 434 4287 καὶ
472 4237 700 4298 Σκυθῶν,
732 4240 824 4288 καὶ
879 4238 1095 4297 τούτους
1145 4240 1198 4288 τί
1251 4231 1333 4288 δεῖ
1380 4242 1543 4287 ποιεῖν
1587 4236 1865 4309 ἠρωτήκει.

2005 4239 2110 4290 >ter
2137 4232 2400 4289 hiemem
2429 4230 2758 4302 reﬁcerent,
2788 4230 3044 4288 mandat
3071 4247 3084 4287 :
3113 4232 3240 4304 ipse
3268 4230 3331 4288 in
3385 4230 3633 4291 cubicu-

255 4325 455 4387 Πάντες
512 4332 638 4396 γοῦν
667 4321 865 4396 σχεδόν
919 4323 1291 4378 ἐϐουλεύσαντο
1342 4326 1394 4386 ἐς
1444 4329 1537 4382 τὴν
1590 4320 1870 4399 Ἀδριανοῦ

2007 4339 2107 4379 um
2140 4339 2317 4378 suum
2367 4320 2674 4391 introiens,
2707 4336 2844 4378 cum
2900 4320 2972 4377 iis
2995 4322 3099 4395 qui
3129 4321 3286 4378 circa
3322 4336 3464 4378 eum
3494 4322 3635 4380 ade-

256 4418 357 4472 τὴν
397 4414 731 4486 ὑποστροφήν
778 4416 1128 4471 ποίησασθαι.
1166 4413 1224 4465 Ὀ
1279 4410 1338 4466 δὲ
1368 4417 1461 4473 τὴν
1528 4415 1617 4487 μὲν
1673 4411 1870 4485 βουλὴν

2007 4416 2117 4468 aut
2154 4412 2301 4485 quid
2340 4411 2497 4467 facto
2527 4426 2680 4484 opus
2694 4414 2849 4467 esset
2864 4410 3199 4469 consulere.
3223 4410 3483 4477 Quidam
3497 4427 3635 4470 con-

258 4502 433 4555 αύτῶν
468 4502 561 4556 ούκ
585 4501 900 4576 ἀπέπεμψεν,
957 4502 1085 4555 ἀλλὰ
1139 4506 1269 4578 πρὸς
1330 4503 1512 4564 αύτούς
1560 4502 1756 4578 εἰρηκει
1803 4503 1873 4564 ὣς

2008 4501 2210 4571 :ilium,
2242 4501 2408 4575 quod
2439 4500 2580 4558 foris
2635 4500 2944 4569 dederant,
3006 4516 3188 4573 opere
3218 4501 3636 4574 praestandum

263 4590 483 4663 «Ὑμεῖς
525 4595 615 4664 μὲν
658 4593 780 4666 ὅπερ
845 4599 1074 4665 κρεῖττον
1118 4597 1209 4645 καὶ
1272 4597 1530 4668 συμφέρον
1588 4589 1738 4652 ἔδοξε
1781 4612 1875 4644 κα-

2011 4607 2117 4647 :sse
2130 4590 2491 4647 contendere
2513 4609 2524 4659 ;
2540 4590 2660 4658 alii,
2675 4606 2939 4663 quorum
2975 4589 3466 4662 meliorajudicia
3502 4607 3639 4648 cen-

262 4680 365 4740 λῶς
428 4679 824 4733 ἐϐουλεύσασθε·
889 4680 934 4733 εἰ
991 4676 1049 4733 δε
1103 4686 1191 4733 xui
1248 4681 1400 4742 αὐτὸς
1460 4682 1624 4753 ἔτερόν
1668 4701 1720 4733 τι
1779 4686 1872 4734 σύν

2005 4686 2185 4736 ιυθτοι
2214 4680 2903 4752 imperator,adversari:
2931 4683 3084 4737 «Iter
3115 4679 3342 4748 enim,»
3371 4681 3633 4749 aiebant,

265 4776 384 4839 Θεῷ
408 4774 674 4842 νοήσαιμι,
706 4769 799 4820 ούκ
833 4770 893 4822 ἄν
927 4767 1149 4833 δέξησθε
1177 4777 1328 4821 τοῦτο
1360 4772 1429 4831 ὡς
1454 4773 1554 4822 ἀπὸ
1612 4766 1872 4823 δεσπότου

2037 4775 2192 4825 retro
2231 4784 2342 4824 nos
2365 4770 2442 4824 ad
2465 4767 2918 4841 Adrianopolim
2936 4768 3164 4825 ducens
3187 4774 3465 4842 exaequat
3488 4769 3637 4826 illud

258 4866 540 4931 νουνεχοῦς
589 4858 852 4933 εἰρημένον
926 4879 1016 4911 και
1061 4860 1202 4931 ύμῶν
1255 4860 1321 4920 ὡς
1396 4855 1511 4911 δέον
1560 4864 1873 4933 προνοουμέ-

2008 4857 2148 4932 [ιιοά
2171 4863 2307 4915 ante
2334 4858 2409 4914 ad
2431 4857 3096 4930 Stenimachioppidum
3120 4859 3249 4925 fert,
3270 4861 3326 4915 et
3342 4858 3636 4932 quemad-

255 4968 350 5002 νου
380 4967 433 5019 ;››
459 4952 758 5020 Ξυνέφησαν
791 4947 1031 5015 ἅπαντες,
1053 4952 1120 5010 ὡς
1148 4971 1174 4997 ‹‹
1197 4947 1360 5023 ’Ὸπερ
1394 4950 1454 5000 ἄν
1481 4956 1553 5019 τῷ
1578 4956 1653 5019 σῷ
1707 4946 1874 5013 δόξειε

2009 4948 2229 5004 nodum
2243 4947 2323 5003 ibi
2339 4947 2804 5002 necessariorum
2817 4946 2989 5018 copia
3000 4947 3103 5014 ,sic
3117 4951 3172 5002 et
3183 4946 3539 5004 Stenimachi
3550 4946 3637 5004 af-

260 5038 463 5112 κράτει,
499 5041 745 5113 στερκτόν
776 5042 898 5091 αύτὸ
957 5058 1046 5089 και
1089 5037 1363 5090 ἀσπαστόν
1410 5036 1775 5111 λογισαίμεθα.
1843 5059 1871 5091 ι

2010 5038 2135 5093 luit.
2161 5037 2268 5094 Ubi
2294 5038 2375 5093 ita
2395 5035 2694 5106 egerimus
2705 5036 3333 5108 nequetimore,quem
3369 5051 3442 5092 ex
3455 5035 3638 5092 hosti-

259 5127 491 5187 Τούτους
516 5129 605 5198 μὲν
636 5127 722 5178 οὖν
762 5129 958 5187 πάντας
998 5125 1247 5180 ἀπελυσεν
1291 5130 1315 5179 6
1363 5125 1607 5201 βασιλεὺς
1667 5130 1736 5190 εἰς
1780 5130 1876 5192 τὰς

2011 5143 2100 5183 )llS
2116 5127 2589 5200 conceperimus,
2602 5140 2798 5197 neque
2812 5125 3182 5197 tempestatis
3211 5124 3526 5197 asperitate
3541 5141 3639 5182 re-

264 5219 518 5288 σφετέρας
563 5213 767 5268 arma;
811 5215 1008 5277 σκηνὰς
1065 5215 1137 5289 ἐφ’
1292 5237 1383 5269 και
1430 5225 1592 5292 τροφῆ
1650 5213 1744 5269 διὰ
1786 5222 1872 5270 τὸν

2011 5232 2074 5273 ro
2089 5216 2221 5288 cogi
2243 5215 2513 5289 judicabi
2524 5230 2678 5273 mur.
2695 5235 2724 5265 »
2738 5214 2970 5271 Dictum
2985 5213 3433 5287 approbaverat
3449 5215 3639 5290 impe-

263 5311 510 5379 χειμῶνα
528 5307 863 5380 χρήσασθαι,
893 5305 1050 5368 αὐτὸς
1079 5302 1138 5358 δὲ
1187 5306 1259 5369 εὶς
1305 5310 1392 5359 τὸν
1441 5306 1601 5364 αὑτοῦ
1652 5315 1874 5361 κοιτῶνα

2015 5311 2163 5362 ator.
2175 5310 2236 5362 Et
2248 5323 2388 5363 cum
2400 5304 2553 5363 acris
2566 5305 2752 5362 hiems
2765 5303 3377 5378 mitesceretnivisquc
3388 5305 3642 5379 impetus

263 5395 445 5449 εἰσιὼν
488 5395 618 5467 μετὰ
660 5404 759 5447 τῶν
824 5399 943 5470 περί
1027 5395 1182 5448 αύτον
1237 5395 1528 5449 ἐϐουλεύετο
1584 5401 1637 5449 τί
1683 5396 1872 5468 μᾶλλον

2016 5396 2260 5465 tetisset,
2294 5400 2533 5469 postero
2563 5393 2661 5451 die
2682 5393 2949 5466 receptui
2977 5393 3220 5464 signum
3263 5392 3397 5451 dari
3447 5395 3643 5467 jussit.

266 5487 384 5558 χρὴ
434 5491 618 5540 ποιεῖν.
665 5488 811 5546 Tui;
848 5487 938 5557 μιν
985 5489 1081 5543 τὴν
1132 5493 1229 5537 τῶν
1288 5485 1469 5548 ἔξωθεν
1521 5484 1873 5559 βουλευσαμ-

2017 5485 2126 5541 nde
2158 5484 2471 5557 copiarum
2502 5484 2774 5542 cohortes
2805 5482 3131 5540 desumens
3190 5483 3645 5543 Stenimachum

266 5593 370 5626 νων
428 5571 624 5646 βουλὴν
688 5574 761 5636 εἰς
810 5577 957 5650 ἔργον
1016 5574 1280 5628 ἐϐούλοντο
1363 5577 1543 5643 θεῖναι,
1601 5577 1762 5649 ἕτεροι
1815 5573 1875 5630 δὲ

2012 5576 2312 5643 ιοηὶθηάὶι,
2338 5581 2393 5632 et
2433 5592 2570 5632 cum
2604 5575 2829 5632 ibidem
2859 5575 3187 5632 exercitum
3216 5579 3640 5635 exsaturassct:

267 5663 355 5725 οἷς
389 5682 480 5716 και
513 5667 571 5717 τό
636 5670 869 5738 κρεῖττον
920 5661 1265 5724 διανοηθῆναι
1311 5674 1383 5740 τῷ
1441 5663 1655 5741 βασιλεῖ
1699 5663 1875 5719 διακέ-

2015 5669 2145 5721 ecta
2184 5667 2537 5737 Tzepaenam
2565 5664 2672 5722 iter
2699 5663 2916 5737 dirigit,
2950 5664 3344 5739 pervenitque
3392 5663 3641 5724 tandem
