4124 6416
541 350 678 406 H39

1859 341 2145 400 GEORGII
2170 341 2639 401 ACROPOLITE

3773 348 3902 408 1140

536 473 598 530 in
630 470 928 545 oppidum
967 467 1350 537 Vatcunium,
1373 466 1540 540 quod
1583 482 1692 538 per
1707 466 1910 541 plures
1930 467 2056 524 dies
2075 485 2200 525 ma-

2319 488 2514 542 κριται,
2544 468 2839 522 τούναντίον
2869 469 3159 546 εἰρήκασιν.
3182 468 3420 544 ’Ἐφησαν
3441 473 3530 524 καὶ
3554 473 3678 545 γὰρ,
3709 495 3738 525 ιι
3767 472 3899 537 Ὀση

538 562 702 619 ximo
736 558 1018 615 exercitui
1049 557 1292 612 abunde
1333 555 1643 629 effuseque
1665 561 1866 628 posset
1918 557 2202 614 alimenta

540 649 946 722 suppeditare.
981 650 1061 702 Ex
1095 663 1165 702 eo
1191 650 1478 718 patruum
1513 662 1691 701 suum
1722 645 2054 702 Manuelem
2095 650 2200 704 La-

540 738 782 806 scarim,
807 740 849 808 1
865 738 982 808 29
996 736 1101 809 qui
1115 723 1430 791 monachis
1440 736 1687 791 nomine
1700 736 1839 791 dato
1854 751 2072 792 nomen
2090 737 2203 793 sibi

540 827 780 886 Maximi
811 829 1248 897 assumpserat,
1281 829 1338 880 et
1387 823 1600 895 Allagii
1652 823 1999 896 praefectum
2050 826 2206 882 Con-

541 917 871 974 stantinum
906 915 1284 984 Margaritem
1312 912 1515 969 locum
1545 914 1802 969 invisere
1819 913 2000 984 misit,
2024 913 2203 970 refer-

542 1021 728 1080 reque
759 1006 807 1060 si
837 1004 972 1077 quis
995 1003 1074 1060 ad
1105 1019 1248 1059 eum
1278 1003 1476 1058 aditus
1507 1002 1676 1058 militi
1715 1002 1904 1058 facilis
1953 1008 2202 1076 pateret.

544 1096 646 1152 lsti
702 1094 943 1160 oculati,
1004 1093 1290 1149 omnibus
1357 1091 1473 1147 loci
1544 1091 1817 1164 partibus
1871 1093 2202 1165 perpensis.

546 1200 873 1242 ascensum
906 1182 1142 1239 facilem
1174 1197 1302 1237 esse
1332 1180 1632 1252 nuntiant,
1667 1185 1724 1236 et
1751 1181 2014 1238 maxime
2059 1185 2208 1240 Con—

548 1275 845 1331 stantinus
878 1272 1233 1343 Margarites,
1258 1271 1390 1327 licet
1412 1271 1530 1339 alii,
1558 1271 1661 1343 qui
1681 1270 1816 1327 loca
1835 1272 2062 1344 optime
2102 1287 2204 1328 no-

549 1368 779 1435 verant,
815 1361 1313 1431 contradicerent,
1379 1359 1540 1416 lllius
1587 1361 1967 1416 sermonibus
2019 1361 2206 1418 fretus

550 1452 882 1524 imperator
909 1466 1048 1506 cum
1081 1449 1356 1506 universo
1385 1449 1640 1505 exercitu
1669 1464 1983 1506 ascensum
2000 1453 2205 1506 tentat.

547 1545 745 1599 Locus
775 1544 900 1598 erat
929 1544 1269 1613 praeruptus
1299 1545 1357 1595 et
1387 1555 1640 1596 ascensu
1671 1540 1898 1595 arduus
1945 1557 1957 1595 :
1982 1540 2207 1610 glacies

553 1647 661 1706 per
691 1632 1036 1687 universam
1062 1630 1224 1685 viam
1264 1629 1717 1696 conglomerata
1747 1635 1804 1684 et
1848 1629 2084 1686 levitate
2123 1630 2209 1686 lu-

550 1721 719 1777 brica
745 1720 982 1791 gressui
996 1721 1338 1792 properanti
1353 1718 1639 1774 obstabat
1662 1738 1674 1786 ;
1700 1720 1911 1791 spissae
1959 1719 2208 1777 arbores

548 1825 619 1868 ac
648 1810 803 1866 foliis
827 1809 1032 1864 densae
1053 1809 1291 1863 culmen
1333 1813 1721 1880 occuparant.
1760 1809 2040 1864 Cobortes
2088 1814 2209 1866 tota

2319 1811 2471 1869 κεκλη
2478 1815 2634 1884 μένην

544 1915 618 1956 ea
641 1903 814 1954 nocte
862 1897 1009 1953 focis
1061 1897 1329 1954 accensis
1386 1897 1643 1952 caleﬁeri
1701 1916 1714 1954 :
1780 1897 2206 1972 plerorumque

543 1988 705 2045 enim
739 1985 950 2042 famuli
979 2002 1118 2042 cum
1149 1986 1386 2057 attegiis
1417 1986 1698 2042 dominos
1723 1988 2053 2059 comperire
2084 2004 2208 2045 non

544 2080 846 2152 poterant.
875 2077 1219 2147 Omnesque
1249 2091 1470 2147 parum
1508 2075 1701 2131 abfuit
1720 2077 1868 2148 quin
1889 2075 2098 2132 ﬂetum
2125 2077 2210 2133 in-

541 2167 920 2224 desinentem
952 2169 1008 2220 et
1037 2164 1274 2237 absque
1328 2165 1730 2220 mcestitudiue
1774 2164 2019 2221 ﬂerent:
2063 2181 2208 2221 nam

549 2255 753 2312 fumus
779 2253 989 2323 erogis
1020 2252 1314 2308 densitate
1348 2252 1636 2308 arborum
1669 2253 2209 2325 interceptus,cum

547 2344 610 2401 in
636 2358 772 2400 aere
793 2342 944 2398 liber
964 2341 1206 2411 evagari
1246 2341 1538 2413 nequiret,
1597 2340 1753 2398 infra
1819 2341 2207 2413 referebatur,

551 2432 884 2503 oculosque
897 2430 976 2487 ad
989 2430 1390 2486 extorsionem
1403 2447 1597 2502 usque
1612 2430 2008 2503 lacrymarum
2028 2431 2208 2488 laede-

549 2523 676 2580 bat.
709 2525 826 2578 Hoc
849 2522 1047 2593 ipsum
1099 2521 1428 2594 imperator
1474 2536 1718 2592 quoque
1770 2525 2049 2592 expertus
2103 2527 2208 2578 est.

550 2614 787 2682 Verum,
823 2615 888 2667 ut
910 2626 1031 2666 nox
1060 2610 1346 2682 praeteriit
1385 2613 1443 2664 et
1490 2609 1616 2664 dies
1671 2611 1861 2682 ccepit,
1915 2610 2212 2682 oppidum

552 2701 814 2759 obsideri
841 2700 1008 2756 haud
1034 2699 1201 2755 facile
1229 2714 1406 2771 posse
1446 2714 1840 2768 cognoscens,
1874 2699 2120 2755 militem
2151 2699 2213 2755 in

550 2791 861 2865 planitiem
879 2789 1244 2845 descendere
1269 2788 1470 2860 jussit.
1502 2787 1580 2843 llli
1605 2788 2065 2844 descenderunt.
2098 2792 2216 2844 lm—

550 2887 788 2955 perator
819 2885 1019 2936 custos
1050 2883 1187 2952 post
1200 2894 1303 2934 eos
1333 2894 1471 2934 cum
1503 2879 1724 2947 exigua
1753 2878 2029 2943 militum,
2081 2877 2214 2950 qui-

546 2971 665 3028 bus
697 2971 966 3044 corporis
996 2968 1271 3026 custodia
1300 2968 1670 3024 demandata
1700 2973 1846 3035 erat,
1879 2984 2212 3040 eorumque

543 3063 860 3135 juvenum,
889 3077 1078 3117 manu
1095 3063 1501 3127 remanserat;
1524 3058 1662 3114 dein
1677 3063 1731 3114 et
1746 3059 1896 3131 ipse,
1916 3060 2212 3131 quemad-

546 3151 803 3208 modum
828 3155 884 3205 et
913 3149 1149 3221 reliqui,
1182 3147 1368 3220 pedes
1401 3149 1618 3219 (neque
1660 3147 1820 3202 enim
1873 3152 2001 3203 erat
2050 3165 2208 3221 equo

545 3241 904 3298 insidentem
931 3253 1036 3309 per
1062 3237 1229 3294 collis
1265 3241 1571 3309 praerupta
1591 3236 1702 3292 iter
1723 3238 1922 3308 agere)
1952 3238 2014 3293 in
2041 3254 2209 3295 cam-

548 3344 698 3402 pum
727 3326 987 3382 devenit.

2316 561 2406 632 μεν
2437 561 2562 632 ἡμῖν
2592 555 2712 621 ὁδός
2759 558 2896 612 ἐστιν
2954 562 3166 613 ὄπισθεν
3205 559 3273 622 εἰς
3329 565 3422 619 τὴν
3470 557 3771 636 ’Δδριανοῦ,
3825 583 3903 619 το-

2319 651 2486 706 σαύτη
2517 647 2602 721 [Ρ.
2645 648 2735 720 66]
2773 653 2863 700 καὶ
2894 650 3182 722 ἔμπροσθεν
3222 647 3295 710 εἰς
3331 652 3389 702 τὸ
3441 657 3536 702 τοῦ
3589 654 3902 726 Στενιμοὲχου

2314 739 2448 790 ἄστυ
2478 739 2767 796 καθέστηκε
2805 759 2817 772 ·
2858 758 2949 790 και
2985 740 3158 813 ὧσπερ
3199 737 3302 791 ἐκεῖ
3353 747 3450 791 τῶν
3509 737 3784 813 χρειωδῶν
3833 741 3905 796 εύ-

2313 835 2570 901 μοιρῆσαι
2609 829 2818 900 ἔχομεν,
2860 827 2996 880 οὕτω
3032 823 3100 886 δὴ
3161 847 3252 880 και
3307 827 3376 889 εἰς
3421 832 3508 881 τόν
3570 835 3899 903 Στενίμαχον.

2315 916 2468 968 Οὕτω
2537 915 2820 989 πράξαντες
2907 915 2966 969 ού
3041 912 3286 990 δόξαιμεν
3331 924 3436 978 τοῖς
3483 917 3748 992 πολεμίοις
3801 923 3903 974 οὔτε

2317 1001 2490 1077 δειλίᾳ
2521 1025 2534 1039 ο
2565 1013 2629 1078 τῇ
2671 1009 2800 1080 πρὸς
2836 1005 3026 1066 αὐτούς
3077 1009 3196 1059 οὔτε
3249 1009 3340 1079 μὲν
3390 1014 3452 1079 τῇ
3511 1014 3603 1060 τοῦ
3655 1015 3903 1082 χειμῶνος

2317 1090 2613 1169 δυσχερείᾳ
2675 1099 2770 1154 τήν
2831 1095 3168 1168 ὑποστροφὴν
3224 1097 3576 1154 ποιήσασθαι.
3611 1117 3640 1146 »
3682 1100 3902 1173 Αρεστὸν

2314 1191 2440 1255 γοῦν
2471 1180 2616 1247 ἔδοξε
2643 1191 2715 1254 τῷ
2759 1181 2992 1256 βασιλεῖ,
3025 1204 3115 1236 και
3171 1183 3255 1238 ἐπί
3308 1192 3402 1247 τῆς
3450 1181 3779 1260 δριμύτητος
3826 1207 3904 1240 και

2316 1275 2342 1326 6
2387 1278 2589 1347 χειμὼν
2626 1273 2779 1346 ἔληγε
2841 1293 2933 1326 και
2979 1275 3009 1333 ἠ
3065 1281 3158 1336 τῆς
3210 1278 3390 1347 χιόνος
3438 1277 3564 1336 ἔστη
3613 1279 3768 1350 φορὰ,
3822 1281 3904 1336 τὴν

2317 1361 2566 1414 ἐπιοῦσαν
2615 1365 2675 1414 τὸ
2715 1361 3060 1420 ἀνακλητικόν
3111 1363 3324 1435 ἠχῆσαι
3359 1362 3702 1435 προσέταξεν.
3764 1364 3900 1418 Ἐκεῖ-

2320 1453 2399 1504 θεν
2457 1447 2545 1503 οὖν
2611 1453 2707 1514 τὰς
2787 1451 3057 1515 συντάξας
3123 1460 3223 1505 τῶν
3287 1456 3689 1528 στρατευμάτων
3753 1451 3902 1505 λαϐὼν

2317 1539 2473 1615 ἀπῄει
2513 1540 2582 1602 εἰς
2609 1544 2696 1594 τὸν
2723 1545 3064 1614 Στενίμαχον.
3127 1540 3411 1595 Κάντεῦθεν
3463 1541 3550 1595 οὗν
3597 1546 3656 1595 τὸ
3709 1545 3906 1616 σύμπαν

2318 1631 2687 1686 ἑνσιτίσασθαι
2790 1632 3037 1694 κελεύσας
3117 1635 3413 1706 στράτευμα
3522 1635 3748 1686 κατευθὺ
3826 1638 3910 1692 τῆς

2315 1722 2609 1783 Τζεπαίνης
2689 1720 2898 1797 ἔχώερι.
2961 1726 3280 1780 Κατηντήκει
3335 1728 3460 1794 γοῦν
3520 1721 3569 1783 ἇς
3610 1722 3760 1774 πόλιν
3815 1720 3912 1774 ἐπι-

2728 1814 3058 1880 Βατκούνιον,
3142 1812 3322 1872 ἱκανὰς
3405 1811 3603 1884 ἡμέρας
3688 1814 3912 1884 μεγίστῃ

2318 1900 2594 1975 ἐξαρκέσαι
2656 1897 2946 1974 δυναμένην
3012 1900 3082 1963 εἰς
3139 1900 3424 1976 ζωὰρκειαν
3479 1904 3722 1973 στρατιᾷ.
3788 1899 3920 1952 Ἐκεῖ

2321 1992 2402 2043 θεν
2456 1987 2544 2043 οὖν
2599 1989 2910 2043 ἂπεστὰλκει
2965 1992 3050 2042 τὸν
3104 1991 3236 2042 θεῖον
3293 1988 3450 2041 αὐτοῦ
3500 1990 3586 2040 τὸν
3644 1990 3923 2061 Λὰσκαριν

2317 2079 2584 2146 Μανουὴ),
2642 2082 2876 2150 μοναχὸν
2923 2083 3045 2132 ὄντα
3098 2098 3191 2130 και
3235 2077 3475 2149 Μάξιμον
3523 2075 3918 2148 ὀνομαζόμενον,

2317 2186 2405 2219 και
2436 2171 2524 2219 τὸν
2554 2174 2646 2219 τοῦ
2692 2165 2940 2238 ἁλλαγίου
2997 2167 3159 2219 αὐτοῦ
3210 2168 3451 2238 ἄρχοντα
3507 2168 3592 2218 τὸν
3640 2169 3918 2240 Μαργαρί-

2317 2276 2412 2314 την
2496 2262 2901 2322 Κωνσταντῖνον,
2955 2261 3311 2308 κατοπτεῦσαι
3378 2258 3465 2308 τὸν
3521 2257 3704 2319 τόπον,
3763 2253 3918 2307 καὶεί

2318 2345 2691 2419 εύχερεστέραν
2742 2348 2837 2402 τὴν
2905 2347 3038 2418 πρὸς
3103 2343 3260 2396 αὐτὸν
3347 2348 3559 2417 πορείαν
3624 2348 3792 2416 σχοίη
3863 2346 3915 2396 τό

2322 2437 2640 2509 στρὰτευμα.
2716 2435 2782 2486 Οἱ
2831 2430 2891 2486 δε
2954 2431 3188 2494 ἀπιόντες
3226 2453 3318 2485 και
3344 2434 3411 2485 τὰ
3466 2437 3586 2508 περί
3631 2436 3721 2485 τὸν
3772 2437 3913 2485 τόπον

2319 2528 2818 2584 κατασκοπῆσαντες
2885 2522 3076 2597 εὐχερῆ
3136 2524 3417 2596 τυγχὰνειν
3463 2526 3559 2580 τὴν
3615 2518 3804 2575 ἄνοδον
3850 2529 3912 2592 τῷ

2323 2611 2536 2686 βασιλεῖ
2606 2611 2977 2684 κατήγγελλον,
3048 2631 3139 2664 και
3216 2610 3448 2684 μαλιστα
3501 2612 3526 2664 6
3583 2615 3912 2686 Μαργαρίτης

2323 2708 2728 2765 Κωνσταντῖνος,
2809 2706 2983 2754 καίτοι
3055 2721 3113 2773 γε
3164 2699 3361 2754 πολλῶν
3413 2709 3514 2753 τῶν
3575 2697 3792 2755 εἰδότων
3840 2700 3910 2753 ὄιν⁹

2321 2790 2644 2862 τιλεγόντων.
2678 2797 2798 2852 Τοῖς
2850 2798 2976 2862 γοῦν
3034 2793 3215 2843 τούτου
3262 2789 3432 2862 λόγοις
3457 2791 3697 2852 πεισθείς
3739 2792 3766 2843 6
3815 2787 3911 2863 βα-

2325 2880 2495 2941 σιλεὺς
2526 2882 2658 2952 μετὰ
2685 2883 2859 2942 πὰσης
2923 2887 3015 2940 τῆς
3055 2885 3303 2956 στρατιᾶς
3359 2878 3523 2954 ἀνῄει.
3559 2885 3664 2934 Καί
3713 2877 3772 2939 ἦν
3831 2881 3910 2952 μὶν

2321 2972 2486 3029 παντη
2523 2969 2744 3028 ἆνὰντην
2774 2971 2801 3022 6
2839 2978 3017 3046 χῶρος
3047 2974 3141 3028 τὴν
3180 2965 3388 3038 ἄνοδον,
3442 2988 3534 3021 και
3561 2973 3782 3042 παγετός
3831 2972 3913 3025 τὴν

2321 3056 2446 3113 ὁδον
2476 3066 2652 3113 πᾶσαν
2705 3060 2987 3135 πολύτερός
3033 3079 3085 3112 τε
3130 3079 3222 3111 και
3267 3058 3398 3120 λεῖος
3443 3055 3680 3132 βαδίσαι
3730 3055 3916 3130 δυσχε-

2319 3153 2565 3225 ρεστέραν
2595 3148 2775 3216 ἐποίει,
2815 3156 3076 3222 συνηρεφῆ
3124 3167 3177 3201 τε
3215 3168 3304 3201 και
3354 3147 3518 3201 λὰσια
3567 3145 3756 3222 δένδρα
3798 3149 3909 3218 περὶ

2315 3243 2408 3297 τὴν
2467 3237 2772 3314 ἀκρώρειαν.
2830 3235 2911 3297 ἧν.
2962 3237 3020 3290 Ἠ
3212 3233 3299 3290 οὖν
3355 3240 3574 3312 στρατιὰ
3629 3239 3718 3294 τὴν
3758 3235 3909 3283 νύκτα

2313 3334 2487 3381 πᾶσαν
2571 3327 2765 3387 ἐκείνην
2822 3329 3085 3404 πυρκαϊὰς
3145 3326 3428 3399 ἁνίιῲαντες
3491 3326 3826 3400 ἐθερμαίνοντο
3867 3340 3881 3352 ·

556 3425 656 3469 τῶν
681 3418 781 3491 γὰρ
807 3415 1051 3468 πλειόνων
1083 3417 1134 3467 οἱ
1162 3415 1419 3490 ὑπηρέται
1455 3416 1585 3486 μετὰ
1610 3423 1710 3467 τῶν
1744 3423 1946 3474 σκηνῶν
1977 3416 2146 3469 αὐτῶν
2171 3416 2265 3470 ούκ
2325 3415 2672 3477 ἠδυνήθησαν
2744 3420 2865 3478 τούς
2906 3425 3044 3491 σφῶν
3089 3422 3304 3491 κυρίους
3359 3417 3542 3492 εὑρεῖν.
3588 3413 3816 3469 Ἒκλαιον
3857 3405 3890 3462 δ

558 3513 750 3581 μικροῦ
823 3500 931 3557 δεῖν
983 3504 1248 3577 κλαυθμὸν
1298 3505 1590 3574 ἄπαυστον,
1652 3504 1696 3558 εἰ
1753 3525 1842 3557 και
1908 3505 2102 3558 ἄλυπον
2134 3528 2148 3540 ·
2219 3508 2244 3559 6
2311 3509 2410 3582 γὰρ
2456 3507 2511 3560 ἐκ
2560 3516 2660 3560 τῶν
2698 3515 2964 3581 πυρκαῑῶν
3022 3509 3218 3568 καπνὸς
3261 3507 3361 3558 ύπό
3405 3515 3501 3568 τῆς
3553 3513 3655 3558 τῶν
3699 3497 3912 3576 δένδρων

550 3599 872 3656 πυκνότητος
908 3597 1270 3667 συνέχόμενος,
1293 3614 1382 3646 και
1410 3590 1648 3658 διέξοδον
1681 3594 1751 3656 εἰς
1777 3595 2032 3670 ἑλέύθερον
2060 3595 2186 3672 ἀέρα
2214 3599 2284 3670 μή
2320 3599 2577 3671 εὑρίσκειν
2611 3593 2916 3670 δυνάμενος,
2937 3598 3065 3649 κάτο
3112 3598 3382 3649 ὑπενόστει
3431 3614 3522 3647 και
3580 3597 3698 3656 τοὺς
3743 3588 3912 3664 ὀφθαλ-

553 3689 684 3760 μοὺς
712 3685 780 3746 εἰς
807 3686 965 3758 ἄκρον
997 3681 1180 3737 ἔδακνε
1209 3704 1298 3736 και
1318 3693 1418 3736 τῶν
1445 3683 1718 3757 ὀφθαλμῶν
1751 3685 2004 3745 ἐκπιέζειν
2035 3686 2394 3759 κατηνάγκαξε
2418 3683 2669 3760 δάκρυον.
2702 3693 2865 3739 Τοῦτο
2895 3705 2986 3738 και
3006 3687 3032 3738 6
3066 3684 3314 3759 βασιλεὺς
3363 3683 3635 3738 ἐπεπόνθει
3681 3681 3762 3743 Ὠς
3806 3677 3910 3735 δὶὴ

551 3776 646 3840 νὺξ
669 3780 859 3849 παρὴει
881 3795 971 3827 και
996 3777 1166 3848 ἡμέρα
1197 3774 1506 3847 ἐπέλαμψεν,
1535 3773 1933 3850 ἀνεπιχείρητον
1960 3775 2027 3836 εἰς
2057 3775 2358 3849 πολιορκίαν
2384 3772 2512 3829 εἶναι
2541 3779 2598 3828 τὸ
2625 3777 2760 3828 ἄστυ
2807 3779 3071 3848 γνωρίσας
3117 3778 3350 3827 κατιέναι
3365 3776 3745 3849 προσππὰχει
3807 3769 3848 3829 ἐς
3862 3769 3911 3820 τὸ

550 3861 732 3920 πεδίον
759 3869 853 3923 τὴν
878 3868 1148 3938 στρατιὰν.
1186 3871 1286 3918 Και
1311 3867 1360 3917 οἱ
1380 3866 1470 3938 μὲν
1497 3863 1753 3934 ἀπηεσαν,
1787 3867 1811 3916 6
1835 3861 1870 3918 δ
1873 3868 1894 3917 ‘c
1916 3864 2079 3937 φύλαξ
2107 3867 2318 3919 ὄπισθεν
2339 3869 2471 3939 μετὰ
2490 3870 2711 3941 μετρίων
2743 3865 3076 3937 ἑναπελείφθη
3111 3871 3460 3939 στρατιωτῶν,
3505 3882 3600 3915 και
3625 3865 3813 3916 τούτων
3839 3875 3912 3911 πε·

550 3963 774 4029 ριαυτῶν
795 3974 849 4008 τε
877 3975 968 4007 και
997 3958 1271 4029 νεωτέρων.
1317 3956 1642 4007 Κατόπισθεν
1675 3951 1708 4006 δ
1714 3957 1734 4007 ε
1758 3973 1849 4006 και
1870 3954 2027 4016 αύτος
2046 3960 2231 4013 κατῄει
2268 3956 2445 4027 πεζὸς,
2489 3958 2554 4016 ὡς
2569 3975 2658 4008 και
2688 3956 2736 4007 οἱ
2751 3954 2944 4007 λοιποί·
2992 3950 3116 4007 οὐδὲ
3143 3955 3246 4026 γὰρ
3301 3949 3363 4012 ἦν
3409 3948 3638 4005 δυνατὸν
3711 3951 3908 4005 ἱππότην

553 4044 784 4122 βαδίσαι
822 4066 942 4121 περι
969 4049 1026 4098 τὸ
1057 4047 1301 4106 κάταντες
1322 4052 1412 4097 τοῦ
1461 4043 1677 4116 βουνοῦ.

624 4138 711 4193 60.
747 4139 790 4206 1
805 4136 1138 4208 301bique
1159 4151 1264 4206 per
1284 4135 1437 4190 duos
1459 4133 1587 4190 dies
1602 4139 1916 4190 cunctatus
1933 4137 1991 4189 et
2009 4136 2216 4189 Batcu-

2401 4133 2440 4197 ξ
2459 4135 2661 4187 Ἐκείσε
2685 4140 2813 4206 γοῦν
2844 4134 2890 4168 ‘7
2939 4135 3138 4206 ἡμέρας
3183 4127 3438 4192 διανύσας
3478 4127 3605 4197 δὺο,
3655 4149 3745 4184 και
3795 4127 3909 4181 λείαν

553 4226 726 4282 nium
766 4224 1197 4296 depopulatus,
1230 4239 1437 4278 rursus
1471 4222 1924 4295 Adrianopolim
1955 4221 2214 4293 indeque

2329 4228 2422 4282 τὴν
2465 4230 2646 4297 κώμην
2725 4227 3026 4285 πεποιηκὼς
3067 4225 3126 4274 τὸ
3184 4224 3492 4274 Βατκούνιον
3549 4222 3681 4292 (25),
3733 4218 3780 4282 ἐς
3836 4219 3908 4273 τὴδ

557 4313 1072 4386 Didymotcnchum
1085 4313 1314 4384 repetit.
1335 4311 1445 4368 Ubi
1457 4311 1749 4368 exercitus
1763 4311 2042 4367 ductores
2054 4310 2215 4382 eligit

2332 4308 2616 4388 Ἀδριανοῦ
2677 4331 2767 4365 και
2846 4307 2994 4372 αὖθις
3081 4309 3392 4387 ὑπέστρεψε,
3465 4307 3704 4364 κάκεῖθεν
3763 4307 3825 4368 εἰς
3863 4305 3909 4356 τὸ

635 4512 680 4581 ξτ
706 4512 750 4565 Ι)
784 4526 798 4565 :
825 4509 962 4562 Ἐκεῖ
991 4506 1050 4562 δὲ
1078 4507 1176 4581 δύο
1209 4507 1405 4571 ἀνύσας
1442 4511 1660 4581 ἡμέρας,
1685 4529 1773 4561 και
1792 4508 1932 4560 λείαν
1962 4512 2055 4568 τὴν
2081 4509 2228 4561 πόλιν
2254 4512 2552 4581 πεποιηκὼς
2581 4511 2638 4560 τό
2667 4507 2993 4575 Βατκούνιον,
3018 4507 3068 4568 ἐς
3090 4503 3371 4580 Ἀδριανοῦ
3408 4507 3570 4581 ἧκεν,
3614 4505 3835 4560 κάκεῖθεν
3870 4497 3909 4558 ἐς

565 4579 968 4654 Δὶδυμότειχον.
996 4587 1096 4634 Καὶ
1128 4579 1523 4654 διαπεραιωθεὶς
1546 4579 1640 4654 τον
1669 4581 1813 4639 Ἕλλη
1825 4601 2062 4635 σποντον.
2090 4587 2207 4654 περὶ
2245 4579 2658 4654 τὴν-Λὰμψακον
2685 4586 2888 4654 σκηνοῐ,
2919 4584 3009 4632 καὶ
3034 4579 3287 4654 Γεώρᾳγιον
3309 4579 3760 4654 τὸν-Μουζὰὶωνα
3794 4593 3908 4646 πρω-

565 4603 695 4636 Atat)
743 4603 968 4654 οτειχον.
997 4603 1096 4634 λαι
1128 4603 1523 4653 σιαπεραιωυεις
1554 4603 1640 4632 τον
1685 4603 2062 4639 ΓιΛΛησποντον.
2090 4603 2207 4654 περι
2245 4603 2338 4639 την
2366 4603 2658 4652 Λαμψακον
2688 4603 2888 4649 σκηνοι,
2919 4603 3009 4632 και
3036 4603 3054 4632 ι
3075 4603 3287 4654 εωργιον
3309 4603 3394 4632 τον
3436 4603 3760 4640 Μουεακωνα
3794 4603 3904 4646 πρω-

564 4603 979 4728 τοσεὲἒσϐαστόν
1005 4658 1094 4707 καὶ
1132 4652 1604 4728 πρωτοϐεστιὰριον
1621 4652 1733 4728 (26)
1759 4658 1848 4704 καὶ
1871 4658 2032 4726 μέγαν
2062 4649 2540 4726 στρατοπεδάρχην
2556 4652 2698 4728 (26’)
2718 4659 2874 4715 ποιεῖ,
2904 4648 3090 4728 τρνιδ
3118 4651 3278 4728 αύτοΰ
3309 4647 3528 4723 ἀδελφὸν
3583 4647 3904 4728 Ἀνδρόνικον,

563 4731 727 4800 μέγαν
755 4723 1066 4800 ομέστικον
1105 4720 1192 4778 τὸν
1247 4722 1305 4778 δὲ
1342 4720 1590 4798 Ἀγγέλον
1620 4720 2335 4800 ’Ϊωὰννην’πρ’ωτοστρατόρα,
2367 4720 2880 4800 πρωτοϐεστιαρίτην
2907 4723 3019 4794 (27)
3047 4720 3106 4776 δὲ
3135 4726 3223 4776 τὸν
3269 4720 3604 4797 Καρυανίτην
3630 4720 3894 4778 πεποίηκεν.

567 4795 738 4856 ᾉῦτοῦ
762 4795 831 4853 δὲ’
873 4801 967 4862 τὰς
997 4798 1178 4873 ἑορτὰς
1203 4806 1302 4851 τῶν
1333 4795 1758 4873 Χριστουγέννων
1789 4802 1879 4850 καὶ
1903 4795 2084 4870 γώτων
2117 4795 2150 4851 δ
2157 4795 2439 4859 ιαϐιϐἀσας
2469 4796 2634 4854 εἰσὴει
2654 4799 2712 4849 τὸ
2731 4795 3044 4868 Νύμφαιον.

1453 4991 1796 5062 Theodori
1845 4992 2097 5062 Dousa;
2144 5001 2211 5060 et
2256 4991 2509 5060 Leonis
2556 4990 2791 5058 Allatii
2838 4997 3042 5057 nota.

1617 5190 1931 5243 Βακτούνιον
2019 5185 2222 5244 scribit

625 5193 738 5262 (25)
830 5189 1059 5267 Βατκούν
1069 5208 1162 5244 ιον.
1288 5188 1524 5247 Nicetas

812 5330 1250 5406 Πρωῖᾭσέϐαστον
1337 5337 1425 5406 ἐαὶ
1475 5404 1488 5406 _
1546 5331 2041 5406 ﬁpmtoetnl—épwv'
2096 5399 2106 5406 ·
2140 5331 2220 5384 De

2329 5185 2609 5243 mesticus
2635 5189 2690 5242 et
2715 5190 3140 5257 proles-grator,
3159 5199 3297 5257 quae
3319 5183 3498 5242 ofﬁcii
3518 5184 3766 5257 nomina
3785 5191 3907 5238 mox

2329 5254 2805 5386 Bubsequuntur,
2838 5256 3052 5312 nullibi
3099 5254 3316 5314 melius
3360 5272 3548 5330 quam
3587 5257 3672 5313 ibi
3713 5254 3905 5311 disces.

2378 5347 2532 5386 OUSA.

2378 5347 2532 5387 OUSA.

552 5399 646 5460 his
691 5399 1083 5474 dignitatibus
1164 5399 1596 5460 consulendum
1663 5419 1791 5458 esse
1851 5399 2219 5458 Glossarium

553 5474 787 5532 Meursii
821 5489 1006 5543 supra
1044 5475 1415 5531 monuimus.
1447 5479 1660 5532 DOUSA.

819 5548 995 5616 Μέγαν
1052 5543 1550 5619 στρατοπεδάρχην.
1623 5543 2219 5619 Quantaadignitatis

559 5617 733 5674 fuerit
761 5631 1015 5685 magnus
1032 5616 1823 5687 stfalopedar'chamstendit
1849 5616 2008 5672 idem
2039 5619 2217 5672 Meur-

567 5688 689 5745 sius
717 5687 780 5744 in
815 5689 1199 5745 exactissimo
1233 5704 1432 5762 opere.
1469 5693 1606 5746 Item
1643 5691 1778 5763 quis
1808 5703 2064 5760 magnus
2119 5689 2218 5746 do-

2398 5402 2516 5475 (27)
2555 5400 3098 5475 prroéwrmpimv.
3153 5399 3512 5475 Diﬁ‘eﬁrebant
3552 5398 3828 5475 dignitate
3859 5391 3906 5445 et

2327 5470 2574 5548 munere
2604 5470 2646 5525 ’ὁ
2673 5470 3151 5548 πρωτοϐεστιὰριος
3180 5477 3238 5528 et
3282 5474 3308 5524 6
3358 5471 3901 5548 πρωστοϐεστιαρίτης-

2328 5545 2585 5610 Clarum,
2620 5543 2774 5612 ecce,
2826 5559 2898 5599 ex
2930 5543 3046 5599 hoc
3095 5543 3250 5612 loco,
3300 5548 3358 5599 et
3398 5543 3752 5600 adnotatum
3780 5543 3901 5612 jam

2329 5623 2465 5672 ante
2487 5607 2822 5672 ex'Codino
2853 5618 2915 5670 V.
2951 5618 3010 5673 C.
3045 5607 3260 5670 Joanni
3291 5615 3560 5673 Meursio.
3593 5613 3730 5670 Vide
3760 5607 3899 5665 Glos—

2327 5688 2557 5744 sarium
2587 5687 2648 5744 in
2681 5685 3005 5761 βεστιάριον.
3039 5687 3247 5744 DOUSA.
