4124 6378
546 346 680 400 1143

1846 339 2128 398 GEORGII
2161 340 2617 398 ACROPOLITfE

3774 351 3901 409 1144

543 468 961 535 censebantur,
996 466 1100 522 sed
1126 481 1229 523 eos
1253 467 1542 538 praeterea
1569 465 1676 539 qui
1703 480 2017 538 nunquam
2047 465 2198 522 inter

2322 467 2417 539 γὰρ
2467 471 2620 539 μόνον
2695 471 2813 531 τοὺς
2851 474 3189 544 τεταγμένους
3269 467 3483 526 ὀπαδεῖν
3546 477 3897 546 προσέταττεν,

540 558 828 614 militares
853 557 1060 628 copias
1093 556 1332 612 fuerunt
1353 556 1760 628 asserti,sequi
1782 555 1968 611 voluit
1996 573 2009 610 :
2033 570 2204 611 nam-

542 662 659 719 que
677 645 1014 715 confestim,
1039 645 1222 718 quiin
1241 645 1666 701 venationibus
1703 647 1744 715 1
1759 646 1872 716 32
1898 645 2207 717 capiendis

542 734 705 801 feris,
731 735 922 790 cervis
948 741 1005 790 et
1033 735 1254 808 porcis,
1290 750 1396 790 nec
1425 749 1549 790 non
1575 735 1926 805 accipitrum
1948 734 2209 806 aucupio

459 816 468 820 κ
542 823 1008 895 imperatoribus
1035 823 1761 889 inserviebant,universis
1797 823 2034 896 penitus
2058 823 2211 878 inter

544 913 766 968 milites
809 915 1162 986 conscriptis
1205 913 1415 982 ingens
1447 911 1703 968 militum
1732 912 1821 967 vis
1850 916 2211 982 exaggerata

547 1007 662 1061 est.
723 1003 1104 1076 Imperatoris
1142 1018 1386 1074 quoque
1439 1001 1638 1058 studia
1684 1001 1940 1068 animos,
1972 1001 2211 1074 utquid

547 1092 725 1149 solito
756 1091 1120 1148 cumulatius
1171 1091 1468 1148 deferrent
1515 1092 1916 1148 concitabant.
1965 1093 2084 1146 Hac
2119 1107 2210 1147 ra-

543 1182 704 1240 tione
737 1181 1052 1237 universas
1078 1181 1282 1253 copias
1306 1180 1602 1236 conﬂavit.
1633 1183 1700 1236 Et
1727 1197 1865 1236 cum
1893 1183 2207 1237 Persarum

540 1271 876 1344 principem
908 1270 1334 1326 Tachariorum
1379 1269 1657 1326 molestia
1696 1269 1950 1326 liberum
1997 1269 2207 1340 legatis

539 1361 742 1418 missis
766 1362 1172 1430 cognovisset,
1197 1364 1359 1416 recta
1388 1375 1458 1414 ex
1487 1360 1718 1416 Oriente
1737 1360 1798 1414 in
1826 1359 2206 1416 Occidentem

538 1449 832 1521 graditur.
882 1451 1157 1520 Namque
1201 1465 1336 1504 cum
1367 1449 1700 1504 Persarchaa
1721 1464 1816 1504 res
1839 1464 1970 1504 esse
1997 1449 2058 1503 in
2081 1454 2206 1505 tuto

540 1539 863 1595 collocatas
897 1542 954 1593 et
983 1538 1111 1593 sine
1144 1537 1486 1593 discrimine
1513 1537 2032 1610 apprehendisset,
2062 1527 2206 1594 nihil

537 1629 611 1684 de
643 1643 752 1683 suo
782 1626 948 1699 apud
974 1627 1270 1683 Orientem
1298 1626 1550 1698 imperio
1579 1626 1792 1682 hostile
1821 1627 2204 1698 timebat.lgi-

538 1723 634 1775 tur
655 1717 884 1788 majore
919 1733 1098 1789 quam
1136 1733 1409 1789 unquam
1443 1716 1532 1772 vel
1561 1721 1730 1789 pater
1759 1717 1915 1773 illius
1947 1720 2206 1774 Joannes

538 1808 633 1864 vel
663 1809 790 1879 ipse
822 1810 999 1862 antea
1022 1813 1456 1879 comparasset,
1490 1808 1752 1863 exercitu
1781 1807 2094 1874 instructo,
2127 1808 2206 1865 ad
2237 1801 2277 1855 Β

540 1895 1056 1954 transfretandum
1085 1895 1536 1967 Hellespontum
1553 1899 1952 1968 Lampsacum
1971 1897 2206 1970 proﬁci-

543 1985 920 2051 scitur,etiam
934 1985 2202 2057 quosDidymotcechireliqueratincolumes,

543 2075 628 2132 uti
654 2074 772 2130 illis
803 2074 1216 2142 mandaverat,
1250 2074 1575 2142 offendere,
1607 2075 1841 2146 illisque
1868 2076 2204 2131 maximum

545 2163 862 2221 exercitum
885 2165 1180 2231 majorem
1204 2163 1398 2220 facere
1431 2179 1700 2236 sperans.
1733 2163 1951 2219 Atillos
1980 2163 2206 2219 ducum

543 2269 827 2326 perversa
850 2253 1123 2322 consilia,
1151 2252 1484 2325 prudentiae
1504 2259 1559 2308 et
1579 2252 1880 2308 ﬁdelitatis
1903 2267 2098 2308 vacua
2118 2257 2206 2308 at-

547 2343 850 2409 triverant,
864 2341 1362 2414 quandoquidem
1385 2341 1773 2410 Bulgarorum
1789 2341 2067 2413 princeps
2078 2340 2206 2397 lon-

542 2433 675 2503 gius
697 2433 739 2502 1
753 2432 804 2503 3
815 2432 866 2503 3
887 2432 1098 2488 abesse
1119 2431 1534 2502 imperatorem
1548 2445 1922 2499 cognoscens
1933 2472 1946 2498 ,
1960 2431 2207 2486 auxilia-

540 2521 692 2578 riam
716 2521 1074 2593 Scytharum
1098 2518 1210 2574 sibi
1227 2535 1477 2574 manum
1501 2519 1789 2574 adscitam
1817 2520 1894 2574 ad
1918 2519 2078 2574 bona
2098 2535 2204 2592 op-

542 2626 706 2683 pugn
716 2610 876 2665 anda
893 2609 1284 2680 timoremque
1298 2609 1583 2663 Romanis
1598 2609 1997 2664 incutiendum
2011 2610 2069 2664 in
2087 2610 2207 2665 Ma-

552 2699 818 2755 cedoniae
845 2697 979 2753 loca
1001 2697 1310 2752 amandat.
1341 2699 1553 2752 Eorum
1586 2704 1874 2753 numerus
1903 2713 2021 2754 non
2053 2698 2209 2755 ultra

547 2795 812 2860 quatuor
830 2785 1041 2856 millia,
1070 2791 1134 2842 ut
1159 2801 1358 2841 rerum
1387 2787 1557 2856 gnari
1589 2787 1823 2858 Scythae
1852 2786 2206 2854 referebant,

543 2879 652 2935 fuit
686 2897 700 2946 ;
733 2875 1007 2931 nonnulli
1059 2876 1277 2948 plures,
1313 2876 1409 2933 alii
1441 2878 1759 2949 pauciores
1801 2877 2206 2934 afﬁrmabant-

549 2967 784 3038 Scythae
798 2965 1254 3037 Adrianopolim
1270 2971 1812 3039 praetercurrentes,
1826 2983 1962 3039 quae
1984 2967 2212 3023 circum

548 3055 776 3111 ﬂumen
801 3055 894 3110 cui
918 3071 1142 3111 nomen
1168 3056 1364 3125 Regiae
1385 3060 1494 3121 est,
1519 3060 1578 3111 et
1599 3057 1825 3112 circum
1852 3056 2214 3126 Didymotce-

2320 553 2447 606 ἀλλὰ
2480 560 2710 620 καὶτοὺς
2740 555 2869 631 μηδ’
2911 560 3033 622 ὅλως
3082 560 3130 613 ἓν
3160 561 3303 625 τάξει
3327 565 3451 614 ποτε
3503 561 3765 624 τελοῦντας
3816 574 3900 628 τῆς

2321 651 2588 720 στρατιᾶς.
2664 646 2866 700 Λύτίκα
2945 653 3044 724 γὰρ
3122 654 3245 712 τοὺς
3304 650 3742 724 ἐξυπηρετοῦντας
3808 661 3902 716 τοῖς

2321 732 2631 807 βασιλεῦσιν
2697 735 2746 788 ἐν
2786 739 2968 812 θήραις
3033 744 3164 807 [ταῖς
3198 747 3298 793 τῶν
3338 742 3508 816 θηρῶν
3544 742 3759 816 ἄγραις]
3797 741 3904 795 ἐλά-

2321 845 2425 896 φων
2461 829 2634 877 τεκαὶ
2673 824 2756 897 [Ρ.
2811 825 2902 900 68]
2961 834 3181 901 χοίρων,
3246 833 3333 881 καὶ
3387 833 3505 890 τοὺς
3575 826 3650 882 δι’
3706 832 3904 906 ἱεράκων

2323 915 2647 987 θηρεύοντας,
2717 918 2913 979 πάντας
2976 917 3290 981 ἁπαξαπλῶς
3344 927 3740 992 στρατιωτικοῖς
3803 941 3909 974 συν-

2320 1008 2512 1076 τέταχε
2544 1006 2803 1077 τάγμασι.
2847 1010 2948 1059 Καὶ
2987 1004 3049 1066 ἧν
3083 1011 3141 1060 τό
3170 1012 3486 1082 συνηγμένον
3531 1008 3732 1070 πλῆθος
3767 1009 3902 1080 πολὺ,

2320 1097 2409 1146 καὶ
2440 1095 2470 1152 ἠ
2505 1101 2598 1146 τοῦ
2632 1102 2941 1168 κρατοῦντος
2972 1093 3032 1149 δὲ
3067 1095 3211 1171 ἁρχὴ
3245 1097 3509 1170 ἠνάγκαζε
3553 1103 3676 1160 τοὺς
3712 1098 3904 1160 πλείους

2318 1190 2418 1234 τῶν
2476 1182 2726 1235 εἰωθότων
2787 1189 2953 1259 φέρειν
3026 1206 3078 1238 τι
3133 1192 3515 1263 περιττότερον.
3583 1189 3738 1241 Οὕτω
3791 1196 3902 1260 γοῦν

2316 1277 2491 1324 πᾶσαν
2551 1279 2947 1346 συναγηοχέμει
3002 1279 3096 1333 τὴν
3139 1277 3413 1348 στρατιάν.
3443 1275 3531 1337 Ὠς
3587 1273 3647 1330 δὲ
3698 1280 3900 1329 καὶτὸν

2318 1362 2638 1435 Περσάρχην
2662 1365 2772 1432 (29)
2811 1367 2883 1435 μὴ
2924 1366 3212 1439 πράγματα
3237 1367 3378 1437 ἔχειν
3407 1385 3550 1438 παρα
3585 1375 3686 1418 τῶν
3724 1373 3893 1436 Ταχα-

2315 1453 2438 1524 ρίων
2530 1449 2808 1522 πρεσϐείαν
2862 1450 3226 1514 ἐξαποστείλας
3301 1451 3634 1526 ἐμεμαθήκει,
3692 1455 3898 1507 κατευθὺ

2313 1543 2440 1612 πρὸς
2495 1543 2590 1598 τὴν
2651 1535 2864 1612 δυσμὴν
2925 1539 2981 1592 ἐκ
3032 1550 3122 1603 τῆς
3176 1543 3242 1594 ἕω
3293 1540 3483 1616 έχώρει
3529 1564 3542 1576 ·
3588 1542 3758 1604 καλῶς
3809 1544 3900 1616 γὰρ

2315 1631 2455 1700 ἔχειν
2507 1631 2595 1680 τὸν
2664 1631 2984 1703 Περσάρχην
3039 1639 3140 1684 τῶν
3193 1629 3385 1684 ἐκείνου
3440 1634 3762 1707 πραγμάτων
3814 1631 3907 1684 oio.

2315 1737 2459 1791 μενος
2487 1723 2578 1770 καὶ
2619 1717 2860 1792 ἀσφαλῶς
2887 1724 3072 1792 μένειν,
3133 1717 3248 1774 οὐδ’
3300 1720 3426 1783 ὅλως
3467 1727 3585 1794 περὶ
3635 1731 3698 1794 τῇ
3755 1721 3908 1774 αὐτοῦ

2317 1811 2451 1860 κατὰ
2482 1812 2575 1866 τὴν
2615 1809 2679 1861 ἔω
2724 1805 2918 1862 ἐδεδίει
2965 1808 3138 1883 ἀρχῇ.
3199 1815 3305 1868 Τὴν
3347 1816 3521 1862 πᾶσαν
3576 1819 3701 1882 γοῦν
3751 1828 3914 1866 συνη-

2318 1899 2538 1970 θροικὼς
2609 1901 2858 1972 στρατιὰν
2913 1900 3128 1971 μείζονα
3187 1906 3287 1950 τῶν
3338 1917 3465 1951 ποτε
3517 1901 3660 1972 παρὰ
3716 1917 3772 1950 τε
3827 1903 3915 1950 τοῦ

2315 1991 2514 2061 πατρὸς
2566 1986 2726 2038 αὐτοῦ
2803 1986 3066 2060 βασιλέως
3121 1992 3212 2040 καὶ
3267 1990 3453 2040 τούτου
3521 1986 3918 2059 συνειλεγμένων

2316 2075 2389 2137 εἰς
2470 2079 2528 2127 τὸ
2603 2072 3058 2150 διαπεραιωθῆναι
3130 2080 3218 2130 τόν
3283 2075 3652 2134 Ἑλλήσποντον
3703 2073 3917 2148 ἀφίκετο

2315 2163 2388 2225 εἰς
2411 2167 2503 2221 τὴν
2541 2163 2856 2235 Λάμψακον,
2894 2163 3106 2225 ἐλπίσας
3153 2171 3244 2218 καὶ
3295 2169 3416 2226 τοὺς
3464 2167 3600 2217 κατὰ
3649 2166 3709 2216 τὸ
3765 2159 3914 2216 Διδυ·

2315 2256 2569 2325 μότοιχον
2595 2251 3087 2324 καταλελειμμένους
3148 2259 3316 2315 σώους
3360 2273 3412 2306 τε
3463 2255 3627 2326 εὑρεῖν
3679 2255 3812 2304 κατὰ
3854 2250 3914 2305 τᾶ

2313 2344 2739 2416 προστεταγμένα
2810 2343 3008 2402 τούτοις
3087 2346 3177 2394 καὶ
3247 2342 3306 2394 οὐ
3359 2344 3550 2415 μικρὰν
3611 2344 3910 2415 προσθήκην

2313 2437 2376 2502 τῇ
2416 2430 2540 2502 ἀμφ’
2598 2430 2754 2482 αὐτόν
2801 2436 3020 2504 στρατιᾴ
3071 2429 3488 2503 ἐμποιήσασθαι.
3540 2435 3676 2495 Τοὺς
3722 2427 3781 2484 δὲ
3828 2449 3910 2482 κα-

2315 2518 2563 2571 κοϐουλία
2609 2524 2699 2571 καὶ
2753 2523 2811 2571 τὸ
2879 2528 3214 2593 παρακοῦσαι
3255 2529 3346 2582 τῆς
3410 2519 3699 2593 βασιλικῆς
3757 2519 3909 2573 κελεύ-

2320 2628 2447 2671 σεως
2488 2609 2721 2681 ἔσφηλεν.
2781 2609 2919 2661 Ἐπεὶ
2974 2612 3076 2681 γὰρ
3139 2612 3164 2660 ό
3219 2618 3317 2662 τῶν
3381 2610 3689 2685 Βουλγάρων
3737 2612 3905 2685 ἄρχων

2319 2704 2635 2773 μακρότερον
2686 2695 2886 2769 διάγειν
2936 2702 3022 2750 τόν
3065 2698 3292 2772 βασιλέα
3352 2699 3622 2770 ἐγίνωσκε,
3672 2702 3904 2752 Σκυθικὸν

2324 2790 2624 2863 στράτευμα
2671 2787 2744 2848 εἰς
2797 2807 3043 2862 σφετεραν
3111 2793 3425 2861 συμμαχίαν
3495 2790 3907 2862 προσκαλεσάμε-

2321 2898 2406 2939 νος
2457 2881 2592 2931 κατὰ
2665 2885 2764 2928 τῶν
2816 2884 2911 2935 τῆν
2990 2874 3320 2940 Μακεδονίας
3383 2883 3572 2953 χώρων
3631 2878 3909 2950 ἐκπέπομφε

2321 2965 2545 3043 κέρδους
2569 2985 2623 3019 τε
2659 2968 2821 3041 χάριν
2869 2971 2959 3019 καὶ
3004 2974 3099 3028 τῆς
3154 2969 3283 3040 πρὸς
3330 2966 3617 3040 Ῥωμαίους
3668 2972 3798 3028 τινός
3839 2966 3909 3019 ἐκ·

2324 3056 2610 3130 φοϐήσεως.
2678 3057 2996 3129 Ἠρίθμηντο
3050 3052 3110 3109 δί
3160 3060 3279 3130 περί
3353 3075 3454 3110 που
3507 3060 3598 3118 τὰς
3665 3062 3910 3130 τέσσαρας

550 3144 735 3199 chum
765 3142 995 3215 oppida
1024 3144 1232 3199 omnia
1259 3144 1482 3215 praedis
1513 3160 1583 3200 ac
1607 3145 1833 3216 rapinis
1862 3144 2201 3200 vastabant.

2322 3141 2599 3219 χιλιάδας,
2641 3147 2710 3207 ὡς
2757 3147 2806 3197 οἱ
2859 3143 3049 3205 εἰδότες
3095 3147 3316 3218 ἔφασκον
3375 3148 3590 3202 Σκύθαι.
3644 3150 3776 3205 Τινὲς
3819 3149 3907 3216 μὲν

550 3230 845 3289 Exercitui
865 3231 1032 3302 apud
1064 3232 1588 3302 Didymotoechum
1615 3232 1898 3304 praefecti,
1931 3233 2213 3304 neglectis

549 3318 954 3389 imperatoriis
985 3319 1290 3375 mandatis
1333 3336 1503 3375 arma
1535 3326 1837 3376 sumentes
1866 3322 1926 3376 in
1960 3322 2212 3393 Scythas

550 3407 804 3464 irruunt.
827 3409 1081 3464 Romani
1100 3423 1211 3480 pro
1231 3424 1398 3465 more
1425 3426 1535 3465 suo
1556 3411 1726 3480 gravi
1746 3415 2047 3467 armatura
2066 3427 2216 3484 prai-

553 3495 730 3553 cincti
767 3501 957 3564 erant,
1008 3499 1241 3571 Scythae
1271 3497 1387 3554 levi
1416 3504 1473 3554 et
1525 3501 1830 3571 sagittarii.
1893 3503 2087 3567 Quare
2139 3502 2215 3558 de

552 3585 889 3658 longinquo
933 3585 1028 3642 isti
1075 3588 1290 3659 jaoulis
1346 3591 1648 3646 Romanos
1679 3589 1994 3660 incessere,
2026 3607 2216 3663 equos

554 3675 843 3747 sauciare,
878 3679 936 3732 et
961 3677 1130 3749 gravi
1159 3693 1307 3733 casu
1329 3694 1401 3733 ex
1421 3679 1722 3751 equitibus
1746 3680 1977 3752 pedites
1998 3680 2216 3751 facere,

551 3764 798 3821 tandem
830 3765 1059 3836 fugare.
1092 3769 1298 3840 Itaque
1319 3768 1552 3825 Manuel
1583 3771 1850 3824 Lascaris
1873 3786 2030 3842 equo
2061 3771 2217 3826 velo-

555 3854 828 3916 cissimo.
885 3871 1061 3928 quem
1108 3857 1559 3929 Chrysopedem
1606 3858 1864 3925 dicebat,
1913 3859 2057 3929 fuga
2089 3876 2218 3916 sese

554 3943 1007 4017 Adrianopolim
1031 3946 1285 4002 intrusit.
1321 3947 1744 4003 Constantinus
1782 3950 2121 4018 Margarites
2165 3955 2218 4005 et

556 4049 694 4089 cum
738 4051 809 4089 eo
850 4035 1056 4106 plures
1093 4035 1193 4091 alii
1222 4036 1558 4092 cohortium
1597 4037 1794 4108 capita
1845 4038 2110 4106 Bulgaris
2148 4054 2218 4094 ac

559 4124 792 4194 Scythis
810 4125 1162 4180 venundata
1184 4131 1361 4196 capta
1381 4129 1538 4180 sunt.
1559 4125 1638 4180 De
1663 4125 1758 4180 his
1791 4127 2001 4182 certior
2029 4127 2220 4183 factus

556 4211 886 4284 imperator
905 4212 1182 4282 indoluit,
1222 4215 1632 4286 maturiusque
1662 4214 1724 4268 in
1778 4214 2223 4288 Bulgarophygi

555 4301 760 4358 locum
793 4300 1111 4372 festinavit,
1146 4307 1203 4357 et
1231 4318 1509 4374 gressum
1544 4301 1864 4358 intendens
1889 4303 2220 4360 festinatio-

555 4406 698 4447 nem
752 4389 1120 4446 acceleravit.
1171 4391 1286 4446 Sed
1333 4390 1809 4463 speculatoribus
1864 4392 2218 4463 Scytharum

2323 3231 2411 3287 οὖν
2449 3238 2540 3286 καὶ
2568 3233 2795 3299 πλείους,
2837 3236 2887 3286 οἱ
2926 3230 2985 3286 δὲ
3032 3253 3124 3286 και
3172 3234 3414 3296 ἐλάττους
3483 3234 3660 3305 ἔλεγον.
3702 3234 3762 3285 Οἱ

2322 3320 2410 3377 οὖν
2476 3325 2668 3376 Σκύθαι
2723 3328 2816 3382 τὴν
2873 3321 3155 3398 Ἀδριανοῦ
3210 3325 3625 3400 παραμείψαντες
3679 3325 3742 3376 τὰ
3791 3325 3904 3394 περὶ

2320 3417 2408 3466 τὸν
2468 3416 2701 3485 ποταμόν
2758 3413 2819 3465 οὗ
2875 3411 3085 3484 Ῥηγίνα
3151 3417 3381 3486 τοῦνομα
3443 3413 3581 3466 λείαν
3633 3411 3903 3475 ἐποιοῦντο,

2323 3507 2414 3555 καὶ
2441 3505 2508 3555 τὰ
2536 3501 2688 3575 πέριξ
2723 3509 2816 3554 τοῦ
2870 3499 3260 3575 Διδυμοτοίχου
3307 3508 3487 3578 χωρία
3515 3502 3800 3556 ἐσκύλευον·
3847 3500 3907 3552 Οἱ

2326 3589 2386 3646 δὲ
2411 3591 2801 3664 προλελεγμένοι
2856 3594 3190 3666 στρατάρχαι
3248 3600 3341 3645 τοῦ
3389 3593 3462 3654 εἰς
3501 3595 3562 3645 τό
3616 3588 3907 3664 Διδυμότοιο

2325 3701 2425 3756 χον
2474 3681 2934 3755 καταλελειμμένου
2996 3685 3401 3755 στρατεύματος,
3473 3691 3570 3734 τῶν
3639 3679 3907 3756 βασιλικῶν

2328 3770 2716 3843 ἐπιλελησμένοι
2792 3769 3144 3845 προστὰξεων,
3252 3770 3690 3845 καθοπλισθέντες
3789 3769 3910 3822 κατὰ

2325 3868 2426 3914 τῶν
2465 3862 2674 3912 Σκυθῶν
2723 3859 3054 3933 ἐφώρμησαν.
3123 3862 3189 3911 Οἱ
3241 3863 3332 3932 μὶν
3378 3856 3466 3912 οὖν
3521 3859 3788 3934 Ῥωμαῖοι,
3838 3858 3911 3910 οἶα

2327 3952 2444 4011 ἔθος
2482 3949 2680 4018 αὐτοῖς,
2735 3945 3068 4021 δυσαχθέσιν
3116 3949 3293 4012 ὅπλοις
3347 3952 3710 4022 κατὰφρακτοι
3770 3946 3910 4011 ἦσαν,

2327 4041 2376 4092 οἱ
2405 4035 2463 4092 δὲ
2489 4041 2684 4092 Σκύθαι
2730 4047 2914 4111 κοῦφοι
2953 4037 3162 4090 ὁπλῖται
3191 4041 3305 4108 (30)
3351 4044 3440 4092 καὶ
3491 4039 3668 4102 τόξοις
3723 4043 3911 4113 χρώμε-

2327 4147 2425 4181 νοι.
2467 4129 2738 4203 Μακρόθεν
2769 4123 2856 4179 οὖν
2921 4127 3066 4179 οὗτοι
3111 4134 3215 4189 τοῖς
3269 4126 3445 4200 βέλεσι
3482 4132 3606 4191 τοὺς
3649 4128 3914 4201 ’Ῥωμαίους

2329 4217 2536 4271 ἔϐαλλον
2572 4222 2663 4269 καὶ
2710 4221 2828 4277 τοὺς
2868 4217 3053 4277 ἵππους
3101 4216 3413 4292 ἐτίτρωσκον
3451 4221 3542 4269 καὶ
3592 4219 3780 4279 πεζούς
3811 4218 3913 4273 τούς

2334 4310 2555 4374 ἱππότας
2609 4301 2811 4380 ῥᾳδίως
2894 4305 3119 4377 ἐποίουν,
3179 4312 3270 4359 καὶ
3321 4306 3456 4367 τέλος
3525 4311 3822 4380 τρέπουσιν.
3865 4302 3911 4354 Ὀ

2332 4399 2421 4469 μὲν
2452 4391 2540 4448 οὖν
2579 4394 2827 4453 Μανουήλ
2869 4395 2895 4446 ὁ
2953 4397 3231 4470 Λὰσκαρις
3294 4398 3598 4467 ταχύτατον
3666 4400 3799 4470 ἔχων
3840 4395 3911 4445 τὸν

557 4479 886 4537 exercitum
927 4494 1118 4550 prope
1139 4495 1272 4535 esse
1304 4479 1825 4546 denuntiantibus,
1846 4480 1951 4536 ubi
1974 4498 2077 4538 eos
2107 4499 2218 4556 pa-

2335 4486 2508 4555 ἶππον,
2553 4483 2606 4535 ὃν
2658 4488 2748 4536 καὶ
2789 4481 3143 4557 Χρυσοπόδην
3200 4483 3427 4554 ἐκάλεσε,
3485 4489 3653 4557 φυγὰς
3718 4485 3786 4547 εἰς
3835 4484 3912 4539 τὴν

556 4569 750 4625 lantes
773 4565 1017 4635 audivit,
1050 4583 1120 4623 eo
1153 4568 1500 4625 universum
1547 4569 1870 4626 exercitum
1900 4577 2121 4641 movet,
2163 4579 2220 4630 et

559 4672 684 4714 uno
707 4655 803 4711 die
829 4655 1302 4728 quadringentas
1327 4657 1501 4730 134
1524 4662 1580 4714 et
1599 4659 1858 4732 amplius
1877 4662 2222 4719 mansiones

561 4762 925 4821 permensus
952 4751 1057 4803 est.
1082 4748 1358 4805 Attamen
1384 4749 1446 4805 in
1470 4765 1572 4804 eos
1601 4763 1723 4804 non
1745 4751 1953 4807 incidit
1981 4771 1992 4820 ;
2035 4752 2222 4809 celere

2333 4571 2619 4648 Ἀδριανοῦ
2653 4578 2826 4644 ᾤχετο
2879 4594 2892 4606 ο
2953 4576 2978 4626 ὁ
3037 4570 3097 4627 δὲ
3143 4580 3485 4650 Μαργαρίτης
3550 4579 3911 4628 Κωνσταντίνος

2331 4663 2479 4733 ἑάλω,
2528 4668 2618 4714 καὶ
2653 4662 2797 4715 ἄλλοι
2850 4662 3029 4716 πολλοὶ
3077 4664 3186 4736 μετ’
3235 4664 3395 4716 αὐτοῦ
3441 4672 3538 4716 τῶν
3591 4665 3668 4728 εἰς
3720 4659 3910 4734 κεφαλὰς

2330 4755 2648 4824 τεταγμένων
2729 4761 2821 4814 τῆς
2916 4759 3185 4827 στρατιᾶς,
3263 4751 3347 4813 οῦς
3438 4758 3528 4805 καὶ
3587 4752 3903 4826 ἁπημόλπσαν

1433 4847 1772 4915 Theodori
1822 4850 2074 4919 Dousae
2122 4861 2188 4919 et
2235 4851 2487 4919 Leonis
2537 4851 2772 4918 Allatii
2823 4861 3024 4919 notae.

629 4964 745 5040 (29)
765 4965 863 5019 Τὸν
883 4966 1224 5040 Περσάρχην.
1245 4966 1556 5035 Gregoras,
1580 4981 1640 5038 p.
1667 4968 1753 5033 36,
1776 4965 1857 5022 ait
1883 4966 2077 5023 fcedus
2093 4983 2224 5023 cum

557 5038 782 5124 Turcis,
816 5038 1179 5124 q'uodpater
1199 5042 1594 5124 percusserat,
1628 5052 1972 5120 renovasse.
2000 5042 2146 5124 ῥιι.

630 5108 750 5180 (30)
830 5107 930 5161 Καὶ
989 5107 1124 5168 ἦσαν
1192 5107 1367 5169 ὅπλοις
1436 5111 1813 5181 κατάφρακτοι,
1857 5113 1932 5181 ,οἱ
1987 5107 2045 5162 δὲ
2100 5113 2223 5161 Σκύ-

563 5180 651 5233 θαι
681 5188 864 5251 κοῦφοι
907 5181 1137 5235 ὁπλῖται.
1171 5183 1476 5236 Romanos
1519 5180 1732 5236 milites
1771 5180 2006 5236 induxit
2041 5181 2220 5236 etiam

561 5266 747 5322 supra
773 5252 938 5319 gravi
971 5256 1277 5308 armatura
1319 5253 1581 5308 munitos
1622 5257 1676 5309 et
1707 5257 2022 5322 propterea
2047 5252 2219 5308 inha-

559 5320 730 5394 biles,
784 5328 991 5379 contra
1057 5323 1306 5394 Scythas
1373 5324 1608 5380 levibus
1666 5320 1850 5394 armis
1910 5323 2219 5393 expeditos

563 5393 1042 5466 succinctosque,
1076 5392 1177 5448 ubi
1211 5394 1568 5450 Balduinum
1604 5411 1639 5449 a
1666 5392 1952 5466 Scythico
1982 5392 2217 5466 equita-

560 5466 626 5538 tu
657 5463 1529 5538 circumventumcaptumque
1565 5464 1788 5538 scribit.
1825 5463 2213 5538 Herodianus,

559 5533 663 5589 lib.
690 5550 783 5604 v11,
817 5535 876 5589 in
905 5533 1280 5608 expeditione
1302 5533 1572 5608 quadam
1603 5535 1903 5608 Maximini
1927 5536 2217 5593 adversus

564 5607 911 5673 Germanos,
944 5607 1057 5664 hoc
1089 5609 1302 5664 eodem
1324 5607 1495 5678 ’pene
1544 5624 1683 5678 cum
1738 5607 1958 5664 militiae
2004 5624 2217 5677 genere

563 5693 741 5732 usum
802 5679 978 5735 tradit
1037 5698 1049 5732 :
1104 5675 1362 5733 Μαλιστα
1427 5675 1484 5731 δὲ
1547 5681 1595 5732 οἱ
1644 5677 1946 5732 ἀκοντισταὶ
2011 5675 2104 5733 καὶ
2171 5681 2219 5734 οἱ

2330 4967 2536 5054 τοξόται
2569 4971 2697 5039 πρὸς
2723 4969 2813 5028 τὰς
2832 4975 3101 5054 Γερμανῶν
3130 4968 3308 5038 μάχας
3338 4964 3634 5054 ἐπιτήδειοι
3663 4963 3910 5050 δοκοῦσιν,

2332 5037 2688 5112 ἐπιτρέχοντές
2739 5059 2793 5112 τε
2846 5037 3022 5112 αὖτοῖς
3073 5037 3276 5110 κούφως
3329 5039 3385 5091 ού
3444 5037 3792 5112 προσδοκῶσι
3837 5037 3938 5112 καὶ.

2333 5107 2725 5184 ἀνακώροῦντες
2761 5107 2963 5184 ῥᾳδίως,
2990 5127 3002 5164 :
3038 5107 3332 5166 (laterum
3348 5107 3727 5184 jaculatores
3750 5108 3910 5177 sagit-

2332 5183 2590 5253 tariique
2608 5183 2865 5252 gerendo
2887 5183 3171 5238 adversus
3193 5184 3511 5238 Germanos
3526 5183 3680 5238 bello
3693 5191 3911 5250 magno-

2325 5269 2466 5322 pere
2504 5254 2700 5309 idonei
2739 5253 3039 5321 videntur,
3081 5253 3367 5325 siquidem
3408 5254 3672 5323 expediti
3709 5254 3911 5309 hostem

2329 5325 2674 5395 opprimunt
2701 5325 3030 5387 incautum,
3066 5325 3365 5396 facileque
3389 5341 3599 5381 rursus
3631 5329 3694 5380 in
3737 5329 3910 5396 lutum

2326 5393 2385 5452 se
2408 5393 2730 5468 recipiunt.
2762 5393 3132 5468 Jaculatores
3163 5393 3282 5468 hos
3304 5397 3488 5468 domo
3521 5399 3778 5468 Mauros,
3809 5393 3908 5468 ‘05-

2325 5463 2608 5536 rhoenos,
2647 5467 3078 5539 Armeniosque
3109 5475 3164 5523 et
3192 5467 3463 5539 Parthos
3494 5467 3677 5524 fuisse
3705 5463 3908 5539 ibidem

2328 5543 2536 5595 auctor
2585 5538 2798 5595 innuit.
2829 5537 3050 5595 Eodem
3105 5538 3323 5594 militiae
3373 5555 3482 5594 seu
3535 5537 3769 5594 malitiae
3819 5548 3907 5602 ge-

2325 5626 2468 5682 nere
2541 5610 2864 5665 Balduinus
2913 5610 3238 5682 imperator
3285 5625 3321 5666 θ.
3362 5611 3611 5682 νδγὼὶοο
3663 5606 3908 5680 equitatu

2328 5681 2772 5738 circumventus
2816 5681 3271 5755 oppre.ssusque
3319 5681 3567 5739 videtur.
3636 5682 3840 5737 Dousa.
