  <div class='ocr_page' id='page_1' title='image "/cluster/home/n/w/nwhite01/storage/ocr_20150623/140/coo.31924054870450/582.png"; bbox 0 0 4124 6390; ppageno 0'>
   <div class='ocr_carea' id='block_1_1' title="bbox 265 356 403 412">
    <p class='ocr_par' dir='ltr' id='par_1_1' title="bbox 265 356 403 412">
     <span class='ocr_line' id='line_1_1' title="bbox 265 356 403 412; baseline -0.007 0"><span class='ocrx_word' id='word_1_1' title='bbox 265 356 403 412; x_wconf 71' lang='grc'><strong>1145</strong></span> 
     </span>
    </p>
   </div>
   <div class='ocr_carea' id='block_1_2' title="bbox 1791 344 2140 402">
    <p class='ocr_par' dir='ltr' id='par_1_2' title="bbox 1791 344 2140 402">
     <span class='ocr_line' id='line_1_2' title="bbox 1791 344 2140 402; baseline 0 0"><span class='ocrx_word' id='word_1_2' title='bbox 1791 344 2140 402; x_wconf 80' lang='lat' dir='ltr'>ANNALES.</span> 
     </span>
    </p>
   </div>
   <div class='ocr_carea' id='block_1_3' title="bbox 3497 331 3632 387">
    <p class='ocr_par' dir='ltr' id='par_1_3' title="bbox 3497 331 3632 387">
     <span class='ocr_line' id='line_1_3' title="bbox 3497 331 3632 387; baseline -0.007 0"><span class='ocrx_word' id='word_1_3' title='bbox 3497 331 3632 387; x_wconf 72' lang='grc'><strong>1146</strong></span> 
     </span>
    </p>
   </div>
   <div class='ocr_carea' id='block_1_4' title="bbox 260 459 1909 548">
    <p class='ocr_par' dir='ltr' id='par_1_4' title="bbox 260 467 1909 548">
     <span class='ocr_line' id='line_1_4' title="bbox 260 467 1909 548; baseline -0.008 -12"><span class='ocrx_word' id='word_1_4' title='bbox 260 487 372 543; x_wconf 85' lang='grc' dir='ltr'>τοῖς</span> <span class='ocrx_word' id='word_1_5' title='bbox 401 475 717 548; x_wconf 83' lang='grc' dir='ltr'>Βουλγοίροις</span> <span class='ocrx_word' id='word_1_6' title='bbox 753 475 803 526; x_wconf 87' lang='grc' dir='ltr'>οἱ</span> <span class='ocrx_word' id='word_1_7' title='bbox 841 473 1053 526; x_wconf 82' lang='grc' dir='ltr'>Σκύθαι.</span> <span class='ocrx_word' id='word_1_8' title='bbox 1103 469 1162 524; x_wconf 79' lang='lat'>&#39;0</span> <span class='ocrx_word' id='word_1_9' title='bbox 1220 472 1310 544; x_wconf 71' lang='grc' dir='ltr'>μεν</span> <span class='ocrx_word' id='word_1_10' title='bbox 1341 468 1428 522; x_wconf 79' lang='grc' dir='ltr'>οὖν</span> <span class='ocrx_word' id='word_1_11' title='bbox 1487 467 1735 542; x_wconf 83' lang='grc' dir='ltr'>βασιλεὺς</span> <span class='ocrx_word' id='word_1_12' title='bbox 1801 471 1868 522; x_wconf 89' lang='grc' dir='ltr'>τά</span> <span class='ocrx_word' id='word_1_13' title='bbox 1908 517 1909 522; x_wconf 47' lang='grc' dir='ltr'>η</span> 
     </span>
    </p>
   </div>
   <div class='ocr_carea' id='block_1_5' title="bbox 1999 459 3636 548">
    <p class='ocr_par' dir='ltr' id='par_1_5' title="bbox 1999 459 3636 540">
     <span class='ocr_line' id='line_1_5' title="bbox 1999 459 3636 540; baseline -0.009 -16"><span class='ocrx_word' id='word_1_14' title='bbox 1999 469 2146 524; x_wconf 71' lang='lat' dir='ltr'><strong>anim</strong></span> <span class='ocrx_word' id='word_1_15' title='bbox 2197 468 2460 524; x_wconf 86' lang='lat' dir='ltr'><strong>adventu</strong></span> <span class='ocrx_word' id='word_1_16' title='bbox 2502 465 2878 540; x_wconf 85' lang='lat' dir='ltr'>imperatoris</span> <span class='ocrx_word' id='word_1_17' title='bbox 2933 462 3193 535; x_wconf 81' lang='lat' dir='ltr'><strong>cognito,</strong></span> <span class='ocrx_word' id='word_1_18' title='bbox 3226 459 3404 516; x_wconf 87' lang='lat' dir='ltr'><strong>citato</strong></span> <span class='ocrx_word' id='word_1_19' title='bbox 3455 471 3636 513; x_wconf 82' lang='lat' dir='ltr'>cursu</span> 
     </span>
    </p>
   </div>
   <div class='ocr_carea' id='block_1_6' title="bbox 257 555 1869 643">
    <p class='ocr_par' dir='ltr' id='par_1_6' title="bbox 257 555 1869 643">
     <span class='ocr_line' id='line_1_6' title="bbox 257 555 1869 643; baseline -0.008 -20"><span class='ocrx_word' id='word_1_20' title='bbox 257 574 382 643; x_wconf 80' lang='grc' dir='ltr'>περὶ</span> <span class='ocrx_word' id='word_1_21' title='bbox 410 569 600 620; x_wconf 85' lang='grc' dir='ltr'>τούτου</span> <span class='ocrx_word' id='word_1_22' title='bbox 642 564 822 636; x_wconf 83' lang='grc' dir='ltr'>μαθὼν</span> <span class='ocrx_word' id='word_1_23' title='bbox 864 562 1074 631; x_wconf 77' lang='grc' dir='ltr'>ἠνιάθη,</span> <span class='ocrx_word' id='word_1_24' title='bbox 1136 562 1354 613; x_wconf 78' lang='grc' dir='ltr'>ἔσπευσε</span> <span class='ocrx_word' id='word_1_25' title='bbox 1415 555 1473 612; x_wconf 77' lang='grc' dir='ltr'>δὲ</span> <span class='ocrx_word' id='word_1_26' title='bbox 1532 555 1626 610; x_wconf 79' lang='grc' dir='ltr'>διὰ</span> <span class='ocrx_word' id='word_1_27' title='bbox 1671 559 1869 629; x_wconf 78' lang='grc' dir='ltr'>τάχους</span> 
     </span>
    </p>
   </div>
   <div class='ocr_carea' id='block_1_7' title="bbox 259 647 1870 725">
    <p class='ocr_par' dir='ltr' id='par_1_7' title="bbox 259 647 1870 725">
     <span class='ocr_line' id='line_1_7' title="bbox 259 647 1870 725; baseline -0.009 -11"><span class='ocrx_word' id='word_1_28' title='bbox 259 659 347 714; x_wconf 73' lang='grc' dir='ltr'>ἰπὶ</span> <span class='ocrx_word' id='word_1_29' title='bbox 384 662 472 712; x_wconf 90' lang='grc' dir='ltr'>τὸν</span> <span class='ocrx_word' id='word_1_30' title='bbox 511 663 604 710; x_wconf 85' lang='grc' dir='ltr'>τοῦ</span> <span class='ocrx_word' id='word_1_31' title='bbox 660 653 1095 725; x_wconf 75' lang='grc' dir='ltr'>Βουλγαροφύγου</span> <span class='ocrx_word' id='word_1_32' title='bbox 1143 659 1319 725; x_wconf 87' lang='grc' dir='ltr'>χῶρον</span> <span class='ocrx_word' id='word_1_33' title='bbox 1372 648 1552 719; x_wconf 79' lang='grc' dir='ltr'>ἐλθεῖν,</span> <span class='ocrx_word' id='word_1_34' title='bbox 1615 653 1706 701; x_wconf 87' lang='grc' dir='ltr'>καὶ</span> <span class='ocrx_word' id='word_1_35' title='bbox 1753 647 1870 701; x_wconf 77' lang='grc' dir='ltr'>ἐπι-</span> 
     </span>
    </p>
   </div>
   <div class='ocr_carea' id='block_1_8' title="bbox 259 740 1867 819">
    <p class='ocr_par' dir='ltr' id='par_1_8' title="bbox 259 740 1867 819">
     <span class='ocr_line' id='line_1_8' title="bbox 259 740 1867 819; baseline -0.009 -15"><span class='ocrx_word' id='word_1_36' title='bbox 259 755 434 810; x_wconf 78' lang='grc' dir='ltr'>τείνας</span> <span class='ocrx_word' id='word_1_37' title='bbox 487 750 572 800; x_wconf 87' lang='grc' dir='ltr'>τόν</span> <span class='ocrx_word' id='word_1_38' title='bbox 628 740 822 819; x_wconf 83' lang='grc' dir='ltr'>δρόμον</span> <span class='ocrx_word' id='word_1_39' title='bbox 919 741 1164 815; x_wconf 81' lang='grc' dir='ltr'>ὀξυτέραν</span> <span class='ocrx_word' id='word_1_40' title='bbox 1239 741 1401 792; x_wconf 76' lang='grc' dir='ltr'>ἐποίει</span> <span class='ocrx_word' id='word_1_41' title='bbox 1472 743 1564 797; x_wconf 83' lang='grc' dir='ltr'>τήν</span> <span class='ocrx_word' id='word_1_42' title='bbox 1639 742 1867 797; x_wconf 85' lang='grc' dir='ltr'>κίνησιν·</span> 
     </span>
    </p>
   </div>
   <div class='ocr_carea' id='block_1_9' title="bbox 261 827 1872 903">
    <p class='ocr_par' dir='ltr' id='par_1_9' title="bbox 261 827 1872 903">
     <span class='ocr_line' id='line_1_9' title="bbox 261 827 1872 903; baseline -0.009 -11"><span class='ocrx_word' id='word_1_43' title='bbox 261 839 406 892; x_wconf 85' lang='grc' dir='ltr'>Ἐπεὶ</span> <span class='ocrx_word' id='word_1_44' title='bbox 439 833 498 889; x_wconf 69' lang='lat'>6&quot;:</span> <span class='ocrx_word' id='word_1_45' title='bbox 527 839 618 888; x_wconf 78' lang='grc' dir='ltr'>καὶ</span> <span class='ocrx_word' id='word_1_46' title='bbox 666 835 714 885; x_wconf 87' lang='grc' dir='ltr'>οἱ</span> <span class='ocrx_word' id='word_1_47' title='bbox 767 837 1060 903; x_wconf 81' lang='grc' dir='ltr'>πευστῆρες</span> <span class='ocrx_word' id='word_1_48' title='bbox 1107 831 1335 901; x_wconf 77' lang='grc' dir='ltr'>ἔφασκον</span> <span class='ocrx_word' id='word_1_49' title='bbox 1389 827 1541 899; x_wconf 83' lang='grc' dir='ltr'>ἐγγὺς</span> <span class='ocrx_word' id='word_1_50' title='bbox 1593 829 1872 899; x_wconf 76' lang='grc' dir='ltr'>τυγχάνειν</span> 
     </span>
    </p>
   </div>
   <div class='ocr_carea' id='block_1_10' title="bbox 1984 543 3634 629">
    <p class='ocr_par' dir='ltr' id='par_1_10' title="bbox 1984 543 3634 629">
     <span class='ocr_line' id='line_1_10' title="bbox 1984 543 3634 629; baseline -0.009 -17"><span class='ocrx_word' id='word_1_51' title='bbox 1984 557 2190 628; x_wconf 82' lang='lat' dir='ltr'>fugam</span> <span class='ocrx_word' id='word_1_52' title='bbox 2222 556 2620 629; x_wconf 87' lang='lat' dir='ltr'><strong>arripuerunt.</strong></span> <span class='ocrx_word' id='word_1_53' title='bbox 2663 559 2718 609; x_wconf 91' lang='lat' dir='ltr'>et</span> <span class='ocrx_word' id='word_1_54' title='bbox 2752 554 3020 626; x_wconf 84' lang='lat' dir='ltr'>plerique</span> <span class='ocrx_word' id='word_1_55' title='bbox 3052 565 3260 607; x_wconf 89' lang='lat' dir='ltr'><strong>eorum</strong></span> <span class='ocrx_word' id='word_1_56' title='bbox 3290 552 3346 602; x_wconf 88' lang='lat' dir='ltr'>et</span> <span class='ocrx_word' id='word_1_57' title='bbox 3373 543 3634 601; x_wconf 87' lang='lat' dir='ltr'>nationis</span> 
     </span>
    </p>
   </div>
   <div class='ocr_carea' id='block_1_11' title="bbox 1985 635 3635 716">
    <p class='ocr_par' dir='ltr' id='par_1_11' title="bbox 1985 635 3635 716">
     <span class='ocr_line' id='line_1_11' title="bbox 1985 635 3635 716; baseline -0.01 -12"><span class='ocrx_word' id='word_1_58' title='bbox 1985 647 2339 704; x_wconf 89' lang='lat' dir='ltr'><strong>celebriores</strong></span> <span class='ocrx_word' id='word_1_59' title='bbox 2367 646 2595 701; x_wconf 82' lang='lat' dir='ltr'>circum</span> <span class='ocrx_word' id='word_1_60' title='bbox 2622 644 2810 716; x_wconf 77' lang='lat' dir='ltr'><strong>Bizyae</strong></span> <span class='ocrx_word' id='word_1_61' title='bbox 2857 648 2990 699; x_wconf 87' lang='lat' dir='ltr'><strong>loca.</strong></span> <span class='ocrx_word' id='word_1_62' title='bbox 3029 637 3304 697; x_wconf 77' lang='lat' dir='ltr'>trucidati</span> <span class='ocrx_word' id='word_1_63' title='bbox 3334 641 3493 692; x_wconf 90' lang='lat' dir='ltr'><strong>sunt.</strong></span> <span class='ocrx_word' id='word_1_64' title='bbox 3521 635 3635 704; x_wconf 87' lang='lat' dir='ltr'>Spe</span> 
     </span>
    </p>
   </div>
   <div class='ocr_carea' id='block_1_12' title="bbox 1982 728 3638 808">
    <p class='ocr_par' dir='ltr' id='par_1_12' title="bbox 1982 728 3638 808">
     <span class='ocr_line' id='line_1_12' title="bbox 1982 728 3638 808; baseline -0.01 -15"><span class='ocrx_word' id='word_1_65' title='bbox 1982 737 2299 793; x_wconf 86' lang='lat' dir='ltr'>frustratus</span> <span class='ocrx_word' id='word_1_66' title='bbox 2321 736 2648 808; x_wconf 83' lang='lat' dir='ltr'><strong>imperator</strong></span> <span class='ocrx_word' id='word_1_67' title='bbox 2664 735 2741 790; x_wconf 88' lang='lat' dir='ltr'>ad</span> <span class='ocrx_word' id='word_1_68' title='bbox 2767 733 3019 789; x_wconf 90' lang='lat' dir='ltr'><strong>ﬂuvium</strong></span> <span class='ocrx_word' id='word_1_69' title='bbox 3037 730 3131 786; x_wconf 90' lang='lat' dir='ltr'>cui</span> <span class='ocrx_word' id='word_1_70' title='bbox 3148 728 3386 796; x_wconf 63' lang='lat' dir='ltr'><strong>Reginae</strong></span> <span class='ocrx_word' id='word_1_71' title='bbox 3411 737 3638 780; x_wconf 83' lang='lat' dir='ltr'><strong>nomen</strong></span> 
     </span>
    </p>
   </div>
   <div class='ocr_carea' id='block_1_13' title="bbox 1985 811 3638 896">
    <p class='ocr_par' dir='ltr' id='par_1_13' title="bbox 1985 811 3638 896">
     <span class='ocr_line' id='line_1_13' title="bbox 1985 811 3638 896; baseline -0.01 -14"><span class='ocrx_word' id='word_1_72' title='bbox 1985 832 2181 883; x_wconf 87' lang='lat' dir='ltr'><strong>castra</strong></span> <span class='ocrx_word' id='word_1_73' title='bbox 2210 830 2488 891; x_wconf 84' lang='lat' dir='ltr'><strong>metatur,</strong></span> <span class='ocrx_word' id='word_1_74' title='bbox 2520 823 2725 896; x_wconf 89' lang='lat' dir='ltr'>ibique</span> <span class='ocrx_word' id='word_1_75' title='bbox 2747 822 3098 878; x_wconf 85' lang='lat' dir='ltr'><strong>universum</strong></span> <span class='ocrx_word' id='word_1_76' title='bbox 3130 817 3286 889; x_wconf 84' lang='lat' dir='ltr'><strong>cogit</strong></span> <span class='ocrx_word' id='word_1_77' title='bbox 3313 811 3638 870; x_wconf 88' lang='lat' dir='ltr'><strong>exercitum</strong></span> 
     </span>
    </p>
   </div>
   <div class='ocr_carea' id='block_1_14' title="bbox 259 909 1909 994">
    <p class='ocr_par' dir='ltr' id='par_1_14' title="bbox 259 916 1873 994">
     <span class='ocr_line' id='line_1_14' title="bbox 259 916 1873 994; baseline -0.008 -13"><span class='ocrx_word' id='word_1_78' title='bbox 259 931 322 980; x_wconf 92' lang='grc' dir='ltr'>τὸ</span> <span class='ocrx_word' id='word_1_79' title='bbox 393 927 637 980; x_wconf 84' lang='grc' dir='ltr'>Σκυθινόν</span> <span class='ocrx_word' id='word_1_80' title='bbox 716 923 1040 994; x_wconf 81' lang='grc' dir='ltr'>στράτευμα,</span> <span class='ocrx_word' id='word_1_81' title='bbox 1116 921 1236 971; x_wconf 81' lang='grc' dir='ltr'>ἔνθα</span> <span class='ocrx_word' id='word_1_82' title='bbox 1317 917 1510 978; x_wconf 76' lang='grc' dir='ltr'>αὐτοὺς</span> <span class='ocrx_word' id='word_1_83' title='bbox 1579 916 1873 990; x_wconf 80' lang='grc' dir='ltr'>περιπολεῖν</span> 
     </span>
    </p>
   </div>
   <div class='ocr_carea' id='block_1_15' title="bbox 1999 909 3212 994">
    <p class='ocr_par' dir='ltr' id='par_1_15' title="bbox 1999 909 3212 985">
     <span class='ocr_line' id='line_1_15' title="bbox 1999 909 3212 985; baseline -0.006 -16"><span class='ocrx_word' id='word_1_84' title='bbox 1999 915 2343 970; x_wconf 73' lang='lat' dir='ltr'><strong>,nsolentem</strong></span> <span class='ocrx_word' id='word_1_85' title='bbox 2375 928 2522 970; x_wconf 86' lang='lat' dir='ltr'><strong>sane</strong></span> <span class='ocrx_word' id='word_1_86' title='bbox 2540 917 2720 985; x_wconf 88' lang='lat' dir='ltr'><strong>atque</strong></span> <span class='ocrx_word' id='word_1_87' title='bbox 2745 909 3212 982; x_wconf 90' lang='lat' dir='ltr'><strong>amplissimum.</strong></span> 
     </span>
    </p>
   </div>
   <div class='ocr_carea' id='block_1_16' title="bbox 263 987 3643 1087">
    <p class='ocr_par' dir='ltr' id='par_1_16' title="bbox 263 987 3643 1087">
     <span class='ocr_line' id='line_1_16' title="bbox 263 987 3643 1087; baseline -0.009 -17"><span class='ocrx_word' id='word_1_88' title='bbox 263 1015 456 1087; x_wconf 76' lang='grc' dir='ltr'>ἔλεγον,</span> <span class='ocrx_word' id='word_1_89' title='bbox 526 1013 691 1065; x_wconf 74' lang='grc' dir='ltr'>ἐκεῖσε</span> <span class='ocrx_word' id='word_1_90' title='bbox 739 1013 830 1062; x_wconf 83' lang='grc' dir='ltr'>καὶ</span> <span class='ocrx_word' id='word_1_91' title='bbox 889 1014 1065 1060; x_wconf 87' lang='grc' dir='ltr'>πᾶσαν</span> <span class='ocrx_word' id='word_1_92' title='bbox 1128 1007 1280 1060; x_wconf 79' lang='grc' dir='ltr'>ἐκίνει</span> <span class='ocrx_word' id='word_1_93' title='bbox 1344 1012 1438 1065; x_wconf 84' lang='grc' dir='ltr'>τήν</span> <span class='ocrx_word' id='word_1_94' title='bbox 1501 1007 1772 1079; x_wconf 81' lang='grc' dir='ltr'>στρατιάν.</span> <span class='ocrx_word' id='word_1_95' title='bbox 1838 1008 1939 1058; x_wconf 83' lang='grc' dir='ltr'>Καὶ</span> <span class='ocrx_word' id='word_1_96' title='bbox 1994 1006 2188 1078; x_wconf 79' lang='grc' dir='ltr'>ἡμέρας</span> <span class='ocrx_word' id='word_1_97' title='bbox 2252 1007 2342 1077; x_wconf 76' lang='grc' dir='ltr'>μὲν</span> <span class='ocrx_word' id='word_1_98' title='bbox 2410 1009 2534 1076; x_wconf 86' lang='grc' dir='ltr'>μιᾶς</span> <span class='ocrx_word' id='word_1_99' title='bbox 2599 1001 2806 1061; x_wconf 89' lang='grc' dir='ltr'>πλείους</span> <span class='ocrx_word' id='word_1_100' title='bbox 2869 1007 2968 1052; x_wconf 81' lang='grc' dir='ltr'>τῶν</span> <span class='ocrx_word' id='word_1_101' title='bbox 3033 997 3378 1070; x_wconf 80' lang='grc' dir='ltr'>τετρακοσίων</span> <span class='ocrx_word' id='word_1_102' title='bbox 3445 987 3643 1061; x_wconf 72' lang='grc' dir='ltr'>διεξῄει</span> 
     </span>
    </p>
   </div>
   <div class='ocr_carea' id='block_1_17' title="bbox 268 1077 3641 1178">
    <p class='ocr_par' dir='ltr' id='par_1_17' title="bbox 268 1077 3641 1178">
     <span class='ocr_line' id='line_1_17' title="bbox 268 1077 3641 1178; baseline -0.009 -20"><span class='ocrx_word' id='word_1_103' title='bbox 268 1103 350 1178; x_wconf 82' lang='grc' dir='ltr'>[Ρ.</span> <span class='ocrx_word' id='word_1_104' title='bbox 419 1103 508 1178; x_wconf 83' lang='grc'>69]</span> <span class='ocrx_word' id='word_1_105' title='bbox 572 1102 856 1172; x_wconf 76' lang='grc' dir='ltr'>σταθμοὺς,</span> <span class='ocrx_word' id='word_1_106' title='bbox 923 1098 1018 1151; x_wconf 80' lang='grc' dir='ltr'>οὐκ</span> <span class='ocrx_word' id='word_1_107' title='bbox 1069 1097 1308 1171; x_wconf 79' lang='grc' dir='ltr'>ἐνέκυρσε</span> <span class='ocrx_word' id='word_1_108' title='bbox 1352 1093 1411 1150; x_wconf 72' lang='grc' dir='ltr'>δὲ</span> <span class='ocrx_word' id='word_1_109' title='bbox 1459 1077 1661 1158; x_wconf 84' lang='grc' dir='ltr'>τοὺτοις</span> <span class='ocrx_word' id='word_1_110' title='bbox 1719 1116 1732 1128; x_wconf 75' lang='grc' dir='ltr'><strong>ο</strong></span> <span class='ocrx_word' id='word_1_111' title='bbox 1790 1077 2186 1167; x_wconf 77' lang='grc' dir='ltr'>ἐμεμαθήκεσαν</span> <span class='ocrx_word' id='word_1_112' title='bbox 2239 1095 2337 1166; x_wconf 87' lang='grc' dir='ltr'>γάρ</span> <span class='ocrx_word' id='word_1_113' title='bbox 2393 1094 2509 1164; x_wconf 82' lang='grc'>(31)</span> <span class='ocrx_word' id='word_1_114' title='bbox 2555 1111 2645 1142; x_wconf 90' lang='grc' dir='ltr'>και</span> <span class='ocrx_word' id='word_1_115' title='bbox 2697 1087 2842 1142; x_wconf 76' lang='grc' dir='ltr'>οὗτοι</span> <span class='ocrx_word' id='word_1_116' title='bbox 2891 1092 2984 1146; x_wconf 84' lang='grc' dir='ltr'>τήν</span> <span class='ocrx_word' id='word_1_117' title='bbox 3041 1092 3261 1158; x_wconf 89' lang='grc' dir='ltr'>ταχεῖαν</span> <span class='ocrx_word' id='word_1_118' title='bbox 3319 1087 3411 1134; x_wconf 83' lang='grc' dir='ltr'>τοῦ</span> <span class='ocrx_word' id='word_1_119' title='bbox 3485 1077 3641 1152; x_wconf 84' lang='grc' dir='ltr'>βασι-</span> 
     </span>
    </p>
   </div>
   <div class='ocr_carea' id='block_1_18' title="bbox 263 1173 3641 1264">
    <p class='ocr_par' dir='ltr' id='par_1_18' title="bbox 263 1173 3641 1264">
     <span class='ocr_line' id='line_1_18' title="bbox 263 1173 3641 1264; baseline -0.009 -16"><span class='ocrx_word' id='word_1_120' title='bbox 263 1194 388 1258; x_wconf 80' lang='grc' dir='ltr'>ξίως</span> <span class='ocrx_word' id='word_1_121' title='bbox 411 1188 616 1264; x_wconf 72' lang='grc' dir='ltr'>ἔφοδον,</span> <span class='ocrx_word' id='word_1_122' title='bbox 639 1210 731 1242; x_wconf 91' lang='grc' dir='ltr'>και</span> <span class='ocrx_word' id='word_1_123' title='bbox 761 1191 830 1251; x_wconf 87' lang='grc' dir='ltr'>ὡς</span> <span class='ocrx_word' id='word_1_124' title='bbox 860 1188 1004 1260; x_wconf 84' lang='grc' dir='ltr'>εἶχον</span> <span class='ocrx_word' id='word_1_125' title='bbox 1060 1183 1238 1239; x_wconf 80' lang='grc' dir='ltr'>ποδῶν</span> <span class='ocrx_word' id='word_1_126' title='bbox 1290 1190 1494 1258; x_wconf 73' lang='grc' dir='ltr'>ἔφυγον,</span> <span class='ocrx_word' id='word_1_127' title='bbox 1537 1206 1623 1238; x_wconf 84' lang='grc' dir='ltr'>και</span> <span class='ocrx_word' id='word_1_128' title='bbox 1683 1184 1891 1245; x_wconf 89' lang='grc' dir='ltr'>πλείους</span> <span class='ocrx_word' id='word_1_129' title='bbox 1947 1180 2007 1236; x_wconf 74' lang='grc' dir='ltr'>δὲ</span> <span class='ocrx_word' id='word_1_130' title='bbox 2052 1182 2104 1245; x_wconf 73' lang='grc' dir='ltr'>ἐξ</span> <span class='ocrx_word' id='word_1_131' title='bbox 2154 1183 2322 1234; x_wconf 75' lang='grc' dir='ltr'>αὐτῶν</span> <span class='ocrx_word' id='word_1_132' title='bbox 2360 1201 2450 1234; x_wconf 89' lang='grc' dir='ltr'>και</span> <span class='ocrx_word' id='word_1_133' title='bbox 2516 1183 2938 1255; x_wconf 76' lang='grc' dir='ltr'>περιφανέστεροι</span> <span class='ocrx_word' id='word_1_134' title='bbox 2991 1183 3082 1230; x_wconf 84' lang='grc' dir='ltr'>τοῦ</span> <span class='ocrx_word' id='word_1_135' title='bbox 3140 1176 3318 1234; x_wconf 69' lang='grc' dir='ltr'>’ἔθνους</span> <span class='ocrx_word' id='word_1_136' title='bbox 3372 1173 3488 1242; x_wconf 80' lang='grc' dir='ltr'>περί</span> <span class='ocrx_word' id='word_1_137' title='bbox 3537 1185 3641 1219; x_wconf 91' lang='grc' dir='ltr'>που</span> 
     </span>
    </p>
   </div>
   <div class='ocr_carea' id='block_1_19' title="bbox 259 1258 3640 1356">
    <p class='ocr_par' dir='ltr' id='par_1_19' title="bbox 259 1258 3640 1356">
     <span class='ocr_line' id='line_1_19' title="bbox 259 1258 3640 1356; baseline -0.008 -21"><span class='ocrx_word' id='word_1_138' title='bbox 259 1285 330 1335; x_wconf 84' lang='grc' dir='ltr'>τά</span> <span class='ocrx_word' id='word_1_139' title='bbox 391 1286 522 1356; x_wconf 83' lang='grc' dir='ltr'>μέρη</span> <span class='ocrx_word' id='word_1_140' title='bbox 579 1287 675 1342; x_wconf 79' lang='grc' dir='ltr'>τῆς</span> <span class='ocrx_word' id='word_1_141' title='bbox 748 1278 942 1339; x_wconf 79' lang='grc' dir='ltr'>Βιζύης</span> <span class='ocrx_word' id='word_1_142' title='bbox 1006 1275 1184 1348; x_wconf 79' lang='grc' dir='ltr'>ξίφους</span> <span class='ocrx_word' id='word_1_143' title='bbox 1240 1278 1386 1349; x_wconf 81' lang='grc' dir='ltr'>ἔργον</span> <span class='ocrx_word' id='word_1_144' title='bbox 1451 1277 1696 1346; x_wconf 78' lang='grc' dir='ltr'>ἕγένοντο.</span> <span class='ocrx_word' id='word_1_145' title='bbox 1752 1274 2063 1344; x_wconf 81' lang='grc' dir='ltr'>Ἀποτυχὼν</span> <span class='ocrx_word' id='word_1_146' title='bbox 2108 1280 2233 1344; x_wconf 83' lang='grc' dir='ltr'>γοῦν</span> <span class='ocrx_word' id='word_1_147' title='bbox 2283 1280 2394 1334; x_wconf 75' lang='grc' dir='ltr'>τῆς.</span> <span class='ocrx_word' id='word_1_148' title='bbox 2427 1271 2782 1345; x_wconf 80' lang='grc' dir='ltr'>ἐγχειρήσεως</span> <span class='ocrx_word' id='word_1_149' title='bbox 2846 1270 3039 1326; x_wconf 77' lang='grc' dir='ltr'>ταύτης</span> <span class='ocrx_word' id='word_1_150' title='bbox 3105 1265 3130 1315; x_wconf 88' lang='grc' dir='ltr'>ὁ</span> <span class='ocrx_word' id='word_1_151' title='bbox 3191 1261 3442 1335; x_wconf 86' lang='grc' dir='ltr'>βασιλεὺς</span> <span class='ocrx_word' id='word_1_152' title='bbox 3517 1258 3640 1330; x_wconf 89' lang='grc' dir='ltr'>περί</span> 
     </span>
    </p>
   </div>
   <div class='ocr_carea' id='block_1_20' title="bbox 258 1346 3637 1442">
    <p class='ocr_par' dir='ltr' id='par_1_20' title="bbox 258 1346 3637 1442">
     <span class='ocr_line' id='line_1_20' title="bbox 258 1346 3637 1442; baseline -0.009 -16"><span class='ocrx_word' id='word_1_153' title='bbox 258 1375 348 1426; x_wconf 83' lang='grc' dir='ltr'>τὸν</span> <span class='ocrx_word' id='word_1_154' title='bbox 415 1374 650 1442; x_wconf 85' lang='grc' dir='ltr'>ποταμὸν</span> <span class='ocrx_word' id='word_1_155' title='bbox 699 1369 753 1430; x_wconf 86' lang='grc' dir='ltr'>ὃς</span> <span class='ocrx_word' id='word_1_156' title='bbox 817 1366 1029 1438; x_wconf 84' lang='grc' dir='ltr'>Ῥηγίνα</span> <span class='ocrx_word' id='word_1_157' title='bbox 1080 1365 1316 1418; x_wconf 88' lang='grc' dir='ltr'>καλεῖκαι</span> <span class='ocrx_word' id='word_1_158' title='bbox 1356 1371 1450 1424; x_wconf 87' lang='grc' dir='ltr'>τήν</span> <span class='ocrx_word' id='word_1_159' title='bbox 1505 1369 1702 1424; x_wconf 85' lang='grc' dir='ltr'>σκηνὴν</span> <span class='ocrx_word' id='word_1_160' title='bbox 1753 1362 1926 1432; x_wconf 83' lang='grc' dir='ltr'>ἔπηξε,</span> <span class='ocrx_word' id='word_1_161' title='bbox 1985 1383 2074 1414; x_wconf 85' lang='grc' dir='ltr'>και</span> <span class='ocrx_word' id='word_1_162' title='bbox 2127 1367 2302 1415; x_wconf 87' lang='grc' dir='ltr'>πᾶσαν</span> <span class='ocrx_word' id='word_1_163' title='bbox 2352 1361 2515 1413; x_wconf 83' lang='grc' dir='ltr'>ἐκεῖσε</span> <span class='ocrx_word' id='word_1_164' title='bbox 2575 1357 2763 1422; x_wconf 83' lang='grc' dir='ltr'>συνῆξε</span> <span class='ocrx_word' id='word_1_165' title='bbox 2811 1363 2906 1416; x_wconf 84' lang='grc' dir='ltr'>τήν</span> <span class='ocrx_word' id='word_1_166' title='bbox 2976 1355 3226 1429; x_wconf 87' lang='grc' dir='ltr'>στρατιάν</span> <span class='ocrx_word' id='word_1_167' title='bbox 3307 1350 3374 1410; x_wconf 84' lang='grc' dir='ltr'>εἰς</span> <span class='ocrx_word' id='word_1_168' title='bbox 3439 1346 3637 1406; x_wconf 86' lang='grc' dir='ltr'>πλῆθος</span> 
     </span>
    </p>
   </div>
   <div class='ocr_carea' id='block_1_21' title="bbox 263 1459 592 1516">
    <p class='ocr_par' dir='ltr' id='par_1_21' title="bbox 263 1459 592 1516">
     <span class='ocr_line' id='line_1_21' title="bbox 263 1459 592 1516; baseline -0.015 0"><span class='ocrx_word' id='word_1_169' title='bbox 263 1459 431 1516; x_wconf 86' lang='grc' dir='ltr'>οὖσαν</span> <span class='ocrx_word' id='word_1_170' title='bbox 458 1460 592 1512; x_wconf 82' lang='grc' dir='ltr'>πολὺ</span> 
     </span>
    </p>
   </div>
   <div class='ocr_carea' id='block_1_22' title="bbox 341 1537 1870 1622">
    <p class='ocr_par' dir='ltr' id='par_1_22' title="bbox 341 1537 1870 1622">
     <span class='ocr_line' id='line_1_22' title="bbox 341 1537 1870 1622; baseline -0.014 -9"><span class='ocrx_word' id='word_1_171' title='bbox 475 1548 533 1601; x_wconf 85' lang='grc' dir='ltr'><strong>Ὀ</strong></span> <span class='ocrx_word' id='word_1_172' title='bbox 572 1550 662 1620; x_wconf 70' lang='grc' dir='ltr'>μεν</span> <span class='ocrx_word' id='word_1_173' title='bbox 698 1554 798 1598; x_wconf 86' lang='grc' dir='ltr'>τῶν</span> <span class='ocrx_word' id='word_1_174' title='bbox 843 1547 889 1581; x_wconf 76' lang='grc'><strong>⁴⁹</strong></span> <span class='ocrx_word' id='word_1_175' title='bbox 957 1544 1258 1617; x_wconf 82' lang='grc' dir='ltr'>Βουλγάρων</span> <span class='ocrx_word' id='word_1_176' title='bbox 1313 1544 1426 1614; x_wconf 80' lang='grc'>(32)</span> <span class='ocrx_word' id='word_1_177' title='bbox 1479 1537 1870 1616; x_wconf 78' lang='grc' dir='ltr'>ἃρχων,ἑπειδή</span> 
     </span>
    </p>
   </div>
   <div class='ocr_carea' id='block_1_23' title="bbox 269 1629 1876 1711">
    <p class='ocr_par' dir='ltr' id='par_1_23' title="bbox 269 1629 1876 1711">
     <span class='ocr_line' id='line_1_23' title="bbox 269 1629 1876 1711; baseline -0.006 -20"><span class='ocrx_word' id='word_1_178' title='bbox 269 1643 344 1711; x_wconf 83' lang='grc' dir='ltr'>μή</span> <span class='ocrx_word' id='word_1_179' title='bbox 402 1635 797 1711; x_wconf 81' lang='grc' dir='ltr'>διαπράξασθαί</span> <span class='ocrx_word' id='word_1_180' title='bbox 844 1653 897 1686; x_wconf 83' lang='grc' dir='ltr'>τι</span> <span class='ocrx_word' id='word_1_181' title='bbox 952 1637 1086 1686; x_wconf 86' lang='grc' dir='ltr'>κατά</span> <span class='ocrx_word' id='word_1_182' title='bbox 1143 1633 1406 1705; x_wconf 81' lang='grc' dir='ltr'>Ῥωμαίων</span> <span class='ocrx_word' id='word_1_183' title='bbox 1465 1629 1750 1689; x_wconf 74' lang='grc' dir='ltr'>ἑδεδύνητο</span> <span class='ocrx_word' id='word_1_184' title='bbox 1784 1637 1876 1682; x_wconf 82' lang='grc' dir='ltr'>τοῦ</span> 
     </span>
    </p>
   </div>
   <div class='ocr_carea' id='block_1_24' title="bbox 273 1721 1878 1802">
    <p class='ocr_par' dir='ltr' id='par_1_24' title="bbox 273 1721 1878 1802">
     <span class='ocr_line' id='line_1_24' title="bbox 273 1721 1878 1802; baseline -0.006 -21"><span class='ocrx_word' id='word_1_185' title='bbox 273 1727 528 1802; x_wconf 77' lang='grc' dir='ltr'>βασιλέως</span> <span class='ocrx_word' id='word_1_186' title='bbox 577 1721 1034 1796; x_wconf 82' lang='grc' dir='ltr'>ἐπιδεδημηκὸτος</span> <span class='ocrx_word' id='word_1_187' title='bbox 1081 1725 1213 1795; x_wconf 84' lang='grc' dir='ltr'>μετὰ</span> <span class='ocrx_word' id='word_1_188' title='bbox 1297 1724 1560 1775; x_wconf 83' lang='grc' dir='ltr'>τοσούτων</span> <span class='ocrx_word' id='word_1_189' title='bbox 1630 1739 1878 1796; x_wconf 89' lang='grc' dir='ltr'>στρατευ-</span> 
     </span>
    </p>
   </div>
   <div class='ocr_carea' id='block_1_25' title="bbox 270 1809 1874 1890">
    <p class='ocr_par' dir='ltr' id='par_1_25' title="bbox 270 1809 1874 1890">
     <span class='ocr_line' id='line_1_25' title="bbox 270 1809 1874 1890; baseline -0.005 -21"><span class='ocrx_word' id='word_1_190' title='bbox 270 1818 445 1890; x_wconf 81' lang='grc' dir='ltr'>μάτων</span> <span class='ocrx_word' id='word_1_191' title='bbox 483 1816 531 1868; x_wconf 76' lang='grc' dir='ltr'>ἐν</span> <span class='ocrx_word' id='word_1_192' title='bbox 583 1821 642 1886; x_wconf 73' lang='grc' dir='ltr'>τῇ</span> <span class='ocrx_word' id='word_1_193' title='bbox 705 1809 886 1885; x_wconf 76' lang='grc' dir='ltr'>δυσμῇ</span> <span class='ocrx_word' id='word_1_194' title='bbox 943 1832 1033 1864; x_wconf 91' lang='grc' dir='ltr'>και</span> <span class='ocrx_word' id='word_1_195' title='bbox 1072 1811 1495 1872; x_wconf 86' lang='grc' dir='ltr'>πεπλησιακότος</span> <span class='ocrx_word' id='word_1_196' title='bbox 1544 1818 1606 1883; x_wconf 77' lang='grc' dir='ltr'>τῇ</span> <span class='ocrx_word' id='word_1_197' title='bbox 1670 1810 1874 1875; x_wconf 82' lang='grc' dir='ltr'>ἑαυτοῦ,</span> 
     </span>
    </p>
   </div>
   <div class='ocr_carea' id='block_1_26' title="bbox 268 1899 1878 1976">
    <p class='ocr_par' dir='ltr' id='par_1_26' title="bbox 268 1899 1878 1976">
     <span class='ocr_line' id='line_1_26' title="bbox 268 1899 1878 1976; baseline -0.006 -17"><span class='ocrx_word' id='word_1_198' title='bbox 268 1908 346 1968; x_wconf 83' lang='grc' dir='ltr'>εἰς</span> <span class='ocrx_word' id='word_1_199' title='bbox 380 1901 611 1964; x_wconf 77' lang='grc' dir='ltr'>σπονδάς</span> <span class='ocrx_word' id='word_1_200' title='bbox 669 1903 940 1976; x_wconf 76' lang='grc' dir='ltr'>ἐτράπετο,</span> <span class='ocrx_word' id='word_1_201' title='bbox 991 1921 1082 1953; x_wconf 90' lang='grc' dir='ltr'>και</span> <span class='ocrx_word' id='word_1_202' title='bbox 1139 1904 1224 1953; x_wconf 92' lang='grc' dir='ltr'>τὸν</span> <span class='ocrx_word' id='word_1_203' title='bbox 1281 1902 1523 1975; x_wconf 85' lang='grc' dir='ltr'>πενθερόν</span> <span class='ocrx_word' id='word_1_204' title='bbox 1568 1899 1730 1952; x_wconf 76' lang='grc' dir='ltr'>αὐτοῦ</span> <span class='ocrx_word' id='word_1_205' title='bbox 1792 1901 1878 1950; x_wconf 87' lang='grc' dir='ltr'>τὸν</span> 
     </span>
    </p>
   </div>
   <div class='ocr_carea' id='block_1_27' title="bbox 264 1989 1878 2068">
    <p class='ocr_par' dir='ltr' id='par_1_27' title="bbox 264 1989 1878 2068">
     <span class='ocr_line' id='line_1_27' title="bbox 264 1989 1878 2068; baseline -0.007 -18"><span class='ocrx_word' id='word_1_206' title='bbox 264 1995 456 2050; x_wconf 89' lang='grc' dir='ltr'>Ῥῶσον</span> <span class='ocrx_word' id='word_1_207' title='bbox 525 1993 712 2068; x_wconf 81' lang='grc' dir='ltr'>Οὖρον,</span> <span class='ocrx_word' id='word_1_208' title='bbox 763 1999 854 2045; x_wconf 84' lang='grc' dir='ltr'>τοῦ</span> <span class='ocrx_word' id='word_1_209' title='bbox 906 1991 1068 2065; x_wconf 82' lang='grc' dir='ltr'>ῥηγὸς</span> <span class='ocrx_word' id='word_1_210' title='bbox 1141 1989 1405 2062; x_wconf 76' lang='grc' dir='ltr'>Οὐγγρίας</span> <span class='ocrx_word' id='word_1_211' title='bbox 1494 1989 1580 2042; x_wconf 87' lang='grc' dir='ltr'>ἐπί</span> <span class='ocrx_word' id='word_1_212' title='bbox 1655 1990 1878 2060; x_wconf 89' lang='grc' dir='ltr'>θυγατρί</span> 
     </span>
    </p>
   </div>
   <div class='ocr_carea' id='block_1_28' title="bbox 265 2075 1880 2156">
    <p class='ocr_par' dir='ltr' id='par_1_28' title="bbox 265 2075 1880 2156">
     <span class='ocr_line' id='line_1_28' title="bbox 265 2075 1880 2156; baseline -0.006 -17"><span class='ocrx_word' id='word_1_213' title='bbox 265 2084 512 2139; x_wconf 82' lang='grc' dir='ltr'>τελοῦντα</span> <span class='ocrx_word' id='word_1_214' title='bbox 552 2080 811 2156; x_wconf 80' lang='grc' dir='ltr'>γαμϐρόν,</span> <span class='ocrx_word' id='word_1_215' title='bbox 881 2087 1190 2153; x_wconf 86' lang='grc' dir='ltr'>μεσιτεῡσαι</span> <span class='ocrx_word' id='word_1_216' title='bbox 1243 2082 1310 2132; x_wconf 89' lang='grc' dir='ltr'>τά</span> <span class='ocrx_word' id='word_1_217' title='bbox 1368 2079 1442 2140; x_wconf 88' lang='grc' dir='ltr'>εἰς</span> <span class='ocrx_word' id='word_1_218' title='bbox 1508 2078 1717 2152; x_wconf 80' lang='grc' dir='ltr'>εἰρήνην</span> <span class='ocrx_word' id='word_1_219' title='bbox 1795 2075 1880 2150; x_wconf 87' lang='grc' dir='ltr'>βε-</span> 
     </span>
    </p>
   </div>
   <div class='ocr_carea' id='block_1_29' title="bbox 267 2166 1881 2244">
    <p class='ocr_par' dir='ltr' id='par_1_29' title="bbox 267 2166 1881 2244">
     <span class='ocr_line' id='line_1_29' title="bbox 267 2166 1881 2244; baseline -0.005 -17"><span class='ocrx_word' id='word_1_220' title='bbox 267 2173 563 2228; x_wconf 76' lang='grc' dir='ltr'>ϐόύλευται.</span> <span class='ocrx_word' id='word_1_221' title='bbox 619 2175 718 2226; x_wconf 78' lang='grc' dir='ltr'>Καί</span> <span class='ocrx_word' id='word_1_222' title='bbox 765 2178 952 2244; x_wconf 86' lang='grc' dir='ltr'>πρῶτα</span> <span class='ocrx_word' id='word_1_223' title='bbox 1003 2171 1092 2241; x_wconf 66' lang='grc' dir='ltr'>μὲν</span> <span class='ocrx_word' id='word_1_224' title='bbox 1146 2169 1340 2222; x_wconf 72' lang='grc' dir='ltr'>ἔστειλε</span> <span class='ocrx_word' id='word_1_225' title='bbox 1414 2166 1664 2237; x_wconf 84' lang='grc' dir='ltr'>πρέσϐεις</span> <span class='ocrx_word' id='word_1_226' title='bbox 1745 2170 1881 2243; x_wconf 85' lang='grc' dir='ltr'>πρὸς</span> 
     </span>
    </p>
   </div>
   <div class='ocr_carea' id='block_1_30' title="bbox 2057 1527 3645 1608">
    <p class='ocr_par' dir='ltr' id='par_1_30' title="bbox 2057 1527 3645 1608">
     <span class='ocr_line' id='line_1_30' title="bbox 2057 1527 3645 1608; baseline -0.011 -13"><span class='ocrx_word' id='word_1_227' title='bbox 2057 1544 2142 1595; x_wconf 82' lang='grc'>62.</span> <span class='ocrx_word' id='word_1_228' title='bbox 2177 1537 2574 1608; x_wconf 81' lang='lat' dir='ltr'><strong>Bulgarorum</strong></span> <span class='ocrx_word' id='word_1_229' title='bbox 2596 1535 2834 1593; x_wconf 89' lang='lat' dir='ltr'><strong>interim</strong></span> <span class='ocrx_word' id='word_1_230' title='bbox 2861 1533 3166 1608; x_wconf 86' lang='lat' dir='ltr'><strong>princeps,</strong></span> <span class='ocrx_word' id='word_1_231' title='bbox 3197 1528 3300 1584; x_wconf 91' lang='lat' dir='ltr'>ubi</span> <span class='ocrx_word' id='word_1_232' title='bbox 3323 1527 3645 1582; x_wconf 86' lang='lat' dir='ltr'><strong>adversum</strong></span> 
     </span>
    </p>
   </div>
   <div class='ocr_carea' id='block_1_31' title="bbox 1986 1611 3644 1701">
    <p class='ocr_par' dir='ltr' id='par_1_31' title="bbox 1986 1611 3644 1701">
     <span class='ocr_line' id='line_1_31' title="bbox 1986 1611 3644 1701; baseline -0.011 -16"><span class='ocrx_word' id='word_1_233' title='bbox 1986 1632 2288 1685; x_wconf 86' lang='lat' dir='ltr'><strong>Romanos</strong></span> <span class='ocrx_word' id='word_1_234' title='bbox 2319 1627 2696 1701; x_wconf 84' lang='lat' dir='ltr'><strong>imperatoris</strong></span> <span class='ocrx_word' id='word_1_235' title='bbox 2727 1642 2865 1681; x_wconf 90' lang='lat' dir='ltr'>cum</span> <span class='ocrx_word' id='word_1_236' title='bbox 2898 1629 3020 1681; x_wconf 89' lang='lat' dir='ltr'>tam</span> <span class='ocrx_word' id='word_1_237' title='bbox 3038 1621 3141 1678; x_wconf 89' lang='lat' dir='ltr'>ubi</span> <span class='ocrx_word' id='word_1_238' title='bbox 3173 1619 3355 1675; x_wconf 89' lang='lat' dir='ltr'><strong>ubere</strong></span> <span class='ocrx_word' id='word_1_239' title='bbox 3378 1614 3560 1672; x_wconf 88' lang='lat' dir='ltr'><strong>milite</strong></span> <span class='ocrx_word' id='word_1_240' title='bbox 3582 1611 3644 1667; x_wconf 91' lang='lat' dir='ltr'>in</span> 
     </span>
    </p>
   </div>
   <div class='ocr_carea' id='block_1_32' title="bbox 1988 1703 3642 1787">
    <p class='ocr_par' dir='ltr' id='par_1_32' title="bbox 1988 1703 3642 1787">
     <span class='ocr_line' id='line_1_32' title="bbox 1988 1703 3642 1787; baseline -0.011 -12"><span class='ocrx_word' id='word_1_241' title='bbox 1988 1719 2370 1776; x_wconf 85' lang='lat' dir='ltr'><strong>Occidentem</strong></span> <span class='ocrx_word' id='word_1_242' title='bbox 2400 1733 2650 1774; x_wconf 89' lang='lat' dir='ltr'><strong>accessu</strong></span> <span class='ocrx_word' id='word_1_243' title='bbox 2679 1715 2960 1787; x_wconf 84' lang='lat' dir='ltr'><strong>illiusque</strong></span> <span class='ocrx_word' id='word_1_244' title='bbox 2991 1710 3289 1768; x_wconf 83' lang='lat' dir='ltr'><strong>vicinitate</strong></span> <span class='ocrx_word' id='word_1_245' title='bbox 3348 1703 3642 1777; x_wconf 87' lang='lat' dir='ltr'><strong>proﬁcere</strong></span> 
     </span>
    </p>
   </div>
   <div class='ocr_carea' id='block_1_33' title="bbox 1986 1791 3644 1882">
    <p class='ocr_par' dir='ltr' id='par_1_33' title="bbox 1986 1791 3644 1882">
     <span class='ocr_line' id='line_1_33' title="bbox 1986 1791 3644 1882; baseline -0.011 -19"><span class='ocrx_word' id='word_1_246' title='bbox 1986 1809 2316 1882; x_wconf 86' lang='lat' dir='ltr'><strong>quicquam</strong></span> <span class='ocrx_word' id='word_1_247' title='bbox 2345 1823 2468 1863; x_wconf 92' lang='lat' dir='ltr'>non</span> <span class='ocrx_word' id='word_1_248' title='bbox 2509 1809 2734 1879; x_wconf 88' lang='lat' dir='ltr'><strong>posset,</strong></span> <span class='ocrx_word' id='word_1_249' title='bbox 2770 1803 3098 1860; x_wconf 87' lang='lat' dir='ltr'><strong>amicitiam</strong></span> <span class='ocrx_word' id='word_1_250' title='bbox 3133 1805 3189 1855; x_wconf 93' lang='lat' dir='ltr'>et</span> <span class='ocrx_word' id='word_1_251' title='bbox 3207 1797 3404 1853; x_wconf 74' lang='lat' dir='ltr'><strong>foedus</strong></span> <span class='ocrx_word' id='word_1_252' title='bbox 3456 1791 3644 1864; x_wconf 88' lang='lat' dir='ltr'><strong>petiit,</strong></span> 
     </span>
    </p>
   </div>
   <div class='ocr_carea' id='block_1_34' title="bbox 1988 1887 3638 1961">
    <p class='ocr_par' dir='ltr' id='par_1_34' title="bbox 1988 1887 3638 1961">
     <span class='ocr_line' id='line_1_34' title="bbox 1988 1887 3638 1961; baseline -0.012 -7"><span class='ocrx_word' id='word_1_253' title='bbox 1988 1902 2044 1954; x_wconf 89' lang='lat' dir='ltr'>et</span> <span class='ocrx_word' id='word_1_254' title='bbox 2074 1901 2296 1953; x_wconf 85' lang='lat' dir='ltr'><strong>Rosum</strong></span> <span class='ocrx_word' id='word_1_255' title='bbox 2326 1899 2508 1953; x_wconf 92' lang='lat' dir='ltr'><strong>Urum</strong></span> <span class='ocrx_word' id='word_1_256' title='bbox 2543 1896 2795 1958; x_wconf 90' lang='lat' dir='ltr'><strong>socium,</strong></span> <span class='ocrx_word' id='word_1_257' title='bbox 2833 1891 3106 1961; x_wconf 76' lang='lat' dir='ltr'><strong>Ungariae</strong></span> <span class='ocrx_word' id='word_1_258' title='bbox 3135 1887 3294 1957; x_wconf 89' lang='lat' dir='ltr'><strong>regis</strong></span> <span class='ocrx_word' id='word_1_259' title='bbox 3327 1895 3638 1954; x_wconf 83' lang='lat' dir='ltr'><strong>generum,</strong></span> 
     </span>
    </p>
   </div>
   <div class='ocr_carea' id='block_1_35' title="bbox 1988 1973 3642 2060">
    <p class='ocr_par' dir='ltr' id='par_1_35' title="bbox 1988 1973 3642 2060">
     <span class='ocr_line' id='line_1_35' title="bbox 1988 1973 3642 2060; baseline -0.013 -16"><span class='ocrx_word' id='word_1_260' title='bbox 1988 1989 2161 2060; x_wconf 90' lang='lat' dir='ltr'><strong>cujus</strong></span> <span class='ocrx_word' id='word_1_261' title='bbox 2182 1987 2467 2043; x_wconf 90' lang='lat' dir='ltr'><strong>arbitratu</strong></span> <span class='ocrx_word' id='word_1_262' title='bbox 2484 1983 2901 2042; x_wconf 87' lang='lat' dir='ltr'><strong>communibus</strong></span> <span class='ocrx_word' id='word_1_263' title='bbox 2927 1980 3181 2050; x_wconf 91' lang='lat' dir='ltr'><strong>negotiis</strong></span> <span class='ocrx_word' id='word_1_264' title='bbox 3213 1973 3642 2039; x_wconf 87' lang='lat' dir='ltr'><strong>consuleretur,</strong></span> 
     </span>
    </p>
   </div>
   <div class='ocr_carea' id='block_1_36' title="bbox 1989 2067 3644 2144">
    <p class='ocr_par' dir='ltr' id='par_1_36' title="bbox 1989 2067 3644 2144">
     <span class='ocr_line' id='line_1_36' title="bbox 1989 2067 3644 2144; baseline -0.012 -11"><span class='ocrx_word' id='word_1_265' title='bbox 1989 2077 2272 2135; x_wconf 87' lang='lat' dir='ltr'><strong>destinat.</strong></span> <span class='ocrx_word' id='word_1_266' title='bbox 2314 2076 2573 2131; x_wconf 90' lang='lat' dir='ltr'><strong>Primum</strong></span> <span class='ocrx_word' id='word_1_267' title='bbox 2607 2081 2807 2130; x_wconf 88' lang='lat' dir='ltr'><strong>tamen</strong></span> <span class='ocrx_word' id='word_1_268' title='bbox 2847 2071 3027 2144; x_wconf 84' lang='lat' dir='ltr'><strong>legati</strong></span> <span class='ocrx_word' id='word_1_269' title='bbox 3089 2069 3167 2124; x_wconf 89' lang='lat' dir='ltr'>ad</span> <span class='ocrx_word' id='word_1_270' title='bbox 3215 2067 3644 2136; x_wconf 87' lang='lat' dir='ltr'><strong>imperatorem</strong></span> 
     </span>
    </p>
   </div>
   <div class='ocr_carea' id='block_1_37' title="bbox 1990 2148 3650 2240">
    <p class='ocr_par' dir='ltr' id='par_1_37' title="bbox 1990 2148 3650 2240">
     <span class='ocr_line' id='line_1_37' title="bbox 1990 2148 3650 2240; baseline -0.013 -17"><span class='ocrx_word' id='word_1_271' title='bbox 1990 2167 2303 2240; x_wconf 70' lang='lat' dir='ltr'><strong>praemissi,</strong></span> <span class='ocrx_word' id='word_1_272' title='bbox 2319 2164 2749 2238; x_wconf 87' lang='lat' dir='ltr'><strong>profectionem</strong></span> <span class='ocrx_word' id='word_1_273' title='bbox 2763 2161 2838 2217; x_wconf 90' lang='lat' dir='ltr'>ad</span> <span class='ocrx_word' id='word_1_274' title='bbox 2854 2177 2993 2216; x_wconf 89' lang='lat' dir='ltr'>eum</span> <span class='ocrx_word' id='word_1_275' title='bbox 3014 2158 3106 2216; x_wconf 91' lang='lat' dir='ltr'><strong>Uri</strong></span> <span class='ocrx_word' id='word_1_276' title='bbox 3119 2201 3129 2220; x_wconf 94' lang='lat'>,</span> <span class='ocrx_word' id='word_1_277' title='bbox 3144 2161 3210 2213; x_wconf 93' lang='lat' dir='ltr'>ut</span> <span class='ocrx_word' id='word_1_278' title='bbox 3225 2155 3456 2226; x_wconf 86' lang='lat' dir='ltr'><strong>absque</strong></span> <span class='ocrx_word' id='word_1_279' title='bbox 3479 2148 3650 2205; x_wconf 83' lang='lat' dir='ltr'><strong>timo-</strong></span> 
     </span>
    </p>
   </div>
   <div class='ocr_carea' id='block_1_38' title="bbox 267 2241 1909 2335">
    <p class='ocr_par' dir='ltr' id='par_1_38' title="bbox 267 2241 1879 2335">
     <span class='ocr_line' id='line_1_38' title="bbox 267 2241 1879 2335; baseline -0.005 -19"><span class='ocrx_word' id='word_1_280' title='bbox 267 2267 360 2317; x_wconf 81' lang='grc' dir='ltr'>τὸν</span> <span class='ocrx_word' id='word_1_281' title='bbox 419 2261 645 2335; x_wconf 76' lang='grc' dir='ltr'>βασιλέα</span> <span class='ocrx_word' id='word_1_282' title='bbox 692 2263 1234 2332; x_wconf 85' lang='grc' dir='ltr'>προοικονομήσοντας</span> <span class='ocrx_word' id='word_1_283' title='bbox 1273 2262 1367 2316; x_wconf 84' lang='grc' dir='ltr'>τήν</span> <span class='ocrx_word' id='word_1_284' title='bbox 1418 2257 1489 2319; x_wconf 85' lang='grc' dir='ltr'>εἰς</span> <span class='ocrx_word' id='word_1_285' title='bbox 1561 2257 1715 2309; x_wconf 75' lang='grc' dir='ltr'>αὐτόν</span> <span class='ocrx_word' id='word_1_286' title='bbox 1786 2241 1879 2308; x_wconf 80' lang='grc' dir='ltr'>τοῦ</span> 
     </span>
    </p>
   </div>
   <div class='ocr_carea' id='block_1_39' title="bbox 1999 2241 3646 2335">
    <p class='ocr_par' dir='ltr' id='par_1_39' title="bbox 1999 2241 3646 2327">
     <span class='ocr_line' id='line_1_39' title="bbox 1999 2241 3646 2327; baseline -0.012 -17"><span class='ocrx_word' id='word_1_287' title='bbox 1999 2271 2052 2310; x_wconf 84' lang='lat' dir='ltr'>re</span> <span class='ocrx_word' id='word_1_288' title='bbox 2082 2258 2255 2320; x_wconf 87' lang='lat' dir='ltr'><strong>esset,</strong></span> <span class='ocrx_word' id='word_1_289' title='bbox 2290 2253 2436 2327; x_wconf 89' lang='lat' dir='ltr'><strong>quin</strong></span> <span class='ocrx_word' id='word_1_290' title='bbox 2467 2253 2646 2309; x_wconf 88' lang='lat' dir='ltr'><strong>etiam</strong></span> <span class='ocrx_word' id='word_1_291' title='bbox 2670 2257 2732 2307; x_wconf 90' lang='lat' dir='ltr'>ut</span> <span class='ocrx_word' id='word_1_292' title='bbox 2752 2250 2850 2305; x_wconf 92' lang='lat' dir='ltr'><strong>ille</strong></span> <span class='ocrx_word' id='word_1_293' title='bbox 2889 2246 3212 2303; x_wconf 86' lang='lat' dir='ltr'><strong>honoriﬁce</strong></span> <span class='ocrx_word' id='word_1_294' title='bbox 3251 2241 3646 2312; x_wconf 81' lang='lat' dir='ltr'><strong>exciperetur,</strong></span> 
     </span>
    </p>
   </div>
   <div class='ocr_carea' id='block_1_40' title="bbox 271 2343 1880 2427">
    <p class='ocr_par' dir='ltr' id='par_1_40' title="bbox 271 2343 1880 2427">
     <span class='ocr_line' id='line_1_40' title="bbox 271 2343 1880 2427; baseline -0.005 -22"><span class='ocrx_word' id='word_1_295' title='bbox 271 2351 447 2427; x_wconf 82' lang='grc' dir='ltr'>οὖρου</span> <span class='ocrx_word' id='word_1_296' title='bbox 477 2350 651 2423; x_wconf 76' lang='grc' dir='ltr'>ἄφιξιν</span> <span class='ocrx_word' id='word_1_297' title='bbox 674 2349 770 2412; x_wconf 77' lang='grc' dir='ltr'>ἔξω</span> <span class='ocrx_word' id='word_1_298' title='bbox 823 2353 1010 2410; x_wconf 86' lang='grc' dir='ltr'>πτοίας</span> <span class='ocrx_word' id='word_1_299' title='bbox 1060 2367 1114 2400; x_wconf 93' lang='grc' dir='ltr'>τε</span> <span class='ocrx_word' id='word_1_300' title='bbox 1167 2343 1298 2400; x_wconf 83' lang='grc' dir='ltr'>εἶναι</span> <span class='ocrx_word' id='word_1_301' title='bbox 1356 2366 1444 2399; x_wconf 91' lang='grc' dir='ltr'>και</span> <span class='ocrx_word' id='word_1_302' title='bbox 1492 2345 1707 2419; x_wconf 77' lang='grc' dir='ltr'>ἐντίμως</span> <span class='ocrx_word' id='word_1_303' title='bbox 1755 2350 1880 2419; x_wconf 86' lang='grc' dir='ltr'>πρὸς</span> 
     </span>
    </p>
   </div>
   <div class='ocr_carea' id='block_1_41' title="bbox 271 2434 1880 2514">
    <p class='ocr_par' dir='ltr' id='par_1_41' title="bbox 271 2434 1880 2514">
     <span class='ocr_line' id='line_1_41' title="bbox 271 2434 1880 2514; baseline -0.005 -20"><span class='ocrx_word' id='word_1_304' title='bbox 271 2448 364 2494; x_wconf 81' lang='grc' dir='ltr'>τοῦ</span> <span class='ocrx_word' id='word_1_305' title='bbox 421 2438 682 2514; x_wconf 72' lang='grc' dir='ltr'>βασιλεως</span> <span class='ocrx_word' id='word_1_306' title='bbox 727 2434 1009 2510; x_wconf 73' lang='grc' dir='ltr'>δεχθῆναι.</span> <span class='ocrx_word' id='word_1_307' title='bbox 1073 2439 1174 2489; x_wconf 77' lang='grc' dir='ltr'>Καί</span> <span class='ocrx_word' id='word_1_308' title='bbox 1221 2438 1399 2507; x_wconf 84' lang='grc' dir='ltr'>γέγονε</span> <span class='ocrx_word' id='word_1_309' title='bbox 1454 2443 1640 2502; x_wconf 80' lang='grc' dir='ltr'>ταῦτα,</span> <span class='ocrx_word' id='word_1_310' title='bbox 1697 2455 1788 2486; x_wconf 88' lang='grc' dir='ltr'>και</span> <span class='ocrx_word' id='word_1_311' title='bbox 1853 2436 1880 2486; x_wconf 94' lang='grc' dir='ltr'>ὁ</span> 
     </span>
    </p>
   </div>
   <div class='ocr_carea' id='block_1_42' title="bbox 274 2521 1883 2604">
    <p class='ocr_par' dir='ltr' id='par_1_42' title="bbox 274 2521 1883 2604">
     <span class='ocr_line' id='line_1_42' title="bbox 274 2521 1883 2604; baseline -0.003 -22"><span class='ocrx_word' id='word_1_312' title='bbox 274 2526 440 2604; x_wconf 82' lang='grc' dir='ltr'>οὖρος</span> <span class='ocrx_word' id='word_1_313' title='bbox 487 2528 560 2591; x_wconf 88' lang='grc' dir='ltr'>εἰς</span> <span class='ocrx_word' id='word_1_314' title='bbox 610 2530 698 2580; x_wconf 86' lang='grc' dir='ltr'>τόν</span> <span class='ocrx_word' id='word_1_315' title='bbox 750 2525 974 2600; x_wconf 82' lang='grc' dir='ltr'>βασιλέα</span> <span class='ocrx_word' id='word_1_316' title='bbox 1031 2523 1258 2598; x_wconf 76' lang='grc' dir='ltr'>ἀφίκετο.</span> <span class='ocrx_word' id='word_1_317' title='bbox 1294 2521 1526 2596; x_wconf 79' lang='grc' dir='ltr'>Ἐδίχθη</span> <span class='ocrx_word' id='word_1_318' title='bbox 1561 2532 1686 2595; x_wconf 66' lang='grc' dir='ltr'>γοῦν</span> <span class='ocrx_word' id='word_1_319' title='bbox 1737 2527 1883 2596; x_wconf 87' lang='grc' dir='ltr'>παρά</span> 
     </span>
    </p>
   </div>
   <div class='ocr_carea' id='block_1_43' title="bbox 274 2614 1882 2692">
    <p class='ocr_par' dir='ltr' id='par_1_43' title="bbox 274 2614 1882 2692">
     <span class='ocr_line' id='line_1_43' title="bbox 274 2614 1882 2692; baseline -0.004 -21"><span class='ocrx_word' id='word_1_320' title='bbox 274 2626 371 2672; x_wconf 82' lang='grc' dir='ltr'>τοῦ</span> <span class='ocrx_word' id='word_1_321' title='bbox 419 2618 805 2692; x_wconf 75' lang='grc' dir='ltr'>αὐτοκράτορος</span> <span class='ocrx_word' id='word_1_322' title='bbox 863 2614 1096 2688; x_wconf 84' lang='grc' dir='ltr'>ἁσμένως</span> <span class='ocrx_word' id='word_1_323' title='bbox 1143 2633 1196 2666; x_wconf 89' lang='grc' dir='ltr'>τε</span> <span class='ocrx_word' id='word_1_324' title='bbox 1251 2634 1341 2666; x_wconf 88' lang='grc' dir='ltr'>και</span> <span class='ocrx_word' id='word_1_325' title='bbox 1399 2617 1525 2686; x_wconf 87' lang='grc' dir='ltr'>μετά</span> <span class='ocrx_word' id='word_1_326' title='bbox 1578 2622 1672 2676; x_wconf 85' lang='grc' dir='ltr'>τῆς</span> <span class='ocrx_word' id='word_1_327' title='bbox 1719 2634 1882 2690; x_wconf 90' lang='grc' dir='ltr'>προσ-</span> 
     </span>
    </p>
   </div>
   <div class='ocr_carea' id='block_1_44' title="bbox 278 2703 1883 2780">
    <p class='ocr_par' dir='ltr' id='par_1_44' title="bbox 278 2703 1883 2780">
     <span class='ocr_line' id='line_1_44' title="bbox 278 2703 1883 2780; baseline -0.003 -20"><span class='ocrx_word' id='word_1_328' title='bbox 278 2711 516 2768; x_wconf 84' lang='grc' dir='ltr'>ηκούσης</span> <span class='ocrx_word' id='word_1_329' title='bbox 541 2706 922 2780; x_wconf 77' lang='grc' dir='ltr'>φιλοτιμήσεως</span> <span class='ocrx_word' id='word_1_330' title='bbox 949 2725 1040 2758; x_wconf 91' lang='grc' dir='ltr'>και</span> <span class='ocrx_word' id='word_1_331' title='bbox 1095 2704 1245 2766; x_wconf 81' lang='grc' dir='ltr'>οὗτός</span> <span class='ocrx_word' id='word_1_332' title='bbox 1285 2723 1338 2756; x_wconf 92' lang='grc' dir='ltr'>τε</span> <span class='ocrx_word' id='word_1_333' title='bbox 1392 2724 1483 2756; x_wconf 89' lang='grc' dir='ltr'>και</span> <span class='ocrx_word' id='word_1_334' title='bbox 1534 2705 1584 2756; x_wconf 86' lang='grc' dir='ltr'>οὶ</span> <span class='ocrx_word' id='word_1_335' title='bbox 1623 2703 1732 2777; x_wconf 84' lang='grc' dir='ltr'>μετ’</span> <span class='ocrx_word' id='word_1_336' title='bbox 1792 2704 1883 2756; x_wconf 68' lang='grc' dir='ltr'>αὖ·</span> 
     </span>
    </p>
   </div>
   <div class='ocr_carea' id='block_1_45' title="bbox 277 2790 1882 2870">
    <p class='ocr_par' dir='ltr' id='par_1_45' title="bbox 277 2790 1882 2870">
     <span class='ocr_line' id='line_1_45' title="bbox 277 2790 1882 2870; baseline -0.003 -19"><span class='ocrx_word' id='word_1_337' title='bbox 277 2805 393 2866; x_wconf 78' lang='grc' dir='ltr'>τοῦ,</span> <span class='ocrx_word' id='word_1_338' title='bbox 436 2817 525 2850; x_wconf 88' lang='grc' dir='ltr'>και</span> <span class='ocrx_word' id='word_1_339' title='bbox 576 2801 671 2856; x_wconf 84' lang='grc' dir='ltr'>τήν</span> <span class='ocrx_word' id='word_1_340' title='bbox 722 2796 930 2870; x_wconf 82' lang='grc' dir='ltr'>εἰρήνην</span> <span class='ocrx_word' id='word_1_341' title='bbox 967 2799 1246 2852; x_wconf 88' lang='grc' dir='ltr'>πεποίηκεν</span> <span class='ocrx_word' id='word_1_342' title='bbox 1345 2793 1733 2866; x_wconf 73' lang='grc' dir='ltr'>ἐπομοσάμενος</span> <span class='ocrx_word' id='word_1_343' title='bbox 1791 2790 1882 2846; x_wconf 79' lang='grc' dir='ltr'>δι-</span> 
     </span>
    </p>
   </div>
   <div class='ocr_carea' id='block_1_46' title="bbox 278 2881 1881 2958">
    <p class='ocr_par' dir='ltr' id='par_1_46' title="bbox 278 2881 1881 2958">
     <span class='ocr_line' id='line_1_46' title="bbox 278 2881 1881 2958; baseline -0.003 -18"><span class='ocrx_word' id='word_1_344' title='bbox 278 2892 414 2958; x_wconf 83' lang='grc' dir='ltr'>καίῳ</span> <span class='ocrx_word' id='word_1_345' title='bbox 471 2906 526 2940; x_wconf 83' lang='grc' dir='ltr'>τε</span> <span class='ocrx_word' id='word_1_346' title='bbox 572 2886 735 2938; x_wconf 73' lang='grc' dir='ltr'>αὐτοῦ</span> <span class='ocrx_word' id='word_1_347' title='bbox 775 2905 865 2937; x_wconf 86' lang='grc' dir='ltr'>και</span> <span class='ocrx_word' id='word_1_348' title='bbox 929 2891 1022 2937; x_wconf 83' lang='grc' dir='ltr'>τοῦ</span> <span class='ocrx_word' id='word_1_349' title='bbox 1096 2881 1338 2955; x_wconf 83' lang='grc' dir='ltr'>γαμϐροῦ</span> <span class='ocrx_word' id='word_1_350' title='bbox 1409 2882 1569 2936; x_wconf 78' lang='grc' dir='ltr'>αὐτοῦ</span> <span class='ocrx_word' id='word_1_351' title='bbox 1622 2890 1714 2935; x_wconf 81' lang='grc' dir='ltr'>τοῦ</span> <span class='ocrx_word' id='word_1_352' title='bbox 1781 2891 1881 2935; x_wconf 84' lang='grc' dir='ltr'>τῶν</span> 
     </span>
    </p>
   </div>
   <div class='ocr_carea' id='block_1_47' title="bbox 283 2971 1880 3047">
    <p class='ocr_par' dir='ltr' id='par_1_47' title="bbox 283 2971 1880 3047">
     <span class='ocr_line' id='line_1_47' title="bbox 283 2971 1880 3047; baseline -0.003 -18"><span class='ocrx_word' id='word_1_353' title='bbox 283 2975 592 3046; x_wconf 82' lang='grc' dir='ltr'>Βουλγάρων</span> <span class='ocrx_word' id='word_1_354' title='bbox 645 2976 920 3047; x_wconf 80' lang='grc' dir='ltr'>ἄρχοντος,</span> <span class='ocrx_word' id='word_1_355' title='bbox 971 2971 1296 3032; x_wconf 83' lang='grc' dir='ltr'>ἀπολυθῆναι</span> <span class='ocrx_word' id='word_1_356' title='bbox 1357 2975 1447 3045; x_wconf 73' lang='grc' dir='ltr'>μὲν</span> <span class='ocrx_word' id='word_1_357' title='bbox 1522 2975 1655 3046; x_wconf 90' lang='grc' dir='ltr'>πρός</span> <span class='ocrx_word' id='word_1_358' title='bbox 1725 2972 1880 3025; x_wconf 82' lang='grc' dir='ltr'>αὐτόν</span> 
     </span>
    </p>
   </div>
   <div class='ocr_carea' id='block_1_48' title="bbox 288 3063 1884 3137">
    <p class='ocr_par' dir='ltr' id='par_1_48' title="bbox 288 3063 1884 3137">
     <span class='ocr_line' id='line_1_48' title="bbox 288 3063 1884 3137; baseline -0.002 -21"><span class='ocrx_word' id='word_1_359' title='bbox 288 3063 515 3137; x_wconf 77' lang='grc' dir='ltr'>βασιλέα</span> <span class='ocrx_word' id='word_1_360' title='bbox 538 3067 596 3116; x_wconf 88' lang='grc' dir='ltr'>τὸ</span> <span class='ocrx_word' id='word_1_361' title='bbox 621 3072 716 3126; x_wconf 83' lang='grc' dir='ltr'>τῆς</span> <span class='ocrx_word' id='word_1_362' title='bbox 754 3065 1042 3125; x_wconf 79' lang='grc' dir='ltr'>Τςεποίνης</span> <span class='ocrx_word' id='word_1_363' title='bbox 1085 3063 1222 3114; x_wconf 77' lang='grc' dir='ltr'>ἄστυ</span> <span class='ocrx_word' id='word_1_364' title='bbox 1263 3064 1439 3128; x_wconf 85' lang='grc' dir='ltr'>(τοῦτο</span> <span class='ocrx_word' id='word_1_365' title='bbox 1494 3064 1593 3137; x_wconf 87' lang='grc' dir='ltr'>γάρ</span> <span class='ocrx_word' id='word_1_366' title='bbox 1641 3081 1732 3113; x_wconf 88' lang='grc' dir='ltr'>και</span> <span class='ocrx_word' id='word_1_367' title='bbox 1788 3065 1884 3134; x_wconf 90' lang='grc' dir='ltr'>μό-</span> 
     </span>
    </p>
   </div>
   <div class='ocr_carea' id='block_1_49' title="bbox 1989 2329 3647 2418">
    <p class='ocr_par' dir='ltr' id='par_1_49' title="bbox 1989 2329 3647 2418">
     <span class='ocr_line' id='line_1_49' title="bbox 1989 2329 3647 2418; baseline -0.013 -17"><span class='ocrx_word' id='word_1_368' title='bbox 1989 2348 2354 2418; x_wconf 70' lang='lat' dir='ltr'><strong>praaparan&#39;t.</strong></span> <span class='ocrx_word' id='word_1_369' title='bbox 2383 2345 2448 2398; x_wconf 89' lang='lat' dir='ltr'><strong>Et</strong></span> <span class='ocrx_word' id='word_1_370' title='bbox 2477 2341 2743 2414; x_wconf 90' lang='lat' dir='ltr'><strong>profecto</strong></span> <span class='ocrx_word' id='word_1_371' title='bbox 2764 2341 2846 2395; x_wconf 92' lang='lat' dir='ltr'>ita</span> <span class='ocrx_word' id='word_1_372' title='bbox 2875 2354 2936 2394; x_wconf 90' lang='lat' dir='ltr'>se</span> <span class='ocrx_word' id='word_1_373' title='bbox 2963 2352 3060 2392; x_wconf 91' lang='lat' dir='ltr'>res</span> <span class='ocrx_word' id='word_1_374' title='bbox 3087 2332 3318 2397; x_wconf 87' lang='lat' dir='ltr'><strong>habuit,</strong></span> <span class='ocrx_word' id='word_1_375' title='bbox 3382 2334 3439 2385; x_wconf 93' lang='lat' dir='ltr'>et</span> <span class='ocrx_word' id='word_1_376' title='bbox 3496 2329 3647 2382; x_wconf 89' lang='lat' dir='ltr'><strong>Urus</strong></span> 
     </span>
    </p>
   </div>
   <div class='ocr_carea' id='block_1_50' title="bbox 1991 2416 3649 2504">
    <p class='ocr_par' dir='ltr' id='par_1_50' title="bbox 1991 2416 3649 2504">
     <span class='ocr_line' id='line_1_50' title="bbox 1991 2416 3649 2504; baseline -0.013 -14"><span class='ocrx_word' id='word_1_377' title='bbox 1991 2416 2068 2490; x_wconf 80' lang='lat' dir='ltr'>ad</span> <span class='ocrx_word' id='word_1_378' title='bbox 2094 2435 2516 2504; x_wconf 88' lang='lat' dir='ltr'><strong>imperatorem</strong></span> <span class='ocrx_word' id='word_1_379' title='bbox 2549 2447 2613 2486; x_wconf 90' lang='lat' dir='ltr'>se</span> <span class='ocrx_word' id='word_1_380' title='bbox 2643 2427 2910 2486; x_wconf 90' lang='lat' dir='ltr'><strong>contulit.</strong></span> <span class='ocrx_word' id='word_1_381' title='bbox 2953 2429 3086 2497; x_wconf 87' lang='lat' dir='ltr'><strong>Ipse</strong></span> <span class='ocrx_word' id='word_1_382' title='bbox 3113 2428 3170 2479; x_wconf 90' lang='lat' dir='ltr'>et</span> <span class='ocrx_word' id='word_1_383' title='bbox 3225 2420 3322 2476; x_wconf 85' lang='lat' dir='ltr'><strong>alii</strong></span> <span class='ocrx_word' id='word_1_384' title='bbox 3347 2416 3451 2491; x_wconf 89' lang='lat' dir='ltr'>qui</span> <span class='ocrx_word' id='word_1_385' title='bbox 3508 2429 3649 2470; x_wconf 86' lang='lat' dir='ltr'>cum</span> 
     </span>
    </p>
   </div>
   <div class='ocr_carea' id='block_1_51' title="bbox 1991 2504 3647 2590">
    <p class='ocr_par' dir='ltr' id='par_1_51' title="bbox 1991 2504 3647 2590">
     <span class='ocr_line' id='line_1_51' title="bbox 1991 2504 3647 2590; baseline -0.014 -10"><span class='ocrx_word' id='word_1_386' title='bbox 1991 2540 2063 2580; x_wconf 91' lang='lat' dir='ltr'>eo</span> <span class='ocrx_word' id='word_1_387' title='bbox 2093 2526 2488 2590; x_wconf 89' lang='lat' dir='ltr'><strong>accesserant,</strong></span> <span class='ocrx_word' id='word_1_388' title='bbox 2519 2517 2937 2575; x_wconf 88' lang='lat' dir='ltr'><strong>lubentissime</strong></span> <span class='ocrx_word' id='word_1_389' title='bbox 2968 2519 3024 2570; x_wconf 91' lang='lat' dir='ltr'>et</span> <span class='ocrx_word' id='word_1_390' title='bbox 3053 2511 3271 2568; x_wconf 91' lang='lat' dir='ltr'><strong>debitis</strong></span> <span class='ocrx_word' id='word_1_391' title='bbox 3314 2504 3647 2564; x_wconf 88' lang='lat' dir='ltr'><strong>honoribus</strong></span> 
     </span>
    </p>
   </div>
   <div class='ocr_carea' id='block_1_52' title="bbox 1993 2592 3650 2684">
    <p class='ocr_par' dir='ltr' id='par_1_52' title="bbox 1993 2592 3650 2684">
     <span class='ocr_line' id='line_1_52' title="bbox 1993 2592 3650 2684; baseline -0.013 -14"><span class='ocrx_word' id='word_1_392' title='bbox 1993 2613 2071 2670; x_wconf 86' lang='lat' dir='ltr'>ab</span> <span class='ocrx_word' id='word_1_393' title='bbox 2101 2613 2460 2684; x_wconf 90' lang='lat' dir='ltr'><strong>imperatore</strong></span> <span class='ocrx_word' id='word_1_394' title='bbox 2487 2608 2824 2664; x_wconf 75' lang='lat' dir='ltr'><strong>afﬁciuntur</strong></span> <span class='ocrx_word' id='word_1_395' title='bbox 2850 2624 2862 2670; x_wconf 90' lang='lat'>;</span> <span class='ocrx_word' id='word_1_396' title='bbox 2885 2618 3074 2676; x_wconf 90' lang='lat' dir='ltr'><strong>quare</strong></span> <span class='ocrx_word' id='word_1_397' title='bbox 3093 2617 3202 2656; x_wconf 89' lang='lat' dir='ltr'>suo</span> <span class='ocrx_word' id='word_1_398' title='bbox 3221 2605 3278 2654; x_wconf 92' lang='lat' dir='ltr'>et</span> <span class='ocrx_word' id='word_1_399' title='bbox 3295 2594 3496 2668; x_wconf 85' lang='lat' dir='ltr'><strong>generi</strong></span> <span class='ocrx_word' id='word_1_400' title='bbox 3524 2592 3650 2648; x_wconf 88' lang='lat' dir='ltr'><strong>Bul-</strong></span> 
     </span>
    </p>
   </div>
   <div class='ocr_carea' id='block_1_53' title="bbox 1992 2686 3650 2775">
    <p class='ocr_par' dir='ltr' id='par_1_53' title="bbox 1992 2686 3650 2775">
     <span class='ocr_line' id='line_1_53' title="bbox 1992 2686 3650 2775; baseline -0.014 -16"><span class='ocrx_word' id='word_1_401' title='bbox 1992 2716 2275 2775; x_wconf 86' lang='lat' dir='ltr'><strong>garorum</strong></span> <span class='ocrx_word' id='word_1_402' title='bbox 2291 2697 2574 2772; x_wconf 91' lang='lat' dir='ltr'><strong>principis</strong></span> <span class='ocrx_word' id='word_1_403' title='bbox 2583 2697 2603 2767; x_wconf 93' lang='lat' dir='ltr'><strong>j</strong></span> <span class='ocrx_word' id='word_1_404' title='bbox 2616 2712 2716 2751; x_wconf 93' lang='lat' dir='ltr'>ure</span> <span class='ocrx_word' id='word_1_405' title='bbox 2736 2697 2778 2765; x_wconf 84' lang='lat'><strong>1</strong></span> <span class='ocrx_word' id='word_1_406' title='bbox 2793 2695 2844 2766; x_wconf 81' lang='lat'><strong><em>3</em></strong></span> <span class='ocrx_word' id='word_1_407' title='bbox 2857 2694 2907 2766; x_wconf 85' lang='lat'><strong>5</strong></span> <span class='ocrx_word' id='word_1_408' title='bbox 2932 2693 3110 2748; x_wconf 88' lang='lat' dir='ltr'><strong>etiam</strong></span> <span class='ocrx_word' id='word_1_409' title='bbox 3128 2686 3527 2760; x_wconf 87' lang='lat' dir='ltr'><strong>jurejurando</strong></span> <span class='ocrx_word' id='word_1_410' title='bbox 3548 2697 3650 2754; x_wconf 88' lang='lat' dir='ltr'>pa-</span> 
     </span>
    </p>
   </div>
   <div class='ocr_carea' id='block_1_54' title="bbox 1992 2771 3647 2856">
    <p class='ocr_par' dir='ltr' id='par_1_54' title="bbox 1992 2771 3647 2856">
     <span class='ocr_line' id='line_1_54' title="bbox 1992 2771 3647 2856; baseline -0.015 -8"><span class='ocrx_word' id='word_1_411' title='bbox 1992 2771 2121 2848; x_wconf 73' lang='lat' dir='ltr'>cem</span> <span class='ocrx_word' id='word_1_412' title='bbox 2154 2771 2434 2856; x_wconf 82' lang='lat' dir='ltr'><strong>ﬁrmavit,</strong></span> <span class='ocrx_word' id='word_1_413' title='bbox 2458 2803 2524 2843; x_wconf 84' lang='lat' dir='ltr'>ea</span> <span class='ocrx_word' id='word_1_414' title='bbox 2548 2784 2891 2842; x_wconf 81' lang='lat' dir='ltr'><strong>conditione</strong></span> <span class='ocrx_word' id='word_1_415' title='bbox 2927 2786 2992 2838; x_wconf 87' lang='lat' dir='ltr'>ut</span> <span class='ocrx_word' id='word_1_416' title='bbox 3016 2783 3317 2849; x_wconf 67' lang='lat' dir='ltr'><strong>Tzepaana:</strong></span> <span class='ocrx_word' id='word_1_417' title='bbox 3349 2771 3647 2845; x_wconf 90' lang='lat' dir='ltr'><strong>oppidum</strong></span> 
     </span>
    </p>
   </div>
   <div class='ocr_carea' id='block_1_55' title="bbox 1991 2862 3649 2945">
    <p class='ocr_par' dir='ltr' id='par_1_55' title="bbox 1991 2862 3649 2945">
     <span class='ocr_line' id='line_1_55' title="bbox 1991 2862 3649 2945; baseline -0.014 -10"><span class='ocrx_word' id='word_1_418' title='bbox 1991 2879 2186 2936; x_wconf 88' lang='lat' dir='ltr'><strong>solum</strong></span> <span class='ocrx_word' id='word_1_419' title='bbox 2210 2893 2282 2933; x_wconf 83' lang='lat' dir='ltr'><strong>ex</strong></span> <span class='ocrx_word' id='word_1_420' title='bbox 2312 2876 2400 2945; x_wconf 90' lang='lat' dir='ltr'><strong>iis,</strong></span> <span class='ocrx_word' id='word_1_421' title='bbox 2417 2875 2530 2930; x_wconf 91' lang='lat' dir='ltr'>sub</span> <span class='ocrx_word' id='word_1_422' title='bbox 2546 2874 2772 2930; x_wconf 89' lang='lat' dir='ltr'><strong>ditione</strong></span> <span class='ocrx_word' id='word_1_423' title='bbox 2791 2869 3039 2927; x_wconf 87' lang='lat' dir='ltr'><strong>Joannis</strong></span> <span class='ocrx_word' id='word_1_424' title='bbox 3059 2862 3438 2938; x_wconf 88' lang='lat' dir='ltr'><strong>imperatoris</strong></span> <span class='ocrx_word' id='word_1_425' title='bbox 3455 2863 3649 2923; x_wconf 90' lang='lat' dir='ltr'><strong>erant,</strong></span> 
     </span>
    </p>
   </div>
   <div class='ocr_carea' id='block_1_56' title="bbox 1992 2952 3646 3037">
    <p class='ocr_par' dir='ltr' id='par_1_56' title="bbox 1992 2952 3646 3037">
     <span class='ocr_line' id='line_1_56' title="bbox 1992 2952 3646 3037; baseline -0.014 -13"><span class='ocrx_word' id='word_1_426' title='bbox 1992 2984 2029 3024; x_wconf 87' lang='lat' dir='ltr'>a</span> <span class='ocrx_word' id='word_1_427' title='bbox 2042 2966 2306 3037; x_wconf 87' lang='lat' dir='ltr'><strong>Bulgaris</strong></span> <span class='ocrx_word' id='word_1_428' title='bbox 2319 2970 2448 3021; x_wconf 89' lang='lat' dir='ltr'>tum</span> <span class='ocrx_word' id='word_1_429' title='bbox 2466 2966 2830 3035; x_wconf 91' lang='lat' dir='ltr'><strong>occupatum</strong></span> <span class='ocrx_word' id='word_1_430' title='bbox 2847 2954 3191 3030; x_wconf 88' lang='lat' dir='ltr'><strong>imperatori</strong></span> <span class='ocrx_word' id='word_1_431' title='bbox 3216 2952 3646 3014; x_wconf 87' lang='lat' dir='ltr'><strong>restitueretur,</strong></span> 
     </span>
    </p>
   </div>
   <div class='ocr_carea' id='block_1_57' title="bbox 1991 3035 3654 3132">
    <p class='ocr_par' dir='ltr' id='par_1_57' title="bbox 1991 3035 3654 3132">
     <span class='ocr_line' id='line_1_57' title="bbox 1991 3035 3654 3132; baseline -0.014 -17"><span class='ocrx_word' id='word_1_432' title='bbox 1991 3058 2312 3132; x_wconf 89' lang='lat' dir='ltr'><strong>imperator</strong></span> <span class='ocrx_word' id='word_1_433' title='bbox 2340 3054 2466 3110; x_wconf 85' lang='lat' dir='ltr'><strong>vice</strong></span> <span class='ocrx_word' id='word_1_434' title='bbox 2496 3067 2672 3110; x_wconf 84' lang='lat' dir='ltr'><strong>versa</strong></span> <span class='ocrx_word' id='word_1_435' title='bbox 2691 3049 3015 3106; x_wconf 90' lang='lat' dir='ltr'><strong>amicitiam</strong></span> <span class='ocrx_word' id='word_1_436' title='bbox 3041 3050 3098 3102; x_wconf 91' lang='lat' dir='ltr'>et</span> <span class='ocrx_word' id='word_1_437' title='bbox 3113 3058 3323 3116; x_wconf 86' lang='lat' dir='ltr'><strong>pacem</strong></span> <span class='ocrx_word' id='word_1_438' title='bbox 3357 3055 3496 3096; x_wconf 90' lang='lat' dir='ltr'>cum</span> <span class='ocrx_word' id='word_1_439' title='bbox 3525 3035 3654 3093; x_wconf 91' lang='lat' dir='ltr'><strong>Bul-</strong></span> 
     </span>
    </p>
   </div>
   <div class='ocr_carea' id='block_1_58' title="bbox 282 3128 1909 3234">
    <p class='ocr_par' dir='ltr' id='par_1_58' title="bbox 282 3149 1882 3228">
     <span class='ocr_line' id='line_1_58' title="bbox 282 3149 1882 3228; baseline -0.004 -20"><span class='ocrx_word' id='word_1_440' title='bbox 282 3173 370 3208; x_wconf 87' lang='grc' dir='ltr'>νον</span> <span class='ocrx_word' id='word_1_441' title='bbox 394 3156 534 3227; x_wconf 89' lang='grc' dir='ltr'>παρά</span> <span class='ocrx_word' id='word_1_442' title='bbox 561 3162 660 3206; x_wconf 89' lang='grc' dir='ltr'>τῶν</span> <span class='ocrx_word' id='word_1_443' title='bbox 711 3153 1014 3228; x_wconf 85' lang='grc' dir='ltr'>Βουλγὰρων</span> <span class='ocrx_word' id='word_1_444' title='bbox 1063 3156 1340 3224; x_wconf 82' lang='grc' dir='ltr'>κατείχετο</span> <span class='ocrx_word' id='word_1_445' title='bbox 1396 3149 1479 3224; x_wconf 76' lang='grc' dir='ltr'>ἀφ’</span> <span class='ocrx_word' id='word_1_446' title='bbox 1531 3151 1598 3202; x_wconf 84' lang='grc' dir='ltr'>ὧν</span> <span class='ocrx_word' id='word_1_447' title='bbox 1657 3153 1683 3203; x_wconf 90' lang='grc' dir='ltr'>ὁ</span> <span class='ocrx_word' id='word_1_448' title='bbox 1725 3151 1882 3224; x_wconf 87' lang='grc' dir='ltr'>βασι-</span> 
     </span>
    </p>
   </div>
   <div class='ocr_carea' id='block_1_59' title="bbox 1999 3128 3654 3234">
    <p class='ocr_par' dir='ltr' id='par_1_59' title="bbox 1999 3128 3654 3222">
     <span class='ocr_line' id='line_1_59' title="bbox 1999 3128 3654 3222; baseline -0.015 -17"><span class='ocrx_word' id='word_1_449' title='bbox 1999 3149 2156 3222; x_wconf 87' lang='lat' dir='ltr'><strong>garis</strong></span> <span class='ocrx_word' id='word_1_450' title='bbox 2189 3145 2580 3211; x_wconf 88' lang='lat' dir='ltr'><strong>continuaret,</strong></span> <span class='ocrx_word' id='word_1_451' title='bbox 2615 3147 2671 3197; x_wconf 91' lang='lat' dir='ltr'>et</span> <span class='ocrx_word' id='word_1_452' title='bbox 2699 3145 2949 3211; x_wconf 90' lang='lat' dir='ltr'><strong>uterque</strong></span> <span class='ocrx_word' id='word_1_453' title='bbox 3001 3133 3269 3206; x_wconf 89' lang='lat' dir='ltr'><strong>antiquis</strong></span> <span class='ocrx_word' id='word_1_454' title='bbox 3321 3128 3654 3186; x_wconf 86' lang='lat' dir='ltr'><strong>conﬁnium</strong></span> 
     </span>
    </p>
   </div>
   <div class='ocr_carea' id='block_1_60' title="bbox 279 3240 1884 3316">
    <p class='ocr_par' dir='ltr' id='par_1_60' title="bbox 279 3240 1884 3316">
     <span class='ocr_line' id='line_1_60' title="bbox 279 3240 1884 3316; baseline -0.003 -19"><span class='ocrx_word' id='word_1_455' title='bbox 279 3243 398 3306; x_wconf 84' lang='grc' dir='ltr'>λεύς</span> <span class='ocrx_word' id='word_1_456' title='bbox 424 3245 660 3304; x_wconf 84' lang='grc' dir='ltr'>Ἰωάννης</span> <span class='ocrx_word' id='word_1_457' title='bbox 691 3242 936 3316; x_wconf 78' lang='grc' dir='ltr'>ἐκράτει),</span> <span class='ocrx_word' id='word_1_458' title='bbox 992 3241 1198 3315; x_wconf 81' lang='grc' dir='ltr'>εἰρήνην</span> <span class='ocrx_word' id='word_1_459' title='bbox 1257 3261 1313 3294; x_wconf 91' lang='grc' dir='ltr'>τε</span> <span class='ocrx_word' id='word_1_460' title='bbox 1360 3245 1491 3316; x_wconf 89' lang='grc' dir='ltr'>πρός</span> <span class='ocrx_word' id='word_1_461' title='bbox 1545 3245 1668 3304; x_wconf 84' lang='grc' dir='ltr'>τοὺς</span> <span class='ocrx_word' id='word_1_462' title='bbox 1727 3240 1884 3293; x_wconf 84' lang='grc' dir='ltr'>Βουλ-</span> 
     </span>
    </p>
   </div>
   <div class='ocr_carea' id='block_1_61' title="bbox 279 3331 1886 3407">
    <p class='ocr_par' dir='ltr' id='par_1_61' title="bbox 279 3331 1886 3407">
     <span class='ocr_line' id='line_1_61' title="bbox 279 3331 1886 3407; baseline -0.002 -22"><span class='ocrx_word' id='word_1_463' title='bbox 279 3335 480 3407; x_wconf 88' lang='grc' dir='ltr'>γάρους</span> <span class='ocrx_word' id='word_1_464' title='bbox 503 3336 646 3405; x_wconf 70' lang='grc' dir='ltr'>ἔχειν</span> <span class='ocrx_word' id='word_1_465' title='bbox 666 3337 752 3386; x_wconf 88' lang='grc' dir='ltr'>τὸν</span> <span class='ocrx_word' id='word_1_466' title='bbox 781 3331 1024 3406; x_wconf 82' lang='grc' dir='ltr'>βασιλέα,</span> <span class='ocrx_word' id='word_1_467' title='bbox 1083 3335 1173 3384; x_wconf 85' lang='grc' dir='ltr'>καί</span> <span class='ocrx_word' id='word_1_468' title='bbox 1226 3331 1444 3404; x_wconf 76' lang='grc' dir='ltr'>ἑκάτερα</span> <span class='ocrx_word' id='word_1_469' title='bbox 1485 3333 1550 3383; x_wconf 88' lang='grc' dir='ltr'>τά</span> <span class='ocrx_word' id='word_1_470' title='bbox 1603 3335 1732 3405; x_wconf 81' lang='grc' dir='ltr'>μέρη</span> <span class='ocrx_word' id='word_1_471' title='bbox 1778 3337 1886 3393; x_wconf 87' lang='grc' dir='ltr'>τοῖς</span> 
     </span>
    </p>
   </div>
   <div class='ocr_carea' id='block_1_62' title="bbox 283 3420 1888 3496">
    <p class='ocr_par' dir='ltr' id='par_1_62' title="bbox 283 3420 1888 3496">
     <span class='ocr_line' id='line_1_62' title="bbox 283 3420 1888 3496; baseline -0.002 -20"><span class='ocrx_word' id='word_1_472' title='bbox 283 3423 613 3496; x_wconf 86' lang='grc' dir='ltr'>παλαιτεροις</span> <span class='ocrx_word' id='word_1_473' title='bbox 670 3424 832 3496; x_wconf 80' lang='grc' dir='ltr'>ὁρίοις</span> <span class='ocrx_word' id='word_1_474' title='bbox 895 3421 1191 3495; x_wconf 81' lang='grc' dir='ltr'>ἀρκεῖσθαι.</span> <span class='ocrx_word' id='word_1_475' title='bbox 1273 3420 1413 3474; x_wconf 86' lang='grc' dir='ltr'>Ἐπεί</span> <span class='ocrx_word' id='word_1_476' title='bbox 1481 3427 1607 3492; x_wconf 86' lang='grc' dir='ltr'>γοῦν</span> <span class='ocrx_word' id='word_1_477' title='bbox 1691 3422 1888 3472; x_wconf 71' lang='grc' dir='ltr'>οὑτωσί</span> 
     </span>
    </p>
   </div>
   <div class='ocr_carea' id='block_1_63' title="bbox 283 3511 1889 3585">
    <p class='ocr_par' dir='ltr' id='par_1_63' title="bbox 283 3511 1889 3585">
     <span class='ocr_line' id='line_1_63' title="bbox 283 3511 1889 3585; baseline -0.002 -20"><span class='ocrx_word' id='word_1_478' title='bbox 283 3517 438 3566; x_wconf 88' lang='grc' dir='ltr'>ταυτί</span> <span class='ocrx_word' id='word_1_479' title='bbox 489 3514 626 3565; x_wconf 87' lang='grc' dir='ltr'>κατά</span> <span class='ocrx_word' id='word_1_480' title='bbox 667 3519 876 3585; x_wconf 77' lang='grc' dir='ltr'>γνώμην</span> <span class='ocrx_word' id='word_1_481' title='bbox 918 3511 1212 3564; x_wconf 79' lang='grc' dir='ltr'>τετέλεσται</span> <span class='ocrx_word' id='word_1_482' title='bbox 1257 3519 1330 3582; x_wconf 87' lang='grc' dir='ltr'>τῷ</span> <span class='ocrx_word' id='word_1_483' title='bbox 1383 3517 1681 3583; x_wconf 84' lang='grc' dir='ltr'>κρατοῦντι,</span> <span class='ocrx_word' id='word_1_484' title='bbox 1727 3511 1754 3562; x_wconf 91' lang='lat'>6</span> 
     </span>
    </p>
   </div>
   <div class='ocr_carea' id='block_1_64' title="bbox 287 3599 1892 3677">
    <p class='ocr_par' dir='ltr' id='par_1_64' title="bbox 287 3599 1892 3677">
     <span class='ocr_line' id='line_1_64' title="bbox 287 3599 1892 3677; baseline -0.002 -21"><span class='ocrx_word' id='word_1_485' title='bbox 287 3599 458 3677; x_wconf 82' lang='grc' dir='ltr'>Οὖρος</span> <span class='ocrx_word' id='word_1_486' title='bbox 483 3607 605 3665; x_wconf 86' lang='grc' dir='ltr'>τοὺς</span> <span class='ocrx_word' id='word_1_487' title='bbox 663 3611 760 3663; x_wconf 83' lang='grc' dir='ltr'>τῆς</span> <span class='ocrx_word' id='word_1_488' title='bbox 808 3600 1197 3674; x_wconf 77' lang='grc' dir='ltr'>ἀπεχωρήσεως</span> <span class='ocrx_word' id='word_1_489' title='bbox 1250 3600 1460 3664; x_wconf 76' lang='grc' dir='ltr'>ἐξειπὼν</span> <span class='ocrx_word' id='word_1_490' title='bbox 1527 3599 1712 3671; x_wconf 86' lang='grc' dir='ltr'>λόγους</span> <span class='ocrx_word' id='word_1_491' title='bbox 1753 3599 1892 3673; x_wconf 78' lang='grc' dir='ltr'>ἐξηει</span> 
     </span>
    </p>
   </div>
   <div class='ocr_carea' id='block_1_65' title="bbox 288 3686 1891 3768">
    <p class='ocr_par' dir='ltr' id='par_1_65' title="bbox 288 3686 1891 3768">
     <span class='ocr_line' id='line_1_65' title="bbox 288 3686 1891 3768; baseline -0.004 -22"><span class='ocrx_word' id='word_1_492' title='bbox 288 3691 582 3768; x_wconf 85' lang='grc' dir='ltr'>βασιλικῶν</span> <span class='ocrx_word' id='word_1_493' title='bbox 607 3695 957 3767; x_wconf 71' lang='grc' dir='ltr'>χαρισμάτων</span> <span class='ocrx_word' id='word_1_494' title='bbox 979 3695 1157 3762; x_wconf 85' lang='grc' dir='ltr'>τυχὼν</span> <span class='ocrx_word' id='word_1_495' title='bbox 1184 3692 1272 3762; x_wconf 84' lang='grc' dir='ltr'>(τά</span> <span class='ocrx_word' id='word_1_496' title='bbox 1317 3687 1370 3742; x_wconf 81' lang='grc' dir='ltr'>δ’</span> <span class='ocrx_word' id='word_1_497' title='bbox 1428 3686 1563 3748; x_wconf 80' lang='grc' dir='ltr'>ἦσαν</span> <span class='ocrx_word' id='word_1_498' title='bbox 1608 3690 1682 3750; x_wconf 83' lang='grc' dir='ltr'>εἱς</span> <span class='ocrx_word' id='word_1_499' title='bbox 1723 3692 1891 3742; x_wconf 76' lang='grc' dir='ltr'>εἴκοσι</span> 
     </span>
    </p>
   </div>
   <div class='ocr_carea' id='block_1_66' title="bbox 286 3779 1887 3854">
    <p class='ocr_par' dir='ltr' id='par_1_66' title="bbox 286 3779 1887 3854">
     <span class='ocr_line' id='line_1_66' title="bbox 286 3779 1887 3854; baseline -0.004 -19"><span class='ocrx_word' id='word_1_500' title='bbox 286 3779 546 3854; x_wconf 77' lang='grc' dir='ltr'>χιλιάδας</span> <span class='ocrx_word' id='word_1_501' title='bbox 633 3779 1061 3854; x_wconf 84' lang='grc' dir='ltr'>ἀποριθμούμενα</span> <span class='ocrx_word' id='word_1_502' title='bbox 1126 3779 1364 3832; x_wconf 84' lang='grc' dir='ltr'>ἁπάντων</span> <span class='ocrx_word' id='word_1_503' title='bbox 1446 3782 1887 3851; x_wconf 86' lang='grc' dir='ltr'>συνεισαγομένων</span> 
     </span>
    </p>
   </div>
   <div class='ocr_carea' id='block_1_67' title="bbox 1997 3219 3653 3298">
    <p class='ocr_par' dir='ltr' id='par_1_67' title="bbox 1997 3219 3653 3298">
     <span class='ocr_line' id='line_1_67' title="bbox 1997 3219 3653 3298; baseline -0.015 -2"><span class='ocrx_word' id='word_1_504' title='bbox 1997 3219 2264 3296; x_wconf 73' lang='lat' dir='ltr'><strong>terminis</strong></span> <span class='ocrx_word' id='word_1_505' title='bbox 2290 3234 2712 3291; x_wconf 89' lang='lat' dir='ltr'><strong>contineretur.</strong></span> <span class='ocrx_word' id='word_1_506' title='bbox 2746 3229 2851 3286; x_wconf 90' lang='lat' dir='ltr'><strong>Ubi</strong></span> <span class='ocrx_word' id='word_1_507' title='bbox 2883 3244 2978 3283; x_wconf 91' lang='lat' dir='ltr'>res</span> <span class='ocrx_word' id='word_1_508' title='bbox 3005 3241 3113 3298; x_wconf 92' lang='lat' dir='ltr'>pro</span> <span class='ocrx_word' id='word_1_509' title='bbox 3145 3222 3434 3279; x_wconf 88' lang='lat' dir='ltr'><strong>arbitratu</strong></span> <span class='ocrx_word' id='word_1_510' title='bbox 3461 3219 3653 3289; x_wconf 86' lang='lat' dir='ltr'><strong>impe-</strong></span> 
     </span>
    </p>
   </div>
   <div class='ocr_carea' id='block_1_68' title="bbox 1997 3306 3656 3392">
    <p class='ocr_par' dir='ltr' id='par_1_68' title="bbox 1997 3306 3656 3392">
     <span class='ocr_line' id='line_1_68' title="bbox 1997 3306 3656 3392; baseline -0.015 -6"><span class='ocrx_word' id='word_1_511' title='bbox 1997 3326 2210 3392; x_wconf 83' lang='lat' dir='ltr'><strong>ratoris</strong></span> <span class='ocrx_word' id='word_1_512' title='bbox 2243 3322 2722 3387; x_wconf 86' lang='lat' dir='ltr'><strong>successit,Urus</strong></span> <span class='ocrx_word' id='word_1_513' title='bbox 2746 3319 2821 3374; x_wconf 91' lang='lat' dir='ltr'>de</span> <span class='ocrx_word' id='word_1_514' title='bbox 2869 3315 3063 3372; x_wconf 90' lang='lat' dir='ltr'><strong>reditu</strong></span> <span class='ocrx_word' id='word_1_515' title='bbox 3110 3326 3388 3369; x_wconf 89' lang='lat' dir='ltr'><strong>sermone</strong></span> <span class='ocrx_word' id='word_1_516' title='bbox 3438 3306 3656 3364; x_wconf 88' lang='lat' dir='ltr'><strong>collato</strong></span> 
     </span>
    </p>
   </div>
   <div class='ocr_carea' id='block_1_69' title="bbox 1998 3394 3658 3488">
    <p class='ocr_par' dir='ltr' id='par_1_69' title="bbox 1998 3394 3658 3488">
     <span class='ocr_line' id='line_1_69' title="bbox 1998 3394 3658 3488; baseline -0.014 -14"><span class='ocrx_word' id='word_1_517' title='bbox 1998 3416 2301 3488; x_wconf 86' lang='lat' dir='ltr'><strong>egreditur</strong></span> <span class='ocrx_word' id='word_1_518' title='bbox 2313 3409 2712 3486; x_wconf 76' lang='lat' dir='ltr'><strong>imperatoriis</strong></span> <span class='ocrx_word' id='word_1_519' title='bbox 2724 3404 3078 3464; x_wconf 89' lang='lat' dir='ltr'><strong>muneribus</strong></span> <span class='ocrx_word' id='word_1_520' title='bbox 3092 3407 3327 3459; x_wconf 90' lang='lat' dir='ltr'><strong>auctus.</strong></span> <span class='ocrx_word' id='word_1_521' title='bbox 3344 3403 3562 3456; x_wconf 89' lang='lat' dir='ltr'><strong>Eorum</strong></span> <span class='ocrx_word' id='word_1_522' title='bbox 3578 3394 3658 3453; x_wconf 89' lang='lat' dir='ltr'>ad</span> 
     </span>
    </p>
   </div>
   <div class='ocr_carea' id='block_1_70' title="bbox 1997 3498 3657 3576">
    <p class='ocr_par' dir='ltr' id='par_1_70' title="bbox 1997 3498 3657 3576">
     <span class='ocr_line' id='line_1_70' title="bbox 1997 3498 3657 3576; baseline -0.014 -13"><span class='ocrx_word' id='word_1_523' title='bbox 1997 3504 2207 3576; x_wconf 85' lang='lat' dir='ltr'><strong>viginti</strong></span> <span class='ocrx_word' id='word_1_524' title='bbox 2222 3502 2428 3563; x_wconf 89' lang='lat' dir='ltr'><strong>millia,</strong></span> <span class='ocrx_word' id='word_1_525' title='bbox 2449 3501 2497 3556; x_wconf 88' lang='lat' dir='ltr'>si</span> <span class='ocrx_word' id='word_1_526' title='bbox 2519 3498 2910 3556; x_wconf 90' lang='lat' dir='ltr'><strong>donariorum</strong></span> <span class='ocrx_word' id='word_1_527' title='bbox 2930 3508 3111 3551; x_wconf 86' lang='lat' dir='ltr'><strong>omne</strong></span> <span class='ocrx_word' id='word_1_528' title='bbox 3134 3507 3346 3563; x_wconf 88' lang='lat' dir='ltr'><strong>genus,</strong></span> <span class='ocrx_word' id='word_1_529' title='bbox 3361 3499 3657 3560; x_wconf 89' lang='lat' dir='ltr'><strong>equorum</strong></span> 
     </span>
    </p>
   </div>
   <div class='ocr_carea' id='block_1_71' title="bbox 1999 3574 3652 3652">
    <p class='ocr_par' dir='ltr' id='par_1_71' title="bbox 1999 3574 3652 3652">
     <span class='ocr_line' id='line_1_71' title="bbox 1999 3574 3652 3652; baseline -0.016 0"><span class='ocrx_word' id='word_1_530' title='bbox 1999 3596 2140 3652; x_wconf 92' lang='lat' dir='ltr'><strong>item</strong></span> <span class='ocrx_word' id='word_1_531' title='bbox 2171 3609 2243 3648; x_wconf 90' lang='lat' dir='ltr'>ac</span> <span class='ocrx_word' id='word_1_532' title='bbox 2263 3590 2556 3648; x_wconf 82' lang='lat' dir='ltr'><strong>textilium</strong></span> <span class='ocrx_word' id='word_1_533' title='bbox 2581 3593 2640 3644; x_wconf 89' lang='lat' dir='ltr'>et</span> <span class='ocrx_word' id='word_1_534' title='bbox 2669 3587 2944 3649; x_wconf 88' lang='lat' dir='ltr'><strong>aliorum,</strong></span> <span class='ocrx_word' id='word_1_535' title='bbox 2997 3583 3058 3637; x_wconf 90' lang='lat' dir='ltr'>in</span> <span class='ocrx_word' id='word_1_536' title='bbox 3117 3595 3303 3635; x_wconf 90' lang='lat' dir='ltr'><strong>unum</strong></span> <span class='ocrx_word' id='word_1_537' title='bbox 3353 3574 3652 3644; x_wconf 89' lang='lat' dir='ltr'><strong>conferas,</strong></span> 
     </span>
    </p>
   </div>
   <div class='ocr_carea' id='block_1_72' title="bbox 2002 3664 3659 3749">
    <p class='ocr_par' dir='ltr' id='par_1_72' title="bbox 2002 3664 3659 3749">
     <span class='ocr_line' id='line_1_72' title="bbox 2002 3664 3659 3749; baseline -0.014 -9"><span class='ocrx_word' id='word_1_538' title='bbox 2002 3698 2244 3740; x_wconf 89' lang='lat' dir='ltr'><strong>summa</strong></span> <span class='ocrx_word' id='word_1_539' title='bbox 2257 3679 2548 3736; x_wconf 89' lang='lat' dir='ltr'><strong>ascendit.</strong></span> <span class='ocrx_word' id='word_1_540' title='bbox 2567 3680 2892 3749; x_wconf 88' lang='lat' dir='ltr'><strong>Imperator</strong></span> <span class='ocrx_word' id='word_1_541' title='bbox 2903 3677 3201 3745; x_wconf 70' lang='lat' dir='ltr'><strong>Tzepaenaa</strong></span> <span class='ocrx_word' id='word_1_542' title='bbox 3222 3664 3659 3724; x_wconf 87' lang='lat' dir='ltr'><strong>restitutionem</strong></span> 
     </span>
    </p>
   </div>
   <div class='ocr_carea' id='block_1_73' title="bbox 2001 3764 3086 3846">
    <p class='ocr_par' dir='ltr' id='par_1_73' title="bbox 2001 3764 3086 3846">
     <span class='ocr_line' id='line_1_73' title="bbox 2001 3764 3086 3846; baseline -0.012 -16"><span class='ocrx_word' id='word_1_543' title='bbox 2001 3777 2358 3846; x_wconf 84' lang='lat' dir='ltr'><strong>exspectans</strong></span> <span class='ocrx_word' id='word_1_544' title='bbox 2399 3767 2639 3837; x_wconf 77' lang='lat' dir='ltr'><strong>Reginae</strong></span> <span class='ocrx_word' id='word_1_545' title='bbox 2669 3764 3086 3821; x_wconf 88' lang='lat' dir='ltr'><strong>cunctabatur.</strong></span> 
     </span>
    </p>
   </div>
   <div class='ocr_carea' id='block_1_74' title="bbox 290 3843 3661 3942">
    <p class='ocr_par' dir='ltr' id='par_1_74' title="bbox 290 3843 3661 3942">
     <span class='ocr_line' id='line_1_74' title="bbox 290 3843 3661 3942; baseline -0.005 -19"><span class='ocrx_word' id='word_1_546' title='bbox 290 3868 463 3937; x_wconf 75' lang='grc' dir='ltr'>εἰδῶν,</span> <span class='ocrx_word' id='word_1_547' title='bbox 514 3871 682 3924; x_wconf 80' lang='grc' dir='ltr'>ἵππων</span> <span class='ocrx_word' id='word_1_548' title='bbox 739 3889 792 3924; x_wconf 88' lang='grc' dir='ltr'>τε</span> <span class='ocrx_word' id='word_1_549' title='bbox 853 3889 942 3922; x_wconf 86' lang='grc' dir='ltr'>και</span> <span class='ocrx_word' id='word_1_550' title='bbox 989 3871 1304 3942; x_wconf 78' lang='grc' dir='ltr'>ὑφασμάτων</span> <span class='ocrx_word' id='word_1_551' title='bbox 1361 3886 1452 3920; x_wconf 90' lang='grc' dir='ltr'>και</span> <span class='ocrx_word' id='word_1_552' title='bbox 1502 3867 1735 3937; x_wconf 86' lang='grc' dir='ltr'>ξοιπῶν),</span> <span class='ocrx_word' id='word_1_553' title='bbox 1791 3868 1816 3918; x_wconf 92' lang='grc' dir='ltr'>ό</span> <span class='ocrx_word' id='word_1_554' title='bbox 1876 3862 1935 3919; x_wconf 67' lang='grc' dir='ltr'>δὲ</span> <span class='ocrx_word' id='word_1_555' title='bbox 2001 3861 2250 3936; x_wconf 81' lang='grc' dir='ltr'>βασιλεύς</span> <span class='ocrx_word' id='word_1_556' title='bbox 2298 3854 2619 3932; x_wconf 79' lang='grc' dir='ltr'>διεκαρτέρει</span> <span class='ocrx_word' id='word_1_557' title='bbox 2672 3853 2720 3907; x_wconf 78' lang='grc' dir='ltr'>ἐν</span> <span class='ocrx_word' id='word_1_558' title='bbox 2777 3861 2848 3925; x_wconf 84' lang='grc' dir='ltr'>τῷ</span> <span class='ocrx_word' id='word_1_559' title='bbox 2900 3860 2992 3913; x_wconf 83' lang='grc' dir='ltr'>τῆς</span> <span class='ocrx_word' id='word_1_560' title='bbox 3043 3849 3280 3921; x_wconf 72' lang='grc' dir='ltr'>Ῥηγίνης</span> <span class='ocrx_word' id='word_1_561' title='bbox 3328 3847 3490 3915; x_wconf 84' lang='grc' dir='ltr'>νόπῳ,</span> <span class='ocrx_word' id='word_1_562' title='bbox 3560 3843 3661 3898; x_wconf 72' lang='grc' dir='ltr'>τὴν</span> 
     </span>
    </p>
   </div>
   <div class='ocr_carea' id='block_1_75' title="bbox 293 3957 1312 4034">
    <p class='ocr_par' dir='ltr' id='par_1_75' title="bbox 293 3957 1312 4034">
     <span class='ocr_line' id='line_1_75' title="bbox 293 3957 1312 4034; baseline 0.002 -23"><span class='ocrx_word' id='word_1_563' title='bbox 293 3967 392 4022; x_wconf 81' lang='grc' dir='ltr'>τῆς</span> <span class='ocrx_word' id='word_1_564' title='bbox 419 3960 702 4021; x_wconf 77' lang='grc' dir='ltr'>Τζεπαίνης</span> <span class='ocrx_word' id='word_1_565' title='bbox 726 3963 1008 4034; x_wconf 82' lang='grc' dir='ltr'>περιμένων</span> <span class='ocrx_word' id='word_1_566' title='bbox 1038 3957 1312 4013; x_wconf 78' lang='grc' dir='ltr'>ἀπόλυσιν.</span> 
     </span>
    </p>
   </div>
   <div class='ocr_carea' id='block_1_76' title="bbox 365 4045 1895 4123">
    <p class='ocr_par' dir='ltr' id='par_1_76' title="bbox 365 4045 1895 4123">
     <span class='ocr_line' id='line_1_76' title="bbox 365 4045 1895 4123; baseline -0.004 -20"><span class='ocrx_word' id='word_1_567' title='bbox 365 4047 460 4121; x_wconf 80' lang='grc' dir='ltr'>ξγ’.</span> <span class='ocrx_word' id='word_1_568' title='bbox 493 4049 790 4123; x_wconf 77' lang='grc' dir='ltr'>Συμϐἐϐηκε</span> <span class='ocrx_word' id='word_1_569' title='bbox 815 4050 863 4084; x_wconf 70' lang='grc' dir='ltr'>⁵ο</span> <span class='ocrx_word' id='word_1_570' title='bbox 895 4045 955 4102; x_wconf 70' lang='grc' dir='ltr'>δε</span> <span class='ocrx_word' id='word_1_571' title='bbox 984 4068 1035 4100; x_wconf 91' lang='grc' dir='ltr'>τι</span> <span class='ocrx_word' id='word_1_572' title='bbox 1074 4047 1123 4101; x_wconf 78' lang='grc' dir='ltr'>ἐν</span> <span class='ocrx_word' id='word_1_573' title='bbox 1148 4050 1350 4108; x_wconf 83' lang='grc' dir='ltr'>τούτοις</span> <span class='ocrx_word' id='word_1_574' title='bbox 1396 4054 1469 4116; x_wconf 86' lang='grc' dir='ltr'>τῷ</span> <span class='ocrx_word' id='word_1_575' title='bbox 1516 4051 1632 4099; x_wconf 90' lang='grc' dir='ltr'>τότε</span> <span class='ocrx_word' id='word_1_576' title='bbox 1673 4050 1895 4117; x_wconf 84' lang='grc' dir='ltr'>πρᾶγμα</span> 
     </span>
    </p>
   </div>
   <div class='ocr_carea' id='block_1_77' title="bbox 295 4130 1895 4212">
    <p class='ocr_par' dir='ltr' id='par_1_77' title="bbox 295 4130 1895 4212">
     <span class='ocr_line' id='line_1_77' title="bbox 295 4130 1895 4212; baseline -0.006 -19"><span class='ocrx_word' id='word_1_577' title='bbox 295 4141 611 4212; x_wconf 87' lang='grc' dir='ltr'>θαυμάσιον,</span> <span class='ocrx_word' id='word_1_578' title='bbox 665 4144 872 4212; x_wconf 89' lang='grc' dir='ltr'>μνήμης</span> <span class='ocrx_word' id='word_1_579' title='bbox 924 4157 1014 4189; x_wconf 90' lang='grc' dir='ltr'>και</span> <span class='ocrx_word' id='word_1_580' title='bbox 1073 4140 1306 4212; x_wconf 85' lang='grc' dir='ltr'>ἱστορίας</span> <span class='ocrx_word' id='word_1_581' title='bbox 1346 4135 1510 4199; x_wconf 82' lang='grc' dir='ltr'>ἄξιον.</span> <span class='ocrx_word' id='word_1_582' title='bbox 1563 4135 1759 4207; x_wconf 76' lang='grc' dir='ltr'>Ἡμέρα</span> <span class='ocrx_word' id='word_1_583' title='bbox 1834 4130 1895 4192; x_wconf 82' lang='grc' dir='ltr'>ἧν</span> 
     </span>
    </p>
   </div>
   <div class='ocr_carea' id='block_1_78' title="bbox 289 4225 1896 4301">
    <p class='ocr_par' dir='ltr' id='par_1_78' title="bbox 289 4225 1896 4301">
     <span class='ocr_line' id='line_1_78' title="bbox 289 4225 1896 4301; baseline -0.006 -18"><span class='ocrx_word' id='word_1_584' title='bbox 289 4237 390 4283; x_wconf 85' lang='grc' dir='ltr'>τῶν</span> <span class='ocrx_word' id='word_1_585' title='bbox 439 4228 697 4300; x_wconf 75' lang='grc' dir='ltr'>ἐπιφανῶν</span> <span class='ocrx_word' id='word_1_586' title='bbox 751 4247 805 4281; x_wconf 84' lang='grc' dir='ltr'>τε</span> <span class='ocrx_word' id='word_1_587' title='bbox 853 4246 943 4280; x_wconf 87' lang='grc' dir='ltr'>και</span> <span class='ocrx_word' id='word_1_588' title='bbox 992 4226 1309 4301; x_wconf 78' lang='grc' dir='ltr'>ἑορτασίμων</span> <span class='ocrx_word' id='word_1_589' title='bbox 1366 4225 1483 4277; x_wconf 85' lang='grc' dir='ltr'>καθ’</span> <span class='ocrx_word' id='word_1_590' title='bbox 1544 4225 1604 4283; x_wconf 78' lang='grc' dir='ltr'>ἣν</span> <span class='ocrx_word' id='word_1_591' title='bbox 1654 4228 1748 4281; x_wconf 80' lang='grc' dir='ltr'>τήν</span> <span class='ocrx_word' id='word_1_592' title='bbox 1804 4228 1896 4274; x_wconf 83' lang='grc' dir='ltr'>τοῦ</span> 
     </span>
    </p>
   </div>
   <div class='ocr_carea' id='block_1_79' title="bbox 289 4315 1898 4392">
    <p class='ocr_par' dir='ltr' id='par_1_79' title="bbox 289 4315 1898 4392">
     <span class='ocr_line' id='line_1_79' title="bbox 289 4315 1898 4392; baseline -0.007 -18"><span class='ocrx_word' id='word_1_593' title='bbox 289 4326 529 4392; x_wconf 83' lang='grc' dir='ltr'>Χριστοῦ</span> <span class='ocrx_word' id='word_1_594' title='bbox 587 4323 989 4392; x_wconf 71' lang='grc' dir='ltr'>μεταμόρφωσιν</span> <span class='ocrx_word' id='word_1_595' title='bbox 1015 4319 1067 4369; x_wconf 82' lang='grc' dir='ltr'>οἰ</span> <span class='ocrx_word' id='word_1_596' title='bbox 1113 4315 1342 4377; x_wconf 79' lang='grc' dir='ltr'>εὐσεϐεῖς</span> <span class='ocrx_word' id='word_1_597' title='bbox 1392 4315 1702 4388; x_wconf 75' lang='grc' dir='ltr'>ἑορτάζομεν</span> <span class='ocrx_word' id='word_1_598' title='bbox 1737 4334 1749 4346; x_wconf 93' lang='grc'><strong>·</strong></span> <span class='ocrx_word' id='word_1_599' title='bbox 1807 4331 1898 4364; x_wconf 91' lang='grc' dir='ltr'>και</span> 
     </span>
    </p>
   </div>
   <div class='ocr_carea' id='block_1_80' title="bbox 292 4404 1896 4480">
    <p class='ocr_par' dir='ltr' id='par_1_80' title="bbox 292 4404 1896 4480">
     <span class='ocr_line' id='line_1_80' title="bbox 292 4404 1896 4480; baseline -0.006 -18"><span class='ocrx_word' id='word_1_600' title='bbox 292 4409 405 4462; x_wconf 74' lang='grc' dir='ltr'>ἕπεί</span> <span class='ocrx_word' id='word_1_601' title='bbox 435 4405 544 4462; x_wconf 79' lang='grc' dir='ltr'>ἔδει</span> <span class='ocrx_word' id='word_1_602' title='bbox 581 4427 673 4460; x_wconf 87' lang='grc' dir='ltr'>και</span> <span class='ocrx_word' id='word_1_603' title='bbox 735 4405 867 4480; x_wconf 73' lang='grc' dir='ltr'>ἀμφί</span> <span class='ocrx_word' id='word_1_604' title='bbox 916 4410 1010 4466; x_wconf 83' lang='grc' dir='ltr'>τήν</span> <span class='ocrx_word' id='word_1_605' title='bbox 1070 4407 1209 4478; x_wconf 84' lang='grc' dir='ltr'>ἱεράν</span> <span class='ocrx_word' id='word_1_606' title='bbox 1269 4408 1666 4478; x_wconf 87' lang='grc' dir='ltr'>μυσταγωγίαν,</span> <span class='ocrx_word' id='word_1_607' title='bbox 1716 4405 1784 4463; x_wconf 85' lang='grc' dir='ltr'>ὡς</span> <span class='ocrx_word' id='word_1_608' title='bbox 1837 4404 1896 4454; x_wconf 88' lang='grc' dir='ltr'>τὸ</span> 
     </span>
    </p>
   </div>
   <div class='ocr_carea' id='block_1_81' title="bbox 295 4491 1896 4572">
    <p class='ocr_par' dir='ltr' id='par_1_81' title="bbox 295 4491 1896 4572">
     <span class='ocr_line' id='line_1_81' title="bbox 295 4491 1896 4572; baseline -0.006 -21"><span class='ocrx_word' id='word_1_609' title='bbox 295 4498 492 4566; x_wconf 86' lang='grc' dir='ltr'>εἰωθὸς,</span> <span class='ocrx_word' id='word_1_610' title='bbox 518 4504 759 4572; x_wconf 83' lang='grc' dir='ltr'>παρεῖναι</span> <span class='ocrx_word' id='word_1_611' title='bbox 783 4500 870 4548; x_wconf 85' lang='grc' dir='ltr'>τὸν</span> <span class='ocrx_word' id='word_1_612' title='bbox 905 4494 1149 4567; x_wconf 72' lang='grc' dir='ltr'>βασιλεα,</span> <span class='ocrx_word' id='word_1_613' title='bbox 1211 4494 1278 4553; x_wconf 82' lang='grc' dir='ltr'>εἰς</span> <span class='ocrx_word' id='word_1_614' title='bbox 1324 4493 1511 4568; x_wconf 82' lang='grc' dir='ltr'>ἀργίαν</span> <span class='ocrx_word' id='word_1_615' title='bbox 1559 4494 1584 4544; x_wconf 87' lang='lat'>6</span> <span class='ocrx_word' id='word_1_616' title='bbox 1636 4499 1727 4544; x_wconf 83' lang='grc' dir='ltr'>τοῦ</span> <span class='ocrx_word' id='word_1_617' title='bbox 1786 4491 1896 4564; x_wconf 78' lang='grc' dir='ltr'>ἀρί-</span> 
     </span>
    </p>
   </div>
   <div class='ocr_carea' id='block_1_82' title="bbox 302 4579 1896 4661">
    <p class='ocr_par' dir='ltr' id='par_1_82' title="bbox 302 4579 1896 4661">
     <span class='ocr_line' id='line_1_82' title="bbox 302 4579 1896 4661; baseline -0.004 -23"><span class='ocrx_word' id='word_1_618' title='bbox 302 4605 430 4639; x_wconf 90' lang='grc' dir='ltr'>στου</span> <span class='ocrx_word' id='word_1_619' title='bbox 451 4589 718 4661; x_wconf 85' lang='grc' dir='ltr'>παρετάθη</span> <span class='ocrx_word' id='word_1_620' title='bbox 783 4589 983 4659; x_wconf 87' lang='grc' dir='ltr'>καιρός,</span> <span class='ocrx_word' id='word_1_621' title='bbox 1043 4583 1438 4656; x_wconf 79' lang='grc' dir='ltr'>Ἥριστήσαμιν</span> <span class='ocrx_word' id='word_1_622' title='bbox 1487 4590 1612 4654; x_wconf 80' lang='grc' dir='ltr'>γοῦν</span> <span class='ocrx_word' id='word_1_623' title='bbox 1652 4601 1744 4634; x_wconf 89' lang='grc' dir='ltr'>και</span> <span class='ocrx_word' id='word_1_624' title='bbox 1810 4579 1896 4632; x_wconf 78' lang='grc' dir='ltr'>αὐ-</span> 
     </span>
    </p>
   </div>
   <div class='ocr_carea' id='block_1_83' title="bbox 1790 4665 1898 4729">
    <p class='ocr_par' dir='ltr' id='par_1_83' title="bbox 1790 4665 1898 4729">
     <span class='ocr_line' id='line_1_83' title="bbox 1790 4665 1898 4729; baseline -0.009 0"><span class='ocrx_word' id='word_1_625' title='bbox 1790 4665 1898 4729; x_wconf 78' lang='grc' dir='ltr'>ἤδη</span> 
     </span>
    </p>
   </div>
   <div class='ocr_carea' id='block_1_84' title="bbox 306 4757 1898 4839">
    <p class='ocr_par' dir='ltr' id='par_1_84' title="bbox 306 4757 1898 4839">
     <span class='ocr_line' id='line_1_84' title="bbox 306 4757 1898 4839; baseline -0.001 -23"><span class='ocrx_word' id='word_1_626' title='bbox 306 4759 369 4817; x_wconf 75' lang='grc' dir='ltr'>δε</span> <span class='ocrx_word' id='word_1_627' title='bbox 417 4766 442 4816; x_wconf 90' lang='grc' dir='ltr'>ὁ</span> <span class='ocrx_word' id='word_1_628' title='bbox 504 4766 648 4828; x_wconf 82' lang='grc' dir='ltr'>ἣλιος</span> <span class='ocrx_word' id='word_1_629' title='bbox 707 4773 779 4836; x_wconf 82' lang='grc' dir='ltr'>τῷ</span> <span class='ocrx_word' id='word_1_630' title='bbox 827 4764 1058 4839; x_wconf 83' lang='grc' dir='ltr'>ὁρίζοντι</span> <span class='ocrx_word' id='word_1_631' title='bbox 1103 4762 1434 4834; x_wconf 80' lang='grc' dir='ltr'>προσήγγιζέ</span> <span class='ocrx_word' id='word_1_632' title='bbox 1508 4769 1602 4823; x_wconf 82' lang='grc' dir='ltr'>τῆς</span> <span class='ocrx_word' id='word_1_633' title='bbox 1670 4757 1898 4832; x_wconf 74' lang='grc' dir='ltr'>δυσμῆς.</span> 
     </span>
    </p>
   </div>
   <div class='ocr_carea' id='block_1_85' title="bbox 299 4847 1901 4929">
    <p class='ocr_par' dir='ltr' id='par_1_85' title="bbox 299 4847 1901 4929">
     <span class='ocr_line' id='line_1_85' title="bbox 299 4847 1901 4929; baseline -0.006 -20"><span class='ocrx_word' id='word_1_634' title='bbox 299 4853 458 4916; x_wconf 78' lang='grc' dir='ltr'>Ἐθος</span> <span class='ocrx_word' id='word_1_635' title='bbox 501 4852 560 4908; x_wconf 71' lang='grc' dir='ltr'>δὲ</span> <span class='ocrx_word' id='word_1_636' title='bbox 615 4857 829 4929; x_wconf 82' lang='grc' dir='ltr'>ὑπῆρχε</span> <span class='ocrx_word' id='word_1_637' title='bbox 865 4860 938 4923; x_wconf 83' lang='grc' dir='ltr'>τῷ</span> <span class='ocrx_word' id='word_1_638' title='bbox 988 4850 1201 4925; x_wconf 89' lang='grc' dir='ltr'>βασιλεῖ</span> <span class='ocrx_word' id='word_1_639' title='bbox 1244 4855 1360 4923; x_wconf 86' lang='grc' dir='ltr'>περὶ</span> <span class='ocrx_word' id='word_1_640' title='bbox 1440 4847 1615 4906; x_wconf 77' lang='grc' dir='ltr'>δείλην</span> <span class='ocrx_word' id='word_1_641' title='bbox 1682 4848 1901 4922; x_wconf 78' lang='grc' dir='ltr'>ἑσπέραν</span> 
     </span>
    </p>
   </div>
   <div class='ocr_carea' id='block_1_86' title="bbox 374 4945 524 4999">
    <p class='ocr_par' dir='ltr' id='par_1_86' title="bbox 374 4945 524 4999">
     <span class='ocr_line' id='line_1_86' title="bbox 374 4945 524 4999; baseline 0 -20"><span class='ocrx_word' id='word_1_642' title='bbox 374 4945 524 4999; x_wconf 70' lang='grc'>490</span> 
     </span>
    </p>
   </div>
   <div class='ocr_carea' id='block_1_87' title="bbox 301 4670 1738 4750">
    <p class='ocr_par' dir='ltr' id='par_1_87' title="bbox 301 4670 1738 4750">
     <span class='ocr_line' id='line_1_87' title="bbox 301 4670 1738 4750; baseline -0.003 -23"><span class='ocrx_word' id='word_1_643' title='bbox 301 4695 409 4745; x_wconf 91' lang='grc' dir='ltr'>τοι,</span> <span class='ocrx_word' id='word_1_644' title='bbox 437 4696 527 4730; x_wconf 83' lang='grc' dir='ltr'>και</span> <span class='ocrx_word' id='word_1_645' title='bbox 553 4679 740 4750; x_wconf 87' lang='grc' dir='ltr'>μικρὸν</span> <span class='ocrx_word' id='word_1_646' title='bbox 770 4694 822 4727; x_wconf 92' lang='grc' dir='ltr'>τι</span> <span class='ocrx_word' id='word_1_647' title='bbox 873 4670 1294 4737; x_wconf 75' lang='grc' dir='ltr'>καθευδήσαντες</span> <span class='ocrx_word' id='word_1_648' title='bbox 1353 4671 1673 4744; x_wconf 82' lang='grc' dir='ltr'>άνηγέθημεν</span> <span class='ocrx_word' id='word_1_649' title='bbox 1726 4691 1738 4704; x_wconf 91' lang='grc'><strong>·</strong></span> 
     </span>
    </p>
   </div>
   <div class='ocr_carea' id='block_1_88' title="bbox 577 4942 1024 5028">
    <p class='ocr_par' dir='ltr' id='par_1_88' title="bbox 577 4942 1024 5028">
     <span class='ocr_line' id='line_1_88' title="bbox 577 4942 1024 5028; baseline -0.013 -30"><span class='ocrx_word' id='word_1_650' title='bbox 577 4960 590 4998; x_wconf 91' lang='lat'><strong>:</strong></span> <span class='ocrx_word' id='word_1_651' title='bbox 636 4942 694 4995; x_wconf 85' lang='grc' dir='ltr'>Ὀ</span> <span class='ocrx_word' id='word_1_652' title='bbox 739 4950 875 5028; x_wconf 65' lang='grc' dir='ltr'>γοῦν</span> <span class='ocrx_word' id='word_1_653' title='bbox 926 4950 1024 4994; x_wconf 87' lang='grc' dir='ltr'>τῶν</span> 
     </span>
    </p>
   </div>
   <div class='ocr_carea' id='block_1_89' title="bbox 342 4919 3432 5032">
    <p class='ocr_par' dir='ltr' id='par_1_89' title="bbox 342 4919 3432 5032">
     <span class='ocr_line' id='line_1_89' title="bbox 374 4919 3432 5032; baseline -0.004 -53"><span class='ocrx_word' id='word_1_654' title='bbox 374 4945 524 5032; x_wconf 64' lang='grc' dir='ltr'>ιοὈ</span> <span class='ocrx_word' id='word_1_655' title='bbox 577 4960 590 4998; x_wconf 92' lang='lat'><strong>:</strong></span> <span class='ocrx_word' id='word_1_656' title='bbox 636 4942 694 4995; x_wconf 83' lang='grc' dir='ltr'>Ὀ</span> <span class='ocrx_word' id='word_1_657' title='bbox 739 4950 875 5028; x_wconf 65' lang='grc' dir='ltr'>γοῦν</span> <span class='ocrx_word' id='word_1_658' title='bbox 926 4950 1024 4994; x_wconf 87' lang='grc' dir='ltr'>τῶν</span> <span class='ocrx_word' id='word_1_659' title='bbox 1078 4939 1400 5027; x_wconf 38' lang='grc' dir='ltr'>Βουλγάρωη</span> <span class='ocrx_word' id='word_1_660' title='bbox 1430 4940 1612 5013; x_wconf 80' lang='grc' dir='ltr'>ἄρχων</span> <span class='ocrx_word' id='word_1_661' title='bbox 1669 4941 1826 5008; x_wconf 83' lang='grc' dir='ltr'>πτοίᾳ</span> <span class='ocrx_word' id='word_1_662' title='bbox 1880 4935 2086 5007; x_wconf 82' lang='grc' dir='ltr'>ληφθείς</span> <span class='ocrx_word' id='word_1_663' title='bbox 2139 4933 2210 4993; x_wconf 84' lang='grc' dir='ltr'>εἰς</span> <span class='ocrx_word' id='word_1_664' title='bbox 2264 4925 2533 5032; x_wconf 50' lang='grc' dir='ltr'>σπονδάς,Ξ</span> <span class='ocrx_word' id='word_1_665' title='bbox 2552 4926 2821 4999; x_wconf 77' lang='grc' dir='ltr'>ἐτράπετο,</span> <span class='ocrx_word' id='word_1_666' title='bbox 2888 4942 2979 4974; x_wconf 87' lang='grc' dir='ltr'>και</span> <span class='ocrx_word' id='word_1_667' title='bbox 3051 4923 3139 4973; x_wconf 88' lang='grc' dir='ltr'>τόν</span> <span class='ocrx_word' id='word_1_668' title='bbox 3216 4919 3432 4991; x_wconf 87' lang='grc' dir='ltr'>πενθρὸν</span> 
     </span>
     <span class='ocr_line' id='line_1_90' title="bbox 342 4988 3346 5032; baseline 0 0"><span class='ocrx_word' id='word_1_669' title='bbox 342 5019 350 5031; x_wconf 70' lang='lat'>.</span> <span class='ocrx_word' id='word_1_670' title='bbox 460 5023 530 5032; x_wconf 67' lang='grc'>..-</span> <span class='ocrx_word' id='word_1_671' title='bbox 693 5022 729 5032; x_wconf 65' lang='grc' dir='ltr'>Α</span> <span class='ocrx_word' id='word_1_672' title='bbox 1017 5021 1034 5028; x_wconf 82' lang='grc'><strong>-</strong></span> <span class='ocrx_word' id='word_1_673' title='bbox 1120 5014 1130 5024; x_wconf 75' lang='grc' dir='ltr'><em>ο</em></span> <span class='ocrx_word' id='word_1_674' title='bbox 1223 5015 1263 5032; x_wconf 63' lang='lat'>3,</span> <span class='ocrx_word' id='word_1_675' title='bbox 1329 5017 1368 5032; x_wconf 75' lang='grc' dir='ltr'>Λ</span> <span class='ocrx_word' id='word_1_676' title='bbox 1412 5031 1419 5032; x_wconf 60' lang='lat'><strong><em>,</em></strong></span> <span class='ocrx_word' id='word_1_677' title='bbox 1489 5015 1592 5032; x_wconf 45' lang='grc' dir='ltr'>,μη</span> <span class='ocrx_word' id='word_1_678' title='bbox 1654 5009 1731 5032; x_wconf 72' lang='lat'>:_:</span> <span class='ocrx_word' id='word_1_679' title='bbox 1794 5011 2016 5032; x_wconf 71' lang='lat' dir='ltr'>n_._.-___1</span> <span class='ocrx_word' id='word_1_680' title='bbox 2080 5004 2319 5032; x_wconf 69' lang='lat'><strong>_-‘.-.&quot;...-..</strong></span> <span class='ocrx_word' id='word_1_681' title='bbox 2388 5020 2494 5032; x_wconf 62' lang='lat' dir='ltr'><strong>-m...</strong></span> <span class='ocrx_word' id='word_1_682' title='bbox 2540 5002 2624 5032; x_wconf 63' lang='grc' dir='ltr'>Αλυ</span> <span class='ocrx_word' id='word_1_683' title='bbox 2731 5001 3029 5032; x_wconf 52' lang='lat' dir='ltr'>&quot;enm-nitrum</span> <span class='ocrx_word' id='word_1_684' title='bbox 3104 4993 3192 5032; x_wconf 64' lang='grc' dir='ltr'>τὰς</span> <span class='ocrx_word' id='word_1_685' title='bbox 3297 4988 3346 5032; x_wconf 74' lang='grc' dir='ltr'>έν</span> 
     </span>
    </p>
   </div>
   <div class='ocr_carea' id='block_1_90' title="bbox 294 4988 3346 5093">
    <p class='ocr_par' dir='ltr' id='par_1_90' title="bbox 294 4988 3346 5093">
     <span class='ocr_line' id='line_1_91' title="bbox 294 4988 3346 5093; baseline -0.006 -25"><span class='ocrx_word' id='word_1_686' title='bbox 294 5019 400 5093; x_wconf 42' lang='grc' dir='ltr'>τόν.</span> <span class='ocrx_word' id='word_1_687' title='bbox 444 5016 633 5093; x_wconf 56' lang='grc' dir='ltr'>Ῥῶσον</span> <span class='ocrx_word' id='word_1_688' title='bbox 689 4988 876 5085; x_wconf 58' lang='grc' dir='ltr'>Οέρον,</span> <span class='ocrx_word' id='word_1_689' title='bbox 943 5021 1036 5066; x_wconf 81' lang='grc' dir='ltr'>τοῦ</span> <span class='ocrx_word' id='word_1_690' title='bbox 1106 4988 1593 5093; x_wconf 54' lang='grc' dir='ltr'>ῥηγόςΓΟὖγγρῒας</span> <span class='ocrx_word' id='word_1_691' title='bbox 1650 5009 1732 5061; x_wconf 83' lang='grc' dir='ltr'>ἐπί</span> <span class='ocrx_word' id='word_1_692' title='bbox 1793 4988 2016 5080; x_wconf 67' lang='grc' dir='ltr'>θυγατρί</span> <span class='ocrx_word' id='word_1_693' title='bbox 2079 5004 2321 5093; x_wconf 67' lang='grc' dir='ltr'>τελρῦντα</span> <span class='ocrx_word' id='word_1_694' title='bbox 2388 4988 2658 5071; x_wconf 69' lang='grc' dir='ltr'>γαμϐρὸν,</span> <span class='ocrx_word' id='word_1_695' title='bbox 2727 5001 3033 5068; x_wconf 78' lang='grc' dir='ltr'>μεσιτιῦσαι</span> <span class='ocrx_word' id='word_1_696' title='bbox 3104 4993 3192 5050; x_wconf 83' lang='grc' dir='ltr'>τὰς</span> <span class='ocrx_word' id='word_1_697' title='bbox 3297 4988 3346 5040; x_wconf 79' lang='grc' dir='ltr'>έν</span> 
     </span>
     <span class='ocr_line' id='line_1_92' title="bbox 811 5063 3302 5093; baseline 0 0"><span class='ocrx_word' id='word_1_698' title='bbox 811 5091 817 5093; x_wconf 74' lang='lat'><strong><em>_</em></strong></span> <span class='ocrx_word' id='word_1_699' title='bbox 879 5087 890 5093; x_wconf 88' lang='lat'>-</span> <span class='ocrx_word' id='word_1_700' title='bbox 969 5085 1030 5093; x_wconf 69' lang='grc'>,..</span> <span class='ocrx_word' id='word_1_701' title='bbox 1317 5088 1324 5093; x_wconf 91' lang='grc'>.</span> <span class='ocrx_word' id='word_1_702' title='bbox 1429 5080 1454 5093; x_wconf 67' lang='grc' dir='ltr'><strong>Α</strong></span> <span class='ocrx_word' id='word_1_703' title='bbox 1556 5080 1609 5093; x_wconf 66' lang='grc' dir='ltr'>ι.</span> <span class='ocrx_word' id='word_1_704' title='bbox 1704 5079 1716 5093; x_wconf 66' lang='lat' dir='ltr'>a</span> <span class='ocrx_word' id='word_1_705' title='bbox 1777 5084 1785 5093; x_wconf 90' lang='lat'>.</span> <span class='ocrx_word' id='word_1_706' title='bbox 2132 5076 2141 5083; x_wconf 74' lang='grc' dir='ltr'>ι</span> <span class='ocrx_word' id='word_1_707' title='bbox 2199 5080 2207 5090; x_wconf 77' lang='grc' dir='ltr'><em>ο</em></span> <span class='ocrx_word' id='word_1_708' title='bbox 2260 5076 2283 5093; x_wconf 83' lang='grc' dir='ltr'><strong>Λ</strong></span> <span class='ocrx_word' id='word_1_709' title='bbox 2395 5074 2738 5093; x_wconf 38' lang='grc' dir='ltr'>νμ-...---έ.λ--.-</span> <span class='ocrx_word' id='word_1_710' title='bbox 2814 5085 2900 5093; x_wconf 74' lang='grc' dir='ltr'>...η</span> <span class='ocrx_word' id='word_1_711' title='bbox 2952 5069 3043 5093; x_wconf 61' lang='grc' dir='ltr'>-.λη</span> <span class='ocrx_word' id='word_1_712' title='bbox 3098 5063 3302 5093; x_wconf 63' lang='grc' dir='ltr'>,Ξλύηηηη</span> 
     </span>
    </p>
   </div>
   <div class='ocr_carea' id='block_1_91' title="bbox 2078 4018 3658 4106">
    <p class='ocr_par' dir='ltr' id='par_1_91' title="bbox 2078 4018 3658 4106">
     <span class='ocr_line' id='line_1_93' title="bbox 2078 4018 3658 4106; baseline -0.015 -11"><span class='ocrx_word' id='word_1_713' title='bbox 2078 4044 2166 4096; x_wconf 89' lang='lat'>63.</span> <span class='ocrx_word' id='word_1_714' title='bbox 2194 4041 2299 4094; x_wconf 88' lang='lat' dir='ltr'><strong>Per</strong></span> <span class='ocrx_word' id='word_1_715' title='bbox 2328 4036 2389 4092; x_wconf 90' lang='lat' dir='ltr'>id</span> <span class='ocrx_word' id='word_1_716' title='bbox 2401 4039 2640 4106; x_wconf 88' lang='lat' dir='ltr'><strong>tempus</strong></span> <span class='ocrx_word' id='word_1_717' title='bbox 2661 4048 2756 4088; x_wconf 88' lang='lat' dir='ltr'>res</span> <span class='ocrx_word' id='word_1_718' title='bbox 2771 4030 3018 4103; x_wconf 90' lang='lat' dir='ltr'><strong>quidem</strong></span> <span class='ocrx_word' id='word_1_719' title='bbox 3030 4028 3192 4083; x_wconf 90' lang='lat' dir='ltr'><strong>dictu</strong></span> <span class='ocrx_word' id='word_1_720' title='bbox 3212 4025 3367 4080; x_wconf 91' lang='lat' dir='ltr'><strong>mira</strong></span> <span class='ocrx_word' id='word_1_721' title='bbox 3390 4018 3658 4088; x_wconf 87' lang='lat' dir='ltr'><strong>contigit,</strong></span> 
     </span>
    </p>
   </div>
   <div class='ocr_carea' id='block_1_92' title="bbox 2005 4112 3665 4200">
    <p class='ocr_par' dir='ltr' id='par_1_92' title="bbox 2005 4112 3665 4200">
     <span class='ocr_line' id='line_1_94' title="bbox 2005 4112 3665 4200; baseline -0.014 -15"><span class='ocrx_word' id='word_1_722' title='bbox 2005 4131 2193 4200; x_wconf 86' lang='lat' dir='ltr'><strong>digna</strong></span> <span class='ocrx_word' id='word_1_723' title='bbox 2221 4142 2355 4199; x_wconf 69' lang='lat' dir='ltr'><strong>quae</strong></span> <span class='ocrx_word' id='word_1_724' title='bbox 2385 4124 2702 4180; x_wconf 88' lang='lat' dir='ltr'><strong>hominum</strong></span> <span class='ocrx_word' id='word_1_725' title='bbox 2725 4119 3034 4176; x_wconf 71' lang='lat' dir='ltr'><strong>memoriae</strong></span> <span class='ocrx_word' id='word_1_726' title='bbox 3057 4112 3422 4172; x_wconf 91' lang='lat' dir='ltr'><strong>ethistoricis</strong></span> <span class='ocrx_word' id='word_1_727' title='bbox 3450 4123 3665 4165; x_wconf 89' lang='lat' dir='ltr'><strong>monu-</strong></span> 
     </span>
    </p>
   </div>
   <div class='ocr_carea' id='block_1_93' title="bbox 2007 4201 3665 4276">
    <p class='ocr_par' dir='ltr' id='par_1_93' title="bbox 2007 4201 3665 4276">
     <span class='ocr_line' id='line_1_95' title="bbox 2007 4201 3665 4276; baseline -0.015 0"><span class='ocrx_word' id='word_1_728' title='bbox 2007 4219 2220 4276; x_wconf 89' lang='lat' dir='ltr'><strong>mentis</strong></span> <span class='ocrx_word' id='word_1_729' title='bbox 2253 4211 2727 4272; x_wconf 89' lang='lat' dir='ltr'><strong>commendetur.</strong></span> <span class='ocrx_word' id='word_1_730' title='bbox 2775 4210 2909 4264; x_wconf 91' lang='lat' dir='ltr'><strong>Dies</strong></span> <span class='ocrx_word' id='word_1_731' title='bbox 2967 4212 3095 4262; x_wconf 88' lang='lat' dir='ltr'><strong>erat</strong></span> <span class='ocrx_word' id='word_1_732' title='bbox 3132 4201 3419 4260; x_wconf 90' lang='lat' dir='ltr'><strong>solemnis</strong></span> <span class='ocrx_word' id='word_1_733' title='bbox 3477 4203 3534 4254; x_wconf 88' lang='lat' dir='ltr'>et</span> <span class='ocrx_word' id='word_1_734' title='bbox 3591 4212 3665 4251; x_wconf 82' lang='lat' dir='ltr'><strong>ex</strong></span> 
     </span>
    </p>
   </div>
   <div class='ocr_carea' id='block_1_94' title="bbox 2008 4285 3668 4374">
    <p class='ocr_par' dir='ltr' id='par_1_94' title="bbox 2008 4285 3668 4374">
     <span class='ocr_line' id='line_1_96' title="bbox 2008 4285 3668 4374; baseline -0.015 -8"><span class='ocrx_word' id='word_1_735' title='bbox 2008 4306 2452 4366; x_wconf 88' lang='lat' dir='ltr'><strong>celebrioribus,</strong></span> <span class='ocrx_word' id='word_1_736' title='bbox 2515 4316 2637 4374; x_wconf 87' lang='lat' dir='ltr'>quo</span> <span class='ocrx_word' id='word_1_737' title='bbox 2691 4298 2899 4355; x_wconf 88' lang='lat' dir='ltr'><strong>Christi</strong></span> <span class='ocrx_word' id='word_1_738' title='bbox 2951 4293 3514 4367; x_wconf 85' lang='lat' dir='ltr'><strong>tanstigurationem</strong></span> <span class='ocrx_word' id='word_1_739' title='bbox 3579 4285 3668 4358; x_wconf 86' lang='lat' dir='ltr'>pii</span> 
     </span>
    </p>
   </div>
   <div class='ocr_carea' id='block_1_95' title="bbox 2009 4375 3664 4459">
    <p class='ocr_par' dir='ltr' id='par_1_95' title="bbox 2009 4375 3664 4459">
     <span class='ocr_line' id='line_1_97' title="bbox 2009 4375 3664 4459; baseline -0.015 -5"><span class='ocrx_word' id='word_1_740' title='bbox 2009 4414 2121 4454; x_wconf 85' lang='lat' dir='ltr'>nos</span> <span class='ocrx_word' id='word_1_741' title='bbox 2151 4395 2524 4452; x_wconf 88' lang='lat' dir='ltr'><strong>celebramus</strong></span> <span class='ocrx_word' id='word_1_742' title='bbox 2553 4410 2566 4459; x_wconf 86' lang='lat'><strong>;</strong></span> <span class='ocrx_word' id='word_1_743' title='bbox 2599 4394 2656 4446; x_wconf 91' lang='lat' dir='ltr'>et</span> <span class='ocrx_word' id='word_1_744' title='bbox 2685 4405 2823 4445; x_wconf 92' lang='lat' dir='ltr'>cum</span> <span class='ocrx_word' id='word_1_745' title='bbox 2845 4402 3014 4442; x_wconf 88' lang='lat' dir='ltr'><strong>sacro</strong></span> <span class='ocrx_word' id='word_1_746' title='bbox 3039 4382 3366 4447; x_wconf 88' lang='lat' dir='ltr'><strong>audiendo,</strong></span> <span class='ocrx_word' id='word_1_747' title='bbox 3391 4382 3458 4434; x_wconf 90' lang='lat' dir='ltr'>ut</span> <span class='ocrx_word' id='word_1_748' title='bbox 3476 4375 3664 4432; x_wconf 91' lang='lat' dir='ltr'><strong>moris</strong></span> 
     </span>
    </p>
   </div>
   <div class='ocr_carea' id='block_1_96' title="bbox 2011 4472 3666 4556">
    <p class='ocr_par' dir='ltr' id='par_1_96' title="bbox 2011 4472 3666 4556">
     <span class='ocr_line' id='line_1_98' title="bbox 2011 4472 3666 4556; baseline -0.015 -12"><span class='ocrx_word' id='word_1_749' title='bbox 2011 4492 2155 4553; x_wconf 88' lang='lat' dir='ltr'><strong>erat,</strong></span> <span class='ocrx_word' id='word_1_750' title='bbox 2185 4488 2513 4556; x_wconf 77' lang='lat' dir='ltr'><strong>imperator</strong></span> <span class='ocrx_word' id='word_1_751' title='bbox 2538 4480 2752 4537; x_wconf 88' lang='lat' dir='ltr'><strong>adesse</strong></span> <span class='ocrx_word' id='word_1_752' title='bbox 2781 4477 3043 4543; x_wconf 88' lang='lat' dir='ltr'><strong>deberet,</strong></span> <span class='ocrx_word' id='word_1_753' title='bbox 3077 4476 3139 4530; x_wconf 92' lang='lat' dir='ltr'>in</span> <span class='ocrx_word' id='word_1_754' title='bbox 3182 4472 3299 4529; x_wconf 92' lang='lat' dir='ltr'><strong>diei</strong></span> <span class='ocrx_word' id='word_1_755' title='bbox 3352 4482 3666 4540; x_wconf 87' lang='lat' dir='ltr'><strong>vesperam</strong></span> 
     </span>
    </p>
   </div>
   <div class='ocr_carea' id='block_1_97' title="bbox 2009 4556 3668 4650">
    <p class='ocr_par' dir='ltr' id='par_1_97' title="bbox 2009 4556 3668 4650">
     <span class='ocr_line' id='line_1_99' title="bbox 2009 4556 3668 4650; baseline -0.014 -17"><span class='ocrx_word' id='word_1_756' title='bbox 2009 4576 2335 4650; x_wconf 91' lang='lat' dir='ltr'><strong>prandium</strong></span> <span class='ocrx_word' id='word_1_757' title='bbox 2355 4573 2606 4628; x_wconf 87' lang='lat' dir='ltr'><strong>dilatum</strong></span> <span class='ocrx_word' id='word_1_758' title='bbox 2632 4575 2736 4625; x_wconf 92' lang='lat' dir='ltr'><strong>est.</strong></span> <span class='ocrx_word' id='word_1_759' title='bbox 2769 4566 3122 4624; x_wconf 87' lang='lat' dir='ltr'><strong>Prandimus</strong></span> <span class='ocrx_word' id='word_1_760' title='bbox 3135 4569 3189 4620; x_wconf 88' lang='lat' dir='ltr'>et</span> <span class='ocrx_word' id='word_1_761' title='bbox 3211 4556 3668 4634; x_wconf 90' lang='lat' dir='ltr'><strong>ipsi,paulisper</strong></span> 
     </span>
    </p>
   </div>
   <div class='ocr_carea' id='block_1_98' title="bbox 2012 4646 3665 4731">
    <p class='ocr_par' dir='ltr' id='par_1_98' title="bbox 2012 4646 3665 4731">
     <span class='ocr_line' id='line_1_100' title="bbox 2012 4646 3665 4731; baseline -0.013 -10"><span class='ocrx_word' id='word_1_762' title='bbox 2012 4664 2452 4731; x_wconf 88' lang='lat' dir='ltr'><strong>obdormimus,</strong></span> <span class='ocrx_word' id='word_1_763' title='bbox 2482 4659 2623 4716; x_wconf 88' lang='lat' dir='ltr'><strong>dein</strong></span> <span class='ocrx_word' id='word_1_764' title='bbox 2663 4673 2880 4715; x_wconf 91' lang='lat' dir='ltr'><strong>somno</strong></span> <span class='ocrx_word' id='word_1_765' title='bbox 2910 4653 3236 4728; x_wconf 87' lang='lat' dir='ltr'><strong>experrecti</strong></span> <span class='ocrx_word' id='word_1_766' title='bbox 3263 4646 3665 4717; x_wconf 86' lang='lat' dir='ltr'><strong>assurgimus,</strong></span> 
     </span>
    </p>
   </div>
   <div class='ocr_carea' id='block_1_99' title="bbox 2011 4735 3667 4818">
    <p class='ocr_par' dir='ltr' id='par_1_99' title="bbox 2011 4735 3667 4818">
     <span class='ocr_line' id='line_1_101' title="bbox 2011 4735 3667 4818; baseline -0.012 -9"><span class='ocrx_word' id='word_1_767' title='bbox 2011 4770 2150 4810; x_wconf 91' lang='lat' dir='ltr'>cum</span> <span class='ocrx_word' id='word_1_768' title='bbox 2186 4752 2275 4808; x_wconf 91' lang='lat' dir='ltr'>sol</span> <span class='ocrx_word' id='word_1_769' title='bbox 2310 4767 2371 4805; x_wconf 91' lang='lat' dir='ltr'>se</span> <span class='ocrx_word' id='word_1_770' title='bbox 2392 4750 2453 4805; x_wconf 90' lang='lat' dir='ltr'>in</span> <span class='ocrx_word' id='word_1_771' title='bbox 2486 4763 2772 4805; x_wconf 90' lang='lat' dir='ltr'><strong>occasum</strong></span> <span class='ocrx_word' id='word_1_772' title='bbox 2796 4745 3210 4818; x_wconf 83' lang='lat' dir='ltr'><strong>praecipitaret.</strong></span> <span class='ocrx_word' id='word_1_773' title='bbox 3247 4740 3528 4797; x_wconf 89' lang='lat' dir='ltr'><strong>Sueverat</strong></span> <span class='ocrx_word' id='word_1_774' title='bbox 3557 4735 3667 4790; x_wconf 88' lang='lat' dir='ltr'><strong>im-</strong></span> 
     </span>
    </p>
   </div>
   <div class='ocr_carea' id='block_1_100' title="bbox 2011 4823 3667 4918">
    <p class='ocr_par' dir='ltr' id='par_1_100' title="bbox 2011 4823 3667 4918">
     <span class='ocr_line' id='line_1_102' title="bbox 2011 4823 3667 4918; baseline -0.014 -18"><span class='ocrx_word' id='word_1_775' title='bbox 2011 4848 2250 4918; x_wconf 87' lang='lat' dir='ltr'><strong>perator</strong></span> <span class='ocrx_word' id='word_1_776' title='bbox 2271 4840 2448 4896; x_wconf 89' lang='lat' dir='ltr'><strong>nimis</strong></span> <span class='ocrx_word' id='word_1_777' title='bbox 2475 4853 2606 4893; x_wconf 88' lang='lat' dir='ltr'><strong>sero</strong></span> <span class='ocrx_word' id='word_1_778' title='bbox 2627 4837 2969 4907; x_wconf 83' lang='lat' dir='ltr'><strong>inequitans</strong></span> <span class='ocrx_word' id='word_1_779' title='bbox 2989 4833 3332 4888; x_wconf 78' lang='lat' dir='ltr'><strong>universum</strong></span> <span class='ocrx_word' id='word_1_780' title='bbox 3353 4823 3667 4883; x_wconf 88' lang='lat' dir='ltr'><strong>circumire</strong></span> 
     </span>
    </p>
   </div>
   <div class='ocr_carea' id='block_1_101' title="bbox 3487 4931 3668 4994">
    <p class='ocr_par' dir='ltr' id='par_1_101' title="bbox 3487 4931 3668 4994">
     <span class='ocr_line' id='line_1_103' title="bbox 3487 4931 3668 4994; baseline -0.006 -30"><span class='ocrx_word' id='word_1_781' title='bbox 3487 4931 3668 4994; x_wconf 34' lang='lat' dir='ltr'><strong>‘azm-ou</strong></span> 
     </span>
    </p>
   </div>
   <div class='ocr_carea' id='block_1_102' title="bbox 3459 4987 3666 5057">
    <p class='ocr_par' dir='ltr' id='par_1_102' title="bbox 3459 4987 3666 5057">
     <span class='ocr_line' id='line_1_104' title="bbox 3459 4987 3666 5057; baseline -0.014 -21"><span class='ocrx_word' id='word_1_782' title='bbox 3459 4987 3666 5057; x_wconf 80' lang='grc' dir='ltr'>εἰρήνην</span> 
     </span>
    </p>
   </div>
   <div class='ocr_carea' id='block_1_103' title="bbox 297 5061 3662 5162">
    <p class='ocr_par' dir='ltr' id='par_1_103' title="bbox 297 5061 3662 5162">
     <span class='ocr_line' id='line_1_105' title="bbox 304 5061 2736 5085; baseline 0 -14"><span class='ocrx_word' id='word_1_783' title='bbox 304 5061 381 5070; x_wconf 81' lang='grc'>.--</span> <span class='ocrx_word' id='word_1_784' title='bbox 460 5061 625 5069; x_wconf 67' lang='grc' dir='ltr'><strong><em>η.---</em></strong></span> <span class='ocrx_word' id='word_1_785' title='bbox 696 5061 876 5085; x_wconf 37' lang='lat' dir='ltr'>&quot;Fr,</span> <span class='ocrx_word' id='word_1_786' title='bbox 952 5061 1030 5066; x_wconf 62' lang='grc' dir='ltr'>η-</span> <span class='ocrx_word' id='word_1_787' title='bbox 1147 5061 1168 5071; x_wconf 48' lang='grc' dir='ltr'>ν.</span> <span class='ocrx_word' id='word_1_788' title='bbox 1223 5061 1266 5072; x_wconf 41' lang='grc' dir='ltr'>κ.</span> <span class='ocrx_word' id='word_1_789' title='bbox 1342 5061 1389 5062; x_wconf 39' lang='grc' dir='ltr'>κν</span> <span class='ocrx_word' id='word_1_790' title='bbox 1579 5061 1592 5070; x_wconf 95' lang='grc'><em>.</em></span> <span class='ocrx_word' id='word_1_791' title='bbox 2397 5061 2408 5071; x_wconf 86' lang='grc'>,</span> <span class='ocrx_word' id='word_1_792' title='bbox 2462 5061 2470 5071; x_wconf 94' lang='grc'>.</span> <span class='ocrx_word' id='word_1_793' title='bbox 2535 5061 2544 5070; x_wconf 99' lang='grc'>.</span> <span class='ocrx_word' id='word_1_794' title='bbox 2646 5061 2651 5063; x_wconf 86' lang='grc'>.</span> <span class='ocrx_word' id='word_1_795' title='bbox 2727 5061 2736 5068; x_wconf 93' lang='grc'>.</span> 
     </span>
     <span class='ocr_line' id='line_1_106' title="bbox 297 5061 3662 5162; baseline -0.01 -22"><span class='ocrx_word' id='word_1_796' title='bbox 297 5087 662 5162; x_wconf 78' lang='grc' dir='ltr'>βεϐούλευται.</span> <span class='ocrx_word' id='word_1_797' title='bbox 708 5091 818 5162; x_wconf 33' lang='grc' dir='ltr'>’Καί</span> <span class='ocrx_word' id='word_1_798' title='bbox 869 5087 893 5162; x_wconf 79' lang='grc' dir='ltr'>ὁ</span> <span class='ocrx_word' id='word_1_799' title='bbox 953 5061 1131 5159; x_wconf 46' lang='lat' dir='ltr'>05.00:,r</span> <span class='ocrx_word' id='word_1_800' title='bbox 1152 5061 1222 5143; x_wconf 72' lang='grc' dir='ltr'>είς</span> <span class='ocrx_word' id='word_1_801' title='bbox 1275 5088 1360 5135; x_wconf 84' lang='grc' dir='ltr'>τόν</span> <span class='ocrx_word' id='word_1_802' title='bbox 1415 5061 1646 5154; x_wconf 65' lang='grc' dir='ltr'>βασιλέα</span> <span class='ocrx_word' id='word_1_803' title='bbox 1695 5061 1926 5151; x_wconf 61' lang='grc' dir='ltr'>ἀφίκετο,</span> <span class='ocrx_word' id='word_1_804' title='bbox 1962 5061 2074 5129; x_wconf 90' lang='grc' dir='ltr'>Ικαι</span> <span class='ocrx_word' id='word_1_805' title='bbox 2121 5073 2319 5147; x_wconf 76' lang='grc' dir='ltr'>ἐδέχθη</span> <span class='ocrx_word' id='word_1_806' title='bbox 2369 5074 2760 5144; x_wconf 85' lang='grc' dir='ltr'>προσηκόντως,</span> <span class='ocrx_word' id='word_1_807' title='bbox 2814 5085 2904 5117; x_wconf 90' lang='grc' dir='ltr'>και</span> <span class='ocrx_word' id='word_1_808' title='bbox 2952 5069 3061 5149; x_wconf 65' lang='grc' dir='ltr'>τήν³</span> <span class='ocrx_word' id='word_1_809' title='bbox 3095 5063 3302 5136; x_wconf 83' lang='grc' dir='ltr'>εἰρήνην</span> <span class='ocrx_word' id='word_1_810' title='bbox 3363 5061 3662 5123; x_wconf 84' lang='grc' dir='ltr'>πεποίηκεν,</span> 
     </span>
     <span class='ocr_line' id='line_1_107' title="bbox 1114 5127 3662 5162; baseline 0 0"><span class='ocrx_word' id='word_1_811' title='bbox 1114 5161 1119 5162; x_wconf 62' lang='lat'><strong><em>,</em></strong></span> <span class='ocrx_word' id='word_1_812' title='bbox 1210 5154 1305 5162; x_wconf 26' lang='grc' dir='ltr'>,καί</span> <span class='ocrx_word' id='word_1_813' title='bbox 1692 5151 1702 5158; x_wconf 93' lang='grc'><strong>-</strong></span> <span class='ocrx_word' id='word_1_814' title='bbox 1749 5156 1756 5162; x_wconf 89' lang='grc'>.</span> <span class='ocrx_word' id='word_1_815' title='bbox 1989 5152 1998 5162; x_wconf 81' lang='lat'>.</span> <span class='ocrx_word' id='word_1_816' title='bbox 2120 5151 2129 5162; x_wconf 75' lang='grc' dir='ltr'><em>ο</em></span> <span class='ocrx_word' id='word_1_817' title='bbox 2319 5151 2338 5162; x_wconf 83' lang='grc'><strong><em>-.</em></strong></span> <span class='ocrx_word' id='word_1_818' title='bbox 2492 5143 2510 5162; x_wconf 69' lang='grc' dir='ltr'>ι.</span> <span class='ocrx_word' id='word_1_819' title='bbox 2588 5144 2747 5162; x_wconf 33' lang='grc' dir='ltr'>ῨΞᾼ---</span> <span class='ocrx_word' id='word_1_820' title='bbox 2815 5139 2975 5162; x_wconf 71' lang='lat'>:_!---</span> <span class='ocrx_word' id='word_1_821' title='bbox 3043 5134 3310 5162; x_wconf 62' lang='lat' dir='ltr'>---..-:-Du.</span> <span class='ocrx_word' id='word_1_822' title='bbox 3429 5131 3528 5162; x_wconf 75' lang='grc' dir='ltr'>Ιτηῖ</span> <span class='ocrx_word' id='word_1_823' title='bbox 3620 5127 3662 5162; x_wconf 58' lang='grc' dir='ltr'>ἐκ</span> 
     </span>
    </p>
   </div>
   <div class='ocr_carea' id='block_1_104' title="bbox 294 5151 2366 5231">
    <p class='ocr_par' dir='ltr' id='par_1_104' title="bbox 294 5151 2366 5231">
     <span class='ocr_line' id='line_1_108' title="bbox 294 5151 2366 5231; baseline -0.008 -19"><span class='ocrx_word' id='word_1_824' title='bbox 294 5179 392 5212; x_wconf 78' lang='grc' dir='ltr'>και</span> <span class='ocrx_word' id='word_1_825' title='bbox 443 5163 642 5231; x_wconf 77' lang='grc' dir='ltr'>ὤμοσεν</span> <span class='ocrx_word' id='word_1_826' title='bbox 699 5151 1161 5231; x_wconf 62' lang='grc' dir='ltr'>ᾁπολιοθῆναίτήν</span> <span class='ocrx_word' id='word_1_827' title='bbox 1207 5151 1491 5218; x_wconf 77' lang='grc' dir='ltr'>Τξέπαιναν</span> <span class='ocrx_word' id='word_1_828' title='bbox 1543 5172 1632 5204; x_wconf 90' lang='grc' dir='ltr'>και</span> <span class='ocrx_word' id='word_1_829' title='bbox 1681 5151 1896 5224; x_wconf 76' lang='grc' dir='ltr'>ἑκάτερα</span> <span class='ocrx_word' id='word_1_830' title='bbox 1945 5152 2011 5202; x_wconf 90' lang='grc' dir='ltr'>τά</span> <span class='ocrx_word' id='word_1_831' title='bbox 2068 5151 2196 5221; x_wconf 80' lang='grc' dir='ltr'>μέρη</span> <span class='ocrx_word' id='word_1_832' title='bbox 2256 5151 2366 5204; x_wconf 88' lang='grc' dir='ltr'>τοῖς</span> 
     </span>
     <span class='ocr_line' id='line_1_109' title="bbox 827 5213 2354 5231; baseline -0.001 0"><span class='ocrx_word' id='word_1_833' title='bbox 827 5228 842 5231; x_wconf 83' lang='grc'>-</span> <span class='ocrx_word' id='word_1_834' title='bbox 949 5228 959 5231; x_wconf 88' lang='lat'><em>_</em></span> <span class='ocrx_word' id='word_1_835' title='bbox 1355 5228 1364 5231; x_wconf 76' lang='lat'><strong><em>_</em></strong></span> <span class='ocrx_word' id='word_1_836' title='bbox 1510 5226 1521 5231; x_wconf 86' lang='lat'>-</span> <span class='ocrx_word' id='word_1_837' title='bbox 1606 5220 1629 5231; x_wconf 85' lang='grc'>-</span> <span class='ocrx_word' id='word_1_838' title='bbox 1895 5226 1903 5231; x_wconf 94' lang='grc'>.</span> <span class='ocrx_word' id='word_1_839' title='bbox 2004 5220 2074 5231; x_wconf 78' lang='lat'><strong>.-.</strong></span> <span class='ocrx_word' id='word_1_840' title='bbox 2201 5216 2254 5231; x_wconf 52' lang='grc' dir='ltr'>,Α</span> <span class='ocrx_word' id='word_1_841' title='bbox 2322 5213 2354 5231; x_wconf 68' lang='grc' dir='ltr'>ε..</span> 
     </span>
    </p>
   </div>
   <div class='ocr_carea' id='block_1_105' title="bbox 296 5213 2368 5352">
    <p class='ocr_par' dir='ltr' id='par_1_105' title="bbox 296 5213 2368 5352">
     <span class='ocr_line' id='line_1_110' title="bbox 296 5213 2368 5302; baseline -0.007 -19"><span class='ocrx_word' id='word_1_842' title='bbox 296 5233 470 5284; x_wconf 76' lang='grc' dir='ltr'>εἴκοσι</span> <span class='ocrx_word' id='word_1_843' title='bbox 487 5215 786 5300; x_wconf 71' lang='grc' dir='ltr'>’χιλικάδας</span> <span class='ocrx_word' id='word_1_844' title='bbox 813 5228 1102 5302; x_wconf 81' lang='grc' dir='ltr'>βασιλικῶν</span> <span class='ocrx_word' id='word_1_845' title='bbox 1120 5213 1524 5298; x_wconf 12' lang='grc' dir='ltr'>νγαοισμὰτωνό</span> <span class='ocrx_word' id='word_1_846' title='bbox 1557 5220 1631 5276; x_wconf 79' lang='grc' dir='ltr'>Οὖ</span> <span class='ocrx_word' id='word_1_847' title='bbox 1671 5243 1719 5283; x_wconf 92' lang='grc' dir='ltr'>ος</span> <span class='ocrx_word' id='word_1_848' title='bbox 1770 5213 1948 5293; x_wconf 62' lang='grc' dir='ltr'>τυχὼν</span> <span class='ocrx_word' id='word_1_849' title='bbox 1995 5213 2150 5283; x_wconf 71' lang='grc' dir='ltr'>ἑξήεί.</span> <span class='ocrx_word' id='word_1_850' title='bbox 2201 5216 2260 5269; x_wconf 89' lang='grc' dir='ltr'>Ὀ</span> <span class='ocrx_word' id='word_1_851' title='bbox 2310 5213 2368 5268; x_wconf 68' lang='grc' dir='ltr'>δι</span> 
     </span>
     <span class='ocr_line' id='line_1_111' title="bbox 296 5240 2350 5352; baseline -0.004 0"><span class='ocrx_word' id='word_1_852' title='bbox 296 5306 582 5352; x_wconf 70' lang='grc' dir='ltr'>περιμένων</span> <span class='ocrx_word' id='word_1_853' title='bbox 611 5299 882 5352; x_wconf 77' lang='grc' dir='ltr'>ἀπόλυσιν.</span> <span class='ocrx_word' id='word_1_854' title='bbox 961 5300 1009 5336; x_wconf 79' lang='grc' dir='ltr'>⁵ο</span> <span class='ocrx_word' id='word_1_855' title='bbox 1031 5277 1328 5352; x_wconf 65' lang='grc' dir='ltr'>Συμὲἐξηκε</span> <span class='ocrx_word' id='word_1_856' title='bbox 1358 5311 1544 5352; x_wconf 80' lang='lat' dir='ltr'><strong>usaue</strong></span> <span class='ocrx_word' id='word_1_857' title='bbox 1561 5240 1663 5352; x_wconf 50' lang='lat' dir='ltr'><strong>af</strong></span> <span class='ocrx_word' id='word_1_858' title='bbox 1668 5301 1867 5348; x_wconf 81' lang='grc' dir='ltr'>σκοποῦ</span> <span class='ocrx_word' id='word_1_859' title='bbox 1895 5293 2030 5352; x_wconf 83' lang='lat' dir='ltr'><strong>(col.</strong></span> <span class='ocrx_word' id='word_1_860' title='bbox 2055 5277 2199 5346; x_wconf 60' lang='grc'><strong>’1125</strong></span> <span class='ocrx_word' id='word_1_861' title='bbox 2227 5292 2266 5344; x_wconf 91' lang='lat' dir='ltr'>D</span> <span class='ocrx_word' id='word_1_862' title='bbox 2294 5288 2350 5352; x_wconf 79' lang='grc'>4)</span> 
     </span>
    </p>
   </div>
   <div class='ocr_carea' id='block_1_106' title="bbox 1668 5287 2596 5364">
    <p class='ocr_par' dir='ltr' id='par_1_106' title="bbox 1668 5287 2596 5364">
     <span class='ocr_line' id='line_1_112' title="bbox 1668 5287 2596 5364; baseline -0.012 -13"><span class='ocrx_word' id='word_1_863' title='bbox 1668 5287 1875 5348; x_wconf 57' lang='grc' dir='ltr'>σκοποῖ</span> <span class='ocrx_word' id='word_1_864' title='bbox 1895 5293 2030 5364; x_wconf 82' lang='lat' dir='ltr'><strong>(col.</strong></span> <span class='ocrx_word' id='word_1_865' title='bbox 2055 5287 2199 5346; x_wconf 74' lang='grc'><strong>’1125</strong></span> <span class='ocrx_word' id='word_1_866' title='bbox 2227 5292 2266 5344; x_wconf 92' lang='lat' dir='ltr'>D</span> <span class='ocrx_word' id='word_1_867' title='bbox 2294 5288 2350 5360; x_wconf 79' lang='grc'>4)</span> <span class='ocrx_word' id='word_1_868' title='bbox 2378 5302 2498 5342; x_wconf 92' lang='lat' dir='ltr'>om.</span> <span class='ocrx_word' id='word_1_869' title='bbox 2535 5287 2596 5340; x_wconf 90' lang='lat' dir='ltr'>D.</span> 
     </span>
    </p>
   </div>
   <div class='ocr_carea' id='block_1_107' title="bbox 291 5277 1596 5374">
    <p class='ocr_par' dir='ltr' id='par_1_107' title="bbox 291 5277 1596 5374">
     <span class='ocr_line' id='line_1_113' title="bbox 291 5277 1596 5374; baseline -0.002 -19"><span class='ocrx_word' id='word_1_870' title='bbox 291 5277 582 5374; x_wconf 53' lang='grc' dir='ltr'>περιμένων</span> <span class='ocrx_word' id='word_1_871' title='bbox 611 5277 882 5354; x_wconf 39' lang='grc' dir='ltr'>ἁπόλυῖσῗν.</span> <span class='ocrx_word' id='word_1_872' title='bbox 961 5300 1009 5336; x_wconf 81' lang='grc' dir='ltr'>⁵ο</span> <span class='ocrx_word' id='word_1_873' title='bbox 1352 5277 1544 5368; x_wconf 72' lang='grc' dir='ltr'>ιιεᾳαε</span> <span class='ocrx_word' id='word_1_874' title='bbox 1561 5311 1596 5352; x_wconf 89' lang='grc' dir='ltr'>α</span> 
     </span>
    </p>
   </div>
   <div class='ocr_carea' id='block_1_108' title="bbox 2417 5131 3668 5214">
    <p class='ocr_par' dir='ltr' id='par_1_108' title="bbox 2417 5131 3668 5214">
     <span class='ocr_line' id='line_1_114' title="bbox 2417 5131 3668 5214; baseline -0.013 -21"><span class='ocrx_word' id='word_1_875' title='bbox 2417 5131 2756 5214; x_wconf 61' lang='grc' dir='ltr'>παλαιτέροις</span> <span class='ocrx_word' id='word_1_876' title='bbox 2812 5139 2975 5212; x_wconf 88' lang='grc' dir='ltr'>ὁρίοις</span> <span class='ocrx_word' id='word_1_877' title='bbox 3041 5131 3334 5207; x_wconf 78' lang='grc' dir='ltr'>ἀρκεῖσθαι.</span> <span class='ocrx_word' id='word_1_878' title='bbox 3429 5131 3528 5214; x_wconf 60' lang='grc' dir='ltr'>⁸Ιςαί</span> <span class='ocrx_word' id='word_1_879' title='bbox 3619 5131 3668 5186; x_wconf 75' lang='grc' dir='ltr'>ες</span> 
     </span>
    </p>
   </div>
   <div class='ocr_carea' id='block_1_109' title="bbox 2420 5199 3670 5287">
    <p class='ocr_par' dir='ltr' id='par_1_109' title="bbox 2420 5199 3670 5287">
     <span class='ocr_line' id='line_1_115' title="bbox 2420 5199 3670 5287; baseline -0.015 -20"><span class='ocrx_word' id='word_1_880' title='bbox 2420 5199 2670 5287; x_wconf 48' lang='grc' dir='ltr'>βασιλεὺς</span> <span class='ocrx_word' id='word_1_881' title='bbox 2725 5199 3045 5281; x_wconf 74' lang='grc' dir='ltr'>διεκαρτέρει</span> <span class='ocrx_word' id='word_1_882' title='bbox 3074 5199 3180 5264; x_wconf 76' lang='grc' dir='ltr'>’τήν</span> <span class='ocrx_word' id='word_1_883' title='bbox 3228 5212 3323 5266; x_wconf 80' lang='grc' dir='ltr'>τῆς</span> <span class='ocrx_word' id='word_1_884' title='bbox 3377 5199 3670 5260; x_wconf 74' lang='grc' dir='ltr'>Τζίπαίνης</span> 
     </span>
    </p>
   </div>
   <div class='ocr_carea' id='block_1_110' title="bbox 1191 5443 2782 5525">
    <p class='ocr_par' dir='ltr' id='par_1_110' title="bbox 1191 5443 2782 5525">
     <span class='ocr_line' id='line_1_116' title="bbox 1191 5443 2782 5525; baseline -0.009 0"><span class='ocrx_word' id='word_1_885' title='bbox 1191 5455 1532 5525; x_wconf 90' lang='lat' dir='ltr'><strong>Theodori</strong></span> <span class='ocrx_word' id='word_1_886' title='bbox 1581 5454 1834 5522; x_wconf 73' lang='lat' dir='ltr'><strong>Dousae</strong></span> <span class='ocrx_word' id='word_1_887' title='bbox 1883 5460 1949 5518; x_wconf 89' lang='lat' dir='ltr'>et</span> <span class='ocrx_word' id='word_1_888' title='bbox 1995 5448 2246 5518; x_wconf 84' lang='lat' dir='ltr'><strong>Leonis</strong></span> <span class='ocrx_word' id='word_1_889' title='bbox 2293 5443 2531 5516; x_wconf 89' lang='lat' dir='ltr'><strong>Allatii</strong></span> <span class='ocrx_word' id='word_1_890' title='bbox 2577 5453 2782 5512; x_wconf 70' lang='lat' dir='ltr'><strong>notae.</strong></span> 
     </span>
    </p>
   </div>
   <div class='ocr_carea' id='block_1_111' title="bbox 372 5615 1781 5769">
    <p class='ocr_par' dir='ltr' id='par_1_111' title="bbox 372 5615 1781 5769">
     <span class='ocr_line' id='line_1_117' title="bbox 372 5615 1781 5769; baseline -0.006 -90"><span class='ocrx_word' id='word_1_891' title='bbox 372 5623 488 5769; x_wconf 51' lang='grc' dir='ltr'>ξ31)</span> <span class='ocrx_word' id='word_1_892' title='bbox 515 5623 946 5713; x_wconf 59' lang='grc' dir='ltr'>ςΕμιμαθήκισαν</span> <span class='ocrx_word' id='word_1_893' title='bbox 966 5621 1066 5706; x_wconf 80' lang='grc' dir='ltr'>γάρ</span> <span class='ocrx_word' id='word_1_894' title='bbox 1090 5619 1403 5687; x_wconf 82' lang='lat' dir='ltr'><strong>Gregoras,</strong></span> <span class='ocrx_word' id='word_1_895' title='bbox 1431 5632 1493 5689; x_wconf 94' lang='lat' dir='ltr'>p.</span> <span class='ocrx_word' id='word_1_896' title='bbox 1512 5619 1600 5673; x_wconf 82' lang='lat'>56.</span> <span class='ocrx_word' id='word_1_897' title='bbox 1641 5615 1781 5672; x_wconf 83' lang='lat' dir='ltr'>ALL.</span> 
     </span>
     <span class='ocr_line' id='line_1_118' title="bbox 397 5689 1781 5769; baseline -0.009 -18"><span class='ocrx_word' id='word_1_898' title='bbox 397 5700 487 5767; x_wconf 76' lang='lat'>32)</span> <span class='ocrx_word' id='word_1_899' title='bbox 532 5702 576 5747; x_wconf 94' lang='lat'>0</span> <span class='ocrx_word' id='word_1_900' title='bbox 606 5713 696 5767; x_wconf 87' lang='grc' dir='ltr'>μεν</span> <span class='ocrx_word' id='word_1_901' title='bbox 718 5712 816 5746; x_wconf 88' lang='grc' dir='ltr'>των</span> <span class='ocrx_word' id='word_1_902' title='bbox 845 5691 1171 5769; x_wconf 86' lang='grc' dir='ltr'>Βουλγαρων.</span> <span class='ocrx_word' id='word_1_903' title='bbox 1197 5692 1512 5760; x_wconf 86' lang='lat' dir='ltr'><strong>Gregoras,</strong></span> <span class='ocrx_word' id='word_1_904' title='bbox 1541 5703 1600 5760; x_wconf 88' lang='lat' dir='ltr'>p.</span> <span class='ocrx_word' id='word_1_905' title='bbox 1622 5691 1710 5742; x_wconf 80' lang='lat'>56.</span> <span class='ocrx_word' id='word_1_906' title='bbox 1744 5689 1781 5738; x_wconf 83' lang='lat' dir='ltr'><strong>A</strong></span> 
     </span>
    </p>
   </div>
   <div class='ocr_carea' id='block_1_112' title="bbox 397 5689 1880 5769">
    <p class='ocr_par' dir='ltr' id='par_1_112' title="bbox 397 5689 1880 5769">
     <span class='ocr_line' id='line_1_119' title="bbox 397 5689 1880 5769; baseline -0.007 -18"><span class='ocrx_word' id='word_1_907' title='bbox 397 5689 487 5767; x_wconf 77' lang='lat'>32)</span> <span class='ocrx_word' id='word_1_908' title='bbox 515 5689 584 5747; x_wconf 77' lang='lat'>’0&#39;</span> <span class='ocrx_word' id='word_1_909' title='bbox 606 5689 696 5767; x_wconf 66' lang='grc' dir='ltr'>μὶν</span> <span class='ocrx_word' id='word_1_910' title='bbox 718 5701 816 5746; x_wconf 81' lang='grc' dir='ltr'>τῶν</span> <span class='ocrx_word' id='word_1_911' title='bbox 845 5689 1171 5769; x_wconf 68' lang='grc' dir='ltr'>Βουλγοίρων.</span> <span class='ocrx_word' id='word_1_912' title='bbox 1197 5692 1512 5760; x_wconf 86' lang='lat' dir='ltr'><strong>Gregoras,</strong></span> <span class='ocrx_word' id='word_1_913' title='bbox 1541 5703 1600 5760; x_wconf 92' lang='lat' dir='ltr'>p.</span> <span class='ocrx_word' id='word_1_914' title='bbox 1622 5691 1710 5742; x_wconf 81' lang='lat'><strong>56.</strong></span> <span class='ocrx_word' id='word_1_915' title='bbox 1744 5689 1880 5742; x_wconf 84' lang='lat' dir='ltr'>ALL.</span> 
     </span>
    </p>
   </div>
  </div>
