4124 6396
482 357 617 414 1147

1780 347 2066 408 GEORGII
2097 347 2563 408 ACROPOLITE

3703 346 3852 402 1148

479 482 822 552 exercitum,
851 481 912 537 in
933 479 1106 553 cujus
1137 480 1374 538 conﬁne
1417 495 1661 553 aequum
1721 477 2038 552 paululum
2097 493 2128 533 e

2243 477 2557 549 ἐποχεῖσθαι
2604 481 2695 530 καὶ
2744 477 2953 549 σύμπαν
3007 471 3321 551 διέρχεσθαι
3368 478 3426 527 τὸ
3459 470 3852 547 στρατόπεδον,

477 572 720 644 planitie
743 575 1161 639 assurgentem
1210 570 1411 626 locum
1465 569 1809 633 ascendere,
1869 567 2130 638 indeque

477 662 826 717 universum
855 660 1175 715 exercitum
1208 659 1480 723 lustrare,
1515 673 1695 729 quem
1731 679 1758 707 «
1809 656 2015 712 urbem
2069 673 2132 712 se

476 753 817 803 moventem
849 753 1217 820 ceterasque
1235 748 1384 804 alias
1403 750 1706 803 Romanas
1730 745 1906 801 urbes
1936 749 2132 802 tutan-

477 839 594 889 tem
630 857 657 885 »
681 836 955 892 nominat
997 854 1011 903 ;
1051 836 1290 908 hocque
1343 837 1425 892 ita
1491 835 1771 908 patrabat
1820 835 2126 906 continuo,

485 925 656 997 136
698 929 755 981 et
811 925 946 982 licet
992 941 1331 998 vesperugo
1384 926 1444 980 in
1495 940 1778 981 occasum
1833 939 1961 980 sese
2017 925 2128 980 im-

477 1018 789 1083 mergeret,
822 1013 949 1086 ipse
977 1014 1366 1070 nihilominus
1392 1013 1452 1069 id
1491 1013 1650 1069 idem
1684 1028 1878 1085 neque
1929 1014 2130 1084 segnis

474 1102 818 1174 praestabat.
874 1105 1210 1159 Castrorum
1279 1102 1658 1159 intervallum
1725 1103 2130 1174 quadraginta

479 1191 814 1261 stadia,nisi
827 1192 994 1248 etiam
1009 1191 1183 1265 plura
1195 1191 1418 1248 addere
1434 1191 1707 1257 velimus,
1747 1193 2126 1264 exaequabat.

477 1279 601 1349 Ego
631 1280 851 1353 itaque,
886 1284 1003 1337 Deo
1031 1285 1170 1337 tunc
1194 1281 1339 1336 mihi
1390 1281 1562 1349 irato,
1622 1283 2002 1354 imperatoris
2039 1285 2127 1339 ni-

476 1368 667 1423 mium
679 1384 893 1424 amans
906 1385 975 1424 ac
990 1369 1260 1437 stolidus,
1278 1369 1379 1426 ubi
1393 1370 1812 1442 imperatorem
1827 1387 1982 1444 equo
1995 1371 2124 1427 vehi

478 1457 702 1529 accepi,
733 1459 794 1512 in
824 1458 1052 1514 mulam
1085 1475 1337 1532 propere
1369 1459 1587 1516 saliens
1617 1465 1894 1516 contento
1947 1477 2128 1517 cursu

477 1547 791 1619 sequebar,
834 1550 1120 1622 temporis
1156 1550 1650 1622 inopportunum,
1705 1551 1867 1624 quod
1921 1553 2126 1626 utique

476 1637 796 1705 debebam,
840 1639 1087 1695 minime
1137 1641 1544 1713 conspicatus.
1601 1645 1926 1716 Imperator
1968 1659 2124 1716 equo

475 1733 680 1783 vectus
697 1744 942 1784 cursum
961 1745 1191 1802 rapere.
1213 1730 1351 1786 Mox
1376 1747 1472 1786 me
1493 1731 1963 1805 subsequentem
1981 1750 2124 1791 con-

2241 571 2332 618 καὶ
2367 565 2499 640 ἀμφὶ
2533 569 2591 618 τὸ
2623 569 2806 619 τούτου
2843 570 3008 640 τέρμα
3037 565 3110 627 εἰς
3149 571 3308 617 τόπον
3362 564 3680 638 ἀγχώμαλόν
3731 583 3856 626 πως

2240 655 2481 708 τελοῦντα
2533 660 2623 709 καὶ
2687 659 2873 730 μικρὸν
2922 657 3378 728 ὑπερανεστηκότα
3427 663 3518 715 τῆς
3586 650 3856 715 πεδιάδος

2241 744 2578 818 ἀνέρχεσθαι,
2607 746 2692 818 [Ρ.
2721 746 2809 818 70]
2841 749 2930 798 καὶ
2975 746 3066 804 τὴν
3129 744 3248 804 ὃλην
3278 746 3505 818 καθορᾴν
3564 747 3852 817 στρατιάν,

2241 833 2302 893 ἣν
2339 839 2431 887 καὶ
2478 834 2628 888 πόλιν
2677 838 2980 907 κινουμένην
3033 834 3149 906 (33)
3206 834 3460 906 ὠνόμαζε,
3517 851 3694 896 πασας
3749 836 3856 896 τὰς

2238 927 2526 998 Ῥωμαίκὰς
2559 924 2713 986 ἄλλας
2773 923 2942 985 πόλεις
2979 924 3361 996 φυλάττουσαν.
3418 930 3584 977 Τοῦτο
3641 920 3702 977 δὲ
3755 922 3856 976 οὓ-

2238 1033 2340 1076 τως
2371 1013 2534 1066 ἐποίει
2587 1011 2856 1081 διηνεκῶς,
2910 1017 3002 1065 καὶ
3063 1012 3088 1064 ό
3143 1017 3416 1088 φωσφόρος
3465 1009 3523 1065 δε
3566 1015 3706 1088 εἰπερ
3755 1031 3857 1065 τον

2239 1099 2454 1155 δυτικόν
2479 1099 2719 1156 εἰσδῦναι
2750 1102 2994 1177 ὁρίζοντα
3018 1101 3237 1175 ἐμέλλεν,
3268 1103 3327 1154 ού
3379 1108 3630 1155 κατώκνει
3687 1109 3856 1154 τοῦτο

2238 1191 2574 1266 ἐργάζεσθαι,
2616 1195 2686 1245 Τὸ
2719 1189 2778 1244 δε
2825 1198 2918 1244 τοῦ
2973 1188 3329 1267 στρατοπέδου
3384 1189 3659 1264 διάστημα
3711 1190 3858 1264 ἀμφί

2237 1284 2424 1334 πουτὰ
2448 1283 2844 1354 τεσσαράκοντα
2890 1277 3087 1334 στάδια
3134 1282 3214 1352 ἡν,
3250 1281 3294 1335 εἰ
3335 1285 3407 1354 μὴ
3455 1300 3515 1352 γε
3555 1285 3646 1334 καὶ
3691 1284 3852 1356 πρὸς.

2234 1368 2438 1442 Ἔγωγε
2465 1366 2552 1422 οὖν
2577 1367 2671 1422 οὗκ
2701 1369 2872 1444 ἀγαθῇ
2902 1375 3019 1424 τότε
3048 1371 3192 1444 τύχῃ
3242 1373 3582 1445 χρησάμένος
3611 1371 3637 1422 6
3701 1368 3842 1442 φιλο-

2235 1459 2477 1522 ϐασιλεύς
2507 1479 2564 1513 κε
2625 1465 2714 1513 καὶ
2761 1463 3001 1532 μάταιος,
3066 1464 3390 1533 πεπυσμένος
3439 1460 3660 1519 ἱππότην
3709 1459 3849 1512 εἰναι

2232 1552 2320 1602 τόν
2367 1548 2611 1622 βασιλέα,
2639 1557 2729 1610 τῆς
2781 1551 3000 1623 ἡμιόνου
3055 1553 3122 1611 ὡς
3193 1547 3339 1621 εἶχον
3393 1551 3595 1622 τάχους
3651 1546 3845 1611 ἐπιϐὰς

2236 1634 2492 1715 δρομαῖος
2539 1638 2823 1711 ἐφειπόμην
2877 1638 3040 1709 αύτῷ,
3093 1639 3150 1692 ού
3193 1643 3250 1691 τὸ
3307 1646 3397 1700 τῆς
3471 1639 3603 1711 ὥρας
3667 1636 3847 1710 ἆωρον

2233 1731 2614 1798 κατοπτεύσας,
2648 1730 2768 1804 ὅπερ
2831 1724 2961 1782 ἔδει.
3027 1728 3130 1802 Ἐφ’
3188 1726 3350 1780 ἶππου
3400 1725 3461 1780 δε
3503 1729 3530 1779 6
3583 1725 3851 1800 βασιλεύς

477 1816 735 1888 spiciens
769 1819 968 1874 cursui
1002 1820 1318 1891 imparem.
1378 1823 1733 1893 suspicatus,
1787 1824 1835 1878 si
1888 1823 2127 1894 longius

2236 1816 2414 1879 ἐπιϐὰς
2444 1821 2732 1892 ταχύτερον
2783 1817 3064 1892 ἐπορεύετο,
3119 1822 3189 1879 ὡς
3237 1813 3295 1870 δε
3347 1813 3453 1870 εἰδὶ
3501 1837 3566 1889 με
3614 1820 3850 1869 κατόπιν

474 1904 606 1977 ipse
637 1908 1037 1976 processisset,
1073 1922 1196 1963 non
1247 1913 1614 1979 secuturum,
1663 1910 1828 1979 dixit,
1863 1933 1892 1962 «
1952 1914 2124 1980 Cave,

476 2009 718 2049 cursum
743 1995 1075 2061 contineas,
1109 2012 1356 2068 sequere
1415 2003 1617 2054 tamen
1668 2001 2072 2060 commodius.
2097 2025 2126 2053 »

477 2081 576 2136 Ille
601 2083 660 2138 in
692 2089 862 2139 sueta
884 2084 994 2139 sibi
1023 2085 1157 2140 loca
1187 2085 1503 2142 advehitur
1532 2105 1544 2144 :
1569 2104 1848 2161 proceres
1897 2107 1968 2148 ac
2019 2092 2128 2148 viri

474 2169 734 2227 illustres
761 2173 983 2229 itineris
1003 2175 1267 2241 comites,
1300 2175 1664 2248 quibuscum
1696 2184 1752 2234 et
1803 2181 1929 2252 ipse
1981 2197 2125 2237 con-

473 2275 781 2328 veneram,
815 2263 1081 2336 undique
1097 2280 1236 2320 eum
1260 2265 1662 2338 constipantes
1682 2267 1940 2322 adstant.
1964 2269 2127 2322 Tunc

474 2346 823 2421 imperator,
859 2373 886 2400 ‹‹
917 2353 1334 2421 Cognovistine
1365 2372 1416 2420 ›,
1449 2353 1661 2425 inquit,
1687 2376 1714 2403 ‹‹
1763 2370 1899 2426 quae
1946 2355 2123 2410 nobis

473 2452 669 2509 nuper
689 2439 962 2496 nuntiata
982 2447 1119 2498 sunt
1146 2442 1175 2497 ?
1209 2463 1236 2491 ››
1249 2445 1388 2508 Nos,
1415 2467 1433 2491 ι
1457 2443 1709 2507 Minime,
1733 2443 2122 2514 imperator,»

473 2525 754 2583 diximus.
774 2531 838 2584 Et
850 2530 1174 2602 imperator
1189 2547 1211 2586 .'
1225 2554 1251 2579 ‹‹
1268 2531 1523 2594 Quidam
1539 2536 1675 2586 ante
1690 2531 2123 2602 paucissimum

473 2619 711 2687 tempus
762 2618 1107 2685 adveniens,
1159 2619 1325 2692 quod
1375 2635 1522 2676 sane
1578 2619 1756 2676 nobis
1831 2621 2120 2693 displicet,

470 2707 784 2775 nuntiavit,
817 2709 1038 2764 Rosum
1066 2711 1248 2765 Urum
1273 2708 1451 2764 nobis
1473 2709 1677 2764 fucum
1700 2709 1926 2766 fecisse.
1959 2711 2126 2768 Lucri

471 2795 632 2851 enim
657 2813 842 2853 causa
862 2797 980 2854 huc
997 2797 1244 2854 veniens
1262 2814 1472 2871 pacem
1497 2802 1553 2854 et
1566 2798 1914 2866 amicitiam,
1937 2817 2126 2872 quam

2237 1903 2398 1961 αὖτοὺ
2451 1911 2523 1980 μὴ
2589 1904 2872 1980 δυνάμενον
2917 1907 3087 1979 ἐκείνῳ
3159 1909 3492 1970 συνεπεσθαι,
3559 1904 3854 1958 ὑπολαϐὼν

2237 2001 2308 2071 μὴ
2341 2017 2448 2058 πως
2485 2001 2752 2070 μακρύνας
2799 1997 2904 2069 οὐχ
2966 1997 3182 2070 ἕψομαι,
3250 1996 3441 2071 εἰρήκει
3474 2015 3584 2068 μοι,
3623 2013 3653 2047 ‹
3682 1991 3858 2052 Μηδ’

2237 2086 2365 2148 ὅλως
2412 2085 2746 2158 ἀπολειφθῇς,
2797 2085 2924 2139 ἀλλὰ
2975 2091 3067 2139 καὶ
3126 2084 3495 2158 σχολαιότερον
3551 2085 3741 2156 ἔρχου.
3818 2103 3854 2132 »

2238 2176 2421 2248 ’Δπῄει
2458 2183 2583 2246 γοῦν
2610 2175 2683 2235 εἰς
2706 2178 2793 2226 τόν
2834 2177 3034 2233 συνήθη
3081 2179 3260 2244 τόπον,
3309 2178 3399 2226 καὶ
3459 2175 3551 2226 σὺν
3598 2168 3739 2243 αύτῷ
3795 2171 3856 2224 οἰ

2237 2263 2357 2337 ἀμφ’
2410 2264 2565 2316 αὐτὸν
2611 2260 2828 2334 λογάδες
2886 2263 3235 2332 συνέστησαν,
3285 2266 3376 2314 καὶ
3454 2261 3606 2321 αύτός
3687 2265 3855 2333 σφίσι

2236 2352 2488 2412 συνῆλθον
2545 2352 2825 2424 ἑπόμενος,
2891 2357 2982 2404 καὶ
3041 2357 3385 2428 περιέστημεν
3448 2353 3583 2403 κατὰ
3654 2349 3850 2403 κύκλον

2232 2446 2436 2504 πάντες.
2471 2443 2615 2494 Καὶὸ
2648 2439 2914 2514 βασιλεύς,
2951 2460 2980 2494 ε
3010 2443 3378 2514 Μεμαθηκατε,
3410 2461 3438 2490 ››
3471 2445 3624 2512 φησὶ,
3656 2461 3684 2491 ι(
3739 2449 3848 2493 τῶν

2233 2533 2550 2605 προσφάτως
2581 2530 2978 2603 ἀπηγγελμένων
3005 2531 3168 2602 ἡμῖν;
3201 2551 3229 2579 ››
3277 2534 3369 2581 καὶ
3423 2530 3595 2602 ἡμεῖς,
3655 2551 3683 2579 ‹‹
3739 2531 3848 2582 06-

2233 2640 2375 2690 κουν,
2405 2621 2444 2670 ὧ
2477 2619 2716 2693 βασιλεῦ.
2746 2643 2773 2669 ››
2811 2625 2912 2672 Καὶ
2941 2622 2967 2672 6
3018 2618 3289 2692 βασιλευς,
3328 2641 3358 2670 α
3415 2618 3719 2693 ἐΑνθρωπός
3762 2639 3851 2683 τις

2233 2713 2333 2784 πρό
2381 2729 2518 2772 τινος
2570 2708 2835 2783 βραχείας
2882 2710 3020 2783 ὠρας
3075 2708 3230 2762 ἐλθὼν
3287 2707 3570 2780 ἀπηγγει)ἐ
3632 2727 3686 2760 τι
3743 2718 3849 2762 τῶν

2237 2799 2553 2858 ἀϐουλήτων.
2582 2802 2652 2852 Τὸ
2693 2795 2830 2857 δ’ἡν
2874 2801 2940 2861 ὡς
3003 2800 3029 2850 6
3075 2797 3260 2859 Ῥῶσος
3309 2802 3480 2872 Οῦρός
3534 2799 3672 2871 ἡμᾶς
3729 2798 3848 2862 ἑξη-

467 2880 622 2938 inter
650 2899 760 2940 nos
815 2890 872 2941 et
929 2886 1220 2956 Bulgaros
1275 2887 1595 2943 meditatus
1648 2893 1758 2955 est,
1812 2888 2015 2944 fefellit
2071 2893 2129 2945 et

466 2971 777 3043 pejeravit.
802 2975 1210 3050 Quaecumque
1233 2992 1376 3046 ergo
1399 2978 1726 3049 attentavit,
1761 2978 1935 3035 fucus
1963 2978 2126 3035 fuere

467 3066 645 3135 atque
675 3064 934 3122 fallacia.
969 3069 1084 3122 Nec
1111 3067 1266 3124 male
1305 3072 1552 3140 compta
1575 3067 1656 3123 illi
1685 3069 2001 3140 responsio
2047 3069 2126 3125 ad

461 3151 562 3223 jus
586 3151 774 3209 deerit
792 3153 1168 3223 violandum,
1233 3155 1629 3225 Bulgarorum
1688 3171 1909 3228 nempe
1967 3157 2129 3229 prin-

467 3239 684 3312 cipem,
719 3241 850 3312 ejus
881 3257 1195 3313 generum,
1244 3259 1461 3316 pacem
1514 3245 1936 3314 hujuscemodi
1993 3261 2131 3300 con-

465 3327 792 3384 ditionibus
858 3331 1181 3387 conﬂatam
1238 3347 1362 3387 non
1399 3333 1680 3404 recipere.
1741 3333 1893 3398 Quid
1955 3333 2128 3390 vobis

464 3414 702 3470 videtur
737 3417 766 3471 ?
791 3419 1088 3475 Verumne
1111 3425 1200 3476 est
1227 3420 1363 3490 hoc,
1391 3437 1467 3477 an
1493 3420 1746 3478 verbum
1777 3438 1811 3477 a
1837 3422 2129 3479 mendace

464 3503 789 3561 conﬁctum
815 3507 844 3564 ?
876 3529 904 3558 »
940 3510 1005 3563 Et
1025 3523 1155 3575 nos,
1181 3531 1210 3558 «
1239 3510 1619 3582 Neutiquam,
1645 3509 1904 3566 dicimus
1932 3527 2130 3568 sermo

466 3610 640 3650 verus
672 3611 835 3652 essse
864 3597 1132 3654 videtur:
1156 3598 1406 3655 omnino
1447 3615 1711 3671 namque
1741 3599 1926 3656 falsus
1955 3601 2122 3672 137

468 3687 556 3739 est
574 3690 754 3757 atque
783 3687 1062 3743 incertus.
1092 3691 1362 3762 Namque
1386 3691 1575 3744 Rosus
1599 3691 1748 3746 Urus
1785 3705 1906 3746 non
1929 3706 2038 3761 pro
2067 3707 2129 3746 se

467 3771 602 3845 ipso
633 3775 838 3840 modo,
875 3776 980 3833 sed
1021 3782 1078 3834 et
1133 3795 1243 3851 pro
1295 3793 1516 3848 genero
1575 3795 1686 3834 suo
1738 3779 2127 3849 Bulgarorum

468 3863 736 3936 principe
759 3864 1002 3937 juravit.
1036 3873 1107 3923 At
1128 3883 1401 3940 quonam
1433 3869 1616 3924 modo
1647 3867 1706 3924 id
1737 3868 1866 3924 ﬁeri
1909 3874 2126 3940 potest,

467 3951 759 4008 hominem
775 3955 1166 4012 Christianum
1183 3956 1281 4013 tali
1298 3974 1361 4012 se
1374 3957 1636 4030 perjurio
1649 3957 2084 4014 dedecorasse?
2098 3981 2126 4009 »

469 4043 536 4098 Et
556 4041 921 4115 imperator:
963 4064 993 4098 ‹
1021 4045 1418 4102 Pecuniarum
1451 4047 1720 4103 fortassis
1769 4047 2021 4103 aviditas
2067 4047 2128 4103 in

471 4131 663 4187 simile
694 4149 832 4188 cum
863 4134 1157 4204 ﬂagitium
1189 4136 1498 4192 conduxit.
1528 4138 1593 4191 Et
1623 4151 1735 4191 nos
1763 4152 1957 4208 neque
1987 4136 2128 4192 Bul-

468 4234 755 4290 garorum
786 4223 1048 4279 amicitia
1070 4224 1348 4293 fruimur,
1376 4229 1433 4280 et
1463 4228 1692 4280 tantam
1736 4240 2128 4280 nummorum

2237 4230 2529 4299 χρημάτων
2562 4226 2688 4288 ἲσως
2737 4225 2988 4299 ἐπιθυμία
3049 4232 3358 4300 παρέπεισεν
3413 4230 3476 4280 ἄν
3541 4228 3700 4281 αὐτὸν
3779 4230 3851 4292 εἰς

466 4309 933 4380 vimincassum,
957 4315 1383 4385 projecimus,»
1415 4337 1444 4364 «
1464 4316 1590 4369 Non
1604 4318 1713 4380 est,
1749 4334 1777 4362 »
1809 4313 2126 4369 subdimus

2239 4319 2487 4373 τοιαύτην
2541 4315 2880 4378 ἐξολισοησαι
2935 4321 3137 4372 κακίαν.
3201 4321 3302 4370 Καὶ
3353 4317 3503 4390 ἡμεῖς
3563 4318 3624 4370 ού
3691 4323 3852 4390 μόνον

469 4413 604 4466 nos,
640 4422 661 4450 ι
695 4417 818 4457 non
843 4407 930 4457 est
957 4402 1071 4457 hoc
1097 4403 1324 4458 veritati
1349 4416 1706 4468 consonum,
1728 4402 2125 4473 imperator.»

2239 4410 2334 4463 τὴν
2381 4413 2479 4458 τῶν
2529 4405 2837 4478 Βουλγάρων
2895 4405 3100 4478 ἀγάπην
3167 4406 3262 4459 οὐκ
3307 4409 3518 4481 ἔχομεν*
3568 4406 3698 4461 ἀλλὰ
3755 4415 3854 4463 καὶ

470 4491 537 4544 Et
555 4488 886 4561 imperator
916 4491 994 4545 ad
1026 4507 1122 4546 me
1152 4491 1533 4562 potissimum
1561 4506 1886 4546 conversus
1911 4508 1924 4546 :
1959 4515 1986 4543 «
2043 4496 2128 4550 Tu

468 4591 612 4631 vero
643 4577 790 4648 quid
812 4577 889 4632 ad
921 4577 1050 4632 haec
1081 4579 1214 4634 ais?
1245 4601 1272 4628 »
1295 4581 1442 4634 Tum
1475 4577 1626 4650 ipse:
1653 4601 1678 4629 «
1715 4581 1838 4635 Non
1857 4579 2024 4637 aliter
2053 4581 2128 4639 de

469 4665 564 4722 his
581 4666 788 4738 judico
813 4684 825 4722 :
851 4666 1106 4724 aliorum
1130 4669 1406 4741 approbo
1425 4670 1802 4738 sententiam,
1824 4672 2128 4729 fraudem-

470 4772 590 4830 que
620 4773 749 4814 esse
773 4773 961 4829 quam
995 4761 1324 4816 maximam
1353 4761 1554 4832 potius
1583 4777 1771 4834 quam
1796 4764 2124 4836 veritatem,

471 4846 637 4920 quod
663 4847 1096 4914 circumfertur,
1115 4850 1414 4907 existimo.
1442 4853 1655 4907 Verum
1682 4852 1932 4925 si,quod
1947 4855 2129 4910 etiam

470 4936 800 5012 aliquando
822 4938 883 4995 in
917 4940 1222 4996 nonnullis
1252 4940 1519 4997 accidere
1547 4941 1715 5007 solet,
1752 4944 1901 4998 Urus
1929 4959 2128 5000 sacra-

469 5033 743 5086 mentum
774 5028 1039 5099 violavit,
1081 5029 1276 5097 nobis,
1304 5035 1367 5086 ut
1403 5031 1535 5103 ipse
1579 5030 1960 5104 opinabatur,
2023 5033 2128 5089 im-

469 5132 724 5190 ponens,
760 5125 1025 5176 attamen
1048 5122 1277 5175 Numen
1303 5119 1434 5191 ipse
1459 5120 1569 5176 sibi
1595 5120 1834 5188 iratum,
1858 5137 1969 5178 nos
1985 5139 2128 5180 vero

471 5204 533 5263 id
552 5221 658 5278 pro
678 5207 852 5264 nobis
879 5207 1025 5280 ipsis
1046 5209 1291 5264 veritate
1299 5208 1318 5279 j
1333 5209 1648 5282 ustitiaque
1669 5209 1801 5282 ipsa
1814 5210 2129 5269 decertans

2237 2892 2438 2948 πάτηκε
2466 2910 2478 2922 ·
2521 2891 2683 2962 χάριν
2713 2891 2816 2962 γὰρ
2872 2886 3093 2963 κέρδους
3140 2887 3348 2940 ἐνταυθὶ
3415 2886 3695 2962 ἀφιγμένος
3748 2893 3848 2948 τὴν

2237 2984 2501 3053 μεσιτείαν
2523 2987 2614 3039 τῆς
2659 2978 2865 3051 εἰρήνης
2921 2976 3177 3049 ἐψεύσατο
3224 2981 3314 3030 καὶ
3367 2975 3607 3052 ἐπίορκον
3645 2978 3844 3050 ὤμοσε.

2239 3070 2434 3126 Φενάκη
2465 3075 2590 3139 γοῦν
2620 3069 2832 3142 ὑπῆρχε
2869 3070 2935 3119 τὰ
2985 3069 3156 3120 πάντα
3201 3065 3369 3119 ἐκεῖνα
3425 3068 3517 3119 ὃνα
3562 3072 3842 3137 πεποίηκε,

2237 3163 2327 3210 καὶ
2373 3156 2655 3228 ἀπολογίαν
2708 3157 2994 3230 εύὰφορμον
3048 3159 3180 3229 ἔχει,
3230 3159 3300 3219 ὡς
3352 3161 3503 3230 φασί,
3558 3161 3686 3229 πρὸς
3739 3162 3842 3215 τήν

2237 3255 2336 3299 τῶν
2367 3248 2530 3320 ὅρκων
2563 3243 2598 3298 δ
2604 3246 2828 3304 ιάλυσιν,
2871 3247 2952 3298 ὅτι
3006 3265 3098 3321 περ
3158 3247 3184 3298 6
3238 3254 3338 3299 τῶν
3397 3245 3685 3319 Βουλγάρων
3735 3245 3832 3316 αἶρ-

2237 3353 2350 3406 χων
2379 3337 2404 3386 6
2436 3338 2626 3387 τούτου
2649 3333 2881 3408 γαμϐρός
2906 3340 3000 3394 τὴν
3048 3337 3132 3388 ἐπὶ
3197 3339 3514 3408 συμφωνίαις
3565 3335 3841 3396 τοιαύταις

2239 3423 2448 3497 εἰρήνην
2480 3423 2537 3476 ού
2577 3420 2954 3497 καταδεχεται.
2978 3429 3042 3476 Τί
3071 3424 3159 3476 οὖν
3189 3426 3310 3497 ὑμῖν
3343 3422 3491 3477 δοκεῖ
3528 3441 3542 3492 ;
3590 3420 3672 3497 ἆρ’
3716 3420 3844 3481 ἀληο
3894 3421 3898 3424 ’

2241 3515 2324 3574 θες
2374 3513 2688 3580 ἐστιτοῡτο,
2717 3515 2746 3573 ἡ
2804 3513 2952 3589 ῥῆμα
3005 3512 3362 3586 πεπλασμένον
3413 3517 3544 3588 πρός
3591 3509 3850 3584 ψευδολό-

2237 3619 2370 3674 γου;
2402 3624 2430 3653 ››
2456 3608 2556 3656 Καὶ
2589 3605 2761 3676 ἡμεῖς,
2796 3624 2823 3652 ‹‹
2851 3600 2986 3656 Οὐδ’
3015 3602 3162 3672 ὅλως,
3195 3599 3343 3655 δοκεῖ
3395 3623 3505 3664 πως
3554 3623 3583 3652 ››
3631 3601 3848 3675 ἔφαμεν,

2239 3717 2266 3744 «
2299 3691 2539 3753 ἀληθείας
2576 3695 2664 3744 τόν
2701 3691 2852 3764 λόγον
2911 3694 3150 3764 ἔχεσθαι.
3217 3694 3361 3745 Θάνυ
3413 3694 3515 3768 γὰρ
3585 3694 3849 3764 τυγχάνει

2238 3778 2389 3843 οὗτος
2413 3778 2725 3852 ψευδὴςκαὶ
2761 3781 3023 3850 ἀϐέϐαιος,
3082 3784 3163 3833 ὅτι
3220 3786 3314 3857 πέρ
3366 3783 3392 3833 6
3432 3781 3621 3843 Ῥὠσος
3678 3783 3850 3854 Οὖρος

2237 3870 2296 3922 ού
2331 3875 2483 3944 μόνον
2515 3873 2640 3944 ὑπερ
2693 3870 2899 3940 ἑαυτοῦ,
2949 3869 3080 3922 ἀλλὰ
3133 3875 3222 3923 καὶ
3277 3872 3404 3944 ὑπερ
3458 3871 3552 3923 τοῦ
3599 3871 3850 3947 γαμϐροῦ

2237 3961 2508 4012 αὐτοῦτοῦ
2537 3969 2636 4012 τῶν
2667 3959 2972 4033 Βουλγάρων
3018 3961 3278 4033 ἄρχοντος
3329 3960 3662 4032 ἐπωμόσατο,
3725 3968 3850 4024 Πῶς

2236 4045 2325 4102 οὖν
2364 4049 2478 4102 ἐστι
2529 4053 2751 4121 πεφυκὸς
2826 4048 3095 4124 ἄνθρωπον
3146 4053 3270 4102 ὄντα
3325 4054 3646 4124 Χριστιανὸν
3697 4049 3845 4104 ἐπιο-

2236 4143 2326 4211 κίᾳ
2346 4141 2563 4212 τοιαύτη
2595 4145 2930 4214 περιπεσεῖν;
2969 4161 2989 4187 ι
3028 4143 3128 4192 Καὶ
3157 4141 3182 4191 6
3231 4137 3500 4212 βασιλέύς,
3567 4162 3589 4190 ι
3647 4139 3708 4194 Ἠ
3743 4150 3848 4194 τῶν

2239 4503 2471 4548 τοσαῦτα
2547 4494 2631 4548 ἐπὶ
2700 4504 2846 4556 κενῆς
2918 4495 3355 4569 κατηναλώκαμεν
3427 4501 3710 4570 χρήματα·
3821 4521 3852 4548 ››

2240 4607 2269 4634 ‹‹
2303 4585 2584 4658 Ούμενοῦν,
2623 4606 2650 4635 ››
2696 4587 2845 4656 ἡμεῖς
2897 4587 3065 4658 ἔφηεν,
3095 4607 3123 4634 ‹‹
3181 4584 3362 4646 ἀληθὲς
3389 4591 3536 4639 τουτί
3565 4589 3839 4648 καθεστη-

2237 4695 2312 4740 κε,
2349 4673 2589 4748 βασιλεῦ’.
2628 4696 2656 4722 ››
2707 4679 2806 4727 Καὶ
2851 4677 2875 4728 6
2931 4673 3176 4748 βασιλεὺς
3236 4672 3350 4748 ἰδίᾳ
3406 4681 3494 4728 καὶ
3549 4681 3683 4750 πρὸς
3735 4679 3847 4752 ἐμὲ,

2240 4788 2268 4817 ιι
2293 4769 2358 4818 Σὺ
2382 4761 2440 4817 δε
2466 4768 2518 4816 τί
2546 4765 2758 4837 φάσκεις
2778 4767 2907 4840 πρὸς
2936 4772 3105 4816 ταῦτα
3135 4781 3150 4832 ;
3177 4787 3205 4815 ››
3257 4769 3358 4818 Καὶ
3423 4764 3597 4829 αὐτὸς,
3651 4788 3682 4816 ‹‹
3739 4770 3845 4819 02':-

2236 4860 2370 4908 τωσί
2418 4874 2529 4916 πως
2585 4856 2787 4915 τούτοις
2835 4854 2900 4915 ὠς
2942 4859 3030 4906 καὶ
3087 4853 3137 4906 οἰ
3188 4853 3334 4906 ἄλλοι
3385 4851 3682 4928 διάκειμαι,
3754 4862 3851 4911 καὶ

2237 4945 2320 4998 ἐπὶ
2376 4943 2504 4998 πολὺ
2557 4942 2748 5016 μᾶλλον
2803 4940 3095 5014 ψεύδεσθαι
3150 4946 3209 4995 τὸ
3265 4943 3556 5016 λελεγμένον
3613 4947 3643 5003 ἤ
3713 4945 3851 5006 αλη-

2239 5037 2400 5088 θεὺειν
2420 5036 2620 5106 οἴομαι.
2652 5033 2712 5086 Εἰ
2744 5029 2824 5094 δὲ,
2855 5034 2940 5085 οἷα
2967 5031 3240 5105 συμϐαίνει
3266 5037 3388 5086 ποτε
3431 5039 3521 5086 καὶ
3568 5033 3616 5086 έν
3664 5032 3852 5102 ἐνίοις,

2237 5125 2373 5176 καὶὸ
2441 5119 2609 5198 Οὖρος
2657 5123 2839 5174 οὐτοσὶ
2896 5124 3019 5182 τούς
3062 5123 3247 5194 ὅρκους
3297 5123 3603 5181 ἡθετηκέναι
3657 5122 3854 5194 βεϐού-

2236 5212 2432 5284 λευται,
2496 5211 2585 5286 [Ρ.
2621 5210 2714 5284 71]
2763 5207 2919 5274 δόξας
2967 5211 3104 5284 ἡμᾶς
3161 5210 3555 5282 ἐξηπατηκέναι,
3607 5211 3717 5265 ἀλλ’
3745 5214 3858 5279 έξει

1356 5350 1697 5418 Theodori
1747 5353 1998 5422 Dousa;
2047 5365 2113 5422 et
2159 5355 2411 5423 Leonis
2462 5354 2699 5422 Allatii
2747 5362 2947 5422 notae.

536 5473 650 5545 (33)
714 5473 868 5527 Πόλιν
932 5479 1252 5547 κινουμένην.
1346 5477 1417 5532 Ει
1507 5482 1644 5533 ante
1735 5479 2110 5536 Theodorum

468 5549 640 5627 anna
670 5548 995 5627 Qomnena,
1028 5547 1306 5627 Alexiud.
1338 5547 1441 5627 lib_.
1471 5565 1568 5627 _xni
1599 5567 1612 5604 :
1645 5555 1744 5603 Καὶ
1791 5547 1850 5627 ἦν
1901 5552 2111 5627 φοϐερόν

471 5616 852 5694 θέαμα-ἐκεῖνο
903 5621 962 5669 τὸ
1020 5621 1294 5691 σύνταγμα
1344 5622 1574 5694 καθάπερ
1643 5641 1693 5673 τι
1761 5616 1949 5694 πόλεως
2014 5616 2114 5678 τεῖ-

467 5686 571 5762 χος
602 5686 842 5752 ἀλλήλοις
896 5686 1330 5763 συνηρμοσμένοι.
1381 5691 1487 5748 Lib
1547 5686 1662 5749 'XV:
1723 5699 1824 5748 Καὶ
1875 5693 2009 5759 εἶπες
2055 5695 2114 5748 ἂν

2225 5478 2351 5575 ἰδλὼν
2411 5480 2558 5533 πόλιν
2632 5482 2750 5532 τινὰ
2824 5481 3065 5554 ἔμψυχον
3140 5488 3547 5557 πεπυργωμένην
3623 5487 3844 5575 πορεύε-

2235 5573 2259 5575 _
2305 5573 2346 5575 -,_
2385 5554 2518 5575 .--μ-3.
2557 5556 2628 5575 -.ἓν
2697 5552 2872 5575 -?_-_,,_’
2904 5573 2928 5575 η
3031 5553 3124 5575 2,-)
3485 5561 3496 5572 ο

2227 5555 2351 5628 σθαι
2384 5554 2521 5604 κατὰ
2554 5556 2648 5611 τὴν
2692 5552 3217 5626 εἰρημένηνήέκείνην
3279 5552 3589 5628 κινουμένην
3651 5552 3846 5610 σύντα-

2227 5624 2323 5687 ξιν.
2344 5628 2480 5680 ALL.
