4124 6392
293 325 434 382 1149

1862 313 2210 374 ANNALES-

3521 330 3657 385 Ηῦο

289 452 380 525 μὶν
437 447 589 510 οὗτος
609 449 669 501 τό
704 449 858 502 Θετον
913 447 1031 500 καθ’
1094 445 1276 499 ἑαυτοῦ
1304 441 1566 515 πολέμιον,
1625 435 1776 513 ἡμεῖς
1829 434 1887 493 δέ

2006 438 2390 497 habebimus.
2418 443 2596 498 »Haec
2633 442 2962 516 imperator
2989 444 3170 504 effata
3207 447 3580 523 approbavit,
3601 456 3659 510 et

289 541 416 613 ὑπέρ
446 542 643 592 ἑαυτῶν
685 547 783 600 τῆς
821 537 1065 598 άληθεὶας
1098 539 1190 588 καὶ
1251 541 1345 586 τοῦ
1405 529 1616 585 δικαίου
1661 531 1892 604 ὑπερμαο

287 633 534 703 χόμενον.
571 650 600 680 »
629 628 788 681 Ταῦτ’
825 630 1052 699 εἴπομεν,
1083 630 1173 678 καὶ
1199 625 1226 676 6
1267 620 1518 696 βασιλεὺς
1575 625 1683 681 τοῖς
1729 617 1894 688 λελεγ-

289 723 458 792 μένοις
532 725 800 791 συνῇνεσι.
875 721 976 769 Καὶ
1037 712 1374 789 ὑποστρέφειν
1434 713 1566 786 πρὸς
1619 711 1714 771 τὰς
1767 726 1896 764 σκη-

288 812 380 872 νάς
442 807 838 881 έφωρμὴκαμεν.
901 804 996 868 νὺξ
1057 807 1159 877 γὰρ
1225 799 1356 862 ἤδη.
1401 800 1536 855 Ἀλλ’
1603 801 1634 857 ἠ
1707 796 1891 855 σελήνη

288 897 609 958 πανσέληνος
652 896 786 949 οὖσα
842 903 943 968 φῶς
999 898 1123 966 ἡμῖν
1183 895 1434 967 παρεῖχεν
1501 893 1644 962 ὸρᾷν·
1711 891 1812 940 Καὶ
1867 887 1893 938 6

293 985 541 1061 βασιλεύς
569 981 924 1057 διερχομενος,
955 1003 982 1032 ››
1019 986 1083 1035 Τί
1120 981 1242 1054 ύμῖν
1280 980 1422 1052 ροκεῖ
1468 983 1585 1050 περὶ
1629 979 1728 1029 τῶν
1755 974 1891 1028 λελε-

290 1079 490 1148 γμένων
521 1090 536 1141 ;
564 1093 592 1124 »
631 1073 780 1134 αὖθις
818 1077 1015 1147 ἠρώτα.
1053 1075 1153 1124 Καὶ
1209 1075 1355 1142 ἡμεῖς
1393 1089 1421 1118 ››
1477 1070 1653 1140 φευρές
1713 1072 1890 1134 τοῦτο,

291 1163 333 1238 ᾧ
358 1163 603 1238 βασιλεῦ.
628 1185 656 1214 ››
691 1171 856 1218 Τοῦτο
879 1159 940 1216 di
969 1162 1074 1234 οὐχ
1103 1159 1264 1228 ἅπαξ,
1306 1155 1430 1212 ούδὶ
1463 1155 1548 1221 δίς
1575 1159 1604 1216 ἦ
1634 1177 1724 1210 και
1754 1161 1890 1228 τρίς,

290 1254 418 1307 ἀλλά
481 1258 572 1306 καὶ
625 1253 870 1314 πολλάκις
969 1253 1253 1323 πυθόμενος
1323 1246 1404 1308 ἧν.
1476 1253 1578 1302 Καί
1615 1246 1760 1320 ἡμεῖς
1799 1248 1892 1308 τὰς

287 1341 596 1414 άποκρῖσεις
634 1341 690 1406 ἐξ
763 1349 884 1396 ῖσου
948 1344 1074 1415 πρὸς
1137 1343 1230 1402 τὰς
1285 1342 1496 1400 πεύσεις
1554 1340 1894 1396 πεποιηκότες

286 1434 610 1505 ὶσιωπῶμεν.
651 1431 715 1483 ’0
775 1427 833 1484 δὲ
887 1434 976 1484 καὶ
1026 1429 1180 1482 πάλιν
1236 1433 1436 1503 ἠρώτα·
1488 1427 1628 1480 Ἐπεὶ
1679 1422 1738 1478 δε
1774 1428 1892 1485 τοὺς

288 1520 475 1583 ἄλλους
514 1528 768 1592 σιγῶντας
801 1522 954 1593 έώρα,
994 1521 1124 1593 πρὸς
1163 1538 1227 1589 με
1263 1521 1351 1570 τὸν
1415 1515 1564 1588 λόγον
1631 1516 1890 1587 άποστρέ-

291 1631 390 1684 φας
413 1614 671 1684 ἠρώτηκε,
713 1631 742 1658 ››
779 1612 846 1661 Σὺ
875 1604 934 1661 δε
967 1613 1018 1661 τί
1058 1612 1158 1681 φής
1191 1611 1322 1680 πρὸς
1355 1614 1521 1658 ταῦτα
1561 1622 1575 1660 :
1614 1626 1635 1654 »
1677 1608 1766 1662 τὴν
1795 1611 1890 1656 τοῦ

291 1703 534 1774 οφφικίου
572 1697 758 1758 κλῆσιν
795 1699 1060 1772 προσθείς·
1137 1718 1165 1747 ››
1227 1698 1287 1749 Ἠ
1353 1698 1571 1753 τοιαύτη
1639 1695 1890 1756 ὑπόθεσις

2006 528 2262 600 quisque
2290 534 2560 585 nostrum
2591 531 2669 586 ad
2703 534 2956 590 tentoria
3002 537 3280 608 progredi
3346 545 3608 613 coeperat
3639 561 3652 600 :

2003 632 2269 689 namque
2291 634 2410 674 nox
2432 619 2637 675 omnia
2674 627 3092 693 occupaverat,
3133 624 3266 682 licet
3292 626 3439 683 luna
3477 629 3658 700 plena

2003 704 2227 763 lumine
2253 707 2642 765 collustraret.
2696 710 3023 784 Imperator
3085 713 3223 770 dein
3285 718 3652 789 praeteriens,

1999 813 2242 853 rursum
2274 813 2386 854 nos
2409 799 2782 866 sollicitare,»
2819 802 2966 873 quid
3020 803 3196 859 nobis
3224 806 3299 863 de
3355 809 3656 879 praedictis

2000 886 2321 943 videretur.
2361 910 2382 936 ι
2409 891 2474 943 Et
2498 904 2687 955 nos;»
2719 889 3088 948 Mendacium
3122 893 3236 950 hoc
3265 901 3374 962 est,
3399 897 3655 970 impera-

2000 979 2112 1032 tor.
2147 998 2174 1025 »
2204 978 2270 1032 Et
2293 975 2408 1033 hoc
2435 993 2558 1033 non
2581 977 2677 1033 bis
2715 986 2819 1035 aut
2845 985 2953 1047 ter,
2983 981 3087 1037 sed
3128 984 3457 1055 saepissime
3481 986 3658 1042 inter-

2001 1063 2276 1135 rogabat.
2319 1069 2383 1122 Et
2417 1082 2532 1122 nos
2572 1083 2754 1139 porro
2793 1070 3286 1143 responsionibus
3324 1073 3654 1146 interroga-

2001 1154 2264 1212 tionibus
2317 1171 2388 1212 ex
2436 1172 2612 1228 aequo
2663 1158 3091 1216 satisfacientes
3141 1161 3512 1219 tacebamus.
3555 1164 3656 1222 Ille

1999 1260 2238 1300 rursum
2271 1244 2631 1317 compellare
2696 1247 2869 1318 138
2902 1248 3014 1304 Sed
3079 1255 3328 1308 ea'teros
3383 1252 3656 1310 obmute-

2003 1339 2232 1390 scentes
2263 1334 2512 1392 intuitus
2532 1335 2612 1390 ad
2639 1352 2732 1391 me
2759 1342 3110 1394 convertens
3130 1341 3464 1398 orationem
3485 1343 3652 1400 inﬁt:

2000 1445 2030 1474 ››
2049 1427 2132 1480 Tu
2149 1439 2328 1496 porro
2354 1425 2501 1497 quid
2534 1426 2614 1482 ad
2635 1426 2764 1482 haec
2786 1426 2933 1482 dicis
2949 1427 2977 1484 ‘?
2994 1431 3098 1484 «et
3121 1429 3352 1486 nomini
3386 1429 3655 1489 omcium

2000 1513 2259 1570 addidit.
2295 1535 2324 1564 »
2348 1517 2466 1570 Hoc
2496 1517 2802 1586 negotium
2828 1527 2906 1573 ad
2920 1523 2972 1573 te
2996 1523 3242 1590 spectat,
3275 1524 3447 1576 ettua
3475 1523 3656 1593 potis-

2001 1602 2219 1658 simum
2249 1604 2512 1659 interest.
2531 1627 2558 1654 »
2591 1608 2722 1660 Haec
2735 1612 2935 1662 autem
2961 1607 3259 1664 irascendi
3273 1609 3383 1664 sibi
3405 1625 3654 1668 causam

2000 1708 2332 1764 procurans
2347 1693 2603 1750 dicebat.
2621 1697 2769 1750 Tum
2795 1711 2936 1765 ego:
2957 1717 2984 1746 »
3007 1698 3280 1762 Quanam
3303 1715 3490 1754 causa
3515 1716 3655 1757 mea

293 1793 376 1843 σοὶ
405 1793 667 1863 ἁρμόττει,
707 1793 796 1841 καὶ
834 1791 902 1850 ὡς
935 1791 1000 1846 σὴ
1043 1789 1333 1844 καθέστηκε
1370 1787 1625 1858 μάγιστα.
1663 1805 1696 1840 ››,
1722 1786 1886 1838 Ταυτὶ

2001 1782 2241 1838 interest
2267 1783 2364 1839 ?Si
2391 1782 2639 1840 ﬁdeliter
2656 1786 2980 1857 scripturas
3010 1802 3132 1842 non
3157 1793 3471 1845 exsecutus
3492 1805 3650 1846 sum.

290 1875 352 1932 δε
407 1878 541 1950 ἔλεγε
590 1882 852 1952 πρόφασιν
919 1876 1076 1952 ὀργῆς
1135 1876 1306 1937 ζητῶν
1374 1874 1619 1948 ἕφευρεῖν.
1697 1872 1794 1926 Ἦν
1835 1869 1885 1924 δ’

287 1967 410 2040 έγὼ,
447 1988 475 2018 »
505 1972 650 2028 Τίνος
670 1969 833 2041 χάριν
871 1968 1012 2020 ἱστίν
1051 1964 1146 2038 έμῆ
1193 1981 1207 2031 ;
1241 1965 1285 2018 εἰ
1321 1966 1423 2038 γάρ
1481 1967 1552 2036 μὴ
1595 1962 1760 2024 καλῶς
1788 1981 1886 2016 πε-

287 2063 486 2116 ποίηκα
521 2058 611 2118 τὰς
647 2059 851 2132 γραφὰς
899 2060 988 2108 καὶ
1035 2059 1153 2116 τούς
1191 2055 1373 2128 ὅρκους
1435 2053 1692 2119 τετέλεκα,
1749 2047 1888 2124 μηδὲ

287 2151 657 2224 προσηκόντως
695 2146 850 2198 αὐτόν
901 2164 957 2199 τε
994 2150 1085 2199 καὶ
1123 2149 1246 2208 τούς
1301 2143 1424 2218 άμφ’
1487 2143 1641 2196 αύτόν
1699 2144 1888 2214 ῳκονό-

289 2242 456 2310 μηκᾶ,
500 2235 709 2308 σφάλμα
743 2241 895 2288 τοῦτο
953 2233 1072 2308 ἐμὸν
1128 2240 1218 2288 καὶ
1269 2240 1512 2307 πταῖσμα
1574 2235 1792 2306 μακρόν.
1829 2236 1890 2284 Ei

289 2323 351 2380 δὲ
411 2330 705 2399 πρεπόντως
771 2333 936 2378 ταῦτα
996 2328 1271 2397 γεγένηται
1333 2329 1424 2377 καὶ
1477 2326 1547 2386 ὡς
1573 2322 1666 2375 οὐκ
1725 2320 1890 2384 ἄλλως

289 2415 476 2490 ἐχρῆν,
507 2420 560 2468 τί
587 2419 715 2490 πρὸς
744 2414 834 2487 ἐμὲ
871 2418 936 2467 τὰ
964 2415 1089 2490 παρ’
1153 2415 1344 2468 ἐκείνου
1405 2417 1536 2486 πρὸς
1593 2411 1888 2484 ἀνατροπὴν

287 2513 387 2557 τῶν
424 2507 770 2576 γεγενημενων
815 2501 1092 2575 τελούμενα
1131 2521 1144 2569 ;
1182 2523 1210 2552 ››
1275 2507 1375 2556 Καὶ
1433 2503 1458 2553 6
1522 2499 1766 2574 βασιλεὺς
1795 2501 1889 2552 ούκ

286 2591 396 2647 οἶδ’
425 2593 562 2656 ὃπως
623 2594 734 2664 (τὴν
794 2595 896 2666 γὰρ
977 2592 1148 2644 αἰτίαν
1215 2594 1460 2666 εἰρήκειν)
1519 2590 1672 2643 πάλιν
1731 2589 1884 2662 λέγει,

290 2707 321 2737 ››
350 2689 415 2738 Τί
445 2689 544 2757 φὴς
570 2688 689 2760 περὶ
709 2691 810 2735 τῶν
837 2685 1082 2736 τοιούτων
1112 2699 1124 2749 ;
1173 2705 1195 2733 ε
1233 2687 1334 2736 Καὶ
1381 2681 1537 2745 αὐτὸς
1578 2724 1596 2751 ,
1629 2704 1658 2732 ››
1692 2681 1887 2734 Ηολλά-

286 2795 369 2838 κις
397 2775 637 2849 εἰρήκειν,
669 2772 964 2843 ὦϐασιλεύ,
1027 2777 1095 2834 ὡς
1115 2772 1200 2825 έπί
1259 2771 1409 2825 πλέον
1473 2776 1565 2844 μόι
1618 2767 1764 2825 δοκεῖ
1827 2774 1886 2824 τὸ

286 2865 552 2939 εἰρημένον
579 2859 789 2935 ψευδὲς,
839 2861 919 2915 ἐπ’
963 2861 1173 2915 ἔλαττον
1224 2857 1282 2914 δὶ
1335 2861 1536 2922 άληθές.
1581 2864 1651 2913 Τό
1701 2857 1760 2914 δε
1803 2859 1886 2914 ἐπὶ

283 2961 397 3014 τοῖς
427 2949 640 3013 ἀδήλοις
670 2950 896 3027 ἀκριϐῶς
928 2950 1308 3024 ἀποφαίνεσθαι
1373 2953 1434 3003 οὔ
1471 2970 1561 3021 μοι
1588 2947 1734 3003 δοκεῖ
1761 2952 1886 3026 ρᾷον

282 3038 443 3098 εἶναι.
479 3063 500 3091 ε
535 3047 604 3094 Ἦ
634 3037 688 3093 δ’
725 3037 932 3106 ἐκεῖνος,
969 3063 997 3091 ››
1038 3042 1119 3094 Ἐν
1158 3039 1266 3101 τοῖς
1307 3037 1528 3102 άδῆλοις
1567 3044 1678 3092 ἐστὶ
1723 3043 1886 3113 χάρις

283 3127 516 3204 βεδαίως
577 3135 665 3184 καὶ
724 3129 928 3193 ἀληθῶς
989 3128 1370 3202 ἀποφαίνεσθαι
1403 3145 1415 3157 ⁶

287 3217 468 3282 δήλοις
495 3224 585 3272 καὶ
613 3222 663 3273 οἱ
691 3216 929 3292 ἀείδαροι
957 3218 1219 3290 λέγουσιν.
1257 3240 1286 3268 ›)
1315 3217 1411 3272 Ἦν
1448 3215 1497 3272 δ’
1524 3222 1647 3291 ἐγὼ,
1685 3241 1713 3270 n
1747 3217 1887 3274 Ἰδοὺ

285 3312 419 3384 μετὰ
443 3319 542 3364 τῶν
583 3307 841 3384 ἀειδάρων
879 3314 970 3362 καὶ
1029 3312 1181 3382 ἡμεῖς
1247 3312 1655 3383 συντετάγμεθα·
1719 3335 1744 3364 ε
1793 3317 1892 3365 Καὶ

286 3403 314 3454 6
341 3400 581 3461 ϐάσιλεύς
617 3400 783 3474 χόλου
813 3399 1067 3461 πλησθεὶς
1105 3402 1126 3435 ²
1161 3420 1189 3449 ››
1231 3404 1296 3452 Σὺ
1317 3401 1532 3454 πάντονε
1559 3401 1702 3459 ἦσθα
1736 3423 1758 3452 ε
1796 3405 1889 3474 ἔφη

293 3511 322 3540 »
342 3493 515 3564 μωρὸς
575 3495 667 3543 καὶ
729 3489 919 3565 ἀρτίως
972 3488 1128 3542 πάλιν
1193 3492 1388 3562 μωρὸς.
1467 3512 1496 3539 ››
1563 3490 1682 3544 ’Καὶ
1742 3491 1892 3554 αὐτὸς

289 3576 443 3633 οὐδέν
468 3599 522 3630 τι
557 3577 708 3632 πλέον
859 3581 979 3639 τοὺς
1017 3577 1203 3650 λόγους
1243 3575 1644 3654 ἀνταπεκρίθην,
1686 3579 1792 3632 ἀλλ’
1833 3583 1888 3648 ἦ,

293 3691 317 3720 ε
353 3669 486 3740 Ἐγώ
515 3673 605 3740 μέν
646 3667 752 3740 εἰμι
777 3669 982 3742 μωρὸς,
1015 3672 1105 3719 καὶ
1144 3668 1227 3720 ἵνα
1267 3676 1467 3738 σιωπῶ,
1537 3672 1587 3720 οί
1645 3664 1706 3721 δὲ
1767 3688 1892 3742 φρο-

284 3763 490 3819 νοὴντες
518 3757 856 3812 λαλείτωσαν.
897 3779 926 3808 n
965 3756 1121 3810 Ταῦτ’
1162 3753 1323 3826 εἷπον,
1363 3761 1452 3810 καὶ
1491 3756 1654 3829 ὀργῆς
1683 3759 1708 3809 6
1739 3757 1890 3811 ϐασι-

283 3848 399 3909 λεὺς
466 3847 683 3902 ἀπλέτου
751 3847 1015 3923 πλησθεὶς
1094 3848 1312 3902 ἑλκύσαι
1371 3851 1461 3921 μὲν
1536 3850 1751 3923 ὥρμησε
1797 3854 1890 3908 τὴν

295 3939 500 3996 σπάθην
580 3945 670 3992 τοῦ
743 3922 1000 4005 κουλεοῦ,
1095 3947 1191 4001 τῆς
1265 3943 1441 3999 κώπης
1505 3922 1888 4011 ἐπιλαϐόμενος.

288 4027 448 4083 Ἀλλὰ
484 4027 631 4082 τοῦτο
661 4030 752 4102 μὶν
791 4032 1044 4102 κατέσχε·
1093 4033 1278 4102 μικρόν
1341 4030 1443 4102 γὰρ
1509 4032 1701 4087 ταύτην
1765 4028 1891 4082 ἀπο-

278 4123 560 4191 γυμνώσας
613 4118 766 4171 πάλιν
802 4118 976 4181 εἰσῇξε
1014 4135 1027 4148 °
1069 4117 1142 4191 τῷ
1205 4117 1414 4190 μεγάλῳ
1464 4113 1523 4171 δὲ
1591 4115 1890 4191 δομεστίκῳ

275 4211 442 4261 αὐτου
473 4215 545 4278 τῷ
567 4207 876 4268 Μουζάλωνι
943 4203 1260 4282 Ἀνδρονίκῳ
1325 4206 1633 4260 καταϐαλεῖν
1694 4227 1758 4280 με
1795 4208 1886 4261 τοῦ

275 4300 444 4351 ἵππου
466 4297 801 4371 προσέταξεν.
847 4303 949 4352 Καὶ
991 4299 1047 4360 ὃς
1078 4297 1246 4372 ἠρέμα
1273 4317 1380 4358 πως
1407 4301 1569 4369 ἣφη.‹
1626 4295 1890 4356 Ἐκστηθι

275 4395 378 4448 τῆς
415 4382 744 4460 έφεστρὶδος.
788 4407 816 4437 ››
865 4391 966 4440 Καὶ
1032 4386 1186 4449 αὐτὸς
1248 4385 1444 4446 άπέϐην
1503 4394 1597 4448 τῆς
1644 4388 1882 4461 ἡμιόνου.

2001 1887 2110 1928 nec
2127 1873 2552 1944 jusjurandum
2580 1874 2860 1945 persolvi,
2885 1890 3082 1948 neque
3103 1880 3187 1932 uti
3216 1892 3328 1949 par
3353 1882 3476 1934 erat
3501 1878 3654 1936 illud

1999 1966 2054 2018 et
2091 1978 2228 2034 quae
2279 1962 2440 2018 circa
2493 1962 2640 2018 illud
2703 1966 3048 2036 pertractari
3111 1964 3305 2022 solent
3359 1966 3651 2040 disposui,

1997 2066 2162 2107 errcr
2185 2051 2282 2108 hic
2312 2053 2557 2123 quidem
2590 2069 2763 2109 meus
2794 2059 2850 2110 et
2887 2054 3239 2126 imprudens
3271 2055 3450 2127 culpa
3478 2055 3656 2114 fuerit

1997 2140 2222 2196 Verum
2249 2141 2297 2196 si
2319 2141 2449 2197 haec
2491 2142 2572 2197 uti
2619 2142 2833 2214 decuit,
2891 2147 2948 2198 et
2998 2145 3251 2210 ratione,
3318 2160 3444 2217 qua
3506 2144 3654 2201 nihil

1997 2229 2234 2296 melius,
2276 2229 2554 2287 absoluta
2593 2236 2747 2302 sunt,
2819 2232 3152 2304 quomodo,
3221 2249 3356 2305 qum
3415 2232 3515 2289 ille
3573 2232 3654 2289 ad

1996 2319 2390 2375 evertendum
2427 2335 2563 2392 quae
2603 2320 2876 2378 confecta
2913 2327 3053 2378 sunt
3105 2321 3451 2393 meditatur,
3515 2338 3653 2378 mea

1997 2415 2276 2482 poterunt
2305 2410 2588 2466 interesse
2613 2410 2641 2465 ‘2
2672 2431 2701 2460 »
2735 2414 2802 2468 Et
2829 2410 3157 2482 imperator
3186 2428 3423 2468 rursum
3449 2412 3652 2469 nescio

1995 2500 2307 2573 quomodo
2321 2502 2611 2573 (namque
2625 2517 2874 2557 causam
2887 2502 3166 2572 exposui)
3177 2501 3381 2558 denuo
3395 2502 3649 2575 profert:

1997 2591 2189 2656 rQuid
2219 2590 2345 2663 ipse
2376 2591 2451 2646 de
2471 2591 2564 2645 his
2589 2591 2773 2647 sentis
2799 2593 2827 2647 ?
2860 2593 3051 2647 »'!‘um
3082 2607 3194 2662 ego
3229 2609 3241 2647 :
3282 2613 3310 2642 ‹‹
3340 2596 3412 2648 At
3431 2593 3652 2665 saepius

1997 2679 2210 2736 effatus
2239 2696 2373 2735 sum
2408 2679 2544 2752 plus
2583 2680 2643 2736 in
2684 2697 2746 2736 se
2785 2680 3086 2736 mendacii
3145 2697 3333 2753 quam
3391 2681 3654 2738 veritatis

1995 2769 2158 2843 quod
2190 2769 2623 2836 circumtertur,
2663 2769 2723 2825 in
2766 2785 2827 2825 se
2862 2771 3164 2826 continere
3206 2787 3220 2837 ;
3261 2776 3318 2826 et
3355 2769 3418 2825 in
3451 2769 3652 2827 dubiis

1995 2859 2284 2932 exquisite
2323 2858 2678 2914 sententiam
2718 2858 2888 2928 ferre,
2955 2875 3079 2914 non
3140 2859 3223 2916 ita
3285 2859 3458 2916 facile
3504 2859 3652 2916 mihi

1994 2948 2250 3005 videtur.
2273 2967 2302 3002 ›
2345 2948 2670 3020 Respondit
2695 2948 2791 3004 ille
2823 2965 2837 3004 :
2882 2948 2998 3005 Sed
3038 2949 3099 3004 in
3137 2948 3339 3005 dubiis
3375 2964 3513 3004 vere
3579 2963 3652 3004 ac

1995 3038 2244 3094 ﬁrmiter
2267 3038 2598 3105 enuntiare,
2628 3037 2690 3093 id
2726 3036 3036 3109 prudentis
3059 3042 3148 3094 est
3177 3038 3288 3094 :de
3317 3037 3650 3094 manifestis

1477 3128 1560 3183 ἰπὶ
1623 3133 1724 3207 γὰρ
1782 3139 1888 3194 τοῖς
1918 3153 1976 3216 (3,
1999 3129 2223 3203 quippe
2253 3134 2310 3184 et
2329 3128 2480 3184 asini
2507 3127 3041 3202 pronuntiaverint.
3066 3149 3095 3178 »
3117 3131 3264 3184 Tum
3282 3143 3396 3197 ego
3421 3145 3434 3182 :
3466 3151 3495 3178 »
3515 3129 3651 3185 Jam

2001 3225 2056 3276 et
2085 3235 2197 3275 nos
2238 3218 2388 3274 inter
2425 3219 2626 3274 asinos
2666 3216 3052 3273 collocamur.
3129 3239 3157 3268 »
3201 3221 3269 3274 Et
3326 3217 3652 3290 imperator

1999 3309 2088 3365 ira
2107 3307 2540 3374 inﬂammatus,
2569 3329 2598 3358 ‹‹
2619 3309 2704 3364 Tu
2723 3322 2981 3378 semper,
3005 3329 3035 3357 «
3068 3306 3171 3376 ait,
3196 3329 3224 3358 »
3267 3307 3431 3363 haud
3467 3322 3652 3363 sanus

1999 3397 2234 3470 ineptis,
2267 3401 2324 3453 et
2355 3413 2516 3452 nunc
2537 3412 2780 3470 quoque
2807 3396 3044 3468 ineptis.
3086 3417 3114 3446 »
3147 3399 3300 3468 Ipse,
3331 3413 3443 3453 nec
3465 3396 3648 3468 aliud,

1998 3489 2082 3545 ita
2108 3504 2202 3544 me
2233 3503 2539 3544 sermones
2565 3485 3085 3559 ament,respondi
3105 3503 3122 3544 :
3145 3492 3256 3543 »At
3279 3487 3653 3559 egoquidem

1999 3577 2243 3650 ineptio,
2286 3576 2543 3647 ideoque
2574 3575 2873 3631 silentium
2912 3579 2999 3631 est
3035 3575 3184 3631 mihi
3222 3581 3238 3632 ξ
3280 3576 3386 3648 qui
3411 3576 3654 3648 sapiunt

2000 3667 2119 3740 ipsi
2181 3665 2528 3738 loquantur.
2572 3665 2914 3721 nDixeram.
2956 3664 3284 3737 Imperator
3319 3665 3654 3723 incredibili

2002 3763 2181 3830 atque
2205 3755 2388 3813 atroci
2414 3755 3018 3827 percitusiracundia,
3045 3755 3202 3810 ensis
3223 3755 3440 3828 capulo
3465 3771 3654 3813 manu

2002 3862 2366 3919 compresso,
2437 3846 2659 3915 vagina
2711 3845 2987 3915 detegere
3022 3849 3227 3903 tentat.
3267 3845 3382 3902 Sed
3421 3852 3652 3903 motum

2000 3939 2366 4008 temperat,et
2375 3951 2545 4008 quem
2565 3934 2872 4007 paululum
2889 3939 3177 3991 retexerat
3191 3951 3409 4005 ensem,
3418 3935 3653 4006 vaginae

2007 4029 2181 4100 139
2207 4025 2419 4083 reddit.
2452 4026 2591 4083 Dein
2649 4040 2875 4096 magno
2926 4026 3256 4082 domestico
3310 4025 3654 4083 Andronico

1999 4117 2285 4174 Muzaloni
2317 4132 2414 4172 me
2443 4115 2517 4171 de
2557 4131 2714 4187 equo
2752 4115 3006 4186 dejicere
3045 4116 3321 4187 imperat.
3369 4114 3467 4170 Ille
3504 4131 3653 4172 voce

2001 4207 2330 4274 submissa,
2365 4228 2392 4256 ‹‹
2419 4205 2659 4270 Secede,
2691 4225 2718 4253 »
2744 4204 2842 4274 ait,
2884 4225 2913 4258 ‹
2938 4220 3106 4275 sago.
3139 4227 3160 4253 ι
3195 4207 3318 4274 Ego
3351 4203 3518 4261 mula
3553 4203 3652 4261 de-

2000 4296 2225 4354 scendi.
2256 4299 2418 4352 Tunc
2446 4293 2710 4367 optimus
2739 4309 2883 4364 erga
2912 4309 3022 4350 nos
3043 4293 3392 4366 imperator,
3424 4309 3537 4350 nos
3549 4293 3653 4367 qui

1999 4386 2191 4442 multa
2229 4401 2265 4442 a
2304 4390 2473 4458 patre
2512 4399 2623 4440 suo
2689 4383 2780 4439 sui
2843 4383 3034 4453 gratia
3105 4399 3323 4456 aspera
3386 4384 3654 4456 perpessi

279 4477 344 4530 Ὀ
377 4473 436 4530 δὲ
473 4480 840 4552 χρηστότατος
877 4480 997 4550 περὶ
1034 4477 1174 4549 ἡμᾶς
1237 4476 1476 4552 ϐασιλεὺς
1542 4479 1659 4538 τοὺς
1723 4475 1887 4530 πολλὰ

2000 4492 2241 4532 eramus
2268 4521 2282 4546 ,
2309 4481 2372 4532 ut
2402 4474 2604 4547 palam
2661 4489 2942 4546 stepeque
2997 4473 3204 4528 multis
3271 4473 3653 4530 audientibus

278 4570 524 4639 πρὸςτοῡ
547 4569 740 4640 πατρὸς
779 4565 939 4619 αὐτοῦ
1002 4562 1072 4618 δι’
1130 4567 1287 4619 αὐτόν
1348 4568 1690 4628 πεπονθότας,
1745 4570 1810 4628 ὡς
1837 4565 1886 4619 ἐν

284 4654 453 4726 πολλῷ
479 4656 667 4714 πλήθει
696 4660 788 4708 καὶ
817 4654 1057 4716 πολλάκις
1113 4651 1418 4731 διαπρυσὶῳ
1453 4655 1587 4720 ἔλεξε
1615 4664 1677 4729 τῇ
1721 4665 1885 4729 φωνῇ,

285 4743 356 4806 ὦς
391 4766 417 4794 ››
446 4745 647 4799 Πολλῶν
672 4765 764 4819 μοι
801 4753 970 4808 αἴτιος
1027 4747 1232 4817 άγαθῶν
1303 4741 1455 4806 οὗτος
1519 4750 1544 4798 ό
1618 4745 1888 4819 ἅνθρωπος

278 4837 477 4907 γέγονε,
502 4858 531 4887 ››
554 4840 673 4910 περὶ
706 4844 798 4898 τῆς
849 4835 1066 4907 λογικῆς
1121 4836 1333 4907 φάσκων
1390 4831 1657 4902 παιδεὶας,
1707 4834 1888 4909 [Ρ.27]

280 4945 315 4975 ιι
354 4928 446 4978 καὶ
496 4924 696 4978 πολλῶν
753 4923 1016 4999 ὀφειλέτης
1081 4926 1248 4997 τούτῳ
1307 4925 1580 4996 τυγχάνω,
1652 4945 1674 4973 ι
1737 4920 1886 4978 δυοῖν

274 5019 651 5088 κορυνοφόροιν
688 5014 1002 5087 προσέταξεν
1033 5016 1243 5068 τύπτειν
1282 5032 1364 5086 με,
1401 5013 1574 5085 χθιζὰ
1630 5017 1720 5066 καὶ
1785 5017 1884 5087 πρὸ

273 5107 460 5178 τρὶτης
499 5107 716 5165 τούτους
780 5104 1181 5177 χειροτονήσας.
1251 5106 1315 5163 ὡς
1390 5105 1552 5155 εἰκοσι
1621 5105 1887 5176 τέσσαρας

273 5194 478 5254 πάντας
534 5196 622 5246 τὸν
674 5195 915 5267 ἀριθμὸν,
960 5192 1054 5245 οὐκ
1093 5189 1181 5246 οἶδ
1220 5194 1263 5245 εἱ
1301 5195 1372 5265 μὴ
1418 5189 1489 5245 δι’
1530 5194 1639 5264 ἐμὲ,
1701 5192 1762 5244 ἶν’
1804 5196 1880 5252 εἴη

273 5284 370 5336 κᾶὶ
414 5286 578 5342 σκηνή
622 5290 713 5336 τοῦ
753 5281 1023 5359 δράματος
1052 5285 1124 5345 εἰς
1163 5277 1461 5356 τραγῳδίαν
1535 5286 1880 5355 μεμορφωμέ-

269 5378 498 5430 νη.,Καὶ
539 5375 587 5426 οἱ
625 5377 714 5446 μὲν
778 5376 1017 5442 ἔτυπτον,
1085 5371 1185 5444 ἐγὼ
1253 5368 1312 5424 δὶ
1375 5375 1495 5443 σιγὴ
1559 5373 1647 5431 τὰς
1701 5371 1879 5442 τύψεις

269 5461 578 5534 έλάμϐανον.
644 5461 710 5516 Ὀ
775 5467 866 5515 καὶ
926 5461 1116 5536 μᾶλλον
1177 5469 1357 5517 τοῦτον
1451 5459 1730 5533 ἐξέμαινεν,
1799 5465 1878 5513 ὅτι

269 5549 406 5628 μηδ’
443 5553 568 5614 ὅλως
616 5557 744 5628 πρός
786 5549 996 5615 δεήσεις
1033 5553 1342 5624 κάμπτομαι
1379 5554 1469 5603 καὶ
1507 5550 1872 5623 πληττόμενος.

267 5647 397 5702 Επεὶ
439 5639 499 5698 δε
538 5643 725 5709 πολλάς
770 5644 906 5695 κατὰ
931 5644 1122 5708 παντὸς
1150 5636 1406 5716 ἐδεξάμην
1471 5647 1564 5693 τοῦ
1630 5645 1872 5713 σώματος

1999 4565 2330 4622 clarissima
2345 4581 2492 4621 voce
2510 4569 2760 4621 testatus
2782 4569 2871 4620 est
2893 4563 3087 4619 virum
3108 4563 3289 4634 hunc,
3315 4579 3412 4620 me
3432 4579 3653 4636 nempe

1998 4655 2356 4724 intelligens,
2403 4655 2567 4710 bona
2620 4653 2732 4710 sibi
2788 4653 3049 4726 plurima
3119 4658 3476 4726 opportasse
3543 4669 3652 4726 pro

1997 4743 2314 4817 disciplina
2342 4742 2556 4813 logica,
2590 4759 2714 4815 qua
2743 4759 2882 4799 eum
2904 4743 3299 4810 institueram,
3330 4759 3442 4798 nec
3457 4757 3580 4798 non
3596 4746 3655 4799 et

1997 4834 2115 4891 alia
2170 4848 2293 4889 non
2345 4831 2563 4902 exigua
2617 4847 2682 4888 se
2737 4831 2957 4888 debere
3022 4830 3353 4900 confessus,
3411 4830 3652 4887 duobus

1997 4919 2309 4992 clavigeris
2330 4919 2455 4975 heri
2486 4918 2819 4975 autnudius
2833 4919 3055 4985 tertius,
3071 4917 3276 4974 nescio
3306 4933 3387 4973 an
3407 4921 3653 4990 propter

1993 5026 2114 5079 me,
2147 5014 2212 5065 ut
2239 5007 2528 5065 dramatis
2550 5023 2730 5064 scena
2762 5009 2822 5063 in
2840 5006 3195 5078 tragoediam
3234 5006 3315 5062 ad
3355 5005 3648 5064 amussim

1995 5103 2455 5164 converteretur,
2477 5097 2694 5165 electis,
2729 5102 3012 5154 eteorum
3039 5112 3295 5152 numero
3333 5096 3412 5152 ad
3441 5096 3651 5166 viginti

1992 5195 2249 5263 quatuor
2291 5188 2671 5256 ascendente,
2720 5186 3073 5243 verberibus
3128 5190 3409 5260 appetere
3442 5185 3647 5257 jussit.

1992 5279 2075 5335 Illi
2103 5279 2305 5352 itaque
2332 5277 2668 5344 verberare,
2698 5291 2809 5348 ego
2834 5275 3066 5332 silentio
3091 5275 3341 5332 verbera
3352 5275 3645 5348 excipere.

1993 5370 2054 5425 Id
2073 5367 2342 5438 magisin
2357 5367 2615 5423 furorem
2645 5367 2862 5436 agebat
2880 5365 3327 5438 imperatorem,
3351 5364 3516 5437 quod
3538 5380 3648 5421 nec

1987 5459 2334 5516 verberibus
2354 5474 2546 5514 casus
2559 5456 2636 5514 ad
2651 5455 3116 5529 supplicationes
3148 5455 3503 5512 eﬂunderer.
3539 5454 3647 5512 Ubi

1986 5564 2128 5604 vero
2182 5546 2585 5614 frequentium
2645 5545 2962 5600 verberum
3029 5544 3243 5600 ictibus
3302 5543 3646 5600 universum

1985 5654 2205 5712 corpus
2229 5635 2624 5703 fmdaverant,
2649 5635 2744 5691 vix
2765 5633 3010 5691 tandem
3042 5649 3155 5706 ego
3185 5649 3334 5693 voce
3363 5633 3546 5693 debili
3575 5649 3645 5693 ac
