4124 6420
500 324 627 377 1151
1776 318 2060 376 GEORGII
2096 315 2197 374 AC1

2277 316 2574 372 lPOLlT/E.
3726 315 3743 366 l
3761 312 3880 368 152

500 445 825 515 submissa,
860 466 888 495 «
921 445 1142 502 Christe
1171 461 1275 501 rex
1336 445 1675 519 »,inquam,
1701 467 1730 497 «
1757 443 2150 518 quotmorbis
2187 473 2197 494 Α

2277 445 2421 512 μόγις
2467 444 2627 513 ὶσχνῆ
2670 445 2760 494 καὶ
2813 441 3041 515 ἠρεμαίᾳ
3062 448 3222 513 φωνή.
3271 461 3300 489 ››
3365 436 3436 490 Ὦ
3471 439 3670 512 Χριστὶ
3708 436 3885 489 ϐασι-

499 533 819 590 aﬂlictatus
836 549 988 604 sum,
1010 549 1198 604 quare
1211 549 1419 590 eorum
1435 534 1599 590 nullo
1614 535 1799 590 vitam
1814 533 2013 601 amisi,
2046 532 2152 586 sed

2277 534 2371 598 λεῦ,
2409 550 2436 580 ››
2475 533 2620 603 ἔφην,
2663 552 2690 582 ››
2715 535 2880 592 πόσας
2919 536 3173 588 νενόσηκα
3209 533 3412 594 νόσους,
3474 523 3663 579 καὶδιὰ
3731 531 3785 580 τὶ
3822 523 3884 578 ἓν

499 623 574 679 ad
605 625 713 678 has
737 638 830 677 me
861 627 1244 693 tempestates
1293 623 1603 678 servasti?
1653 645 1679 674 »
1706 623 1803 678 His
1851 621 2152 677 dictisim-

2277 618 2489 690 ›ῦό“εμιᾷ
2543 620 2736 672 τούτων
2775 620 3037 673 κατέλυσα
3070 624 3165 678 τήν
3224 620 3362 679 ζωήν
3411 616 3516 669 ἀλλ’
3574 615 3622 668 ἐν
3689 616 3884 668 τοιού-

500 715 734 784 perator
770 711 1064 780 nonnihil,
1105 718 1170 767 ut
1207 712 1542 780 videbatur,
1601 713 1822 768 veritus
1889 711 2152 767 secessit.

2277 730 2374 772 rei;
2411 729 2475 782 με
2511 705 2710 784 καιροῖς
2747 713 3029 782 εταμὶευες;
3065 731 3094 759 ››
3132 708 3290 762 Ταῦτ’
3323 705 3483 774 εἶπον,
3545 711 3636 758 καὶ
3674 709 3700 757 ὁ
3770 703 3886 756 ϐα-

499 817 640 857 cum
680 801 783 857 uni
822 817 896 857 ex
932 803 1004 856 iis
1043 803 1147 874 qui
1187 803 1386 874 ipsum
1439 803 1847 874 sequebantur
1885 801 2154 867 dixisset,

2277 803 2422 852 κὺτοῦ
2449 799 2685 874 εἰρηκὼς,
2729 820 2757 848 ››
2801 799 2936 852 Λάϐε
2970 806 3152 852 τοῦτον
3189 798 3361 859 αὐτός.
3398 821 3425 848 ››
3464 801 3565 850 Καὶ
3603 798 3668 850 60'
3717 795 3885 868 ἔφεπε

503 909 532 938 n
557 891 680 944 Duc
710 893 904 944 tecum
925 889 1142 961 ipsum.
1166 912 1187 938 ι
1211 889 1310 945 Ille
1329 906 1484 962 equo
1517 889 2159 958 advehensinterrogat

2277 889 2434 950 τιλεύς
2461 885 2564 941 οἷον
2632 885 2898 950 αἰδεσθεὶς
2953 887 3254 960 ἁπηλλὰγη,
3289 888 3363 941 ἐνὶ
3413 896 3514 940 τῶν
3568 884 3881 938 ἀκολούθων

505 976 860 1049 quoabituri
880 978 1093 1034 simus.
1119 982 1238 1048 Ego
1267 995 1279 1034 :
1307 1002 1327 1029 ι
1353 980 1502 1035 Praai
1527 997 1540 1046 ;
1567 994 1931 1052 quocunque
1950 977 2157 1034 luben-
2264 984 2358 1032 πόν
2398 997 2461 1052 με
2496 976 2665 1030 λαϐὼν
2715 978 2894 1051 ἠρώτα
2933 986 3031 1030 ποῦ
3069 984 3130 1030 ἄν
3186 983 3276 1030 καὶ
3335 976 3658 1048 ἆπέλθοιμεν.
3735 973 3881 1044 Ἐγὼ

505 1065 585 1120 tia
615 1065 814 1135 trahit,
847 1082 1086 1138 sequar.
1123 1089 1149 1117 ››
1174 1069 1395 1122 Rursus
1417 1067 1510 1123 ille
1531 1067 1906 1137 interrogans
1923 1081 2154 1136 urgere,

506 1154 753 1225 quando
771 1155 965 1228 etipse
976 1157 1278 1228 respondi:
1291 1179 1317 1206 »
1336 1160 1442 1211 lter
1458 1156 1634 1212 nobis
1663 1156 1740 1212 ad
1758 1156 2154 1222 Bardariotas,

507 1242 612 1298 tibi
641 1243 835 1313 magis
866 1244 1210 1315 expeditum
1234 1246 1565 1301 ineundum
1589 1250 1732 1300 est.)
1756 1247 1866 1301 Res
1886 1245 1966 1301 ita
1989 1249 2160 1314 gesta

508 1337 614 1397 est,
635 1336 691 1386 et
720 1333 796 1386 ad
826 1334 1304 1390 Bardariotarum
1324 1335 1574 1392 tentoria
1603 1337 2020 1392 convenimus.
2046 1334 2159 1389 Ubi

508 1436 604 1476 me
622 1436 830 1477 eorum
853 1422 1225 1492 primicerius
1274 1423 1447 1497 140
1486 1426 1814 1498 conspexit,
1857 1440 1979 1480 non
2033 1424 2159 1479 sine

509 1510 904 1566 admiratione
931 1517 1352 1583 percunctatur
1385 1530 1668 1587 quaenam
1709 1529 1804 1570 me
1831 1513 2067 1570 occasio
2100 1513 2160 1568 in

510 1599 639 1669 ejus
680 1600 1000 1656 tentorium
1035 1601 1416 1659 conduceret.
1457 1607 1601 1659 Tum
1646 1620 1833 1673 ego,»
1867 1606 1937 1660 Ut
1971 1601 2163 1658 tantil-

2277 1608 2418 1664 Ἰδὼν
2461 1609 2521 1664 δέ
2559 1631 2622 1684 με
2660 1613 2686 1663 6
2743 1611 2911 1662 αὐτῶν
2949 1611 3331 1681 πριμμικήριος
3381 1605 3657 1676 θαυμάσας
3686 1602 3884 1674 ήρὼτα

509 1687 634 1742 lum
662 1688 897 1760 placide
922 1691 1232 1762 quiescam
1253 1714 1302 1759 »,
1338 1693 1456 1749 aio.
1489 1693 1804 1749 Paululum
1836 1692 1982 1749 inibi
2003 1708 2164 1748 com-

2277 1705 2321 1752 τί
2344 1700 2404 1752 ἂν
2459 1700 2759 1774 ϐουλόμενος
2793 1701 2876 1752 επὶ
2937 1702 3030 1756 τήν
3096 1696 3254 1748 αὐτοῦ
3317 1698 3514 1752 σκηνὴν
3581 1690 3884 1763 ἀφικόμην.

511 1794 744 1835 moror:
769 1779 898 1851 jam
926 1780 1085 1836 enim
1108 1786 1164 1837 et
1191 1782 1564 1853 primicerius
1581 1783 1655 1840 de
1685 1800 1781 1840 me
1803 1785 2162 1852 cognoverat
2193 1799 2197 1851 ᾖ

2277 1796 2375 1843 Καὶ
2397 1793 2573 1862 ἔγωγε.
2610 1812 2635 1840 ‹‹
2670 1795 2893 1862 Μικρᾶς,
2926 1809 2947 1837 ι
2978 1789 3119 1858 ἔφην·
3152 1807 3181 1834 ‹‹
3238 1782 3572 1841 ἀναπαύσεως
3624 1781 3814 1852 χὰριν.
3849 1797 3884 1825 >)

511 1869 737 1925 omnia.
763 1871 967 1942 Neque
1003 1871 1065 1925 in
1102 1871 1360 1931 multum
1393 1877 1705 1929 cunctatus
1734 1873 2059 1946 imperator
2087 1874 2165 1929 ad

513 1959 834 2014 tentorium
850 1975 943 2014 me
956 1957 1158 2016 meum
1194 1962 1459 2018 conferre
1489 1966 1767 2036 praecepit
1797 1965 2167 2036 ,suspicatus

512 2062 653 2102 vero
675 2063 750 2103 ne
775 2047 1050 2104 molestia
1066 2049 1436 2107 conﬂictatus
1450 2051 1592 2122 fuga
1611 2069 1706 2108 me
1739 2054 2160 2126 subducerem,

511 2135 716 2208 aliqua
729 2137 982 2193 militum
996 2155 1181 2195 manu
1205 2142 1523 2198 tentorium
1543 2143 1975 2217 circumsepsit,
2002 2150 2057 2199 et
2083 2145 2164 2200 sic

511 2224 852 2282 clanculum
878 2243 975 2283 me
1013 2229 1295 2285 custodiri
1317 2232 1646 2288 mandavit.
1672 2236 1734 2287 In
1765 2248 1969 2288 meum
1993 2233 2166 2288 adve-

513 2320 644 2370 ctus
677 2316 997 2372 tentorium
1035 2318 1233 2389 quiete
1271 2325 1506 2376 aetatem
1545 2321 1826 2391 agebam,
1869 2337 2064 2394 neque
2104 2321 2164 2376 in

511 2403 716 2461 aulam
768 2405 1016 2472 vadens,
1067 2423 1263 2480 neque
1305 2409 1627 2464 familiares
1664 2425 1862 2482 neque
1933 2410 2163 2465 amicos

512 2492 845 2566 alloquens.
878 2496 979 2552 sed
994 2495 1158 2552 libris
1189 2498 1806 2565 tautumincumbens,
1835 2514 2165 2571 eorumque

509 2581 762 2640 lectione
815 2601 910 2641 me
950 2585 1278 2653 delectans,
1343 2587 1597 2660 ciboque
1662 2604 1760 2644 me
1826 2595 2165 2661 opportune

510 2672 803 2728 reﬁciens.
839 2673 1104 2748 Plerique
1127 2676 1331 2748 itaque
1363 2675 1493 2732 dies
1522 2693 1660 2732 cum
1701 2677 1814 2734 hoc
1841 2679 1976 2734 vitae
2017 2695 2166 2735 meae

510 2765 927 2821 moderamine
988 2766 1392 2837 praetergressi
1459 2772 1621 2822 sunt.
1721 2770 1787 2823 Et
1843 2767 2168 2840 imperator

512 2856 819 2925 ingenium
832 2871 1038 2910 meum
1051 2855 1270 2910 durum
1284 2872 1354 2912 ac
1369 2855 1750 2926 implacabile
1777 2857 1986 2913 videns
2008 2872 2167 2926 aegre

511 2944 759 3002 ferebat.
799 2949 1106 3014 Augustus
1136 2949 1296 3000 totus
1335 2944 1664 3013 efﬂuxerat,
1705 2961 1902 3019 neque
1942 2962 2052 3018 ego
2091 2947 2165 3001 de

2277 2954 2467 3026 ἡμέραι
2497 2954 2692 3003 οὑτωσί
2735 2953 2840 3008 πώς
2893 2966 2994 3018 μου
3043 2947 3246 3016 ἔχονιος
3320 2945 3734 3015 παρῳχήκεσαν,
3785 2942 3884 2988 καὶ

511 3033 804 3090 sententia
859 3033 1006 3088 milii
1049 3034 1358 3106 praposita
1411 3034 1638 3104 aliquid
1696 3035 1876 3090 movi.
1928 3035 2164 3090 interim

2277 3044 2302 3094 6
2333 3039 2575 3101 ϐασιλεὺς
2631 3039 2911 3108 ἡγανὰκτει
2962 3038 3021 3086 τὸ
3089 3032 3314 3106 σκληρόν
3354 3049 3454 3102 μου
3513 3030 3746 3101 καθορῶν
3787 3030 3885 3078 καὶ

509 3123 798 3196 praesules
830 3138 952 3178 non
982 3123 1162 3194 pauci
1218 3122 1515 3178 advenere
1563 3123 1942 3194 imperatoris
1969 3124 2161 3194 jussu,

2277 3134 2652 3202 όφρονήματος.
2703 3127 2898 3198 Ηάρὴει
2968 3131 3092 3195 γοῦν
3177 3120 3344 3182 ὅλοςὸ
3428 3121 3739 3188 Αὔγουστος,
3782 3118 3883 3166 καὶ

513 3217 578 3270 ut
616 3213 740 3284 ipse
778 3226 1205 3279 cognoveram,
1259 3211 1394 3266 licet
1445 3211 1561 3282 ipsi
1613 3211 1674 3266 id
1713 3211 2011 3267 occultare
2051 3217 2168 3267 stu-

2279 3215 2396 3272 066“
2450 3217 2576 3277 ὅλως
2647 3211 2883 3267 ἐνδοῦναι
2943 3210 3086 3284 εἶχον
3126 3207 3217 3270 τῆς
3268 3209 3334 3270 ἧς
3385 3205 3594 3279 ἔστερξα
3655 3207 3872 3273 γνώμης

510 3301 740 3366 derent,
817 3303 967 3354 nutu
998 3299 1242 3369 proprio
1298 3300 1664 3370 processisse
1729 3306 2163 3368 asseverantes,

2278 3310 2484 3381 μικρόν.
2519 3304 2701 3358 Ηολλοὶ
2763 3303 2885 3374 γοῦν
2947 3310 3046 3354 τῶν
3113 3301 3401 3374 ἀρχιερέων
3475 3294 3703 3367 ἀφίκοντο
3733 3292 3873 3362 πρὸς

511 3385 787 3444 amicitiae
809 3392 867 3442 et
904 3386 1081 3441 bonae
1143 3402 1287 3457 erga
1344 3403 1440 3442 me
1504 3388 1913 3460 dispositionis
1979 3390 2170 3460 gratia

2279 3397 2382 3468 ἔμε,
2416 3393 2659 3452 ϐασιλική
2703 3395 2810 3465 μὲν,
2880 3394 2944 3452 ὡς
3005 3391 3331 3460 ἠπιστάμην,
3387 3395 3450 3444 τῆ
3504 3389 3800 3457 προστοιγῆ⁹
3833 3380 3882 3433 εἰ

511 3475 772 3546 ingenue
803 3476 1123 3531 suadentes
1189 3481 1250 3531 ut
1290 3478 1606 3549 asperitate
1646 3479 1860 3534 mentis
1899 3479 2168 3550 aliquan-

2277 3489 2366 3537 καὶ
2396 3485 2577 3536 ἐκεῖνοι
2637 3482 2900 3534 λανθάνειν
2956 3479 3158 3546 ἤθελον,
3226 3478 3426 3529 οἴκοθεν
3485 3473 3714 3545 λέγοντες
3761 3468 3886 3542 ὰφι-

515 3565 704 3622 tulum
732 3565 962 3622 mollita
986 3566 1064 3622 ad
1085 3567 1507 3638 imperatorem
1525 3568 1870 3624 accederem
1904 3585 2168 3625 rursum-

2277 3576 2618 3645 κέσθαιπρός
2647 3571 2733 3644 ἐμὲ
2772 3570 2938 3643 φιλίας
3003 3571 3164 3643 χάριν
3224 3571 3314 3618 καὶ
3375 3569 3627 3638 χρηστῆς
3693 3557 3886 3613 διαθέ-

513 3671 633 3728 que
691 3654 770 3710 illi
822 3671 918 3712 me
976 3657 1089 3711 sub
1144 3657 1442 3712 servitutis
1481 3656 1803 3712 subderem
1839 3659 2008 3729 jugo.
2052 3659 2168 3715 lllis

2282 3672 2408 3725 σεῶς
2461 3678 2473 3690 °
2515 3660 2678 3713 πολλα
2739 3678 2793 3712 τε
2847 3658 3078 3730 λέγοντες
3123 3659 3181 3708 τό
3229 3657 3520 3728 ἀπόκροτον
3577 3649 3888 3703 καταλιπεῖν

514 3749 716 3801 tamen
739 3745 1253 3802 cohortationibus
1265 3746 1343 3802 ad
1360 3746 1422 3801 id
1442 3745 1571 3818 ipse
1593 3746 1812 3802 adduci
1832 3763 1952 3803 non
1979 3747 2168 3820 potui.

517 3835 800 3891 Dicebam
815 3836 997 3904 enim,
1013 3837 1136 3892 sive
1151 3836 1476 3910 imperator
1487 3837 1547 3892 in
1562 3852 1658 3892 me
1670 3838 1898 3909 optima
1911 3853 2171 3910 quaeque

516 3923 802 3980 muniﬁce
825 3924 1181 3992 admodum,
1209 3941 1345 3998 quas
1371 3925 1571 3980 nullus
1600 3925 2166 3998 eximperatoribus,

518 4013 623 4086 qui
645 4019 779 4070 ante
808 4029 946 4070 eum
973 4013 1226 4086 imperio
1249 4015 1558 4085 praefuere,
1582 4013 1747 4086 14],
1787 4015 2170 4070 administro-

518 4118 655 4158 rum
683 4103 947 4174 cuipiam
987 4103 1172 4170 dedit,
1230 4103 1564 4172 contulerit,
1632 4104 1755 4157 sive
1824 4104 2090 4174 pessima
2119 4108 2176 4159 et

522 4192 916 4261 atrocissima,
940 4192 1163 4263 quibus
1175 4191 1326 4247 alius
1339 4192 1624 4248 omnibus
1644 4191 1879 4261 ﬂagitiis
1899 4192 2172 4264 inquina-

521 4280 788 4336 tissimos
828 4296 1101 4351 unquam
1155 4281 1475 4347 divexavit,
1511 4281 1568 4336 in
1626 4297 1724 4337 me
1780 4285 2174 4353 attentaverit,

2264 984 2358 1032 πόν
2398 997 2461 1052 με
2496 976 2665 1030 λαϐὼν
2715 978 2894 1051 ἠρώτα
2933 986 3031 1030 ποῦ
3069 984 3130 1030 ἄν
3186 983 3276 1030 καὶ
3335 976 3658 1048 ἆπέλθοιμεν.

2267 1067 2346 1138 δὲ,
2381 1091 2400 1118 ι
2437 1067 2608 1121 Ὀπου
2631 1066 2690 1118 ἂν
2749 1067 2901 1128 αὐτὸς
2941 1066 3132 1135 ϐούλει,
3181 1071 3459 1140 ὲφέπομαι·
3521 1089 3549 1116 ››
3577 1069 3679 1118 Καὶ
3709 1061 3881 1116 πάλιν

2266 1157 2416 1222 οὗτος
2464 1158 2558 1214 διὰ
2619 1169 2718 1212 τῶν
2765 1157 3064 1234 ἐρωτήσεων
3109 1158 3490 1230 κατηνάγκαζε.
3558 1159 3686 1208 Τότε
3742 1160 3882 1225 γοῦν

2267 1259 2356 1306 καὶ
2386 1253 2544 1317 αὐτὸς
2580 1258 2711 1330 πρὸς
2766 1261 2948 1307 τοῦτον
3015 1249 3253 1322 ἀντέφην,
3323 1251 3388 1308 ὡς
3448 1252 3534 1300 Δεῖ
3596 1246 3736 1317 ἡμᾶς
3771 1246 3881 1300 τὴν

2266 1347 2366 1418 πρὸ
2396 1347 2516 1406 τούς
2556 1328 2925 1419 Βαρδαριώτας
2981 1336 3223 1392 ϐαδίσαι·
3285 1345 3436 1390 τοῦτο
3491 1336 3593 1408 γάρ
3663 1352 3751 1406 μοι
3775 1328 3872 1383 δὀ-

2267 1440 2346 1485 κεῖ
2374 1438 2463 1485 καὶ
2502 1432 2691 1502 μᾶλλον
2760 1435 3019 1504 συμφέρον
3082 1447 3185 1482 σοι.
3257 1431 3357 1480 Καὶ
3407 1429 3612 1497 γέγονεν
3675 1421 3872 1485 οὕτως,

2267 1527 2356 1574 καὶ
2424 1521 2473 1585 ἐς
2564 1531 2664 1574 τῶν
2746 1517 3127 1594 Βαρδαριωτῶν
3185 1519 3435 1588 ἀπῄειμεν
3495 1516 3590 1576 τὰς
3643 1511 3872 1569 σκηνάς.

2276 1861 2456 1952 Βραχῦ
2505 1861 2639 1951 γοῦν
2695 1899 2747 1931 τι
2784 1861 3274 1952 γπροσεκαρτέρησα
3339 1879 3447 1933 τοῖς
3513 1869 3695 1922 ἐκεῖσε.
3755 1861 3886 1924 ἤδη

2272 1989 2374 2043 γαρ
2403 1973 2493 2020 καὶ
2521 1970 2546 2020 6
2576 1971 2957 2042 πριμμικήριος
3007 1962 3330 2036 ἐμεμαθήκει’
3385 1962 3450 2012 τὰ
3493 1956 3608 2009 κατ’
3661 1954 3768 2027 ἑμέ.
3807 1954 3893 2043 ’ρ

2276 2041 2752 2119 (δέ-ινίῖασιλεύςόῦὸυ
2775 2057 2841 2116 εἰς
2871 2054 3001 2107 πολὺ
3060 2051 3321 2126 μελλήσας
3392 2045 3748 2118 διεμηνύσατο
3806 2041 3892 2102 εἰς

2273 2152 2361 2204 τήν
2395 2151 2590 2205 σκηνὴν
2624 2145 2903 2217 ἀφικέσθαι
2933 2163 3018 2216 με.
3069 2138 3258 2200 Δεδιὼς
3296 2135 3355 2191 δὲ
3389 2141 3459 2209 μή
3483 2155 3589 2195 πως
3619 2141 3680 2191 τῆ
3730 2130 3886 2186 λύπη

2271 2237 2618 2305 κατασχεθεὶς
2662 2242 2798 2306 φυγῆ
2845 2238 3157 2306 χρήσωμαι,
3209 2225 3492 2300 προσεταξε
3547 2223 3731 2296 μοῖρὰν
3758 2239 3891 2271 τινα

2275 2327 2654 2396 στρατιωτικήν
2677 2325 3082 2396 περιστοιχίσαι
3121 2337 3220 2390 μου
3265 2319 3360 2374 τήν
3420 2315 3612 2371 σκηνήν
3653 2314 3744 2361 καὶ
3796 2306 3888 2359 λε-

2270 2412 2502 2471 ληθότως
2555 2411 2824 2484 φυλάττειν
2865 2407 2942 2462 δε.
2975 2410 3106 2479 Ἐγὼ
3133 2409 3222 2479 μὲν
3275 2401 3363 2456 οὖν
3426 2405 3494 2463 εἱς
3536 2405 3631 2459 τὴν
3680 2398 3885 2451 οἰκείαν

2273 2501 2548 2574 ἀφιγμένος
2581 2505 2772 2558 σκηνήν
2795 2501 3020 2570 ἡσύχως
3065 2497 3113 2549 ἐν
3172 2495 3312 2547 αὐτῶ
3350 2496 3438 2545 τόν
3485 2494 3666 2565 καιρὸν
3699 2485 3883 2540 διεϐί-

2275 2591 2454 2659 ϐαζον,
2509 2591 2602 2642 οὐκ
2657 2590 2703 2642 ἐν
2773 2589 3079 2662 ἀνακτόροις
3132 2581 3386 2648 ϐαδίζων,
3455 2577 3582 2632 οὐδέ
3630 2597 3732 2630 τινι
3775 2585 3884 2628 τῶν

2274 2677 2582 2738 επιτηδείων
2621 2684 2711 2732 καὶ
2775 2679 3011 2736 συνήθων
3093 2672 3448 2750 προσομιλῶν,
3534 2668 3642 2722 ἀλλ’
3695 2669 3724 2728 ἣ
3759 2674 3886 2728 ταῖς

2279 2771 2482 2844 βίϐλοις
2538 2773 2881 2842 προσανέχων
2965 2771 3054 2818 καὶ
3132 2763 3420 2835 ἀναγνώσει
3476 2764 3748 2834 χρώμενος
3791 2762 3885 2810 καὶ

2274 2870 2466 2937 τροφῆς
2537 2857 2939 2932 μεταλαμϐάνων
3020 2857 3158 2907 κατὰ
3233 2855 3436 2926 καιρόν.
3491 2851 3690 2904 Ἰκαναὶ
3748 2855 3882 2920 γοῦν

2282 3681 2408 3725 σεως

2280 3773 2342 3826 με
2366 3761 2460 3813 τῆς
2490 3756 2699 3822 γνώμης
2736 3753 2827 3800 καὶ
2866 3755 2939 3817 τῷ
2997 3746 3204 3798 ϐασιλεῖ
3265 3742 3518 3808 ξυνελθεῖν
3577 3745 3668 3793 καὶ
3731 3735 3891 3799 αὖθις

2279 3825 2420 3912 αὐτῷ
2451 3842 2688 3914 πρόςτόν
2718 3846 2815 3900 τῆς
2855 3833 3094 3896 δουλείας
3154 3832 3498 3891 συνελαθῆναι
3561 3831 3742 3900 ζυγὸν,
3777 3825 3890 3898 οὐχ

2281 3932 2521 4004 εὕρισκον
2573 3928 2699 3989 όλως
2739 3929 3001 3984 πειθήνιον
3043 3941 3055 3952 ⁸
3090 3927 3308 3996 ἔφασκον
3363 3924 3465 3996 γὰρ
3507 3923 3572 3980 ὡς
3609 3921 3751 3991 εἰπερ
3795 3935 3892 3989 μοι

2281 4019 2346 4073 τὰ
2383 4021 2731 4094 χρηστότατα
2770 4017 2794 4067 6
2844 4013 3081 4074 ϐασιλεὺς
3119 4009 3460 4075 ἐπιδείξαιτο,
3501 4006 3685 4080 [Ρ·“73]
3731 4011 3891 4058 όποῖα

2281 4105 2456 4169 οὐδεὶς
2515 4115 2614 4159 τῶν
2673 4103 3117 4178 βεϐασιλευκότων
3173 4101 3256 4154 ἐπί
3308 4120 3409 4153 τινι
3461 4107 3561 4151 τῶν
3623 4098 3888 4170 ὑπηρετη-

2285 4201 2482 4251 σάντων
2516 4197 2655 4266 αὐτῷ
2704 4191 2991 4264 ἑπιδέιχεν,
3032 4193 3062 4250 ἣ
3109 4194 3172 4244 τὰ
3227 4194 3490 4264 χαίριστα
3525 4192 3617 4240 καὶ
3655 4189 3894 4238 κὰκισ-τα

2285 4290 2332 4342 ἐν
2401 4286 2515 4359 ἐμοὶ
2600 4285 3007 4355 κατεργάσαιτο,
3072 4277 3158 4333 οἶα
3213 4276 3380 4339 οὐδεὶς
3437 4277 3591 4339 ἄλλος
3655 4284 3757 4328 τῶν
3790 4279 3894 4333 ήπὶ

526 4369 646 4424 sive
661 4369 775 4424 bac
793 4370 914 4424 sive
929 4369 1027 4425 illa
1046 4369 1296 4438 ratione,
1321 4370 1488 4426 nullo
1508 4387 1604 4427 me
1627 4372 1811 4427 modo
1833 4371 1910 4427 illi
1930 4374 2178 4430 inservi-

525 4464 754 4517 turum.
797 4461 915 4527 Ego
937 4459 1136 4530 itaque
1159 4475 1357 4531 neque
1402 4461 1476 4515 de
1531 4463 1822 4518 sententia
1878 4478 2074 4535 neque
2100 4465 2174 4522 de

499 4549 838 4620 'proposito
863 4547 1153 4603 dimoveri
1188 4549 1374 4620 potui.
1417 4551 1562 4606 Cum
1626 4551 1974 4622 September
1995 4570 2178 4628 appe-

530 4641 691 4708 teret,
718 4637 982 4708 despotaa
1000 4637 1294 4693 Michaelis
1315 4639 1537 4710 conjux
1565 4640 1875 4698 Theodora
1891 4658 2029 4698 cum
2054 4645 2177 4701 ﬁlio

531 4743 642 4784 suo
668 4727 998 4800 Nicephoro
1023 4728 1101 4784 ad
1123 4727 1528 4786 absolvendas
1563 4732 1830 4803 nuptias,
1878 4733 1963 4789 uti
2005 4737 2182 4790 Joan-

531 4832 638 4874 nes
675 4818 1023 4889 imperator,
1092 4819 1443 4891 imperantis
1503 4826 1689 4893 pater,
1758 4828 1897 4878 ante
1957 4839 2186 4894 paucos

531 4923 727 4964 annos
769 4915 1150 4978 convenerat,
1192 4909 1269 4965 ad
1300 4910 1725 4982 imperatorem
1766 4911 2184 4984 proﬁciscitur,

2285 4382 2448 4447 κακὶᾳ
2477 4370 2870 4446 περιϐοήτωνέν
2895 4367 3070 4423 οὐδενὶ
3125 4378 3226 4422 τῶν
3287 4367 3523 4420 ἁπάντων
3583 4370 3894 4430 πεποίηκεν,

2287 4466 2397 4520 οὔθ’
2429 4467 2591 4524 οὕτως
2631 4461 2737 4513 οὔτ’
2762 4459 2962 4521 ἐκείνως
2994 4463 3066 4531 τῷ
3129 4457 3332 4512 ϐασιλεῖ
3401 4459 3536 4510 κατά
3563 4476 3616 4509 τι
3666 4452 3896 4508 δουλεῦ-

2291 4574 2466 4627 σαιμι.
2509 4553 2640 4622 Ἐγὼ
2679 4553 2768 4622 μὲν
2807 4545 2895 4602 οὖν
2949 4552 3110 4610 οὕτως
3175 4549 3320 4620 εἶχον
3357 4553 3572 4620 γνώμης
3604 4549 3695 4598 καί
3764 4543 3896 4617 ἀμε-

2287 4646 2505 4697 ταθέτου
2549 4647 2768 4695 σκοποῦ.
2809 4640 2960 4692 Ἐπεὶ
2999 4635 3059 4691 δὲ
3101 4639 3146 4673 ¹⁵
3184 4643 3276 4690 καὶ
3314 4639 3339 4688 6
3380 4634 3722 4708 Σεπτεμϐριος
3763 4633 3900 4707 ἐφειο

2293 4737 2475 4790 στήκει
2509 4735 2612 4802 μήν
2655 4732 2784 4800 (3i),
2827 4733 2917 4781 καὶ
2954 4730 2984 4787 ἡ
3027 4735 3119 4781 τοῦ
3161 4723 3422 4779 δεσπότου
3462 4724 3688 4797 Μιχαὴλ
3731 4723 3895 4784 σῦζυ-

2291 4842 2382 4894 γος
2439 4816 2690 4894 Θεοδώρα
2753 4821 2898 4892 παρὰ
2957 4821 3043 4870 τόν
3083 4816 3300 4869 ϐασιλέα
3362 4813 3573 4889 ἀφικετο
3643 4813 3778 4886 μετὰ
3801 4819 3895 4864 τοῦ

2294 4915 2409 4964 υἱοῦ
2436 4910 2600 4972 αὐτῆς
2637 4913 2938 4983 Νικηφόρον
2969 4911 3027 4960 τό
3098 4909 3230 4978 πρὸς
3279 4909 3368 4958 τόν
3436 4905 3655 4957 ϐασιλέα
3725 4900 3903 4965 κῆδος

602 5008 646 5043 ⁸⁸
680 5006 786 5059 ἐπεὶ
815 5003 874 5059 δὲ
899 5022 1084 5078 usque
1116 5009 1196 5062 ad
1225 5007 1465 5071 ξυνῆλθεν
1499 5009 1605 5064 lin.
1645 5013 1706 5063 17
1739 5010 1849 5064 σοι.
1879 5006 2026 5081 sed.]
2051 5008 2197 5079 Ἀφίκ

602 5085 766 5127 inim)
806 5078 969 5127 αὑτῆε
1033 5086 1334 5127 Νικηωοοου
1373 5083 1430 5127 τὸ
1470 5083 1596 5127 πρὸς
1634 5084 1718 5127 τὸν
1768 5078 1986 5127 ϐασιλέα
2014 5077 2180 5127 κῆδος

2277 5004 2369 5062 ιδε
2406 5010 2555 5065 καὶὴ
2590 5014 2681 5060 τοῦ
2709 5004 2966 5060 δεσπότου
3006 5007 3078 5060 Μι
3129 5003 3227 5062 αήλ
3290 5008 3419 5075 γυνή
3479 4999 3736 5076 Θεοδώρα
3767 5005 3905 5072 μετὰ

2277 5079 2701 5127 τοπληοώσοντεε.
2740 5082 2803 5127 ’0
2846 5080 2932 5127 μὲν
2971 5073 3059 5127 οὖν
3081 5024 3340 5127 ἕασιλεὺς
3372 5071 3595 5127 ἔσπευδε
3629 5079 3726 5127 τήν
3758 5082 3905 5127 Θεσ-

530 5086 621 5162 70:3~
650 5085 766 5132 υἱοῦ
806 5073 997 5140 αὐτῆς·
1031 5086 1334 5168 ΙΣικηφόρου
1373 5083 1430 5130 τὸ
1470 5083 1596 5168 πρὸὲ
1634 5084 1718 5131 τὸν
1768 5078 1986 5131 ϐασιλέα
2003 5073 2180 5168 ἷιήδόξ
2220 5079 2701 5155 αποπληρώσοντες.
2740 5082 2803 5131 ’0
2843 5080 2932 5149 μεν
2971 5073 3059 5128 οὖν

3134 5071 3340 5137 ασιλεῦς
3372 5071 3595 5128 ἔσπευδε
3629 5071 3726 5130 τῆν
3758 5071 3905 5128 Θεσ-

537 5149 812 5234 σαλονίκην
838 5144 1517 5219 ταταλαϐεῖν,’συνείποντο’
1546 5148 1607 5203 δέ
1635 5154 1800 5221 τούτῳ
1832 5152 1962 5234 καὶῂ
1997 5158 2088 5202 τοῦ
2139 5148 2400 5204 δεσπότόυ
2429 5144 2568 5223 ’γυνὴ
2611 5153 2743 5234 μετὰ
2798 5144 2889 5201 τοῦ
2942 5153 3077 5234 uigil,
3140 5153 3230 5198 καὶ
3276 5148 3394 5234 καθ’
3439 5144 3579 5233 ὀδόν.
3609 5148 3698 5204 τὰς
3761 5165 3907 5234 συμ-

535 5219 710 5280 ϐάσεις
742 5219 966 5286 ἐποίουν,
999 5227 1088 5274 καί
1144 5217 1518 5294 συμπεφώνηκε
1538 5226 1625 5296 καί
1691 5217 1897 5273 ἄκουσα
1929 5217 2112 5273 δοῦναι
2180 5227 2307 5296 πρός
2337 5217 2704 5275 τὸν’ϐασιλέα
2769 5223 2835 5273 τὰ
2900 5218 3083 5293 Σέρϐια
3151 5223 3240 5270 καί
3305 5221 3362 5296 τό
3421 5217 3740 5296 Δυρρὰχιον.
3786 5217 3910 5296 Ἐξί

533 5293 847 5353 τούτοιςκαί
913 5295 1056 5366 ὀρκοι
1115 5288 1421 5368 προύϐησαν
1453 5299 1542 5345 καί
1599 5291 1968 5350 ἀπεστάλησαν
2007 5297 2137 5367 πρὸς
2174 5288 2261 5347 τόν
2293 5293 2535 5366 Μιχαὴλ,
2611 5298 2702 5346 καί
2733 5297 2781 5353 6';
2833 5288 2967 5344 ἑκὼν
2997 5293 3200 5343 ἀέκοντί
3237 5309 3296 5362 γε
3337 5288 3501 5362 θυμῷ
3525 5288 3798 5354 ξυνῆλθεν.
3839 5291 3908 5346 D.

1425 5469 1767 5538 Theodori
1816 5470 2064 5539 Dousa:
2115 5481 2180 5539 et
2226 5471 2482 5540 Leonis
2534 5469 2768 5539 Allalii
2819 5479 3020 5537 notae.

609 5659 723 5730 (34)
745 5658 804 5711 '0
837 5655 1180 5732 Σεπτέμϐριος
1205 5657 1468 5731 ἐφεστήκει
1494 5663 1615 5730 μήν.
1650 5661 1939 5729 Gregoras
1966 5677 2018 5715 ι).
2047 5661 2134 5715 57.
2169 5665 2302 5715 ALL.
