4124 6426
272 322 407 375 1153

1780 312 2124 370 ANNALES.

3492 325 3630 378 1154

269 440 753 514 ἀποκληρώσαντες,
813 438 932 512 ὅπερ
987 439 1012 490 ό
1089 436 1334 510 βασιλεὺς
1392 438 1626 498 Ἰωάννης
1679 439 1704 488 ό
1779 444 1870 490 τοῦ
1898 471 1909 490 .

2000 439 2309 510 imperator
2329 438 2405 494 ad
2422 439 2632 495 urbem
2645 441 3151 518 Thessalonicam,
3175 448 3233 502 in
3248 462 3374 519 qua
3385 447 3632 520 nuptias

269 530 640 606 βασιλεύοντος
690 531 865 599 πατὴρ
919 530 1017 601 πρὸ
1084 532 1288 599 χρόνων
1334 536 1486 579 τινῶν
1531 533 1872 599 συμπεφωνη-

269 621 544 691 κεν,όμεν
596 615 844 688 βασιλεὺς
891 612 1113 668 ἔσπευδε
1168 621 1262 675 τὴν
1327 616 1714 674 Θεσσαλονὶκην
1780 637 1871 668 κα-

269 708 531 775 ταλαϐειν,
565 709 686 759 ἔνθα
713 709 804 757 καὶ
853 709 976 767 τοὺς
1026 705 1223 778 λάμους
1282 716 1506 766 ποιῆσαι
1535 705 1869 779 βεϐούληται.

276 805 373 854 Καὶ
405 797 473 857 δή
504 817 596 870 περ
648 794 846 869 ἀπάραι
911 793 964 857 ἐξ
1013 795 1168 870 οὗπερ
1228 799 1388 848 ἔκειτο
1441 801 1600 848 τόπου
1660 804 1752 858 τῆς
1806 796 1874 855 εὶς

273 896 367 949 τὴν
429 884 813 942 Θεσσαλονίκην
850 887 1107 959 φερούσης
1161 887 1370 944 ἥπτετο·
1422 887 1541 938 καθ’
1614 882 1737 938 ὁδόν
1814 881 1874 936 δὲ

276 983 405 1053 μετὰ
459 985 547 1036 τῆς
603 982 693 1027 τοῦ
751 971 1010 1026 δεσπότου
1067 975 1301 1046 συζύγου
1355 979 1449 1037 τὰς
1524 974 1876 1049 συμϐίϐάσεις

277 1068 455 1122 ἐποίει.
491 1065 548 1118 Ἠ
595 1068 685 1137 μὲν
744 1059 831 1116 οὖν
881 1071 972 1115 τοῦ
1019 1059 1278 1116 δεσπότου
1339 1065 1565 1136 σύζυγος
1623 1062 1876 1139 Θεοδωρα

275 1163 363 1210 καὶ
418 1158 624 1208 ἄκουσα
682 1161 793 1215 τοῖς
841 1160 934 1204 τοῦ
1007 1151 1262 1225 βασιλέως
1330 1152 1503 1226 λόγοις
1561 1159 1870 1227 συνήρχετο·

276 1244 416 1306 ἐντὸς
469 1245 571 1316 γάρ
630 1249 730 1294 τῶν
798 1240 989 1293 ἐκείνου
1051 1249 1245 1316 χειρῶν
1308 1239 1460 1308 οὖσα,
1521 1249 1611 1295 καὶ
1685 1249 1876 1317 μικρού

277 1331 384 1386 δεῖν
411 1335 474 1392 ὡς
515 1331 564 1383 ἐν
604 1333 780 1403 εἱρκτῆ
813 1331 1176 1401 τυγχάνουσα,
1209 1330 1303 1382 ούκ
1332 1327 1447 1402 εἷχέ
1471 1351 1522 1383 τι
1572 1331 1692 1383 ἄλλο
1753 1328 1880 1404 δρᾶο

277 1440 388 1476 σαι.
439 1424 818 1491 Συμπεφώνηκε
859 1425 985 1489 γούν
1039 1415 1223 1470 δοῦναι
1301 1423 1432 1492 πρὸς
1510 1423 1595 1472 τὸν
1654 1417 1880 1493 βασιλέα

275 1514 334 1563 τό
356 1511 584 1583 κάστρον
612 1511 680 1560 τὰ
717 1506 902 1582 Σέρϐια
964 1512 1055 1558 καὶ
1113 1513 1206 1559 σύν
1260 1508 1402 1579 αύτῷ
1441 1514 1530 1560 καὶ
1576 1512 1634 1561 τό
1686 1509 1881 1582 Δυρρά-

278 1620 400 1672 χιον
421 1601 553 1652 Ἐπὶ.
613 1599 818 1658 τούτοις
871 1601 960 1649 καὶ
1008 1599 1154 1667 ὅρκοι
1235 1596 1502 1670 ἐγγράφως
1581 1597 1878 1671 προέϐησαν

279 1694 370 1742 καὶ
400 1687 767 1745 ἀπεστάλησαν
805 1689 936 1760 πρὸς
966 1689 1052 1737 τόν
1096 1682 1358 1745 δεσπότην
1412 1688 1648 1757 Μιχαὴλ.
1691 1686 1750 1739 Ὀ
1798 1684 1878 1756 δὲ,

282 1780 308 1831 ὅ
334 1797 490 1851 φησιν
516 1779 544 1835 ἠ
587 1781 827 1846 ποίησις,
854 1775 979 1827 ἑκὼν
1022 1779 1224 1827 ἀέκοντί
1273 1795 1332 1848 γε
1387 1778 1532 1848 θυμῷ
1589 1785 1697 1840 τοῖς
1747 1778 1880 1849 ὠμο-

282 1872 488 1940 σμένοις
519 1865 780 1928 ξυνῆλθε-νο
817 1867 1014 1936 ηὔχετο
1068 1866 1116 1898 ⁵²
1173 1867 1271 1938 γὰρ
1331 1863 1733 1939 ἐλευθερωθῆναι
1788 1871 1874 1918 καὶ

276 1958 400 2033 παρ’
431 1956 585 2009 αὐτόν
618 1956 862 2027 γενέσθαι
909 1959 1000 2006 καὶ
1041 1958 1128 2006 τόν
1176 1956 1288 2006 υἱὸν
1337 1960 1426 2006 καὶ
1482 1960 1576 2013 τὴν
1627 1955 1877 2026 σύζυγον.

1912 1557 1953 1611 Β

278 2049 361 2100 Ἐν
392 2053 501 2107 τοῖς
552 2047 808 2105 τοιούτοις
864 2052 964 2095 τῶν
1014 2043 1178 2114 λόγων
1234 2045 1259 2095 ὅ
1309 2042 1561 2116 βασιλεύς
1616 2044 1748 2118 κάμὲ
1792 2053 1883 2105 τῆς

280 2134 344 2200 ἧς
371 2135 513 2208 εἶχον
567 2133 928 2207 ἐκμοχλεύσας
962 2131 1304 2207 στερρότητος
1351 2132 1696 2208 ἐχειρώσατο·
1734 2135 1882 2197 Ἐξα-

280 2226 557 2286 ποστείλας
607 2227 707 2298 γὰρ
760 2227 845 2275 τόν
897 2227 1027 2297 πρὸς
1078 2225 1294 2275 πάππου
1357 2223 1518 2276 αύτού
1592 2227 1722 2277 θεῖον
1796 2230 1884 2278 τόν

285 2319 558 2390 Λάσκαριν
617 2312 864 2371 Μανουὴλ
915 2318 1005 2364 καὶ
1067 2315 1152 2364 τόν
1243 2311 1715 2389 πρωτοϐεστιάριον
1797 2320 1884 2368 τόν

282 2404 613 2466 Μουξάλωνα
642 2407 895 2476 Γεώργιον
933 2402 1128 2476 ἱλαροῖς
1165 2407 1256 2454 καὶ
1304 2401 1485 2464 ἁπλοῖς
1531 2423 1669 2455 τισιν
1722 2403 1888 2478 ἐχρη-

286 2515 416 2548 σατο
454 2493 626 2566 λόγοις
652 2497 743 2544 καὶ
773 2511 837 2564 με
867 2490 986 2560 εἷλε,
1038 2496 1126 2543 καὶ
1168 2495 1298 2564 πρὸς
1351 2492 1506 2543 αὐτὸν
1555 2495 1602 2544 οἱ
1656 2492 1887 2545 ἀποστα-

280 2586 444 2646 λέντες
477 2583 770 2655 ἁπὴγαγον.
805 2586 904 2635 Καὶ
929 2588 1054 2654 γοῦν
1085 2587 1315 2654 προσιὼν
1363 2590 1435 2652 τῷ
1495 2579 1728 2655 βασιλεῖ,
1795 2590 1886 2637 καὶ

284 2678 355 2738 ὡς
414 2676 523 2736 ἔθος
575 2672 752 2734 κλίνας
825 2675 914 2728 τὴν
997 2669 1241 2742 κεφαλὴν,
1327 2676 1644 2746 μακρότερον
1706 2675 1882 2735 ἔστην.

286 2769 392 2819 Καὶ
422 2764 447 2814 ό
475 2761 741 2836 βασιλεύς,
777 2781 804 2809 ‹‹
833 2759 944 2811 Οὐκ
986 2755 1139 2821 οἶδας
1194 2761 1294 2816 ὅπη
1347 2760 1537 2821 εἰώθεις
1592 2762 1882 2829 ἳστασθαι;
1920 2801 1959 2855 C

283 2857 375 2908 τόν
400 2856 556 2906 τόπον
589 2870 684 2904 σου
727 2854 1024 2921 γινώσκεις,
1081 2853 1170 2900 καὶ
1215 2851 1450 2923 πρόσιθι.
1508 2871 1535 2900 ››
1589 2856 1663 2923 Τῇ
1724 2871 1885 2926 προσ-

1981 526 2277 582 adornare
2333 527 2698 596 decreverat,
2754 535 3115 606 properavit,
3173 535 3424 608 jamque
3502 537 3634 592 loco

1982 616 2228 672 abierat.
2265 618 2585 673 Discedens
2623 621 3148 680 Thessalonicense
3174 626 3281 681 iter
3306 627 3636 697 ingreditur

1982 715 2036 762 et
2065 707 2215 762 inter
2253 706 2522 762 eundum
2566 711 2878 780 pactiones
2933 727 3068 767 cum
3137 717 3400 785 despolia
3451 730 3634 771 uxore

1983 794 2207 850 adibat.
2246 798 2515 867 Despotae
2552 813 2706 853 uxor
2742 799 3053 856 Theodora
3096 800 3231 857 licet
3274 805 3457 859 invita
3495 821 3636 860 cum

1981 883 2341 956 imperatore
2373 885 2801 954 concordabat,
2833 889 3057 960 quippe
3083 906 3220 962 quae
3249 891 3309 946 in
3355 893 3637 949 manibus

1983 973 2114 1043 ejus
2143 989 2281 1029 cum
2311 980 2483 1039 esset,
2535 978 2770 1031 tantum
2820 993 2943 1033 non
2997 980 3221 1034 carceri
3273 982 3636 1053 mancipata,

1984 1061 2147 1118 aliud
2221 1079 2397 1133 agere
2469 1063 2777 1135 nequibat.
2853 1067 3135 1122 Convenit
3182 1069 3384 1140 itaque
3435 1070 3640 1127 Serbia

1985 1158 2252 1208 castrum
2283 1157 2340 1208 et
2359 1169 2497 1208 cum
2527 1168 2597 1208 eo
2618 1154 3006 1225 Dyrrachium
3027 1156 3374 1228 imperatori
3405 1158 3633 1214 cedere.

1988 1245 2054 1298 Et
2083 1241 2212 1297 haec
2233 1241 2650 1312 jurejurando,
2667 1244 2830 1314 quod
2851 1245 3071 1316 scripto
3085 1247 3503 1315 consignatum
3529 1253 3640 1318 est,

1987 1331 2228 1388 fuerunt
2256 1331 2516 1386 stabilita
2545 1337 2602 1386 et
2630 1332 2708 1387 ad
2737 1332 3078 1388 Michaelem
3100 1334 3417 1406 despotam
3451 1343 3645 1392 trans-

1987 1421 2195 1476 missa.
2232 1420 2348 1486 Ille,
2371 1420 2533 1493 quod
2560 1426 2738 1492 poeta
2767 1422 2984 1491 retulit,
3009 1422 3643 1498 lubentiillubentique

1989 1511 2192 1566 animo
2219 1509 2431 1580 juratis
2449 1526 2812 1565 consensum
2845 1512 3144 1582 praestitit:
3177 1513 3347 1585 142
3375 1530 3642 1586 namque

1989 1614 2237 1654 uxorem
2271 1602 2328 1653 et
2362 1597 2554 1653 ﬁlium
2593 1599 2833 1654 liberari
2879 1605 2938 1655 et
2975 1600 3053 1656 ad
3107 1617 3169 1657 se
3222 1603 3426 1658 venire
3479 1619 3645 1658 sum-

1990 1703 2235 1759 mopere
2247 1687 2588 1758 exoptabat.
2621 1692 2774 1744 lnter
2801 1690 2928 1744 haec
2950 1689 3275 1760 imperator
3291 1707 3386 1747 me
3398 1708 3644 1765 quoque

1990 1793 2063 1834 ex
2101 1777 2446 1849 pertinacia,
2491 1793 2629 1849 quae
2692 1778 2838 1834 mihi
2891 1779 3214 1850 insederat,
3268 1788 3646 1840 summotum

1991 1871 2323 1939 expugnat.
2351 1869 2564 1922 Patruo
2597 1867 2755 1922 enim
2787 1884 2858 1923 ex
2899 1885 3014 1924 avo
3041 1869 3306 1925 Manuele
3333 1872 3566 1927 Lascari
3589 1876 3647 1927 et

1991 1956 2450 2028 protovestiario
2465 1956 2714 2025 Georgio
2727 1956 3024 2012 Muzalone
3039 1958 3116 2012 ad
3135 1974 3231 2014 me
3251 1959 3644 2030 transmissis,

1991 2047 2263 2118 laetisque
2295 2061 2365 2100 ac
2387 2044 2639 2116 placidis
2667 2046 3048 2102 sermonibus
3079 2053 3346 2118 captum,
3368 2048 3447 2104 ad
3483 2066 3647 2113 eum.

1993 2138 2097 2210 qui
2129 2137 2294 2192 missi
2327 2136 2576 2202 fuerant,
2597 2137 3203 2209 conducunt.lpsead
3223 2139 3648 2211 imperatorem

1993 2226 2240 2283 veniens
2273 2229 2327 2279 et
2348 2239 2457 2296 pro
2484 2240 2649 2280 more
2671 2230 2853 2296 caput
2880 2225 3196 2289 inclinans,
3240 2226 3462 2283 diutius
3484 2235 3652 2285 stans

1994 2314 2320 2372 haerebam.
2355 2316 2418 2368 Et
2448 2314 2805 2385 imperator:
2851 2336 2879 2364 «
2901 2320 2988 2370 An
3016 2330 3142 2370 non
3163 2319 3326 2371 tenes
3359 2317 3462 2373 ubi
3497 2324 3654 2374 stare

1997 2405 2236 2463 solebas
2267 2403 2295 2458 ‘2
2326 2406 2547 2460 Locum
2588 2408 2758 2459 tuum
2790 2404 3107 2475 agnoscis;
3165 2421 3304 2461 eum
3363 2408 3566 2479 petito.
3622 2431 3652 2460 »

1994 2495 2184 2552 Jussis
2213 2492 2614 2563 imperatoriis
2641 2493 2895 2548 audiens
2928 2493 3141 2564 abii,et
3171 2495 3420 2562 elatere,
3445 2513 3655 2569 quem-

1996 2583 2329 2642 admodum
2367 2581 2533 2654 prius
2560 2597 2898 2651 sueveram,
2940 2583 3089 2638 steti.
3137 2586 3282 2639 Tum
3347 2586 3493 2642 mihi
3559 2588 3656 2645 Mi-

1997 2672 2220 2730 chaelis
2246 2671 2509 2741 despotae
2524 2670 2764 2740 negotia
2778 2672 3208 2736 communicat,
3229 2678 3336 2729 eta
3361 2675 3659 2748 principio

1998 2761 2203 2819 omnia
2226 2758 2486 2815 dilucide
2517 2766 2739 2814 narrat.
2767 2761 2832 2814 Et
2864 2759 2992 2815 haec
3021 2761 3268 2832 quidem
3299 2765 3463 2835 apud
3510 2767 3658 2820 Lan-

2001 2850 2222 2921 gadam
2262 2848 2461 2904 locum
2493 2863 2682 2920 prope
2711 2847 3198 2905 Thessalonicam
3233 2856 3400 2919 gesta
3425 2857 3586 2910 sunt.

285 2950 425 3014 ταγῇ
455 2948 580 3012 γοῦν
605 2938 817 3002 ὑπείξας
837 2945 929 2990 τοῦ
963 2936 1222 3010 βασιλέως
1253 2936 1481 2990 ἀπελθὼν
1512 2941 1667 2997 ἔστην
1697 2938 1750 2991 ἐκ
1778 2941 2000 3014 πλαγίου
2031 2939 2213 3002 αὐτοῦ,
2244 2938 2412 2997 καθώς
2441 2955 2532 3011 περ
2566 2933 2711 3008 εἶχον
2769 2941 2859 2989 καὶ
2916 2937 3048 2999 ἔθος.
3119 2942 3246 2990 Τότε
3302 2948 3427 3010 γοῦν
3488 2960 3580 3014 μοι
3633 2943 3660 2994 ό

293 3030 541 3106 βασιλεὺς
588 3031 681 3090 τὰς
725 3036 816 3080 τού
849 3024 1104 3080 δεσπότου
1134 3027 1355 3098 Μιχαὴλ
1383 3029 1654 3091 ὑποθέσεις
1699 3031 1876 3092 πάσας
1908 3029 2302 3097 ἀνεκοινώσατο,
2354 3031 2446 3078 καὶ
2475 3025 2527 3089 ἐξ
2558 3023 2736 3100 ἀρχῆς
2773 3027 2911 3088 ὅπως
2968 3026 3266 3102 προέϐησαν
3323 3024 3657 3100 διηγήσατο.

293 3128 475 3176 Ταῦτα
491 3122 580 3191 μὲν
603 3114 689 3170 οὖν
718 3116 766 3170 ἐν
797 3125 907 3179 τοῖς
936 3125 1026 3168 τού
1056 3113 1322 3190 Λαγγαδᾶ
1361 3122 1540 3184 (τόπος
1572 3115 1630 3171 δὲ
1653 3117 1788 3172 ἐστιν
1820 3120 1967 3181 οὗτος
1995 3118 2146 3191 ἐγγύς
2177 3137 2274 3170 που
2305 3117 2584 3188 τυγχάνων
2623 3123 2721 3176 τῆς
2751 3115 3166 3188 Θεσσαλονίκης)
3191 3117 3407 3188 ἐγένετο,

365 3205 463 3273 ξδ’.
501 3210 636 3261 Ἐπεὶ
663 3203 713 3259 δ’
736 3208 784 3242 ⁵³
815 3209 840 3258 6
875 3205 1130 3279 βασιλεὺς
1179 3215 1272 3265 την
1328 3207 1717 3267 Θεσσαλονίκην
1773 3229 1893 3262 κατ-

285 3298 483 3372 tangis,
537 3301 658 3359 τοὺς
711 3294 795 3348 ἰπὶ
843 3303 902 3368 τῇ
964 3297 1186 3370 θυγατρὶ
1242 3301 1422 3368 Μαρίᾳ
1491 3299 1690 3370 γάμους
1765 3302 1896 3372 μετὰ

284 3398 382 3445 τοῦ
412 3391 528 3441 υἱοῦ
572 3395 666 3440 τού
719 3383 980 3439 δεσπότου
1048 3386 1272 3457 Μιχαὴλ
1323 3392 1651 3460 Νικηφόρου,
1699 3388 1752 3441 ὃν
1806 3393 1897 3442 καὶ

289 3477 558 3537 δεσπότην
613 3481 908 3549 τετίμηκεν,
962 3475 1372 3550 ἐκπεπλήρωκεν.
1434 3477 1514 3529 Ἐν
1575 3479 1781 3540 τούτοις
1837 3475 1897 3532 δὲ

286 3575 432 3630 ὄντος
458 3575 550 3621 τοῦ
597 3564 858 3640 βασιλέως
916 3570 1090 3640 γραφη
1141 3585 1223 3628 τις
1275 3569 1402 3639 πρὸς
1459 3565 1613 3617 αύτόν
1681 3565 1896 3640 ἐξεπέμ-

291 3661 397 3734 φθη
446 3659 592 3732 παρὰ
641 3664 740 3707 τῶν
798 3653 846 3708 ἐν
903 3662 1010 3716 τοῖς
1057 3663 1152 3716 τῆς
1195 3656 1435 3716 Βιθυνίας
1477 3659 1684 3728 μέρεσιν
1741 3660 1896 3708 ὄντων

290 3753 387 3802 καὶ
434 3747 504 3809 εἰς
547 3745 779 3819 φυλακὴν
832 3742 960 3798 εἶναι
1009 3752 1100 3796 τοῦ
1184 3748 1342 3796 τόπου
1413 3750 1896 3818 προστεταγμένων,

295 3842 370 3900 ὡς
412 3839 437 3890 ό
494 3836 719 3909 Μιχαὴλ
786 3838 1046 3907 Κομνηνὸς
1100 3835 1217 3904 (35)
1277 3833 1647 3905 Παλαιολόγος,
1695 3835 1777 3906 [Ρ.
1809 3836 1898 3907 74]

298 3928 357 3979 ὃν
405 3931 493 3979 καὶ
543 3930 699 3998 μέγαν
751 3923 1093 3977 κονοσταῡλον
1142 3924 1253 3994 (36)
1311 3942 1442 3995 προς
1497 3930 1589 3974 τοῦ
1639 3921 1902 3996 βασιλέως

299 4015 538 4070 Ἰωάννου
569 4017 594 4068 ὁ
641 4015 791 4087 λόγος
843 4015 1048 4086 φθάσας
1098 4014 1410 4084 τετιμῆσθαι
1473 4007 1739 4071 δεδήλωκε
1812 4018 1902 4065 καὶ

299 4110 400 4165 τὴν
448 4113 544 4167 τῆς
601 4105 814 4164 ἁπάσης
863 4105 1052 4163 ταύτης
1117 4106 1297 4174 χὼρας
1346 4102 1626 4173 ἠγεμονίαν
1691 4100 1903 4174 ἐμπεπι-

300 4196 582 4264 στεῦσθαι,
610 4196 780 4266 φυγὰς
803 4197 970 4265 ᾤχετο
1001 4196 1090 4244 καὶ
1129 4189 1212 4243 ἐπὶ
1259 4194 1345 4242 τὸν
1399 4197 1496 4242 τῶν
1549 4190 1902 4264 Μουσουλμά-

294 4294 400 4349 νῶς
428 4284 585 4358 ἀπῄει
612 4291 807 4358 χῶρον.
841 4282 1140 4354 Ἐταράχθῆ
1189 4283 1304 4351 (37)
1363 4287 1485 4352 γοῦν
1554 4278 1637 4332 ἐπὶ
1703 4282 1906 4341 τούτοις

297 4378 328 4429 ὁ
390 4374 638 4449 βασιλεὺς
694 4373 753 4426 ού
811 4380 1030 4447 μικρῶς,
1090 4375 1178 4422 καί
1262 4390 1325 4443 με
1395 4370 1900 4444 προσκαλεσάμενος,

300 4489 334 4518 ιι
365 4464 582 4536 Ἓγνως,
619 4487 645 4512 υ
676 4465 791 4535 ἔφη,
825 4483 852 4511 ιι
881 4465 934 4513 τί
955 4464 1156 4532 γέγονεν
1189 4476 1203 4528 ;
1239 4482 1268 4511 ››
1298 4465 1398 4514 Καὶ
1429 4459 1604 4527 αὐτὸς,
1652 4483 1680 4511 ιι
1731 4457 1906 4512 Οὐδα-

299 4563 432 4629 μῶς,
469 4576 496 4604 ››
523 4554 667 4626 ἔφην,
710 4573 738 4601 ιι
771 4548 811 4602 ὦ
845 4549 1086 4624 βασιλεῦ·
1120 4554 1172 4601 τί
1205 4545 1265 4601 δέ
1325 4549 1442 4602 ἐστι
1491 4569 1552 4602 το
1598 4551 1908 4622 προσφάτως

301 4646 644 4716 γεγενημένον
679 4657 749 4705 ;»
784 4647 842 4711 ιΟ
865 4637 924 4692 δὲ
956 4658 1138 4711 φησιν,
1179 4660 1199 4687 ι
1236 4637 1293 4689 Ὀ
1345 4641 1510 4710 μέγας
1568 4637 1907 4700 κονοσταύλος

385 4731 430 4766 ⁵³
457 4732 653 4802 ηὔχετο
681 4744 866 4802 usque
894 4729 973 4802 qd
1003 4727 1197 4799 ἐγένετο
1230 4729 1309 4795 (in
1332 4728 1453 4796 ﬁne
1477 4727 1541 4798 §i)
1568 4743 1680 4783 om.
1724 4729 1788 4782 D-

2075 3211 2162 3264 64.
2229 3205 2338 3263 Ubi
2388 3204 2834 3261 Tessalonicam
2903 3211 3148 3262 ventum
3229 3212 3338 3275 est,
3421 3209 3663 3281 nuptias

2001 3296 2138 3353 ﬁlia:
2170 3312 2294 3351 suae
2318 3294 2510 3351 Mariae
2541 3310 2680 3349 cum
2727 3293 2848 3350 ﬁlio
2892 3294 3190 3350 Michaelis
3244 3296 3511 3370 despotas
3565 3298 3660 3354 Ni-

2004 3387 2288 3458 cephoro,
2332 3399 2516 3457 quem
2564 3388 2620 3438 et
2669 3383 2939 3454 despotaa
3009 3401 3256 3441 munere
3337 3386 3664 3456 insignivit,

2006 3475 2281 3532 adornat.
2315 3472 2543 3529 Interea
2565 3473 2668 3543 qui
2701 3471 2987 3544 Bithyniae
3027 3478 3229 3546 partes
3286 3477 3658 3542 tutabantur,

2004 3565 2230 3637 quique
2251 3563 2313 3617 in
2353 3566 2541 3617 semet
2578 3561 2851 3618 locorum
2900 3563 3240 3619 custodiam
3289 3570 3660 3638 receperant,

2003 3654 2211 3710 litteris
2265 3652 2420 3707 datis
2468 3651 2816 3722 imperatori
2887 3651 3248 3723 signiﬁcant,
3319 3655 3662 3711 Michaelem

2008 3746 2381 3800 Comnenum
2405 3741 2827 3815 Paleeologum,
2860 3744 3066 3813 magni
3097 3744 3315 3800 stabuli
3345 3746 3580 3801 comitis
3631 3762 3668 3802 a

2007 3835 2235 3888 Joanne
2260 3831 2640 3904 imperatore,
2670 3837 2736 3888 ut
2766 3847 2952 3904 supra
2974 3839 3286 3888 narratum
3326 3833 3496 3906 143
3557 3839 3665 3901 est,

2009 3921 2176 3977 titulo
2202 3921 2695 3989 condecoratum,
2728 3923 2892 3978 etcui
2925 3921 3219 3980 universa)
3234 3923 3388 3978 illius
3409 3924 3669 3993 regionis

2010 4013 2365 4084 praefectura
2410 4009 2603 4066 fuerat
2650 4010 3041 4080 demandata,
3096 4012 3174 4067 ad
3254 4015 3670 4070 Musulmanos

2012 4099 2375 4169 confugisse.
2409 4101 2602 4166 Quare
2644 4101 2859 4156 anxius
2913 4100 3236 4174 imperator
3291 4103 3496 4159 animo
3539 4119 3664 4160 non

2012 4191 2500 4248 leviteraestuare.
2522 4192 2696 4246 Etme
2711 4190 2924 4259 accito,
2949 4194 3276 4261 «Tenesne,
3294 4213 3324 4244 »
3337 4193 3433 4263 ait,
3452 4215 3482 4245 «
3504 4192 3672 4265 quod

2016 4286 2248 4351 gestum
2273 4282 2412 4336 est?
2443 4300 2472 4329 n
2504 4281 2571 4334 Et
2599 4279 2748 4350 ipse,
2776 4301 2804 4328 ‹‹
2825 4283 3220 4353 Nequaquam
3245 4302 3295 4347 »,
3331 4282 3447 4345 aio,
3501 4302 3531 4335 ‹
3566 4282 3675 4337 im-

2015 4376 2274 4444 perator.
2305 4368 2459 4435 Quid
2492 4374 2684 4425 autem
2709 4385 2917 4425 recens
2949 4370 3217 4426 accidit?
3245 4394 3273 4421 »
3312 4371 3412 4427 llle
3451 4371 3673 4427 subdit:

2022 4482 2044 4511 ι
2081 4463 2328 4528 Magnus
2357 4475 2561 4515 comes
2584 4458 2805 4514 stabuli
2842 4458 2988 4529 fuga
3028 4475 3090 4514 se
3130 4460 3435 4533 surripuit,
3488 4465 3545 4517 et
3596 4461 3678 4517 ad

2018 4549 2430 4604 Musulmanos
2459 4549 2638 4604 venit.
2668 4548 2820 4613 Quid
2843 4547 2916 4603 de
2938 4547 3054 4605 hoc
3089 4550 3328 4605 animus
3362 4550 3679 4621 suggerit?

2020 4640 2110 4691 An
2139 4652 2210 4691 ex
2244 4636 2632 4693 Musulmanis
2673 4637 2931 4692 exercitu
2978 4637 3276 4693 conducto
3322 4638 3383 4693 in
3436 4644 3678 4694 nostras

1866 4728 1915 4763 ⁸³
1948 4729 1989 4782 D
2024 4745 2037 4782 :
2068 4726 2210 4798 Ἐπεὶ
2242 4721 2302 4798 δε
2328 4726 2353 4777 6
2381 4723 2627 4798 βασιλεὺς
2664 4730 2759 4784 τὴν
2812 4726 3202 4798 Θεσσαλονίκην
3262 4725 3527 4793 κατέλαϐε,
3558 4729 3682 4788 τοὺς

303 4793 1159 4881 γάμους’πληροί,’καὶβςσπόῖην
1189 4793 1274 4850 τόν
1304 4793 1600 4881 Νικηφόρον
1635 4819 1926 4881 τετιμηκεν.
1949 4793 2161 4881 Ἥκε-δ’
2193 4795 2333 4881 αὐτῷ
2370 4793 2543 4881 γραφὴ
2587 4799 2711 4881 ως,ό
2758 4797 3105 4881 Παλαιολόγος
3142 4797 3386 4881 ,Μιχαῂλ
3418 4797 3460 4881 Λό
3521 4802 3680 4881 μέγας

305 4865 652 4935 κονοσταυλοξ
677 4865 772 4932 τήν
801 4874 1043 4926 Βιθυνίαν
1074 4867 1266 4925 διέπων
1289 4865 1639 4944 φυλαςῷχετο
1659 4865 1778 4946 περὶ
1809 4874 1903 4930 τὴν
1931 4878 2028 4923 τῶν
2060 4865 2504 4941 Μουσουλμάι’ων’,
2528 4872 2619 4920 καὶ
2653 4865 2925 4942 ἐταράχθη
2958 4865 3044 4922 ἐπὶ
3068 4865 3280 4929 τούτοίς
3317 4871 3343 4922 ό
3411 4865 3677 4941 βασιλεύς.

1179 5083 1520 5156 Theodori
1569 5086 1820 5155 Dousa:
1869 5094 1936 5153 et
1982 5082 2234 5156 Leonis
2281 5082 2516 5153 Allatii
2566 5092 2767 5153 notae.

386 5281 501 5351 (45)
530 5277 588 5331 Ὀ
635 5243 859 5352 Μιχαὴλ
898 5279 924 5330 6
971 5277 1252 5350 Κομνηνός.
1325 5272 1638 5347 Gregoras,
1700 5292 1763 5348 p.
1827 5277 1915 5332 57.

308 5357 503 5494 A1356)
537 5422 598 5475 ’0
637 5427 800 5495 μέγας
830 5420 1194 5495 ξΚονόσταλος.
1255 5420 1512 5490 Magnus
1562 5433 1749 5495 comes
1797 5425 1920 5495 sta:

316 5490 466 5554 buli.
489 5490 1025 5562 'Kévr'ogiltalorum
1057 5499 1248 5562 conto,
1284 5498 1340 5546 et
1380 5497 1567 5562 comte
1596 5490 1918 5561 Gallorum)

313 5581 530 5637 comes,
557 5561 776 5620 σταύλον
822 5570 880 5621 et
941 5562 1210 5637 araﬁlo;,_
1234 5561 1367 5620 isive
1427 5561 1674 5637 adﬁce
1697 5564 1921 5637 Graeco-

314 5632 598 5698 Barbaris
630 5637 957 5695 stabulum.
996 5640 1083 5692 est
1133 5635 1312 5706 igitur
1363 5632 1748 5696 Κοντοσταῦλος
1801 5632 1923 5689 sive

2026 5273 2386 5347 Κονοσταῡλος
2441 5270 2574 5347 (ἤδη
2614 5270 2829 5347 melius
2886 5288 3073 5346 quam
3147 5270 3489 5347 ιςονόσταλος)
3579 5274 3685 5347 qui

2028 5346 2186 5402 Italis
2216 5344 2625 5418 contestabile,
2661 5344 3268 5418 Gallisiconnestable.
3311 5345 3370 5398 ’0
3396 5350 3558 5418 μέγας
3591 5344 3686 5398 Ko-

2027 5417 2308 5490 νοσταῦλος
2341 5433 2459 5490 non
2497 5422 2798 5490 postrema
2831 5417 3093 5490 dignitas
3127 5417 3186 5490 in
3236 5418 3460 5490 palatio
3501 5419 3684 5475 Greco

2030 5489 2156 5545 fuit.
2193 5489 2448 5546 Consule
2479 5487 2796 5544 Meursium
2830 5489 2890 5544 in
2932 5487 3257 5545 Clossario.‘
3292 5489 3504 5546 Dousa.

2104 5563 2217 5633 (37)
2253 5561 2582 5636 Ἐταράχθη.
2611 5561 2927 5632 Gregoras,
2952 5576 3012 5633 p-
3051 5565 3136 5617 57.
3157 5563 3293 5617 ALL.
