4124 6388
541 313 680 368 1155

1830 305 2125 362 GEORGII
2145 302 2624 363 ACROPOLITE.

3769 313 3920 367 1156

537 435 827 506 irrumpat
878 431 976 486 ille
1024 427 1335 501 provincia
1389 426 1417 482 ?
1473 447 1502 476 »
1547 448 1575 476 ‹‹
1631 426 1991 498 Neutiquam
2046 427 2194 484 mihi

2306 426 2514 502 ἀπέδρα
2562 435 2652 483 καὶ
2705 429 2789 482 ἐπὶ
2841 432 2907 483 τὰ
2959 439 3060 484 τῶν
3114 433 3535 506 Μουσουλμάνων
3610 441 3916 508 κεχώρηκε.

536 525 832 587 videtur,o
855 523 1197 592 imperator,
1231 533 1370 572 eum
1388 515 1504 572 tale
1525 516 1672 588 quid
1701 522 1970 571 acturum
1999 533 2011 570 :
2040 517 2195 572 illius

538 614 697 668 enim
725 627 970 668 sensum
1007 624 1118 678 ego
1157 613 1215 663 et
1261 622 1406 675 erga
1461 609 1766 662 Romanos
1824 621 2194 678 propensum

537 702 812 757 animum
824 699 1071 773 pulchre
1087 695 1292 752 calleo.
1313 717 1340 745 η
1358 698 1423 750 Et
1444 695 1799 767 imperator:
1817 696 2194 760 «Quamnam

537 806 680 862 ergo
706 791 785 846 ob
816 804 1064 845 causam
1088 786 1374 855 fugitivus
1414 784 1615 840 abiit?
1641 804 1670 835 »
1713 807 1734 834 ‹
1770 784 1959 854 Quod,
2017 807 2039 834 ι
2108 785 2194 839 in-

537 896 746 953 quam,
783 903 805 929 ε
837 883 901 934 ut
929 883 992 933 tu
1026 877 1178 932 bene
1209 875 1383 942 nosti,
1428 874 1774 945 imperator,
1822 889 1945 928 non
2006 873 2193 931 semel

537 975 642 1026 aut
670 969 781 1031 bis,
807 967 916 1024 sed
944 966 1166 1039 saepius
1192 969 1372 1036 atque
1399 963 1617 1034 saepius
1669 964 2043 1019 atrocissima
2085 962 2196 1019 mi-

536 1058 801 1128 nabaris,
827 1059 888 1111 in
917 1070 1178 1126 eumque
1215 1051 1530 1108 iracundia
1543 1051 1894 1119 concitatus,
1919 1051 2193 1124 plurimis

539 1145 941 1210 audientibus,
964 1148 1017 1199 te
1041 1143 1125 1197 illi
1153 1140 1361 1197 oculos
1391 1139 1755 1195 eﬂ‘ossurum
1780 1140 2078 1212 jactabas.
2114 1143 2192 1196 De

536 1235 630 1291 his
663 1234 760 1290 ille
787 1235 999 1289 certior
1029 1232 1240 1297 factus,
1275 1245 1414 1285 cum
1444 1245 1480 1286 a
1501 1229 1704 1285 multis
1736 1229 2194 1303 quidquidinter

535 1323 909 1396 loquendum
921 1321 1215 1376 diceretur
1228 1320 1609 1390 perdisceret,
1629 1319 1964 1391 angebatur
1989 1319 2192 1376 animo

537 1427 872 1483 poenasque
901 1408 1384 1476 exhorrescebat;
1419 1408 1663 1464 tandem
1686 1408 1863 1464 saluti
1907 1425 2029 1464 sua:
2053 1409 2194 1477 fuga

537 1499 852 1555 consuluit.
888 1519 916 1548 ››
954 1520 975 1548 ε
1020 1503 1083 1552 Et
1111 1502 1354 1568 propter
1382 1496 1548 1568 quid,
1592 1517 1620 1547 »
1669 1496 1800 1553 inﬁt
1847 1497 2192 1570 imperator,

538 1589 655 1644 «in
681 1587 906 1643 ditione
939 1592 1145 1642 nostra
1188 1590 1458 1642 moratus
1510 1602 1632 1642 non
1687 1591 1795 1656 est,
1843 1587 1980 1642 licet
2031 1586 2196 1643 mala

535 1678 665 1734 haec
694 1677 1004 1734 subiturus
1033 1676 1266 1742 fuisset,
1293 1677 1354 1731 in
1407 1676 1603 1732 alieno
1659 1676 1788 1733 solo
1830 1677 2089 1734 felicitati
2133 1679 2194 1734 in

536 1773 812 1824 materno
839 1766 1235 1822 infortunium
1267 1765 1589 1837 praeferens
1614 1764 1644 1821 ?
1670 1788 1698 1817 »
1733 1788 1754 1816 ι
1787 1767 2042 1823 Dedecet
2081 1767 2196 1823 hoc

535 1857 874 1916 humanum
903 1855 1201 1918 animum,
1232 1870 1268 1910 ο
1297 1855 1623 1926 imperator
1656 1871 1668 1921 ;
1699 1855 1852 1912 dura
1895 1855 2195 1928 siquidem

536 1952 716 2018 atque
754 1961 971 2017 aspera
997 1944 1225 2016 perpeti
1249 1945 1543 2016 noxisque
1563 1944 1745 1999 variis
1765 1943 2034 2000 aﬁlictari
2051 1959 2196 2000 non-

539 2034 689 2090 nulli
729 2033 971 2105 ingenio
1012 2032 1288 2088 validiori
1339 2049 1409 2088 ac
1465 2031 1638 2105 144
1689 2033 1967 2090 ferociori
2029 2039 2084 2090 et
2135 2033 2197 2089 in

535 2125 820 2180 humanae
851 2124 986 2198 vita:
1032 2121 1293 2189 casibus,
1339 2127 1407 2177 ut
1461 2122 1544 2178 ita
1596 2123 1819 2190 dicam,
1873 2122 2193 2188 obdurato,

537 2205 915 2268 sustinebunt
947 2229 960 2267 :
987 2212 1092 2268 sed
1123 2212 1258 2267 vitae
1283 2211 1476 2282 ipsius
1508 2211 1829 2267 discrimen
1888 2217 1942 2268 et
1987 2212 2194 2284 praeci-

536 2317 798 2374 puarum
840 2301 1107 2373 corporis
1172 2300 1434 2373 partium
1484 2300 1987 2371 imminutionem,
2047 2301 2197 2357 dum

536 2391 674 2463 quis
699 2390 811 2446 sibi
839 2391 1024 2459 timet,
1051 2389 1216 2446 haud
1231 2390 1462 2444 videtur
1479 2389 1605 2444 ﬁeri
1620 2406 1799 2462 posse
1818 2393 1882 2446 ut
1901 2390 2196 2462 patienter

537 2480 706 2550 ferat,
736 2481 840 2537 sed
877 2497 986 2552 pro
1018 2480 1152 2535 vitae
1187 2478 1450 2552 periculo
1476 2495 1740 2549 currens,
1775 2486 2073 2551 quantum
2131 2480 2194 2534 in

536 2587 599 2626 se
630 2575 737 2639 est,
764 2570 1015 2626 molesta
1044 2585 1115 2624 ac
1145 2569 1326 2624 noxia
1353 2568 1726 2638 subterfugit.
1775 2591 1802 2619 »
1865 2569 1966 2624 His
2022 2568 2195 2624 dictis

536 2658 834 2714 siluimus.
872 2661 936 2714 Et
962 2665 1101 2730 post
1130 2658 1311 2713 breve
1338 2656 1623 2729 spatium,
1659 2679 1687 2706 ‹‹
1718 2657 1872 2722 Quid
1899 2661 2122 2725 autem,
2163 2677 2192 2706 »

535 2749 615 2805 ait
644 2749 990 2821 imperator,
1025 2769 1046 2798 ε
1077 2747 1387 2803 existimas
1419 2763 1556 2801 eum
1589 2746 1888 2802 facturum
1930 2751 1958 2802 ?
1989 2768 2018 2797 »
2064 2749 2195 2818 Ipse

532 2838 818 2910 respondi
853 2854 866 2892 :
896 2859 925 2888 «
950 2838 1227 2909 suspicor
1244 2852 1383 2890 eum
1415 2851 1534 2890 non
1566 2835 1671 2890 diu
1696 2835 1862 2907 apud
1879 2838 2192 2893 Persarum

532 2927 867 2999 principem
894 2930 1338 2982 commoratum
1354 2924 1708 2992 missurum,
1730 2930 1844 2981 uta
1874 2925 2193 2995 majestate

534 3019 642 3071 tua
671 3014 1134 3070 commissorum
1166 3012 1403 3067 veniam
1433 3019 1864 3084 consequatur,
1898 3019 2193 3085 tanquam

513 3105 638 3175 .qui
665 3108 860 3175 speret
885 3103 1063 3157 etiam
1095 3101 1155 3156 in
1169 3102 1283 3156 hoc
1306 3101 1546 3171 negotio
1570 3101 1921 3157 auxiliarem
1943 3118 2194 3173 operam

535 3193 680 3249 dicti
709 3191 996 3265 principis
1027 3207 1148 3247 non
1171 3190 1536 3262 defuturam,
1577 3197 1634 3247 et
1681 3191 1742 3247 in
1771 3191 2064 3247 veritatisc
2091 3207 2196 3246 on-

531 3279 938 3336 ﬁrmationem
983 3285 1426 3336 sacramentum
1486 3279 1665 3336 etiam
1710 3285 2007 3352 exposcet,
2063 3281 2196 3335 sine

533 3384 678 3442 quo,
715 3374 777 3424 ut
803 3369 1037 3441 opinor,
1070 3370 1422 3441 neutiquam
1455 3369 1534 3425 ad
1565 3373 1621 3424 te
1650 3368 1866 3424 veniet.
1895 3388 1922 3416 ››
1956 3371 2198 3440 Propter

533 3459 663 3515 hinc
694 3457 1021 3529 imperator
1044 3458 1336 3526 turbatus,
1359 3458 1540 3514 rebus
1555 3457 1617 3513 in
1649 3457 1890 3512 incertis
1908 3473 1978 3512 ac
1996 3456 2197 3513 dubiis

534 3549 795 3619 agitatus
822 3567 840 3618 ;
873 3554 1010 3622 post
1030 3565 1260 3621 paucos
1293 3549 1423 3604 dies
1445 3564 1482 3604 a
1501 3547 1840 3603 cohortium
1863 3547 2198 3619 Bithynica-

533 3654 668 3694 rum
700 3642 757 3694 et
785 3637 1164 3710 Mesothyniaa
1202 3636 1565 3710 praesidibus
1618 3636 1890 3707 epistolae
1949 3636 2028 3692 ad
2089 3637 2194 3692 im-

535 3733 874 3802 peratorem
908 3728 1064 3784 datae
1091 3733 1229 3783 sunt
1274 3743 1288 3794 ;
1319 3742 1456 3798 qum
1485 3733 1656 3782 erant
1681 3726 1952 3798 epistolae
1991 3726 2198 3796 magni

537 3819 761 3875 comitis
775 3817 995 3874 stabuli
1013 3818 1088 3873 de
1109 3816 1362 3886 negotiis
1377 3803 1714 3888 pertractari
1723 3823 1810 3872 tes
1823 3817 1882 3872 in
1896 3817 2057 3873 hunc
2078 3818 2198 3873 fere

535 3908 809 3975 modum,
830 3908 908 3964 ad
927 3921 1427 3979 unumquemque
1455 3905 1686 3962 illorem
1715 3907 1952 3980 scriptae
1981 3924 1993 3962 :
2019 3930 2047 3958 «
2076 3910 2199 3978 Ego

534 3997 780 4071 quidem
805 3996 1261 4070 imperatorium
1300 3996 1579 4052 timorem
1633 3997 1839 4053 animo
1900 3997 2196 4061 volutans.

533 4087 892 4160 hairensque
932 4101 1006 4141 ne
1049 4101 1236 4157 quam
1268 4083 1534 4141 subirem
1574 4101 1823 4152 noxam,
1870 4086 2077 4153 fugam
2108 4101 2198 4141 ar-

533 4175 710 4247 ripui.
745 4178 856 4231 Vos
881 4180 1053 4232 caute
1077 4192 1147 4232 ac
1187 4174 1412 4230 fortiter
1440 4190 1641 4230 rerum
1663 4174 2010 4236 militarium
2037 4189 2199 4230 com-

533 4280 859 4320 missarum
878 4264 1050 4320 vobis
1070 4279 1278 4320 curam
1307 4263 1482 4332 agite.
1513 4262 1810 4318 Custodiae
1834 4261 2073 4316 urbium
2103 4277 2195 4316 ac-

534 4353 901 4426 oppidorum
958 4353 1020 4408 in
1075 4358 1202 4408 tuto
1260 4352 1396 4416 sint,
1455 4351 1874 4422 universaque
1937 4351 2197 4418 regionis

534 4442 804 4499 defensio
821 4458 892 4497 ac
907 4440 1455 4513 propugnaculum,
1469 4439 1555 4494 uti
1574 4439 1748 4494 moris
1762 4444 1868 4509 est,
1886 4439 2194 4510 procedat;

535 4537 591 4587 et
627 4529 1152 4603 quemadmodum
1175 4544 1437 4594 mecum,
1465 4527 1548 4582 ita
1560 4533 1866 4582 etrursum
1887 4544 1993 4583 vos
2013 4531 2196 4597 gerite

2229 3239 2270 3294 C

2304 522 2518 589 Τίγοὺν
2564 519 2668 591 ἄρα
2723 524 2841 595 περὶ
2892 528 2982 572 τοῦ
3037 525 3275 575 τοιούτου
3337 520 3574 595 dimi};
3623 532 3730 596 μῶν
3783 527 3922 597 πρὸς

2305 607 2727 680 Μουσουλμάνων
2778 609 3200 684 προσλαϐόμενος
3253 616 3553 687 στράτευμα
3607 614 3728 665 καθ’
3785 615 3923 686 ἠμεο

2301 700 2454 771 τέρας
2482 703 2722 772 χωρήσει
2755 719 2935 772 χωρας
2964 715 2977 767 ;
3002 719 3030 754 ›
3067 722 3096 750 ‹‹
3124 699 3387 774 Οὐδαμῶς
3417 722 3507 774 μοι
3547 698 3692 754 δοκεῖ
3738 722 3928 756 τοιου-

2301 805 2410 856 τον,
2444 783 2482 836 ὦ
2510 784 2752 858 βασιλεῦ,
2782 809 2810 837 ››
2857 791 2979 861 ἔφην
3042 812 3063 840 ‹
3114 791 3269 843 αὐτόν
3335 787 3757 864 δίαπράξασθαιο
3816 797 3919 852 τὴν

2299 877 2402 950 γὰρ
2432 881 2644 948 γνώμην
2673 883 2765 928 τοῦ
2793 873 2984 949 ἀνδρὸς
3027 877 3269 951 ἐπέγνων,
3321 884 3412 933 καὶ
3466 883 3525 933 τὸ
3567 889 3660 934 τοῦ
3713 886 3920 954 φρονή-

2301 983 2462 1036 ματος
2517 964 2834 1038 ἐπίσταμαι.
2879 965 3247 1040 φιλορώμαιον.
3309 990 3338 1019 ››
3400 973 3500 1022 Καὶ
3555 970 3582 1022 ὁ
3639 969 3915 1043 βασιλεὺς,

2303 1056 2486 1115 «Τίνος
2535 1051 2623 1106 οὖν
2675 1057 2837 1130 χάριν
2895 1058 3060 1128 φυγὰς
3115 1066 3216 1109 τῶν
3271 1061 3527 1130 ἡμετέρων
3583 1057 3780 1131 ἕγενετο
3839 1078 3916 1128 ;u

2302 1165 2330 1194 (ι
2356 1141 2478 1196 ⁴Οτι
2505 1163 2598 1217 περ
2623 1145 2756 1215 (38),
2791 1167 2821 1194 ››
2853 1146 2997 1218 ἔφην,
3031 1167 3053 1196 ε
3094 1149 3163 1209 ὡς
3187 1143 3366 1215 οἶσθα,
3413 1148 3451 1199 ὧ
3507 1146 3752 1221 βασιλεῦ,
3805 1150 3918 1222 οὐχ

2302 1231 2444 1295 ἅπαξ
2463 1229 2587 1285 οὐδὲ
2615 1229 2717 1300 δὶς,
2753 1231 2881 1285 ἀλλὰ
2917 1239 3008 1286 xui
3065 1237 3318 1309 μυριάκις
3368 1236 3596 1299 ἠπείλεις
3643 1237 3786 1309 άύτῷ
3847 1241 3912 1292 τὰ

2304 1317 2579 1374 δεινότατα
2607 1325 2696 1374 καὶ
2725 1322 2953 1396 ὠργίζου
2999 1324 3116 1376 κατ’
3171 1325 3333 1378 αὐτοῦ
3393 1325 3653 1398 χαλεπῶς,
3714 1329 3803 1380 καὶ
3853 1326 3912 1381 ἐν

2301 1410 2487 1469 πλήθει
2516 1415 2735 1484 παρόντι
2770 1412 2967 1464 πολλῶν
2998 1415 3218 1486 ἔφασκες
3268 1414 3530 1488 ἐκπέμψαι
3588 1419 3678 1468 καὶ
3729 1415 3905 1489 ἐξορύ-

2305 1500 2391 1563 ξαι
2423 1503 2472 1553 οἱ
2500 1504 2617 1562 τούς
2659 1500 2969 1574 ὀφθαλμούς,
3019 1509 3200 1556 Ταῦτα
3243 1503 3431 1566 ἐκεῖνος
3489 1504 3738 1577 ἐμάνθανε
3789 1505 3913 1576 (39)

2303 1595 2393 1643 καὶ
2436 1610 2580 1664 παρα
2629 1589 2827 1643 πολλῶν
2879 1599 2979 1642 τῶν
3035 1591 3314 1664 λεγομένων
3361 1597 3535 1661 ἤκουε,
3607 1598 3697 1647 καὶ
3783 1590 3918 1646 ἐδά-

2303 1698 2448 1731 κνετο
2478 1683 2572 1737 τὴν
2610 1678 2796 1751 ψυχὴν
2823 1684 2912 1732 xui
2939 1677 3134 1733 ἒδειλία
3169 1687 3264 1740 τὴν
3321 1686 3577 1756 τιμωρίαν
3631 1687 3722 1735 xui
3769 1683 3919 1734 ἀπο-

2307 1775 2484 1840 φυγεῖν
2515 1767 2801 1821 ἐπέσπευσε
2832 1773 2924 1828 τὴν
2952 1774 3158 1828 ποινήν,
3189 1791 3216 1820 ››
3249 1792 3277 1821 «
3311 1775 3410 1824 Καὶ
3459 1769 3554 1824 διὰ
3596 1776 3669 1838 τί,
3724 1795 3754 1823 ››
3819 1773 3921 1843 ἔφη

2305 1859 2332 1909 ὁ
2365 1855 2637 1930 βασιλεὺς,
2670 1879 2700 1908 ‹‹
2753 1857 2846 1910 ούκ
2903 1856 2951 1910 ἓν
3006 1865 3113 1919 τοὶς
3165 1859 3430 1933 ἡμετέροις
3480 1865 3926 1936 προσεκαρτέρει,

2307 1946 2468 2000 καὶεί
2508 1947 2690 1999 παθεῖν
2739 1945 2912 2020 ἔμελλε
2961 1949 3028 2000 τὰ
3083 1943 3226 2000 δεινὰ
3281 1947 3464 2012 ταύτα,
3518 1957 3612 2008 τῆς
3665 1947 3754 2000 ἐπὶ
3833 1957 3933 2010 τῆς

2308 2033 2610 2096 ἀλλοδαπῆς
2658 2035 2943 2109 εύπραφίας
2993 2040 3089 2095 τὴν
3146 2035 3197 2088 ἐν
3244 2044 3347 2098 τοῖς
3403 2037 3662 2108 ἱθαγενέσι
3726 2056 3933 2112 προτι-

2306 2133 2414 2198 μῶν
2449 2121 2822 2199 δυσπραγίανς
2856 2143 2886 2178 ›
2916 2148 2944 2176 ι(
2978 2126 3090 2178 Οὐκ
3120 2127 3235 2178 ἔστι
3264 2132 3417 2178 τοῦτο
3465 2125 3655 2197 ψυχῆς
3714 2123 3932 2200 ἂνθρω-

2303 2211 2541 2282 πίνης,ὦ
2571 2211 2816 2286 βασιλεῦ,
2865 2217 3012 2266 Δεινὰ
3063 2217 3154 2287 μὲν
3208 2216 3312 2290 γὰρ
3379 2216 3560 2268 παθεῖν
3616 2219 3706 2267 καὶ
3765 2233 3929 2290 περι-

2303 2309 2480 2355 πεσεῖν
2525 2308 2821 2376 συμφοραῖς
2868 2304 2992 2354 ἒδιοι
3043 2301 3104 2354 ἂν
3161 2304 3328 2355 ἰκανοὶ
3395 2311 3614 2375 φανῶσι,
3692 2303 3924 2380 στιῤῥο-

2303 2394 2454 2464 τέρου
2479 2394 2811 2464 γεγενημένοι
2842 2395 3171 2465 φρονήματος
3193 2395 3285 2444 καὶ
3326 2388 3434 2443 οἷον
3489 2391 3644 2444 εἰπεῖν
3703 2390 3922 2467 ἀπροσ-

2303 2482 2502 2542 παθοῡς
2556 2479 2604 2532 ἐν
2667 2487 2778 2540 τοῖς
2833 2487 2924 2532 τοῦ
2974 2479 3098 2552 βίον
3159 2481 3490 2555 πράγμασιν·
3549 2483 3609 2533 τό
3660 2477 3721 2534 δὲ
3790 2487 3920 2558 περὶ

2305 2569 2435 2642 αὐτῇ
2460 2576 2522 2642 τῇ
2574 2573 2679 2641 ζωῇ
2729 2565 2961 2622 δεδιέναι
3014 2574 3103 2621 καὶ
3154 2568 3596 2643 ἀκρωτηριασμὼ
3639 2578 3741 2622 τῶν
3794 2591 3921 2624 και-

2303 2662 2561 2733 ριωτέρων
2626 2666 2937 2730 σωματικῶν
3027 2665 3193 2731 μερῶν
3262 2655 3594 2732 προσδοκᾴν,
3669 2659 3920 2733 οὐμενοῦν

2306 2746 2479 2801 δοκέῖν
2501 2767 2616 2800 τινα
2649 2747 2700 2799 ἐν
2739 2751 2943 2809 τούτοις
2997 2752 3418 2824 προσκαρτίρεῖν,
3471 2747 3600 2801 ἀλλὰ
3651 2753 3739 2801 τόν
3795 2757 3920 2826 περὶ

2302 2836 2492 2909 ψυχης
2535 2841 2738 2910 τρέχων
2792 2835 3152 2910 ἀποφυγγάνει
3204 2846 3305 2889 τῶν
3366 2833 3546 2890 δεινων
3599 2840 3697 2896 ὅση
3759 2835 3921 2893 δύνα-

2304 2946 2415 2998 μις.
2475 2949 2504 2977 ››
2559 2926 2720 2979 Ταῦτ’
2772 2926 3002 2988 εἰπόντες
3083 2930 3504 2999 σεσιωπὸκαμεν.
3586 2933 3688 2981 Καὶ
3779 2932 3918 3001 μετὰ

2309 3013 2515 3086 Βραχὺ,
2543 3036 2572 3065 (ι
2592 3016 2656 3069 Τί
2695 3011 2754 3067 δὲ
2775 3016 2892 3080 οὶει,
2923 3036 2952 3065 ››
2985 3013 3010 3066 ὀ
3036 3013 3288 3087 βασιλεὺς
3316 3014 3433 3088 ἔφη,
3471 3036 3499 3066 ‹‹
3532 3024 3714 3069 τοῦτον
3761 3025 3917 3077 ποιῆ-

2306 3123 2398 3156 σαι
2430 3119 2444 3170 ;
2474 3126 2503 3154 ››
2547 3103 2678 3174 Ἐγὼ
2709 3099 2768 3156 δὲ
2789 3105 2914 3176 ἔφην
2936 3106 3006 3165 ὡς
3045 3125 3074 3154 ‹‹
3105 3107 3308 3177 Μικρὸν
3347 3103 3694 3177 ὑπολαμϐάνω
3740 3109 3916 3182 παρὰ·

2302 3196 2388 3244 τὸν
2441 3195 2762 3266 Περσάρχην
2819 3197 3291 3268 προσκαρτερήσας
3366 3192 3645 3246 ἀποσταλεῖ
3695 3212 3922 3265 συμπα-

2307 3283 2446 3342 θείας
2495 3284 2622 3353 πρὸς
2667 3288 2762 3332 τοῦ
2828 3289 2925 3334 σοῦ
2981 3284 3206 3355 κράτους
3258 3280 3557 3350 ἀξιωθῆναι,
3613 3282 3749 3352 ἔχων
3807 3287 3914 3335 καὶ

2303 3373 2391 3422 τὸν
2433 3372 2754 3442 Περσάρχην
2785 3368 2871 3422 ἐπὶ
2926 3378 2989 3443 τῇ
3039 3373 3283 3424 ὑποθέσει
3355 3369 3759 3444 μεσολαϐοῦντα,
3812 3371 3923 3432 ζη-

2304 3455 2539 3517 τήσειδὲ
2571 3478 2628 3512 σε
2669 3459 2820 3535 ὅρκον
2871 3459 2940 3520 εἰς
2991 3464 3085 3518 τὴν
3141 3467 3234 3521 τῆς
3297 3457 3545 3522 ἀληθείας
3603 3458 3921 3533 βεϐαίωσιν,

2306 3544 2365 3600 οὗ
2396 3549 2514 3601 ἄνευ
2550 3549 2720 3601 ούκέτι
2749 3567 2839 3621 μοι
2881 3544 3028 3602 δοκεῖ
3082 3551 3227 3624 παρὰ
3280 3553 3338 3603 σε
3387 3549 3690 3623 ἀφικέσθαι.
3740 3571 3770 3600 ››
3825 3550 3924 3603 Ἐν

2305 3639 2511 3698 τούτοις
2542 3634 2602 3696 ἦν
2659 3641 3039 3713 τεταραγμένος
3093 3639 3119 3690 ὁ
3183 3636 3453 3711 βασιλεὺς,
3509 3639 3557 3691 ἓν
3609 3637 3928 3712 ἀμφιϐόλοις

2305 3729 2584 3799 τυγχάνων
2611 3735 2717 3788 τοῖς
2759 3746 3086 3802 πραγμασιν.
3141 3726 3226 3788 Ὠς
3283 3724 3343 3781 δὲ
3390 3728 3504 3801 μετ’
3549 3727 3732 3800 ὀλίγας
3777 3730 3929 3791 τινας

2305 3817 2505 3888 ἡμέρας
2541 3821 2740 3890 γραφαὶ
2761 3819 2894 3891 πρὸς
2941 3819 3029 3867 τὸν
3092 3813 3318 3888 βασιλέα
3382 3815 3722 3890 ἐπέμφθησαν
3786 3821 3930 3891 πρὸς

2305 3912 2405 3956 τῶν
2437 3909 2912 3981 στραταρχούντων
2965 3903 3012 3956 ἐν
3072 3907 3290 3978 Βιθυνίᾳ
3337 3911 3428 3959 καὶ
3481 3909 3803 3979 Μεσοθυνία,
3868 3909 3929 3959 αἱ

2308 3989 2368 4048 δὲ
2396 4000 2591 4070 γραγαὶ
2621 4003 2713 4048 τού
2757 3993 3103 4048 κονοσταύλου
3158 3994 3386 4067 μεγάλου
3444 3993 3737 4067 ἐτύγχανον
3792 3999 3930 4070 πρὸς

2307 4083 2494 4144 αὐτοὺς
2563 4081 2887 4157 περιλήψεως
2943 4085 3169 4155 ἔχουσαι
3220 4083 3382 4145 οὕτως
3463 4085 3614 4156 (πρὸς
3692 4085 3783 4136 ενα
3863 4080 3932 4138 δέ

2305 4173 2523 4224 ἕκαστον
2589 4181 2689 4223 τῶν
2743 4174 2990 4224 τοιούτων
3042 4170 3406 4247 ἐγεγραφήκει)
3479 4174 3548 4234 ὡς
3634 4172 3773 4242 Ἐγὼ
3825 4176 3927 4245 μὲν

2305 4264 2391 4312 τὸν
2422 4258 2478 4312 ἐκ
2507 4267 2600 4311 τοῦ
2629 4258 2890 4332 βασιλέως
2922 4258 3076 4333 φόϐον
3109 4257 3186 4334 [Ρ-
3219 4259 3312 4332 ’75]
3348 4258 3397 4312 ἐν
3445 4267 3506 4333 τῇ
3567 4257 3771 4335 καρδίᾳ
3817 4281 3929 4334 μου

2306 4352 2465 4421 ἔχων,
2515 4353 2606 4401 καὶ
2659 4345 2853 4411 δεδιὼς
2902 4355 2974 4422 μή
3041 4354 3090 4402 τί
3150 4369 3250 4402 που
3321 4352 3472 4403 πάθω
3531 4345 3720 4417 δεινὸν,
3777 4359 3927 4425 φυγῇ

2306 4437 2643 4510 ἐχρησάμην·
2694 4440 2842 4510 ὑμεῖς
2892 4435 2950 4490 δὲ
2998 4444 3255 4512 φρονίμως
3315 4459 3408 4500 xu;
3484 4435 3752 4512 ἀνδρικῶς
3819 4450 3932 4493 τῶν

2308 4536 2696 4602 στρατιωτικῶν
2754 4527 3187 4600 ἐγχειρισθέντων
3249 4525 3371 4602 ὑμῖν
3413 4531 3740 4602 πραγμάτων
3806 4529 3934 4584 ἄντ-

535 4596 910 4690 Subscriptio
947 4632 1240 4686 magnum
1274 4617 1558 4672 comitem
1585 4615 1756 4690 145
1811 4596 2194 4674 stabulicon-

2305 4619 2515 4690 έχεσθε,
2565 4637 2655 4670 και
2712 4619 2766 4669 αἱ
2820 4616 3045 4690 φυλακαὶ
3094 4626 3193 4670 τῶν
3235 4618 3520 4691 πολιχνίων
3564 4623 3658 4672 καὶ
3714 4621 3930 4674 ἄστεων

533 4705 806 4765 notabat.
850 4706 946 4761 His
975 4705 1301 4778 imperator
1345 4704 1550 4761 litteris
1593 4707 1876 4779 inspectis
1921 4707 2194 4764 animum

535 4795 726 4853 utmio
759 4795 982 4866 gaudio
1012 4795 1376 4853 exhilaratus
1400 4796 1782 4852 sermonibus
1815 4797 1964 4853 meis
2008 4797 2194 4854 ﬁdem

535 4886 832 4944 adhibuit.

2306 4705 2556 4781 ἀσφαλεῖς
2591 4706 2848 4775 ἔστωσαν,
2879 4712 2969 4760 καὶ
2999 4709 3030 4767 ἡ
3063 4715 3159 4770 τῆς
3193 4708 3402 4770 ἁπάσης
3429 4713 3612 4782 χώρας
3661 4715 3923 4784 προσοχὴ

2302 4802 2394 4851 καὶ
2449 4802 2774 4870 συντήρησις
2836 4797 2959 4870 παρ’
3014 4797 3157 4870 ὑμῶν
3205 4800 3274 4858 ὡς
3331 4799 3440 4859 ἔθος
3508 4800 3758 4870 γενέσθω,
3824 4803 3930 4851 καὶ

2302 4889 2477 4948 καθὼς
2524 4885 2795 4960 ἐπράττετε
2850 4885 2963 4960 μετ’
3011 4884 3156 4959 ἐμοῦ,
3207 4891 3298 4940 καὶ
3361 4883 3512 4949 αὖθις
3553 4894 3774 4944 ποιεῖτε.
3818 4893 3936 4942 Καὶ

535 4979 565 5037 ἡ
603 4975 858 5051 ἐπιγραφὴ
884 4979 972 5029 τόν
1002 4981 1166 5050 μέγαν
1195 4974 1537 5028 κονοσταῦλον
1559 4977 1826 5048 ἐσημαίνε.
1861 4975 2070 5040 Ταύτας
2097 4979 2123 5029 ὁ
2154 4975 2404 5050 βασιλεὺς
2434 4977 2750 5050 θεασάμενος
2771 4977 2860 5037 τὰς
2900 4977 3102 5050 γραφὰς
3152 4974 3337 5052 ἱλαρῶς
3387 4973 3591 5036 διετέθη
3641 4980 3775 5052 πρὸς
3833 4982 3933 5039 τὴν

536 5067 784 5120 ὑπόθεσιν
817 5070 903 5118 καὶ
929 5073 1040 5127 τοῖς
1063 5065 1240 5138 λόγοις
1269 5085 1369 5138 μου
1397 5063 1821 5136 ἐμπεπίστευκεν.

607 5194 694 5246 65.
727 5191 841 5247 Sed
874 5191 1023 5247 dum
1053 5190 1174 5246 huc
1203 5190 1390 5247 oratio
1426 5190 1721 5263 perducta
1745 5195 1853 5262 est,
1871 5190 1931 5246 in
1945 5190 2199 5248 historia

2309 5190 2394 5256 Ea'.
2467 5191 2723 5244 Ἐνταῦθα
2781 5187 2841 5244 δε
2888 5191 2936 5227 ⁵⁸
2981 5197 3074 5244 τοῦ
3123 5193 3278 5264 λογου
3357 5196 3621 5266 γενόμενοι
3704 5194 3779 5247 τὰ
3834 5203 3936 5256 τῆς

607 5280 655 5315 ⁵⁴
713 5282 824 5338 D.:
875 5279 1015 5335 Ἐπεὶ
1070 5277 1130 5334 δε
1179 5282 1205 5334 ό
1246 5279 1601 5353 Παλαιολόγος
1634 5279 1695 5332 ’ἐν
1746 5287 1858 5342 τοῖς
1911 5281 2076 5344 οἴκοις
2120 5289 2222 5334 τῶν
2277 5283 2650 5357 Τουρκομάνων
2703 5279 2936 5354 ἀφίκετο,
2992 5282 3160 5354 τούτῳ
3230 5283 3300 5346 ὡς
3385 5281 3581 5358 ἕρμαίῳ
3666 5279 3937 5358 ἐντυχόν-

1513 5425 1837 5488 Theodori
1875 5423 2110 5487 Dousee
2142 5428 2207 5487 et
2233 5424 2468 5487 Leonis
2496 5424 2717 5487 Allatii
2742 5429 2934 5488 notae.

605 5574 999 5650 (38)'_'01'L1:'ap.
1029 5578 1338 5646 Gregoras,
1372 5591 1433 5648 p.
1469 5580 1555 5631 57.
1583 5577 1700 5632 Nec
1750 5573 1987 5634 diversa
2043 5581 2182 5634 sunt

529 5661 668 5719 qua
701 5647 967 5705 Phranza
994 5647 1450 5705 commemorat.
1499 5651 1636 5703 ALL.

2293 5576 2402 5650 (59)
2467 5581 2646 5630 Ταῦτα
2708 5573 2896 5638 ἐκεῖνος
2961 5575 3231 5634 ἐπάνθανε.

3317 5575 3742 5654 Pachym'eres,
3807 5579 3931 5638 lib.

2269 5660 2308 5716 ι,
2341 5663 2394 5704 c.
2423 5651 2476 5706 9.
2511 5651 2650 5706 ALL.
