4124 6414
247 295 386 351 H57

245 420 500 498 ἱστορίας,
542 417 608 476 ὡς
661 411 778 468 δεον
826 415 988 486 ἐστὶν,
1043 417 1435 491 ἔμπλατύνωμεν
1469 438 1482 450 ·
1516 417 1713 470 πολλῶν
1747 421 1848 494 γὰρ
1882 426 1923 473 Δ

242 505 408 579 λόγων
457 505 581 568 οῖξια
633 507 700 556 τὰ
755 503 804 556 ἐν
970 516 1106 580 φυγῇ
1147 511 1462 579 γεγενημένα
1512 515 1603 559 τοῦ
1639 515 1848 580 Κομνη-

241 603 331 648 νοῦ
358 594 578 668 Μιχαὴλ
622 592 866 666 ἐγεγόνει,
910 595 1054 649 Ἐπεὶ
1105 600 1206 672 γὰρ
1259 597 1411 658 οὗτος
1457 596 1504 649 ἐν
1559 605 1671 660 τοῖς
1708 598 1852 657 οἰκή-

243 705 380 760 μασι
409 693 509 737 τῶν
538 685 918 756 Τουρκομάνων
970 684 1182 758 ἀφίκετο
1243 687 1403 756 (ἔθνος
1455 683 1514 738 δὲ
1559 694 1711 738 τοῦτο
1743 694 1854 749 τοῖς

244 776 424 850 ἄκροις
482 775 647 849 ὁρίοις
695 781 793 824 τῶν
852 779 1062 848 Περσῶν
1114 771 1384 849 ἐφεδρεῦον
1445 781 1535 828 καὶ
1602 773 1851 846 ἁσπόνδῳ

244 869 394 937 μίσει
444 867 580 916 κατά
632 865 896 934 Ῥωμαίων
939 869 1208 936 χρώμενον
1268 869 1358 916 καὶ
1417 864 1677 938 ἁρπαγαῖς
1737 872 1854 928 ταῖς

247 952 303 1005 ἐκ
339 955 534 1006 τούτων
570 959 760 1024 χαῖρον
817 957 907 1004 καὶ
963 960 1072 1015 τοῖς
1101 951 1156 1005 ἐκ
1185 953 1419 1027 πολέμων
1477 955 1682 1016 σκύλοις
1708 959 1854 1008 ἐπευ-

246 1047 600 1118 φραινόμενον,
654 1045 744 1094 καὶ
809 1044 925 1094 τότε
979 1038 1046 1100 δὴ
1117 1042 1307 1116 μᾶλλον
1390 1045 1543 1096 ὁπότε
1625 1047 1692 1096 τὰ
1752 1052 1852 1096 τῶν

250 1137 461 1204 Περσῶν
499 1129 800 1203 ἐκυμαίνετο
848 1135 939 1183 καὶ
976 1137 1088 1192 ταῖς
1145 1130 1200 1183 ἐκ
1248 1139 1346 1184 τῶν
1385 1137 1668 1206 Ταχαρίων
1725 1132 1850 1206 £96-

245 1215 356 1281 δοις
387 1216 835 1295 συνεταράττετο),
863 1227 937 1290 τῷ
991 1226 1240 1293 Κομνηνῷ
1271 1221 1495 1292 Μιχαὴλ
1547 1225 1616 1283 ὡς
1656 1222 1852 1295 ἑρμαίῳ

241 1309 544 1382 ἐντυχόντες
588 1313 716 1378 τινὶ,
783 1313 868 1361 καὶ
928 1308 1110 1382 λίχνον
1150 1312 1296 1383 ὄμμα
1339 1319 1448 1374 τοῖς
1476 1311 1637 1364 αὐτοῦ
1665 1311 1852 1364 ἐπιϐα-

240 1401 410 1463 λόντες
448 1403 748 1476 πράγμασι,
779 1401 951 1452 πάντα
994 1402 1060 1452 τὰ
1115 1401 1274 1452 αὐτοῦ
1307 1398 1659 1474 διηρπάκασι,
1709 1421 1855 1476 χρυ-

247 1495 357 1561 σόν,
421 1491 668 1565 ἄργυρον,
721 1489 932 1555 ἵππους,
987 1490 1276 1562 ὑφάσματα
1326 1495 1416 1542 καὶ
1476 1490 1611 1542 αὐτὰ
1668 1487 1735 1548 δὴ
1787 1494 1854 1542 τὰ

244 1577 515 1652 ἐνδύματα
560 1579 633 1640 οἷς
683 1579 732 1630 οἱ
780 1577 942 1630 αὐτοῦ
981 1575 1300 1634 ἐνεδέδυντο.
1359 1584 1762 1653 Διαμερίσαντες
1793 1575 1852 1631 δὲ

245 1673 338 1721 καὶ
392 1670 586 1728 πάντας
634 1669 750 1728 τοὺς
822 1665 1161 1739 ἐφεπομένους
1245 1667 1407 1739 αύτῷ,
1487 1668 1706 1730 ἕκαστος
1762 1671 1850 1720 τὸν

1752 296 2094 353 ANNALES.

3481 301 3618 358 1158

1964 419 2332 488 enarranda,
2359 419 2442 475 uti
2457 436 2568 492 par
2584 426 2688 492 est,
2721 421 2966 478 uberius
2995 423 3453 494 progrediamur
3480 441 3492 479 :
3529 423 3617 478 di-

1959 526 2080 580 gna
2095 511 2253 565 enim
2279 511 2758 566 consideratione
2783 518 2922 567 sunt
2940 515 3240 584 quaeinter
3261 513 3615 582 fugiendum

1958 601 2221 656 Michaeli
2253 602 2558 657 Comneno
2583 600 2871 668 accidere,
2913 604 3160 674 quando
3182 603 3277 658 hic
3305 602 3384 658 ad
3404 605 3614 660 Turco-

1959 705 2281 745 manorum
2316 690 2489 745 sedes
2530 690 2822 761 pervenit.
2874 693 3027 747 Gens
3077 693 3191 748 ista
3228 693 3289 748 in
3333 692 3615 748 extremis

1960 780 2273 834 Persarum
2291 778 2631 834 conﬁnibus
2655 779 2898 845 assidet,
2925 780 3065 836 odio
3091 781 3378 837 adversus
3398 784 3614 838 Roma-

1959 882 2071 924 nos
2092 869 2444 924 inexorabili
2483 876 2666 941 atque
2695 869 3037 942 inexpiabili
3062 870 3284 940 furens,
3316 877 3372 926 et
3392 872 3616 943 rapinis

1959 974 2157 1014 eorum
2175 963 2231 1014 et
2246 958 2470 1013 bellicis
2486 959 2691 1030 spoliis
2715 958 3028 1014 admodum
3043 959 3314 1030 gaudens
3328 960 3618 1029 gestiens-

1959 1063 2099 1120 que.
2130 1047 2196 1103 Hi
2227 1051 2368 1102 tunc
2389 1047 2678 1119 temporis
2702 1047 3108 1119 potissimum,
3138 1064 3275 1104 cum
3307 1051 3619 1105 Persarum

1959 1152 2054 1193 res
2084 1136 2364 1192 titubaret
2408 1141 2464 1191 et
2505 1135 2935 1192 Tachariorum
2987 1137 3418 1208 irruptionibus
3473 1136 3618 1194 afﬂi-

1961 1231 2238 1290 ctaretus,
2273 1225 2331 1280 in
2383 1225 2723 1282 Michaelem
2757 1227 3132 1282 Comnenum
3170 1226 3418 1282 obvium
3456 1228 3620 1284 velut

1957 1313 2020 1370 in
2035 1315 2382 1369 thesaurum
2404 1311 2736 1384 quemdam
2754 1313 3106 1384 incidentes,
3120 1315 3392 1370 etoculos
3405 1331 3619 1372 avaros

1957 1404 2019 1458 in
2046 1401 2201 1457 illius
2228 1401 2694 1474 suppellectilem
2719 1401 3124 1470 conjicientes,
3159 1404 3442 1459 universa
3460 1404 3619 1460 illius

1958 1493 2231 1564 praedam
2261 1496 2464 1560 agunt,
2501 1507 2740 1556 aurum,
2769 1497 3106 1560 argentum,
3134 1507 3345 1564 equos,
3370 1492 3614 1562 textilia,

1957 1580 2119 1652 ipsas
2150 1579 2327 1634 etiam
2351 1584 2564 1648 vestes,
2587 1579 2810 1650 quibus
2835 1579 2940 1650 qui
2961 1595 3100 1634 cum
3131 1595 3202 1634 eo
3233 1584 3405 1635 erant
3441 1579 3614 1652 146

1958 1667 2382 1723 induebantur.
2419 1668 2622 1724 Socios
2653 1657 2897 1740 qiquue
2927 1667 3082 1722 illius
3111 1667 3335 1724 divisos
3357 1669 3617 1740 quisque

247 1761 638 1830 κατεσχημένον
705 1756 776 1819 εἰς
827 1756 1019 1809 οἰκείαν
1077 1753 1313 1811 δουλείαν
1369 1758 1614 1830 ἠγάγετο.
1673 1756 1734 1810 e0
1792 1755 1851 1810 δὲ

1960 1774 2099 1814 suos
2119 1759 2180 1813 in
2207 1757 2514 1830 propriam
2547 1757 2887 1812 servitutem
2927 1757 3196 1813 adduxit.
3225 1757 3470 1814 Michael
3491 1774 3616 1814 ser-

251 1849 514 1920 Κομνηνός
588 1844 812 1917 Μιχαὴλ
890 1849 1041 1918 μόγις
1090 1853 1278 1922 χεῖρας
1325 1849 1518 1899 τούτων
1558 1843 1852 1919 διεκφυγάη

243 1942 336 1990 καὶ
391 1943 524 1990 Θεοῦ
573 1939 790 2011 προνοίᾳ
847 1931 1131 1998 διασωθεὶς
1171 1939 1364 2009 γυμνός
1418 1936 1650 1989 ἁπάντων
1705 1939 1852 2010 παρὰ

243 2030 338 2080 τὸν
375 2027 697 2099 Περσάρχην
751 2022 980 2098 ἀφίκετο.
1026 2024 1086 2077 Ὁ
1143 2023 1204 2078 δὲ
1259 2026 1320 2078 ού
1381 2028 1519 2078 κατὰ
1546 2026 1726 2084 νέηλυν
1753 2046 1849 2098 φυ-

241 2113 392 2189 γάδα
417 2121 599 2169 τοῦτον
629 2111 840 2178 ἐδέξατο
874 2115 1008 2183 (40),
1043 2112 1149 2166 ἀλλ’
1201 2113 1437 2188 ἀσμένως
1490 2115 1606 2168 λίαν
1649 2120 1849 2189 προσή-

243 2225 392 2260 κατο.
441 2203 520 2258 Τό
576 2222 632 2257 τε
691 2207 792 2279 γὰρ
871 2203 1068 2275 εύγενές
1117 2212 1208 2256 τοῦ
1270 2200 1462 2278 ἀνδρὸς
1513 2203 1848 2278 ἐμεμαθήκει,

243 2299 338 2347 καὶ
401 2294 580 2354 πάντες
663 2295 713 2344 οἱ
790 2295 921 2366 μετὰ
990 2299 1083 2345 τοῦ
1159 2295 1477 2369 ῐῐερσάρχου
1548 2300 1850 2366 μεγιστᾶνες

243 2381 504 2444 τελοῦντες
533 2385 592 2434 1'6
631 2378 769 2443 εἶδος
826 2382 986 2434 αὐτοῦ
1043 2386 1133 2435 καὶ
1187 2385 1246 2434 τό
1295 2389 1535 2458 φρόνημα
1574 2385 1845 2455 τεθαυμά-

244 2492 394 2539 κασι,
435 2476 527 2524 καὶ
565 2472 592 2524 ὃ
639 2476 772 2544 φησί
801 2489 876 2531 τις
903 2479 1004 2523 τῶν
1055 2469 1310 2532 παλαιῶν,
1351 2469 1655 2547 τυραννίδος
1707 2472 1850 2534 ἄξιον

245 2563 472 2636 ἔκριναν.
521 2560 606 2622 Εἰς
645 2560 852 2633 ὀλίγους
905 2558 1007 2636 γὰρ
1061 2561 1202 2631 αύτῷ
1270 2560 1521 2624 ξυνιόντες
1581 2561 1768 2632 λόγους
1796 2559 1852 2612 ἔκ

250 2649 500 2726 βραχίων
525 2655 617 2711 τὴν
642 2658 735 2703 τοῦ
775 2647 961 2723 ἀνδρὸς
1016 2648 1390 2722 ἕπεγνὼκεισαν
1432 2653 1802 2726 σταθηρότητα
1834 2672 1846 2684 ·

242 2744 340 2798 τήν
366 2758 420 2792 τε
464 2742 562 2815 γὰρ
614 2739 775 2791 αὐτοῦ
831 2742 1214 2812 στρατιωτικὴν
1262 2736 1607 2814 ἐτεκμήραντο
1659 2743 1852 2812 τέχνην

241 2834 338 2882 καὶ
413 2833 508 2888 τὴν
584 2827 631 2880 ἓν
697 2835 802 2888 τοῖς
857 2826 1102 2900 πολέμοις
1156 2825 1444 2902 ἀκρίϐειαν,
1505 2833 1596 2880 καὶ
1646 2831 1710 2889 ὡς
1758 2828 1852 2880 ούκ

243 2915 420 2981 ἀδαὴς
473 2917 534 2969 ἂν
595 2921 672 2976 εἴη
721 2926 822 2969 τῶν
873 2921 1242 2991 προσηκόντων
1296 2916 1345 2968 ἐν
1401 2919 1626 2990 μάχαις.
1683 2919 1851 2991 Χάριν

245 3010 339 3080 μὲν
398 3003 484 3058 οὖν
541 3014 639 3058 τῶν
701 3005 1081 3078 ἐσκυλευμένων
1134 3005 1294 3058 αὑτοῦ
1369 3009 1692 3081 πραγμάτων
1757 3011 1848 3059 καὶ

246 3104 352 3148 τῶν
411 3091 886 3168 διαμεμερισμίνων
966 3097 1236 3169 ὑπηρετῶν
1295 3100 1494 3168 γραφαὶ
1543 3103 1635 3148 τοῦ
1703 3095 1851 3148 σουλ·
1890 3128 1931 3184 C

242 3186 423 3256 τάνου,
457 3183 502 3237 εἰ
529 3188 618 3236 καὶ
669 3184 736 3245 εἰς
760 3187 950 3257 μάτην,
981 3188 1306 3256 γεγένηνται,
1343 3185 1405 3236 ἶν’
1454 3183 1852 3257 ἐπισυναχθεῖεν

241 3277 314 3328 τὰ
357 3276 531 3327 πάντα
581 3278 670 3327 καὶ
721 3275 908 3337 πάντες
964 3279 1054 3326 καὶ
1094 3272 1474 3347 ἑπικομισθεῖεν
1505 3273 1664 3345 αὐτῷ.
1710 3274 1852 3327 Ἐπεὶ

246 3361 310 3419 δὲ
339 3364 425 3417 ἐπὶ
456 3363 616 3437 ξυροῦ
674 3361 842 3436 ἀκμῆς
870 3365 938 3416 τὰ
965 3371 1062 3425 τῆς
1112 3365 1300 3436 μάχης
1355 3368 1534 3436 σφίσιν
1582 3363 1853 3436 ἐφίστατο,

243 3483 320 3496 —-
361 3454 412 3506 οἱ
461 3472 515 3506 τε
565 3454 670 3527 γὰρ
743 3455 1009 3528 Ταχάριοι
1053 3455 1121 3504 τὰ
1168 3452 1325 3505 πλείω
1370 3459 1468 3513 τῆς
1525 3457 1705 3527 χώρας
1755 3461 1855 3506 τῶν

244 3541 676 3616 Μουσουλμάνων
726 3540 1030 3614 ληίσάμενοι
1091 3546 1210 3616 περὶ
1273 3543 1341 3594 τὰ
1391 3540 1596 3617 Ἀξαρα
1661 3541 1855 3617 ἐστρα-

245 3629 657 3702 τοπεδεύσαντο,
697 3637 846 3684 πᾶσα
895 3627 955 3683 δε
995 3629 1193 3703 ἀνάγκη
1249 3627 1310 3690 ἦν
1365 3635 1456 3683 καὶ
1510 3634 1640 3705 πρός
1669 3633 1854 3704 μάχην

245 3725 374 3783 τοὺς
420 3725 630 3795 Πέρσας
703 3718 1010 3778 ἀντιστῆναι
1080 3726 1186 3780 τοίς
1259 3723 1566 3795 Ταχαρίοις.
1619 3724 1716 3773 Τόν
1763 3723 1855 3794 μὶν

250 3807 342 3864 οὖν
401 3813 666 3883 Κομνηνόν
699 3808 780 3882 [Ρ.
818 3807 911 3882 76]
969 3808 1195 3880 Μιχαὴλ
1254 3809 1326 3869 εὶς
1349 3811 1582 3881 ἡγεμόνα
1611 3810 1725 3881 (41)
1755 3818 1855 3862 τῶν

250 3906 584 3974 Χριστιανῶν
643 3900 1044 3973 στρατευμάτων
1095 3900 1146 3950 οἱ
1207 3902 1407 3971 Πέρσαι
1485 3894 1614 3950 εἶναι
1682 3894 1855 3952 διετά-

255 3985 514 4052 ξαντο.⁶0
557 3985 616 4042 δε
669 3987 780 4041 ἐπεὶ
831 3986 880 4039 ἐν
934 3983 1204 4060 ἀλλοδαπῇ
1274 3985 1553 4060 ἐτύγχανεν
1584 3987 1675 4056 ὢν,
1724 4006 1856 4061 συμ-

247 4085 448 4152 μαχεῖν
503 4081 593 4151 μὲν
647 4075 1082 4150 Μουσουλμάνοις
1154 4075 1466 4129 ἁπευκταῖον
1525 4077 1720 4148 ἠγεῖτο,
1785 4081 1854 4150 μή

252 4185 399 4235 ποτε,
426 4169 495 4230 ὡς
538 4169 756 4239 ἔφασκεν
815 4169 982 4236 ουτος,
1045 4165 1094 4218 ἐν
1149 4168 1302 4238 μάχῃ
1358 4169 1516 4218 πεσὸν
1565 4169 1624 4218 τό
1652 4164 1857 4229 εύσεϐὶς

246 4257 385 4330 αἷμα
448 4257 641 4329 αἵμασι
705 4257 1119 4328 συνανακραθείη
1173 4255 1401 4316 ἀνοσίοις
1473 4259 1563 4307 καὶ
1620 4252 1854 4324 ἀσεϐέσι,

241 4349 434 4420 χάριτι
474 4342 534 4398 δέ
585 4347 698 4418 θείᾳ
754 4344 1102 4420 ἀναρρωσθεὶς
1160 4350 1249 4398 καὶ
1301 4352 1531 4417 γενναῖον
1591 4342 1855 4397 ἀναλαϐὼν

245 4441 492 4510 φρόνημα
556 4437 684 4507 πρὸς
748 4439 843 4493 τὴν
917 4437 1102 4506 μάχην
1159 4432 1451 4509 ἐξώρμησε.
1504 4437 1575 4488 T6
1624 4437 1714 4507 μὲν
1768 4431 1856 4487 οὖν

1957 1853 2151 1914 vatus,
2180 1847 2474 1918 spoliatus
2521 1847 2806 1901 omnibus
2832 1845 2907 1901 ad
2943 1847 3261 1902 Persarum
3282 1846 3616 1919 principem

1957 1937 2281 2001 confertur,
2303 1936 2404 2007 qui
2434 1951 2572 1990 eum
2603 1950 2726 1990 non
2764 1929 3060 2007 tanquam
3105 1936 3482 2006 transfugam
3514 1936 3618 1992 ad-

1956 2041 2176 2082 venam
2206 2025 2456 2098 excepit,
2485 2024 2591 2079 sed
2616 2040 2804 2096 quam
2834 2023 3273 2080 humanissime
3303 2025 3616 2081 hominem

1957 2114 2274 2187 amplexus
2321 2120 2410 2170 cst
2453 2114 2585 2184 (viri
2624 2129 2894 2186 namque
2924 2113 3300 2170 nobilitatem
3336 2130 3618 2188 percepe-

1956 2206 2089 2275 rat),
2115 2208 2171 2260 et
2195 2219 2409 2260 omnes
2450 2203 2618 2272 regni
2643 2217 2922 2274 proceres
2971 2202 3169 2259 forma
3204 2203 3366 2258 illius
3414 2209 3472 2259 et
3522 2221 3620 2262 co-

1959 2292 2349 2363 gitationibus
2374 2291 2888 2364 obstupescentes,
2913 2291 3079 2364 quod
3106 2292 3496 2364 antiquorum
3518 2309 3619 2350 ne-

1959 2384 2082 2440 scio
2131 2384 2268 2456 quis
2305 2383 2556 2451 dixerat,
2605 2381 2858 2451 dignum
2900 2382 3156 2453 imperio
3198 2381 3548 2453 judicarunt
3601 2397 3616 2437 :

1958 2472 2511 2546 paululumetenim
2533 2487 2671 2527 cum
2689 2486 2760 2526 eo
2776 2471 3086 2542 congressi
3107 2487 3180 2526 ex
3200 2471 3438 2526 modico
3457 2470 3618 2526 illius

1959 2561 2142 2618 eﬂ‘atu
2173 2566 2520 2617 constantes
2559 2576 2630 2616 ac
2657 2559 2871 2616 ﬁrmos
2903 2561 3167 2616 hominis
3217 2577 3415 2616 mores
3458 2577 3622 2617 asse-

1960 2651 2076 2706 cuti
2105 2656 2266 2716 sunt,
2293 2649 2452 2704 unde
2473 2649 2627 2704 illius
2650 2665 2711 2704 in
2742 2654 2867 2704 arte
2897 2648 3138 2704 militari
3165 2649 3524 2706 industriam
3563 2653 3621 2706 et

1957 2741 2021 2797 in
2042 2739 2220 2796 rebus
2241 2738 2467 2795 bellicis
2503 2739 2915 2809 sagacitatem,
2944 2754 3052 2793 nec
3081 2753 3204 2793 non
3225 2738 3286 2793 in
3321 2737 3618 2804 conﬂicti-

1960 2829 2076 2885 bus
2117 2826 2543 2900 experientiam
2597 2833 3006 2900 opportunam
3048 2827 3395 2897 conjectura
3438 2828 3619 2882 etiam

1959 2933 2341 2992 prospexere.
2376 2916 2556 2989 Igitur
2577 2932 2686 2988 pro
2703 2921 2880 2988 rapta
2903 2916 3266 2988 supellectile
3291 2915 3619 2988 divisisque

1960 3008 2204 3064 famulis
2235 3006 2660 3078 recuperandis
2680 3005 2926 3074 litteras,
2957 3007 3063 3062 etsi
3086 3005 3322 3070 frustra,
3349 2998 3621 3062 sultanus

1960 3097 2227 3164 dederat,
2259 3101 2324 3151 ut
2352 3095 2558 3151 omnia
2584 3094 2647 3150 in
2672 3111 2862 3150 unum
2892 3094 3204 3150 recollecta
3232 3094 3346 3167 ipsi
3368 3096 3622 3152 remitte-

1961 3191 2182 3245 rentur.
2204 3188 2420 3240 Verum
2444 3200 2583 3239 cum
2596 3184 2658 3238 in
2671 3183 3295 3240 extremudiscrimine
3311 3200 3404 3240 res
3430 3184 3623 3242 belica

1961 3281 2036 3344 et,
2073 3275 2240 3348 quod
2283 3275 2468 3337 aiunt,
2506 3273 2567 3329 in
2608 3273 2923 3330 novacula:
2958 3274 3086 3329 acie
3137 3279 3471 3330 versaretur
3498 3277 3624 3342 (Ta-

1962 3365 2148 3422 charii
2165 3364 2392 3438 quippe
2413 3363 2770 3436 plerumque
2792 3353 3236 3420 Musulmanicas
3257 3364 3498 3420 ditionis
3528 3381 3624 3421 oc-

1963 3458 2252 3525 cupatum
2303 3451 2711 3523 expilaverant
2740 3456 2798 3508 et
2825 3452 2990 3525 apud
3017 3458 3212 3509 Axara
3241 3457 3439 3510 castra
3465 3453 3626 3511 loca-

1962 3546 2214 3612 verant),
2262 3539 2726 3614 impellenteque
2771 3541 3122 3596 necessitate
3162 3544 3350 3597 Persas
3401 3542 3482 3598 ad
3517 3559 3626 3615 pu-

1963 3649 2146 3704 gnam
2167 3648 2307 3688 cum
2328 3631 2630 3688 Tachariis
2651 3631 3109 3687 instaurandam
3129 3637 3500 3701 urgerentur,
3530 3631 3626 3687 Mi-

1964 3722 2233 3780 chaelem
2256 3723 2632 3778 Comnenum
2663 3721 3008 3777 Christianis
3038 3721 3386 3777 cohortibus
3411 3721 3626 3794 praesi-

1962 3811 2102 3868 dere
2141 3810 2479 3867 decrevere.
2529 3809 2626 3866 Ille
2680 3810 2931 3865 extorris
2985 3815 3042 3866 et
3097 3809 3159 3865 in
3218 3809 3414 3866 aliena
3470 3815 3628 3868 terra

1962 3901 2251 3957 oberrans
2281 3899 2502 3955 auxilio
2534 3915 2643 3954 suo
2688 3898 3080 3954 Musulmanis
3112 3898 3428 3955 subvenire
3460 3901 3626 3956 nefas

1965 4005 2093 4046 esse
2117 3987 2396 4059 ducebat,
2444 4003 2519 4043 ne
2541 3989 2693 4044 inter
2711 3987 3136 4061 pugnandum,
3167 3994 3232 4044 ut
3259 3988 3358 4044 ille
3388 4005 3628 4046 asseve-

1962 4078 2159 4148 rabat,
2182 4077 2422 4150 piorum
2445 4076 2610 4149 14⁵1
2635 4077 2882 4147 sanguis
2897 4077 3096 4150 impiis
3110 4094 3180 4133 ac
3203 4078 3626 4134 consceleratis

1965 4167 2365 4238 sanguinibus
2402 4167 2862 4223 immisceretur.
2907 4167 3022 4224 Sed
3057 4168 3222 4224 enim
3254 4167 3459 4223 divino
3479 4184 3630 4240 prte-

1967 4257 2120 4312 sidio
2137 4255 2340 4321 fretus,
2357 4259 2414 4311 et
2426 4260 2667 4312 mentem
2682 4254 2939 4310 induens
2953 4270 3330 4324 generosam,
3355 4271 3630 4328 pugnam

1965 4346 2299 4403 committit.
2321 4349 2460 4402 Pars
2481 4345 2681 4417 itaque
2708 4343 3020 4414 exercitus,
3042 4360 3177 4416 quae
3203 4344 3318 4400 sub
3350 4345 3631 4401 Michaele

1967 4440 2273 4493 Comneno
2306 4450 2478 4491 armo
2508 4435 2813 4500 movebat,
2846 4434 3131 4489 adversos
3165 4433 3278 4490 sibi
3305 4435 3630 4491 Tacharios

245 4544 336 4598 τες
379 4527 443 4577 τὰ
491 4523 653 4577 αὐτοῦ
721 4519 1104 4597 διηρπάκασιν.
1179 4525 1342 4584 Οὗτος
1416 4521 1476 4576 δὲ
1560 4528 1729 4598 μόγις-
1791 4521 2082 4598 διεκφυγὼν
2161 4519 2380 4598 γυμνός
2435 4529 2553 4597 περὶ
2634 4527 2722 4598 τόν
2805 4526 3125 4598 ῌερσάρχην
3179 4521 3404 4598 ἀφίκετο.
3461 4522 3522 4598 'Q
3570 4521 3630 4578 δε

250 4597 490 4669 ἁσμένως
547 4604 729 4648 τουτον
791 4593 1118 4669 προσήκατο,
1166 4601 1269 4669 Δκοιὶ
1335 4598 1530 4669 γραφαὶ
1561 4593 1570 4596 “
1603 4593 2042 4669 στελλόνταίῖνα
2085 4593 2548 4668 τάέσκυλευμένα
2629 4594 2681 4659 ἐξ
2757 4593 2918 4669 αύτοῦ
2984 4593 3382 4669 ’ἐπικομισθείεν
3463 4595 3626 4665 αύτῷ.

253 4662 396 4741 ἈΕπεὶ
454 4665 505 4721 δ’
563 4669 612 4720 οὶ
667 4662 932 4741 Ταχάρᾲιοι
999 4670 1064 4720 τὰ
1104 4662 1281 4741 πλείω
1341 4662 1463 4719 ’τῶν
1521 4667 1940 4741 Μουσουλμάνων
2009 4665 2272 4741 ἐληίζοντο
2348 4662 2439 4718 καὶ
2518 4671 2636 4740 περὶ
2690 4668 2757 4718 τὰ
2800 4665 3006 4741 Ἀξαρα
3063 4662 3629 4741 ἐστρατοπεδεύσαντο,

254 4739 283 4792 ό
341 4742 601 4813 Κομνηνός
657 4734 880 4813 Μιχαήλ
953 4743 1042 4796 τὴν
1118 4739 1397 4812 ἠγεμονίαν
1469 4746 1566 4790 τῶν
1636 4734 1933 4813 Ῥωμάἓκῶν
2010 4734 2221 4810 εἰληφὼς
2299 4734 2591 4813 στρατιῶν”
2640 4742 2728 4790 καὶ
2811 4734 3002 4813 χάρίτι
3090 4734 3215 4813 θείιξιΔ
3280 4734 3631 4813 ἀναρρωσθεὶς

254 4759 283 4792 ο
342 4759 601 4812 ιιομνηνος
657 4759 732 4793 lu:
781 4759 880 4798 αηΛ
953 4759 1042 4796 την
1118 4759 1397 4812 ηγεμονιαν
1469 4759 1566 4790 των
1652 4759 1933 4813 ι’ωμαικων
2010 4759 2221 4810 ειληφως
2299 4759 2555 4813 στρατιων
2640 4759 2728 4790 και
2811 4759 3002 4811 χαριτι
3090 4759 3205 4810 υειᾳ
3280 4759 3631 4813 αναρρωσοεις

250 4812 387 4883 πρὸς
466 4813 648 4883 μάχην
723 4759 1010 4884 ἐξώρμησε,
1069 4815 1160 4862 καὶ
1216 4813 1331 4871 τοὺς
1392 4813 1698 4884 Ταχαρίους
1777 4815 2025 4880 νενίκηκε,
2110 4818 2310 4884 πρῶτος
2387 4812 2474 4860 τὸν
2556 4817 2760 4882 πρῶτος
2839 4811 3034 4861 τούτων
3117 4807 3319 4931 ἔαλών,
3391 4813 3491 4862 Καί
3555 4828 3634 4869 τις

251 4883 663 4931 ’Λαυοανούοης
740 4886 797 4931 τὸ
872 4882 960 4931 ὑπ’
1027 4880 1184 4931 αὐτὸν
1279 4879 1544 4931 συλλαϐῶν
1604 4884 1903 4931 στοάτευιια
1974 4888 2087 4931 τοῖς
2145 4884 2440 4931 Ταγαοίοις
2497 4885 2872 4931 ποοσωομησε.
2925 4878 3109 4930 κὰντεῦ
3149 4898 3196 4931 εν
3243 4882 3294 4931 οἰ
3357 4876 3632 4931 διώκοντες

251 4876 663 4956 ’Ᾱμυραχούρης
740 4876 960 4934 τό”ύπ’
997 4876 1184 4933 ἀὐτόν
1279 4876 1560 4933 συλλαϐῶν
1604 4884 1903 4956 στράτευμα
1974 4876 2087 4944 τοῖς
2145 4876 2872 4956 Ταχοιρίοιχπροσωρμησε,
2925 4876 3196 4956 κάντεῦθεν
3243 4882 3294 4932 οἰ
3357 4876 3632 4942 διώκοντες

250 4947 503 5026 ἔφευγον]
545 4947 796 5007 Ἐπιπτον
861 4960 984 5025 γοῦν
1042 4957 1243 5027 Πέρσαι
1299 4956 1513 5024 συχνοί.
1575 4947 1754 5027 Μέχρι
1828 4947 1932 5026 ’μέν
2008 4954 2106 5027 οὖνΔ
2165 4947 2376 5026 μάκρ’ῶν
2445 4947 2823 5022 διαστημάτων
2857 4947 2866 4950 ⁷
2900 4947 3229 5027 τήν-δίωξιν
3275 4952 3324 5002 οἱ
3369 4955 3634 5008 νενικηκόο

250 5018 333 5085 τες
381 5018 723 5083 πεποίηνται.
762 5018 1034 5098 Α“Ο’γοῦνῗ
1102 5018 1408 5098 Κομνηνό-ςζ
1454 5018 1707 5096 ΜιχαὴλΪ
1761 5018 1967 5098 συμϐὰν
2051 5018 2186 5098 οὕτω
2257 5018 2328 5095 τῷ
2359 5018 2656 5098 ημιγίστῳ’
2692 5018 3140 5098 στρατοπεδάρχῃ
3205 5029 3304 5098 τῶν
3363 5028 3632 5098 Περσικῶν

254 5097 688 5168 στρατευμάτων,
751 5095 804 5148 ὃν
874 5089 1225 5179 πέεκλάρπακίν
1297 5093 1481 5179 οἳδᾌασι
1531 5089 1766 5170 ΠΙΙέρσαι
1803 5089 1996 5162 κάλεῖν,
2052 5096 2226 5179 ξὐνῄει
2278 5089 2406 5146 καθ”
2466 5089 2625 5176 ζόδόν,
2678 5089 2769 5146 καὶ
2822 5089 3149 5179 ἐπορεύοντο,
3173 5091 3380 5179 πλείουτς
3433 5089 3634 5179 ἦμέρας

254 5115 688 5168 στρατευματων,
751 5116 804 5148 ον
874 5115 1225 5169 πεκΑαρπακιν
1297 5115 1481 5150 οισασι
1565 5115 1766 5170 ιιερσαι
1803 5115 1996 5162 καλειν,
2052 5115 2226 5218 ςυνῖει
2278 5115 2376 5146 καυ
2478 5115 2625 5163 οσον,
2678 5115 2768 5146 και
2822 5115 3122 5166 επορευοντο
3173 5115 3380 5154 πλειους
3437 5115 3634 5179 ημερας

251 5167 574 5242 ἐφεπομένων
656 5175 781 5242 τῶν,
829 5166 1105 5240 πολεμίων.
1167 5169 1305 5223 Ἐπεὶ
1363 5164 1422 5221 δε
1492 5168 1522 5226 ἡ
1582 5176 1673 5220 τοῦ
1730 5167 2003 5242 λεγομένου
2052 5186 2149 5220 πεκ
2182 5169 2382 5242 άρπακι
2435 5165 2578 5218 οἰκία
2613 5170 2750 5242 Δπερὶ
2813 5169 2906 5242 τὴν
2967 5165 3310 5237 Καστάμοναν
3338 5161 3420 5236 ἧν,
3470 5171 3636 5218 εκεῖσε

253 5233 607 5312 ἐγεγόνεισαν.
637 5242 707 5293 T6
739 5235 798 5294 δε
829 5248 928 5292 τῶν
950 5233 1220 5312 Tala-im
1249 5243 1394 5313 γένος
1424 5245 1599 5292 πᾶσαν
1624 5243 1718 5298 τὴν
1750 5233 1860 5293 ὐπὸ
1882 5243 1998 5300 τοὺς
2027 5233 2472 5312 Μουσουλμάνους
2495 5233 2792 5313 κατέδραμε
2819 5241 3023 5312 χώραν.

1151 5363 1497 5433 Theodori
1545 5365 1798 5433 Dousa:
1845 5375 1914 5434 et
1958 5361 2214 5433 Leonis
2262 5362 2498 5432 Allatii
2549 5372 2750 5432 notae.

334 5497 447 5575 (t_0)
481 5495 678 5575 Τοῦτον
722 5494 957 5562 ἐδέξατο.
1006 5503 1314 5572 Gregoras,
1369 5499 1478 5575 lib,
1529 5516 1611 5571 in,
1664 5515 1734 5574 p.
1773 5503 1860 5557 58.

254 5570 711 5643 Pachymerius,
739 5586 799 5643 p.
829 5576 922 5627 25.
953 5576 1092 5643 ALL.

336 5642 444 5718 (41)
517 5646 616 5696 Τὸν
700 5642 967 5716 Κομνηνὸν
1047 5642 1116 5704 εἰς
1206 5645 1454 5719 ἡγεμόνα.

1970 5515 2030 5572 p.
2058 5499 2151 5558 58.
2184 5501 2268 5557 Ex
2298 5501 2559 5572 Gregora
2588 5513 2699 5555 sua
2722 5494 3248 5570 habuithhranza,
3292 5495 3398 5556 lib.
3446 5514 3487 5569 ι,
3529 5500 3636 5554 ο.2

1668 5573 1672 5574 ⁷
1973 5573 2112 5628 ALL.

1545 5644 1861 5715 Gregoras,
