4124 6408
572 285 709 338 1159
1854 269 2136 326 GEORGII
2166 266 2635 323 ACROPOLITzE
3814 283 3954 338 “60

567 406 626 462 vi
652 405 859 478 pulsos
884 404 1158 471 devicit,a
1183 399 1461 458 Michaele
1485 398 1615 471 ipso
1640 395 1906 468 primum
1936 391 2195 448 exercitu

2342 395 2494 464 μέρος
2519 398 2610 444 τοῦ
2643 394 3034 466 στρατεύματος
3071 397 3129 446 τὸ
3155 397 3300 468 παρά
3336 403 3428 448 τοῦ
3481 401 3704 471 Μιχαὴλ
3737 410 3953 476 Κομνη-

566 494 796 550 hostilis
843 493 1089 548 ductore
1142 490 1216 546 ad
1280 504 1582 544 mammas
1641 484 1974 552 vulnerato,
2004 481 2128 554 qui,
2165 497 2194 534 u

2340 487 2428 531 νοῦ
2496 484 2801 553 τεταγμένον
2879 485 2999 543 τοῦς
3054 482 3514 556 ἀντιτεταγμένους
3571 489 3712 560 αὐτῷ
3769 499 3953 566 Ταχα-

565 584 783 640 harum
813 597 1015 636 rerum
1043 579 1209 652 periti
1237 577 1712 639 aﬂirmarunt,ex
1737 589 1808 628 eo
1827 571 2069 626 vulnere
2098 585 2193 625 n01

2336 573 2482 642 9100;
2533 572 2668 620 κατὰ
2743 572 2935 642 κράτος
3012 576 3265 637 νενίκηκε,
3343 581 3436 624 τοῦ
3506 577 3730 647 Μιχαὴλ
3786 579 3950 632 αὐτοῦ

564 672 670 728 diu
696 677 833 742 post
871 670 1139 726 animam
1171 665 1412 723 eﬂlavit.
1469 663 1753 720 Debellati
1803 663 2004 732 itaque
2033 676 2105 715 ex
2151 675 2192 714 ea

2335 665 2549 730 πρώτως
2598 654 2784 732 δόρατι
2812 663 2958 732 παρά
3003 662 3173 732 μαζὸν
3216 659 3472 734 βαλόντος
3523 667 3610 716 τὸν
3661 674 3755 719 τοῦ
3787 687 3950 742 στρα-

563 765 754 833 parte,
787 760 882 814 cui
907 759 1251 812 Comnenus
1294 758 1568 826 praeerat,
1620 749 1890 807 Tacharii
1916 749 2042 820 jam
2078 748 2191 817 fuga

2334 749 2582 817 τεύματος
2622 751 3030 822 προηγούμενον,
3091 749 3166 813 6;,
3225 753 3461 822 καθάπερ
3501 755 3697 824 ἔφησαν
3754 759 3805 809 οἱ
3853 779 3945 829 71-

561 853 728 919 terga
758 846 1084 902 vertebant.
1115 844 1286 900 Atvir
1315 842 1568 916 quidam
1582 841 1733 896 inter
1746 842 1952 894 Persas
1966 836 2182 892 celebri

2333 839 2638 903 νὼσκοντες,
2703 839 2832 909 μετά
2889 841 3076 912 μικρὸν
3133 839 3188 892 ἐκ
3242 849 3338 903 τῆς
3411 840 3575 914 βολῆς
3658 843 3939 904 ἐτεθνήκει.

561 937 848 1008 dignitate
907 934 1367 1006 Amyrachures,
1425 930 1708 986 maximae
1787 926 1951 1000 apud
2015 928 2188 981 Persa

2336 929 2437 976 Καὶ
2467 921 2602 982 ἦσαν
2631 927 2720 997 μὲν
2752 923 2806 976 ἐκ
2831 926 2924 978 τού
2961 933 3312 1002 κρατουμένου
3343 933 3535 1004 μέρους
3586 941 3676 986 τοῦ
3734 942 3938 1008 Κομνη-

561 1023 1032 1088 existimationis,
1051 1039 1236 1094 quam
1253 1021 1442 1076 multo
1456 1019 1675 1074 abhinc
1687 1023 1956 1087 tempore
1968 1015 2028 1070 in
2043 1031 2189 1070 suan

2331 1020 2420 1064 νοῦ
2458 1011 2831 1087 ἐκνενικημένοι
2869 1015 2919 1067 οἰ
2973 1019 3261 1091 Ταχάριοι,
3299 1025 3389 1071 καὶ
3450 1025 3577 1095 πρὸς
3631 1029 3800 1106 φυγήν
3832 1023 3936 1087 ἤδη

561 1121 800 1186 gentem
824 1128 1038 1186 parum
1065 1111 1226 1166 ﬁdus
1251 1108 1652 1182 proditionem
1673 1108 2047 1177 conceperat,
2079 1108 2189 1159 tunt

2333 1100 2567 1178 ἐχώρουν
2597 1123 2610 1136 ·
2643 1101 2772 1176 ἀνὴρ
2805 1100 2865 1156 δὲ
2895 1125 2975 1166 τις
3025 1106 3138 1177 (62)
3168 1115 3267 1160 τῶν
3312 1107 3361 1159 ἐν
3402 1113 3633 1185 Πέρσαις
3678 1100 3933 1186 περιωνύ-

560 1204 828 1269 exclusit,
887 1207 944 1256 et
1003 1217 1139 1256 cum
1193 1199 1474 1254 universo
1524 1197 1705 1252 milite
1754 1211 1864 1250 suo
1916 1193 2186 1250 Tacharii

2331 1212 2460 1263 μων,
2507 1197 2601 1250 τὴν
2638 1191 2784 1255 ἀξίαν
2842 1192 3228 1270 ἀμυραχούρης
3278 1203 3440 1270 (μέγα
3478 1197 3537 1253 δὲ
3595 1210 3750 1255 τοῦτο
3797 1207 3935 1278 παρὰ

561 1294 830 1351 adhaesit.
862 1291 1004 1345 Hinc
1025 1289 1326 1344 contraria
1358 1287 1517 1342 cerni
1539 1305 1552 1342 :
1578 1300 1843 1357 namque
1871 1283 2054 1355 paulo
2079 1288 2189 1339 antt

2333 1282 2602 1355 Πέρσαις),
2651 1279 2900 1334 ἀπιστίαν
2957 1289 3076 1357 περὶ
3116 1288 3172 1337 16
3231 1287 3393 1340 αύτοῦ
3443 1293 3583 1360 γένος
3641 1291 3933 1365 ἐγκυμονῶν

556 1384 810 1438 victores
829 1396 956 1434 sese
987 1378 1046 1433 in
1088 1377 1271 1448 pedes
1299 1375 1593 1447 conjicere
1620 1379 1906 1444 tergaque
1941 1371 2184 1427 hostibu

2331 1368 2386 1420 ἐκ
2438 1377 2642 1443 μακροῦ
2682 1373 2795 1422 τότε
2843 1373 3038 1430 ταύτην
3095 1371 3326 1445 ἐξώδινε,
3385 1379 3474 1428 κάὶ
3529 1381 3586 1430 τὸ
3646 1380 3732 1452 ὑφ’
3780 1384 3930 1434 αὑτὸν

558 1470 638 1526 ad
679 1466 1070 1524 lacerandum
1115 1465 1282 1519 dare.
1325 1467 1529 1536 Itaque
1559 1463 1750 1518 Persae
1783 1460 2186 1516 Tachariorun

2329 1459 2466 1511 ἅπαν
2518 1459 2783 1512 συλλαϐὼν
2844 1466 3146 1534 στράτευμα
3214 1472 3296 1517 τοῖ
3355 1471 3643 1540 Ταχαρίοις
3695 1477 3933 1544 προσώρ-

552 1558 769 1632 jaculis
795 1556 1065 1612 dilaniati
1091 1554 1432 1626 frequentes
1463 1553 1698 1620 cadere,
1725 1567 1880 1623 quos
1897 1566 2002 1623 per
2032 1550 2180 1620 long.

2329 1568 2481 1621 μηκε.
2535 1555 2633 1602 Καὶ
2681 1553 2737 1602 τὸ
2799 1549 3021 1604 ἐντεῦθεν
3072 1550 3321 1606 τάναντία
3379 1552 3440 1613 ἦν
3498 1554 3627 1609 ἰδεῖν
3662 1579 3674 1591 ο
3726 1561 3776 1610 οἱ
3829 1564 3930 1633 γὰρ

558 1648 756 1721 spatia
782 1647 1037 1702 victores
1067 1643 1370 1699 subsecuti
1392 1640 1553 1698 sunt.
1584 1640 1832 1697 Michael
1847 1641 2186 1696 Conmenus

2327 1641 2428 1710 1196
2501 1645 2693 1709 μικροῦ
2771 1635 3050 1702 διώκοντες
3115 1643 3326 1714 ἔφευγον
3383 1648 3473 1697 καὶ
3529 1654 3665 1698 νῶτα
3720 1643 3937 1701 ἐδίδουν

557 1755 694 1796 cum
725 1737 807 1792 ita
835 1751 963 1790 sors
1007 1733 1256 1802 tulisset,
1293 1732 1560 1788 maximo
1591 1730 1966 1786 Persicorum
1997 1728 2185 1784 exerci

2328 1734 2432 1786 τοῖς
2457 1725 2706 1789 ἐναντίοις
2748 1725 3088 1786 πλήττεσθαι.
3145 1729 3398 1784 Ἐπιπτον
3443 1741 3569 1804 γοῦν
3625 1737 3673 1787 οἱ
3729 1740 3935 1808 Πέρσαι

555 1831 727 1885 tuum
759 1821 1282 1895 stratopedarchse,
1305 1837 1486 1892 quem
1511 1819 1875 1891 Pelarpacim
1897 1821 2085 1874 Persae
2113 1834 2183 1874 vo

2329 1821 2516 1888 συχιοὶ
2545 1825 2656 1878 τοῖς
2685 1825 2783 1868 τῶν
2832 1823 3116 1892 Ταχαρίων
3139 1823 3487 1894 πληττόμονοι
3513 1821 3720 1895 βέλεσιν
3753 1830 3939 1900 Μέχρι

557 1920 716 1982 cant,
749 1914 947 1969 socius
976 1912 1037 1966 in
1076 1910 1282 1966 itinere
1334 1910 1738 1980 conjungitur.
1774 1908 1866 1964 Sic
1894 1923 2002 1979 per
2024 1907 2185 1979 pluri‘

2326 1909 2416 1980 μὲν
2443 1903 2530 1958 οὖν
2561 1914 2773 1980 μακρῶν
2824 1902 3198 1980 διαστημάτων
3244 1914 3338 1968 τὴν
3391 1906 3572 1974 δίωξιν
3621 1916 3670 1964 οἱ
3731 1935 3938 1975 νενικη-

556 2021 692 2061 mos
729 2003 859 2058 dies
907 1999 1299 2073 procedentes
1352 2015 1491 2054 cum
1531 1997 1884 2054 adversariis
1927 1997 2184 2052 continui

2323 2001 2470 2057 κότες
2507 2001 2834 2054 πεποίηνται.
2890 1995 2947 2048 Ὀ
2999 2004 3123 2068 γοῦν
3177 2003 3438 2071 Κομνηνὸς
3505 2001 3729 2072 Μιχαὴλ
3789 2023 3934 2078 συμ.

557 2090 1063 2164 subsequentibus
1076 2088 1323 2158 singulis
1343 2088 1506 2143 horis
1517 2102 1778 2160 pugnam
1792 2086 2185 2142 conserebant

2324 2085 2416 2137 ϐὰν
2447 2085 2582 2136 οὕτω
2637 2093 2709 2154 τῷ
2756 2088 2988 2156 μεγίστῳ
3022 2084 3464 2161 στρατοπεδάρχῃ
3496 2097 3596 2140 τῶν
3650 2096 3935 2164 Περσικῶν

555 2187 612 2238 et
623 2181 699 2237 ad
721 2178 1087 2249 Peclarpacis
1099 2176 1529 2232 habitationem
1559 2192 1695 2248 quae
1710 2176 2030 2230 Castamon
2062 2180 2183 2231 erat

2327 2176 2723 2249 στρατευμάτων
2753 2173 2806 2224 ὃν
2847 2173 3198 2248 πεκλάρπακιν
3253 2177 3365 2248 (43)
3415 2173 3626 2230 οἴδασιν
3680 2182 3730 2232 οἱ
3787 2187 3931 2258 Πέρ-

553 2286 828 2342 gressum
856 2266 1283 2324 accelerarunt.
1317 2268 1478 2320 Tunc
1536 2264 1804 2320 Tacharii
1862 2265 2181 2320 universan

2325 2282 2416 2316 σαι
2449 2263 2639 2328 καλεῖν,
2700 2262 2872 2336 ξυνῄει
2929 2267 3063 2316 κατὰ
3111 2269 3204 2323 τὴν
3263 2262 3410 2336 ὁδὸν,
3471 2272 3561 2320 καὶ
3617 2268 3929 2333 ἐπορεύοντο

553 2359 1066 2416 Musulmanorum
1085 2353 1389 2424 regionem
1421 2353 1714 2410 hostiliter
1731 2358 2105 2426 percurrunt.
2139 2359 2181 2409 A

2323 2355 2458 2406 πάνυ
2509 2352 2716 2415 πλείους
2780 2355 2975 2425 ἡμέρας
3031 2352 3368 2427 ἐφεπομένους
3418 2355 3617 2419 ἑαυτοῖς
3673 2363 3796 2422 τοῦς
3830 2380 3933 2414 πο-

551 2448 628 2503 de
655 2447 750 2502 his
779 2443 1072 2501 narrratio
1097 2443 1209 2498 hoc
1231 2442 1292 2498 in
1317 2442 1449 2498 loco
1487 2440 1662 2514 148
1693 2443 1907 2513 pedem
1940 2441 2128 2511 sistat,
2153 2457 2179 2498 e

2321 2442 2530 2514 λεμίους
2577 2437 2785 2514 ἔχοντες
2822 2447 2911 2494 καὶ
2958 2443 3074 2494 καθ’
3111 2446 3246 2516 ὤραν
3297 2449 3617 2518 μαχόμενοι.
3671 2449 3818 2501 Ἐπεὶ
3873 2447 3933 2503 δὲ

549 2535 626 2592 de
655 2534 960 2607 prioribus
993 2531 1176 2586 verba
1207 2530 1402 2597 faciat,
1445 2537 1507 2586 ut
1553 2537 1712 2586 recto
1764 2529 1972 2586 ordine
2023 2531 2177 2588 conti

2323 2533 2353 2590 ἡ
2384 2539 2475 2583 τοῦ
2521 2530 2818 2602 λελεγμένου
2872 2530 3012 2583 οἰκία
3065 2532 3394 2608 πεκλάρπακι
3421 2539 3540 2610 περὶ
3568 2540 3664 2596 τὴν
3707 2542 3925 2592 Καστά-

548 2625 756 2682 nuatio
794 2622 1058 2679 historiae
1095 2619 1406 2692 procedat.
2321 2641 2478 2693 μοναν
2511 2620 2794 2692 ἐτύγχανεν
2860 2616 3014 2687 οὖσα,
3073 2620 3237 2675 ἐκεῖσε
3295 2626 3614 2688 σπεύσαντες
3661 2624 3926 2698 ἐγεγόνει-

551 2734 667 2770 σαν.
710 2718 787 2785 φά
841 2709 899 2766 δε
970 2716 1252 2787 Ταχαρίων
1328 2712 1474 2781 γένος
1531 2717 1706 2763 πᾶσαν
1782 2715 1876 2768 τὴν
1953 2712 2053 2763 ὑπὸ
2121 2715 2244 2774 τοὺς
2309 2711 2750 2782 Μουσουλμάνους
2827 2707 3126 2786 κατέδραμε
3193 2717 3396 2786 χώραν,
3491 2713 3633 2769 Ἀ)λ’
3705 2718 3931 2771 arcae“

546 2808 637 2878 μὶν
720 2805 746 2856 ὁ
813 2808 933 2876 περὶ
995 2804 1189 2855 τούτων
1246 2799 1394 2872 λόγος
1453 2797 1808 2872 ἀναμειμάτω,
1873 2798 2080 2872 ἐχέσθω
2135 2798 2194 2854 δε
2246 2808 2346 2852 τῶν
2405 2803 2685 2874 προτέρων,
2744 2799 2827 2851 ἵνα
2875 2804 2966 2852 καὶ
3015 2801 3134 2852 καθ’
3193 2803 3370 2877 εἱρμὸν
3413 2805 3481 2855 τὰ
3529 2813 3627 2866 τῆς
3686 2804 3929 2882 ἱστορίας

544 2901 702 2969 προῖη
711 2913 813 2950 σιν.

617 2987 706 3040 66.
738 2983 922 3052 Igitur
946 2981 1274 3053 imperator
1304 2978 1650 3034 Theodorus
1682 2980 1756 3033 de
1786 2977 1967 3034 rebus
1999 2979 2057 3035 in
2085 2983 2203 3036 Mu-
2236 2987 2245 3030 1

2387 2977 2488 3043 ξς·’.
2524 2977 2583 3031 Ὀ
2635 2981 2724 3050 μὲν
2766 2975 2853 3030 οὖν
2911 2979 2959 3014 ⁸³
3018 2976 3269 3051 βασιλεὺς
3327 2977 3603 3056 Θεόδωρος
3647 2983 3757 3038 ἐπεὶ
3797 2992 3921 3060 περὶ

548 3073 971 3128 sulmanorum
1004 3070 1228 3124 ditione
1259 3067 1438 3137 gestis
1465 3067 1678 3122 certior
1732 3066 1945 3134 factus,
2010 3069 2168 3139 magi

2311 3073 2784 3140 11211171711151.1011»:
2833 3066 2880 3120 ἐν
2933 3076 2995 3141 τῇ
3056 3078 3156 3121 τῶν
3222 3071 3644 3145 Μουσουλμάνων
3702 3073 3922 3129 ἐπύθετο

544 3163 670 3218 suis
707 3177 892 3234 quam
932 3159 1048 3214 illis
1103 3157 1376 3213 animum
1421 3157 1758 3224 advertens,
1807 3158 2018 3229 ingens
2063 3157 2168 3213 ind

2311 3164 2486 3232 χώρᾳ,
2518 3157 2577 3209 ού
2606 3161 2718 3231 περὶ
2762 3159 2956 3209 τούτων
3019 3157 3208 3230 μᾶλλον
3257 3161 3395 3232 ἔχων
3450 3159 3700 3237 φροντίδα
3730 3164 3760 3221 ἦ
3790 3171 3922 3239 περὶ

542 3249 822 3305 Romanis
837 3247 1180 3316 regionibus
1193 3245 1485 3300 imminere
1497 3244 1818 3317 periculum
1834 3246 2170 3317 suspicatus

2310 3255 2410 3298 τῶν
2460 3247 2620 3298 αύτοῦ
2673 3242 2936 3318 (κίνδυνον
3000 3249 3102 3318 γὰρ
3155 3247 3215 3300 ού
3271 3253 3460 3324 μικρὸν
3513 3249 3917 3322 ἐπισυμϐαίνειν

543 3339 608 3395 in
643 3337 942 3393 Orientem
984 3351 1171 3406 quam
1229 3333 1533 3389 celerrime
1587 3333 1804 3406 pedem
1836 3333 2030 3402 retuli,
2062 3350 2171 3390 cun

2309 3344 2419 3398 τοὶς
2469 3335 2775 3408 Ῥωμαϊκοῖς
2846 3337 3142 3390 ύπετόπασε
3205 3341 3424 3413 χώροις)
3491 3343 3699 3392 ἔσπευσε
3770 3345 3923 3414 πρὸς

540 3425 839 3482 universis
861 3427 1268 3480 Romanorum
1289 3423 1476 3494 copiis
1503 3423 1613 3478 iter
1635 3423 1713 3478 ad
1733 3438 1808 3478 ea
1827 3422 1963 3478 loca
1979 3423 2168 3493 iugres

2308 3428 2402 3483 τὴν
2428 3425 2492 3476 ἕῶ
2523 3424 2928 3482 παλινοστῆσαι.
2975 3429 3076 3478 Καὶ
3135 3423 3203 3485 δὴ
3259 3433 3436 3480 πᾶσαν
3489 3433 3578 3487 τὴν
3615 3427 3927 3501 Ῥωμαίκὴν

542 3531 670 3573 sus.
703 3512 1133 3570 Thessalonicae
1162 3527 1299 3568 vero
1329 3516 1386 3567 et
1415 3512 1475 3566 in
1507 3510 1657 3566 alliis
1698 3511 2032 3568 Occidentis
2062 3528 2170 3583 par

2311 3514 2561 3588 0190111611:
2605 3512 2718 3584 μεθ’
2773 3512 2957 3566 ἑαυτοῦ
3010 3513 3318 3586 προσλαϐὼν
3375 3525 3470 3579 τῆς
3526 3521 3655 3590 πρὸς
3699 3523 3793 3576 τὴν
3855 3521 3930 3574 ἕω

538 3605 700 3662 tibus
733 3604 792 3660 in
819 3602 1152 3660 custodiam
1182 3601 1418 3672 reliquit
1457 3599 1826 3655 avunculum
1858 3601 2166 3656 Michaelen

2308 3605 2565 3676 φερούσης
2602 3603 2869 3674 ἐφήπτετο,
2914 3603 3282 3657 Καταλελοίπει
3323 3601 3383 3659 δὲ
3441 3607 3490 3659 ἔν
3549 3626 3603 3660 τε
3653 3615 3714 3680 τῇ
3783 3617 3927 3663 Θεσ-

538 3694 864 3762 Lascarim,
880 3692 1232 3761 consignata
1251 3689 1332 3744 illi
1351 3690 1568 3760 exigua
1597 3705 1708 3745 nec
1721 3689 1928 3762 ampla
1943 3690 2166 3762 Paphla

2310 3692 2554 3765 σαλονίκη
2611 3696 2701 3743 καὶ
2753 3698 2863 3753 τοῖς
2915 3694 3052 3745 κατά
3101 3689 3312 3765 δυσμὴν
3370 3699 3580 3768 μέρεσιν
3654 3699 3724 3759 ὡς
3788 3703 3931 3773 πρὸς

535 3797 763 3853 gonum
795 3797 1005 3846 manu,
1038 3785 1093 3834 et
1125 3795 1196 3833 ex
1237 3777 1474 3849 Scythis
1507 3793 1630 3832 non
1693 3777 1846 3834 ultra
1902 3778 2163 3834 trecentis

2305 3781 2520 3852 φύλαξιν
2580 3777 2738 3841 δῆθεν
2791 3788 2887 3843 τῆς
2947 3788 3132 3856 χώρας
3176 3787 3260 3835 τὸν
3315 3788 3447 3859 πρὸς,
3493 3788 3712 3841 πάππου
3781 3790 3924 3842 θεῖον

533 3872 748 3945 Prilapi
761 3877 819 3927 et
829 3871 1163 3926 vicinorum
1178 3865 1548 3922 exercituum
1563 3868 1921 3936 Scuterium,
1935 3868 2161 3939 Xylean

2303 3871 2465 3923 αὐτοῦ
2507 3873 2591 3924 τὸν
2664 3872 2936 3944 Λάσκαριν
3012 3871 3250 3944 Μιχαὴλ,
3325 3879 3513 3950 μικρόν
3577 3895 3630 3928 τι
3685 3883 3780 3930 καὶ
3835 3880 3927 3933 εῦ-

531 3962 784 4030 dictum,
802 3961 986 4031 digno
1003 3955 1608 4028 mdepolcognomine
1626 3957 1839 4012 :Belesi
1854 3962 2159 4030 tractusqu

2305 3963 2559 4013 σύνοπτον
2631 3961 2687 4012 ἐκ
2746 3959 3094 4032 Παφλαγόνων
3150 3964 3450 4037 στράτευμα
3497 3961 3716 4027 ἐπιδοὺς
3767 3967 3922 4040 αύτῷ

530 4052 692 4108 circa
710 4052 913 4123 ipsum
933 4046 1360 4118 Calampacem
1377 4045 1777 4111 Theodorum,
1801 4061 1985 4118 quem
2007 4052 2158 4102 tatan

2299 4047 2397 4101 κάκ
2446 4057 2537 4102 τοῦ
2608 4051 2862 4102 Σκυθικοῦ
2920 4051 3040 4102 ὅσον
3100 4049 3174 4112 εἰς
3222 4057 3558 4126 τριακοσίους
3612 4058 3921 4130 ἠριθμημέ-

530 4141 685 4198 aulae
701 4135 1160 4208 nuncupabant,
1185 4135 1642 4190 Constantinum
1667 4135 2084 4190 Chabaronem
2101 4135 2158 4192 Al

2298 4159 2402 4206 νον,
2437 4135 2613 4192 τοῦδε
2643 4139 2912 4214 Πριλάπου
2963 4144 3053 4192 καὶ
3104 4148 3204 4192 τῶν
3250 4146 3370 4216 περὶ
3426 4142 3583 4196 αὐτὸν
3651 4164 3917 4220 στρατευ-

528 4229 693 4285 bano
727 4225 995 4299 praefecit
1029 4242 1042 4280 :
1077 4239 1173 4280 me
1204 4230 1525 4297 praetorem
1583 4229 1850 4280 creatum
1907 4224 2156 4280 omnibu

2298 4231 2473 4302 μάτων
2529 4231 2616 4280 τὸν
2657 4228 2709 4280 ὃν
2754 4225 2867 4298 εἶχε
2914 4232 3212 4304 Σκουτέριον
3265 4216 3459 4284 Ξυλέαύ
3507 4216 3911 4308 ὠνομασμένον,

526 4319 691 4375 hisce
738 4332 1000 4391 praeesse
1043 4316 1238 4388 jussit,
1287 4332 1411 4371 non
1471 4315 1608 4381 alio,
1656 4315 1717 4369 ni
1759 4313 1952 4379 fallor,
2003 4331 2154 4388 scopi

2297 4321 2599 4392 φερωνύμως
2624 4321 2712 4374 τὴν
2739 4315 2924 4375 κλῆσιν
2986 4317 3066 4390 [Ρ.
3100 4317 3192 4392 77]
3228 4324 3288 4378 νὴ
3344 4325 3438 4380 τὴν
3480 4326 3644 4395 Θέμιν
3685 4326 3913 4397 ἔχοντα,

525 4424 716 4481 quam
740 4412 806 4462 ut
822 4405 1078 4475 longiori
1104 4405 1182 4462 ab
1207 4421 1278 4462 eo
1295 4405 1566 4460 discessu
1597 4402 2033 4476 praeteritorum
2063 4421 2153 4461 ma

2297 4407 2367 4469 εἰς
2419 4404 2479 4460 δὲ
2547 4409 2634 4458 τὸν
2684 4404 2894 4458 Βελεσόν
2952 4411 3044 4460 καὶ
3092 4410 3158 4460 τὰ
3213 4413 3329 4483 περὶ
3385 4410 3540 4463 αὐτὸν
3591 4416 3649 4465 1'6
3681 4414 3917 4489 Καλαμ-

598 4543 646 4577 55
681 4544 721 4596 ι)
752 4540 850 4622 εἷο
883 4537 942 4622 δὲ
994 4539 1244 4622 βασιλεῦς
1298 4534 1714 4622 Θεόδωροςέπᾴ
1750 4543 1868 4613 περὶ
1901 4546 2000 4622 τῷν
2030 4546 2375 4622 γεγενημένων
2412 4539 2652 4622 ἐπύθετο,
2696 4541 2917 4622 ἔσπευσε
2946 4545 3075 4622 πρὸις
3103 4546 3197 4601 τὴν
3223 4544 3286 4596 ἔω
3315 4543 3726 4617 ποιλινοστῆσοιι⁹
3761 4549 3922 4622 ἀφεὶς

525 4613 573 4667 ἓν
605 4613 962 4694 Θεσσαλονίκη
994 4606 1085 4665 καὶ
1115 4618 1223 4694 τοῖς
1251 4606 1621 4693 κατὰηδυσμὴν
1650 4606 1857 4683 μέρεσιν
1915 4610 1979 4671 εἰς
2012 4606 2225 4683 φύλαξιν
2277 4617 2362 4665 τὸν
2413 4615 2539 4686 πρὸς
2579 4606 2795 4664 πάππου
2829 4613 2960 4665 θεῖον
2987 4606 3152 4666 αὐτοῦ
3209 4618 3296 4668 τὸν
3349 4619 3623 4692 Λάσκαριν

523 4687 654 4759 μετά
675 4694 873 4768 μικροῦ
933 4687 1341 4770 στρατεύματος,
1393 4683 1512 4732 ὅσον
1571 4681 1642 4741 εἰς
1695 4681 2030 4804 τριακοσίους
2077 4681 2461 4758 ἠριθμημένον,
2492 4690 2583 4735 τοῦ
2633 4681 2693 4736 δὲ
2751 4683 3018 4757 Πριλάπου
3077 4691 3167 4738 καὶ
3216 4694 3317 4739 τῶν
3364 4694 3484 4740 πεοὶ
3527 4681 3685 4744 αὐτὸν
3735 4681 3915 4746 0:10a-

523 4777 784 4804 τευιιατων
855 4761 942 4804 τὸν
1013 4756 1067 4804 ὃν
1121 4773 1233 4804 εινε
1300 4755 1599 4804 Σκουτέοιον
1657 4755 1848 4804 Ξυ.έαν
1906 4754 2270 4804 ὠνὸαασιιένον
2324 4756 2395 4804 εἰς
2471 4751 2530 4804 δὲ
2553 4758 2637 4804 τὸν
2671 4754 2878 4804 Βελεσὸν
2903 4760 2988 4804 κοὶ
3014 4759 3080 4804 τὰ
3108 4763 3228 4804 περὶ
3261 4741 3532 4804 αὐτόν’τὸν
3575 4749 3907 4804 κηὶηητέάν,

519 4749 785 4835 τευμάτων
851 4761 942 4835 3'61:
1000 4749 1067 4808 ¹ὃν
1121 4749 1233 4825 εἶχε
1300 4755 1599 4835 Σκουτέριον
1657 4749 1848 4805 Ξυλέαν
1906 4749 2293 4835 ὠνομασμένον’
2324 4756 2395 4818 εἰς
2471 4751 2530 4808 δὲ
2553 4758 2637 4807 τὸν
2671 4749 2878 4808 Βελεσὸν
2903 4760 2988 4808 κοὶ
3014 4759 3080 4809 τὰ
3108 4763 3228 4834 περὶ
3261 4749 3532 4812 αὐτόν’τόν
3575 4749 3908 4835 Καλαμτέάκι

523 4823 896 4905 Θεόδωρον,ὃν
940 4832 1033 4905 καὶ
1061 4823 1232 4905 τατάν.
1251 4833 1345 4885 τῆς
1384 4823 1559 4905 ἀὐλῆς
1605 4823 2132 4899 κατωνόμαζον,’τόν
2182 4823 2242 4882 δὲ
2283 4827 2591 4902 Χαϐάρωμα
2644 4832 3029 4881 Κωνσταντῖνον
3088 4823 3182 4890 εἰς’
3223 4831 3505 4905 ἡγεμονίας
3552 4843 3648 4888 τοῦ
3711 4823 3914 4890 “Alei-

519 4921 628 4975 νου,
661 4873 748 4975 ἐτῖε
778 4873 838 4954 δὲ
874 4901 1079 4954 πάντων
1107 4897 1486 4971 προΐστασθαι.

1411 5020 1754 5090 Theodori
1803 5023 2056 5091 Dousae
2104 5033 2171 5091 et
2215 5020 2470 5090 Leonis
2519 5019 2753 5090 Allatii
2801 5031 3005 5092 nota).

589 5189 700 5266 (42)
723 5188 879 5266 Ἀνὴρ
907 5181 968 5266 ᾅλέ
996 5203 1097 5245 τις.
1131 5182 1553 5266 Gregoras..p..
1579 5183 1663 5239 59.
1715 5187 1852 5238 ALL.
1909 5253 1924 5266 τ
1957 5254 1998 5266 Μ
2285 5181 3913 5266 rium.‘Pra3t9r(§reciaehistoricus,Leunclaviosmpius

590 5252 1120 5333 (113)1151110011101111
1175 5263 1263 5333 est
1318 5252 1710 5333 Begu—1089118
1764 5253 1929 5333 apud
1957 5254 2175 5307 Turcas

2287 5252 2983 5333 laudaltrm-11111116900111;
3033 5252 3342 5333 _scrib_i_t,ie_l:
3384 5259 3544 5333 dicit,
3581 5252 3915 5333 Beglérbe-

519 5324 696 5404 (quos
724 5331 817 5384 hic
851 5332 1054 5404 Persas
1068 5325 1596 5404 vocatlogotheta),
1621 5324 1929 5404 dignitatis
1955 5339 2174 5404 nomen
2247 5391 2253 5399 _
2283 5341 2496 5404 g(_)ru_m
2509 5326 2770 5404 ofﬁcium
2786 5324 3762 5404 responderedggnim“velo/7580
3777 5354 3917 5394 ηια-

520 5393 666 5458 satis
698 5410 930 5479 potum.
957 5397 1328 5479 _Begzerbegi
1367 5397 1945 5479 sigmﬁwtﬂpzov'“
2247 5393 2436 5452 ’Ξείηιί
2459 5393 3172 5479 ετνέαίορειίίινσζιεε(ίάθω
3194 5393 3288 5479 βία
3314 5393 3914 5479 ίοουίῌοέοίίιθίέι),

516 5491 639 5539 των,
667 5473 897 5527 domini
926 5466 1305 5526 dominorum
1339 5487 1352 5535 ;
1393 5478 1450 5523 et
1473 5467 1590 5540 ipsi
1610 5467 1836 5540 iBassw
1866 5466 2174 5540 appellati.
2285 5484 2465 5540 quem
2480 5484 2640 5524 nunc
2649 5466 3434 5540 generalem'ca’mpivocare
3449 5466 3918 5537 solemus.Vid'é

517 5534 723 5626 ΙΙΙ-ὼε.
755 5534 2177 5626 9hronico‘Cpolitanpgapudllieursium331117119-
2283 5534 2778 5626 incbmparabilis
2793 5539 2903 5595 viri
2921 5534 3264 5626 Ραηςίεὲίεη
3287 5543 3502 5618 Hister,
3531 5547 3738 5617 Tura,
3756 5534 3916 5626 cap:

515 5621 631 5676 πεῐς
657 5613 933 5670 scribitur
965 5631 978 5682 ;
1012 5619 1068 5672 et
1097 5608 1257 5684 saepe
1305 5608 1391 5666 ibi
1431 5608 1706 5666 Occurrit.
1739 5610 1800 5665 V.
1831 5609 1906 5666 de
1935 5608 2176 5666 GloSsa-
2290 5613 2377 5681 14,
2402 5608 2510 5667 ubi
2536 5614 2594 5668 et
2622 5610 2832 5668 emires
2861 5612 3123 5684 exponit.
3165 5615 3382 5672 DOUSA.
