4124 6396
267 260 398 322 MM

1649 264 1995 325 ANNALES.

3498 275 3638 339 1182

262 389 438 447 πάκην
462 383 762 464 Θεόδωρον,
783 386 838 441 ὃν
867 389 956 442 καὶ
982 391 1142 442 τατᾶν
1170 394 1263 450 τῆς
1316 385 1474 450 αὐλῆς
1527 386 1646 463 (44)
1697 410 1866 444 κατω-

2000 405 2175 449 orum
2202 390 2609 450 obliviscerer.
2633 395 2907 469 Namque
2931 397 3068 469 post
3094 393 3311 471 plagas
3354 402 3635 473 acceptas

260 478 510 552 νόμαζον·
562 480 651 532 τὸν
733 474 792 532 δι
875 477 1175 554 Χαϐάρωνα
1222 484 1579 532 Κωνστατῖνον
1629 479 1697 541 εἰς
1752 482 1869 553 ἠγε-

1987 481 2162 555 149
2201 497 2520 556 nunquam
2543 498 2641 540 me
2664 483 2912 541 liberius
2934 484 3130 543 dicere
3149 502 3287 559 quae
3311 488 3636 559 seniorem,

265 571 444 642 μονίαν
470 576 563 623 τοῦ
610 566 860 622 Ἀλϐάνου
925 572 1263 628 κατέστησεν.
1324 570 1446 643 Ἐμε
1493 565 1552 623 δε
1610 575 1873 646 πραίτορα

1999 586 2297 645 iunquam
2317 571 2518 630 verbis
2533 572 2915 631 hilarioribus
2933 590 3101 632 more
3120 592 3259 634 meo
3279 576 3365 635 uti
3384 592 3640 652 conspe-

265 663 653 733 χειροτονήσας
714 659 920 711 πάντων
1006 656 1175 711 αὐτῶν
1252 655 1418 732 ἀφῆκε
1489 660 1868 735 προΐστασθαι.

1980 665 2174 718 xerat.
2205 663 2276 719 Ut
2294 676 2439 735 ergo
2452 661 2638 734 longa
2661 661 2781 720 ista
2799 678 2972 722 mora
2989 680 3309 724 maerorem
3331 682 3363 723 e
3396 671 3639 741 pectore

267 753 434 801 Τοῦτο
496 743 580 819 δε,
648 749 719 810 ὡς
768 741 938 820 οἶμαι,
990 752 1289 816 πεποίηκεν,
1349 749 1433 802 ἵνα
1482 756 1544 809 τῆ
1613 747 1665 813 ἐξ
1714 738 1874 803 αὐτοῦ

1999 746 2310 822 iemerem,
2331 751 2396 809 id
2423 756 2669 825 egerat;
2736 752 2989 810 fortasse
3026 756 3209 812 etiam
3263 738 3639 815 mei—contu-

266 841 567 914 μακροτέρᾳ
602 831 880 910 ἀποδημίᾳ
916 836 984 899 εἰς
1026 836 1190 897 λήθην
1253 837 1321 889 ὧν
1364 835 1652 893 ἐπεπόνθειν
1712 842 1877 912 γενοί-

272 948 398 1002 μην.
438 924 580 981 Ούδε
607 930 709 1002 γὰρ
759 923 868 981 εἶδέ
903 931 969 1001 μέ
1017 946 1141 982 ποτε
1198 929 1331 1002 μετὰ
1365 930 1458 990 τὰς
1501 928 1709 1003 πληγὰς
1766 927 1877 982 λευ-

276 1018 590 1092 θεριοίσαντα
648 1021 741 1071 καὶ
811 1015 980 1091 λόγοις
1054 1021 1472 1094 χαρωποτέροις,
1552 1021 1620 1081 ὡς
1682 1017 1877 1073 εἰώθειν

1982 838 2195 907 bernii,
2218 841 2387 914 quod
2415 841 2785 913 fastidiebat,
2816 841 3016 900 taedio.
3047 844 3209 918 Saepe
3260 845 3421 903 enim
3466 846 3530 903 in
3566 846 3640 903 iis

1986 944 2123 1075 (1Σῖ
2152 929 2249 987 ille
2277 932 2598 1004 contrajus
2623 931 2837 1006 fasque
2856 931 3229 1005 intendebat,
3258 932 3388 1008 ipse
3426 933 3643 994 adver-

1988 1034 2017 1073 s
2101 1035 2186 1075 ar.

1988 1034 2186 1076 sanar.

267 1110 400 1184 πρὸς
424 1106 931 1181 αὐτὸνχρήσασθαι.
988 1105 1100 1161 Ἵνα
1149 1115 1274 1180 γοῦν
1330 1117 1392 1169 τῆ
1458 1113 1654 1183 χρονίᾳ
1700 1110 1863 1167 ταύτη
1898 1102 2145 1183 διατριϐῇ
2175 1116 2266 1172 τῆς
2298 1108 2487 1185 ψυχῆς
2535 1112 2565 1172 ἡ
2623 1112 2997 1189 σκυθρωπότης
3043 1109 3316 1174 διαλυθείη
3357 1132 3471 1189 μοι,
3511 1115 3641 1168 πίπ·

268 1215 407 1273 ραχε
432 1204 607 1252 τοῦτο.
636 1198 797 1270 Τάχα
844 1193 904 1251 δε
927 1202 1019 1251 καὶ
1048 1200 1118 1259 ὡς
1156 1194 1524 1275 δυσχεραίνων
1562 1195 1624 1259 ἦν
1651 1202 1746 1259 τήν
1793 1197 2069 1262 ξυναυλίαν
2122 1218 2224 1274 μου
2270 1197 2642 1275 βαρυνόμενος·
2675 1206 3027 1280 προσέκρουον
3051 1206 3154 1281 γὰρ
3190 1203 3333 1278 αὐτῷ
3394 1202 3645 1268 πολλάκις

270 1285 349 1360 ἐφ’
380 1286 457 1350 οἷς
486 1283 636 1347 ἣδειν
674 1287 733 1340 ού
755 1288 893 1341 κατὰ
927 1290 1014 1341 τόν
1042 1284 1462 1364 διαπράττεσθαι
1493 1288 1720 1346 θέλοντα.

341 1374 436 1440 ξζ.
467 1375 527 1430 '0
565 1379 656 1450 μὶν
694 1372 782 1430 οὖν
830 1377 878 1414 ⁵⁸
937 1375 1191 1451 βασιλεὺς
1236 1381 1368 1451 πρὸς
1423 1382 1516 1439 τὴν
1581 1379 1646 1433 ἕω
1699 1377 1878 1445 an“,

271 1462 373 1539 ἕγὼ
431 1462 492 1519 δὲ
574 1465 975 1540 κατελελείμμην
1046 1474 1155 1530 τοῖς
1205 1465 1274 1550 ,ἓν
1329 1464 1532 1542 δυσμῆ.
1591 1475 1701 1531 Τῆς
1754 1473 1880 1540 γοῦν

272 1556 665 1619 Θεσσαλονίκης
712 1555 858 1620 ἐξιὼν
943 1555 1203 1630 ἀφικόμην
1285 1557 1372 1611 hri
1443 1562 1537 1618 τὴν
1614 1556 1878 1633 Βέρρόιανο

275 1644 445 1699 ἐκεῖσε
471 1648 574 1722 γὰρ
610 1647 854 1721 ὑπῆρχον
874 1651 966 1699 καὶ
995 1649 1044 1700 οἱ
1064 1655 1156 1700 τοῦ
1217 1649 1409 1701 πάππα
1471 1646 1737 1724 πρέσϐεις,
1795 1646 1887 1710 οὖς

282 1733 587 1789 ἄπεκϐαλεῑν
643 1734 912 1809 ﬁam)th
957 1740 1330 1813 προστάγματι
1387 1737 1615 1813 ἔμελλον.
1687 1736 1887 1791 Κὰκίσε

280 1828 467 1901 μικρὸν
495 1831 962 1903 προσκαρτερήσας
1002 1824 1038 1881 δ
1043 1830 1097 1880 ιὰ
1125 1832 1219 1887 τήν
1248 1836 1350 1881 τῶν
1404 1827 1669 1903 πρέσϐεων
1721 1825 1887 1880 ἀπεκ-

279 1913 432 1974 ϐολὴν
459 1920 549 1968 καὶ
581 1911 655 1968 δι’
700 1915 876 1991 ἑτέρας
940 1919 1082 1978 τινας
1137 1918 1430 1987 ὑποθέσεις,
1491 1916 1682 1971 ἐκεῖθεν
1737 1916 1885 1981 ἐξιὼν

2059 1385 2147 1445 67.
2170 1391 2497 1464 Imperator
2512 1389 2712 1465 itaque
2731 1390 2795 1449 in
2829 1391 3129 1450 Orientem
3154 1391 3467 1466 processit,
3526 1408 3641 1467 ego

1987 1475 2048 1534 in
2079 1478 2345 1536 occiduis
2371 1480 2641 1554 partibus
2660 1481 2868 1540 restiti.
2892 1485 3182 1553 Egressus
3208 1482 3642 1541 Thessalonica

1991 1569 2288 1626 Berrmam
2327 1569 2694 1643 proﬁciscor,
2720 1571 2827 1628 ubi
2856 1576 2914 1629 et
2934 1586 3109 1646 papm
3132 1572 3315 1644 legati
3348 1573 3640 1631 immoraa

1989 1656 2228 1726 bantur,
2284 1675 2438 1733 quos
2498 1659 2883 1734 imperatorio
2931 1668 3222 1719 mandato
3278 1661 3641 1720 dimissurus

1990 1762 2175 1805 eram.
2202 1748 2288 1805 lbi
2318 1754 2561 1823 propter
2588 1750 2924 1822 legatorum
2953 1751 3371 1809 dimissionem
3405 1751 3647 1826 aliaque

1990 1837 2285 1895 nonnulla
2304 1840 2546 1909 negotia
2567 1839 2884 1913 paululum
2905 1846 3241 1909 cunctatus,
3283 1841 3423 1898 dein
3453 1842 3641 1899 disce‘

1992 1925 2142 1984 dens
2165 1927 2379 1985 Albani
2407 1929 2569 1986 viam
2596 1928 2918 2000 ingredior,
2953 1934 3010 1987 et
3032 1930 3245 1986 Serviis
3274 1946 3312 1987 a
3353 1935 3519 2003 tergo
3561 1945 3650 1987 rea

277 2011 366 2066 τῆς
392 2008 521 2079 πρὸς
574 2008 635 2058 τό
701 2002 955 2059 Ἂλϐανον
1011 2009 1270 2080 φερούσης
1325 2008 1587 2081 ἡπτόμην.
1658 2010 1759 2060 Καὶ
1814 2001 1882 2064 δὴ

1999 2016 2163 2087 lictis,
2187 2022 2244 2075 et
2263 2018 2595 2076 Castoriam
2613 2023 3091 2092 praetergressus,
3109 2035 3221 2078 nec
3245 2034 3370 2077 non
3391 2001 3652 2077 Achrida

280 2096 348 2147 τὰ
376 2093 563 2168 Σέρϐια
599 2094 865 2170 παρελθὼν
929 2102 1019 2150 καὶ
1054 2096 1388 2171 παραμείψας
1427 2101 1520 2156 τὴν
1591 2100 1886 2173 Καστορίαν

279 2188 372 2238 καὶ
424 2186 491 2238 τὰ
553 2189 671 2259 περὶ
730 2190 825 2245 τὴν
904 2183 1141 2262 Ἀχρίδα
1188 2187 1543 2261 παραγγείλας
1626 2186 1886 2262 ἀφικόμην

281 2273 366 2327 hri
414 2276 472 2327 τὸ
526 2271 794 2344 ⁴Αλϐανον,
835 2274 936 2329 κάκ
987 2279 1174 2329 τούτου
1223 2280 1351 2351 μετὰ
1395 2286 1495 2330 τῶν
1556 2285 1647 2339 τῆς
1705 2282 1887 2353 χώρας

277 2362 523 2438 ἐκκρίτων
564 2365 850 2440 κατείληφα
902 2369 961 2419 τό
1022 2365 1339 2442 Δυρράχιον.
1387 2369 1610 2422 Κὴείσε
1660 2363 1885 2445 διακαρ-

276 2459 501 2531 τερήσας
548 2456 743 2529 ἡμέρας
828 2454 962 2509 ὀκτὼ
1011 2455 1175 2519 ἐξῄειν
1239 2459 1413 2511 πάντα
1472 2460 1540 2511 τὰ
1600 2456 1716 2511 καθ’
1761 2455 1885 2512 ὁδὸν

277 2544 627 2619 οἰκονομήσας
663 2550 755 2598 καὶ
795 2532 1123 2622 καταρτίσας
1175 2548 1245 2609 ὡς
1300 2549 1476 2621 ἔμοιγε
1529 2543 1645 2601 δέον
1692 2543 1883 2619 ἐδόκει,

276 2637 417 2688 κατὰ
444 2642 613 2688 ταῦτα
634 2631 693 2689 δε
721 2640 811 2688 καὶ
836 2637 903 2688 τὰ
925 2642 1017 2688 τοῦ
1074 2634 1377 2712 Δυρραχίου
1440 2638 1571 2709 (45).
1627 2636 1886 2712 Ἐξορμή-

283 2744 384 2789 σας
409 2733 534 2799 γοῦν
558 2732 652 2779 τοῦ
682 2724 984 2802 Δυρραχίου
1009 2730 1099 2780 καὶ
1144 2723 1361 2780 διελθὼν
1418 2729 1486 2781 τὰ
1536 2735 1627 2789 τῆς
1681 2735 1886 2783 Χουνα-

281 2814 422 2885 ϐίας,
444 2819 613 2869 καὶτὸ
642 2820 760 2893 ὄρος
781 2814 1006 2890 ὑπερϐὰς
1054 2817 1082 2869 ὃ
1107 2812 1175 2875 δὴ
1225 2819 1403 2875 Κακὴν
1475 2820 1672 2892 Πέτραν
1737 2836 1887 2873 κατο·

1994 2105 2262 2180 elapsus,
2278 2107 2578 2165 Albanum
2590 2109 2907 2177 convenio,
2929 2109 3192 2184 indeque
3218 2124 3359 2167 cum
3398 2107 3651 2166 nobilio-

1990 2196 2161 2254 ribus
2193 2196 2359 2254 urbis
2379 2198 2602 2257 accolis
2634 2198 3028 2272 Dyrrachium
3057 2204 3197 2273 peto
3224 2216 3237 2268 ;
3262 2197 3366 2256 ubi
3382 2213 3490 2272 per
3521 2197 3651 2255 dies

1992 2291 2127 2344 octo
2148 2286 2329 2344 rebus
2344 2286 2499 2345 inter
2524 2288 2794 2345 eundum
2811 2293 3260 2363 peropportune
3295 2287 3652 2362 prmparatis

1993 2376 2441 2451 adornatisque,
2482 2381 2547 2435 ut
2574 2377 2722 2435 mihi
2743 2378 3123 2436 commodius
3158 2376 3497 2450 videbatur,
3532 2376 3649 2450 Pyr

1991 2464 2300 2539 rachiique
2328 2466 2581 2537 negotiis
2606 2467 2977 2540 compositis,
2999 2467 3060 2524 in
3079 2467 3243 2525 viam
3269 2465 3558 2540 deducor,
3592 2469 3653 2524 et

1993 2555 2302 2614 Chunavia
2327 2572 2594 2626 emensa,
2618 2562 2955 2615 etmontem
2968 2572 3155 2631 quam
3171 2559 3387 2614 Malam
3408 2559 3645 2614 Petram

1993 2644 2428 2716 cognominant
2456 2661 2799 2719 permeans,
2831 2649 3043 2705 Matem
3068 2645 3440 2720 progredior,
3484 2644 3651 2702 inde‘

1990 2749 2111 2808 que
2143 2733 2395 2792 Derbem
2424 2734 2684 2810 appello,
2716 2751 2858 2794 cum
2875 2735 3170 2793 universis
3189 2734 3297 2808 qui
3341 2736 3404 2792 in
3442 2733 3651 2791 itinere

1992 2823 2239 2882 obviam
2260 2822 2397 2881 facti
2429 2828 2588 2895 sunt,
2636 2825 2863 2899 quique
2886 2825 2982 2882 vel
3002 2824 3231 2900 oppida
3257 2823 3354 2881 vel
3382 2822 3653 2897 privatos

279 2905 622 2978 νομάζουσιν,
683 2905 755 2968 εἰς
804 2908 871 2958 τὰ
948 2910 1067 2982 περὶ
1123 2910 1216 2965 τὴν
1274 2908 1459 2966 Μάτην
1524 2906 1728 2977 ἀπῄειν,
1768 2906 1884 2961 κάν-

1999 2914 2284 2971 exercitus
2315 2913 2410 2971 vel
2439 2913 2819 2987 publicarum
2852 2915 3032 2972 etiam
3084 2929 3291 2971 rerum
3345 2927 3654 2971 summam

282 2996 461 3047 τεῦθεν
491 2993 576 3048 ἐπὶ
604 2999 694 3054 τὴν
714 2994 907 3069 Δέρϐην
933 2992 1178 3070 ἀφῖγμαι.
1214 3002 1353 3051 Πᾶσι
1388 2994 1448 3051 δι
1495 3003 1601 3059 τοῖς
1657 2994 1717 3051 δε
1770 2997 1887 3053 καθ’

289 3081 416 3138 ὁδόν
446 3085 713 3159 ξυντυχών
736 3094 846 3149 τοῖς
871 3084 1004 3161 ἀμφὶ
1034 3090 1103 3141 τὰ
1158 3089 1296 3147 ἄστη
1362 3092 1453 3142 καὶ
1508 3094 1591 3143 τοτ
1633 3087 1767 3163 ἀμφὶ
1825 3090 1893 3144 τὰ

285 3176 483 3235 τοπικὰ
535 3179 901 3250 στρατεύματα
980 3180 1066 3230 καὶ
1121 3183 1228 3238 τοῖς
1276 3180 1341 3231 τὰ
1398 3174 1638 3251 δημόσια
1694 3174 1891 3253 διενερο

260 3268 553 3340 ’γουμένοις
626 3268 933 3341 πράγματα,
995 3262 1091 3320 διὰ
1152 3276 1244 3328 τῆς
1321 3266 1629 3333 Κυτζάϐεως
1692 3273 1892 3345 παριὼν

278 3356 369 3409 επὶ
398 3358 493 3409 πόν
520 3355 782 3431 Πρίλαπον
814 3354 1078 3430 ἐγενόμην.
1110 3359 1317 3415 Ταύτην
1368 3364 1494 3429 γοῦν
1532 3362 1627 3418 τὴν
1683 3362 1893 3435 πορείαν

279 3449 380 3504 τὴν
419 3444 475 3497 ἐκ
514 3444 909 3509 Θεσσαλονίκης
936 3448 1102 3521 μέχρι
1129 3450 1220 3500 καὶ
1258 3445 1419 3500 αὑτοῦ
1464 3454 1555 3501 τοῦ
1622 3447 1891 3522 Πριλάπου

2001 3003 2175 3077 150
2219 3008 2594 3077 peragerent,
2647 3019 2989 3062 sermonem
3040 3018 3364 3062 conserens
3393 3019 3408 3073 ;
3436 3005 3494 3060 et
3546 3016 3656 3069 per

1996 3090 2301 3166 Cytzabim
2330 3092 2626 3149 transiens
2656 3091 2973 3166 Philapum
3023 3090 3326 3151 contendi.
3369 3092 3483 3149 Iter
3537 3090 3655 3148 hoc

1995 3180 2417 3239 Thessalonica
2448 3186 2713 3255 coeptum
2744 3181 2824 3239 ad
2844 3182 3153 3256 Prilapum
3182 3197 3379 3255 usque
3411 3195 3519 3255 per
3537 3183 3657 3238 tres

1998 3286 2236 3329 menses
2257 3275 2611 3345 tempestate
2623 3270 2880 3329 hiberna
2894 3271 3136 3345 perfeci.
3154 3268 3465 3328 Decembri
3483 3285 3655 3328 name

1997 3376 2117 3434 que
2144 3362 2379 3418 Berroea
2407 3360 2705 3433 egredior,
2745 3365 2803 3419 et
2824 3360 3147 3420 Februario
3183 3364 3438 3419 exeunte
3474 3358 3655 3418 Prila-

1998 3466 2147 3525 pum
2180 3451 2441 3525 appello.

280 3530 379 3587 διὰ
416 3541 571 3611 τριῶν
600 3538 864 3593 πεποίηκα
898 3543 997 3588 τῶν
1027 3542 1200 3608 μηνῶν
1228 3544 1490 3609 χειμῶνος
1517 3535 1649 3610 ὣρᾳ.
1681 3538 1947 3615 Δεκέϐριος
1969 3541 2071 3614 γὰρ
2094 3540 2157 3600 ἧν
2187 3541 2342 3595 ὁπότε
2361 3546 2457 3604 τῆς
2482 3539 2726 3618 Βεῤῥοίας
2769 3539 3031 3617 ἐξώρμων,
3052 3559 3143 3596 και
3197 3544 3256 3596 τὸ
3301 3538 3652 3619 Φεϐρουαρίου

277 3625 426 3687 τέλος
452 3628 536 3678 επὶ
574 3628 662 3677 τὸν
693 3623 955 3698 Πρίλαπον
985 3621 1102 3698 εἶχέ
1135 3645 1217 3699 με.

356 3712 454 3777 ξη’.
509 3713 709 3768 Ἐκεῖσε
784 3722 911 3787 γοῦν
964 3712 1245 3788 ἀφιγμένου
1296 3733 1397 3789 μου
1470 3720 1611 3789 φήμη
1668 3717 1886 3792 πάμπαν

284 3800 432 3863 δεινὴ
455 3810 567 3867 τοῖς
602 3803 730 3857 ὠσὶν
768 3803 1142 3879 ὠπεισὲφρησε.
1172 3807 1250 3858 Τὰ
1288 3801 1348 3858 δὲ
1410 3814 1507 3868 τῆς
1559 3810 1758 3879 φήμης,
1809 3808 1891 3861 ὅτι

286 3909 385 3967 περ
418 3897 512 3952 τὴν
539 3895 815 3967 ἡγεμονίαν
839 3901 931 3947 τοῦ
990 3892 1241 3949 Ἀλϐάνου
1297 3897 1429 3970 πρὸς
1485 3901 1578 3947 τοῦ
1635 3893 1892 3969 βασιλέως

289 3979 506 4034 λαϐὼνὸ
542 3982 798 4058 Χαϐάρων
857 3989 1241 4047 Κωνσταντῑνος
1305 3986 1437 4058 πρὸς
1490 3991 1582 4038 τοῦ
1631 3982 1891 4040 δεσπότου

286 4071 513 4143 Μιχαὴλ
554 4071 681 4126 ἑάλω
733 4080 1000 4146 μηχαναῖς
1077 4080 1174 4135 τῆς
1245 4069 1666 4147 γυναικαδέλφης
1732 4074 1892 4128 αὐτοῦ

282 4166 516 4237 Μαρίας,
563 4165 681 4226 ἣτις
739 4169 958 4237 προεῖχε
1009 4165 1100 4236 μὲν
1138 4159 1310 4237 ἄνδρα
1361 4164 1661 4237 Σφραντζῆν
1714 4165 1895 4219 τούπί-

281 4251 434 4321 κλην,
475 4256 592 4306 τότε
613 4249 672 4306 δὲ
736 4254 949 4327 ὑπῆρχε
1009 4258 1178 4328 χήρᾳ·
1232 4250 1409 4317 δόλοις
1457 4257 1559 4331 γὰρ
1615 4255 1746 4315 αὐτὴ
1804 4258 1893 4309 τόν

2070 3722 2159 3777 68.
2187 3718 2297 3776 Ubi
2325 3734 2398 3777 eo
2440 3719 2762 3791 venissem,
2813 3732 2933 3778 vox
2974 3719 3282 3794 quaedam,
3328 3718 3436 3776 sed
3469 3716 3653 3776 nimis

1998 3806 2131 3864 dira
2156 3806 2236 3864 ad
2264 3822 2440 3864 aures
2463 3813 2706 3865 nostras
2738 3808 3004 3866 advolat.
3026 3811 3252 3867 Rumor
3270 3812 3399 3866 erat
3426 3807 3654 3865 Chaba—

1998 3911 2209 3954 ronem
2232 3899 2709 3966 Constantinum,
2766 3898 2860 3955 cui
2910 3899 3128 3956 Albani
3166 3899 3525 3973 praefectura
3576 3897 3655 3957 ab

1999 3985 2361 4058 imperatore
2395 3986 2721 4043 commissa
2749 3985 2962 4054 fuerat,
2990 4003 3027 4043 a
3053 3985 3333 4045 Michaele
3383 3986 3654 4060 despota,

2002 4073 2206 4131 uxoris
2237 4074 2394 4131 illius
2425 4075 2646 4131 sororis
2658 4076 2876 4147 Mariae,
2897 4091 3034 4149 quas
3060 4076 3227 4150 prius
3250 4075 3378 4133 viro
3397 4075 3661 4149 Sphran-

2004 4168 2110 4220 izae
2150 4162 2507 4234 cognomine
2537 4169 2850 4236 nupserat,
2898 4164 3006 4221 sed
3033 4169 3159 4222 tum
3189 4164 3378 4222 vidua
3428 4168 3663 4220 aetatem

2009 4251 2247 4322 agebat,
2278 4251 2513 4308 insidiis
2540 4252 3015 4310 circumventum
3046 4259 3292 4327 captum
3330 4253 3513 4310 fuisse
3561 4251 3665 4309 illa

278 4341 583 4419 Χαϐάρωνα
633 4341 969 4416 μετελθοῦσα,
1052 4347 1142 4395 καὶ
1208 4345 1516 4417 γράμμασιν
1597 4342 1888 4420 ἇρτωτικοῖς

2009 4342 2228 4398 etenim
2254 4340 2408 4398 dolis
2430 4341 2795 4399 subductum
2825 4346 2880 4399 et
2909 4343 3117 4400 litteris
3169 4342 3480 4400 amatoriis
3517 4341 3661 4399 insia

282 4427 588 4485 δελεάσασα
641 4434 827 4485 τούτου
910 4434 970 4485 τὸ
1066 4436 1308 4508 φρόνημα
1368 4434 1697 4510 (κουφότερος
1790 4436 1893 4509 γὰρ

286 4522 377 4597 [Ρ.
410 4522 503 4595 78]
536 4522 687 4584 οὗτος
718 4526 836 4597 περὶ
864 4523 933 4575 τὰ
967 4540 1186 4576 τοιαυτα
1241 4524 1520 4595 τυγχάνων
1573 4519 1657 4593 ἧν,
1708 4525 1752 4578 εἴ
1806 4527 1897 4577 καὶ

290 4611 454 4675 ἄλλως
505 4611 663 4674 καλὸς
744 4610 1001 4684 ἐτύγχανε
1090 4615 1464 4685 στρατιώτης),
1541 4619 1653 4675 ταῖς
1700 4615 1899 4686 πάγαις

2009 4430 2175 4488 diose
2204 4430 2589 4504 compulsum
2616 4431 2906 4506 (namque
2938 4431 2999 4488 in
3026 4431 3121 4488 his
3148 4436 3276 4489 erat
3309 4431 3406 4489 ille
3451 4430 3659 4503 levior,

2006 4520 2142 4578 licet
2171 4520 2344 4578 miles
2373 4526 2669 4594 praestans
2697 4527 2878 4595 atque
2925 4523 3225 4597 egregius)
3261 4524 3487 4580 retibus
3559 4521 3662 4579 illa

2010 4610 2132 4667 suis
2160 4610 2475 4684 intercipit.
2538 4610 2681 4669 Hinc
2709 4612 2915 4686 palam
2976 4613 3219 4672 Michael
3265 4612 3661 4670 defectionem

370 4736 418 4773 ⁵⁸
440 4739 482 4794 Ι)
512 4737 774 4813 duorum
813 4741 1078 4813 capitum
1114 4734 1368 4813 loco_(67
1396 4736 1578 4813 e_t68):
1611 4741 1715 4813 [Cat
1740 4733 1884 4813 διελδ

1999 4739 2046 4790 τὰ
2065 4744 2156 4813 τῆς
2180 4733 2476 4813 ξζουναϐίας
2514 4740 2605 4813 κΔαὶ
2621 4739 2692 4813 Δτό
2722 4740 2958 4813 ὄρος-τὴν
2983 4742 3149 4813 κλακῄν
3179 4742 3397 4813 Πέτραν,
3424 4742 3518 4813 τὴν
3548 4740 3661 4813 Μά-

290 4810 411 4885 την,
441 4814 524 4861 τὸν
545 4808 760 4884 Δέϐρην,
794 4805 908 4867 τὴιῖ
922 4808 1206 4885 Ιςύ-τζαϐιν,
1226 4805 1297 4885 εἰς
1319 4805 1581 4883 Πρίλαπον
1606 4811 1807 4881 ἤχθην.
1842 4810 1975 4865 Εἶτα
2002 4813 2097 4867 τὴν
2127 4805 2400 4861 Ἀλϐανίαν
2420 4805 2722 4866 κατέλαϐον.
2749 4805 2953 4862 ’Ἦλθον
2980 4809 3053 4872 εἰς
3081 4805 3367 4885 Ἀχρίδάν,
3394 4812 3479 4863 τὸν
3502 4806 3660 4869 Σιδηέ

642 4864 651 4884 δ

288 4884 604 4957 ρόκαστρον,
628 4878 718 4935 καὶ
739 4887 811 4953 τῷ
839 4878 1088 4954 Πριλάπῳ
1117 4878 1444 4955 προσέσχον.

1280 5006 1595 5071 Theodori
1618 5006 1845 5099 Dousse
1874 5012 1937 5070 et
1964 5007 2191 5070 Leonis
2219 5004 2433 5067 Allatii
2465 5009 2653 5068 noue.

366 5133 564 5206 (Uiro
592 5140 754 5198 τατᾶς
804 5141 900 5197 τῆς
949 5133 1111 5196 αὐλῆς
1162 5148 1387 5191 nomen
1424 5132 1753 5206 dignitatis
1832 5132 1896 5206 in

287 5203 441 5263 aula
465 5203 795 5279 Cpolitana,
822 5207 995 5279 cujus
1018 5206 1290 5279 meminit
1314 5203 1597 5276 Codinus,
1619 5205 1694 5262 de
1725 5203 1896 5262 vesti-

284 5276 580 5349 mentisej
592 5295 660 5333 us
675 5284 729 5336 et
740 5276 952 5335 ornatu
967 5321 981 5334 .
1006 5277 1119 5334 Sed
1132 5277 1363 5349 nullum
1380 5293 1604 5349 munus
1626 5292 1739 5349 suo
1751 5282 1900 5333 tem~

283 5346 646 5430 pore_fui§se
665 5350 897 5430 scribit.
923 5352 1050 5430 Non
1063 5349 1205 5430 satis
1236 5348 1420 5430 liquet
1437 5364 1530 5430 an
1542 5348 1731 5430 hujus
1741 5351 1899 5404 Tata)

282 5419 432 5477 inen
441 5419 519 5494 tio
541 5419 647 5477 ﬁat
662 5420 1074 5494 indepravata
1089 5424 1274 5494 veteri
1289 5419 1901 5494 inscriptioneﬁrmca

287 5507 481 5565 quam
496 5491 626 5565 haec
636 5492 814 5565 nobis
822 5490 1249 5565 meditantibus
1260 5490 1562 5565 suggessit
1573 5490 1757 5565 mul_tij
1767 5504 1900 5565 ugaa

286 5561 567 5638 lectionis
606 5562 696 5620 vir
717 5562 986 5638 mihique
1016 5561 1414 5638 amicissimus
1439 5566 1645 5620 Petrus
1675 5561 1901 5638 scrive-

290 5633 468 5696 rius:
513 5633 921 5692 ETEIMHZAN‘
961 5640 1157 5693 TATA.
1193 5637 1278 5705 ’Νι
1327 5640 1419 5694 Ol.
1474 5639 1740 5709 ΓΟΝΕῙΕ,
1797 5637 1905 5690 ΒΔ-

588 5759 807 5826 Patrol.
838 5761 945 5830 Gr.
979 5761 1130 5821 CXL.

2002 5138 2245 5187 ΤΑΚΗΣ.
2305 5136 2418 5185 ΚΑΙ
2513 5135 2772 5189 ΛΠΟΦΗ.
2849 5136 3304 5188 Α-ΓΥΝΒΑΒΕΙΣ.
3367 5139 3664 5188 ΜΝΗΜΗΣ

2005 5210 2234 5278 XAPIN.
2264 5205 2465 5278 Exstat
2493 5202 2553 5278 in
2596 5204 2856 5278 Gai-ater
2885 5204 3211 5278 iniGalatia,
3266 5205 3667 5278 producitque

2006 5290 2082 5356 ex
2111 5273 2811 5356 schedis_Busbequ_iani_s
2843 5278 2906 5331 V.
2939 5273 3205 5356 CLetde'
3226 5273 3536 5356 republica
3556 5273 3667 5356 lit-

2006 5347 2242 5476 ιθτεῖιὲξέ
2254 5346 2479 5474 op)t(i)me
2500 5346 2746 5403 meritus
2765 5349 2950 5404 Janus
2971 5350 3271 5417 Gruterus,
3292 5346 3669 5419 Ynscription

2006 5434 2068 5492 p.
2095 5490 2099 5492 λ
2176 5489 2183 5492 Α
2254 5459 2268 5475 .
2393 5434 2524 5476 οδε.
2760 5485 2778 5492 _
2951 5443 2958 5451 ε
3425 5490 3433 5492 _

2008 5485 2030 5492 ’
2081 5489 2195 5564 (ὶὸ)
2274 5493 2421 5544 Κατὰ
2498 5496 2661 5544 ταῦτα
2747 5485 2810 5544 δε
2876 5494 2967 5545 καὶ
3030 5493 3099 5546 τὰ
3176 5498 3270 5545 τοῦ
3339 5490 3667 5568 Δυρραχίου.

2008 5560 2095 5620 οι·
2134 5567 2308 5623 Anna
2335 5562 2663 5632 Comnena,
2708 5561 2991 5623 Atexz'ad.
3042 5563 3148 5625 lib.
3168 5579 3252 5623 xu
3279 5567 3337 5625 et
3383 5580 3489 5624 xui
3520 5568 3661 5630 ALL.

2940 5764 3011 5825 37
