4124 6394
510 280 648 339 1163

1709 255 1989 316 GEORGII
2015 253 2483 313 ACROPOLITIE

3739 254 3911 313 1164

503 403 662 461 fecit.
689 405 810 471 Ego
840 400 1043 471 itaque
1068 392 1289 465 Prilapi
1315 390 1560 460 degens,
1587 387 1654 440 ut
1676 383 1940 455 primum
1981 380 2150 471 flagi-

2264 380 2451 440 ταύτης
2519 377 2783 450 όιλώσιμος
2864 377 3104 450 ἐγεγόνει.
3154 378 3460 431 Τούντεῦθεν
3507 377 3581 440 εἰς
3633 377 3905 431 ἀποστα-

505 493 655 550 tium
684 469 906 555 audivi,
936 469 1062 559 qua
1085 483 1250 557 potui
1272 475 1580 548 diligentia
1629 473 1872 536 litteras,
1925 469 2149 542 quibus

503 598 638 655 quae
668 557 992 635 evenerant
1036 573 1260 641 indico,
1333 568 1413 624 ad
1469 561 1810 621 Michaelem
1854 557 2151 614 Lascarim

500 671 668 727 mitto
697 667 792 724 cui
822 671 879 722 et
900 664 1283 734 Pelagoniam
1316 668 1650 720 accessum,
1681 655 1745 706 ut
1764 647 2150 720 eoprofectus

499 766 556 817 et
583 756 847 815 amboin
867 769 1060 810 unum
1081 753 1386 810 coeuntes,
1403 745 1480 799 de
1500 741 1680 796 rebus
1709 754 1846 810 quae
1875 753 1996 806 prae
2028 751 2153 790 ma-

500 848 679 906 nibus
709 848 894 908 erant,
926 840 1246 898 consilium
1268 836 1573 891 iniremus.
1604 827 1800 883 Ambo
1823 841 1966 894 ergo
1989 823 2149 879 Pela-

503 937 748 1008 goniam
785 930 1227 1005 progredimur.
1260 924 1582 982 Nobiscum
1627 916 1926 976 Scuterius
1946 914 2153 985 Xyleas

505 1003 856 1084 advenerat:
881 1025 924 1092 ι
940 1022 990 1094 5
1004 1023 1048 1090 ι
1069 1034 1208 1075 eum
1227 1015 1380 1071 enim
1399 1011 1653 1066 militiam
1683 1008 1918 1062 doctum
1941 1003 2145 1059 velsal-

506 1122 626 1173 tem
640 1117 1050 1169 Romanorum
1061 1106 1321 1180 partium
1336 1102 1631 1159 fautorem
1659 1093 2073 1152 existimabam
2083 1109 2152 1146 us

506 1201 1002 1278 quandoquidem
1033 1203 1091 1254 et
1117 1188 1796 1268 imperatorTheodorus
1826 1200 1945 1240 non
1989 1183 2156 1238 aliter

505 1297 580 1352 de
601 1312 674 1350 eo
705 1291 999 1348 sentiebat
1029 1309 1041 1357 ;
1066 1305 1207 1344 nam
1234 1284 1555 1341 militarem
1586 1279 1680 1334 ille
1723 1275 2153 1348 experientiam

503 1401 628 1456 prae
655 1398 717 1437 se
740 1380 988 1436 ferebat.
1011 1373 1473 1444 ostentabatque
1491 1386 1553 1424 se
1571 1383 1712 1437 erga
1730 1366 2153 1436 imperatorem

501 1471 880 1543 reliquosque
906 1470 1210 1523 Romanos
1262 1476 1389 1534 qua
1430 1457 1699 1514 maxima
1741 1451 2156 1510 benevolentia

501 1562 678 1620 afﬁci.
710 1557 1114 1617 Convenimus
1148 1571 1162 1621 ;
1193 1549 1662 1608 deliberavimus
1679 1543 2023 1602 Michaelem
2046 1544 2151 1596 La-

501 1652 717 1708 scarim
748 1664 888 1704 cum
920 1647 1205 1702 universa
1233 1640 1491 1697 militum
1514 1652 1720 1702 manu,
1743 1636 2151 1689 Romanorum

2263 472 2381 518 σίαν
2447 467 2566 538 (46)
2648 469 2864 542 φανερὰν
2933 470 2957 518 6
3024 465 3248 538 Μιχαὴλ
3295 466 3601 541 ἐξωρμὴκει.
3670 467 3908 540 ’Ἔγωγε

2261 559 2350 627 μὲν
2379 551 2468 608 οὖν
2519 552 2717 626 διάγων
2781 561 2900 631 περὶ
2955 562 3041 608 τόν
3092 556 3354 630 Πρίλαπον
3409 562 3526 630 περὶ
3579 565 3673 609 τοῦ
3720 577 3904 628 γεγε-

2261 650 2478 716 νημένου
2511 642 2778 719 δράματος
2810 645 3134 718 ἐπεπύσμην.
3177 645 3260 705 ⁶Ως
3316 642 3459 716 εἶχον
3515 654 3644 716 γοῦν
3708 664 3902 698 σπουο

2264 731 2364 794 δῆς
2392 739 2518 807 πρός
2582 755 2669 786 τον
2723 737 2996 806 Λάσκαριν
3039 735 3263 806 Μιχαὴλ
3316 734 3596 792 επιστολὴν
3652 733 3902 807 ἐπεπόμ-

2263 843 2391 894 φειν,
2425 828 2490 876 τὰ
2538 824 2902 896 ξυμϐεϐηκότα
2940 827 3106 895 τούτῳ
3160 821 3253 876 διὰ
3313 828 3514 885 ταύτης
3545 820 3895 894 δηλοποιών,

2261 918 2351 965 xui.
2381 912 2464 965 ἐπὶ
2507 919 2601 972 τὴν
2654 915 2966 985 Πελαγονίαν
3024 912 3253 986 ἀφῖχθαι
3300 921 3483 966 τοῦτον
3534 915 3892 987 γεγράφηκοι,

2276 1004 2287 1012 -
2367 1001 2384 1018 .
2543 1008 2550 1017 .
2659 1003 2728 1018 ,.
2819 1002 2830 1010 -
2991 1007 2998 1017 ,
3145 1003 3154 1010 -
3220 1009 3240 1018 -
3400 1010 3408 1018 .
3491 1005 3512 1017 ..
3732 1005 3745 1014 .
3838 1004 3857 1018 .

2263 1004 2330 1063 ὡς
2361 1002 2420 1053 ἂν
2469 1008 2560 1054 καὶ
2609 1003 2766 1064 αὐτὸς
2809 1002 3084 1074 ἀφιγμένος
3135 1003 3299 1054 ἐκεῖσε
3327 1010 3418 1055 καὶ
3476 1005 3634 1076 ἄμφω
3696 1005 3780 1066 εἰς
3838 1004 3893 1056 ἓν

2261 1096 2526 1163 γεγονότες
2568 1098 2687 1166 περὶ
2747 1101 2846 1143 τῶν
2928 1091 3023 1143 ἀνὰ
3075 1099 3262 1165 χεῖρας
3337 1093 3463 1164 ἡμῖν
3547 1097 3891 1167 πραγμάτων

2263 1185 2356 1238 τὴν
2411 1180 2705 1252 ξυμϐουλὴν
2761 1182 3138 1252 ποιησαίμεθα.
3225 1181 3550 1253 Ξυνὴλθομεν
3607 1191 3741 1253 γοὺν
3795 1189 3889 1236 καὶ

2264 1270 2417 1341 οῖμφω
2444 1269 2493 1321 ἐν
2517 1277 2578 1326 τὴ
2616 1269 2923 1340 Πελαγονίᾳ,
2967 1274 3056 1320 καὶ
3124 1267 3234 1340 μεθ’
3283 1271 3429 1340 ἡμῶν
3475 1274 3567 1322 καὶ
3612 1272 3639 1321 ό
3687 1271 3888 1332 ΞυΗας

2264 1363 2583 1431 Σκουτέριος.
2675 1357 3116 1430 ’Υπελαμϐανομεν
3189 1361 3292 1430 γαρ
3375 1359 3531 1410 αὐτόν
3597 1361 3870 1430 ἄνθρωπον

2265 1451 2637 1520 στρατιωτικόν
2698 1445 2828 1498 εἶναι
2890 1447 2919 1504 ὴ
2988 1445 3083 1498 κᾶν
3131 1447 3517 1522 ρωμαιόφροναο
3608 1453 3701 1501 καὶ
3777 1454 3879 1522 γὰρ

2263 1541 2350 1588 καὶ
2379 1538 2404 1588 ό
2465 1535 2714 1608 βασιλεὺς
2772 1533 3042 1608 Θεόδωρος
3097 1535 3288 1594 πολλὴν
3341 1541 3457 1610 περὶ
3509 1537 3674 1590 αὐτοῦ
3738 1541 3886 1610 εἶχεν

2262 1625 2543 1696 ὑπόληψιν,
2605 1632 2959 1698 στρατηγικὴν
3043 1645 3096 1678 τε
3169 1626 3321 1678 αὐτὸν
3375 1628 3563 1698 αὐχεῖν
3601 1631 3890 1703 ἐμπειρίαν

498 1755 714 1810 nempe
741 1754 811 1794 ac
841 1735 1217 1807 Scytharum,
1253 1747 1326 1786 ex
1358 1732 1572 1784 Beroeaa
1596 1724 1760 1787 locis,
1808 1721 1912 1776 ubi
1953 1725 2152 1774 castra

2264 1719 2352 1767 xui.
2390 1719 2510 1789 περὶ
2549 1714 2704 1766 αὐτόν
2759 1718 2945 1766 καὶτὰ
2980 1723 3080 1766 τῶν
3134 1714 3399 1787 Ῥωμαίων
3449 1719 3650 1768 εὔνοιαν
3690 1726 3892 1775 κεκτῆ-

499 1809 858 1891 metabatur,
916 1824 1228 1880 deﬂectere
1287 1824 1342 1874 et
1395 1814 1783 1884 Pelagoniam
1827 1810 2044 1865 advehi
2091 1809 2152 1863 in

499 1933 693 1990 eaque
722 1914 976 1971 tentoria
1024 1912 1240 1968 locare.
1307 1907 1529 1963 Eodem
1579 1902 1763 1958 modo
1821 1898 2153 1956 Scuterium

503 1988 742 2080 Xyleam
772 2020 912 2059 cum
943 2016 1054 2057 suo
1085 2001 1368 2062 exercitu,
1400 1990 1782 2050 multitudine
1811 1988 1992 2057 longe
2026 2003 2154 2041 am-

498 2077 708 2170 pliore,
733 2090 994 2150 Michaeli
1020 2084 1552 2155 Lascariconjungi
1565 2085 1622 2136 et
1642 2080 1800 2134 circa
1819 2077 2152 2146 Pelagoniae

496 2168 632 2242 loca
659 2188 856 2239 castra
887 2195 1130 2252 ponere.
1159 2179 1348 2232 Locus
1377 2172 1459 2230 ad
1479 2168 1778 2229 Michaelis
1799 2168 2063 2238 despotae
2081 2181 2152 2220 ac

500 2279 819 2333 Servorum
846 2270 928 2338 (hi
954 2269 1114 2324 enim
1149 2266 1330 2322 etiam
1385 2278 1525 2318 cum
1570 2258 1826 2328 despota
1875 2253 2152 2310 Michaele

495 2365 694 2422 faedus
737 2361 1012 2424 inierant)
1085 2358 1381 2429 impetum
1439 2346 1964 2420 comprimendum
2008 2343 2152 2399 satis

497 2454 752 2510 idoneus
789 2455 968 2521 atque
991 2450 1390 2519 opportunus,
1416 2444 1482 2494 ut
1506 2435 1870 2506 accepimus,
1889 2438 2032 2488 erat.
2055 2432 2151 2486 His

497 2544 736 2599 decreta
765 2555 827 2594 se
856 2536 1264 2608 completuros
1288 2527 1564 2602 pollicitis
1585 2523 1818 2593 relictis,
1852 2522 1982 2594 ipse
2013 2538 2152 2576 cum

497 2629 729 2688 decenti
757 2626 1052 2684 famulitio
1079 2629 1261 2694 atque
1290 2615 1528 2673 servitio
1578 2612 1902 2668 Achridam
1957 2611 2148 2676 venio,

499 2723 546 2779 si
567 2722 715 2778 forte
743 2717 1073 2791 potuissem
1103 2727 1200 2767 res
1249 2706 1666 2763 Albanitarum
1707 2701 2021 2771 corrigere.
2059 2700 2152 2755 Al-

496 2813 728 2868 banum
740 2805 1152 2880 praemiseram
1164 2794 1562 2869 imperatoriae
1582 2808 1796 2848 mensae
1810 2791 2150 2862 praefectum

498 2879 793 2957 lsaacium
840 2898 1229 2960 Nestongum,
1287 2902 1424 2942 cum
1461 2883 1544 2939 illi
1607 2887 1806 2946 antea,
1854 2879 2152 2952 quidquid

497 2987 804 3060 agendum
837 2986 994 3039 esset
1013 2979 1172 3036 circa
1196 2972 1798 3041 administrationem,
1824 2970 1886 3025 in
1901 2970 2152 3024 manda-

495 3057 568 3135 tis
585 3092 694 3149 pro
734 3087 903 3130 more
918 3068 1220 3125 dedissem
1245 3082 1258 3119 :
1287 3068 1437 3119 nutu
1456 3076 1722 3132 namque
1751 3074 1887 3114 meo
1931 3057 2150 3113 similia
2179 3073 2222 3129 ρ

493 3147 704 3238 peragi
729 3162 1068 3232 injunctum
1081 3155 1275 3210 fuerat
1301 3150 1636 3218 ;ministros
1676 3148 1816 3203 item
1835 3152 1890 3202 et
1911 3147 2153 3218 publica

493 3236 909 3326 procurantes,
941 3261 1052 3301 nec
1093 3258 1216 3298 non
1244 3240 1524 3296 ductores
1554 3238 1922 3292 exercituum
1948 3236 2154 3307 praefe-

494 3325 745 3410 ctosque
761 3335 1026 3403 urbium,
1045 3338 1349 3402 utcunque
1362 3328 1508 3384 mihi
1519 3326 1792 3382 libuisset
1805 3325 2151 3396 permutari.

498 3430 696 3487 Satius
720 3427 921 3497 itaque
947 3423 1090 3479 duxi
1121 3420 1425 3476 Albanum
1487 3418 1657 3488 152
1713 3416 1878 3472 abire
1924 3415 2002 3472 ad
2041 3415 2158 3471 loci

496 3517 1003 3581 emendationem,
1059 3527 1169 3568 nec
1215 3525 1339 3565 non
1377 3513 1435 3564 et
1479 3504 1972 3577 cognoscendum
2010 3505 2157 3577 quid

497 3623 724 3665 mensae
747 3602 1147 3677 imperatoriae
1198 3598 1516 3672 praefectus
1555 3595 1946 3669 praestitisset.
2004 3597 2156 3649 Prae-

499 3697 721 3753 fectum
743 3689 1287 3763 mensaa,utipotui,
1321 3687 1556 3743 Albano
1589 3684 1768 3740 eduxi
1798 3699 1973 3753 :gens
1995 3684 2156 3738 enim

501 3785 922 3843 Albanitarum
947 3779 1424 3852 conjurationem
1462 3776 1720 3831 inierant
1778 3777 1834 3828 et
1861 3789 1999 3828 cum
2053 3773 2156 3828 de-

502 3877 722 3933 fectore
733 3871 1010 3930 Michaele
1031 3869 1284 3941 despota
1296 3883 1406 3922 con
1416 3865 1734 3937 spirarant.
1757 3863 1901 3918 Cum
1921 3860 2159 3918 turbata

503 3965 712 4022 omnia
743 3960 1193 4034 comperissem,
1241 3955 1450 4012 Debris
1495 3953 1812 4009 discedens
1868 3953 2157 4023 (namque

501 4055 704 4128 plures
722 4053 804 4108 ibi
823 4051 952 4107 dies
978 4064 1165 4122 quam
1196 4061 1350 4118 opus
1396 4049 1554 4098 esset
1599 4041 1996 4114 perstiteram)
2052 4057 2158 4095 un—

500 4145 683 4216 dique
731 4157 831 4198 me
911 4137 1188 4194 hostibus
1253 4131 1682 4199 ambientibus,
1715 4134 1948 4186 armata
1968 4145 2156 4184 manu

500 4231 827 4288 Achridam
855 4227 1021 4284 haud
1073 4225 1262 4281 multo
1326 4238 1466 4278 cum
1513 4219 1806 4277 famulatu
1855 4218 2156 4290 profectus

502 4337 662 4378 sum.
703 4317 909 4388 ibique
940 4313 1146 4388 oppidi
1172 4309 1510 4368 custodiam
1594 4323 1823 4364 mensae
1877 4307 2156 4378 praefecto

2267 1806 2391 1856 σθαι
2447 1809 2540 1862 τὴν
2620 1802 2929 1875 ἀκροτάτην.
3027 1803 3166 1856 Ἐπεὶ
3231 1804 3319 1856 οὖν
3373 1804 3661 1876 ξυνὴειμεν,
3733 1805 3896 1858 ἐϐου-

2262 1894 2557 1966 λευσάμεθα
2606 1895 2820 1956 οὑτωσὶ,
2891 1897 2977 1944 τόν
3024 1896 3115 1964 μὲν
3179 1895 3454 1966 Λάσκαριν
3508 1894 3735 1964 Μιχαὴλ
3791 1895 3895 1946 λα-

2265 1982 2367 2035 ϐεῖν
2417 1987 2476 2035 τό
2531 1983 2617 2034 ὑπ’
2673 1982 2828 2034 αὐτόν
2883 1982 3018 2034 ἅπαν
3076 1979 3451 2056 στρατόπεδον,
3515 1989 3570 2034 τό
3630 2002 3687 2034 τε
3739 1982 3898 2035 Ῥω-

2263 2076 2450 2144 μαὶκόν
2481 2077 2570 2124 καὶ
2621 2076 2679 2123 τό
2729 2074 2996 2136 Σκυθικόν,
3051 2076 3142 2123 καὶ
3195 2069 3552 2142 ἀποχωρῆσαι
3603 2079 3706 2122 τῶν
3759 2078 3895 2146 περὶ

2263 2165 2357 2219 τὴν
2414 2161 2654 2236 Βέρροιαν
2710 2166 2898 2233 χώρων
2961 2159 3150 2230 (ἐκεῖσε
3200 2165 3290 2212 καὶ
3349 2163 3448 2233 γὰρ
3509 2160 3733 2213 ἐποιεῖτο
3790 2165 3895 2222 τὰς

2267 2254 2480 2318 σκηνὰς)
2546 2255 2636 2302 καὶ
2715 2249 2798 2302 ἐπὶ
2846 2255 2938 2308 τὴν
2994 2249 3308 2321 Πελαγονίαν
3353 2252 3590 2323 ὁρμῆσαι
3658 2249 3888 2305 κάκεῖσε

2267 2337 2736 2415 στρατοπεδεῦσαι.
2781 2341 3045 2400 Ὡσαύτως
3114 2345 3204 2392 καὶ
3241 2342 3265 2391 6
3325 2339 3520 2402 Ξυλέας
3572 2346 3892 2413 Σκουτέριος

2267 2431 2348 2481 ἱνα
2371 2429 2500 2488 λάϐη
2536 2434 2592 2481 τό
2623 2429 2708 2481 ὑπ’
2741 2429 2895 2481 αὐτόν
2947 2429 3082 2481 ἇπαν
3141 2448 3369 2503 στρατιω
3408 2434 3552 2481 τικόν
3591 2432 3888 2501 σύνταγμα

2265 2520 2444 2590 (έκεῖνο
2465 2522 2565 2594 γὰρ
2597 2519 2785 2591 μᾶλλον
2832 2519 2902 2580 εὶς
2956 2519 3151 2581 πλῆθος
3209 2520 3495 2593 ἠρίθμητο)
3555 2524 3648 2571 xui.
3707 2521 3890 2573 συνελ-

2267 2611 2347 2662 θοι
2368 2619 2439 2680 τῷ
2462 2612 2707 2681 Λάσκαρι
2745 2608 2986 2680 Μιχαὴλ,
3017 2614 3108 2661 καὶ
3182 2611 3438 2680 ἡνωμένος
3496 2609 3546 2661 ἐν
3599 2618 3710 2670 τοῖς
3764 2617 3890 2685 περὶ

2265 2705 2356 2758 τὴν
2455 2699 2767 2770 Πελαγονίαν
2849 2701 3032 2772 μέρεσι
3117 2695 3701 2772 στρατοπεδεύσασθαι.
3803 2700 3888 2752 Ἐν

2263 2787 2514 2859 ἐπικαίρῳ
2595 2790 2696 2861 γὰρ
2777 2788 2838 2859 ᾖν
2892 2789 2917 2838 6
2974 2792 3129 2847 τόπος
3186 2786 3269 2839 ἐπὶ
3319 2792 3413 2846 τὴν
3465 2797 3559 2839 τοῦ
3617 2784 3890 2841 δεσπότου

2263 2877 2486 2948 Μιχαὴλ
2511 2883 2601 2929 καὶ
2626 2875 2709 2928 ἐπὶ
2739 2881 2834 2934 τὴν
2889 2883 2991 2927 τῶν
3049 2875 3265 2948 Σέρϐων,
3330 2879 3400 2937 ὡς
3466 2875 3771 2948 ἐπυθόμεθα
3804 2879 3887 2930 ὁτι

2262 2971 2351 3017 καί
2435 2985 2577 3018 ουτοι
2663 2970 2965 3036 συμφώνους
3038 2963 3226 3035 λόγους
3283 2969 3410 3037 πρὸς
3468 2968 3553 3016 τὸν
3613 2961 3888 3024 δεσπότην

2262 3054 2485 3126 Μιχαὴλ
2523 3053 2844 3111 ἐπεποίηντο.
2904 3053 3158 3112 Ἐκείνους
3219 3056 3309 3124 μὲν
3376 3052 3465 3104 οὖν
3541 3051 3889 3126 ἐκπληρῶσαι

2262 3147 2329 3197 τὰ
2392 3142 2770 3216 βεϐουλευμένα
2839 3143 3243 3213 ὑπεσχημένους
3305 3141 3594 3207 κατέλιπον,
3661 3141 3764 3211 ἐγὼ
3818 3142 3886 3196 δὲ

2264 3236 2392 3307 μετὰ
2418 3241 2508 3292 τῆς
2556 3233 2930 3304 προσηκούσης
2996 3231 3286 3304 ὑπηρεσιας
3335 3250 3438 3301 μου
3486 3235 3571 3286 τὴν
3627 3227 3870 3301 Ἀκρίδα

2265 3321 2764 3389 κατελαϐον,εῖπως
2822 3318 2882 3370 ἂν
2948 3316 3227 3378 δυνηθείην
3285 3322 3352 3371 τὰ
3407 3329 3497 3372 τῶν
3551 3315 3868 3370 Ἄλϐα-λιτῶν

2268 3409 2690 3484 διορθώσασθαι,
2753 3408 3050 3482 Προῦλαϐον
3148 3404 3207 3460 δὲ
3283 3407 3637 3471 ἐξαποστεῖλαι
3693 3405 3780 3458 ἐπὶ
3811 3412 3878 3460 τὸ

2264 3499 2512 3553 Ἀλϐανόν
2538 3504 2622 3551 τόν
2672 3498 2755 3551 ἐπὶ
2804 3507 2895 3558 τῆς
2954 3496 3234 3570 βασιλικῆς
3293 3498 3557 3572 τραπέζης
3609 3497 3883 3550 Ἰσαάκιον

2266 3594 2352 3643 τόν
2385 3594 2695 3660 Νεστόγγον,
2735 3588 2955 3659 ἕνταλμα
2997 3583 3118 3646 δοὺς
3185 3587 3322 3658 αύτῷ
3388 3588 3500 3639 κατ’
3559 3589 3670 3648 ἔθος
3726 3606 3884 3661 περι-

2267 3679 2527 3752 λαμϐανον
2558 3687 2648 3738 τῆς
2701 3679 2976 3750 ἡγεμονίας
3013 3675 3315 3750 περίληψιν.
3367 3675 3590 3749 ⁶Ωριστό
3643 3697 3736 3748 μοι
3790 3684 3887 3731 καὶ

2266 3772 2366 3844 γὰρ
2397 3767 2476 3821 ἐπ’
2507 3764 2683 3826 ἀδείας
2723 3769 2862 3837 ἔχὲιν
2883 3784 2946 3836 με
3012 3773 3233 3817 τοιαῦτα
3296 3773 3480 3832 ποιεῖν,
3542 3765 3888 3838 ἐνεργοῦντας

2267 3863 2356 3909 καὶ⁹
2420 3854 2658 3929 δημόσια
2724 3852 3204 3926 διαπραττομένους
3293 3859 3384 3906 xui.
3471 3859 3888 3928 στρατευμάτων

2266 3951 2677 4023 προϊσταμένους
2751 3950 2840 3996 xui.
2906 3953 3095 4018 χωρῶν
3193 3945 3470 4016 ἠγεμονίαν
3527 3950 3893 4016 κεκτημένους

2268 4035 2624 4088 ἀπαλλάττειν
2651 4037 2720 4095 ὡς
2750 4032 2809 4085 ἀν
2841 4031 3150 4106 βουλοίμην.
3190 4032 3416 4105 Εἱλόμην
3483 4033 3571 4084 οὖν
3639 4033 3889 4088 ἀπελθεῖν

2267 4125 2349 4178 ἐπὶ
2369 4131 2428 4177 τό
2450 4123 2704 4178 ’Ἀλϐανόν
2759 4127 2849 4174 καὶ
2897 4130 2990 4183 τῆς
3012 4131 3107 4182 τῆς
3141 4128 3322 4194 χώρας
3350 4123 3507 4175 ἕνεκέν
3542 4119 3892 4194 διορθώσεως

2265 4235 2355 4266 και
2385 4222 2476 4266 τοῦ
2507 4215 2687 4286 μαθεῖν
2720 4232 2781 4284 με
2811 4216 2862 4263 τί
2893 4210 2952 4262 ἂν
2981 4213 3005 4262 ό
3036 4210 3120 4264 ἐπί
3148 4220 3243 4272 τῆς
3276 4209 3562 4283 βασιλικῆς
3612 4218 3890 4285 τραπέζης

2267 4309 2562 4361 πεποίηκεν.
2634 4301 2892 4355 Ἀπελθων
2939 4309 3064 4372 γοῦν
3116 4304 3203 4352 τόν
3242 4305 3330 4372 μὲν
3389 4300 3474 4353 ἐπί
3527 4308 3620 4363 τὴς
3676 4310 3887 4378 τραπέ-

501 4387 898 4472 committens,
929 4387 1287 4472 etPrespam
1316 4397 1660 4470 praeteriens
1694 4401 1750 4451 et
1778 4395 1943 4467 quod
1971 4395 2153 4466 vulgo

2270 4395 2387 4456 ξης,
2419 4395 2591 4452 καθὼς
2621 4390 2680 4442 ἂν
2713 4387 2856 4462 εἶχον
2888 4390 3099 4461 ἰσχύος,
3140 4397 3231 4441 τοῦ
3289 4388 3538 4443 Ἀλϐανόν
3593 4390 3888 4466 ἐξήγαγον,

504 4497 977 4555 Siderocastrum
1002 4489 1236 4558 dicitur,
1259 4487 1562 4557 Prilapum
1592 4485 1859 4556 perveni,
1911 4490 1966 4540 et
2012 4489 2154 4541 tunc

501 4600 600 4642 me
620 4582 798 4640 veluti
814 4581 875 4636 in
903 4585 1145 4651 portum
1161 4573 1546 4647 tranquillum
1564 4579 1620 4629 et
1634 4577 1828 4629 tutum
1856 4573 2154 4630 invectum

501 4689 633 4731 esse
657 4672 849 4728 rebar.
880 4668 1013 4726 Mihi
1032 4667 1216 4722 nihilo
1237 4664 1457 4728 minus,
1482 4662 1734 4734 aliisque
1779 4663 1882 4736 qui
1937 4679 2009 4719 ex
2049 4680 2154 4719 no-

503 4763 637 4820 stris
665 4761 890 4817 ibidem
907 4755 1492 4828 agebant,contraria
1504 4767 1769 4808 evenere.
1788 4752 2154 4824 Oppidorum

503 4852 664 4912 enim
689 4867 760 4908 ac
783 4847 1161 4906 castellorum
1192 4842 1290 4914 adj
1301 4842 1600 4898 acentium
1620 4841 1863 4896 Michael
1892 4841 2155 4896 defector

502 4942 747 5009 Potitus,
773 4955 896 4994 uno
921 4943 975 4993 et
1004 4934 1133 4991 solo
1160 4932 1390 5004 Prilapo
1403 4930 1836 4986 destituebatur
1860 4947 1873 4997 ;
1897 4930 2154 5000 ideoque

501 5045 690 5102 quam
704 5025 1096 5100 cupidissime
1113 5022 1192 5078 ad
1203 5020 1349 5077 illud
1361 5017 1782 5091 occupandum
1799 5017 2116 5073 festinabat
2135 5037 2149 5074 :

500 5135 572 5176 eo
609 5120 830 5192 quippe
856 5116 1125 5177 subacto,
1157 5112 1286 5166 sine
1325 5109 1446 5165 ullo
1476 5107 1864 5163 incommodo
1910 5111 2153 5180 tutoque

496 5209 722 5265 circum
742 5208 900 5263 circa
929 5203 1046 5260 alia
1094 5203 1328 5274 poterat
1377 5211 1738 5269 expugnare.
1795 5199 1995 5267 Neque
2048 5197 2154 5252 diu

492 5301 634 5371 post
651 5312 764 5353 nos
783 5309 1028 5368 quoque
1056 5291 1319 5347 defector
1347 5285 1594 5344 Michael
1620 5301 1759 5341 cum
1815 5300 1926 5340 suo
1985 5301 2149 5341 exer-

2270 4485 2617 4558 Προύφθασαν
2663 4483 2762 4552 γὰρ
2813 4483 2868 4531 τό
2926 4487 3023 4530 τῶν
3091 4477 3401 4531 Ἀ).ϐανιτών
3455 4481 3618 4548 ἔθνος,
3674 4503 3770 4535 και
3822 4489 3891 4536 τὰ

2266 4581 2361 4633 τῆς
2410 4571 2690 4645 ἀνταρσίας
2746 4567 3226 4640 ἑκπεπληρώκασιψ
3278 4568 3495 4629 ἅπαντες
3541 4572 3646 4643 γὰρ
3695 4570 3892 4634 ξυνῆλ-

2269 4664 2352 4713 θον
2390 4669 2462 4731 τῷ
2492 4659 2763 4730 ἀποστάτῃ
2799 4655 3028 4729 δεσπότῃ
3071 4655 3306 4728 Μιχαὴλ.
3343 4657 3485 4709 Ἐπεί
3537 4667 3664 4730 γοῦν
3720 4662 3888 4725 αὐτὸς

2266 4751 2432 4824 ἐώρων
2463 4752 2529 4800 τὰ
2581 4751 2751 4800 πάντα
2798 4752 3094 4818 κυκώμενα,
3148 4744 3203 4798 ἐκ
3267 4755 3366 4798 τῶν
3392 4745 3590 4821 Δεϐρών
3643 4747 3878 4823 ἀπάρας.

2267 4839 2495 4905 (πλείους
2521 4841 2622 4913 γὰρ
2659 4836 2824 4889 ἐκεῖσε
2856 4839 3054 4909 ἡμέρας
3098 4835 3128 4894 ὴ
3182 4831 3289 4888 ἔδει
3356 4832 3604 4894 διήνυσα·
3665 4839 3751 4910 [Ρ.
3782 4839 3879 4915 79]

2263 4928 2433 5000 κύκλῳ
2497 4931 2595 5000 γὰρ
2654 4923 2797 4998 εἶχον
2872 4929 2992 4984 τοὺς
3073 4923 3374 4996 πολεμίους)
3458 4929 3592 4997 μετά
3647 4935 3886 5002 μετρίων

2263 5027 2412 5070 τινῶν
2463 5013 2664 5089 ἀνδρῶν
2718 5023 2815 5068 τῶν
2883 5013 3328 5086 ἐξυπηρετούντων
3385 5035 3476 5086 μοι
3537 5017 3656 5088 μεθ’
3705 5019 3886 5072 ὅπλων

2262 5107 2546 5179 κατεῦηφα
2592 5110 2686 5163 τὴν
2725 5100 2981 5178 Ἀχρίδα.
3062 5101 3284 5156 Κάκεῖσε
3347 5113 3474 5175 γοῦν
3517 5109 3602 5157 τόν
3653 5105 3744 5159 έπί
3790 5118 3887 5170 τῆς

2260 5199 2524 5271 τραπέζης
2578 5195 2647 5255 εἰς
2716 5192 2938 5265 φυλακὴν
3009 5199 3100 5244 τοῦ
3169 5193 3404 5265 κάστρου
3456 5191 3626 5265 ἀφείς,
3681 5191 3888 5261 διαϐὰς

2260 5291 2354 5344 τὴν
2411 5288 2654 5359 Πρέσπαν
2731 5301 2822 5333 και
2891 5300 2950 5333 το
3010 5280 3146 5332 οὕτω
3237 5299 3347 5342 πως
3426 5279 3888 5357 ἐπονομαζόμενον

1386 5409 1732 5478 Theodori
1781 5410 2032 5478 Dousa).
2080 5422 2148 5479 et
2191 5409 2440 5484 Leonis
2490 5406 2722 5475 Allatii
2769 5416 2974 5474 notae.

569 5525 684 5600 (46)
705 5523 1013 5580 Τούντεῦθεν
1041 5521 1109 5584 εἰς
1135 5520 1486 5574 ἀποστασίαν.
1515 5517 1828 5587 Gregoras,
1868 5515 1972 5574 lib.
2003 5534 2082 5586 nl,
2115 5534 2168 5591 Ρ.

2264 5522 2309 5588 5,
2332 5516 2540 5590 jejune
2582 5512 2937 5572 admodum.
2983 5511 3194 5570 Fusius
3236 5511 3699 5586 Pachymerius,
3757 5517 3876 5576 lib.

498 5612 544 5668 ι,
572 5613 626 5657 c.
657 5602 748 5656 30.
776 5602 918 5655 ALL.
