4124 6400
521 279 658 335 1167

1803 257 2088 328 GEORGII
2112 262 2579 329 AGROPOLITJE

3758 282 3928 338 1168

518 405 702 471 rator,
731 402 786 458 et
810 399 1098 473 pleraque
1131 395 1468 456 aMichaele
1528 394 1826 453 defectore
1872 397 2178 470 occupari,

2292 396 2545 473 βασιλεὺς
2598 397 2690 449 καὶ
2740 393 2807 448 τά
2837 391 2997 450 πλείω
3054 401 3186 473 πρὸς
3229 408 3323 455 τοῦ
3374 399 3628 480 ἀντάρτου
3674 406 3943 478 Μιχαὴλ

488 507 493 511 '
516 488 935 549 transmittend
946 503 1138 560 usque
1161 491 1316 543 esset
1332 486 1418 543 rei
1439 485 1714 542 militaris
1736 485 1948 558 peritia
1967 486 2183 559 praedi-

517 588 778 638 tuscum
826 578 1108 646 exercitu,
1178 578 1283 651 qui
1343 577 1836 634 adversariorum
1889 577 2182 651 impetum

520 670 855 735 sustineret,
900 667 1128 724 dictum
1171 666 1513 725 Michaelem
1572 668 1949 724 Comnenum
1986 666 2180 736 elegit,

518 758 721 831 illique
748 757 1075 814 exercitum
1095 772 1170 813 ex
1191 755 1620 813 Macedonibus
1659 755 1975 812 collectum
2005 755 2183 812 tradi-

517 850 624 921 dit,
647 863 903 905 numero
919 846 1239 903 hominum
1262 845 1428 902 haud
1449 845 1743 919 amplum,
1765 845 1994 902 viribus
2022 845 2184 903 infir‘

517 955 582 996 m
608 955 710 994 um
739 937 916 1010 plane
948 940 1128 1008 atque
1148 935 1576 1007 inutilem.lpse
1606 950 1802 1008 neque
1828 939 2038 992 contra
2067 935 2181 992 ob-

519 1028 625 1085 niti
654 1042 853 1100 neque
876 1028 1049 1098 jussa
1076 1041 1295 1083 exuere
1317 1025 1606 1082 idoneum
1636 1029 1828 1095 ratus,
1880 1041 2020 1081 cum
2076 1041 2183 1099 pu-

522 1116 653 1174 sillo
686 1121 744 1174 et
768 1116 997 1172 viribus
1026 1114 1327 1171 imbecillo
1359 1114 1620 1171 exercitu
1641 1129 1771 1170 sese
1808 1114 2184 1171 Thessaloni-

523 1222 660 1265 cam
690 1206 937 1263 confert.
969 1205 1111 1261 Indc
1142 1204 1510 1277 Bardarium,
1569 1219 1755 1276 quem
1802 1203 2031 1277 antiqui
2069 1206 2181 1261 Na-

526 1297 683 1354 sium
724 1294 1130 1369 appellabant,
1162 1298 1559 1362 transvectus,
1610 1296 1669 1349 et
1718 1309 1858 1350 cum
1901 1293 2181 1350 Michaele

526 1387 764 1445 Lascari
789 1385 1129 1458 copulatus,
1153 1400 1415 1457 cumque
1443 1400 1514 1441 eo
1545 1382 1794 1440 consilio
1827 1383 1997 1454 inito,
2048 1385 2181 1440 Ber-

523 1492 716 1534 roeam
744 1475 1105 1548 irrumpunt,
1141 1490 1265 1531 non
1292 1472 1461 1547 quod
1490 1489 1626 1530 eam
1667 1472 1916 1545 aggredi
1961 1472 2182 1531 vellent

526 1569 743 1640 (neque
764 1565 998 1623 enimid
1020 1564 1342 1636 poterant),
1366 1563 1473 1620 sed
1492 1562 1726 1619 utcirca
1742 1562 2018 1620 eamloce
2030 1579 2180 1636 pree-

521 1658 663 1715 dam
680 1655 963 1712 militibus
993 1655 1226 1711 darent.
1261 1655 1328 1710 Et
1342 1668 1486 1710 sane
1504 1653 1805 1709 maximos
1826 1654 1869 1723 ι
1885 1652 1935 1725 5
1948 1653 1997 1725 5
2014 1669 2177 1726 qum-

2291 487 2630 561 ἀλισκομενα,
2683 489 2776 538 καὶ
2825 482 2932 539 ἔδει
2981 494 3279 565 στρατηγὸν
3333 489 3506 567 ἄνδρα
3552 497 3684 567 μετὰ
3740 515 3941 568 στρα-

2291 580 2506 638 τεύατος
2577 576 2648 638 εἰς
2698 575 3105 651 ἀντιπαράταξιν
3184 581 3405 651 στεῖλαι,
3482 587 3568 637 τόν
3634 583 3938 658 εἰρημένον

2294 670 2558 740 Κομνηνὸν
2606 665 2823 739 Μιχαὴλ
2892 667 3168 742 ἐξελέξατο,
3231 669 3358 734 δοὺς
3406 672 3549 745 αὐτῷ
3600 679 3694 727 καὶ
3748 677 3942 749 στράο

2291 775 2457 829 τευμα
2500 756 2614 830 (48)
2644 755 2699 808 ἐκ
2728 754 3069 831 Μακεδονίας,
3100 762 3235 814 πάνυ
3300 782 3354 816 τε
3406 770 3481 834 τῷ
3525 772 3676 836 ποσῷ
3734 764 3937 837 ὀλίγον

2290 850 2381 899 καὶ
2408 845 2822 919 ἀνωφελέστατον
2852 854 2915 920 τῇ
2973 854 3237 910 ποιότητι.
3290 851 3349 905 Ὀ
3403 848 3463 904 δὲ
3493 852 3607 924 (καὶ
3663 856 3773 930 γὰρ
3815 855 3934 908 οὐκ

2292 933 2432 1008 εἶχεν
2486 934 2763 1008 ἀντιλέγειν
2824 943 2931 998 τοῖς
2983 938 3123 1011 αὐτῷ
3183 942 3682 1016 προσταττομένοις)
3736 943 3931 998 λαϐὼν

2289 1028 2348 1078 τὸ
2431 1030 2812 1102 σμικροπρεπξς
2876 1026 3055 1102 ἐκεῖνο,
3126 1035 3216 1084 καὶ
3273 1030 3526 1106 ἀπόλεμον
3598 1036 3931 1109 στράτευμα

2289 1118 2384 1172 τὴν
2437 1114 2827 1174 Θεσσαλονίκην
2910 1117 3317 1192 καταλαμϐάνει,
3392 1121 3626 1175 κάκεῖθεν
3711 1120 3926 1186 διαϐὰς

2289 1206 2376 1255 τόν
2407 1200 2720 1279 Βαρδάριον,
2750 1205 2803 1258 ὃν
2836 1207 2884 1259 οἱ
2913 1206 3126 1262 παλαιοὶ
3176 1209 3371 1272 Ναξιὸν
3412 1210 3742 1284 ὀνομάζουσι
3772 1216 3917 1286 (49),

2289 1297 2379 1345 καὶ
2421 1301 2494 1363 τῷ
2521 1295 2766 1370 Λάσκαρι
2812 1296 3036 1368 Μιχαὴλ
3084 1297 3302 1363 ἐνωθείς,
3354 1304 3444 1353 καὶ
3497 1302 3654 1374 ἄμφω
3704 1300 3916 1375 βουλήν

2288 1384 2635 1455 ποιησάμενοι
2708 1386 2845 1437 κατὰ
2918 1393 3010 1446 τῆς
3082 1385 3323 1463 Βεῤῥοίας
3383 1391 3724 1464 ὡρμήκασιν,
3794 1392 3899 1463 οὐχ

2292 1469 2375 1522 ἳνα
2392 1475 2737 1544 μαχέσωνται
2762 1474 2923 1548 ταύτῃ
2981 1472 3129 1545 (οὐδὲ
3184 1479 3286 1551 γὰρ
3340 1476 3459 1541 ἐξῆν
3505 1479 3682 1541 αὐτοῖς
3734 1487 3911 1534 τοιοῦ-

2286 1563 2373 1611 τόν
2399 1579 2452 1613 τι
2482 1557 2946 1636 διαπράττεσθαι),
2991 1561 3099 1616 ἀλλ’
3132 1564 3216 1617 ἵνα
3238 1565 3375 1619 λείαν
3424 1570 3491 1620 τά
3532 1573 3654 1642 περὶ
3705 1574 3917 1629 ταὺτην

2288 1654 2630 1709 ποιήσωνται.
2690 1656 2791 1705 Καὶ
2829 1651 3147 1707 ἐσκύλευσαν
3194 1655 3357 1710 πολλά
3391 1678 3404 1691 ·
3429 1657 3576 1720 ζώων
3631 1662 3740 1736 γὰρ
3778 1660 3921 1719 πλη-

520 1753 649 1803 stus
666 1745 1033 1820 praedasque
1055 1743 1339 1800 fecerunt.
1360 1745 1510 1800 Nam
1531 1741 1888 1799 animalium
1914 1741 2174 1800 multitu-

2291 1740 2381 1792 θὺν
2465 1740 2560 1793 οὐκ
2640 1740 2870 1817 εὐχερῶς
2946 1740 3330 1819 ἀριθμουμένην
3397 1749 3447 1799 οἱ
3519 1746 3644 1821 ἀμφ’
3711 1749 3925 1812 αὐτοὺς

515 1837 718 1893 dinem
731 1851 855 1892 non
868 1833 1023 1891 facili
1039 1834 1281 1903 negotio
1293 1831 1738 1890 numerandam
1750 1831 1965 1889 milites
1983 1832 2176 1890 addu-

511 1927 749 1981 xerunt.
794 1922 1035 1979 Interim
1088 1921 1237 1977 dum
1280 1919 1376 1976 isti
1426 1920 1490 1976 in
1543 1935 1689 1991 agro
1737 1920 1913 1978 fertili
1968 1922 2178 1995 praeda

514 2017 859 2071 onerantur.
897 2013 1215 2068 Serrorum
1237 2009 1519 2082 princeps
1566 2009 1882 2067 defectoris
1929 2010 2176 2068 Michae-

513 2103 590 2160 lis
618 2102 939 2177 perﬁdiam
966 2100 1237 2170 edoctus,
1265 2114 1481 2171 genere
1510 2099 1758 2172 quidem
1787 2098 2106 2171 foedifrago
2124 2106 2182 2159 et

519 2209 760 2267 semper
777 2192 840 2249 in
868 2189 1175 2248 beneﬁcos
1198 2194 1255 2246 et
1280 2188 1559 2246 liberales
1613 2191 1850 2260 ingrato
1903 2194 1960 2247 et
2001 2191 2179 2248 inhu-

519 2298 726 2354 mano,
750 2286 806 2339 et
844 2280 1021 2356 parvi
1058 2279 1451 2336 emolumenti
1470 2278 1661 2349 gratia
1689 2278 1969 2336 amicitiae
1999 2296 2182 2353 pocu-

518 2373 671 2444 lum,
705 2376 771 2429 ut
794 2371 1030 2441 dicitur,
1059 2367 1467 2440 conculcante,
1501 2368 1764 2426 exercitu
1795 2369 1955 2426 mille
1978 2370 2179 2427 homi--

524 2479 676 2522 num
697 2466 905 2520 coacto
932 2463 1271 2517 Romanam
1296 2458 1582 2515 ditionem
1640 2458 1899 2516 infestat.
1946 2460 2013 2516 Hi
2068 2460 2179 2518 ita-

523 2569 643 2627 que
674 2551 955 2609 Citzabim
992 2548 1396 2624 prmtergressi
1429 2547 1646 2621 Prilapi
1688 2548 2068 2621 adjacentem
2093 2566 2181 2608 re-

525 2645 767 2715 gionem
798 2642 1132 2716 praedatum
1158 2639 1349 2696 ibant.
1376 2641 1555 2696 Porro
1604 2639 1904 2695 Scuterius
1971 2641 2178 2713 liyleas

522 2750 664 2790 cum
685 2748 796 2789 suo
843 2732 1052 2800 milite,
1075 2728 1449 2802 licetoppido
1462 2729 2031 2802 appropinquasset.
2056 2732 2181 2788 Ser-

520 2839 634 2881 vus
651 2822 858 2881 omnia
877 2825 1182 2879 vastantes
1203 2823 1384 2893 atque
1408 2819 1547 2891 igne
1566 2826 2019 2893 corrumpentes
2041 2837 2181 2879 con-

521 2914 800 2988 spiciens,
835 2912 923 2969 vir
959 2910 1100 2968 belli
1134 2925 1347 2983 expers
1380 2914 1439 2967 et
1460 2910 1565 2983 qui
1611 2910 1946 2983 praeliarem
2007 2928 2180 2985 expe-

516 3003 793 3061 rientiam
814 3018 891 3059 ne
916 3017 1024 3075 per
1044 3000 1349 3056 somnium
1373 2998 1622 3071 quidem
1653 2999 2001 3070 degustarat
2051 3002 2179 3074 (ne-

519 3109 638 3167 que
668 3092 829 3148 enim
860 3088 1265 3181 speculatores
1284 3087 1463 3181 longe
1499 3087 1825 3181 dimiserat,
1854 3094 1917 3145 ut
1937 3105 2045 3162 per
2075 3107 2179 3149 eos
2217 3122 2258 3181 Ο

518 3182 784 3240 hostium
811 3180 1206 3253 irruptionem
1235 3181 1416 3250 atque
1439 3176 1691 3235 insidias
1742 3181 2177 3255 cognosceret),

520 3286 719 3344 neque
740 3269 947 3342 copias
969 3268 1290 3341 disponere
1337 3265 1608 3337 edoctus,
1654 3282 2175 3343 unumquemque,

523 3376 647 3434 quo
682 3359 924 3417 animus
946 3358 1140 3426 ferret,
1166 3358 1229 3412 in
1246 3357 1459 3413 Servos
1486 3354 1782 3429 impetum
1807 3356 2003 3416 facere
2040 3376 2184 3417 con-

525 3450 723 3507 cessit.
765 3450 958 3515 Quare
1021 3444 1366 3520 perturbato
1413 3444 1642 3518 ordine,
1681 3447 1859 3518 pauci
1891 3447 2005 3520 ipsi
2055 3451 2182 3507 Ser-

523 3540 615 3598 vis
643 3538 1157 3598 numerosioribus
1188 3539 1570 3593 occursantes
1601 3536 1760 3609 capi,
1787 3553 2048 3610 quorum
2083 3539 2182 3597 alii

524 3631 770 3689 ensibus
795 3628 1152 3697 obtruncati,
1185 3626 1284 3683 alii
1312 3625 1431 3683 vivi
1473 3626 1730 3682 vinculis
1774 3627 2033 3699 colligati
2080 3628 2182 3686 de-

523 3720 686 3777 duci.
717 3720 849 3793 lpse
877 3734 1119 3792 quoque
1150 3716 1450 3774 Scuterius
1472 3715 1683 3787 Xyleas
1744 3732 1884 3772 cum
1947 3717 2183 3791 reliqua

522 3810 781 3866 militum
813 3824 1003 3866 manu
1020 3807 1083 3863 in
1112 3809 1324 3863 Servos
1343 3805 1574 3861 irruens
1602 3804 1864 3877 fugatur,
1897 3811 1954 3863 et
2002 3823 2178 3865 mon-

521 3899 681 3956 tibus
707 3912 779 3955 ac
813 3897 1067 3954 collibus
1088 3894 1530 3968 praeruptisque
1553 3893 1701 3950 locis
1755 3897 2037 3960 emensis,
2079 3897 2181 3955 vix

520 3988 768 4046 tandem
799 3987 1057 4043 salutem
1096 3983 1501 4057 consequitur.
1536 3986 1602 4039 Et
1637 3984 1754 4040 hoc
1787 3984 1969 4041 modo
2009 4002 2180 4043 exer-

519 4078 690 4149 citus,
713 4075 821 4149 qui
849 4074 1067 4147 Prilapi
1097 4078 1240 4142 erat,
1292 4073 1648 4145 dissipatur.
1728 4076 1845 4130 Nos
1900 4089 2080 4147 porro
2119 4076 2183 4132 in

518 4165 735 4237 Prilapi
752 4163 980 4236 oppido
1003 4162 1420 4220 concludimur
1439 4161 1750 4232 etcarceri,
1776 4166 1840 4219 ut
1855 4162 1939 4220 ita
1958 4162 2183 4236 dicam,

517 4254 962 4327 mancipamur.

603 4346 776 4418 156
816 4349 906 4401 Ἠ.
966 4343 1077 4410 Qui
1139 4359 1282 4401 vero
1338 4358 1475 4400 cum
1541 4340 1818 4400 Michaele
1876 4339 2181 4400 Comneno
2220 4345 2265 4399 D

2288 1828 2579 1888 ἐληίσαντο.
2631 1830 2711 1883 Ἐν
2743 1831 2823 1893 οἷς
2900 1828 2961 1885 δὲ
3026 1832 3170 1887 οὗτοι
3239 1842 3407 1888 ταῦτα
3456 1836 3680 1907 ἐποίουν,
3729 1840 3761 1891 ὁ
3820 1849 3926 1893 τῶν

2287 1918 2484 1994 Σέρϐων
2515 1921 2698 1995 ἄρχων
2724 1926 2818 1980 τὴν
2862 1929 2955 1975 τοῦ
3001 1920 3302 1978 ἀποστάτου
3357 1927 3575 1999 Μιχαὴλ
3612 1926 3783 2004 ἀντάδο
3798 1935 3930 1984 σίαν

2288 2011 2488 2082 μαθὼν,
2519 2013 2663 2081 γένος
2693 2008 2979 2065 ἔκσπονδον
3010 2017 3100 2066 καὶ
3132 2011 3400 2087 μηδέποτε
3424 2012 3559 2078 εἰδος
3587 2018 3753 2092 χάριν
3788 2028 3922 2084 τοῖς

2288 2098 2362 2159 εἰς
2393 2098 2518 2150 αὐτὸ
2549 2096 2963 2173 ἐπιδειξαμένοις
2989 2122 3252 2177 χρηστον,
3313 2103 3441 2158 ἀλλά
3491 2102 3585 2160 διὰ
3626 2113 3836 2184 μικρὸν
3868 2130 3930 2164 τι

2288 2184 2471 2264 κέρδος
2508 2191 2567 2241 τὸ
2602 2188 2768 2262 φιλίας
2826 2189 3144 2267 ἀποῤῥίπτον
3198 2199 3289 2248 καὶ
3329 2204 3662 2250 καταπατοῦν
3714 2201 3927 2253 κύπελ-

2287 2278 2395 2351 λον,
2419 2281 2720 2354 στράτευμα
2779 2284 3127 2355 συναθροίσας
3165 2285 3235 2346 ὡς
3290 2285 3356 2347 εἰς
3409 2286 3617 2359 χιλίους
3660 2289 3923 2365 ἠριθμη-

2288 2372 2435 2442 μένον
2521 2372 2656 2423 κατά
2743 2377 2842 2423 τῶν
2943 2370 3240 2446 Ῥωμαϊκῶν
3325 2374 3620 2451 ἕκπέπομφε
3681 2386 3917 2456 χώρων.

2290 2459 2451 2512 Οὗτοι
2517 2462 2607 2532 μὲν
2672 2463 2765 2520 τὴν
2851 2461 3113 2526 Κύτζαϐιν
3185 2465 3612 2539 παραμείψαντες
3687 2473 3757 2522 τὰ
3830 2478 3924 2527 ﬂi-

2288 2547 2372 2622 ριξ
2411 2556 2500 2601 τοῦ
2544 2548 2814 2625 Πριλάπου
2868 2548 3161 2609 ἐσκύλευον.
3214 2552 3271 2606 Ὀ
3327 2551 3388 2606 δὲ
3436 2561 3742 2633 Σκουτέριος
3795 2563 3918 2633 (50)

2288 2637 2479 2700 Ξυλέας
2525 2642 2657 2712 μετά
2730 2647 2821 2692 τοῦ
2878 2641 2965 2694 ὑπ’
3043 2642 3198 2695 αὐτὸν
3280 2648 3672 2719 στρατεύματος
3748 2646 3922 2722 ἐγγύς

2287 2748 2387 2783 που
2433 2737 2526 2782 τοῦ
2575 2730 2771 2791 ἄστεως
2818 2750 3068 2804 κειμενος,
3125 2735 3191 2794 ὡς
3266 2731 3373 2788 εἶδε
3429 2739 3488 2789 τὸ
3541 2745 3644 2791 τῶν
3703 2739 3918 2812 Σέρϐων

2289 2820 2590 2894 στράτευμα
2642 2824 2737 2879 τὴν
2807 2826 2990 2895 χώραν
3035 2822 3215 2886 ληίζον
3286 2829 3375 2878 καὶ
3424 2830 3569 2903 πῠρά
3624 2839 3916 2904 πανταχοῦ

2286 2906 2635 2982 ἀναπτόμενα,
2676 2910 2949 2984 ἄνθρωπος
2993 2907 3165 2975 ἀδαὴς
3218 2914 3281 2966 τά
3328 2913 3586 2988 πολεμικά
3632 2924 3727 2972 καὶ
3769 2917 3912 2992 μήδ’

2289 2997 2417 3060 ὅλως
2462 3002 2730 3072 ἐμπειρίαν
2802 2999 2940 3052 ἔχων
3002 3006 3383 3077 στρατιωτικὴν
3426 3005 3569 3074 (οὔτε
3628 3009 3731 3081 ’γὰρ
3786 3028 3916 3065 σκο-

2287 3090 2418 3150 ποὺς
2461 3085 2575 3159 εἶχε
2631 3090 2854 3161 μακρὰν,
2912 3090 3047 3143 ὥστε
3100 3090 3366 3166 πόρρωθεν
3418 3096 3601 3166 μαθεῖν
3650 3100 3746 3155 τὴν
3802 3108 3911 3152 τῶν

2287 3175 2540 3250 πολεμίων
2591 3174 2798 3249 ἔφοδον,
2862 3180 2979 3232 οὔτε
3037 3180 3258 3244 συνάξαι
3316 3184 3614 3256 στράτευμα
3675 3188 3910 3256 ἐπεγνὼ-

2288 3265 2392 3338 κει)
2441 3264 2691 3319 ἀπέλυσεν
2758 3267 2979 3320 ἕκαστον
3033 3271 3170 3323 κατά
3216 3278 3318 3323 τῶν
3371 3271 3557 3348 Σέρϐων
3609 3272 3769 3345 ὁρμᾷν
3818 3275 3899 3337 ὡς

2289 3354 2542 3411 ἐϐούλετο.
2599 3355 2924 3418 Διαλυθέντες
2952 3364 3077 3429 γοῦν
3114 3366 3213 3422 τῆς
3257 3360 3540 3425 συντάξεως
3573 3365 3662 3413 καὶ
3719 3360 3909 3436 ὀλίγοι

2289 3452 2394 3508 τοῖς
2431 3444 2635 3520 Σέρϐοις
2692 3445 2923 3499 πλείοσιν
2986 3447 3133 3501 οὖσιν
3194 3448 3473 3507 ἡλίσκοντο
3544 3449 3912 3526 συμπλεκόμε-

2288 3555 2387 3589 νοι.
2466 3539 2568 3589 Καὶ
2625 3536 2674 3588 οἱ
2874 3538 3017 3609 ἔργον
3083 3544 3355 3615 μαχαίρας
3436 3538 3683 3612 ἐγένοντο,
3732 3544 3783 3595 οἱ
3848 3539 3912 3597 δε

2291 3624 2613 3700 ἑζωγροῦντο
2664 3628 2751 3677 καὶ
2821 3621 3092 3698 δεσμῶται
3155 3626 3438 3699 ἀπήγοντο.
3515 3629 3763 3705 Ὕστερον
3843 3628 3906 3685 δε

2288 3719 2380 3767 καὶ
2430 3714 2584 3776 αὐτὸς
2624 3715 2649 3765 ὁ
2711 3713 2902 3777 Ξυλέας
2950 3719 3253 3791 Σκουτέριος
3306 3721 3439 3791 μετά
3484 3727 3585 3772 τῶν
3648 3718 3914 3774 ἐναπολει-

2291 3806 2513 3877 φθέντων
2595 3813 2926 3876 στρατιωτῶν
2987 3808 3121 3858 κατά
3208 3815 3308 3859 τῶν
3384 3807 3583 3881 Σέρϐων
3662 3811 3911 3883 ὁρμήσας

2288 3900 2445 3969 μόγις
2490 3915 2591 3948 που
2634 3891 2886 3965 διεσώθη,
2950 3898 3042 3968 ὄρη
3102 3893 3316 3950 διελθὼν
3404 3904 3494 3951 καὶ
3535 3897 3766 3972 βουνοὺς
3817 3922 3914 3955 και

2289 3981 2615 4060 κρημνώδεις
2686 3989 2877 4047 τόπους
2951 3986 3052 4038 ὑπὸ
3126 3987 3225 4039 τῶν
3306 3989 3509 4061 ἐχθρῶν
3561 3985 3908 4063 διωκόμενος.

2293 4075 2444 4128 Οὕτω
2473 4077 2563 4148 μεν
2602 4070 2691 4126 οὖν
2720 4077 2778 4126 τὸ
2828 4078 2877 4126 ἐν
2938 4082 3005 4146 τῷ
3046 4076 3294 4151 Πριλάπῳ
3346 4077 3689 4133 καταλέλυται
3746 4085 3913 4155 στρά-

2292 4184 2477 4237 τευμα,
2547 4168 2637 4216 καὶ
2687 4166 2839 4236 ἡμεῖς
2903 4164 3307 4238 ἐγκεκλεισμένοι
3360 4175 3432 4238 τῷ
3488 4176 3581 4221 τοῦ
3625 4169 3910 4244 Πριλτὶπου

2293 4256 2442 4307 ἄστει
2465 4258 2556 4306 καὶ
2581 4254 2685 4306 οἷον
2714 4255 3137 4327 ἐγκαθειργμένοι
3164 4260 3466 4331 γεγόναμεν.

2367 4343 2468 4398 οα’.
2506 4341 2593 4415 [Ρ.
2632 4342 2720 4412 8-1]
2747 4344 2812 4394 Οἱ
2844 4338 2903 4395 δὲ
2952 4343 2998 4378 ⁶⁰
3037 4349 3155 4419 περὶ
3205 4348 3292 4398 τὸν
3353 4349 3619 4419 Κομνηνὸν
3677 4350 3912 4422 Μιχαὴλ

598 4447 647 4485 eo
680 4448 721 4501 ί)
748 4462 760 4501 τ
788 4449 889 4498 Καὶ
915 4446 941 4497 ὁ
974 4442 1270 4505 ama-ram;
1287 4441 1507 4518 Μιχαὴλ
1536 4442 1819 4518 κραταιὰν
1834 4439 2130 4518 ,ἐκπέμψ-ας,
2160 4444 2454 4518 στρατηγὸν
2505 4442 2797 4518 ἐπιστήσας
2847 4443 3022 4504 αὐτοῖς
3062 4448 3150 4497 τὸν
3196 4447 3345 4499 νόθον
3391 4448 3502 4499 υἱὸν
3563 4448 3730 4501 αὐτοῦ
3781 4455 3915 4504 Θεό-

530 4513 720 4594 δωρον,
767 4521 888 4580 τοὺς
927 4521 1076 4579 ὄντας
1140 4518 1303 4570 ἐκεῖσε
1362 4510 1412 4567 ἓν
1470 4510 1654 4585 ἀκαρεί
1702 4510 1976 4585 ἐτρέψατοζ
2016 4510 2098 4565 ⁷Ὀ
2159 4510 2312 4586 γνοὺς
2370 4510 2404 4566 ’ὁ
2471 4513 2823 4586 Παλαιολὸγος
2889 4515 3111 4588 Μιχαὴλ
3165 4518 3281 4570 κατ’
3348 4518 3516 4571 αὐτῶν
3580 4519 3745 4596 ὀρμᾶ,
3812 4527 3910 4576 καὶ

1420 4599 1761 4669 Theodori
1809 4601 2061 4670 Dousaa
2110 4611 2176 4671 et
2222 4602 2474 4671 Leonis
2523 4602 2757 4670 Allatii
2804 4613 3006 4674 notae.

599 4714 713 4792 (48)
742 4719 873 4780 Τοὺς
898 4714 1039 4787 αὐτῷ
1069 4719 1158 4768 καὶ
1186 4713 1503 4787 στράτευμα.
1560 4708 1960 4781 Pachymeres
1998 4709 2103 4767 lib.
2134 4725 2152 4767 1
2161 4754 2177 4782 ,

528 4796 691 4858 ο.10,
722 4796 899 4864 p.26.
935 4793 1072 4845 ALL.
1119 4854 1212 4864 _>_
1269 4858 1278 4864 _
1641 4859 1687 4864 __
1729 4852 1755 4864 υ
1812 4855 1821 4864 _
2011 4853 2021 4864 ,

600 4852 1086 4936 (ωγνΑξιόνηιοη-
1119 4854 1586 4936 ’AEu9v,_ne_que
1639 4852 1858 4936 $556623
1909 4853 2176 4936 scriben-

523 4924 703 4991 du‘m'
747 4924 892 4989 υσεδ
918 4924 1013 4987 ’θΧ
1060 4926 1307 4985 Joannis
1350 4926 1566 4980 Tzetzae
1605 4924 1742 4982 chil.
1789 4928 1879 4982 10.
1939 4929 2073 4981 ALL.
2106 4957 2178 4968 ——

520 5005 739 5070 Ναξειὸν
763 5005 1104 5076 ὀνομάζουσι.
1162 5000 1328 5076 certa
1370 5000 1479 5076 est.
1504 5000 1562 5051 et
1613 4994 2175 5076 liquidanemenda-

520 5079 601 5134 tio
618 5065 817 5134 nostri
842 5065 1097 5139 Meursii,
1123 5069 1227 5142 qui
1256 5065 1591 5142 legendum
1633 5065 1899 5142 Δἔξιθι]ωῇ
1957 5068 2170 5142 ’ᾼξειὸν,

516 5152 666 5205 Nam
697 5145 998 5203 veteribus
1027 5138 1343 5197 Bardarius
1381 5138 1601 5195 ﬂuvms
1632 5138 1801 5202 Ἀξιὸν
1841 5139 2169 5197 dicebatur.

515 5218 700 5277 Testis
730 5219 1012 5273 Zonaras.
1046 5213 1274 5285 Annal.
1311 5217 1453 5285 tom.
1485 5210 1548 5266 Ill
1578 5210 1885 5285 i_n_Basilio
1916 5211 2175 5285 Porphy-

513 5290 808 5360 rogenito.
845 5289 924 5360 De
944 5285 1087 5341 Axio
1110 5283 1294 5360 ﬂuvio
1316 5282 1568 5360 Ni‘cetas,
1598 5282 1703 5360 lib.
1737 5300 1813 5349 lli,
1866 5285 1948 5360 pe
1990 5282 2172 5339 rebus

555 5354 618 5416 es
628 5361 695 5416 tis
716 5358 922 5413 lsaacii
945 5356 1174 5428 Angeli,
1196 5362 1253 5412 et
1268 5355 1454 5411 multa
1473 5354 1838 5426 Nicephoras
1856 5356 2167 5428 Gregoras,

555 5377 695 5416 esus
716 5377 922 5413 1538.011
945 5377 1174 5428 angeli,
1196 5377 1253 5412 θι
1268 5377 1454 5411 murta
1473 5377 1838 5426 LVICBpﬂUl'dS
1856 5377 2167 5424 Ul’BgUl‘dS,

511 5377 616 5487 ᾗ).
644 5446 747 5486 vm
774 5431 939 5485 Hunc
968 5431 1224 5485 Joannes
1262 5429 1508 5493 Tzetzes,
1561 5432 1626 5482 ut
1664 5429 1752 5481 est
1798 5425 1963 5497 apud
2006 5427 2170 5483 Orte-

510 5501 741 5578 lium‘in
759 5500 1057 5578 Thesauro
1066 5497 1818 5578 geographieo,_Bardare,
1829 5496 2170 5578 Sophianus

510 5570 769 5630 Vardati
783 5576 974 5629 vocat-
995 5569 1394 5642 Corrigendus
1410 5570 1473 5625 in
1493 5569 1608 5625 hac
1623 5584 1689 5642 re
1707 5569 1959 5642 insignis
1986 5569 2170 5626 Theo-

515 5644 783 5722 phlyacti
801 5643 970 5703 locus
1007 5645 1069 5704 in
1098 5635 1324 5721 Epist:
1379 5644 1605 5720 Θάτερον
1660 5635 1720 5696 δὲ
1759 5635 1962 5695 τό“τοῦ
2008 5644 2170 5719 γείτο-

2290 4731 2375 4787 νος
2435 4711 2780 4787 ποταμοῦηὸν
2820 4713 2863 4787 Δὴ
2920 4711 3118 4787 παλαιὰ
3172 4716 3263 4787 μὲν
3306 4719 3396 4768 καὶ
3433 4712 3676 4787 ΔἙλληνὶς
3726 4716 3906 4782 Ἀξιὸν

2288 4786 2318 4843 ἡ
2353 4780 2524 4866 νέαδὲ
2555 4782 2646 4836 καὶ
2696 4781 2966 4867 βάρᾷαρος
3023 4780 3266 4867 ὀνομάξει
3310 4782 3622 4867 Βαμδάρι-ον.
3646 4780 3901 4867 _Perpe-

2286 4871 2419 4912 ram
2445 4856 2503 4911 in
2538 4872 2633 4910 ms
2684 4856 2927 4931 ὀνομάζει
2954 4856 3333 4931 Βαραουάριον.
3383 4856 3577 4931 Quod,
3604 4856 3905 4919 obseﬁ-a-

2287 4932 2414 5000 tum
2428 4941 2669 5000 quoque
2682 4927 3072 4996 sagacissimo
3087 4929 3510 4988 Meursio.Vide
3524 4930 3908 4992 Glossarium

2282 4999 2344 5054 in
2366 4995 2987 5073 ΒαρδαρὶῶταιίῧουεΛ.

2353 5067 2466 5143 (50)
2502 5067 2561 5122 ‘0'
2584 5067 2644 5143 ci“;
2673 5073 2963 5143 Σκούτερις.
2990 5070 3142 5143 Quid
3174 5072 3202 5124 ‘?
3227 5087 3306 5128 an
3335 5073 3597 5131 Sculeris
3627 5073 3730 5131 hic
3790 5091 3936 5133 no--

2283 5158 2424 5198 men
2446 5141 2778 5215 proprium,
2811 5141 2889 5197 an
2913 5141 3300 5215 scribendum
3322 5150 3606 5215 Σκουτέρης
3638 5162 3652 5213 ;
3682 5152 3909 5201 Excuti-

2281 5196 3061 5289 ρῖσςέᾷῖνοίέκοντέρίοξὸίᾙξίί
3082 5196 3326 5289 ﬁdae—:1.
3363 5196 3609 5273 Ferebat

2283 5285 2354 5341 ac
2367 5285 2645 5342 labarum
2658 5285 3062 5357 imperatoris,
3085 5286 3313 5342 Codino
3332 5290 3495 5344 teste.
3518 5290 3711 5354 Quem
3733 5290 3903 5357 vide,

2281 5361 2346 5412 ut
2380 5362 2435 5413 et
2461 5356 2692 5414 Meursii
2722 5356 3083 5414 Glossarium
3122 5357 3184 5412 in
3223 5357 3337 5414 hac
3367 5375 3509 5416 voce
3540 5365 3596 5416 et
3620 5360 3682 5415 in
3725 5356 3911 5415 6:61:1-

2279 5427 2405 5483 λιον.
2421 5426 2782 5504 _M_arehion_is
2799 5427 3152 5504 dignitatem
3170 5428 3456 5504 babuisse
3474 5432 3655 5504 docet
3672 5434 3908 5504 Grego-

2278 5515 2395 5573 ras,
2420 5500 2525 5557 ltb.
2557 5515 2656 5556 v11.
2689 5500 2950 5573 Meminit
2979 5500 3305 5573 cujusdam
3359 5503 3564 5563 Glabce
3619 5500 3905 5566 Scutéri:

2281 5569 2674 5644 Cantuzenus,
2701 5569 2804 5630 lib.
2836 5584 2917 5647 ιιι,
2951 5569 3084 5648 cap.
3114 5576 3202 5631 96.
3236 5574 3451 5634 Dousa.
