4124 6392
266 356 428 413 1169

1830 344 2155 403 ANNALES
2168 387 2181 402 .

3526 349 3667 409 1170

265 499 355 536 τον
378 475 735 548 Παλαιολόγον
774 478 859 530 καὶ
897 475 947 529 οἱ
998 478 1116 550 περὶ
1173 474 1259 527 τὸν
1320 471 1594 551 Λάσκαριν
1652 470 1878 544 Μιχαὴλ

1990 468 2332 542 Paleeologo
2357 469 2414 527 et
2430 469 2709 529 Michaele
2722 469 2959 528 Laseari
2989 473 3179 541 erant,
3192 471 3339 531 talia
3366 473 3659 536 tulerunt.

265 565 448 624 τοιάδε
500 567 842 621 πεπόνθασιν.
896 565 1040 618 Ἐπεὶ
1095 567 1190 623 τὴν
1249 562 1387 615 λείαν
1447 560 1495 615 ἐν
1541 569 1603 635 τῇ
1664 559 1882 636 Βερῥοία

266 663 601 724 πεποίηνται,
630 660 750 730 περὶ
779 660 869 708 τόν
900 654 948 708 ἕν
1008 650 1258 716 Βοδηνοῖς
1320 659 1498 727 χῶρον
1552 649 1877 722 ἐσκήνωσαν,

269 749 463 823 ὁμαλόν
520 766 576 800 τε
632 750 753 799 ὄντα
805 749 896 799 καὶ
950 745 1021 808 εἰς
1076 747 1270 819 τροφὴν
1334 743 1501 795 ἳππων
1580 744 1875 816 χρήσιμον.

267 839 329 893 '0
361 837 667 897 ἀποστάτης
693 832 753 889 δὲ
795 833 1021 907 Μιχαὴλ
1069 834 1095 885 ὁ
1151 829 1415 893 δεσπότης
1483 831 1551 882 τὰ
1609 835 1698 882 τοῦ
1753 828 1877 881 Ῥω-

271 934 468 1002 μαὶκοῦ
534 928 926 1001 στρατεύματος
978 921 1207 997 ἀκριϐῶς
1286 920 1537 993 ἰγνωκὼς,
1632 922 1723 971 καὶ
1807 916 1879 978 εἰς

271 1019 464 1071 ὁπόσον
494 1022 646 1069 τοῦτο
677 1016 970 1090 ἠρίθμηται
1007 1016 1099 1065 καί
1154 1015 1223 1073 ὡς
1269 1010 1402 1069 πλὴν
1444 1009 1628 1081 ὀλίγων
1666 1010 1726 1060 τό
1774 1012 1876 1060 πᾶν

271 1106 410 1161 ἔστιν
457 1103 701 1178 ἀνωφελὲς
778 1108 868 1157 καὶ
941 1101 1267 1176 ἀχρὴσιμον,
1352 1098 1568 1171 ἐκλογὴν
1647 1099 1876 1155 ποιησά-

267 1215 417 1271 μενος
455 1194 557 1248 ἀπὸ
606 1196 801 1256 παντὸς
831 1192 991 1246 αὐτοῦ
1045 1198 1137 1245 τοῦ
1188 1192 1579 1264 στρατεύματος
1628 1191 1717 1240 καὶ
1768 1187 1874 1240 οἷον

265 1285 323 1350 ἐξ
351 1286 592 1339 ἁπάντων
623 1289 746 1348 τοὺς
783 1288 1046 1358 κρείττους
1075 1286 1319 1358 χωρίσας
1367 1285 1456 1333 καὶ
1506 1282 1574 1341 ὡς
1629 1278 1694 1340 εἰς
1754 1297 1876 1332 πεν-

262 1381 547 1439 τακοσίους
587 1375 774 1437 αὐτούς
839 1374 1164 1450 ἀριθμήσας,
1228 1376 1318 1424 καὶ
1382 1373 1676 1444 στρατηγόν
1753 1389 1873 1441 χει-

262 1465 557 1544 ροτονήσας
581 1469 667 1518 τόν
688 1467 836 1518 νόθον
867 1464 1027 1517 αὐτοῦ
1099 1465 1209 1515 υἱὸν
1262 1464 1348 1515 τὸν
1405 1456 1679 1533 Θεόδωρον
1737 1460 1871 1531 (51),

264 1559 401 1611 κατὰ
428 1563 522 1610 τοῦ
551 1556 842 1629 ’Ῥωμαϊκοῦ
894 1556 1283 1630 στρατεύματος
1334 1556 1621 1624 πέπομφεν.
1673 1548 1875 1621 Ἔτυχε

270 1644 330 1701 δὲ
360 1654 433 1717 τῷ
478 1649 594 1699 τότε
641 1650 730 1697 καὶ
782 1646 807 1697 ὁ
849 1641 1184 1719 Λαμπαρὸᾶς
1235 1640 1484 1700 Μανουὴλ
1526 1641 1656 1712 μετὰ
1700 1658 1872 1713 στρα-

267 1738 525 1809 τεύματος
556 1731 924 1811 συρφετώδους
972 1736 1059 1785 καὶ
1091 1728 1382 1804 ξύγκλυδος
1430 1733 1557 1804 πρὸς
1613 1736 1706 1782 τοῦ
1766 1726 1873 1801 βα-

1990 562 2245 618 Berroeee
2277 560 2484 618 omnia
2509 560 2840 634 depraedati
2858 561 3025 634 apud
3048 562 3320 619 Bodenos
3335 568 3537 623 castra
3563 566 3656 623 lo-

1992 654 2150 721 cant,
2181 650 2493 723 planitiem
2531 649 2785 706 fertilem
2809 650 3163 724 alendisque
3183 653 3354 725 equis
3380 657 3655 728 apprime

1989 741 2293 798 idoneam.
2356 738 2600 797 Michael
2657 740 2916 813 despota
2970 740 3235 797 delector
3313 746 3655 802 Romanum

1990 831 2260 902 militem,
2287 834 2551 905 quantus
2590 836 2764 894 esset,
2798 834 2855 888 et
2892 830 3053 887 illius
3098 846 3423 891 numerum
3474 835 3655 910 plane

1990 921 2237 991 callens,
2266 937 2337 977 ex
2374 920 2611 993 illisque
2642 924 2859 992 praeter
2876 935 3108 994 paucos
3137 920 3401 994 reliquos
3443 939 3656 980 omnes

1988 1025 2181 1083 neque
2206 1009 2342 1066 usui
2366 1025 2564 1082 neque
2593 1009 2697 1065 ulli
2724 1010 2891 1066 bono
2921 1025 3068 1081 esse,
3096 1025 3170 1066 ex
3210 1010 3488 1068 universo
3543 1029 3654 1069 suo

1987 1099 2251 1156 exercitu
2278 1099 2444 1156 electi
2466 1103 2522 1157 et
2549 1115 2622 1156 ex
2653 1100 2884 1156 cunctis
2913 1099 3366 1173 probatioribus
3415 1102 3656 1159 secretis

1987 1188 2295 1261 quingenti
2319 1204 2592 1256 numero,
2615 1188 2740 1245 ﬁlio
2768 1204 2878 1245 suo
2926 1188 3131 1262 spurio
3188 1189 3501 1248 Theodoro
3548 1191 3656 1247 du-

1987 1282 2147 1334 ctore
2174 1279 2493 1335 constituto
2515 1279 2575 1334 in
2607 1280 2911 1336 Romanas
2935 1278 3211 1335 cohortes
3236 1278 3519 1336 immittit.
3571 1282 3656 1338 Ea

1987 1366 2167 1422 etiam
2198 1370 2548 1440 tempestate
2579 1367 2810 1425 Manuel
2837 1367 3212 1442 Lampardas
3241 1383 3382 1425 cum
3429 1369 3652 1425 tumul-

1987 1457 2182 1512 tuario
2205 1471 2274 1512 ac
2287 1456 2599 1513 collectitio
2623 1457 2885 1514 exercitu
2906 1456 2984 1513 ab
3006 1457 3387 1527 imperatore,
3404 1461 3469 1514 ut
3509 1475 3650 1519 cum

1987 1544 2117 1600 aliis
2138 1545 2396 1602 ducibus
2424 1550 2878 1618 aggregaretur,
2912 1546 3178 1603 mittitur.
3197 1545 3309 1603 Sed
3325 1546 3487 1603 enim
3514 1547 3643 1620 ipse

1988 1650 2145 1702 aegre
2165 1635 2393 1692 ferebat
2429 1651 2532 1692 eos
2563 1636 2838 1710 praedam
2854 1635 3261 1709 praeripuisse,
3286 1637 3474 1692 semel
3492 1637 3645 1693 lucri

1986 1730 2289 1798 expertem
2309 1726 2497 1783 labori
2522 1742 2854 1799 superesse.
2879 1725 3121 1783 Interim
3150 1725 3299 1782 dum
3346 1726 3644 1784 haecinter

270 1825 451 1887 σιλέως
488 1823 795 1886 ἀποσταλεὶς
849 1829 957 1886 τοῖς
1010 1821 1301 1896 προσοῦσιν
1356 1823 1582 1893 ἡγεμόσι
1642 1825 1872 1893 συγκύρ-

1988 1831 2053 1871 se
2084 1815 2723 1889 conferuntcopiarum
2755 1814 3223 1882 ductores,viles
3271 1815 3643 1891 abjectmque

264 1934 374 1986 σαι,
427 1919 517 1967 καὶ
568 1917 917 1987 κατεμέμφετο
976 1912 1163 1972 αὐτούς
1214 1915 1284 1973 ὡς
1340 1908 1691 1984 προλαϐόντας
1782 1912 1873 1961 καὶ

263 2006 359 2062 τὴν
401 2002 539 2057 λείαν
594 2001 996 2076 ἐργασαμένους,
1053 1999 1286 2053 κάκεῖνον
1353 1996 1412 2052 δὲ
1460 1999 1678 2071 ἄμοιρον
1726 2000 1871 2069 γενέ-

268 2094 394 2148 σθαι
419 2099 512 2146 τοῦ
543 2089 787 2167 κέρδους.
819 2091 901 2144 Ἐν
932 2092 1006 2153 οἷς
1058 2098 1183 2163 γοῦν
1235 2092 1302 2143 τὰ
1354 2095 1574 2142 τοιαῦτα
1633 2107 1868 2159 συνωμι-

260 2182 443 2236 λοῦντο
487 2186 535 2236 οἱ
576 2190 665 2235 τοῦ
720 2185 1111 2255 στρατεύματος
1175 2182 1442 2254 ἡγεμόνες,
1506 2181 1566 2230 τὸ
1621 2178 1721 2230 ὑπὸ
1779 2179 1867 2229 τόν

261 2269 596 2347 Λαμπαρδᾶν
626 2272 866 2330 Μανουὴλ
927 2266 1250 2346 συρφετῶὸες
1317 2271 1637 2344 στράτευμα,
1688 2265 1755 2319 ὧν
1817 2268 1867 2319 οἱ

257 2362 465 2424 πλείους
514 2361 817 2435 ἐπωχοῦντο
871 2361 1097 2437 φορϐάσι
1145 2365 1235 2413 καὶ
1313 2358 1460 2431 εἶχον
1538 2357 1700 2419 αὑτὰς
1798 2358 1867 2409 τὰ

253 2449 493 2527 χρειώδη
549 2454 983 2526 πεφορτισμένας,
1035 2455 1106 2523 μὴ
1168 2458 1267 2503 τῶν
1350 2448 1513 2500 ἄλλων
1599 2449 1863 2520 ἡγεμόνων

252 2539 468 2597 εἰδότων
500 2546 711 2615 εἴχοντο
733 2549 828 2602 τῆς
858 2538 986 2593 ὀδοῦ
1014 2548 1108 2602 τῆς
1141 2537 1576 2614 παραμειϐούσης
1616 2540 1675 2589 τό
1725 2537 1862 2588 οἷο-τυ

245 2640 347 2685 τῶν
401 2628 663 2701 Βοδηνῶν,
717 2634 803 2683 ἵνα
858 2633 1106 2704 πρότερον
1154 2636 1254 2682 τῶν
1330 2626 1494 2681 ἄλλων
1571 2622 1863 2687 διελθόντες

249 2721 390 2777 λείαν
428 2727 519 2775 καὶ
559 2721 704 2774 οὗτοι
756 2726 1087 2780 ποιήσαιντο.
1142 2722 1454 2777 Ξυνηντήκει
1506 2724 1631 2790 γοῦν
1687 2716 1862 2777 αὐτοῖς

249 2809 301 2865 ἐν
323 2819 385 2885 τῇ
419 2811 611 2866 κλείσει
641 2819 742 2863 τῶν
772 2809 820 2863 ἐν
850 2816 961 2872 τοῖς
992 2805 1242 2873 Βοδηνοῖς
1283 2808 1412 2884 ὁρῶν
1459 2811 1517 2861 τὸ
1573 2805 1859 2860 ἀποσταλεν

253 2904 389 2975 πρός
442 2908 534 2954 τοῦ
588 2899 889 2953 ἀποστάτου
949 2898 1173 2972 Μιχαὴλ
1228 2900 1530 2975 στράτευμα
1584 2899 1709 2971 πρὸς
1763 2900 1858 2955 τὴν

254 2998 357 3042 τῶν
414 2989 675 3064 Ῥωμαίων
719 2988 1160 3062 καταπολέμησιν.
1226 2984 1449 3061 ’Ἄνδρες
1517 2992 1647 3059 γοῦν
1696 3005 1858 3061 στρα-

256 3085 444 3131 τιῶται
490 3086 710 3151 γενναῖοι
764 3079 1068 3152 ύψαύχεσιν
1130 3078 1309 3139 ἵπποις
1364 3076 1709 3151 ἐποχούμενοι
1767 3081 1856 3129 καὶ

1984 1906 2266 1965 Manuelis
2290 1906 2643 1979 Lampardee
2670 1906 2963 1963 cohortes.
2998 1921 3071 1961 ex
3112 1904 3335 1978 quibus
3373 1905 3644 1979 plerique

1984 1995 2329 2068 gregalibus
2372 1995 2542 2069 equis
2588 2011 2791 2053 rerum
2854 1994 3335 2052 necessariarum
3411 1995 3642 2052 onustis

1984 2086 2376 2155 vehebantur,
2407 2086 2608 2142 insciis
2637 2085 2766 2142 aliis
2797 2084 3056 2141 ducibus
3084 2085 3257 2152 inter,
3289 2085 3457 2158 quod
3481 2085 3641 2149 ultra

1983 2176 2358 2233 Bodenorum
2374 2175 2669 2249 oppidum
2691 2174 3146 2240 extendebatur,
3171 2174 3546 2246 continuant,
3578 2178 3645 2233 ut

1978 2265 2108 2323 aliis
2141 2267 2468 2324 anteversis
2515 2266 2631 2339 ipsi
2665 2282 2909 2339 quoque
2945 2265 3215 2338 praedam
3257 2281 3641 2339 praeoccupa-

1974 2356 2258 2413 rent.lllis
2286 2355 2532 2413 obviam
2549 2356 2615 2411 fit
2635 2356 2696 2412 in
2723 2356 3099 2412 Bodenorum
3140 2356 3182 2427 ι
3200 2355 3307 2432 57
3339 2355 3640 2419 montium

1974 2444 2249 2502 claustris
2274 2446 2572 2503 Michaelis
2595 2444 2911 2501 defectoris
2931 2460 3151 2514 agmen
3168 2445 3247 2501 ad
3277 2459 3639 2518 oppugnati.

1973 2537 2087 2592 dos
2116 2539 2420 2592 Romanos
2452 2536 2900 2593 transmissum.
2940 2535 3141 2592 Milites
3168 2551 3310 2608 ergo
3334 2535 3513 2593 fortes
3563 2552 3636 2593 ac

1973 2626 2217 2693 strenui,
2261 2626 2532 2700 superbis
2576 2624 2749 2698 equis
2810 2625 2965 2682 vecti
3018 2629 3074 2682 et
3126 2625 3312 2680 armis
3364 2625 3634 2699 undique

1973 2716 2144 2790 septi,
2178 2717 2617 2772 homunciones
2659 2715 2919 2772 inermes
2970 2730 3040 2771 ac
3084 2714 3351 2789 putidos,
3400 2716 3634 2790 equulis

1972 2806 2320 2874 insidentes,
2337 2805 2502 2863 nulla
2516 2821 2686 2862 mora
2701 2820 2912 2860 omnes
2925 2807 3093 2875 terga
3119 2808 3346 2860 vertere
3361 2819 3632 2875 coegere.

1973 2898 2057 2952 Ex
2087 2896 2179 2952 his
2205 2895 2501 2964 nonnulli,
2535 2894 2639 2968 qui
2695 2894 2812 2951 sibi
2858 2894 3004 2965 fuga
3069 2893 3511 2966 consuluerant,
3556 2893 3636 2952 ad

1973 2986 2316 3045 Michaelem
2354 2986 2727 3042 Comnenum
2782 2983 3198 3051 concedentes,
3251 3000 3635 3058 quaecunque

1974 3075 2315 3132 acciderant
2370 3078 2673 3131 enarrant.
2726 3074 2824 3130 Ille
2877 3090 2940 3129 re
2989 3072 3231 3130 insolita
3292 3076 3474 3149 atque
3522 3073 3636 3131 im-

253 3174 365 3230 τοῖς
413 3167 585 3232 ὅπλοις
630 3172 989 3244 κατάφρακτοι
1048 3167 1434 3242 ἀνθρωπίσκοις
1510 3166 1857 3239 ξυντυχόντες

1974 3166 2220 3240 provisa
2239 3165 2486 3221 minime
2519 3168 2958 3236 consternatus,
2991 3163 3079 3221 vir
3131 3179 3319 3241 manu
3372 3163 3633 3233 validus,

247 3255 463 3318 ἀόπλοις
526 3262 614 3311 καὶ
668 3257 900 3331 ἀγεννέσι
948 3261 1037 3311 καὶ
1082 3256 1313 3320 θηλείαις
1362 3260 1539 3317 ἵπποις
1606 3254 1855 3329 ἐφεζομέ-

242 3366 356 3410 νοις
383 3346 430 3400 ἐν
468 3346 653 3421 ἀκαρεῖ
712 3351 910 3419 πάντάς
976 3348 1256 3425 ἐτρέψαντο
1313 3350 1550 3410 τούτους.
1615 3343 1855 3418 Φυγάδες

240 3444 368 3510 γοῦν
407 3441 530 3491 ἔνιοι
569 3438 624 3491 ἐκ
690 3442 880 3492 τούτων
945 3442 1270 3512 γεγενημένοι
1355 3442 1445 3491 καὶ
1541 3440 1674 3511 πρὸς
1763 3439 1853 3489 τὸν

243 3530 511 3600 Κομνηνόν
567 3529 791 3601 Μιχαὴλ
849 3526 1119 3602 ἀφιγμένοι
1176 3525 1497 3600 ἀπήγγειλαν
1567 3534 1709 3597 αυτῷ
1784 3527 1854 3579 τὰ

240 3615 611 3689 ξυμϐάντα.⁶0
643 3614 702 3670 δὲ
737 3617 831 3670 ούκ
888 3617 1112 3693 ἐθροὴθη
1162 3626 1234 3688 τῷ
1292 3612 1560 3689 αἰφνιδίῳ,
1623 3615 1851 3691 ἰσχυρὸς

242 3702 305 3760 δὲ
344 3707 411 3758 ὧν
441 3712 536 3765 τὴν
579 3713 741 3782 χεῖρα
793 3712 881 3760 καὶ
934 3711 1028 3765 τὴν
1082 3711 1292 3779 γνώμην
1352 3701 1589 3779 ἀνδρεῖος
1635 3709 1726 3757 καὶ
1783 3705 1851 3757 τὰ

240 3797 463 3871 μάχιμα
501 3798 741 3872 ἔμπειρος
802 3795 1035 3870 (πολλοῖς
1105 3799 1205 3870 γὰρ
1270 3801 1359 3849 καὶ
1420 3798 1667 3870 πρότερον
1736 3801 1849 3856 τοῖς

243 3884 537 3958 πολεμικοῖς
567 3886 982 3960 ἐγγεγύμναστο)
1024 3886 1292 3949 ὀπλισθεὶς
1352 3890 1442 3938 καὶ
1499 3881 1631 3960 δόρυ
1678 3883 1846 3937 λαϐὼν

245 3978 430 4027 καὶτὸ
468 3979 860 4050 στρατιωτικὸν,
919 3978 1040 4051 ὅπερ
1082 3973 1141 4035 ἦν
1209 3977 1309 4028 ὑπὸ
1387 3978 1472 4028 τόν
1570 3976 1845 4050 Λάσκαριν

239 4064 465 4137 Μιχαὴλ
503 4065 558 4119 ἐκ
599 4066 961 4139 Παφλαγονίας
1010 4068 1309 4141 ὡρμημένον
1368 4070 1457 4118 καὶ
1520 4064 1593 4126 εἰς
1658 4068 1846 4122 πεντή-

1973 3261 2192 3314 natura
2228 3256 2417 3323 fortis,
2455 3254 2681 3311 militiae
2728 3270 2955 3326 magna
3007 3254 3257 3311 scientia
3324 3259 3380 3312 et
3427 3254 3633 3310 animo

1972 3346 2202 3417 ingenti
2244 3343 2512 3413 celebris,
2571 3348 2864 3418 tanquam
2903 3343 3007 3418 qui
3073 3347 3128 3400 et
3182 3346 3359 3401 antea
3407 3342 3629 3417 praeliis

1964 3439 2376 3501 consueverat,
2407 3438 2699 3502 armatus,
2726 3433 2906 3490 hasta
2942 3437 3201 3508 arrepta,
3258 3438 3315 3490 et
3358 3432 3622 3504 agmine,

1961 3525 2129 3599 quod
2175 3523 2421 3598 Michael
2462 3523 2734 3581 Lascaris
2799 3540 2831 3579 e
2878 3522 3288 3597 Paphlogonia
3343 3523 3619 3591 duxerat,

1961 3612 2404 3687 quinquaginta
2426 3616 2655 3669 tantum
2712 3611 3031 3668 hominum
3086 3611 3387 3668 conducto
3440 3610 3615 3684 (illud

1959 3719 2225 3776 namque
2247 3702 2441 3758 solum
2471 3717 2745 3775 pugnam
2778 3701 3071 3757 sustinere
3101 3700 3186 3756 uti
3214 3700 3441 3758 caeteris
3469 3717 3618 3773 pree-

1960 3793 2213 3850 stantius
2243 3796 2497 3866 poterat)
2526 3792 2588 3847 in
2611 3791 2817 3848 hostes
2847 3806 3017 3847 armo
3070 3795 3293 3848 movet.
3338 3791 3614 3847 Lascaris

1958 3882 2200 3942 Michael
2250 3898 2360 3956 pro
2416 3898 2526 3937 suo
2584 3897 2752 3938 more
2790 3897 2913 3938 non
2964 3880 3172 3945 lorica,
3205 3878 3311 3937 sed
3362 3879 3616 3938 loricula

1958 3973 2385 4037 circumdatus,
2418 3975 2483 4028 ut
2504 3969 2839 4045 expeditius
2886 3970 2947 4026 in
2974 3970 3182 4041 fugam
3210 3985 3340 4027 sese
3365 3970 3619 4041 conjice-

1956 4066 2065 4129 ret,
2099 4079 2130 4118 e
2157 4062 2341 4119 latere
2367 4077 2588 4134 pugnae
2619 4065 2901 4117 eventum
2924 4060 3225 4117 observat.
3246 4063 3317 4116 At
3370 4062 3621 4116 Comne-

1954 4168 2070 4208 nus
2103 4151 2346 4209 Michael
2379 4150 2575 4224 primo
2606 4149 2871 4206 hostium
2928 4149 3175 4207 obviam
3223 4149 3414 4206 factus
3443 4149 3620 4207 hasta

1953 4257 2308 4314 percussum
2354 4238 2566 4311 sagulo
2605 4238 2785 4312 pellit.
2836 4242 2972 4296 Erat
2996 4240 3046 4295 is
3081 4254 3264 4313 quem
3323 4238 3616 4307 diximus,

232 4339 431 4408 μενον),
470 4337 607 4387 κατὰ
638 4344 737 4388 τῶν
778 4334 1014 4387 ἐναντίων
1092 4334 1248 4407 ὁρμᾷ.
1329 4334 1390 4386 Ὀ
1435 4329 1494 4386 δε
1566 4334 1841 4401 Λάσκαρις

1972 4331 2247 4390 tlichaelis
2269 4330 2582 4387 defectoris
2610 4330 2764 4386 filius
2812 4330 3051 4404 spurius
3094 4330 3462 4401 Theodorus,
3511 4330 3618 4405 qui

231 4424 481 4496 Μιχαὴλ,
541 4425 610 4488 ὡς
666 4424 853 4493 εἰώθει,
918 4424 977 4476 ού
1057 4426 1267 4499 θώρακα
1329 4422 1456 4476 ἀλλά
1525 4419 1841 4498 θωρακίδιον

1979 4440 2130 4497 apsu
2154 4422 2497 4479 sublevatus
2529 4420 2794 4477 Michaeli
2833 4422 3138 4477 Comneno
3197 4421 3610 4495 supplicatum

233 4511 560 4578 ύπενὸυθεὶς,
611 4517 675 4576 ὡς
723 4513 783 4567 ἂν
827 4517 946 4587 ἔχοι
987 4510 1188 4589 ῥᾳδίως
1242 4516 1463 4587 φεύγειν,
1498 4511 1552 4566 ἐκ
1612 4513 1837 4586 πλαγίου

1972 4512 2134 4581 venit,
2177 4510 2502 4583 multisque
2542 4508 2738 4564 verbis
2781 4524 2857 4565 ne
2898 4509 3030 4566 neci
3071 4509 3402 4567 traderetur
3447 4509 3614 4568 eilia.

1954 4600 2202 4671 gitabat.
2242 4603 2389 4656 Eum
2433 4599 2676 4656 Michael
2715 4613 2911 4672 neque
2953 4600 3359 4671 cognoscebat
3407 4616 3610 4674 neque

1951 4693 2089 4765 quis
2112 4689 2550 4758 essetsciebat;
2578 4704 2768 4762 quare
2797 4690 2997 4745 Turcae
3049 4689 3295 4746 cuidam
3354 4689 3609 4746 traditus

1951 4781 2257 4839 occiditur.
2294 4779 2435 4836 Dein
2460 4778 2879 4851 Paphlagones
2928 4795 3148 4852 pugnm
3179 4781 3426 4837 comites
3467 4795 3608 4835 cum

1949 4870 2192 4944 reliquis
2206 4870 2593 4940 conﬂigentes
2621 4871 2664 4940 1
2681 4868 2796 4942 58
2814 4867 2966 4925 alius
2986 4869 3171 4924 alium
3193 4868 3603 4925 trucidebant:

1948 4959 2317 5034 tandemque
2360 4974 2568 5033 pugna
2617 4963 2884 5015 extrema
2928 4957 3228 5015 Michaelis
3281 4957 3605 5014 defectoris

1948 5051 2164 5109 milites
2188 5049 2345 5121 fugin
2365 5066 2429 5107 se
2443 5049 2679 5119 dedere,
2696 5047 2993 5105 Michaelis
3017 5046 3306 5106 Comneni
3322 5046 3532 5118 viginti
3550 5052 3609 5105 et

233 4173 392 4208 κοντα
442 4152 643 4231 ἄνδρας
692 4157 1044 4232 ἠριθμημένον
1105 4156 1287 4227 (ἐκεῖνο
1344 4159 1431 4207 καὶ
1502 4156 1603 4229 γὰρ
1690 4156 1844 4226 μόνον

233 4244 496 4317 ἐτύγχανε
544 4253 643 4298 τῶν
692 4244 856 4298 ἄλλων
893 4252 1121 4319 κρεῖττον
1177 4249 1268 4297 καὶ
1314 4243 1610 4317 πολεμῆσαι
1677 4239 1843 4295 δυνά-

235 4611 335 4666 τῆς
365 4608 550 4677 μάχης
593 4601 654 4665 ἧν
698 4609 787 4658 καὶ
845 4603 1056 4657 ἐσκόπει
1111 4607 1170 4657 τὸ
1232 4608 1588 4678 γενησόμενον.
1641 4603 1699 4656 Ὁ
1748 4605 1837 4676 μεν

239 4697 330 4745 οῦν
371 4697 633 4767 Κομνηνός
679 4693 901 4766 Μιχαὴλ
958 4700 1029 4765 τῷ
1079 4698 1296 4768 πρώτως
1342 4692 1606 4770 ἐρχομένῳ
1658 4692 1840 4756 ξυναν-

235 4785 405 4843 τήσας
444 4781 623 4856 βάλλει
668 4792 740 4856 τῷ
790 4779 977 4858 δόρατι
1028 4787 1118 4835 καὶ
1166 4783 1342 4859 ῥίπτει
1397 4791 1492 4846 τῆς
1550 4778 1836 4858 8503791130;-

232 4868 299 4933 ἦν
332 4867 390 4925 δὲ
423 4874 447 4926 ὁ
485 4874 664 4949 ῥηθεὶς
718 4881 810 4926 τοῦ
870 4871 1168 4926 ἀποπάτου
1239 4871 1464 4945 Μιχαὴλ
1525 4874 1672 4934 νόθος
1728 4874 1841 4934 υἱὸς

230 4959 526 5037 Θεόδωρος.
555 4970 658 5017 Τοῦ
686 4969 962 5038 πτώματος
1008 4971 1131 5036 γοῦν
1180 4960 1406 5026 ἀναστὰς
1456 4961 1608 5024 οὗτος
1663 4981 1833 5036 προσ-

228 5049 428 5126 ἔδραμε
456 5061 530 5126 τῷ
559 5059 806 5126 Κομνηνῷ
845 5052 1087 5127 Μιχαὴλ,
1142 5052 1225 5129 [Ρ.
1279 5050 1373 5126 8‘2]
1429 5056 1520 5105 καὶ
1573 5048 1836 5106 ἐδυσώπει

224 5202 305 5266 τῷ
339 5203 619 5283 στρατηγῷ
647 5203 738 5250 τοῦ
766 5196 1065 5250 ἀποστάτου
1098 5192 1357 5270 Θεοδώρῳ
1382 5194 1645 5283 συρρήξας
1673 5194 1853 5268 βάλλει
1875 5201 2054 5248 τοῦτον
2085 5200 2178 5247 τοῦ
2201 5195 2477 5283 ἵππουσκαὶ
2502 5195 2673 5251 ἱκέτην
2710 5194 2859 5278 ὑπὲρ,
2891 5198 2984 5244 τοῦ
3036 5195 3107 5264 μὴ
3168 5193 3334 5277 θανεῖν
3364 5186 3606 5279 ᾇεχεται.

224 5260 615 5343 Παραδίὸωσιν
641 5270 729 5321 οὖν
757 5276 937 5323 τοῦτον
976 5271 1190 5343 Τούρκῳ
1210 5260 1456 5339 τινι,’καὶ’
1475 5260 1530 5330 ὃς
1566 5260 1843 5340 πεφονευκε
1872 5274 2071 5321 τοῦτον.
2105 5271 2207 5320 Καὶ
2237 5264 2516 5340 ἐτρέψαντο
2556 5268 2679 5326 τοὺς
2708 5260 2817 5318 τοῦ’
2839 5260 3159 5318 ἀποστάτου.
3190 5261 3315 5317 Εἶτα
3354 5260 3603 5336 ἀφίκοντο

223 5338 363 5416 πρὸς
382 5342 468 5392 τὸν
502 5339 784 5415 Πρίλαπον,
811 5346 902 5395 καὶ
933 5338 1113 5415 ὀλίγας
1134 5338 1328 5417 ἡμέρας
1358 5338 1759 5415 προσμείναντες
1798 5338 2154 5413 ὑπέστρεψαν.

1123 5519 1467 5588 Theodori
1516 5519 1768 5589 Dousae
1816 5526 1882 5587 et
1928 5517 2182 5586 Leonis
2229 5516 2469 5586 Allatii
2517 5523 2721 5585 notae.

303 5716 419 5790 (51)
451 5714 747 5794 Θεόδωρος.
774 5714 1192 5792 Pachymeres,
1224 5732 1285 5792 p.
1326 5719 1416 5786 26,
1456 5718 1634 5777 vocat
1658 5714 2011 5788 Manuelem,
2040 5717 2176 5773 ALL.
