4124 6384
478 323 612 380 11⁵71

1760 318 2045 374 GEORGII
2083 315 2540 372 ACBOPOLIT/E

3709 317 3874 380 M73

479 449 742 520 amplius
770 465 840 503 ex
873 447 1252 503 electioribus
1282 443 1642 501 adversariis
1662 442 1816 496 vivis
1840 441 2060 515 captis,
2083 443 2139 495 et

2260 444 2320 498 ιιὴ
2356 440 2682 511 φονευθῆναι..
2729 440 2933 510 Ἠγνοει
2991 435 3051 492 δε
3103 445 3284 490 τοῦτον
3325 438 3352 490 ὁ
3411 444 3698 510 Κομνηνος,
3765 443 3876 492 καὶ

478 537 754 608 pluribus
779 537 908 591 aliis
939 535 1327 594 obtruncatis.
1369 534 1551 588 ﬁnem
1618 532 1858 588 conatui
1926 531 2134 586 fecere.

482 629 750 697 Namque
781 643 918 682 cum
943 630 1146 680 essent
1167 623 1500 679 admodum
1534 621 1732 692 pauci,
1767 621 1898 676 aliis
1943 621 2138 678 militi-

481 713 617 769 bus.
645 715 750 786 qui
774 720 910 770 ante
941 731 1046 770 eos.
1083 713 1302 786 prreliis
1334 728 1394 766 se
1415 711 1889 779 immiscuerant,
1948 715 2139 786 ruptis

483 802 893 874 acdissipatis,
922 809 986 859 ut
1009 808 1144 857 ante
1159 802 1556 865 narravimus,
1597 800 1872 871 persequi
1891 803 2140 860 minime

485 895 865 963 poterant.Et
895 893 980 946 sic
1004 891 1114 946 illis
1147 891 1358 945 misere
1393 905 1463 944 ac
1489 887 1815 950 infeliciter,
1853 893 2142 961 quemad-

487 981 740 1036 modum
770 987 823 1036 et
856 980 927 1036 iis
952 981 1051 1053 qui
1084 979 1243 1052 apud
1289 977 1590 1049 Prilapum
1636 977 1998 1048 ceciderunt,
2046 997 2141 1038 res

486 1071 700 1126 evenit.
751 1070 1140 1126 Postmodum
1196 1067 1440 1125 Michael
1490 1070 1850 1136 Comnenus,
1897 1070 2141 1127 Michael

485 1159 750 1214 Lascaris
800 1165 857 1214 et
917 1159 1105 1214 caeteri
1151 1158 1429 1213 ductores
1494 1155 1830 1211 cohortium
1878 1174 1913 1212 a
1966 1159 2139 1215 nobis

480 1247 777 1320 compulsi
820 1252 878 1302 et
931 1249 1009 1302 ad
1059 1245 1363 1318 Prilapum
1410 1245 1700 1312 accersnti,
1775 1251 1840 1301 ut
1907 1237 2136 1304 consilii

479 1353 667 1393 causa
693 1336 1063 1404 accederent,
1097 1335 1366 1391 volentes
1391 1334 1659 1390 nolentes
1687 1335 2042 1392 concedunt.
2074 1337 2141 1392 Et

483 1442 589 1497 per
619 1441 844 1498 paucos
875 1425 1003 1480 dies
1036 1423 1353 1479 nobiscum
1389 1423 1624 1489 morati,
1676 1440 1814 1478 cum
1855 1425 2011 1479 vires
2056 1427 2135 1481 ad

478 1515 757 1570 cominus
791 1520 849 1568 et
889 1518 1097 1585 aperto
1156 1515 1331 1569 Marte
1374 1511 1717 1568 Michaelem
1775 1512 2136 1570 defectorem

479 1603 960 1675 oppugnandum
1001 1618 1125 1658 non
1156 1606 1559 1674 suppeterent.
1593 1601 1809 1656 relictis
1831 1603 2007 1658 nobis
2043 1619 2137 1658 re-

480 1696 808 1748 vertuntur.
841 1691 1192 1746 Accolarum
1223 1691 1381 1745 enim
1413 1690 1731 1761 perﬁdiam
1759 1691 2137 1748 animadver-

483 1786 700 1847 terunt,
723 1785 777 1836 et
807 1779 1274 1852 eorum,quibus
1302 1779 1576 1834 custodia
1602 1779 1822 1834 tradita
1842 1785 1985 1849 erat,
2012 1780 2138 1836 leve

2260 1782 2339 1826 τοῦ
2414 1775 2824 1848 στρατεύματος,
2901 1775 3008 1826 επεὶ
3085 1774 3207 1846 παρ’

484 1875 666 1940 atque
719 1869 1071 1924 inconstans
1099 1867 1426 1939 prudenter
1478 1872 1772 1940 cauteque
1829 1869 2140 1934 ingenium

485 1956 834 2012 subodorati
866 1960 1021 2011 sunt.
1067 1958 1260 2022 Quare
1281 1957 1407 2027 ipse
1438 1973 1574 2011 cum
1607 1956 1673 2012 iis
1699 1955 1805 2029 qui
1836 1957 1894 2012 in
1933 1957 2141 2030 oppidi

485 2045 755 2102 custodia
769 2053 938 2100 erant
955 2047 1242 2117 (namque
1257 2046 1338 2100 sic
1354 2047 1748 2102 mandaverat
1771 2047 2138 2119 imperator),

486 2134 696 2205 Prilapi
734 2134 1061 2206 permansi.

2247 530 2391 588 ὅστις
2453 525 2513 585 ὴν
2563 528 2656 580 οὔκ
2703 528 2985 586 ὴπὶστατο.
3059 523 3413 600 Παραδίδωσι
3492 535 3616 597 γοῦν
3689 527 3873 580 αὐτόν

2248 620 2460 689 Τούρκῳ
2518 622 2638 682 τινὶ,
2682 622 2771 670 καὶ
2819 617 2872 668 ὃν
2930 621 3204 689 πεφόνευκε
3254 623 3458 668 τοῦτον.
3516 613 3641 668 Εἶτα
3729 617 3872 688 ξυμ.-

2247 706 2521 768 πλακίντες
2551 709 2598 758 οἱ
2653 710 2747 758 σύν
2796 706 2935 778 αύτῷ
2978 706 3309 779 Παφλαγόνες
3356 712 3466 767 τοῖς
3511 704 3718 770 λοιποῖς
3771 706 3873 758 οἱλ-

2247 796 2328 856 λος
2359 795 2508 849 ἄλλον
2531 795 2724 857 ἔϐαλλε,
2751 800 2841 848 καὶ
2879 799 2936 848 τὸ
2995 803 3086 850 τοῦ
3143 794 3367 868 πολέμου
3412 794 3549 856 τέλος
3611 795 3686 860 εὶς
3741 817 3874 872 τροο

2247 889 2349 943 πὴν
2397 888 2486 956 μὲν
2527 887 2576 936 οἰ
2622 892 2712 937 τοῦ
2764 883 3060 938 ἀποστάτου
3117 883 3341 957 Μιχαὴλ
3391 881 3629 951 ἀπεῑδον,
3684 887 3740 938 οἱ
3804 883 3872 948 δὲ

2250 971 2382 1046 ἀμφὶ
2425 977 2510 1026 τὸν
2571 977 2832 1046 Κομνηνόν
2901 973 3122 1046 Μιχαὴλ
3174 973 3374 1034 πλείους
3420 975 3450 1032 ὴ
3520 977 3692 1026 εἰκοσι
3758 983 3868 1026 τῶν

2248 1063 2497 1136 ἐκκρίτων
2555 1063 2912 1134 ζωγρήσαντες
2959 1068 3049 1115 καὶ
3121 1061 3336 1123 πολλοὺς
3404 1062 3589 1126 ἄλλους
3678 1064 3869 1135 ξίφους

2248 1153 2396 1224 ἔργον
2446 1157 2752 1212 ποιήσαντες
2817 1155 3067 1210 ἔστησαν
3128 1149 3251 1204 ούδὶ
3301 1154 3403 1224 γὰρ
3449 1152 3593 1224 εἶχον
3641 1149 3865 1205 διώκειν

2246 1244 2382 1292 πάνυ
2439 1238 2605 1309 ὀλίγοι
2651 1242 3024 1312 τυγχάνοντες,
3085 1236 3579 1312 προδιεφθαρμένων
3623 1244 3718 1292 καὶ
3766 1237 3866 1294 δια

2246 1327 2524 1400 λελυμένων
2601 1336 2700 1380 τῶν
2759 1333 3230 1403 προαπερχομένων

2247 1417 2553 1489 εἰρήκειμεν.
2607 1417 2758 1469 Οὕτω
2803 1419 2899 1489 μεν
2941 1413 3028 1470 οὖν

3328 1337 3690 1404 στρατιωτῶν,
3785 1334 3857 1392 ὡς

3128 1421 3218 1470 καὶ
3295 1417 3476 1480 αὐτοῖς
3560 1413 3596 1470 δ
3599 1438 3629 1470 υ
3638 1426 3856 1489 πυχώς

2247 1504 2426 1570 ξυνέϐη
2460 1525 2526 1558 τα
2545 1508 2831 1580 πράγματα
2869 1505 2980 1558 κατ’
3010 1507 3120 1558 ἴσον
3163 1513 3272 1568 τοῖς
3328 1511 3446 1578 περὶ
3511 1510 3600 1560 τὸν
3662 1506 3860 1580 [1903-

2245 1616 2362 1651 πον.
2401 1594 2459 1648 Ὀ
2504 1599 2594 1668 μεν
2642 1591 2729 1646 οὖν
2789 1599 3052 1668 Κομνηνὸς
3099 1595 3321 1670 Μιχαὴλ
3368 1601 3458 1648 καὶ
3511 1597 3536 1648 ό
3585 1601 3863 1669 Δὴσκαρις

2249 1684 2470 1756 Μιχαὴλ
2531 1688 2621 1736 καὶ
2667 1687 2716 1736 οἱ
2763 1683 2887 1756 ἀμφ’
2937 1685 3122 1746 αύτούς
3189 1686 3438 1757 ἡγεμόνες
3500 1687 3870 1756 τυγχάνοντες

3289 1775 3320 1831 ὴ
3326 1782 3436 1846 μῶν
3493 1773 3872 1846 ἠναγκάζοντο

2248 1862 2555 1916 καταλαϐεῖν
2604 1862 2672 1924 εἰς
2727 1867 2815 1914 τόν
2871 1862 3135 1936 Πρίλαπον
3190 1868 3281 1915 καὶ
3351 1864 3477 1936 ἡμῖν
3551 1863 3874 1934 ξυντυχείν,

2252 1953 2445 2012 ἑκόντες
2502 1954 2714 2012 ἄκοντες
2769 1949 3010 2024 ἀφίκοντο
3079 1952 3207 2026 παρ’
3275 1953 3431 2024 ἡμᾶς,
3504 1956 3592 2003 xui
3671 1951 3881 2023 ὀλίγας

2253 2045 2450 2114 ὴμέρας
2533 2047 3086 2116 προσκαρτερήσαντες
3159 2042 3276 2114 μεθ’
3352 2043 3520 2114 ὴμῶν,
3590 2038 3701 2093 ἐπεὶ
3793 2046 3879 2114 μὴ

2253 2129 2398 2203 εἶχον
2427 2127 2696 2201 δυνάμεως
2729 2126 3007 2188 συστάδην
3037 2129 3288 2192 ξυνελθεῖν
3336 2134 3426 2182 καὶ
3481 2131 3566 2182 τὸν
3622 2126 3879 2181 ἀποστά-

485 2244 577 2282 την
609 2225 956 2295 μαχέσασθαι
988 2223 1230 2295 Μιχαὴλ,
1260 2221 1463 2294 ἀφέντες
1488 2226 1627 2296 ἡμᾶς
1671 2224 1998 2298 ὑπέστρεψαν
2040 2231 2132 2281 τὴν
2185 2240 2240 2273 τε
2285 2223 2387 2292 γὰρ
2447 2218 2693 2270 ἀπιστίαν
2747 2227 2845 2270 τῶν
2903 2219 3186 2294 οἰκητόρων
3237 2215 3598 2287 διενοήσαντο,
3653 2224 3746 2270 καὶ
3807 2224 3875 2272 τὸ

483 2310 768 2384 ἀμφίϐολον
799 2320 898 2362 τῶν
922 2311 993 2373 εἰς
1033 2310 1245 2384 φύλαξιν
1267 2311 1426 2363 αὐτοῦ
1453 2315 1774 2383 τεταγμένων
1795 2320 2054 2383 νουνεχῶς
2076 2313 2440 2382 ἑτεκμὴραντο.
2469 2307 2866 2379 Ἐναπελείφθην
2890 2315 3014 2379 ’γοῦν
3045 2313 3135 2360 καὶ
3155 2307 3307 2369 αὐτὸς
3347 2307 3394 2360 έν
3428 2307 3678 2383 Πριλάπῳ
3726 2311 3877 2382 μέτά

483 2411 582 2453 τῶν
614 2403 766 2452 ὄντων
791 2400 856 2460 εἰς
885 2405 979 2458 τὴν
1007 2400 1239 2472 φυλακὴν
1269 2408 1360 2452 τοῦ
1394 2399 1593 2462 ἄστεως
1622 2421 1634 2433 ’
1665 2401 1799 2452 οὕτω
1824 2405 1913 2452 καὶ
1941 2405 2042 2474 γάρ
2077 2402 2321 2472 όκρατὼν
2353 2417 2442 2470 μοι
2467 2401 2845 2471 προστέταχεν.

553 2495 642 2544 7'2.
670 2489 912 2544 Michael
943 2488 1208 2545 defector
1251 2488 1438 2544 altera
1501 2489 1629 2544 vice
1689 2504 1799 2544 nos
1852 2489 2138 2551 adoritur,

485 2582 710 2633 etcum
778 2577 836 2632 in
889 2583 1016 2634 tuto
1076 2594 1186 2634 sua
1241 2577 1488 2632 vidisset
1536 2578 1923 2647 (cognoverat
1984 2578 2142 2633 enim

486 2669 896 2740 imperatorias
910 2668 1117 2740 copias
1135 2683 1330 2739 neque
1344 2667 1421 2722 ad
1435 2666 1646 2722 malum
1661 2667 2142 2740 propulsandum

485 2773 680 2830 neque
733 2755 809 2812 ad
862 2756 1259 2812 resistendum
1325 2755 1598 2826 idoneas)
1651 2756 1945 2828 oppidum
2040 2757 2148 2811 ob-

490 2846 724 2902 sidione
766 2845 946 2902 cinxit
971 2851 1028 2900 et
1047 2845 1273 2916 aptavit
1294 2846 1526 2900 arietes.
1568 2847 1610 2915 1
1627 2845 1740 2917 59
1757 2844 2076 2917 Oppidani,
2092 2849 2150 2900 et

490 2936 591 3010 qui
628 2952 761 2992 cum
786 2934 962 2991 nobis
985 2940 1174 3003 erant,
1191 2950 1311 2990 una
1334 2951 1469 2989 cum
1495 2951 1564 2990 eo
1590 2933 1944 2990 sentiebant.
1972 2935 2150 3005 Igitur

490 3026 756 3097 primum
775 3028 1088 3095 pertentat.
1112 3027 1168 3077 et
1193 3022 1543 3078 universum
1573 3023 1817 3078 militem
1846 3030 2148 3080 armatum

2325 2484 2422 2559 οβ’.
2463 2485 2680 2544 Ἐπῆλθε
2731 2487 2772 2520 ⁶¹
2830 2494 2955 2558 γοῦν
3010 2505 3067 2537 το
3147 2483 3386 2560 δεύτερον
3436 2486 3557 2538 καθ’
3629 2487 3777 2558 ἡμῶν
3842 2488 3873 2538 ὀ

2253 2575 2554 2639 ἀποστάτης
2582 2574 2822 2647 Μιχαὴλ,
2857 2579 2946 2626 xui
2999 2573 3108 2627 ἐπεὶ
3164 2572 3457 2651 ἐκεχειρίαν
3516 2571 3658 2648 εἶχεν
3717 2571 3873 2645 (ἐπέ-

2252 2686 2355 2737 γνω
2381 2668 2481 2740 γὰρ
2519 2670 2588 2727 ὤς
2627 2667 2681 2717 αἱ
2721 2664 2998 2738 βασιλικαὶ
3051 2661 3302 2738 δυνάμεις
3352 2661 3680 2718 ἀδυνατοῦσι
3739 2672 3873 2718 τοῦο

2253 2773 2340 2807 τον
2373 2751 2692 2812 ἀντιστάδην
2722 2755 3111 2828 μαχέσασθαι).
3152 2759 3549 2827 περιεστοίχισε
3602 2758 3660 2806 1'6
3724 2755 3874 2807 ἄστυ

2258 2848 2460 2916 φρουρᾷ
2487 2847 2577 2894 xui
2611 2841 2862 2905 ἑλεπόλεις
2889 2845 3036 2899 ἵστα.
3067 2841 3239 2894 Ἦσαν
3263 2839 3322 2894 δε
3378 2845 3426 2894 οἱ
3486 2841 3629 2906 ἐντὸς
3675 2848 3769 2896 καὶ
3821 2845 3878 2895 οἱ

2261 2933 2354 2983 σύν
2379 2933 2502 3004 ἡμῖν
2532 2934 2596 2984 τὰ
2623 2931 2783 2984 αὐτοῦ
2824 2939 3143 3005 φρονοῦντες.
3197 2939 3410 3005 Πρῶτος
3457 2939 3586 3004 γοῦν
3651 2936 3880 2990 πεποίη-

2259 3039 2344 3072 κεν
2376 3018 2681 3093 ἀπόπειραν,
2710 3027 2801 3072 καὶ
2842 3019 3062 3081 ὁπλίσας
3117 3023 3175 3072 τὸ
3226 3021 3438 3094 σύμπαν
3491 3021 3651 3074 αὑτοῦ
3707 3023 3880 3096 στράο

489 3113 716 3184 oppido
748 3110 1032 3182 applicat,
1065 3110 1141 3165 ad
1174 3111 1286 3165 hoc
1306 3112 1624 3180 sagittariis
1651 3128 1719 3167 ac
1742 3111 2147 3167 funditoribus

2260 3128 2427 3181 τευμα
2475 3118 2544 3180 τῷ
2593 3110 2741 3161 ἄστει
2788 3107 3096 3182 προσέϐαλε,
3151 3108 3385 3173 τοξόταις
3437 3116 3528 3162 καὶ
3587 3105 3882 3182 σφενδονή-

487 3218 676 3276 quam
701 3201 946 3273 Optimis
1003 3217 1144 3255 usus
1185 3218 1199 3269 ;
1237 3201 1429 3257 scalas
1472 3201 1613 3258 item
1657 3203 1916 3262 advehit.
1945 3208 2009 3258 ut
2037 3202 2148 3258 illis

489 3305 696 3346 muros
728 3289 1094 3345 ascenderet.
1129 3289 1242 3346 Sed
1273 3296 1412 3345 tunc
1444 3291 1688 3363 quidem
1744 3292 1942 3362 rejecti
1987 3297 2146 3354 sunt,

489 3385 546 3434 et
577 3395 648 3433 ex
680 3377 794 3433 illis
826 3379 1093 3451 plerique
1121 3380 1283 3434 saxis
1312 3380 1560 3453 telisque
1591 3381 1787 3436 obruti
1836 3398 1908 3436 ex
1956 3380 2150 3436 homi-

491 3483 635 3523 num
679 3467 799 3523 vita
832 3469 1184 3539 migrarunt.
1240 3471 1303 3524 Et
1345 3469 1430 3524 sic
1486 3486 1593 3542 per
1645 3470 1772 3526 dies
1829 3471 2151 3526 nonnullos

490 3559 792 3632 quievere,
842 3575 1206 3631 rursumque
1273 3558 1351 3614 ab
1409 3560 1735 3632 oppidanis
1795 3565 1862 3616 ef
1934 3562 2151 3615 nostris

493 3648 753 3703 comitati
769 3664 976 3703 rursus
989 3647 1047 3702 in
1063 3647 1352 3720 oppidum
1366 3649 1779 3704 vehementius
1797 3648 2149 3721 irrumpunt,

492 3742 551 3792 et
575 3737 702 3809 pari
741 3738 968 3793 ratione
1000 3736 1348 3808 rejiciuntur
1388 3755 1401 3793 :
1461 3754 1655 3810 neque
1699 3739 1859 3794 enim
1922 3737 2149 3811 aliquid

493 3825 798 3898 profecere
823 3842 933 3880 suo
950 3826 1344 3897 potiusquam
1365 3826 1618 3881 aliorum
1646 3827 2054 3883 incommodo.
2092 3829 2156 3882 Et

495 3914 732 3970 tertium
763 3930 1008 3987 quoque
1041 3914 1127 3969 vis
1177 3913 1276 3970 illa
1321 3915 1462 3970 mali
1497 3914 1762 3980 incaluit,
1798 3917 2156 3989 tertiumque

493 4004 780 4060 restincta
806 4009 913 4059 est.
953 4003 1142 4058 Hostis
1170 4004 1348 4071 igitur
1374 4004 1555 4059 tinem
1580 4005 1864 4062 turbandi
1891 4005 2048 4072 facit,
2103 4010 2160 4061 et

495 4093 696 4166 quieta
735 4097 934 4147 mente
1000 4093 1284 4160 constitit,
1352 4097 1408 4148 et
1480 4095 1969 4166 appropinquare
2036 4109 2158 4148 non

495 4182 782 4240 audebat.
817 4187 1110 4252 tanquam
1143 4184 1244 4254 qui
1287 4184 1620 4254 majoribus
1681 4201 1866 4255 quam
1920 4183 2159 4237 inferret

496 4272 670 4327 malis
698 4269 1084 4338 aﬁligeretur.
1133 4274 1550 4328 Verumtamen
1604 4273 1704 4345 qui
1763 4272 2157 4328 defectionem

496 4359 965 4423 meditabantur,
1016 4359 1075 4414 in
1135 4363 1539 4416 commotione
1615 4377 1833 4432 pugnae
1908 4359 2160 4414 consilia

2261 3217 2379 3259 ταις
2430 3197 2710 3269 εύστόχοις
2761 3201 3117 3272 χρησάμενος.
3183 3204 3283 3251 Kui.
3325 3197 3584 3272 κλίμακας
3660 3201 3865 3269 ἔφερον,

2260 3288 2329 3348 ὡς
2360 3285 2419 3338 ἃν
2444 3283 2537 3339 διὰ
2567 3297 2667 3339 τῶν
2697 3287 2960 3360 κλιμάκων
2993 3286 3076 3340 ἐπὶ
3124 3290 3182 3340 1'6
3241 3287 3376 3340 ἄστυ
3434 3284 3863 3362 ἀναρριχὴσαιν-

2259 3397 2337 3432 το,
2374 3375 2530 3429 Ἀλλά
2559 3385 2712 3430 τοῦτο
2742 3381 2832 3450 μεν
2880 3376 3200 3452 ἐτράπησαν,
3259 3383 3350 3430 xui
3408 3378 3607 3436 πλείους
3657 3375 3709 3439 ἐξ
3759 3373 3874 3426 αύ-

2260 3474 2360 3518 τῶν
2401 3469 2547 3539 ἔργον
2605 3472 2758 3538 φόνου
2813 3471 3134 3538 γεγένηνται,
3191 3466 3359 3530 λίθοις
3411 3465 3718 3540 βεϐλημένοι
3775 3471 3878 3518 καὶ

2263 3559 2481 3616 ὸίστοίς.
2539 3562 2638 3609 Καὶ
2698 3559 2863 3629 μέχρι
2917 3559 3008 3629 μὲν
3061 3558 3264 3632 ἡμερῶν
3334 3577 3486 3609 τινων
3554 3559 3878 3628 ἡσύχασαν,

2263 3650 2352 3696 καὶ
2388 3644 2539 3697 πάλιν
2589 3647 2637 3698 οἱ
2694 3643 2825 3706 ἐντὸς
2890 3651 2980 3698 καὶ
3037 3647 3278 3720 ἡμέτεροι
3333 3649 3547 3705 τούτους
3601 3644 3880 3714 ἐκίνησαν,

2264 3739 2355 3785 καὶ
2392 3730 2542 3796 αὖθις
2572 3733 2834 3809 προσϐολὴ
2867 3732 3195 3809 σφοδροτέρα
3235 3733 3317 3787 ἐπὶ
3374 3737 3433 3786 τὸ
3489 3733 3647 3800 ἂστυ,
3693 3739 3786 3786 καὶ
3842 3736 3880 3793 ἡ

2266 3821 2585 3896 ἀπόκρουσις
2617 3825 2790 3895 ὁμοία·
2830 3819 2953 3877 οὐδὲ
2974 3825 3072 3896 γὰρ
3115 3819 3461 3882 ἠδυνήθησάν
3525 3843 3578 3876 τι
3626 3832 3882 3892 ποιῆσαι,

2268 3911 2457 3984 μᾶλλον
2507 3915 2817 3974 πεπονθότες
2870 3912 2900 3972 ἦ
2959 3911 3266 3986 πράξαντες.
3311 3917 3488 3986 Μέχρι
3542 3917 3634 3964 καὶ
3692 3918 3888 3986 τρίτου

2268 4000 2554 4074 προσέϐαλε
2592 4006 2650 4054 τό
2688 3997 2874 4067 δεινὸν,
2904 4006 2993 4052 καὶ
3031 4004 3097 4053 τά
3139 4003 3291 4074 ὁμοία
3342 4000 3420 4054 ἐπ’
3483 4002 3605 4063 ἴσης
3658 4007 3880 4074 7:753:13-

2271 4111 2381 4152 ται,
2407 4091 2706 4164 Ἠρέμησαν
2732 4100 2856 4162 γοῦν
2898 4093 2946 4142 οἱ
2976 4090 3196 4142 ἐναντίοι
3218 4095 3307 4143 καὶ
3356 4089 3406 4143 ἐν
3454 4093 3670 4163 ἡσυχία
3716 4111 3891 4166 προσ-

2273 4182 2526 4250 εφίζανον·
2590 4177 2731 4232 Οὐδὲ
2773 4183 2874 4253 γὰρ
2933 4178 3154 4253 ἐτόλμων
3233 4185 3602 4255 προσεγγίσαι·
3685 4181 3892 4253 μᾶλλον

2271 4272 2369 4342 γὰρ
2402 4271 2637 4340 ἔπασχον
2670 4269 2971 4340 ἐγγίσαντες
3016 4269 3044 4327 ὴ
3103 4266 3326 4321 ἐποιουν·
3385 4271 3449 4320 Οἱ
3507 4272 3596 4342 μὲν
3649 4269 3741 4322 οὗν
3787 4275 3892 4328 τὴν

2274 4353 2520 4406 ἀπιστίαν
2545 4364 2812 4416 νοσοῦντες
2839 4353 3055 4408 ἐδόκουν
3086 4355 3134 4408 ἐν
3164 4364 3226 4430 τῇ
3278 4362 3482 4414 κινήσει
3540 4364 3634 4419 τῆς
3691 4360 3891 4430 μάχης

499 4447 692 4515 magis
715 4463 775 4500 se
818 4453 940 4502 tuto
971 4450 1212 4522 exsequi
1246 4465 1421 4521 pnsse
1444 4448 1890 4504 existimabant.
1951 4448 2147 4502 Mirum

2275 4444 2344 4503 ὡς
2391 4447 2456 4494 τὰ
2507 4442 2700 4496 ἑαυτῶν
2755 4441 3069 4516 βουλήματα
3114 4447 3560 4515 κατορθώσαιντο·
3631 4443 3717 4516 [Ρ.
3791 4448 3891 4520 83]

499 4551 640 4590 vero
668 4534 728 4589 id
755 4536 1046 4591 audituris
1083 4537 1399 4602 videbitur,
1439 4537 1487 4590 si
1531 4537 1728 4600 unius,
1777 4552 1896 4592 non
1956 4537 2157 4609 plures

500 4638 684 4696 quam
708 4625 1110 4696 quadraginta
1133 4625 1394 4681 famulos
1432 4625 1726 4691 habentis,
1760 4625 1877 4680 ﬁde
1929 4624 2059 4680 sola
2105 4631 2162 4679 et

501 4712 746 4768 veritate
774 4713 897 4770 freti
920 4714 1180 4770 hominis
1199 4714 1253 4768 vi
1277 4719 1818 4785 compescerentur.
1844 4715 1986 4769 Cum
2015 4730 2159 4775 ergo

503 4817 711 4876 pugna
727 4819 796 4857 ac
829 4802 1031 4874 praal‘o
1060 4801 1308 4857 infamia
1336 4801 1584 4856 consilia
1612 4801 1901 4857 malorum
1938 4803 2156 4858 machi-

501 4899 742 4949 natores
761 4892 1004 4963 exsequi
1022 4906 1142 4946 non
1169 4895 1431 4962 possent.
1451 4890 1642 4944 scelus
1662 4891 1718 4945 in
1736 4892 2156 4965 tranquillitate

501 4981 742 5037 necalia
773 4979 982 5035 fraude
1017 4979 1366 5033 moliuntur.
1389 4985 1613 5046 Agmen
1635 4980 1813 5051 enim,
1846 4980 1938 5035 cui
1971 4981 2046 5035 ad
2073 4987 2156 5035 tu-

501 5070 750 5126 tandum
793 5067 1085 5139 oppidum
1139 5067 1197 5120 in
1231 5066 1376 5121 urbe
1409 5067 1772 5123 domilicium
1827 5075 1970 5134 erat,
2023 5070 2156 5124 vitae

500 5157 908 5214 sustentandae
969 5171 1156 5210 causa
1222 5157 1659 5227 propugnaculi
1727 5153 2007 5214 eductum
2079 5157 2158 5214 ad

498 5245 778 5317 granaria
823 5243 1246 5299 transmittunt.
1311 5246 1440 5299 llaec
1515 5246 1933 5317 praemeditati.
2017 5263 2158 5302 cum

2277 4535 2453 4606 θαῦμα
2484 4528 2542 4585 δὲ
2570 4532 2628 4583 ἂν
2655 4534 2733 4591 εἴη
2769 4540 2878 4595 τοῖς
2926 4532 3227 4600 ἀκούουσιν,
3276 4533 3320 4586 εἱ
3377 4531 3486 4596 ἐνὸς
3530 4529 3723 4608 ἀνδρὸς
3785 4539 3889 4594 ἣτ-

2271 4641 2425 4680 τηντο
2469 4621 2528 4673 ού
2582 4621 2789 4684 πλείους
2843 4631 2940 4674 τῶν
2994 4624 3374 4698 τετταράκοντα
3427 4625 3686 4698 ὑπηρέτας
3730 4625 3892 4696 ἔχονο

2269 4732 2356 4773 τος
2377 4716 2466 4764 καὶ
2503 4716 2634 4784 μόνη
2658 4719 2722 4784 τῇ
2763 4716 2938 4764 πίστει
2969 4716 3058 4764 καὶ
3081 4718 3142 4784 τῇ
3207 4710 3422 4783 ἀληθείᾳ
3471 4711 3884 4788 τεθαρρηκότος·

2265 4800 2354 4862 Ὠς
2381 4809 2504 4872 γοῦν
2537 4797 2809 4862 ἀδυνάτως
2852 4797 2996 4872 εἶχον
3049 4801 3203 4873 μάχῃ
3255 4806 3344 4853 καὶ
3377 4797 3620 4874 κυδοιμῷ
3661 4805 3729 4854 τὰ
3763 4797 3885 4854 διοι-

2268 4890 2449 4942 ϐούλια
2478 4892 2526 4942 οἱ
2574 4890 2692 4941 καθ’
2749 4892 2895 4962 ἡμῶν
2952 4898 3254 4964 φρονοῦντες
3299 4892 3366 4941 τὰ
3428 4899 3568 4963 σφῶν
3614 4893 3893 4962 κατορθώ-

2269 4980 2486 5044 σασθαι,
2521 4977 2571 5030 ἐν
2598 4979 2805 5051 ἡσυχίᾳ
2834 4977 3216 5050 μεμελετήκασι
3273 4981 3332 5030 τὸ
3391 4974 3559 5032 δεινὸν
3610 4983 3700 5031 καὶ
3754 4989 3898 5040 σκῆ-

2265 5067 2357 5138 ψιν
2409 5068 2754 5138 ποιησάμενοι
2815 5070 2909 5123 τὴν
2957 5073 3049 5118 τοῦ
3101 5065 3174 5126 εἰς
3226 5066 3458 5138 φυλακήν
3537 5074 3630 5120 τοῦ
3675 5069 3903 5133 ἄστεως

2271 5160 2674 5228 συντεταγμένου
2735 5158 3124 5230 στρατεύματος
3175 5156 3464 5230 ζωαρκείας
3523 5158 3685 5229 χάριν
3748 5153 3900 5212 διοί-

2267 5264 2446 5310 κησιν,
2499 5243 2780 5316 ἐξάγουσιν
2856 5243 3020 5304 αὐτὴν
3072 5253 3170 5308 τῶν
3252 5244 3510 5308 ἐπάλξεων
3545 5250 3634 5298 καὶ
3674 5243 3764 5298 ἐπὶ
3825 5251 3902 5300 τὰ

572 5493 614 5526 ⁶¹
645 5494 706 5546 D:
745 5488 982 5570 Καεέπει
1013 5488 1300 5564 ἐκεχειρίαν
1321 5495 1453 5563 εἶχε,
1474 5498 1865 5565 περιεστοίχισε
1898 5495 1953 5543 τὸ
1986 5491 2118 5570 in}:
2147 5497 2238 5545 xui
2264 5493 2516 5563 ελεπογεις
2549 5491 3029 5564 συνὶστακλίμακας
3053 5496 3242 5566 ἔφερεν,
3263 5496 3330 5555 ὡς
3353 5492 3412 5544 ἆν
3437 5491 3532 5547 διὰ
3547 5497 3744 5548 τούτων
3767 5501 3899 5570 περὶ

499 5566 556 5612 τὸ
583 5564 718 5613 ἄστυ
743 5559 1206 5640 ἀναῤῥιχὴσαιντο.
1245 5559 1640 5636 Ἀλ.λά’τοτε’μεν
1673 5559 1949 5637 τραπέντες
1981 5561 2388 5640 πλεῖστυιὶέργ-ον
2413 5559 2903 5640 φονουθεγόνεισαν,
2940 5559 3106 5626 Αὖθις
3137 5559 3195 5618 δὲ
3222 5564 3487 5636 προσϐολὴ
3522 5559 3898 5640 περισσοτέῥοι

502 5636 696 5712 περὶτρ
733 5633 888 5704 ἄστυ,
913 5640 1001 5686 καὶ
1032 5637 1060 5693 ὴ
1097 5633 1411 5706 ἀπόκρουσις
1434 5633 1608 5707 ὁμοία,
1630 5633 1900 5696 Ὡσαύτως
1921 5640 2010 5700 καὶ
2038 5638 2066 5694 ὴ
2098 5633 2402 5711 τρίτηἘῖτει
2430 5633 2598 5709 ἡρέμα
2626 5633 2988 5709 παρεκάθηντο
3013 5644 3102 5688 xui
3136 5633 3295 5698 οὕτως
3326 5637 3424 5689 εἰλε
3463 5641 3551 5690 τὸν
3580 5633 3890 5728 Πρίλαπόν,
