4124 6398
263 353 403 408 1173

1795 346 2144 406 ANNALES.

3500 349 3644 407 11⁵74

263 474 613 548 σιτοφυλάκια
659 469 983 542 ἀπάγουσιν.
1049 469 1136 534 Ἐξ
1182 469 1382 544 ἓρήμης
1429 479 1555 543 γοῦν
1594 470 1864 544 ἀνοίγουσι

1986 472 2225 530 abesset
2259 472 2433 544 160
2473 473 2790 539 exercitus,
2833 477 3040 545 portas
3086 473 3383 547 aperiunt.
3431 474 3645 548 Sicque

259 568 355 626 τὰς
417 562 585 624 πύλας
648 562 697 611 οἱ
747 565 918 611 ταῦτα
991 559 1484 635 προμελετήσαντες.
1569 566 1671 614 Καὶ
1740 561 1869 615 ἑάλω

261 654 398 708 οὕτω
426 655 485 705 τὸ
507 658 600 704 τοῦ
629 648 899 723 Πριλάπου
939 649 1095 711 ἄστυ,
1140 649 1197 701 οὐ
1228 649 1482 721 πολεμίων
1543 649 1720 723 ἀρετῇ,
1775 650 1870 704 οὐκ

261 742 616 816 ἀνοχυρότητι
650 741 833 803 τόπου,
882 735 1011 789 ἀλλὰ
1052 745 1115 809 τῇ
1146 746 1247 788 τῶν
1304 737 1540 808 φυλάκων
1587 737 1869 813 ἀϐελτηρίᾳ

261 836 354 884 καὶ
418 828 656 901 ἀπιστίᾳ.
719 830 822 879 Καὶ
878 826 1030 899 ἡμεῖς
1082 825 1403 899 συνεάλωμεν
1453 832 1544 880 καὶ
1600 824 1866 901 δεσμῶται

261 923 569 993 γεγόναμεν.
635 912 775 968 Οὐδὲ
812 916 914 990 γὰρ
965 919 1160 973 ὤνησεν
1189 917 1324 988 ἡμᾶς
1387 919 1446 968 τὸ
1504 925 1593 978 τῆς
1646 916 1868 989 ἀκροπό-

263 1010 388 1071 λεως
433 1009 676 1082 φρούριον
710 1027 722 1038 ·
755 1008 921 1079 πέτρα
970 1008 1072 1081 γὰρ
1118 1002 1203 1076 ἦν,
1242 1010 1331 1058 καὶ
1377 1005 1547 1065 ἁλωτὴ
1599 1002 1865 1061 δεκαϐάθ-

264 1120 346 1172 μῳ
422 1097 660 1171 κλίμακι,
735 1098 873 1169 εἴπερ
950 1093 1173 1168 ἐπῄεσάν
1260 1115 1390 1156 τινες
1463 1095 1861 1169 πολεμήσοντες.

264 1187 345 1243 Ἐν
375 1189 410 1261 ᾖ
436 1191 526 1240 καὶ
569 1188 757 1248 νυκτός
810 1187 860 1237 οἱ
919 1183 1166 1238 τάναντία
1226 1190 1572 1260 φρονήσαντες
1624 1188 1865 1262 ἡμέτεροι

261 1276 557 1351 ἐφορμῆσαι
586 1275 704 1328 καθ’
734 1276 881 1347 ἡμῶν
925 1273 1296 1334 ἠϐουλήθησαν
1347 1277 1413 1336 ὡς
1451 1276 1589 1348 ἡμᾶς
1640 1295 1695 1328 τε
1730 1275 1864 1328 ἀπο-

260 1372 450 1418 κτενεῖν
502 1369 593 1417 καὶ
660 1367 727 1417 τὰ
800 1364 949 1436 ἡμῶν
1004 1362 1287 1427 ξυλλαϐεῖν.
1367 1364 1509 1418 Ἐπεὶ
1576 1361 1635 1418 δε
1708 1364 1866 1427 αὐτὸς

259 1459 413 1508 ταυτὶ
480 1453 803 1526 ἕπεγνώκειν,
857 1457 975 1505 τότε
1054 1456 1144 1525 μὲν
1230 1452 1443 1515 ἑαυτοὺς
1508 1452 1866 1526 ἐφυλαξάμεθα

256 1546 431 1606 καθὼς
457 1541 518 1603 ἧν
545 1544 671 1616 ἡμῖν
717 1539 961 1610 δυνατὸν,
1011 1539 1388 1615 ἐπιλαμψάσης
1431 1539 1491 1596 δὲ
1543 1544 1740 1618 ἡμέρας
1791 1550 1865 1618 τῷ

261 1633 531 1707 ἀποστάτῃ
580 1631 804 1704 Μιχαὴλ
874 1632 945 1693 εἰς
999 1631 1293 1704 ξυμφωνίας
1344 1632 1611 1696 ξυνῆλθον,
1681 1631 1866 1687 Κάκεῖ-

257 1744 340 1786 νος
530 1726 662 1798 πρὸς
712 1724 849 1795 ἡμᾶς
897 1718 1125 1775 δέδωκεν
1190 1724 1370 1798 ὅρκους
1432 1721 1725 1798 ἐλευθέρους
1773 1726 1864 1797 μὲν

1981 562 2201 634 Prilapi
2243 561 2542 633 oppidum
2588 576 2713 617 non
2751 563 2967 620 virtute
3021 563 3310 634 hostium,
3362 579 3489 622 non
3525 564 3642 621 loci

1978 650 2404 717 imbecillitate,
2446 649 2553 706 sed
2582 650 2907 707 custodum
2941 651 3217 711 socordia
3258 667 3332 709 ac
3382 652 3638 725 perﬁdia

1979 744 2222 813 captum
2253 744 2359 809 est,
2407 742 2466 794 et
2518 753 2631 794 nos
2678 753 2802 795 una
2839 754 2979 796 cum
3033 745 3189 807 eo,et
3240 740 3491 797 vinculis
3520 746 3636 799 tra-

1976 830 2178 887 dimur
2196 842 2221 901 ;
2237 828 2458 902 quibus
2479 843 2591 884 nec
2607 828 2763 884 arcis
2784 828 3098 887 castellum
3119 830 3345 901 profuit
3368 847 3382 886 :
3414 846 3630 891 saxum

1973 935 2240 993 namque
2296 922 2444 983 erat,
2493 922 2551 973 et
2605 923 2958 991 expugnatu
3011 917 3364 986 facilimum,
3395 920 3446 975 si
3491 921 3630 993 quis

1974 1008 2185 1066 decem
2234 1007 2535 1079 graduum
2585 1005 2749 1064 scala
2791 1007 2940 1063 illud
2979 1007 3228 1065 adortus
3276 1006 3503 1065 fuisset.
3563 1010 3628 1073 In

1973 1098 2140 1172 quod
2171 1103 2373 1164 noctu,
2403 1097 2510 1170 qui
2542 1112 2616 1152 ex
2652 1097 2870 1153 nostris
2897 1096 3188 1154 adversus
3223 1112 3338 1153 nos
3389 1096 3629 1154 hostilia

1972 1186 2315 1252 induerant,
2333 1185 2411 1243 ad
2426 1201 2537 1241 nos
2552 1184 2981 1245 interimendos
2999 1190 3329 1259 nostraque
3339 1185 3632 1258 rapienda

1972 1277 2250 1349 ingruere
2289 1275 2561 1332 animum
2619 1274 3004 1331 induxerant.
3047 1277 3181 1331 Haec
3237 1274 3435 1333 edocti
3476 1278 3629 1344 tum,

1974 1366 2059 1421 uti
2088 1364 2244 1420 vires
2275 1367 2716 1432 concesserant,
2747 1379 2861 1420 nos
2900 1363 3357 1420 custodivimus.
3387 1363 3503 1421 Sed
3526 1362 3634 1420 ubi

1973 1453 2101 1509 dies
2145 1454 2346 1526 capit,
2377 1469 2517 1509 cum
2565 1452 2844 1510 Michaele
2882 1451 3180 1508 defectore
3217 1452 3298 1509 ad
3324 1452 3635 1526 pactiones

1973 1543 2165 1600 venio.
2195 1542 2294 1598 Ille
2316 1542 2495 1598 etiam
2519 1542 2921 1614 jurejurando
2953 1558 3017 1598 se
3049 1541 3427 1612 obligaverat
3454 1556 3567 1598 nos
3595 1555 3635 1598 a

1972 1648 2134 1689 noxa
2148 1632 2451 1688 immunes
2477 1636 2534 1687 et
2555 1647 2692 1687 cum
2703 1646 2766 1687 re
2780 1630 3060 1687 familiari
3068 1646 3179 1703 pro
3189 1621 3419 1687 viribus
3433 1628 3633 1687 salvos

1974 1726 2154 1794 atque
2177 1719 2511 1777 incolumes
2540 1719 2938 1793 imperatoriae
2966 1719 3177 1777 ditioni
3230 1718 3628 1777 redditurum.

257 1821 430 1865 κακῶν
478 1816 567 1864 καὶ
637 1814 771 1885 μετὰ
851 1818 952 1862 τῶν
1029 1815 1282 1885 σφετέρων
1353 1814 1673 1885 πραγμάτων
1721 1815 1864 1886 παρὰ

1978 1809 2069 1866 Sic
2098 1825 2209 1865 nos
2238 1807 2522 1880 pusillum
2539 1807 2685 1864 illud
2705 1810 2972 1865 castrum
2994 1807 3362 1865 dedidimus.
3379 1804 3630 1864 Verum~

252 1910 348 1954 τοῦ
404 1905 595 1975 μέρους
647 1900 808 1952 αὐτοῦ
866 1899 937 1962 εἰς
1012 1904 1106 1959 τὴν
1162 1906 1346 1972 χώραν
1392 1897 1725 1960 διασωθῆναι
1770 1908 1862 1953 τοῦ

253 1989 531 2065 βασιλέως.
572 1990 719 2062 ἡμεῖς
799 1985 859 2041 δὲ
934 1991 993 2041 τὸ
1054 1993 1240 2063 μικρὸν
1310 1988 1470 2042 ἐκεῖνο
1524 1992 1657 2064 πρὸς
1708 1989 1864 2041 αὐτόν

252 2078 637 2153 ἀπολελύκαμεν
666 2080 934 2153 φρούριον,
989 2076 1122 2132 Ἀλλ’
1176 2086 1318 2130 ὦσαν
1374 2080 1424 2130 οἱ
1475 2079 1625 2153 ὄρσοι
1677 2080 1863 2131 τούτου

249 2164 468 2240 ψευδεῖς

248 2277 375 2318 νους
403 2252 536 2314 πεδή
545 2275 638 2318 τας
650 2298 663 2311 .

323 2345 387 2398 Ὀ
441 2348 533 2419 μεν
577 2345 666 2396 οὖν
707 2342 954 2417 βασιλεὺς
983 2340 1258 2419 Θεόδωρος
1313 2348 1433 2418 περὶ
1486 2347 1679 2397 τούτων
1736 2343 1864 2402 ἀκη-

256 2438 397 2496 κοὼς
425 2435 722 2487 ὑπετόπασε
761 2435 852 2507 μὲν
902 2437 1022 2507 περὶ
1076 2431 1202 2505 ἐμοῦ
1252 2432 1310 2485 οὐ
1367 2432 1554 2502 καλῶς,
1599 2435 1864 2506 ἀνθρωπί-

248 2543 357 2585 νοις
414 2519 474 2576 δέ
530 2522 806 2594 λογισμοῖς
882 2521 1125 2594 ἑπόμενος
1208 2523 1551 2576 ὑπετόπασεν.
1618 2521 1707 2583 Ὠς
1760 2524 1862 2595 γὰρ

259 2611 579 2686 ἐμεμαθήκει
632 2613 750 2671 τοὺς
814 2614 1083 2685 κρείττους
1158 2618 1258 2661 τῶν
1329 2613 1762 2683 στρατηγούντων
1815 2609 1863 2662 ἓν

253 2709 323 2774 τῇ
387 2697 594 2773 δυσμῇ,
646 2698 695 2751 ἓν
757 2699 833 2761 οἷς
888 2698 1089 2774 ἐθάρρει
1140 2704 1230 2751 καὶ
1276 2700 1343 2751 τὰ
1391 2698 1575 2765 πολλὰ,
1622 2700 1723 2752 ὑπὸ
1778 2704 1864 2752 τόν

250 2788 563 2846 ἀποστάτην
614 2787 839 2860 Μιχαὴλ
907 2790 1242 2860 γεγενῆσθαι,
1296 2790 1418 2849 τούς
1473 2789 1563 2861 μὲν
1616 2793 1707 2841 καὶ
1763 2791 1863 2862 πρὸ

247 2886 355 2932 τῶν
407 2882 783 2950 κατασχέσεων
835 2885 935 2929 τῶν
986 2883 1262 2952 φρουρίων,
1311 2880 1471 2949 ἤγουν
1520 2881 1607 2929 τὸν
1656 2881 1864 2930 Σκουτέ-

253 2987 369 3041 ριον
425 2966 635 3035 Ξυλέαν,
680 2970 766 3018 τὸν
811 2965 1068 3039 Ῥαματᾶν
1122 2965 1390 3034 Μανουὴλ,
1442 2969 1527 3018 τόν
1581 2966 1864 3039 Πουλάχαν

256 3060 353 3108 καὶ
383 3053 563 3116 ἄλλους
594 3056 753 3117 ἐνίους
799 3064 898 3107 τῶν
950 3058 1044 3107 σὺν
1074 3055 1270 3126 αὐτοῖς,
1327 3054 1479 3116 αὖθις
1517 3051 1576 3108 δε
1622 3060 1709 3107 καὶ
1738 3058 1866 3129 μετὰ

256 3145 358 3205 τὰς
435 3147 803 3216 κατασχέσεις,
867 3142 957 3196 εἴτ’
1029 3144 1117 3195 οὖν
1167 3148 1254 3196 τὸν
1310 3143 1395 3196 ἐπὶ
1462 3152 1553 3205 τῆς
1603 3144 1865 3220 τραπέζης

256 3234 525 3286 ’Ῑσαάκιον
608 3235 696 3284 τόν
771 3237 1087 3304 Νεστόγγον,
1170 3232 1223 3284 ὃν
1281 3233 1433 3293 αὐτὸς
1486 3233 1557 3294 εὶς
1608 3232 1861 3306 φυλακὴν,

251 3323 396 3375 καθὰ
439 3326 862 3398 προῖστορήκειν,
939 3319 1347 3380 ἀποκατέστησα
1411 3331 1506 3385 τῆς
1579 3318 1861 3396 Ἀχρίδος,

250 3415 347 3463 καὶ
373 3409 560 3472 ἄλλους
597 3410 691 3463 οὐκ
754 3410 957 3482 ὀλίγους
1009 3419 1109 3462 τῶν
1165 3416 1435 3485 γνωρίμων
1463 3430 1516 3463 τε
1553 3416 1643 3464 καὶ
1673 3412 1866 3485 ὀνομα-

257 3507 394 3552 στῶν
456 3500 557 3552 ὑπὸ
631 3502 716 3551 τόν
767 3498 1073 3557 ἀποστάτην
1128 3499 1335 3561 ἑκόντας
1381 3499 1606 3567 τελέσαι,
1675 3497 1867 3553 ἐδεδίει

249 3596 344 3641 καί
381 3592 500 3662 περὶ
526 3587 661 3661 ἐμοὶ,
692 3593 763 3661 μή
816 3608 939 3641 ποτε
996 3594 1087 3641 καὶ
1148 3588 1306 3650 αὐτὸς
1360 3591 1510 3641 πάθω
1549 3592 1615 3641 τὰ
1670 3590 1825 3661 ὅμοια
1850 3611 1863 3624 ·

250 3680 470 3753 ἔθραττε
495 3698 585 3729 και
605 3680 708 3752 γὰρ
748 3681 835 3730 τὸν
891 3678 1054 3730 αὐτοῦ
1095 3677 1345 3750 λογισμὸν
1392 3682 1451 3730 τό
1502 3677 1556 3740 ἐξ
1610 3679 1866 3749 ὑπογυίου

253 3765 463 3840 συμϐὰν
495 3769 610 3839 ἐμοὶ
642 3766 766 3841 παρ’
811 3766 992 3821 αὐτοῦ.
1027 3768 1092 3818 Οἱ
1146 3763 1204 3819 δὲ
1233 3768 1300 3818 τὰ
1351 3767 1467 3818 κατ’
1520 3765 1605 3819 ἐπε
1656 3765 1863 3843 ἀκριϐέ-

254 3874 432 3927 στερον
481 3854 768 3926 ἐπιγνόντες
834 3851 1242 3928 διισχυρίζοντο
1291 3859 1361 3927 μὴ
1412 3856 1474 3906 οἶν
1526 3873 1653 3907 ποτε
1698 3863 1866 3907 τοιοῦ-

253 3961 345 3994 τον
370 3948 585 4014 φανῆναί
623 3963 705 4015 με.
762 3943 903 3997 Ἐπεὶ
963 3940 1023 3996 δὲ
1080 3949 1275 4018 χρόνος
1319 3941 1587 4017 παρεῤῥύη
1641 3947 1862 4014 συχνὸς,

255 4037 348 4084 καὶ
394 4040 493 4084 τῶν
551 4035 910 4105 ἐπερχομένων
969 4029 1248 4104 δεσμώτην
1304 4031 1579 4100 ἐμάνθανεν
1627 4029 1757 4085 εἶναί
1803 4052 1866 4105 με

248 4125 344 4173 καὶ
402 4123 577 4196 εἱρκτῇ
645 4120 1029 4195 περικλείεσθαι
1075 4118 1402 4182 ποδοκάκαις
1453 4141 1508 4175 τε
1554 4126 1645 4174 καὶ
1691 4140 1867 4195 χειρο-

244 4205 441 4273 πέδαις
475 4212 815 4282 συνέχεσθαι,
878 4209 965 4283 [Ρ.
1029 4211 1119 4282 84]
1179 4211 1358 4283 ἠγάπα
1409 4229 1464 4262 τε
1529 4214 1624 4269 τὴν
1675 4211 1863 4285 πρᾶξιν

243 4300 342 4352 καί
365 4320 457 4373 μοι
503 4300 945 4373 προσφιλέστερον
982 4296 1285 4370 διετέθειτο,
1342 4302 1593 4373 ὁρισμοὺς
1646 4296 1706 4352 δὲ
1751 4299 1862 4354 ἐπε-

241 4395 463 4447 ποιήκει
508 4390 789 4461 κτημάτων
817 4392 938 4464 πέρι
987 4396 1085 4440 τῶν
1144 4387 1297 4460 ἐμῶν,
1356 4386 1560 4462 μηδένα
1600 4389 1864 4461 τολμῆσαι

1974 1903 2174 1954 tamen
2199 1896 2632 1969 jusjurandum
2662 1912 2804 1953 cum
2825 1895 2923 1953 ille
2942 1895 3165 1953 nefarie
3197 1896 3478 1968 jurasset,
3499 1894 3629 1952 fru-

1976 1992 2098 2044 stra
2125 1986 2252 2057 fuit,
2285 1984 2891 2059 quandoquidemille
2909 2000 3024 2042 nos
3040 1983 3297 2041 vinculis
3317 1983 3629 2056 colligatos

1974 2076 2049 2133 de
2077 2075 2211 2132 loco
2242 2075 2303 2132 in
2328 2074 2532 2131 locum
2560 2074 3027 2147 transportabat.

526 2188 540 2201 ’
592 2164 830 2240 ἐπίορκον
875 2168 979 2242 γὰρ
1035 2166 1329 2240 ὠμωμόκει.
1369 2165 1568 2240 Ἐσχεν
1622 2164 1709 2221 οὖν
1758 2168 1899 2239 ἡμᾶς
1947 2164 1996 2218 ἐν
2050 2161 2269 2239 δεσμοῖς
2317 2167 2409 2217 καὶ
2466 2161 2567 2216 ἀπὸ
2618 2168 2803 2238 χώρας
2846 2162 2916 2224 εἰς
2983 2168 3168 2239 χώραν
3219 2160 3632 2237 μεταϐιϐαζομὰ

2049 2342 2230 2413 Igitur
2248 2341 2576 2415 imperator
2603 2340 2971 2411 Theodorus,
2998 2340 3075 2397 de
3094 2339 3189 2397 his
3205 2339 3419 2397 certior
3437 2338 3636 2397 reddi-

1974 2435 2092 2497 tus,
2121 2430 2196 2487 de
2229 2446 2324 2486 me
2352 2430 2599 2504 quidem
2628 2428 2794 2486 haud
2823 2429 3082 2501 ingenue
3141 2428 3485 2502 suspicatus
3521 2430 3632 2499 est,

1975 2520 2315 2593 suspicatus
2363 2523 2454 2574 est
2486 2522 2687 2575 tamen
2733 2518 3017 2576 humanis
3049 2516 3634 2575 considerationibus

1973 2607 2210 2664 ductus.
2238 2610 2512 2679 Namque
2562 2611 2627 2662 ut
2657 2606 2848 2663 audiit
2882 2606 3204 2664 ductorum
3249 2605 3629 2677 celebriores,

1972 2690 2197 2769 quibus
2216 2711 2401 2768 quam
2416 2712 2472 2750 m
2481 2695 2678 2751 axime
2688 2694 2936 2765 ﬁdebat,
2949 2694 3012 2751 in
3040 2695 3355 2753 Occidente
3367 2695 3549 2753 Micha
3559 2693 3635 2751 eli

1973 2784 2257 2840 defectori
2277 2783 2547 2853 ccssisse,
2581 2784 2801 2856 partim
2826 2787 3155 2856 antequam
3202 2782 3430 2855 oppida
3450 2797 3635 2856 expu-

1973 2878 2302 2946 gnarentur
2356 2871 2440 2927 uti
2485 2871 2815 2928 Scuterium
2862 2871 3124 2944 Xyleam,
3157 2866 3487 2926 Manuelem
3516 2872 3630 2927 Ra-

1904 2984 1945 3039 C
1974 2967 2199 3018 matam
2229 2960 2553 3017 Pulacham
2583 2960 2852 3033 aliosque
2881 2960 3223 3032 nonnullos,
3248 2960 3468 3032 partim
3489 2962 3631 3033 post

1972 3055 2299 3124 occupatas
2340 3050 2544 3111 urbes.
2575 3049 2756 3106 veluti
2792 3065 3010 3106 mensae
3047 3047 3387 3123 praefectum
3447 3050 3621 3122 161

1974 3142 2266 3196 Isaacium
2309 3143 2696 3208 Nestongum,
2759 3139 2855 3194 cui
2892 3139 3042 3213 ipse,
3076 3141 3142 3195 ut
3166 3141 3345 3195 antea
3361 3139 3625 3208 narravi,

1974 3228 2244 3285 Achridae
2279 3228 2616 3284 custodiam
2636 3227 3175 3298 demandaveram,
3207 3227 3481 3300 aliosque
3510 3242 3636 3284 non

1975 3333 2206 3390 paucos
2233 3333 2304 3373 ex
2318 3317 2581 3373 maxime
2595 3316 2749 3372 notis
2770 3320 2951 3390 atque
2962 3316 3269 3373 nobilibus
3295 3315 3632 3373 voluntarie

1976 3423 2038 3463 se
2065 3407 2350 3463 defectori
2374 3405 2737 3471 subdidisse,
2767 3404 2841 3461 de
2870 3421 2966 3462 me
2991 3421 3237 3479 quoque
3268 3404 3537 3473 timebat,
3558 3420 3636 3462 ne

1974 3497 2121 3569 quid
2154 3500 2454 3568 patrarem
2506 3494 2731 3551 simile:
2777 3494 2953 3550 anxie
2981 3497 3139 3551 enim
3171 3494 3331 3551 illius
3362 3495 3640 3551 animum

1973 3584 2282 3655 turbabat,
2312 3583 2478 3657 quod
2507 3598 2702 3656 nuper
2738 3582 2870 3656 ipse
2923 3584 2985 3639 in
3025 3599 3125 3639 me
3168 3587 3635 3656 perpetraverat.

1973 3679 2250 3730 Attamen
2280 3674 2356 3729 de
2386 3689 2483 3729 me
2506 3672 2806 3746 rebusque
2837 3672 2987 3728 meis
3036 3672 3406 3729 enucleatius
3436 3670 3635 3729 edocti

1974 3780 2070 3819 me
2092 3778 2395 3835 nusquam
2427 3763 2606 3819 talem
2662 3762 2933 3818 futurum
2977 3760 3443 3819 contendebant.
3500 3763 3640 3817 Post

1973 3857 2212 3925 tempus
2242 3868 2365 3908 non
2394 3851 2705 3908 modicum
2737 3867 2811 3907 ex
2840 3850 3218 3908 internuntiis
3252 3866 3351 3907 me
3378 3849 3635 3908 vinculis

1974 3941 2286 3998 addictum
2312 3940 2549 3997 occludi
2571 3956 2830 4009 carcere,
2862 3939 3261 4013 compedibus
3298 3938 3507 4012 pedes,
3538 3954 3637 3995 ca-

1973 4030 2130 4103 pulis
2152 4046 2373 4087 manus
2399 4029 2649 4102 astringi
2678 4044 3144 4099 recognoscens,
3174 4027 3409 4084 facinus
3428 4026 3637 4085 lauda-

1971 4136 2057 4183 re,
2090 4119 2417 4175 humanius
2440 4120 2500 4174 in
2532 4135 2628 4175 me
2681 4117 2859 4186 aﬂici,
2892 4118 3090 4191 deque
3134 4116 3317 4173 rebus
3347 4116 3520 4187 meis,
3558 4130 3637 4175 ne

1975 4209 2195 4282 aliquis
2221 4208 2280 4264 in
2311 4224 2415 4263 eas
2458 4207 2860 4263 intruderetur
2916 4206 3337 4280 damnumque
3365 4205 3632 4276 inferret,

1903 4338 1946 4392 Β
1976 4299 2215 4355 decreta
2243 4297 2645 4392 ev_ulgare.__Et
2670 4296 2799 4392 haec
2824 4295 3072 4392 quidem
3108 4295 3194 4351 sic
3237 4310 3300 4351 se
3329 4293 3625 4352 habuere.

1978 4385 2323 4461 Imperatori
2344 4401 2488 4441 vero
2524 4384 2837 4441 Theodoro
2862 4400 2958 4442 res
2978 4385 3062 4441 ita
3082 4400 3356 4442 evenere.

242 4474 395 4531 πόδα
439 4496 491 4530 τε
568 4477 745 4550 βαλεῖν
812 4476 860 4528 ἐν
918 4477 1096 4539 αὐτοῖς
1149 4484 1239 4531 καὶ
1316 4478 1511 4550 ζημίαν
1569 4477 1889 4551 ἐπεμϐαλεῖν.
1968 4482 2070 4532 Καὶ
2128 4484 2294 4529 ταῦτα
2335 4478 2426 4548 μὲν
2469 4475 2637 4538 αὕτως
2689 4476 2842 4547 ἔσχε,
2899 4482 2972 4547 τῷ
3013 4471 3072 4528 δὲ
3116 4473 3331 4549 βασιλεῖ
3376 4470 3637 4547 Θεοδώρῳ

246 4565 434 4629 ξυνέϐη
468 4566 605 4619 οὕτω
638 4569 704 4619 τὰ
727 4569 1034 4639 πράγματα.

327 4654 417 4725 ογ’.
466 4655 527 4709 Ὀ
577 4657 668 4727 μὲν
709 4652 797 4707 οὖν
828 4656 876 4691 ⁶²
932 4663 1032 4706 τῶν
1090 4654 1394 4729 Βουλγάρων
1441 4657 1643 4730 ἄρχων,
1693 4657 1719 4706 ὁ
1765 4676 1860 4727 γν-

249 4741 596 4818 ναικάδελφος
634 4744 796 4796 αὐτοῦ
844 4743 1091 4815 Μιχαὴλ,
1151 4744 1205 4806 ὃς
1253 4743 1445 4802 πολλὴν
1510 4749 1603 4802 τὴν
1666 4746 1864 4818 ἔχθραν

247 4834 386 4886 κατά
423 4853 475 4887 τε
533 4834 691 4886 αὐτοῦ
743 4840 836 4886 τοῦ
878 4832 1120 4908 γαμϐροῦ
1171 4836 1263 4885 καὶ
1322 4831 1583 4905 βασιλέως
1630 4838 1719 4885 καὶ
1767 4841 1865 4885 τῶν

241 4920 513 4995 Ῥωμαίων
572 4921 831 4995 ἐξέτρεφε,
886 4924 1015 4994 πρὸς
1067 4928 1159 4974 τοῦ
1224 4919 1652 4995 πρωτεξαδέλφου
1705 4921 1867 4974 αὐτοῦ

322 5101 583 5154 ⁶²Βε

244 5174 420 5246 μαίων
431 5213 444 5235 ,

248 5240 412 5316 μάνος
484 5246 576 5316 τὴν
650 5240 842 5316 ἐκείνου
931 5241 1099 5294 λαϐὼν

549 5168 676 5244 ἀλλᾲ
756 5174 888 5244 πρὸς
931 5179 1065 5244 ’τοὺ
1139 5166 1566 5244 πρωτεξαδελφου
1643 5166 1804 5244 αὐτοῦ
1842 5176 1959 5244 ,Κα

1176 5234 1410 5323 γαμετὴν
1446 5234 1589 5323 .τήνῇ
1648 5240 1954 5323 Βουιλγάρων
2033 5234 2209 5323 ἀρχὴν
2275 5234 2645 5323 ἐσφετερίζετο.
2677 5234 2688 5238 ⁷
2722 5238 2859 5323 ἐφ’
2933 5240 2959 5290 ό
3024 5238 3224 5323 fama;
3284 5234 3455 5323 ρῦρος
3497 5240 3634 5323 μετὰ

2042 4658 2131 4711 73.
2158 4652 2557 4723 Bulgarorum
2586 4652 2888 4725 princeps,
2926 4651 3132 4709 uxoris
3156 4651 3315 4709 illius
3341 4651 3522 4708 frater
3540 4650 3637 4708 Mi-

1973 4742 2164 4812 chael,
2205 4742 2306 4815 qui
2357 4740 2689 4797 simultates
2735 4745 2793 4798 et
2832 4740 3195 4815 inimicitias,
3238 4755 3463 4813 easque
3508 4755 3634 4797 non

1974 4833 2156 4904 leves,
2188 4832 2320 4888 etin
2334 4846 2623 4901 generum
2641 4830 2768 4886 etin
2784 4830 3211 4904 imperatorem
3240 4833 3297 4886 et
3324 4827 3632 4886 remdenin

1974 4937 2092 4994 que
2106 4923 2439 4977 Romanam
2453 4919 2762 4990 gerebat,a
2775 4918 3141 4976 consobrino
3154 4935 3265 4974 suo
3277 4914 3641 4974 Callimano¥

650 5098 708 5149 '¢)
767 5096 828 5152 δε
875 5108 975 5151 τῶν
1028 5098 1333 5172 Βουλγάρων
1406 5099 1610 5221 ἄρχων,
1663 5094 2076 5220 γυναικάδελφος
2133 5104 2224 5150 τοῦ
2288 5097 2451 5149 αὑτοῦ
2508 5097 2756 5168 Μιχαὴλ,
2810 5098 3008 5169 ἔχθραν
3054 5097 3145 5169 μεν
3195 5091 3309 5168 εἶχε
3354 5096 3491 5147 κατὰ
3512 5094 3631 5169 Ῥω,

650 5172 676 5221 ἐι
756 5174 888 5221 πρὸς
973 5179 1065 5221 τοὺ
1139 5166 1436 5221 ποωτεξαδε
1469 5190 1566 5221 ωου
1643 5169 1804 5221 αὐτοῦ
1880 5169 1988 5221 Καλ
2022 5171 2204 5221 ιαάνου
2284 5173 2492 5221 καιρίαν
2562 5167 2780 5221 πληγεὶς
2836 5167 3111 5221 ἐτεθνήκει.
3167 5166 3227 5219 Ὀ
3305 5162 3366 5219 δε
3437 5166 3630 5220 Καλλι-

2022 5171 2204 5252 ιμάνου
2284 5173 2542 5252 καιρίαν-μ
2562 5162 3111 5252 πληγεὶςῃξτεθνήκέι.
3167 5162 3366 5252 ”Ο”
3437 5162 3630 5252 Καλλιξ

251 5309 661 5386 στρατευμάτων
711 5313 931 5366 ἐπελθὼν
991 5321 1063 5384 τῷ
1112 5309 1344 5396 Τρὲινόϐῳ
1400 5317 1496 5371 τὴν
1521 5382 1532 5394 ς
1563 5309 1825 5396 θυγατέρα
1853 5309 2076 5396 ’τούτους
2101 5309 2220 5370 ’τὴν
2274 5309 2367 5364 τοῦ
2413 5309 2636 5382 Μιχαὴλ
2696 5310 2947 5396 σύζυγον,
3002 5309 3202 5382 εἴληφεν
3232 5330 3245 5343 ·
3283 5309 3441 5385 ὁγὰρ
3497 5309 3632 5363 Καλ-

247 5382 385 5454 λιμά
434 5382 920 5459 οςπροπεφόνευτο.
975 5382 1124 5459 Ἐπεὶ-
1155 5382 1216 5437 ’δ’
1271 5382 1463 5459 ἔρημος
1513 5382 1807 5459 ἐναπελείθη
1871 5382 2192 5459 κληρονόμου
2241 5383 2273 5441 ἡ
2318 5391 2416 5459 τῷν
2472 5383 2778 5459 Βουλγὰρων
2827 5382 3023 5459 ἁρχὴ,-
3051 5383 3102 5434 οἱ
3164 5382 3490 5459 προῦχοντες
3541 5384 3631 5434 τὸν

248 5450 467 5529 Τοίχου
492 5450 604 5529 υἱόν
648 5450 1032 5529 Κῷνσταντῐνον
1085 5455 1156 5515 εἰς
1213 5450 1515 5529 τὸἀρχειν
1571 5456 1740 5507 αὐτῶν
1785 5450 2108 5529 ὅινεδέξαντοξ
2164 5453 2275 5529 ἐνα
2326 5450 2386 5506 δε
2426 5459 2518 5506 καὶ
2537 5450 2933 5529 ,εὐπρόσωπός
2961 5452 3102 5524 αὐτῷ
3141 5450 3215 5529 ᾏή·
3241 5450 3385 5527 ἁρχὴ
3430 5456 3630 5525 γένοιτο

253 5522 393 5610 καῖ’
439 5524 632 5590 δόξειεν
680 5522 1450 5610 ἀπό.κληρονομίαςνκρατὲῖν,
1503 5530 1605 5599 πρό
1652 5531 1740 5578 τόν
1789 5525 2018 5610 βασιλέα
2059 5522 2348 5610 ’Θεόδωρον
2390 5522 2671 5610 πρεσϐείαν
2723 5522 3081 5610 πεπόμφασεν,
3139 5522 3627 5610 ἶναιτῆνηπρὼτην

251 5596 422 5652 αὐτοῦ
454 5601 713 5670 θυγατέρα
749 5592 1360 5671 Εἰρηνηνᾉσυζεύξηπῷ
1397 5592 1486 5650 τοῦ
1528 5592 1754 5671 Τοίχου,
1781 5592 1998 5669 ἔγγόνην
2024 5593 2185 5650 οὖσαν
2238 5592 2330 5649 τοῦ
2393 5592 2577 5671 ᾊσάν.
2634 5592 2933 5671 Ἐχώρισαν
2971 5592 3072 5649 οὖν’
3090 5599 3184 5654 τὴν
3237 5594 3300 5654 ἣν
3355 5592 3476 5669 οἶχε
3530 5602 3628 5669 γῦ-

251 5675 435 5739 ναῐκα,
458 5668 549 5723 καὶ
574 5668 707 5744 πρός
734 5668 820 5723 τόν
849 5668 1074 5744 βασιλέα
1102 5668 1428 5743 ἀπέστειλαν.
1462 5669 1613 5723 Οὕτω
1627 5668 1765 5741 γοῦν
1789 5668 2063 5743 ἠρέμησαν
2083 5672 2149 5722 τὰ
2175 5675 2277 5723 τῶν
2314 5669 2639 5744 Βουλγὰρων.
