4124 6390
518 308 661 371 M79

1820 300 2106 360 GEORGII
2128 299 2596 363 ACROPOLITJE

3752 314 3909 373 1180

516 431 756 499 fecerat,
777 433 846 486 ut
867 427 1115 502 quidem
1143 426 1483 495 videbatur,
1539 442 1650 502 pro
1708 428 1883 501 165
1937 426 2080 493 ﬁlio,
2112 441 2177 483 re

2286 428 2471 480 τούτου
2500 431 2591 479 καὶ
2644 424 2897 499 βασιλεὺς
2947 423 3212 488 διαθήκην
3264 435 3540 503 πεποίηκε,
3604 437 3754 509 τάχα
3801 440 3905 511 μὶν

518 526 741 589 autem,
776 535 920 576 vera
945 533 1056 591 pro
1088 516 1340 589 Georgio
1371 517 1678 576 Muzalone
1698 517 2173 590 protovestiario.

519 614 686 669 Hunc
714 609 876 666 enim
934 611 1289 664 testamento
1334 611 1746 665 Romanarum
1790 624 1992 663 rerum
2052 624 2181 664 om-

517 700 691 757 nium
721 697 1165 755 moderatorem
1198 712 1270 753 ac
1322 697 1640 754 dominum
1692 696 2040 769 instituerat,
2094 697 2179 754 ita

519 793 585 846 ut
612 803 797 863 penes
818 802 960 844 eum
997 784 1255 843 Romani
1284 784 1519 859 imperii
1538 786 1717 842 totius
1736 791 1895 841 esset
1914 803 2173 851 summa.

517 876 919 951 quoadusque
943 873 1324 948 imperatoris
1336 873 1495 930 ﬁlius
1509 873 1589 930 ad
1601 872 1927 947 perfectam
1939 878 2176 931 atatem

518 965 904 1039 pervenisset.
935 962 1212 1021 Mandata
1231 962 1610 1035 imperatoris
1643 978 1854 1018 eorum
1883 962 1987 1036 qui
2033 967 2177 1020 tunc

519 1054 776 1113 aderunt
786 1053 939 1125 jurej
949 1051 1182 1109 urando
1200 1051 1553 1108 conﬁrmata
1574 1055 1729 1108 sunt.
1758 1051 1870 1109 Sed
1901 1052 2174 1108 nondum

518 1143 727 1201 tertius
752 1143 901 1213 dies,
925 1146 1250 1214 postquam
1270 1141 1646 1213 imperatoris
1666 1140 1929 1198 cadaver
1944 1140 2175 1197 tumulo

520 1231 832 1293 conditum
853 1234 962 1299 est,
979 1229 1342 1300 decurrerat,
1368 1233 1422 1285 et
1440 1233 1730 1302 tanquam
1748 1245 1820 1285 ex
1836 1230 2175 1302 composito

519 1319 887 1394 quicumque
909 1317 1024 1375 illic
1046 1316 1572 1391 comperiebantur
1599 1320 1875 1384 Romani,
1898 1335 2037 1375 cum
2062 1318 2172 1375 ibi-

519 1409 662 1466 dem
686 1423 811 1465 non
834 1406 1052 1478 exiguo
1073 1405 1328 1463 militum
1347 1422 1563 1462 manus
1591 1413 2007 1473 commeasset,
2036 1423 2175 1464 con-

519 1501 844 1562 currentes,
874 1510 1112 1552 necnon
1134 1494 1239 1569 qui
1264 1494 1342 1551 ab
1371 1495 1732 1569 imperatore
1780 1510 1944 1552 noxa
1995 1501 2175 1570 atque

517 1583 920 1642 incommodis
942 1582 1121 1639 attriti
1142 1582 1385 1639 fuerunt
1422 1582 1655 1639 nobiles
1680 1588 1736 1640 et
1767 1584 1975 1658 primae
2033 1599 2173 1640 con-

517 1670 760 1731 ditionis
826 1672 1125 1738 homines,
1191 1671 1343 1729 inter
1406 1688 1509 1729 eos
1577 1677 1634 1729 et
1725 1674 2175 1747 Strategopulus

2288 519 2352 578 ὡς
2378 514 2461 569 ἐπὶ
2481 524 2553 587 τῷ
2582 512 2759 583 παιδὶ,
2791 524 2853 589 τῇ
2889 512 2943 569 δ’
2985 515 3203 592 ἀληθείᾳ
3256 522 3341 574 ἐπὶ
3398 530 3472 594 τῷ
3499 524 3905 597 πρωτοϐεστια-

2286 609 2383 678 ρίῳ
2437 613 2510 676 τῷ
2558 604 2868 665 Μουζάλωνι
2925 611 3163 681 Γεωργὶῳ
3209 608 3331 681 (61)
3379 631 3393 645 ’
3455 619 3635 665 τοῦτον
3699 617 3802 690 γὰρ
3867 618 3900 675 ἠ

2289 691 2521 753 διαθήκη
2555 692 2711 747 ἐποίει
2748 691 2862 766 (62)
2916 702 3016 746 τῶν
3069 694 3368 770 Ῥωμαϊκῶν
3422 702 3662 753 ἁπάντων
3719 724 3905 779 πραγ-

2285 783 2461 855 μάτων
2490 784 2689 858 κύριον,
2717 782 2850 835 ὣστε
2879 786 2937 835 τὸ
2976 785 3169 859 κράτος
3205 788 3347 859 ἔχειν
3381 788 3596 852 ἁπάσης
3640 798 3736 855 τῆς
3793 802 3903 846 τῶν

2281 876 2544 944 Ῥωμαίων
2572 869 2768 947 ἀρχῆς,
2814 876 3005 946 μέχρις
3036 871 3096 925 ἂν
3138 874 3165 926 6
3217 884 3308 928 τοῦ
3368 876 3628 950 βασιλέως
3678 884 3797 945 υἱός
3826 883 3898 946 εἰς

2282 959 2476 1013 τελείαν
2532 964 2626 1019 τὴν
2684 958 2885 1018 ἡλικίαν
2944 959 3200 1034 ἀφίκοιτο.
3258 971 3360 1018 Καὶ
3412 966 3723 1040 προῦϐησαν
3812 970 3900 1025 ἐπὶ

2284 1052 2485 1110 τοὺτοις
2515 1049 2798 1123 προστάξει
2826 1056 2917 1102 τοῦ
2950 1049 3206 1122 βασιλέως
3234 1057 3325 1106 καὶ
3379 1055 3525 1129 ὅρκοι
3578 1056 3693 1131 (63)
3745 1063 3900 1135 παρὰ

2282 1146 2382 1191 τῶν
2429 1138 2749 1211 ἐντυχόντων
2800 1147 2873 1211 τῷ
2915 1144 3051 1198 τότε.
3097 1141 3240 1195 Ἀλλ’
3292 1147 3428 1204 οὔπη
3488 1154 3718 1221 τριταῖος
3772 1150 3897 1223 (64)

2285 1224 2347 1287 ἧν
2387 1227 2435 1280 ἐν
2461 1232 2607 1301 τάφῳ
2635 1233 2863 1303 κείμενος
2902 1232 2928 1282 6
2966 1237 3059 1284 τοῦ
3108 1230 3369 1305 βασιλέως
3418 1240 3614 1311 νεκρὸς,
3671 1244 3763 1292 καὶ
3825 1242 3898 1302 ὡς

2286 1316 2387 1370 ἀπὸ
2412 1325 2585 1371 κοινοῦ
2616 1320 2946 1392 συνθήματος
2997 1317 3381 1395 συνδραμόντες
3433 1327 3621 1389 πάντες
3673 1328 3788 1399 (65)
3839 1329 3893 1383 οἱ

2285 1405 2628 1482 ἔφευρεθέντες
2694 1405 2859 1460 ἕκεῖσε
2929 1408 3267 1482 Ῥωμαῖοι-
3298 1415 3601 1489 στράτευμα
3683 1412 3742 1470 δέ
3821 1426 3885 1477 ἣν

2286 1497 2458 1548 ἱκανόν
2492 1500 2809 1568 συνηγμένον
2840 1494 3025 1565 ἐκεῖσε,
3068 1498 3126 1551 οὐ
3178 1504 3276 1573 μὴν
3329 1500 3455 1555 ἀλλὰ
3511 1508 3601 1556 καὶ
3662 1506 3711 1558 οἱ
3757 1509 3894 1581 πρὸς

2282 1591 2376 1636 τοῦ
2428 1583 2681 1657 βασιλέως
2733 1591 3080 1659 κεκακωμένοι
3140 1589 3251 1661 (66)
3304 1587 3487 1667 ἄνδρες
3534 1593 3752 1665 εὐγενεῖς
3802 1600 3897 1648 καὶ

2282 1681 2376 1736 τῆς
2412 1679 2623 1747 πρώτης
2670 1676 3015 1746 τυγχάνοντες
3069 1676 3281 1744 τάξεως,
3331 1679 3398 1730 ὧν
3451 1682 3519 1743 εἷς
3574 1684 3665 1754 μεν
3719 1683 3897 1761 ὑπῆρ-

517 1760 780 1826 Alexius,
809 1762 982 1834 cujus
1012 1760 1204 1817 ﬁlium
1244 1761 1702 1818 Constantinum
1733 1763 1923 1818 oculis
1961 1761 2176 1836 spolia-

2284 1780 2378 1836 χεν
2436 1763 2463 1814 6
2512 1762 2974 1837 Στρατηγόπουλος
3024 1764 3272 1837 Ἀλέξιος,
3327 1766 3388 1819 οὗ
3435 1770 3523 1822 τὸν
3580 1773 3692 1824 υἱὸν
3746 1760 3899 1825 Κων-

517 1854 703 1920 verat,
735 1850 939 1924 ipsum
969 1848 1192 1906 carceri
1229 1850 1662 1907 constrinxerat
1704 1865 1719 1915 ;
1755 1852 2175 1908 Constantinus

517 1939 795 1997 Tornices
813 1954 1073 2010 magnus
1101 1937 1180 1994 ab
1215 1937 1577 2012 imperatore
1614 1941 1843 1997 Joanne
1895 1941 2173 2014 primice-

515 2027 643 2085 rius
665 2028 1040 2095 constitutus,
1065 2027 1172 2083 sed
1189 2027 1267 2084 ab
1281 2029 1411 2100 ejus
1433 2026 1556 2085 ﬁlio
1577 2028 1847 2102 privatus
1874 2047 1887 2098 ;
1909 2030 2169 2086 Theodo.

516 2132 622 2173 rus
653 2115 842 2173 Philes
871 2116 1214 2173 obcaecatus
1267 2121 1325 2173 et
1371 2116 1499 2190 ipse
1534 2135 1547 2186 ;
1591 2123 1646 2174 et
1712 2119 2175 2187 Zagarommata

519 2205 825 2276 Georgius,
856 2220 1040 2279 quem
1067 2204 1396 2279 imperator
1413 2207 1677 2262 Joannes
1723 2208 2174 2278 protovestiari-

515 2298 637 2352 tem
658 2299 912 2362 crearat,
940 2293 1096 2350 ﬁlius
1116 2309 1259 2351 vero
1275 2293 1432 2351 illius
1459 2310 2033 2369 paracoemomenon
2065 2298 2176 2354 ele-

520 2389 711 2457 gerat,
738 2384 844 2441 sed
868 2401 1053 2457 quem
1078 2400 1202 2441 non
1227 2384 1332 2441 diu
1343 2384 1774 2458 postdignitate
1787 2386 1888 2443 illa
1900 2394 2170 2456 exuerat;

515 2474 883 2547 Nicephorus
902 2472 1184 2545 Alyattes,
1208 2473 1390 2547 paulo
1412 2478 1549 2531 ante
1571 2473 1887 2548 praefectus
1906 2477 2173 2534 canicleii

513 2562 728 2632 factus,
756 2562 1149 2636 postmodum
1180 2562 1409 2619 nullam
1432 2562 1513 2619 ob
1528 2579 1780 2621 causam
1809 2565 1890 2621 ab
1910 2568 2172 2640 impera-

512 2654 640 2708 tore
665 2650 873 2722 lingua
893 2650 1271 2718 imminutus,
1291 2651 1490 2709 oﬂicio
1519 2653 1699 2710 etiam
1730 2653 2050 2712 absolutus
2076 2675 2089 2725 ;
2116 2662 2173 2713 et

510 2740 780 2814 plerique
805 2739 906 2796 alii
931 2741 1056 2796 veri
1084 2741 1410 2814 opportuni
1441 2756 1511 2796 ac
1540 2739 1804 2798 celebres
1834 2758 1971 2798 cum
2012 2745 2171 2801 mili-

510 2828 674 2887 tibus
698 2828 936 2886 confusi
964 2828 1314 2885 festinanter
1342 2828 1421 2885 ad
1471 2830 1915 2887 Sosandrorum
1957 2847 2171 2889 mona-

511 2919 783 2987 sterium,
817 2918 923 2975 ubi
953 2918 1444 2992 protovestiarlus
1476 2918 1619 2976 sede
1647 2919 1843 2977 locata
1866 2921 2030 2992 justa
2065 2923 2169 2979 de-

2287 1858 2553 1903 σταντίνον
2582 1852 2916 1924 τετύφλωκεν,
2959 1852 3112 1906 αὐτὸν
3162 1850 3221 1908 δε
3271 1856 3555 1932 καθεῖρξεν,
3620 1859 3647 1911 6
3701 1865 3896 1936 Τορνί-

2283 1960 2382 2001 κης
2409 1959 2462 1993 τε
2500 1946 2904 2009 Κωνσταντῖνος,
2955 1941 3009 1994 ὃν
3062 1945 3225 2015 μέγαν
3281 1952 3659 2020 πριμμικήριον
3703 1949 3730 2000 6
3788 1947 3899 2022 βας

2285 2030 2459 2092 σιλεὺς
2507 2030 2743 2090 Ἰωάννης
2804 2032 2919 2102 εἶχε
2971 2037 3062 2086 καὶ
3112 2036 3239 2109 πρὸς
3292 2042 3386 2087 τοῦ
3443 2035 3691 2100 ϐασιλέως
3766 2041 3900 2092 υἱοῦ

2282 2120 2610 2185 καθωσίωτό,
2665 2119 2692 2171 ό
2749 2118 2907 2180 ψιλῆς
2958 2117 3228 2197 Θεόδωρος
3283 2126 3407 2187 τοὺς
3450 2125 3741 2199 ὀφθαλμοὺς
3798 2133 3898 2180 καὶ

2283 2207 2437 2270 αὐτὸς
2484 2207 2913 2283 ἕξορωρυγμένος,
2969 2214 3061 2263 καὶ
3119 2212 3146 2263 ό
3223 2217 3642 2287 Ζαγαρομμάτης
3725 2221 3881 2291 Γεώρ-

2281 2317 2417 2370 νιος,
2447 2297 2500 2350 ὃν
2535 2296 3049 2372 πρωτοϐέστιαρίτην
3102 2303 3192 2375 μὲν
3240 2301 3268 2353 6
3321 2299 3570 2374 βασιλεὺς
3619 2303 3897 2376 ὠνόμασεν

2283 2389 2556 2454 Ῑωάννης,ό
2623 2383 2681 2439 δὲ
2739 2389 2851 2449 υἱός
2923 2387 3084 2441 αὐτοῦ
3137 2395 3595 2466 παρᾳκοιμώμενον
3678 2403 3898 2468 πρῶτον

2281 2482 2516 2551 τιμώσας
2583 2478 2715 2548 μετὰ
2792 2475 2976 2550 βραχὺ
3026 2474 3357 2548 καθωσίωσε,
3410 2484 3706 2554 Νικηφόρος
3759 2501 3823 2536 τε
3869 2485 3900 2536 6

2278 2566 2588 2631 ’Λὶυάττης,
2630 2564 2685 2617 ὃν
2714 2570 2814 2639 πρὸ
2850 2565 3083 2640 βραχέος
3119 2564 3203 2619 hri
3257 2574 3351 2620 τοῦ
3397 2568 3689 2622 κανικλεὶου
3742 2590 3901 2624 τετι-

2277 2659 2458 2728 μηκώς
2524 2653 2740 2729 ὓστερον
2797 2659 2892 2712 τὴν
2935 2653 3166 2727 ’γλῶτταν
3223 2653 3299 2708 ἐπ’
3350 2653 3577 2730 οὐδεμιᾷ
3643 2657 3793 2732 αἰτίᾳ
3870 2662 3897 2713 ὁ

2280 2744 2363 2817 [Ρ.
2394 2743 2486 2816 86]
2517 2741 2767 2815 βασιλεὺς
2788 2742 3009 2816 ἐκτεμὼν
3045 2745 3404 2814 καθωσίωσεν,
3458 2745 3604 2799 ἄλλοι
3658 2766 3714 2801 τε
3764 2749 3896 2801 πολ-

2274 2832 2355 2886 λοὶ
2390 2840 2492 2884 τῶν
2548 2836 2835 2906 χρησίμων
2884 2835 2977 2884 καὶ
3034 2831 3333 2905 ὀνομαστῶν
3377 2831 3604 2911 ἀνδρῶν,
3673 2836 3723 2889 οἳ
3773 2846 3893 2901 τοῖς

2278 2926 2626 2997 στρατιώταις
2682 2919 2939 2983 ξυνιόντες
2987 2926 3080 2975 καὶ
3135 2920 3247 2996 ἃμα
3314 2920 3702 2999 συνδραμόντες
3791 2933 3887 2981 καὶ

512 3008 734 3067 mortui
765 2991 1145 3082 imperatoris
1177 3007 1461 3078 faciabat,
1478 3014 1824 3081 properant,
1872 2991 2059 3083 7166
2114 3017 2172 3069 et

2284 3010 2360 3065 ἰπὶ
2385 3018 2449 3084 τῇ
2498 3018 2600 3062 τῶν
2652 3007 2872 3063 Σωσάνδ
2873 3030 2974 3084 ρων
3037 3016 3363 3075 συνανιόντες
3419 3021 3547 3087 μονῇ
3603 3018 3737 3068 κατὰ
3788 3025 3892 3070 τοῦ

508 3096 835 3155 adversum
871 3095 1400 3170 protovestiarium
1453 3112 1525 3152 ac
1579 3100 1839 3154 tutorem
1891 3099 2170 3172 illiusque

506 3183 718 3244 fratres
739 3198 863 3242 non
897 3183 1026 3240 sine
1056 3183 1321 3240 clamore
1349 3184 1714 3258 irrumpunt.
1748 3187 1942 3253 Quare
1970 3193 2169 3260 proto-

2274 3098 2754 3177 πρωτοϐεστιαρίου
2806 3104 2896 3152 καὶ
2944 3098 3222 3174 ἐπιτρόπου
3265 3106 3355 3155 καὶ
3374 3110 3493 3167 ,τῶν
3552 3100 3891 3176 αὐταδέλφων

2276 3190 2437 3243 αὐτοῦ
2495 3187 2732 3241 αὐτοϐοεὶ
2782 3187 2895 3259 (67)
2950 3188 3268 3266 ἐφώρμησαν
3326 3211 3339 3224 ο
3403 3189 3566 3245 ἐκεῖσε
3614 3194 3715 3264 γὰρ
3761 3189 3888 3263 εἶχε

1396 3308 1739 3378 Theodori
1789 3311 2042 3380 Dousae
2089 3324 2155 3381 et
2203 3314 2444 3384 Leonis
2493 3311 2728 3380 Allatii
2779 3322 2980 3380 notae.

507 3428 721 3497 tutoris
761 3422 1001 3497 nomine
1026 3428 1340 3497 contentus
1366 3430 1543 3482 essset
1600 3425 2008 3497 Palzologus.
2056 3428 2175 3485 Sed
2270 3430 2547 3486 diversus
2577 3431 2669 3482 est
2695 3426 2966 3483 Phranza
2992 3432 3128 3484 ALL.

509 3494 684 3552 homo
714 3494 1044 3567 vehementi
1069 3494 1288 3567 spiritu
1318 3497 1633 3567 multaque
1678 3494 2009 3567 prudehtz‘a
2047 3515 2169 3556 non

507 3568 703 3651 solum
723 3565 1019 3651 Batduim’
1038 3581 1175 3638 opes
1199 3566 1407 3639 fregit,
1441 3565 1544 3624 sed
1590 3565 1802 3624 evertit
1822 3572 1997 3627 etiam
2017 3572 2166 3641 fun-

510 3638 708 3694 didus.
735 3643 875 3693 ALL.
1393 3638 1399 3639 “
2017 3638 2028 3641 ’

577 3708 691 3780 (61)
754 3707 1086 3782 Μουζὰλωνι-
1141 3713 1398 3782 Γεωργίῳ.
1444 3710 1603 3782 ΑΕινειῐ
1678 3708 1727 3764 is
1802 3725 1926 3766 non
2004 3711 2166 3768 claro

509 3779 727 3850 genere
757 3784 943 3846 ortus,
985 3779 1090 3835 sed
1142 3779 1683 3849 ob'co'gnitionem
1737 3797 1936 3837 rerum
1977 3787 2035 3838 et
2087 3782 2167 3839 ad

406 3880 413 3885 -
510 3850 1144 3924 omniaqaptitudinem
1167 3855 1618 3924 atqueqmorum
1672 3852 2073 3909 urbanitatem
2131 3871 2168 3910 a

510 3936 700 3994 puero
720 3921 1474 3994 infaulamimperatoriam
1498 3923 1742 3987 ascitus,
1764 3928 1828 3978 ut
1847 3939 1982 3979 cum
2011 3925 2167 3980 inul-

510 3992 582 4049 tis
602 3993 948 4065 aequalibus
975 3992 1286 4065 Theodoro
1305 3992 1652 4065 imperatori
1674 3994 1936 4050 collusor
1966 4004 2126 4051 esset
2148 4015 2164 4065 ;

556 4064 616 4120 ui
639 4063 721 4119 ita
751 4080 813 4119 se
853 4064 933 4120 ad
957 4078 1155 4119 mores
1186 4063 1340 4119 illius
1366 4063 1869 4129 accommodavit,
1906 4071 1968 4122 ut
2009 4063 2166 4123 unus

510 4133 593 4191 illi
622 4140 782 4209 esset
808 4135 1015 4191 omnia
1046 4133 1272 4189 faciens
1303 4133 1628 4208 dicensque
1658 4136 1954 4209 quidquid
1983 4138 2169 4209 impe-

509 4204 694 4262 ratori
718 4210 957 4275 gratum
978 4209 1122 4259 erat.
1151 4209 1336 4260 Amor
1387 4204 1595 4261 eorum
1641 4204 1947 4263 cresci'nte
1994 4204 2168 4264 aetate

511 4275 810 4350 concrevit
835 4275 1011 4340 adeo,
1044 4281 1109 4330 ut
1138 4275 1321 4350 _aqud
1367 4292 1505 4332 eum
1554 4277 1697 4350 jam_
1739 4277 2168 4350 imperatorem

512 4346 1287 4419 principem‘etautoritatis
1335 4352 1393 4402 et
1435 4346 1641 4417 gratia:
1682 4346 1883 4404 locum
1941 4349 2168 4406 obtine-

510 4415 1096 4492 ret,gsolertiss_imns
1152 4415 1472 4492 conjector,
1528 4421 1693 4491 quod
1716 4418 1826 4492 gilli
1879 4419 2161 4492 placeret.

2374 3504 2464 3569 63)
2498 3504 2600 3571 Καὶ
2628 3497 2791 3570 ὅρκοι.
2823 3501 3135 3569 Gregoras,
3169 3515 3228 3571 p.
3255 3503 3341 3556 63.
3384 3506 3523 3558 ALL.

2374 3504 2464 3569 63)
2498 3504 2600 3552 Καὶ
2628 3503 2791 3570 ὅρκοι.
2823 3503 3135 3569 Gregoras,
3169 3515 3228 3571 p.
3255 3503 3341 3556 63.
3384 3506 3523 3558 ALL.

2347 3503 2466 3644 éﬁt)
2496 3569 2656 3623 Οὔπω
2686 3578 2932 3645 τριταῖος.
2984 3573 3295 3641 Gregoras,
3348 3570 3776 3645 Pachymerius
3833 3575 3894 3629 et

2276 3640 2545 3698 Phranza
2575 3640 2815 3696 tradunt
2837 3640 3021 3714 fuisse
3052 3640 3455 3714 perpetratum
3482 3640 3579 3698 die
3608 3658 3794 3707 nono,
3832 3649 3894 3699 et

2277 3715 2428 3770 forte
2457 3728 2669 3785 omnes
2694 3727 2832 3785 vera
2856 3712 3177 3770 nuntianti
3214 3717 3415 3785 Neque
3459 3714 3621 3769 enim
3680 3714 3893 3769 statim

2278 3790 2459 3866 atque
2513 3783 3164 3866 moriturumperator,
3222 3783 3541 3866 sepultura:
3606 3786 3892 3866 traditur.

2277 3853 2471 3928 Quare
2488 3871 2588 3910 sex
2618 3853 2824 3928 primis
2851 3854 3064 3909 diebus
3086 3856 3265 3928 funus
3288 3853 3442 3911 illius
3464 3862 3745 3928 curatum
3775 3863 3893 3928 est,

2250 3927 2521 3992 elatum,
2545 3925 2920 3998 prOpositum
2945 3925 3194 3998 populo,
3227 3932 3396 3998 terrae
3428 3926 3673 3983 tandem
3707 3925 3898 3984 tradi-

2276 4004 2403 4054 tum
2428 3996 2592 4052 nono
2619 4012 2756 4050 vero
2787 3997 2882 4052 die
2913 3996 2990 4052 ab
3012 3996 3170 4051 illius
3203 3997 3390 4064 obitu,
3430 3999 3597 4054 tertio
3622 3998 3781 4054 illius
3803 4016 3899 4056 se-

2277 4068 2519 4142 pultura
2550 4067 2880 4142 Mugalones
2904 4068 3528 4142 obtruncarunt._ALL.

2348 4141 2463 4210 (65)
2539 4135 2925 4211 Συνδραμόντες
2998 4140 3209 4202 πάντες.
3296 4139 3650 4196 Solemnitas
3722 4156 3899 4197 exse~

2276 4212 2560 4283 quiarum
2574 4218 2632 4265 et
2655 4211 2934 4283 frequens
2962 4211 3235 4266 omnium
3259 4227 3593 4283 concursus
3618 4226 3745 4267 non
3760 4228 3896 4269 me-

2276 4281 2522 4337 rebatur
2554 4286 2676 4336 tam
2692 4281 3007 4352 indignum
3024 4281 3455 4352 spectaculum.
3471 4285 3900 4340 Convenerant

2277 4354 2435 4409 enim
2462 4353 2520 4407 in
2553 4351 2843 4422 templum
2869 4351 3209 4422 patriarcha
3232 4370 3366 4409 cum
3400 4352 3558 4408 clero
3583 4354 3896 4419 universo,

2277 4428 2591 4489 matronae,
2624 4439 2834 4477 omnes
2867 4422 3125 4477 nobiles.
3151 4430 3215 4479 ut
3238 4423 3313 4479 de
3344 4440 3511 4480 more
3536 4425 3817 4494 lugerent
3844 4433 3900 4482 et

513 4488 719 4543 dexter
747 4487 1123 4565 negotiorum
1152 4487 1605 4565 administrator
1624 4493 1682 4545 et
1705 4487 1899 4545 ﬁdus'
1922 4507 2168 4565 arcano:
2200 4506 2241 4559 ι)
2277 4487 2629 4565 memoriam
2654 4493 3031 4565 imperatoris
3064 4493 3454 4551 celebrarent.
3476 4487 3742 4551 Aderant
3762 4512 3898 4553 om-

512 4574 650 4633 r_l_1m
667 4559 1014 4633 particeps;
1040 4575 1195 4631 quas
1219 4559 1298 4615 ob
1320 4576 1414 4615 res
1435 4559 1701 4633 celeriter
1727 4562 2167 4633 protovestiarii

512 4627 801 4703 dignitate
828 4627 1081 4703 ornatus
1112 4647 1352 4703 uxorem
1394 4646 1466 4686 ex
1505 4627 1891 4703 imperatoria
1940 4632 2169 4689 familia

513 4699 701 4774 duxit.
726 4702 806 4774 E;
818 4702 1113 4774 _Gregora.
1147 4702 1484 4774 Vide‘etiam
1499 4699 1958 4774 Pacbymerium
1973 4707 2169 4760 Histo-

513 4772 747 4845 riarum
772 4771 925 4828 libro
953 4771 1429 4845 primo.unibus
1464 4771 2071 4845 notabisqmonstrum
2113 4781 2172 4830 et

515 4840 1515 4917 ἀνιστόρησίανῄὃξώςηίϐἱλΕηηϐαά,
1573 4845 1639 4899 1X
1842 4860 1897 4900 V1
1938 4861 1959 4901 ,⁸
2010 4846 2167 4903 Sunt

512 4917 621 4987 qui
644 4914 996 4987 Gregorium
1024 4915 1335 4971 Imisolum
1361 4920 1614 4987 tutorem
1642 4931 1678 4971 α
1707 4914 2012 4972 Theodoro
2036 4917 2169 4974 reti-

513 4985 670 5058 etum
701 4985 988 5052 scribant,
1018 5001 1190 5058 quem
1210 4985 1398 5058 sacris
1415 4994 1758 5053 operantem
1785 4989 2169 5058 Palwologus

512 5057 922 5130 interfecerat,
955 5056 1195 5130 rei-cpta
1219 5056 1300 5111 ad
1328 5071 1389 5112 se
1414 5059 1973 5130 puerorumitutela,
2023 5056 2168 5130 quos

510 5128 904 5198 paria‘njuria
923 5142 995 5184 ac
1024 5129 1218 5185 nescio
1268 5142 1348 5183 an
1404 5130 1635 5197 majore
1671 5129 1847 5185 etiam
1897 5128 2164 5185 sustulit.

514 5199 800 5267 Georgius
830 5200 889 5254 in
922 5199 1275 5268 Gregorium
1315 5200 1524 5268 evasit,
1558 5201 1825 5255 Muzalon
1862 5200 1923 5254 in
1972 5201 2168 5256 [mise-

515 5269 660 5338 lum,
677 5265 1081 5326 bbtruncatu's
1104 5269 1183 5325 ab
1205 5265 1482 5325 exercitu’
1501 5275 1567 5342 et
1586 5270 1813 5342 pOpUlO
1834 5269 1893 5325 in
1925 5270 2169 5342 interfe-

513 5345 673 5413 ctum
699 5355 737 5397 α
764 5342 1128 5410 Ραιεεοιορο.
1151 5356 1301 5413 puer
1322 5342 1533 5413 unicus
1557 5341 1617 5395 in
1636 5341 1876 5411 pueros,
1895 5341 2168 5413 obcaeca-

511 5416 610 5541 Ἇιιε
628 5411 688 5465 in
701 5413 1022 5468 sublatum.
1045 5410 1196 5477 Quid
1211 5413 1284 5467 de
1298 5411 1538 5484 reliquis
1550 5410 2019 5485 exspectandum
2039 5420 2127 5470 est
2142 5414 2169 5470 '2

596 5496 651 5538 L.

596 5496 651 5538 L.

532 5551 537 5555 ’
585 5553 699 5623 (62)
758 5557 951 5625 Τοῦτον
1006 5553 1192 5625 ’γάρμὴ
1279 5549 1512 5612 διαθήκη
1597 5552 1777 5608 ἐποίει.
1852 5554 2165 5625 Gregoras,

512 5638 574 5704 p:
616 5628 703 5692 62,
731 5623 987 5704 Georgio
1013 5623 1182 5680 addit
1225 5626 1559 5704 secundum
1598 5629 1945 5704 curatorem
1963 5623 2163 5704 _'_Arse4

510 5693 683 5753 nium
709 5693 1137 5777 patriarcham,
1169 5708 1354 5787 quem
1374 5695 1558 5778 tacuit
1580 5696 1941 5795 Acropolita.
1962 5699 2165 5775 Neque

2275 4581 2383 4638 nes
2412 4563 2979 4638 principes,‘plebeii
3010 4580 3255 4638 quoque
3276 4582 3397 4638 non
3429 4566 3695 4631 deerant,
3748 4583 3897 4623 con-

2275 4634 2728 4691 ﬂuxeratomnis
2742 4634 3051 4702 exercitus,
3069 4634 3187 4692 non
3202 4637 3414 4693 eadem
3428 4654 3639 4694 omnes
3652 4644 3891 4694 senten-

2276 4706 2377 4771 tia,
2401 4704 2743 4781 alii_luctum
2772 4705 3170 4781 praeferentes,
3192 4708 3289 4763 alii
3311 4724 3522 4764 necem
3566 4709 3890 4781 spirantes,

2276 4783 2333 4832 et
2350 4775 2519 4851 quod
2535 4792 2677 4831 sane
2696 4775 2956 4851 atrocius
2974 4785 3081 4851 est,
3105 4778 3249 4851 dum
3272 4781 3483 4851 hymni
3506 4775 3892 4836 concinerené

2274 4846 2390 4916 tur,
2419 4846 2509 4902 vel
2532 4855 2593 4903 ut
2609 4848 2947 4918 Aeropolita
2971 4846 3130 4911 dicit,
3155 4850 3299 4904 dum
3315 4846 3727 4906 sacrosanctae
3752 4853 3894 4906 mis-

2277 4935 2357 4973 sae
2380 4919 2736 4994 sacriﬁcium
2759 4918 3143 4994 offerreturAet
3160 4919 3356 4994 cultus
3373 4921 3615 4977 divinus
3636 4936 3894 4994 perage-

2275 4991 2876 5065 retur.Gregoras,p.
2924 4994 3009 5046 65.
3060 4990 3283 5047 Similia
3331 4999 3472 5048 sunt
3512 4990 3659 5065 quae’
3685 4990 3896 5051 narrat

2276 5061 2566 5117 Phranza.
2607 5066 2744 5115 ALL.

2487 5130 2553 5207 Oi
2582 5138 2706 5206 πρὸς
2728 5138 2818 5183 τοῦ
2847 5129 3108 5203 βασιλέως
3154 5136 3523 5207 κεκακωμένοι.
3578 5133 3894 5206 Pachym..

2275 5217 2335 5274 p.
2368 5206 2459 5270 '23,
2485 5205 2577 5270 ⁸24,
2595 5205 2685 5267 64,
2709 5207 2794 5274 65.
2817 5210 2960 5274 ᾼμ..

2347 5269 2457 5345 (67)
2488 5278 2589 5346 Καὶ
2619 5282 2732 5346 τών-
2765 5269 3001 5346 ἀδελφῶν
3056 5273 3215 5327 αὐτοῦ
3269 5274 3527 5330 αὐτοϐοεὶ.
3575 5277 3895 5346 Gregoras,

2276 5358 2336 5415 p.
2369 5344 2458 5415 66'.
2490 5345 2695 5399 Scriba
2720 5344 2816 5399 hic
2844 5344 2924 5399 ob
2967 5346 3412 5402 similitudinem
3470 5344 3893 5414 obtruncatus,

2276 5420 2340 5470 ut
2385 5414 2448 5470 id
2512 5430 2755 5492 quoque
2802 5415 2992 5470 obiter
3049 5419 3377 5492 advertam,
3407 5418 3894 5492 Tlieophylactus

2275 5487 2766 5561 nuncupabatur.
2783 5492 3028 5561 eratque
3046 5488 3243 5561 afﬁnis
3265 5489 3496 5561 Georgii
3513 5487 3893 5561 Pacdymerii

2272 5555 2561 5684 Ristori‘ci.
2593 5555 3031 5649 Audiamus—ab
3061 5560 3196 5634 ipso
3220 5559 3374 5618 libro
3402 5555 3620 5634 primo,
3671 5555 3735 5635 ᾖ).
3804 5565 3892 5617 59.

2322 5643 2410 5684 LL.

2322 5643 2410 5686 LL.
2995 5637 2999 5649 ’
