4124 6390
269 316 405 384 1181

1798 320 2122 378 ANNALES

3502 329 3640 386 1182

266 446 360 502 τὴν
409 442 608 500 σκηνὴν
662 438 688 490 ό
744 436 1237 512 πρωτοϐεστιάριος,
1281 442 1372 492 καὶ
1425 444 1519 498 τήν
1574 441 1724 494 ὁσίαν
1781 450 1873 495 τοῦ

1984 443 2301 502 vestiarius
2332 446 2574 512 cognita
2598 448 2994 508 multitudinis
3027 452 3356 525 irruptione
3391 451 3637 525 templo,

263 533 570 590 τεθνηκότος
621 525 882 601 βασιλέως
936 525 1182 602 ἐπλήρου.
1245 533 1396 589 Γνοὺς
1453 526 1540 581 οὖν
1589 532 1614 582 ό
1667 551 1876 606 πρωτο-

264 618 560 692 ϐεστιάριος
611 621 705 675 τὴν
760 613 945 688 ἔφοδον
997 624 1088 668 τοῦ
1145 617 1273 670 λαοῦ
1329 621 1542 692 ὥρμησε
1598 629 1688 672 τοῦ
1748 629 1873 674 ναοῦ

263 709 452 774 ἐξιέναι
500 728 512 741 ⁸
551 703 697 759 ἔνδον
725 708 824 778 γὰρ
875 702 935 764 ἧν
965 715 1062 768 τῆς
1094 709 1229 768 θείας
1257 713 1634 781 μυσταγωγίας
1699 710 1872 764 τελου-

261 803 424 872 μένης
480 797 891 872 έπακροώμενος.
939 795 1094 849 Ἀλλά
1152 817 1287 860 τινες
1350 806 1450 850 τῶν
1506 807 1603 861 τῆς
1677 799 1874 872 βουλῆς

266 887 469 948 ἐκείνης
524 888 878 960 συμπαρόντες
917 884 1080 955 αὐτῷ,
1147 883 1411 949 δείσαντες
1438 891 1510 960 μὴ
1579 887 1724 952 ἐξιὼν
1781 894 1870 942 καὶ

265 975 544 1050 ἓποχηθεὶς
599 973 815 1048 ἐντρέψη
857 979 1109 1047 καὶπρὸς
1164 975 1342 1028 ἑαυτὸν
1400 976 1745 1050 ἐφελκύσηται
1783 981 1870 1032 τὸν

261 1066 387 1120 λαὸν
439 1063 705 1119 κάντεῦθεν
759 1069 850 1117 καὶ
899 1065 1048 1117 αὐτοὶ
1101 1068 1399 1140 φωραθεῖεν,
1457 1071 1582 1140 πρὸς
1637 1069 1872 1143 ὁρκωμο-

266 1160 387 1219 σίας
415 1154 592 1231 ἐτίρας
645 1155 760 1224 (68)
818 1151 1070 1228 ἐχώρουν.
1112 1151 1256 1215 ’Ἤδη
1315 1159 1416 1232 γὰρ
1469 1164 1563 1210 τοῦ
1615 1155 1872 1230 βασιλέως

259 1249 388 1318 πρὸς
421 1247 514 1307 τὰς
547 1245 780 1316 ἐσχάτας
810 1247 953 1305 ὄντος
1002 1241 1262 1308 ἀναπνοὰς
1293 1242 1590 1318 Θεοδώρου,
1649 1252 1737 1300 καὶ
1776 1256 1871 1312 τῆς

258 1329 528 1396 διαθήκης
585 1332 652 1394 εἰς
690 1330 909 1391 ἐπήκοον
961 1334 1164 1385 πάντων
1215 1333 1646 1407 ἀναγνωσθείσης
1685 1336 1869 1404 αὑτοῦ,

257 1421 543 1496 ὀμνύουσιν
597 1420 820 1484 ἅπαντες
859 1423 926 1472 τὰ
969 1416 1352 1495 διατεταγμένα
1401 1431 1472 1494 τῷ
1527 1421 1737 1496 βασιλεί
1771 1446 1870 1498 φυ-

254 1510 414 1575 λάξαι
492 1507 886 1586 ἁπαραποίητα.
962 1507 1089 1563 Εἶτα
1135 1516 1227 1564 καὶ
1289 1514 1420 1584 μετὰ
1469 1516 1526 1566 τό
1584 1512 1871 1566 ἁποϐιώναι

255 1599 415 1653 πάλιν
443 1597 724 1672 ὀμνύουσιν
759 1597 843 1652 ἐπὶ
881 1607 990 1661 τοῖς
1022 1599 1221 1663 αὐτοῖς.
1251 1602 1437 1673 Τρίτον
1475 1598 1562 1653 οὖν
1617 1599 1724 1661 ἤδη
1778 1599 1872 1657 διὰ

256 1689 329 1740 τὰ
385 1692 732 1763 προειρημένα
774 1689 949 1764 ὅρκοις
1009 1693 1099 1740 καὶ
1151 1691 1440 1752 συνθήκαις
1495 1687 1869 1763 ἐμπεδωθέντες

1981 533 2041 588 in
2063 549 2186 606 quo
2198 533 2414 591 divinae
2437 538 2834 606 mystagogiaa
2858 555 3094 596 sacrum
3108 541 3411 610 audiebat,
3435 541 3640 610 egredi

1982 627 2252 677 conatur.
2289 623 2402 678 Sed
2425 623 2677 696 quidam
2701 626 2929 682 consilii
2959 643 3029 684 ac
3050 628 3332 685 facinoris
3353 629 3634 697 fautores,

1980 711 2080 782 qui
2113 727 2250 767 cum
2283 727 2353 767 eo
2383 719 2572 781 erant,
2608 713 2885 770 timentes
2915 733 2989 772 ne
3021 733 3132 772 suo
3171 717 3331 774 exitu
3360 734 3517 792 equo
3546 719 3636 774 in-

1981 798 2185 855 sidens
2217 800 2612 857 multitudinis
2642 803 2882 860 animos
2917 804 3141 862 illectos
3184 805 3299 862 sibi
3327 808 3639 863 consocia-

1980 891 2087 953 ret,
2156 888 2415 962 indeque
2453 890 2723 963 ipsorum
2773 893 3028 966 perfidia
3077 893 3512 967 propalaretur,
3559 894 3640 952 ad

1979 991 2206 1032 novum
2226 977 2649 1049 jusjurandum
2677 980 3020 1052 adiguntur.
3044 986 3194 1039 Nam
3213 999 3351 1038 cum
3376 983 3642 1040 Theodo-

1979 1081 2080 1120 rus
2113 1065 2436 1139 imperator
2457 1072 2792 1126 extremum
2823 1071 3098 1144 spiritum
3133 1076 3335 1141 ageret
3378 1077 3436 1128 et
3484 1070 3641 1127 illius

1979 1153 2402 1212 testamentum
2435 1156 2719 1212 omnibus
2761 1159 3145 1215 audientibus
3170 1165 3637 1233 percurreretur,

1981 1243 2237 1299 universi
2279 1261 2406 1300 sese
2429 1245 2828 1317 jurejurando
2880 1247 2961 1304 ad
3011 1251 3219 1305 omnia
3263 1248 3642 1322 imperatoris

1983 1333 2269 1389 mandata
2301 1334 2426 1388 sine
2454 1333 2576 1390 ulla
2607 1335 3026 1392 immutatione
3055 1338 3474 1394 conservanda
3504 1353 3643 1394 con-

1980 1421 2357 1478 strinxerant.
2404 1426 2690 1480 Praeterea
2730 1431 3057 1498 postquam
3091 1427 3363 1482 animam
3395 1425 3639 1496 efﬂavit,

1980 1527 2090 1582 pro
2111 1511 2321 1567 iisdem
2336 1519 2767 1570 sacramentum
2787 1514 3094 1571 iterarunt.
3116 1515 3373 1572 Tertium
3396 1520 3643 1588 propter

1973 1600 2104 1671 jam
2131 1599 2289 1657 dicta
2318 1617 2477 1657 novo
2501 1602 2897 1674 jurejurando
2926 1608 2983 1660 et
3008 1603 3390 1675 pactionibus
3421 1603 3639 1661 astricti

1978 1689 2430 1760 protovestiario
2461 1691 2734 1750 suadent,
2777 1696 2837 1746 ut
2867 1707 2987 1748 una
3017 1708 3154 1747 cum
3186 1692 3363 1748 fratre
3391 1708 3500 1747 suo
3525 1696 3640 1747 An-

254 1777 504 1829 πείθουσι
558 1779 644 1829 τόν
682 1775 1152 1851 πρωτοϐεστιάριον
1207 1779 1560 1832 συνίστασθαι
1607 1787 1697 1832 τοῦ
1743 1789 1868 1834 ναοῦ

1984 1777 2246 1848 dronico,
2279 1780 2485 1849 magni
2500 1779 2811 1836 domestici
2838 1797 3084 1837 munere
3109 1781 3416 1852 insignito,
3440 1785 3497 1836 et
3515 1795 3640 1836 ma-

255 1867 468 1938 σύναμα
511 1872 584 1938 τῷ
624 1862 829 1939 ἀδελφῷ
884 1865 1046 1919 αὐτοῦ
1095 1861 1434 1939 Ἀνδρονίκῳ,
1483 1873 1576 1927 τὴν
1629 1877 1722 1922 τοῦ
1775 1889 1866 1941 με·

249 1953 416 2026 γάλου
444 1949 762 2028 δομεστίκου
817 1953 963 2018 ἀξίαν
1017 1959 1358 2028 τετιμημένῳ,
1413 1961 1502 2009 καὶ
1552 1965 1627 2028 τῷ
1678 1964 1868 2033 πρώτῳ

258 2043 422 2096 αὑτοῦ
467 2040 694 2116 ἀδελφῷ,
741 2043 798 2106 ὃς
843 2048 934 2096 καὶ
988 2048 1393 2116 πρωτοκυνηγός
1442 2050 1710 2119 τετίμητο.
1780 2047 1869 2110 Ὠς

254 2129 318 2186 δε
347 2135 406 2185 τὸ
437 2132 638 2196 πλῆθος
665 2128 806 2186 εἶδον
855 2141 1070 2206 γυμνοῖς
1118 2142 1229 2195 τοῖς
1285 2133 1460 2206 ξίφεσι
1518 2135 1635 2188 κατ’
1698 2135 1866 2189 αὐτῶν

258 2220 766 2295 χωροῦντας,’ἕντός
827 2221 1070 2295 εἰσῄεσαν
1109 2229 1202 2275 τοῦ
1257 2224 1393 2297 ἱεροῦ
1439 2222 1682 2298 βήματος
1729 2225 1863 2297 ι69),

255 2314 351 2362 καὶ
428 2313 524 2369 τὴν
592 2317 796 2383 παναγῆ
876 2310 1315 2386 περιπτυξάμενοι
1384 2313 1646 2386 τράπεζαν
1704 2312 1869 2368 ἐκεῖσε

259 2398 443 2472 ξίφους
468 2401 614 2474 ἔργον
644 2403 968 2471 γεγένηνται,
999 2397 1139 2473 μηδὲ
1176 2402 1306 2473 μετὰ
1360 2404 1447 2453 τόν
1498 2406 1646 2475 φονόν
1697 2397 1867 2456 οἶκτον

257 2487 519 2541 λαϐόντων
546 2497 644 2540 τῶν
676 2498 927 2561 φονευτῶν
961 2510 973 2522 ·
1004 2497 1236 2542 τοιοῦτον
1283 2492 1382 2566 γὰρ
1410 2510 1498 2543 τον
1543 2494 1704 2564 θυμόν
1751 2491 1869 2565 (70)

259 2579 288 2631 ό
317 2577 441 2638 λαὸς
470 2577 610 2640 ἅπας
639 2574 926 2641 ἐνεδείξατο
963 2579 1081 2630 κατ’
1134 2579 1324 2649 αὐτῶν,
1377 2581 1512 2632 ὥστε
1571 2585 1662 2634 καὶ
1714 2580 1871 2653 μελη-

262 2663 358 2719 δὸν
390 2663 724 2741 διατεμόντες
769 2667 946 2734 αύτόν,
981 2665 1171 2741 μᾶλλον
1203 2664 1262 2720 δὲ
1286 2670 1422 2721 κατὰ
1479 2669 1669 2742 ἄρθρα,
1719 2671 1748 2728 ἣ
1781 2673 1872 2723 καὶ

262 2759 465 2830 σμικρὰ
516 2763 616 2808 τῶν
677 2763 884 2828 σαρκῶν
942 2752 1198 2818 διελόντες
1248 2759 1484 2830 τεμάχια
1539 2759 1758 2819 ἕκαστος
1812 2759 1872 2810 τὸ

261 2843 455 2897 οἰκεῖον
508 2853 693 2918 τμῆμα
728 2852 932 2919 κρατῶν
979 2853 1071 2906 τῆς
1132 2845 1413 2920 ἐπιθυμίας
1466 2845 1869 2923 ἐνεφορήθησαν.

265 2937 371 2986 Καὶ
399 2941 568 2986 ταῦτα
595 2936 686 3005 μεν
717 2941 950 2986 τοιοῦτον
979 2937 1108 3007 ἔσχε
1128 2937 1215 2987 τὸν
1245 2940 1454 3009 τρόπον.

342 3020 450 3085 ος’.
493 3023 560 3073 Οἱ
599 3016 656 3073 δε
683 3030 775 3075 τοῦ
804 3021 1096 3095 ’Ῥωμαίκοῦ
1148 3022 1379 3087 πλήθους
1429 3025 1476 3060 ⁸⁸
1507 3024 1640 3077 οἵτε
1666 3032 1767 3076 τῶν
1824 3022 1875 3077 ἓν

1973 1867 2102 1938 jore
2133 1866 2248 1922 alio
2269 1867 2468 1938 fratre,
2498 1869 2602 1941 qui
2636 1872 3082 1940 protocynegus
3126 1874 3272 1934 erat,
3328 1868 3636 1925 mordicus

1977 1955 2203 2028 templo
2258 1955 2713 2012 adhaeresceret.
2768 1957 2882 2013 Sed
2933 1957 3381 2014 multitudinem
3423 1958 3640 2013 strictis

1978 2043 2225 2100 ensibus
2251 2044 2574 2100 adversum
2607 2063 2668 2100 se
2698 2046 3024 2102 irruentem
3054 2045 3250 2101 intuiti
3280 2061 3408 2102 sese
3438 2045 3499 2101 in
3548 2062 3642 2102 sa-

1977 2134 2238 2189 crarium
2292 2133 2624 2201 conferunt,
2691 2137 2748 2191 et
2801 2133 3259 2191 immaculatam
3317 2133 3642 2208 amplexati

1979 2237 2253 2277 mensam
2278 2219 2733 2288 obtruncantur,
2755 2238 2890 2278 cum
2917 2238 3112 2298 neque
3128 2227 3266 2296 post
3283 2237 3490 2278 necem
3511 2238 3643 2295 par.-

1977 2309 2300 2366 ricidarum
2333 2311 2569 2368 animos
2621 2311 2697 2368 ad
2750 2311 3228 2368 misericordiam
3277 2311 3637 2369 allexissent.

1976 2403 2282 2472 Tantaque
2307 2399 2568 2474 populus
2595 2399 2793 2457 furore
2824 2399 3088 2470 insaniit,
3120 2405 3186 2457 ut
3235 2415 3307 2457 eo
3336 2401 3641 2458 membra-

1979 2487 2082 2545 tim
2110 2489 2303 2545 diviso
2343 2490 2462 2546 sive
2493 2489 2690 2562 potius
2720 2489 2780 2546 in
2828 2489 3110 2546 articulos
3169 2495 3273 2546 aut
3320 2489 3642 2547 minutissi-

1981 2593 2112 2634 mas
2143 2577 2338 2633 carnis
2397 2578 2720 2650 particulas
2758 2578 3080 2651 discerpto,
3112 2579 3461 2652 quicunque
3502 2593 3641 2650 pro-

1979 2668 2177 2740 prium
2207 2666 2463 2721 frustum
2492 2683 2671 2722 manu
2702 2672 2912 2723 tenens
2966 2682 3078 2740 pro
3130 2666 3378 2724 libidine
3407 2672 3642 2724 exsatu-

1982 2755 2091 2812 rati
2123 2756 2258 2812 sint.
2292 2757 2362 2811 Et
2388 2755 2516 2812 haec
2545 2755 2792 2828 quidem
2825 2755 2910 2811 sic
2939 2770 3209 2812 evenere.

2063 3023 2230 3096 167
2262 3028 2350 3080 76.
2385 3023 2608 3080 Verum
2638 3039 2709 3079 ex
2739 3025 3012 3080 Romano
3042 3021 3268 3096 populo
3298 3027 3424 3079 tum
3454 3022 3515 3079 in
3545 3021 3641 3079 di-

266 3107 404 3162 τέλει
445 3114 533 3161 καὶ
591 3112 638 3162 οἱ
696 3118 796 3163 τῶν
850 3121 1241 3185 στρατιωτικῶν
1289 3115 1566 3186 ταγμάτων
1625 3117 1718 3165 σὺν
1770 3119 1878 3176 τοῖς

1985 3113 2204 3182 gnitate
2230 3113 2526 3168 constituti
2555 3116 2684 3169 tum
2738 3113 3082 3168 militarium
3143 3111 3478 3168 cohortium
3534 3111 3641 3168 du-

264 3203 480 3251 καὶτοῦ
511 3200 649 3271 ἱεροῦ
693 3199 986 3272 καταλόγου
1038 3199 1348 3276 (συμπαρῆν
1399 3203 1500 3274 γὰρ
1557 3201 1730 3264 αὐτοῖς
1785 3209 1876 3254 καὶ

1984 3205 2199 3268 ctores,
2227 3207 2284 3257 et
2311 3217 2449 3256 cum
2477 3203 2560 3256 eis
2587 3201 2743 3257 sacri
2774 3207 3017 3258 senatus
3045 3201 3364 3274 principes,
3395 3199 3643 3274 quibus-

263 3285 293 3339 ό
347 3304 692 3362 πατριαρχης
749 3293 862 3361 (71)
919 3294 1009 3342 καὶ
1058 3299 1159 3342 τῶν
1233 3293 1640 3364 ἐπιφανεστέρων
1695 3289 1877 3368 ἀρχιε-

260 3380 393 3450 ρέων
445 3376 600 3450 τινες)
679 3377 867 3450 σκέψιν
941 3377 1246 3438 ἐπεποίηντο
1315 3386 1437 3453 περὶ
1511 3389 1611 3432 τῶν
1693 3388 1876 3433 κοινῶν

1984 3307 2122 3347 cum
2155 3306 2276 3346 una
2302 3295 2358 3346 et
2380 3290 2721 3362 patriarcha
2745 3295 2801 3346 et
2820 3291 3215 3346 celebriorum
3247 3289 3619 3364 archiepisco

1983 3394 2202 3453 porum
2259 3379 2550 3452 plerique,
2599 3379 2675 3436 de
2701 3379 2879 3435 rebus
2910 3379 3167 3452 publicis
3207 3379 3640 3447 consultarunt,

336 3502 432 3557 ⁸⁵1)
462 3519 475 3556 :
508 3507 610 3555 Καὶ
644 3503 780 3554 οὕτω
814 3503 1141 3565 συνελθόντες
1161 3503 1280 3580 ῥίμα
1307 3513 1380 3576 τῷ
1427 3507 1545 3578 ἱερῷ
1595 3505 1867 3578 καταλόγῳ
1917 3509 2008 3557 καὶ
2065 3511 2139 3574 τῷ
2173 3505 2529 3580 ,πατριάρχη-
2554 3503 2738 3576 σκέψιν
2798 3505 2972 3580 ἔθεντο
3029 3507 3088 3557 τό
3137 3509 3214 3565 τίς
3257 3502 3318 3558 ἂν
3367 3507 3445 3562 εἴη
3496 3504 3643 3580 οξξιος

260 3576 384 3648 περὶ
409 3577 501 3630 τήν
549 3583 732 3626 κοινῶν
782 3578 1102 3648 πραγμάτων
1149 3571 1184 3628 δ
1189 3571 1435 3634 ιοίκησιν.
1469 3571 1848 3648 ’Ἡρωτοῦντδ
1886 3584 2027 3648 γοῦν,
2088 3571 2136 3628 οἱ
2166 3571 2592 3648 ξΡωμαῖόιξεῖτα
2631 3571 2864 3648 Λατῖνοι,
2924 3572 3038 3628 εἶτα
3068 3577 3282 3644 Σκύθαι,
3330 3580 3420 3648 καὶ
3456 3577 3646 3638 πάντες

261 3629 354 3696 τὸν
384 3650 645 3732 Κομνηνον
676 3629 1012 3732 Μιχάὴίτὸν
1062 3646 1413 3719 Παλαιολόγον
1470 3629 1704 3732 ἐπέλεγον
1763 3653 1852 3700 καὶ
1894 3629 2005 3700 1τοῦ
2053 3629 2278 3708 παιδὸς.
2305 3629 2588 3732 ἐπίτροπον
2650 3644 2778 3732 εἶναι
2821 3629 2910 3698 καὶ
2956 3655 3056 3698 τῶν
3108 3629 3291 3698 κοινῶν
3345 3642 3638 3704 διοικητήν.

265 3721 372 3769 Καὶ
401 3715 468 3778 ὡς
495 3715 544 3768 ἐν
578 3715 945 3791 ὀλίγῳταινίᾳ
976 3715 1263 3792 δεσποτικῇ
1293 3715 1450 3771 αύτόν
1483 3715 1763 3787 ἀναδοῦσι,
1791 3725 1881 3772 καὶ
1918 3721 2051 3791 μετὰ
2089 3722 2276 3792 μικρὸν
2307 3718 2376 3779 εἰς

2461 3718 2688 3770 ασίλειον
2719 3717 2930 3790 ἀνήχθη
2959 3722 3249 3791 περιωπήν.

1157 3839 1497 3911 Theodori
1548 3843 1798 3909 Dousae
1849 3851 1913 3909 et
1962 3841 2210 3909 Leonis
2258 3840 2492 3908 Allatii
2545 3851 2748 3910 notae.

348 3953 621 4032 (58)}196c
659 3957 994 4032 ὁρκωμοσίας
1050 3957 1239 4032 ἑτέρας.
1311 3959 1472 4032 certe
1521 3958 1570 4012 si
1610 3974 1868 4032 usquam

270 4023 449 4100 alias,
473 4023 587 4082 hoc
613 4023 766 4100 certe
784 4023 896 4083 ἀενὶ
927 4023 1143 4084 σι’ωοῙέ
1164 4028 1325 4084 hisce
1343 4023 1872 4100 jusjurandu'mlu-

267 4096 386 4172 dus
412 4104 522 4172 est.
549 4104 606 4154 et
631 4098 832 4168 jurare
845 4100 1062 4172 saepius
1092 4096 1360 4170 pejeraré
1371 4096 1544 4172 fuerit
1566 4117 1578 4162 ;
1594 4100 1614 4170 j
1628 4104 1869 4172 urarunt

267 4168 568 4251 siquidem
595 4183 868 4251 proceres
899 4168 1193 4251 concertis
1226 4171 1432 4251 verbis
1450 4187 1521 4226 ex
1576 4168 1873 4251 sententia

1979 3973 2046 4039 se
2067 3957 2274 4038 omuia
2312 3961 2437 4012 tuta
2463 3973 2600 4029 quas
2630 3957 3366 4039 imperatorprasceperet,
3398 3961 3454 4012 et
3479 3955 3644 4039 cordi

1981 4027 2092 4083 sibi
2124 4044 2256 4082 esse
2291 4043 2464 4101 aeque
2482 4027 2566 4084 _ac
2596 4027 3242 4101 propriamMuzalonis
3268 4027 3473 4101 vitam.
3500 4028 3643 4084 Hinc

1981 4115 2104 4154 non
2137 4099 2319 4154 semel
2363 4098 2470 4154 sed
2502 4098 2728 4171 saepius
2750 4115 2810 4154 se
2839 4099 3122 4169 religione
3154 4098 3600 4171 obstrinxerant
3628 4114 3642 4154 :

1983 4176 2039 4226 et
2059 4176 2252 4242 tamen
2275 4186 2411 4225 cum
2437 4186 2529 4226 res
2550 4169 2681 4242 ipsa
2707 4176 2944 4242 cogeret
2993 4171 3117 4225 sive
3138 4169 3411 4242 vindictae
3439 4169 3646 4242 studio

263 4239 670 4334 imperatoris,
701 4249 1028 4313 antequam
1059 4242 1154 4297 ille
1184 4247 1532 4334 moreretur,
1563 4259 1627 4334 se
1665 4244 1873 4297 omnia
1910 4280 1953 4334 Β
1984 4242 2108 4334 sivf
2137 4241 2277 4322 odio
2320 4242 2444 4334 sive
2476 4239 2767 4334 neglectu,
2793 4239 3051 4334 :utinam
3095 4256 3219 4334 nLon
3267 4239 3532 4334 impulsul
3589 4243 3647 4296 et

265 4312 348 4367 ad
382 4313 675 4384 amussim
707 4312 1048 4384 servaturos
1093 4329 1230 4384 quas
1279 4314 1372 4368 ille
1402 4317 1462 4368 in
1521 4318 1874 4368 testamento

265 4383 752 4456 praescripserat;
776 4383 992 4438 deinde
1023 4383 1224 4440 statim
1255 4391 1394 4456 post
1441 4385 1588 4456 pejus
1638 4385 1871 4439 obitum

266 4453 558 4525 pejerant.
586 4457 732 4525 Nam
746 4469 881 4510 cum
909 4471 972 4510 se
1001 4453 1696 4525 cognosc—eretobrerum
1713 4459 1870 4510 novi-

268 4524 466 4599 tatem
477 4524 825 4599 proceribus
855 4524 1113 4599 invisum
1132 4526 1416 4592 Muzalon,
1439 4528 1543 4599 qui
1567 4526 1875 4599 dignitatis

267 4594 430 4650 illius
443 4594 752 4665 fastigium
765 4612 924 4665 aagre
941 4597 1230 4665 ferebant,
1247 4614 1386 4653 cum
1401 4594 1568 4653 multi
1581 4594 1875 4654 es'sentad

268 4679 430 4740 quos
443 4661 889 4740 simulettute‘la
908 4670 1073 4740 pueri
1103 4673 1160 4740 et
1179 4661 1409 4740 imperii
1441 4668 1876 4724 administratio

271 4738 467 4810 magis
489 4738 807 4810 pertineret
836 4738 1178 4795 convocatis
1214 4738 1498 4795 omnibus
1519 4740 1580 4794 in
1650 4740 1875 4795 curiam

269 4808 570 4864 submisse
591 4809 675 4864 eis
695 4809 1213 4878 collocutus,baud
1225 4815 1465 4865 obstare
1481 4810 1792 4865 subintulit
1814 4827 1877 4865 se

270 4886 400 4934 tum
420 4880 650 4952 imperii
673 4881 1191 4937 administratione
1211 4885 1338 4937 tum
1359 4880 1542 4936 tutela
1562 4881 1730 4952 pueri
1753 4897 1876 4936 ces-

272 4966 508 5006 surum.
543 4951 820 5024 Proceres
843 4952 1023 5008 simul
1046 4951 1213 5024 _velut
1228 4967 1298 5007 ex
1326 4951 1664 5024 composito
1709 4952 1770 5007 id
1788 4967 1874 5007 re-

268 5029 578 5088 cusarunt,
592 5022 824 5096 jusque
839 5021 1173 5096 jurandum
1190 5025 1385 5096 priore
1407 5021 1673 5096 sanctius
1696 5024 1877 5079 datur

270 5100 468 5166 tum‘a
508 5092 821 5166 nobilibus
840 5092 968 5150 tum
999 5110 1035 5166 a
1062 5092 1235 5166 plebe
1262 5093 1496 5149 militari
1523 5095 1790 5166 :sibique
1816 5099 1874 5150 et

269 5163 513 5238 familiae
527 5180 650 5220 sua:
661 5163 1164 5238 quilibetexitium
1179 5166 1605 5238 imprecantur,
1627 5163 1870 5238 utquod

261 5235 572 5316 jurassent
583 5235 787 5316 san—ste
799 5242 1162 5316 servassent.
1207 5235 1281 5293 ac
1293 5236 1616 5316 .Mtizalonis
1631 5235 1870 5292 tutelam

266 5306 648 5386 imperatoris
661 5306 938 5386 veroﬁlio
951 5308 1031 5363 im
1039 5322 1113 5379 pe
1121 5308 1274 5364 rium
1289 5308 1643 5386 insidiarum
1657 5321 1872 5386 expers

268 5383 326 5432 et
355 5377 710 5450 inviolatum
737 5379 815 5435 ad
842 5377 1087 5450 omnem
1110 5380 1515 5450 posteritatem
1545 5377 1870 5434 tuerentur.

268 5450 421 5530 gum
449 5448 735 5530 deinceps
761 5449 1054 5530 exercitus
1179 5450 1528 5530 ecclesiam
1565 5455 1765 5530 rueret
1815 5455 1874 5504 et

268 5518 481 5576 timore
509 5518 771 5592 percitus
819 5520 1042 5578 Muzalo
1081 5520 1237 5592 elabi
1292 5527 1629 5588 conaretur,
1689 5520 1870 5576 iidem

267 5605 482 5676 omnes
510 5591 715 5676 simul,
736 5606 811 5648 ne
840 5592 936 5676 ille
955 5591 1269 5676 egrediens
1292 5592 1515 5676 templo
1548 5593 1724 5676 saluti
1747 5607 1871 5676 suas

265 5660 626 5748 provideret,
653 5660 856 5721 denuo
878 5660 1309 5748 jusjurandum
1331 5660 1698 5738 adjecerunt,
1722 5661 1872 5744 velle

1985 4312 2505 4384 adhortationibus
2523 4313 2662 4384 jura
2681 4312 2889 4366 divina
2916 4319 3094 4384 atque
3119 4312 3390 4384 humana
3418 4312 3645 4384 violan-

1985 4390 2094 4455 tes,
2122 4383 2373 4438 necibus
2397 4383 2766 4455 Muzalonum
2817 4382 3034 4455 manus
3060 4382 3298 4455 dedere.
3331 4382 3480 4438 Vide
3508 4398 3645 4455 quae

1984 4454 2176 4526 dehis
2201 4454 2594 4510 sacramentis
2616 4459 2674 4509 et
2697 4453 3208 4510 exsecrationibus
3229 4459 3453 4526 praeter,
3472 4453 3642 4508 Acro-

1983 4525 2236 4606 politam
2273 4526 2537 4582 referunt
2575 4527 2888 4595 Gregoras,
2931 4526 3195 4580 Pbranza
3231 4525 3288 4581 et
3325 4525 3646 4596 Pachyme-

2349 4669 2486 4748 ἱεροῦ
2527 4665 2788 4748 βήματος.
2855 4665 3009 4748 Quid
3064 4666 3239 4748 fuerit
3296 4664 3470 4748 papa“,
3511 4665 3646 4722 vide

1985 4738 2353 4793 Glossarium
2386 4738 2618 4793 Meursii
2674 4738 2732 4792 in
2788 4739 3053 4805 πρόθεσις.
3086 4738 3306 4795 DOUBA.
3330 4738 3402 4778 €—
3431 4739 3645 4806 Grego-

1985 4823 2104 4878 ras,
2135 4808 2238 4881 lib.
2274 4824 2352 4881 ut,
2371 4824 2440 4881 γρ.
2465 4813 2554 4865 65.
2589 4809 2754 4881 Paria
2777 4815 2917 4881 sunt
2940 4824 3077 4881 quae
3103 4809 3279 4864 nobis
3298 4809 3404 4864 dat
3422 4809 3647 4881 APhran-

1984 4895 2052 4935 za
2085 4897 2097 4933 :
2139 4879 2246 4934 sed
2275 4879 2527 4950 hujusce
2556 4880 2639 4935 rei
2679 4879 3035 4950 tragoediam
3090 4881 3279 4935 multo
3319 4879 3534 4934 melius
3573 4893 3645 4933 ac

1984 4951 2174 5006 fusius
2247 4951 2628 5024 prosequitur
2678 4951 3120 5024 Pachymerius,
3165 4950 3274 5008 lib.
3341 4965 3378 5016 ι,
3430 4965 3490 5021 p.
3543 4953 3635 5005 55.

1981 5027 2171 5165 AI‘(Ii.0)
2230 5099 2475 5168 Τοιοῦτον
2538 5095 2641 5168 γὰρ
2670 5094 2984 5168 τὸν-θυμόν.
3036 5095 3260 5168 Causas
3315 5091 3467 5146 tanti
3521 5090 3644 5146 odii

1981 5163 2252 5236 recenset
2282 5163 2732 5236 Pachym’er'ius.
2773 5163 2874 5219 lib;
2906 5180 2946 5236 ι,
2979 5165 3159 5236 p.54.
3194 5164 3332 5236 ALL.

2053 5233 2170 5305 (7t;
2219 5233 2547 5292 Trucidatis
2573 5237 2696 5306 jam
2750 5233 3157 5291 Muzalonibus
3211 5240 3270 5290 et
3313 5234 3516 5304 inepto
3565 5233 3642 5288 ad

1982 5305 2408 5378 imperandum
2432 5305 2660 5378 Joanne
2690 5309 3014 5362 immatura
3040 5306 3240 5361 adhuc
3264 5311 3457 5367 aetate,
3484 5319 3646 5376 quaa-

1981 5377 2130 5432 ritur
2160 5379 2238 5450 ab
2277 5377 2559 5433 omnibus
2587 5379 2692 5450 qui
2730 5378 3054 5450 imperium
3091 5382 3277 5450 regat,
3327 5382 3642 5450 nutantem

1983 5449 2388 5530 principatum
2411 5447 2714 5519 sustentet,
2745 5447 2854 5503 nec
2883 5449 3048 5503 oneri
3072 5449 3245 5529 cedat
3277 5466 3290 5516 ;
3314 5463 3425 5503 nec
3447 5447 3645 5519 aptior

1983 5520 2280 5575 indicatur
2319 5520 2594 5576 Michaele
2625 5519 2986 5576 Palmolozo.
3028 5520 3168 5574 Vide
3217 5521 3542 5576 Greaoram
3587 5521 3645 5574 et

1981 5526 2280 5575 indicatur
2319 5526 2594 5576 Michaele
2625 5526 2986 5588 Pataaologo.
3029 5526 3168 5574 Vide
3217 5526 3542 5588 Gregoram
3587 5526 3640 5574 et

1983 5591 2339 5664 Phranzam.
2373 5591 2799 5662 Pachymerius
2823 5606 3071 5664 quoque
3099 5590 3263 5647 hisce
3293 5590 3483 5646 fusius
3513 5603 3640 5654 rem

1980 5663 2379 5754 prosequitur.
2396 5667 2534 5720 ALL.
