4124 6390
223 304 366 362 1189

1740 300 2085 369 ANNALES.

3460 300 3605 373 uio

222 435 290 497 δή
326 456 487 505 τινος,
523 432 716 496 πολλῆς
753 440 848 495 τῆς
910 428 1108 494 ἡδονῆς
1162 430 1536 506 ἐμφορούμενον
1581 439 1672 486 καὶ
1723 432 1830 487 ἐπὶ·

1940 434 1991 489 ri
2007 448 2219 490 omnes
2230 438 2524 507 poterant.
2542 438 3068 504 Quemadmodum
3089 437 3274 506 enim,
3297 436 3447 496 dum
3468 438 3607 511 quis

219 535 418 602 χαῖρον
449 532 555 585 τοίς
588 524 927 598 πράγμασιν.
956 520 1159 595 Ὠσπερ
1196 524 1295 593 γὰρ
1321 541 1402 583 τις
1460 519 1514 573 ἐκ
1570 527 1830 596 σκοτομή-

218 638 315 680 νης
370 614 591 689 βαθείας
682 613 791 682 (80)
884 611 958 672 εἰς
1008 611 1376 684 καθαρώτατον
1443 610 1592 669 ἡλίου
1646 616 1834 684 φέγγος

220 706 406 763 ἐπέλθη
430 708 461 762 ἦ
489 706 579 755 καὶ
606 700 708 752 ἀπο
739 697 1007 759 κλύδωνος
1063 700 1130 759 εἰς
1158 699 1386 770 γαλήνην
1416 700 1445 758 ἣ
1517 698 1573 751 ἐκ
1633 709 1831 772 χειμῶ-

218 815 304 857 νος
364 792 436 855 εἰς
496 794 585 865 ἔαρ
653 792 684 849 ἦ
743 788 810 848 εἰς
855 792 1098 860 νηνεμίαν
1138 785 1192 839 ἐκ
1253 786 1517 848 λαίλαπος,
1583 786 1684 839 κάκ
1736 798 1831 851 τῆς

217 882 413 943 πολλῆς
450 879 592 941 ἀνίας
638 878 1008 951 μεταμειφθείη
1056 875 1123 937 εἰς
1160 871 1379 942 ἡδονήν,
1450 876 1612 937 οὕτως
1668 876 1828 930 ἀπαν-

219 992 307 1034 τες
349 971 654 1041 ἐπεγάνυντο
714 971 804 1019 καὶ
857 965 1106 1039 ἐσκίρτων
1156 965 1239 1037 ὑφ’
1297 961 1510 1031 ἡδονῆς,
1574 973 1667 1027 τῆς
1702 984 1826 1039 προ-

219 1067 373 1138 τέρας
423 1058 811 1130 ἐπιλελησμένοι
856 1054 1210 1130 ἀλγεινοτέρας
1256 1074 1347 1106 και
1394 1061 1582 1130 πικρᾶς
1633 1052 1828 1127 διαγω-

220 1159 334 1224 γῆς,
377 1151 443 1202 Οἱ
473 1152 563 1220 μὲν
593 1147 682 1199 οὖν
703 1145 751 1198 ἐν
781 1153 844 1204 τῆ
872 1151 1262 1197 Κωνσταντινου
1290 1144 1435 1197 πόλει
1466 1150 1683 1198 Λατῖνοι
1711 1144 1825 1215 (81)

219 1242 349 1293 καὶὸ
379 1239 430 1291 ἐν
456 1237 635 1296 αὐτοῖς
660 1237 809 1306 τάχα
857 1231 1148 1306 βασιλεύων
1189 1230 1498 1295 Βαλδουῖνος
1549 1232 1826 1309 πρεσϐείαν

219 1332 452 1382 ἔστειλαν
481 1330 609 1399 πρός
637 1328 724 1377 τόν
765 1321 1010 1396 βασιλέα,
1070 1323 1335 1396 ύπέρογκά
1381 1340 1499 1375 τινα
1558 1326 1828 1386 ζητοῦντες

218 1422 308 1472 καὶ
376 1419 578 1470 ατόπων
663 1414 787 1465 ὂντα
1061 1420 1515 1485 καταφρονητικῶς
1560 1415 1662 1486 γὰρ
1714 1408 1830 1464 δια·

218 1511 446 1567 τεθέντες
474 1508 606 1581 πρὸς
642 1507 727 1556 τὸν
756 1500 981 1575 βασιλέα
1010 1504 1079 1561 ως
1098 1509 1186 1552 νῦν
1248 1510 1343 1562 τῆς
1393 1499 1570 1573 ἀρχῆς
1620 1501 1830 1575 ἁψάμε-

222 1618 309 1650 νον
343 1595 560 1669 βαρείας
586 1595 677 1653 τὰς
706 1603 715 1607 ’
749 1592 1000 1652 ζητήσεις
1052 1589 1277 1643 ἐποίουν.
1338 1594 1438 1643 Καὶ
1480 1598 1683 1663 πρῶτον
1741 1593 1831 1663 μὲν

224 1685 451 1760 ἤρξαντο
484 1680 584 1735 ἀπὸ
615 1689 709 1744 τῆς
738 1679 932 1741 πόλεως
976 1677 1363 1738 Θεσσαλονίκης
1417 1679 1683 1730 ποιεῖσθαι
1738 1682 1832 1739 τήν

224 1775 474 1839 ζήτησιν,
539 1771 619 1823 ἵνα
654 1770 915 1845 παράσχη
942 1770 1136 1826 ταύτην
1166 1769 1374 1827 τούτοις
1402 1768 1427 1818 6
1469 1765 1715 1840 βασιλεύς
1744 1770 1834 1821 καὶ

221 1870 404 1916 πᾶσαν
432 1865 526 1919 τήν
557 1858 717 1917 ᾱᾶλην
742 1863 927 1932 χώραν
977 1858 1113 1929 ἄχρι
1154 1859 1245 1908 καὶ
1290 1863 1382 1916 τῆς
1442 1861 1832 1910 Κωνσταντίνου

219 1951 407 2013 αὐτῆς.
434 1948 494 2002 Ὀ
548 1945 607 2001 δὲ
677 1945 925 2020 βασιλεὺς
977 1954 1077 1997 τῶν
1140 1946 1388 1997 τοιούτων
1448 1943 1836 2019 ἀκροασάμενος

220 2038 551 2113 ἀστειότερον
580 2040 707 2111 πρὸς
738 2040 867 2108 σφᾶς
915 2034 1106 2096 αύτούς
1146 2037 1234 2085 τόν
1288 2031 1541 2105 ἀπόλογον
1593 2036 1836 2093 ἐποιήσα-

217 2147 301 2198 το,
329 2131 424 2189 ὡς.
454 2147 484 2181 ε
504 2126 563 2179 Ἣ
589 2125 739 2186 πόλις
761 2123 894 2181 αὕτη
916 2126 1106 2195 πατρίς
1122 2141 1221 2194 μου
1247 2123 1301 2174 οἶ
1318 2124 1650 2194 οντυγχάνει⁸
1706 2121 1835 2175 ἐκεῖ·

223 2236 289 2270 σε
316 2219 415 2291 γὰρ
444 2217 469 2268 6
502 2213 623 2288 ἐμὸς
650 2218 819 2287 πατὴρ
856 2214 1176 2284 ἡγεμόνευεν,
1212 2212 1265 2263 ὅν
1308 2216 1395 2263 καὶ
1451 2213 1600 2283 ύμεῖς
1654 2209 1834 2265 οἴδατε

217 2309 314 2359 τὸν
344 2309 507 2378 μέγαν
554 2299 885 2375 δομέστικον.
936 2299 1089 2352 Ἀλλά
1133 2304 1225 2352 καὶ
1275 2298 1323 2351 ἓν
1386 2300 1516 2358 αύτῆ
1585 2296 1730 2361 οὗτος
1774 2304 1832 2353 τὸ

219 2395 323 2457 ζῆν
386 2393 746 2467 ἐξεμέτρησεν,
800 2395 891 2443 καὶ
939 2393 998 2442 τό
1073 2397 1227 2461 σῶμα
1270 2389 1427 2440 αὐτοῦ
1480 2387 1644 2442 ἐκεῖσε
1688 2392 1834 2443 τέθα-

216 2503 374 2539 πται.
404 2490 525 2544 Πῶς
544 2480 631 2534 οὖν
681 2477 798 2533 δέον
846 2478 960 2531 ἐστι
1003 2481 1196 2536 ταύτην
1244 2482 1338 2536 τήν
1388 2477 1537 2530 πόλιν
1599 2479 1700 2539 ἔξω
1742 2487 1834 2540 τῆς

215 2572 347 2646 ἐμῆς
373 2571 660 2644 τυγχάνεὶν
691 2568 865 2643 ἀρχῆς
895 2586 909 2634 ς
944 2589 972 2618 ››
997 2574 1175 2621 Ταῦτα
1201 2565 1480 2628 ἀκηκοότες
1508 2569 1557 2619 οἱ
1589 2566 1834 2642 πρέσϐεις

212 2665 661 2719 ὑποκνηστιῶσαν
701 2661 862 2729 ἔσχον
888 2660 984 2715 τὴν
1033 2654 1212 2726 ἀκοήν,
1267 2655 1350 2728 [Ρ.
1419 2656 1511 2726 90]
1565 2659 1631 2717 ὡς
1684 2659 1833 2729 τάχα

210 2753 340 2804 τινὰ
380 2758 481 2802 τῶν
540 2749 867 2820 ζητουμένων
921 2747 1183 2817 παράσχῃ
1237 2747 1441 2805 τούτοις
1479 2746 1504 2796 6
1560 2742 1827 2817 βασιλεὺς,

213 2845 316 2893 καὶ
354 2836 724 2912 μεταϐαλόντες
744 2839 832 2888 τὸν
861 2834 1033 2906 λόγον,
1063 2855 1091 2883 ‹‹
1121 2834 1344 2902 Οὐκοῦν,
1387 2856 1416 2884 ››
1483 2836 1698 2905 ἔφησαν,
1731 2856 1761 2885 ‹‹
1788 2836 1828 2888 ὧ

221 2929 469 3004 βασιλεῦ,
501 2932 899 3001 παραχώρησον
952 2926 1078 2997 ἡμῖν
1130 2923 1186 2976 ἐκ
1241 2932 1340 2976 τῶν
1408 2923 1601 2999 Σεῤῥῶν
1656 2925 1826 2977 αὐτῶν

220 3024 516 3088 κατασχεῖν
546 3018 614 3068 τὰ
640 3015 818 3071 λοιπὰ,
850 3036 879 3064 ››
915 3017 1017 3066 Καὶ
1046 3014 1072 3064 6
1105 3010 1371 3085 βασιλεὺς,
1403 3034 1430 3063 ‹‹
1463 3009 1595 3065 Οὐδ’
1663 3013 1826 3072 αύτήν

221 3124 320 3178 μοι
356 3109 726 3179 προσήκουσαν
774 3104 962 3155 ποῖσθε
1012 3104 1108 3160 τήν
1158 3101 1404 3161 ζήτησιν.
1453 3107 1674 3175 Πρώτως
1722 3105 1824 3177 γὰρ

220 3193 274 3246 ἐν
306 3193 435 3252 αύτῆ
467 3196 592 3268 πρὸς
619 3200 712 3245 τοῦ
743 3197 1033 3264 μακαρίτου
1075 3188 1337 3263 βασιλέως
1382 3197 1474 3242 τοῦ
1528 3193 1665 3243 θείου
1726 3199 1826 3264 μού

216 3285 547 3356 ἡγεμονεύειν
598 3287 783 3354 χώρας
836 3272 1094 3356 ἠρξάμην,
1174 3284 1265 3331 καὶ
1324 3286 1544 3355 πρώτως
1597 3278 1647 3332 ἐν
1691 3281 1822 3340 αὐτῆ

216 3372 620 3448 ἐστρατήγησα,
650 3376 742 3424 καὶ
767 3370 896 3443 φιλῶ
923 3373 1011 3422 τόν
1065 3373 1222 3421 τόπον
1281 3371 1347 3429 ὡς
1425 3372 1645 3431 σύνηθες
1709 3367 1828 3423 ἔδα-

216 3482 333 3536 φος.
366 3462 441 3515 Ού
470 3466 644 3535 χρεὼν
665 3468 790 3532 γοῦν
849 3456 973 3512 οὐδε
1021 3461 1216 3515 ταύτην
1278 3462 1374 3517 τήν
1423 3458 1573 3511 πόλιν
1617 3459 1828 3512 καταλιδ

214 3559 352 3606 πεῖν.
391 3573 413 3600 ι
448 3551 698 3624 Εύχερῶς
724 3555 851 3620 γοῦν
896 3550 947 3600 οἱ
997 3545 1241 3621 πρέσϐέις
1283 3544 1339 3598 ἔκ
1390 3552 1552 3600 τόπου
1599 3553 1830 3620 μετεπή-

216 3638 328 3694 δων
357 3640 425 3701 εἰς
454 3644 631 3709 τόπον,
671 3642 762 3690 καὶ
790 3633 958 3710 μηδὲν
980 3639 1203 3707 ἔχοντες,
1249 3635 1293 3687 εἰ
1349 3641 1440 3688 καὶ
1489 3656 1543 3688 τι
1601 3635 1825 3707 λάϐοιεν,

213 3729 427 3803 ἀγαπᾷν
454 3732 524 3791 ὡς
553 3723 922 3801 κερδήσαντες,
954 3730 1060 3793 καὶ,
1094 3745 1124 3780 ε
1170 3726 1242 3778 Ὤ
1294 3725 1533 3799 βασιλεῦ,
1586 3746 1617 3777 »
1657 3726 1828 3778 ἀντεῖ-

215 3838 335 3889 πον,
368 3839 396 3868 ι(
428 3822 518 3871 καὶ
545 3814 640 3878 δὸς
667 3819 793 3889 ἡμῖν
833 3814 888 3868 ἐκ
918 3823 1009 3868 τοῦ
1039 3815 1255 3890 Βολεροῦ
1283 3817 1351 3867 τὰ
1377 3819 1573 3888 μέχρις
1601 3816 1632 3873 ἠ
1640 3823 1770 3887 μῶν.
1794 3833 1827 3871 θ

223 3907 377 3960 Καὶὸ
405 3904 650 3978 βασιλεὺς
693 3927 721 3955 ‹‹
778 3905 860 3958 Ἐν
929 3907 1134 3966 τούτοις
1182 3912 1287 3965 τοῖς
1352 3909 1530 3966 τόποις
1583 3903 1828 3966 πολλάκις

223 3994 502 4069 ἐθήρευσα,
529 4001 622 4049 καὶ
654 3991 853 4067 σχεδόν
881 3998 941 4047 τὸ
970 3994 1141 4056 καλῶς
1177 3996 1416 4066 χρᾶσθαι
1468 4002 1586 4056 ταῖς
1641 3996 1829 4069 θήραις

220 4084 273 4139 ἓν
302 4086 467 4157 τούτῳ
498 4087 796 4158 μεμάθηκα,
829 4088 920 4136 καὶ
946 4087 1007 4136 οὔ
1064 4103 1155 4156 μοι
1208 4089 1443 4157 κέκριται
1505 4082 1649 4146 άξιον
1700 4091 1828 4137 τοῦ-

215 4194 308 4228 τον
335 4172 538 4247 ἀφεῖναι
582 4176 672 4226 τόν
728 4182 927 4246 χῶρον,
987 4174 1110 4224 ἔνθα
1160 4178 1251 4225 καὶ
1301 4172 1456 4225 πάλιν
1502 4169 1688 4245 ἀγαπῶ
1737 4176 1827 4231 θη-

213 4266 385 4339 ρεύειν
409 4268 500 4316 καὶ
529 4264 719 4336 ἄγραις
764 4263 910 4323 ζώων
954 4257 1265 4333 ἐφήδεσθαι.
1337 4282 1367 4312 ››
1414 4266 1479 4314 Τί
1523 4268 1648 4332 γοῦν
1699 4264 1826 4335 ἡμῖν

218 4349 395 4415 δίδως
428 4369 442 4419 ;
474 4371 507 4406 ›
534 4350 825 4425 ἀντέφησαν
854 4352 906 4402 οἱ
934 4349 1181 4425 πρέσϐεις
1204 4359 1277 4422 τῷ
1327 4349 1560 4423 βασιλεῖ.
1612 4372 1641 4401 κ
1694 4350 1826 4424 Ἐγὼ

213 4447 330 4518 μὲν,
365 4464 395 4493 ››
423 4445 514 4515 ἔφη
554 4443 582 4494 6
610 4440 876 4515 βασιλεὺς,
913 4461 943 4483 η
997 4437 1169 4496 οὐδέν,
1235 4440 1367 4495 Ἀλλ’
1429 4444 1569 4517 εἴπερ
1636 4439 1827 4495 ἐθέλετε

1942 538 1974 577 e
2005 522 2386 580 densissimis
2414 526 2676 583 tenebris
2707 526 2768 582 in
2798 528 3196 599 purissimum
3229 526 3371 584 solis
3420 525 3607 599 jubar

1940 626 2276 683 emergens,
2312 619 2416 671 aut
2444 631 2477 671 e
2508 620 2860 687 tempestate
2891 617 2954 672 in
2992 615 3316 689 tranquilla
3376 620 3480 672 aut
3530 629 3606 671 ex

1937 698 2133 755 hieme
2144 700 2207 756 in
2218 717 2471 758 vernum
2485 708 2589 759 aut
2599 719 2673 759 ex
2688 703 2951 774 procella.
2962 704 3024 759 in
3039 704 3245 776 quieta
3265 704 3600 774 accesserit,

1938 792 2040 843 aut
2057 789 2235 844 etiam
2251 788 2559 859 ingentem
2576 806 2897 848 maerorem
2915 792 2976 847 in
2990 791 3282 862 gaudium
3304 795 3605 847 transmu-

1936 876 2164 944 taverit,
2181 878 2382 935 laetitia
2393 878 2683 951 diﬁ‘ertur,
2697 880 2777 937 ita
2791 896 2996 938 omnes
3009 882 3316 952 voluptate
3336 880 3603 952 quadam

1936 964 2215 1036 perfundi
2236 972 2293 1023 et
2309 968 2533 1038 gaudio
2546 969 2842 1027 cumulari
2858 976 3039 1043 atque
3055 969 3309 1037 exsilire,
3341 968 3603 1025 miserri-

1934 1068 2037 1110 ma
2065 1055 2507 1131 deterrimaque
2537 1059 2752 1130 prioris
2806 1060 2940 1115 vitae
2995 1059 3226 1116 ratione
3281 1073 3315 1115 e
3363 1063 3604 1131 pectore

1933 1142 2242 1217 oculisque
2267 1151 2494 1204 amota.
2528 1147 2733 1214 Latini,
2773 1148 2880 1220 qui
2910 1147 3074 1204 CPoli
3118 1152 3308 1215 erant,
3362 1152 3422 1203 et
3483 1146 3583 1203 Bal

1935 1229 2158 1287 duinus
2183 1233 2422 1291 illorum
2447 1237 2791 1292 moderator
2811 1236 2891 1293 ad
2910 1237 3341 1309 imperatorem
3369 1236 3604 1306 legatos

1935 1323 2295 1393 praetumida
2323 1324 2610 1396 quaedam
2635 1331 2693 1381 et
2710 1340 2865 1398 pene
2887 1324 3159 1382 absurda
3204 1325 3599 1397 quaeritantes

1938 1410 2248 1467 miserunt.
2262 1412 2671 1485 Contemptius
2696 1428 2963 1486 namque
2985 1428 3130 1485 erga
3150 1414 3599 1486 imperatorem,

1939 1503 2227 1570 tanquam
2283 1501 2388 1573 qui
2470 1508 2599 1558 tum
2663 1502 2928 1575 primum
2991 1502 3313 1574 imperium
3366 1517 3603 1558 assum-

1938 1594 2163 1660 pserat,
2194 1588 2405 1659 affecti,
2439 1590 2852 1648 immoderatis
2892 1590 3398 1661 postulationibus
3427 1605 3603 1661 urge-

1939 1678 2089 1734 bant
2121 1696 2134 1747 ;
2161 1683 2220 1736 et
2241 1678 2321 1735 ab
2348 1680 2484 1752 ipsa
2529 1679 2954 1737 Thessalonica
2998 1680 3236 1737 initium
3290 1678 3596 1745 facientes,

1862 1794 1903 1864 Β
1941 1772 2009 1823 ut
2058 1783 2196 1824 eam
2278 1768 2391 1825 sibi
2464 1773 2523 1825 et
2601 1769 2899 1842 reliquam
2973 1783 3220 1825 omnem
3294 1769 3601 1840 regionem

1941 1857 2165 1931 Cpolim
2199 1872 2391 1931 usque
2431 1858 2759 1931 imperator
2807 1858 3179 1926 concederet,
3245 1856 3600 1930 poscebant.

1940 1946 2043 2003 His
2083 1947 2305 2003 auditis
2369 1948 2696 2020 imperator
2758 1962 3119 2020 responsum
3172 1946 3445 2019 lepidum
3510 1960 3603 2002 sa-

1938 2051 2014 2092 ne
2079 2050 2276 2109 neque
2340 2036 2729 2092 invenustum
2785 2036 2973 2094 dedit.
3035 2039 3180 2092 Eam
3226 2035 3450 2092 scilicet
3502 2049 3603 2090 ur-

1938 2125 2078 2181 bem
2092 2125 2183 2181 sui
2195 2125 2452 2197 patriam
2482 2128 2524 2196 1
2536 2125 2586 2196 7
2600 2125 2652 2197 3
2672 2125 3130 2198 quodammodo
3143 2139 3274 2182 esse
3297 2142 3311 2193 ;
3330 2125 3393 2181 in
3413 2139 3487 2181 ea
3499 2137 3606 2195 pa-

1939 2218 2089 2270 trem
2142 2230 2342 2281 suum,
2395 2228 2578 2286 quem
2638 2214 2754 2286 ipsi
2809 2215 3037 2286 optime
3092 2218 3406 2279 noverant,
3463 2225 3601 2268 ma-

1939 2319 2129 2375 gnum
2152 2304 2551 2362 domesticum
2583 2304 2990 2377 principatum
3030 2303 3384 2373 obtinuisse,
3437 2302 3501 2357 in
3529 2312 3603 2358 ea

1939 2394 2072 2451 vitae
2091 2394 2277 2450 ﬁnem
2301 2393 2530 2459 fecisse,
2561 2393 2623 2449 in
2647 2409 2839 2466 eaque
2859 2392 3114 2451 cadaver
3153 2392 3311 2449 illius
3338 2390 3604 2465 sepultu-

1938 2497 2020 2538 ra
2051 2482 2429 2540 mandatum.
2461 2482 2777 2548 Quomodo
2792 2482 2997 2554 itaque
3028 2497 3100 2538 ea
3125 2482 3272 2538 urbs
3292 2488 3460 2540 extra
3487 2500 3599 2557 po-

1937 2577 2210 2628 testatem
2267 2587 2467 2628 meam
2545 2570 2761 2627 fuerit?
2787 2571 3053 2627 Audiunt
3111 2571 3340 2641 legati:
3400 2572 3602 2631 adhuc

1937 2666 2141 2717 tamen
2162 2661 2397 2733 pruritu
2408 2660 2645 2716 aurium
2667 2659 2870 2731 aliqua
2890 2673 3322 2717 concessurum
3338 2661 3599 2734 impera-

1936 2755 2121 2807 torem
2138 2749 2547 2822 sperabant,et
2557 2754 2784 2804 mutata
2792 2748 3062 2804 oratione
3066 2767 3121 2818 ,ιι
3133 2748 3338 2818 Igitur,
3365 2771 3393 2800 ιο
3408 2750 3596 2824 aiunt,

1936 2860 1965 2890 «
1994 2839 2340 2911 imperator,
2369 2837 2633 2894 concede
2664 2836 2843 2892 nobis
2871 2836 2950 2894 ab
2974 2836 3159 2893 Serris
3187 2837 3340 2910 ipsis
3365 2837 3602 2912 reliqua

1933 2929 2260 3001 possidere.
2286 2950 2315 2979 »
2346 2930 2412 2984 Et
2425 2928 2753 3000 imperator
2776 2943 2789 2982 :
2814 2949 2843 2978 «
2867 2929 3066 2999 Neque
3088 2926 3250 2997 juste
3278 2943 3477 3001 neque
3498 2929 3604 2988 de.

1933 3023 2134 3074 center
2170 3016 2300 3073 haec
2330 3015 2672 3089 postulatis.
2703 3014 2972 3087 primum
2999 3015 3161 3071 enim
3186 3015 3248 3070 in
3274 3031 3347 3073 ea
3372 3032 3410 3074 a
3455 3017 3601 3076 bes-

1934 3114 2008 3163 tae
2022 3105 2700 3177 memorimimperatore
2711 3108 2928 3176 patruo
2939 3117 3076 3159 meo
3086 3102 3203 3160 loci
3218 3104 3599 3164 dominatum

1934 3196 2143 3266 habui,
2166 3195 2281 3251 illic
2304 3194 2733 3250 dominationis
2771 3208 2922 3248 mea:
2942 3192 3211 3260 exordia,
3227 3192 3345 3250 illic
3374 3194 3598 3253 militia

1936 3287 2133 3359 prima
2160 3282 2533 3340 incunabula
2564 3287 2659 3351 ;et
2673 3281 2808 3339 loco
2829 3287 3121 3355 tanquam
3161 3282 3440 3342 familiari
3468 3285 3598 3344 solo

1935 3375 2218 3431 delector.
2257 3373 2427 3430 Haud
2457 3374 2659 3445 itaque
2714 3372 2825 3428 erit
2871 3387 3070 3444 operae
3117 3373 3378 3445 pretium
3427 3373 3599 3432 illum

1937 3465 2227 3520 amittere.
2270 3484 2299 3513 »
2333 3461 2531 3531 Legati
2568 3460 2644 3517 de
2674 3464 2809 3518 loco
2836 3461 2900 3518 in
2929 3461 3132 3517 locum
3157 3461 3316 3519 facili
3355 3464 3600 3534 negotio

1939 3567 2279 3609 sermonem
2300 3554 2668 3620 convertere,
2701 3555 2758 3606 et
2793 3565 2936 3606 cum
2981 3549 3129 3606 nihil
3176 3550 3491 3620 haberent,
3548 3552 3600 3609 si

1936 3642 2086 3716 quid
2105 3641 2554 3714 impetrassent,
2594 3656 2666 3696 eo
2693 3643 3009 3696 contentos
3053 3626 3308 3707 esse,'ac
3337 3641 3388 3696 si
3414 3641 3599 3699 victo-

1935 3733 2087 3789 riam
2099 3730 2355 3787 fuissent
2367 3729 2670 3785 consecuti
2682 3771 2694 3783 .
2708 3730 2830 3796 Et,«
2839 3730 2882 3785 Ο
2896 3729 3257 3800 imperator»
3270 3728 3596 3802 excipiunt,

1937 3842 1969 3873 ιι
1996 3820 2208 3877 saltem
2227 3818 2403 3875 nobis
2423 3834 2455 3874 e
2487 3817 2692 3875 Bolero
2707 3817 2788 3874 ad
2803 3822 3011 3874 nostra
3048 3816 3344 3888 permitte.
3378 3838 3408 3869 »
3447 3821 3598 3875 Tum

1937 3911 2282 3982 imperator,
2307 3929 2335 3959 ι(
2366 3907 2490 3963 Illis
2515 3908 2579 3964 in
2604 3906 2751 3963 locis
2772 3905 3101 3978 saepissime
3120 3906 3426 3963 venationi
3450 3923 3597 3980 ope-

1934 4015 2065 4056 ram
2088 3998 2248 4068 dedi,
2280 4002 2339 4054 et
2383 3994 2807 4053 venationibus
2835 4010 2958 4051 non
3012 3994 3170 4051 male
3230 3995 3313 4052 uti
3367 3995 3430 4052 in
3482 3995 3597 4052 illis

1936 4087 2287 4162 aprehendi.
2342 4085 2665 4155 Indignum
2730 4086 2933 4158 itaque
2999 4086 3232 4142 videtur
3278 4084 3427 4142 locis
3480 4085 3597 4143 illis

1934 4177 2296 4244 renuntiare,
2328 4175 2431 4232 ubi
2458 4190 2666 4230 rursus
2692 4173 2992 4233 venationi
3019 4174 3370 4231 incumbere
3406 4175 3597 4247 gestio

1934 4273 1994 4324 et
2020 4266 2284 4324 ferarum
2315 4265 2578 4337 capturis
2615 4262 2893 4320 animum
2939 4262 3261 4320 oblectare.
3315 4285 3344 4316 »
3400 4264 3595 4331 «Quid

1934 4357 2115 4428 igitur
2137 4355 2314 4413 nobis
2341 4354 2538 4410 donas
2556 4353 2586 4409 ‘I
2616 4374 2646 4403 »
2673 4351 2855 4423 legati
2890 4352 3236 4425 imperatori
3272 4353 3598 4425 responde-

1935 4451 2096 4503 runt.
2124 4464 2155 4499 ιι
2182 4446 2304 4515 Ego
2332 4441 2604 4515 quidem,
2632 4461 2662 4490 ››
2682 4438 2813 4496 inﬁt
2840 4439 3186 4513 imperator,
3223 4463 3253 4493 «
3278 4440 3447 4497 nihil.
3481 4442 3596 4499 Sed

210 4537 311 4591 τὴν
350 4530 403 4595 ἐξ
431 4530 556 4605 ἐμοῦ
605 4530 814 4606 εἰρήνην
860 4528 1032 4582 λαϐεῖν
1077 4530 1271 4603 (καλῶς
1318 4531 1420 4605 γάρ
1475 4549 1540 4603 με
1602 4528 1824 4584 ἐπίστα-

1938 4538 1988 4593 si
2010 4550 2223 4609 pacem
2243 4548 2318 4590 ex
2337 4547 2434 4587 me
2454 4530 2678 4587 habere
2697 4529 3116 4602 concupiscitis
3129 4529 3307 4602 (bene
3328 4545 3597 4603 namque

218 4625 337 4691 σθε,
367 4627 457 4675 καὶ
484 4626 579 4681 τὴν
610 4620 663 4685 ἐξ
696 4619 821 4693 ἐμοῦ
846 4622 1030 4694 μάχην
1086 4620 1299 4691 ξυνίετε,
1367 4623 1525 4679 ἡνίκα
1566 4624 1662 4680 τὴν
1709 4622 1828 4694 ἠγε-

214 4715 402 4786 μονίαν
427 4714 668 4772 Βιθυνίας
713 4714 804 4762 καὶ
833 4714 1070 4784 Ταρσίας
1130 4710 1296 4782 εἶχον,
1349 4711 1485 4770 ὅπως
1537 4709 1660 4782 ύμῖς
1705 4707 1831 4764 οἶδα

211 4800 613 4876 μαχέσασθαι),
666 4798 818 4852 ἐθέλω
890 4801 1007 4860 τοὺς
1077 4796 1126 4849 ἓν
1182 4806 1243 4857 τῆ
1320 4798 1830 4854 Κωνστανινουπολει

210 4894 472 4951 Λατίνους
492 4892 625 4963 πρός
650 4892 744 4947 τήν
796 4895 897 4941 τῶν
950 4886 1216 4960 Ῥωμαίων
1275 4886 1434 4940 τελεῖν
1500 4888 1678 4960 ἀρχὴν
1733 4907 1830 4961 με-

207 4976 350 5057 ρίδα
402 4982 494 5052 μὲν
552 4981 646 5037 τήν
693 4977 750 5030 ἐκ
806 4984 898 5029 τού
947 4980 1268 5050 κομμερκίου
1325 4977 1440 5044 (82)
1492 4975 1682 5041 αὐτῶν,
1731 4983 1827 5037 τήν

208 5067 468 5140 ἀνάλογον
499 5069 752 5127 ὡσαύτως
780 5061 1009 5122 εἴσοδον.
1055 5066 1118 5118 Εἰ
1163 5068 1331 5118 ταῦτά
1384 5084 1475 5139 μοι
1525 5075 1826 5141 παρασχεῖν

204 5160 569 5230 ὑποσχοίητε,
602 5155 674 5219 εἰς
703 5155 905 5226 εἰρήνην
937 5158 1283 5228 συνέρχομαι.
1334 5155 1395 5208 Εἰ
1451 5151 1502 5208 δ’
1549 5154 1660 5225 οὖν,
1716 5155 1824 5210 ἀλλ’

1937 4641 2035 4683 me
2060 4624 2331 4692 nostis,et
2349 4619 2497 4693 quid
2525 4617 2853 4691 pugnando
2877 4616 3114 4676 valeam
3141 4618 3427 4693 ;jamque
3447 4620 3595 4677 satis

1936 4712 2224 4771 didicistis
2235 4727 2376 4767 cum
2390 4707 2672 4780 Bithyniae
2692 4708 2735 4777 ι
2746 4707 2797 4778 ’1
2809 4706 2866 4780 4
2875 4708 3215 4780 Tarsiieque
3225 4723 3426 4765 rerum
3445 4708 3596 4781 poti-

1935 4815 2051 4870 rer,
2063 4811 2331 4871 quanam
2348 4794 2481 4867 ipse
2490 4793 2721 4849 ratione
2732 4791 2891 4849 bello
2906 4791 3276 4867 conﬂigam),
3290 4792 3429 4850 volo
3449 4792 3598 4849 Lati-

1935 4903 2069 4954 nos,
2096 4886 2203 4960 qui
2223 4884 2389 4957 Cpoli
2408 4886 2568 4949 sunt,
2582 4883 2856 4938 Romano
2869 4880 3123 4954 imperio
3139 4897 3268 4938 eam
3288 4896 3361 4938 ex
3373 4881 3594 4938 tributo

1936 4979 2169 5050 partem
2232 4970 2574 5046 persolvant
2627 4985 2765 5043 quae
2816 4967 3156 5026 introitibus
3204 4968 3594 5042 proportione

1932 5063 2317 5140 respondeat.
2351 5064 2487 5118 Huic
2529 5059 2579 5117 si
2633 5064 2919 5133 prmstare
2975 5058 3324 5125 annueritis,
3376 5073 3594 5131 pacem

1935 5169 2274 5229 compono;
2299 5152 2391 5208 sin
2420 5150 2642 5220 minus,
2662 5163 2935 5223 pugnam
2949 5146 3140 5217 edico,
3161 5162 3300 5222 quae
3332 5148 3453 5205 Deo
3490 5164 3597 5206 au-

1136 5279 1477 5349 Theodori
1526 5279 1780 5350 Dousae
1826 5292 1896 5353 et
1940 5277 2192 5353 Leonis
2239 5272 2476 5345 Allatii
2523 5283 2728 5342 notae.

290 5425 410 5498 (80)
446 5426 536 5481 Ἐκ
588 5431 911 5501 σκοτομήνης
957 5424 1197 5500 βαθείας.
1256 5424 1710 5498 Pachymerius,
1754 5440 1821 5499 p.

203 5502 541 5651 δε,
592 5572 682 5643 μὲν
737 5572 840 5651 γὰρ
880 5567 929 5622 ἒν
992 5577 1059 5651 τῇ
1072 5641 1096 5651 _
1119 5567 1660 5651 Κῳνσταντινουπόλει
1701 5573 1825 5628 ,Δα-

200 5638 854 5716 ςινοι.ῬεοΙιῨωεεὶιιε,
890 5654 955 5715 p.
992 5641 1122 5701 106.
1156 5645 1297 5700 ALL.

2001 5424 2115 5496 (82)
2137 5429 2249 5475 Τῶν
2278 5438 2582 5496 κομερκιων.
2624 5417 3149 5496 Commerciorum.
3205 5416 3333 5496 Ἶρι
3384 5414 3595 5496 Latina

1932 5487 2061 5575 tota
2077 5487 2373 5575 κομέρκιοέ-
2393 5487 2551 5573 sive"
2572 5492 2910 5575 κομμέρκιον,
2957 5488 3395 5546 commercium.
3448 5487 3594 5546 Vide

1933 5566 2304 5627 Glossarium
2324 5566 2581 5623 lleursii.
2616 5566 2830 5620 Dousa.
