4124 6396
249 398 386 458 1201
1786 403 1877 460 ΑΝ

2002 403 2112 462 LES
3491 414 3630 471 i202

248 524 535 581 θετταλίαν
572 522 927 600 παραμείψας,
963 525 1151 579 καὶτά
1194 523 1244 579 ἐν
1297 524 1429 600 αὐτῇ
1484 526 1621 587 ἄστη
1680 546 1737 582 τε
1768 532 1860 582 καὶ

1997 528 2114 586 iam
2143 531 2619 602 prmtergressus,
2660 534 2718 589 et
2747 532 2807 590 in
2838 548 2912 591 ea
2948 532 3187 607 oppidis
3229 550 3300 592 ac
3367 537 3625 595 castellis

247 617 473 691 φρούρια
552 612 984 689 ὀχυρωσάμενος,
1065 619 1185 689 περὶ
1271 618 1366 676 τὴν
1446 619 1560 669 νέαν
1646 619 1857 692 Πάτραν

1995 619 2277 675 ιοιιιωιηιὶ
2287 619 2376 687 tis,
2393 619 2707 678 adnovam
2722 625 2976 695 Patram,
2992 640 3117 682 una
3131 640 3335 682 secum
3352 627 3623 699 spurium

247 699 787 781 έστρατοπεδεύσατο,
842 707 977 778 ἔχων
1015 705 1127 779 μεθ’
1175 703 1363 761 ἑαυτοῦ
1420 709 1509 759 καὶ
1573 708 1661 760 τὸν
1711 709 1858 761 νόθον

1994 708 2147 782 [83
2164 708 2461 766 Michaelis
2472 709 2788 768 defectoris
2798 711 2988 770 ﬁlium
3019 713 3311 786 deferens,
3327 714 3485 772 locat
3496 720 3622 773 ten.

246 796 360 848 υἱὸν
386 800 480 848 τοῦ
534 791 834 847 ἀποστάτου
883 793 1106 867 Μιχαὴλ
1158 795 1422 854 Ἰωάννην.
1468 794 1527 848 Ὀ
1581 791 1641 850 δὲ
1697 801 1863 871 μέγας

1993 798 2138 855 cria.
2183 800 2431 869 Magnus
2448 799 2818 857 domesticus
2833 801 3070 860 Alexius
3094 804 3545 878 Strategopulus
3565 810 3621 864 et

250 879 567 956 δομέστικος
599 885 625 936 6
655 883 1117 959 Στρατηγόπουλος
1174 883 1400 948 Ἀλέξιος
1447 889 1537 939 καὶ
1582 885 1668 958 [Ρ.
1704 885 1797 961 95]
1831 888 1857 940 6

2001 902 2228 944 oannes
2254 887 2476 945 Raulus
2496 892 2813 963 Pyrenaeos
2836 896 3074 948 montes
3096 895 3490 962 transeuntes,
3524 898 3622 951 Ar-

245 971 430 1028 Ῥαοὺλ
486 972 728 1035 Ἰωάννης
782 975 850 1026 τά
896 971 1201 1049 Πυῤῥηναία
1257 972 1565 1050 ὑπερϐάντες
1609 979 1704 1050 ὅρη
1769 975 1855 1029 ἐπὶ

1994 992 2087 1034 am
2106 982 2450 1051 properant,
2467 980 2780 1037 Joanninis
2795 981 3044 1038 militum
3059 996 3239 1039 manu
3253 982 3331 1039 ad
3344 983 3622 1040 obsiden-

248 1067 345 1122 τὴν
398 1061 595 1139 Ἃρταν
655 1060 911 1138 ἐχώρουν,
970 1061 1343 1126 καταλιπόντες
1394 1061 1442 1116 έν
1493 1070 1603 1127 τοίς
1633 1064 1856 1118 Ἰωάννί-

1987 1065 2102 1122 lum
2115 1066 2640 1140 oppidumrelicta.
2675 1073 2874 1127 Artam
2893 1071 3095 1144 itaque
3111 1070 3174 1127 hi
3208 1076 3615 1144 penetrarunt.

247 1171 355 1216 νοις
395 1153 696 1228 στράτευμα
746 1154 956 1226 μερικόν
1006 1152 1077 1214 εἰς
1125 1152 1427 1226 πολιορκίαν
1477 1160 1569 1206 τοῦ
1630 1154 1850 1218 ἄστεως.

1989 1170 2108 1211 nea
2120 1171 2250 1212 cum
2264 1154 2845 1232 illisipsequoquein
2859 1159 3219 1234 colloquium
3232 1160 3389 1228 veni,
3405 1164 3617 1235 etpau-

246 1240 535 1295 Κατέλαϐον
563 1236 654 1295 οὖν
688 1241 834 1295 οὗτοι
887 1245 983 1300 τὴν
1038 1240 1255 1317 Ἃρταν,
1316 1240 1527 1296 κάκεῖσε
1580 1250 1706 1316 γοῦν
1761 1249 1852 1299 καὶ

1987 1259 2063 1300 :os
2076 1243 2203 1300 dies
2214 1245 2583 1319 quotidianis
2595 1246 3020 1320 congressibus
3031 1252 3303 1305 versatus
3314 1247 3615 1323 rebusque

243 1331 403 1394 αὐτὸς
447 1333 654 1393 τούτοις
720 1329 1141 1403 ξυντετυχὴκειν,
1202 1330 1281 1393 οἷς
1344 1335 1435 1384 καὶ
1500 1335 1627 1407 πρὸς
1670 1332 1850 1405 ὀλίγας

1984 1333 2261 1406 lispositis
2303 1338 2442 1392 Arta
2479 1335 2773 1406 egredior,
2810 1353 2951 1393 cum
2990 1337 3310 1394 multitudo
3348 1338 3450 1396 illa
3488 1354 3612 1396 non

241 1421 440 1496 ἡμέρας
467 1418 828 1494 συνομιλὴσας
850 1414 984 1473 κᾶτα
1031 1416 1100 1479 δὴ
1149 1419 1526 1493 συνταξάμενος
1582 1429 1677 1485 τῆς
1723 1420 1850 1497 ’Ἄρ-

1981 1438 2110 1481 ›εηθ
2149 1439 2293 1495 erga
2329 1428 2570 1482 nostros
2608 1424 2942 1483 afﬁceretur
2973 1445 2986 1485 :
3031 1427 3244 1485 milites
3284 1428 3446 1484 enim
3483 1444 3609 1486 non

240 1528 333 1572 της
389 1509 579 1583 ἐξῄειν,
641 1508 941 1563 καταλιπὼν
996 1510 1085 1562 τὸν
1136 1509 1302 1563 έκεῖσε
1351 1508 1473 1562 λαὸν
1529 1510 1704 1564 οὐκέτι
1770 1511 1850 1564 εύ-

1976 1527 2163 1585 equos
2201 1528 2264 1569 se
2315 1512 2428 1570 illis
2464 1513 2864 1584 praebuerant.
2906 1515 3167 1590 Ideoque
3205 1516 3455 1573 victoria
3482 1517 3604 1589 illa,

241 1605 423 1660 νοῐκως
467 1601 594 1675 πρὸς
639 1601 758 1660 τοὺς
837 1600 1116 1672 ἡμετέρους
1185 1595 1509 1672 διακείμενον
1568 1620 1580 1635 ·
1637 1599 1696 1654 οὐ
1743 1603 1845 1677 γὰρ

1977 1616 2092 1674 [uae
2109 1602 2394 1659 Romanis
2411 1602 2704 1672 illuxerat,
2737 1605 3010 1661 omnium
3028 1620 3129 1662 ore
3167 1606 3605 1674 concelebrata,

243 1686 416 1750 καλῶς
462 1689 513 1740 οἱ
541 1693 641 1740 τῶν
683 1689 1086 1763 στρατευμάτων
1131 1689 1338 1750 τούτοις
1375 1685 1694 1762 ἐχρήσαντο.
1752 1688 1850 1740 Διὰ

1978 1704 2079 1747 ton
2106 1689 2211 1746 diu
2236 1694 2373 1763 post
2399 1690 2461 1748 in
2483 1692 2850 1749 contrarium
2880 1692 3117 1766 dilapsa
3143 1698 3250 1750 est.
3284 1700 3415 1768 Ipse
3444 1699 3606 1754 recta

244 1782 414 1830 ταῦτα
470 1779 561 1829 καὶ
619 1778 650 1837 ἡ
709 1778 1124 1850 περιφανεστάτη
1184 1775 1349 1834 ἇκείνη
1407 1779 1524 1835 νίκη
1567 1783 1676 1839 τοῖς
1730 1774 1848 1829 Ῥω-

1977 1778 2055 1835 ria
2081 1779 2162 1837 ad
2188 1781 2487 1837 Joannem
2516 1781 3058 1840 sebastocratorem
3088 1783 3465 1857 imperatoris
3491 1783 3605 1842 ira.

244 1869 419 1940 μαίοις
465 1862 809 1939 ἐπιλάμψασα
836 1864 884 1920 ἐν
934 1865 993 1918 ού
1035 1865 1205 1937 πολλῷ
1236 1872 1309 1937 τῷ
1339 1868 1515 1938 χρόνῳ
1563 1869 1693 1941 πρὸς
1721 1864 1846 1919 τού-

1981 1884 2125 1939 rem,
2164 1870 2328 1943 apud
2356 1886 2575 1928 novam
2606 1874 2843 1928 Patram
2870 1876 3172 1944 agentem,
3206 1872 3532 1946 profectus,
3552 1879 3609 1931 et

242 1957 445 2007 ναντίον
487 1959 808 2030 κεχώρηκεν.
867 1953 1079 2028 Ἀπῄειν
1129 1952 1218 2008 οὖν
1270 1954 1323 2018 ἐξ
1369 1957 1526 2028 ὀρθοῦ
1581 1958 1706 2030 πρὸς
1762 1957 1849 2008 τὸν

1983 1958 2279 2016 nonnullos
2303 1959 2431 2016 dies
2459 1976 2597 2017 cum
2628 1976 2700 2018 eo
2737 1967 3033 2032 moratus,
3056 1962 3165 2019 iter
3191 1963 3269 2019 ad
3290 1963 3611 2035 imperato-

248 2041 709 2118 σεϐαστοκράτορα
792 2043 1029 2104 Ἰωάννην
1081 2047 1169 2097 τὸν
1214 2051 1307 2098 τοῦ
1375 2042 1634 2119 βασιλέως
1685 2043 1850 2098 αὐτά-

1983 2062 2084 2104 em
2113 2048 2435 2119 ingredior.
2470 2049 2649 2106 Filius
2683 2050 2923 2124 spurius
2964 2051 3277 2109 defectoris
3316 2052 3611 2110 Michaelis

248 2130 431 2206 δελφον
483 2137 603 2206 περὶ
655 2137 750 2192 τὴν
794 2137 906 2187 νέαν
966 2135 1175 2207 Πάτραν
1242 2130 1513 2207 διάγοντα,
1553 2138 1645 2187 καί
1704 2153 1851 2198 τινας

1982 2136 2222 2193 'oannes
2239 2137 2698 2195 sebastocratori
2738 2138 3022 2195 adsidens
3062 2155 3199 2196 cum
3241 2140 3610 2213 quibusdam

248 2224 445 2299 ἡμέρας
474 2223 586 2296 μετ’
611 2222 772 2277 αὐτοῦ
803 2220 1227 2299 διακαρτερήσας
1282 2232 1378 2287 τῆς
1431 2226 1560 2297 πρὸς
1614 2225 1702 2276 τὸν
1751 2222 1849 2297 βα-

1984 2224 2087 2282 ιιὶίε
2101 2225 2493 2285 defectionem
2508 2228 2930 2300 meditabatur;
2945 2228 3157 2285 etdum
3171 2228 3612 2286 sebastocrator

247 2312 392 2366 σιλέα
432 2315 690 2390 φερούσης
736 2312 976 2387 ἡψάμην.
1007 2312 1067 2366 Ὀ
1108 2316 1199 2386 μὶν
1255 2309 1344 2367 οὖν
1399 2315 1548 2376 νόθος
1594 2315 1703 2375 υἰός
1752 2320 1846 2367 τοῦ

1985 2329 2213 2372 oannes
2234 2315 2524 2373 adversus
2556 2316 2791 2374 Latinos
2807 2332 3165 2391 progressus
3189 2320 3488 2392 praeterita
3509 2322 3608 2375 Le-

242 2399 543 2455 ἀποστάτου
584 2402 809 2476 Μιχαὴλ
837 2403 1081 2465 Ἰωάννης
1116 2411 1189 2475 τῷ
1244 2401 1690 2478 σεϐαστοκράτορι
1728 2402 1844 2467 ξυν-

1982 2403 2383 2462 ιαάίοτὴθδοε
2420 2405 2809 2479 praedaretur,
2848 2423 3037 2480 quam
3076 2423 3282 2464 secum
3320 2423 3610 2481 concepe-

239 2494 307 2543 ὼν
346 2489 681 2545 ἀποστασίαν
708 2494 841 2566 μετά
895 2496 985 2546 καὶ
1030 2491 1193 2545 ἄλλων
1248 2500 1396 2546 τινῶν
1445 2490 1656 2566 ἐμελέτα
1687 2513 1700 2528 ·
1751 2496 1843 2546 καὶ

1979 2497 2061 2563 at,
2103 2493 2307 2567 palam
2343 2494 2737 2553 defectionem
2777 2497 3051 2569 parturit,
3091 2500 3148 2553 et
3184 2513 3324 2554 cum
3360 2497 3607 2570 quibus-

237 2579 344 2634 έπεὶ
402 2581 430 2633 6
486 2579 921 2657 σεϐαστοκράτωρ
978 2581 1220 2645 Ἰωάννης
1265 2583 1400 2634 κατά
1450 2589 1550 2635 τῶν
1607 2586 1843 2637 Λατίνων

1977 2582 2094 2639 lam
2125 2582 2362 2640 sceleris
2390 2584 2644 2641 consciis
2676 2584 2821 2656 fuga
2857 2590 3096 2660 arrepta
3134 2587 3213 2643 ad
3242 2586 3605 2647 defectorem

236 2674 511 2745 κεχώρηκε
533 2674 624 2723 καὶ
658 2674 754 2729 τὴν
812 2667 1072 2725 Λεϐαδίαν
1127 2670 1462 2745 πάραμείψας
1513 2674 1607 2735 τὰς
1665 2670 1844 2735 Θήϐας

1978 2672 2279 2730 lichaelem
2291 2676 2516 2746 patrem
2530 2674 3056 2748 proficisciturJlle
3068 2691 3130 2732 re
3145 2676 3472 2756 improvisa
3484 2683 3606 2734 tur.

236 2756 496 2824 ἐσκύλευε,
551 2762 650 2819 τὴν
689 2758 750 2819 ἡν
812 2757 993 2814 ὤδινεν
1049 2758 1199 2823 οὗτος
1253 2758 1503 2814 ἀπιστίαν
1556 2759 1624 2823 εἰς
1673 2757 1841 2837 προῦο

1972 2765 2144 2832 >atus,
2157 2762 2259 2818 ubi
2272 2762 2726 2836 pedemﬁgeret,
2745 2764 2992 2821 nescire.
3013 2764 3127 2821 Sed
3146 2765 3600 2839 naviculasipse

235 2866 363 2902 πτον
391 2852 672 2925 προῦφηνε,
713 2853 805 2902 καὶ
848 2851 980 2923 μετά
1029 2853 1121 2902 καὶ
1173 2848 1336 2903 ἄλλων
1401 2857 1551 2903 τινῶν
1602 2846 1841 2924 ἀποδρὰς

1971 2855 2005 2908 ιι
2024 2850 2182 2907 ﬁlius
2216 2851 2389 2925 184
2403 2852 2838 2926 Nicephoruset
2866 2857 3080 2911 uxoret
3105 2870 3175 2910 ex
3204 2854 3599 2912 familiaribus

238 2936 322 2991 ἐπὶ
350 2940 438 2991 τὸν
467 2936 769 2998 ἀποστάτην
808 2938 1034 3013 Μιχαὴλ
1067 2942 1155 2992 τὸν
1192 2942 1389 3013 πατέρα
1441 2938 1601 2992 αὐτοῦ
1659 2938 1835 3015 ἀπῄει.

1978 2940 2197 3014 [uidam
2230 2941 2702 2999 conscendentes
2739 2941 2800 2999 in
2839 2942 2993 2999 mari
3029 2958 3233 3000 moras
3268 2944 3525 3019 trahere,
3546 2948 3606 3003 et

240 3026 460 3088 Ἐκεῖνος
514 3030 603 3100 μεν
657 3024 744 3081 οὖν
809 3035 883 3099 τῷ
944 3027 1117 3106 ἀθρόῳ
1166 3036 1260 3082 τοῦ
1328 3030 1630 3104 πράγματος
1681 3048 1840 3104 ταρα·

1973 3030 2105 3086 :irca
2139 3029 2389 3102 insulas,
2453 3030 2728 3088 Leucada
2780 3046 2998 3106 nempe
3063 3037 3120 3089 et
3180 3032 3601 3106 Cephalenem,

237 3117 390 3188 χθεὶς
418 3115 511 3169 οὐκ
542 3115 679 3190 εἶχεν
739 3119 842 3177 ὅπη
898 3127 995 3191 γῆς
1052 3122 1233 3186 σταίη,
1287 3117 1393 3171 ἀλλ’
1442 3117 1490 3171 ἐν
1546 3118 1851 3196 πλοιαρίοις

1977 3118 2254 3176 livertere.
2274 3118 2387 3177 Sed
2398 3119 2648 3193 quando
2660 3119 2818 3176 illius
2829 3119 2983 3176 ﬁlius
3001 3121 3239 3194 spurius
3252 3123 3511 3179 Joannes
3524 3122 3605 3179 ad

234 3203 482 3278 ἐμϐάντες
525 3206 680 3271 αύτός
708 3226 765 3261 τε
792 3211 883 3261 καὶ
912 3209 1073 3270 ὁυὶὀς
1116 3207 1276 3261 αὐτοῦ
1314 3211 1613 3282 Νικηφόρος
1666 3213 1757 3263 καὶ
1801 3211 1833 3270 ἡ

1974 3225 2107 3272 lum,
2130 3213 2198 3265 ut
2215 3208 2545 3275 innuimus,
2558 3210 2825 3278 accessit,
2841 3215 3023 3268 exuta
3038 3210 3312 3269 socordia
3326 3212 3602 3283 segnitie-

234 3294 468 3368 σύζυγος
503 3298 689 3350 τούτου
740 3300 833 3350 καί
867 3316 997 3360 τινες
1037 3305 1138 3351 τῶν
1196 3296 1358 3351 αὐτοῦ
1405 3299 1503 3361 τοίς
1559 3295 1836 3375 διατριϐὰς

1976 3314 2065 3374 [ue
2076 3299 2351 3372 deposita
2362 3300 2592 3357 animos
2604 3314 2912 3357 assumens
2924 3304 3117 3358 Artam
3133 3301 3604 3359 contendere.Eo

229 3386 279 3437 ἂν
333 3393 396 3460 τῇ
458 3385 684 3460 θαλάττῃ
759 3385 983 3455 ἕποιουν,
1031 3388 1123 3451 τάς
1189 3405 1244 3440 τε
1292 3391 1488 3450 νήσους
1542 3389 1638 3451 τὰς
1687 3388 1839 3464 πέριξ

1976 3388 2166 3462 ιρριιιε
2175 3405 2242 3445 us
2255 3389 2409 3446 cives
2421 3389 2731 3447 universos
2744 3390 2802 3447 in
2817 3406 2877 3447 se
2890 3405 3227 3464 propensos
3239 3392 3604 3465 comperiens

226 3480 559 3548 καταγώγιον
589 3472 754 3548 εἶχον,
806 3472 1058 3531 Λευκάδα
1088 3472 1298 3537 δηλαδὴ
1347 3481 1439 3530 καὶ
1458 3479 1564 3541 ’τὰς
1592 3484 1693 3531 τῶν
1747 3484 1839 3532 Κε-

1973 3477 2088 3535 sub
2108 3477 2332 3535 ditione
2359 3493 2603 3553 quoque
2638 3495 2748 3536 sua
2785 3478 2865 3536 ad
2902 3480 3071 3536 illum
3110 3480 3272 3537 diem
3302 3481 3599 3539 Bonditzae

228 3563 485 3638 φαλήνων.
538 3563 676 3618 Ἀλλ’
753 3563 859 3620 ἐπεὶ
912 3568 939 3618 6
994 3567 1183 3620 τούτου
1218 3567 1366 3631 νόθος
1436 3568 1550 3630 υἱὸς
1593 3567 1837 3630 Ἰωάννης

1973 3566 2238 3639 »ρβὶάιιω
2259 3568 2672 3640 remanserat),
2700 3584 2856 3641 quos
2878 3567 2960 3625 ibi
2976 3567 3242 3641 offendit,
3269 3569 3449 3626 simul
3479 3570 3601 3626 col-

224 3657 359 3727 πρός
414 3654 568 3708 αὐτὸν
599 3653 777 3730 ἀπῄει,
807 3656 947 3709 καθά
998 3652 1317 3723 δεδήλωται,
1382 3654 1681 3733 ἀναρρωσθη
1738 3665 1836 3721 τῆς

1972 3656 2126 3725 sctis,
2151 3660 2387 3713 nostros
2405 3656 2480 3713 de
2500 3657 2723 3714 ﬁnibus
2750 3661 2905 3715 Artes
2931 3657 3190 3732 expellit,
3219 3661 3276 3714 et
3304 3659 3600 3717 Joannina

223 3744 510 3820 ῥᾳθυμίας,
604 3748 696 3797 καὶ
766 3747 851 3798 τὸν
918 3748 1063 3798 ὄκνον
1119 3743 1527 3819 ἀποσεισάμενος
1580 3745 1665 3801 ἐπὶ
1739 3751 1834 3806 τὴν

1971 3744 2289 3804 ὼείάθηῑεε
2306 3747 2544 3819 longius
2555 3747 2633 3805 ab
2651 3746 2966 3805 obsidione
2991 3753 3274 3805 removet.
3292 3748 3386 3807 Sic
3397 3748 3599 3807 denuo

224 3830 425 3907 ’Ἃρταν
478 3829 715 3896 ἐϐάδιζε.
777 3834 1002 3889 Κάκεῖσε
1058 3830 1126 3894 δὴ
1184 3832 1481 3909 ἀφιγμένος,
1538 3835 1649 3890 ἐπεὶ
1715 3839 1838 3901 τοὺς

1971 3839 2216 3894 tomana
2252 3853 2349 3894 res
2416 3836 2601 3910 afﬂigi
2663 3838 2858 3911 erepit,
2925 3841 2983 3895 et
3018 3854 3156 3913 quas
3194 3837 3599 3911 imperatoriis

230 3923 430 3986 πάντας
486 3924 766 3998 οἰκήτορας
828 3927 1237 3999 προσκειμένους
1291 3924 1431 3999 εὗρεν
1491 3925 1654 3998 αὐτῷ,
1722 3923 1836 4000 εἶχε

1970 3925 2465 3984 thortationibus
2503 3942 2789 4002 prospere
2842 3931 3013 4000 gesta
3058 3927 3315 3996 fuerant,
3370 3927 3598 3984 ducum

233 4006 297 4064 δὲ
322 4015 411 4065 καὶ
439 4015 496 4066 τὸ
546 4022 644 4076 τῆς
681 4010 971 4077 Βονδίτζης
1016 4014 1154 4068 ἄστυ
1192 4017 1337 4089 παρά
1386 4020 1480 4069 τοῦ
1508 4019 1694 4091 μέρους
1720 4019 1837 4071 τού-

1972 4015 2349 4074 nobedientia
2369 4032 2441 4074 ac
2470 4017 2748 4074 socordia
2768 4017 2827 4074 in
2882 4017 3138 4074 nihilum
3180 4017 3301 4073 fere
3331 4020 3437 4074 aut
3457 4016 3600 4073 satis

224 4119 320 4154 του
385 4106 748 4180 κρατούμενον,
824 4108 1129 4177 συναγαγὼν
1186 4106 1307 4165 τοὺς
1379 4103 1543 4159 έκεῖσε
1594 4106 1833 4180 εὑρισκο-

1972 4121 2162 4163 larum
2199 4106 2444 4163 redacta
2483 4111 2645 4165 sunt.
2706 4107 2942 4163 Interim
3001 4106 3382 4179 imperatoris
3419 4105 3600 4162 frater

221 4196 409 4266 μένους
462 4196 582 4257 τοὺς
639 4196 922 4271 ἡμετέρους
977 4202 1077 4248 τῶν
1123 4195 1276 4270 ὁρίων
1319 4201 1416 4258 τῆς
1466 4193 1672 4271 "Apfw;
1724 4195 1834 4261 ἑξή-

1973 4210 2201 4252 oannes
2267 4195 2711 4253 sebastocrator
2768 4199 2824 4253 et
2862 4211 3032 4253 socer
3095 4195 3255 4252 illius
3293 4194 3600 4253 'l‘ornicius

217 4282 398 4339 λασεν.
454 4282 611 4339 Ἀλλά
665 4289 756 4338 καὶ
810 4287 933 4349 τοὺς
978 4284 1382 4361 πολιορκοῦντας
1424 4287 1520 4348 τὰς
1571 4287 1834 4341 Ἰωάννινα

1969 4285 2367 4343 Ionstantiuus
2380 4302 2586 4359 pugna
2597 4286 2840 4343 dimissa
2854 4286 2932 4343 ad
2947 4286 3365 4360 imperatorem
3380 4287 3597 4362 Lamp-

221 4375 432 4448 μακρὰν
500 4381 600 4428 τῶν
670 4375 979 4430 Ἰωαννίνων.
1036 4379 1336 4434 πεποίηκεν.
1385 4374 1537 4429 Ούτω
1598 4379 1689 4451 μὲν
1743 4374 1831 4431 οὖν

1968 4375 2155 4433 ιιιοίοο
2182 4380 2450 4448 tempore
2477 4391 2679 4433 moras
2710 4376 3046 4433 trahentem
3075 4380 3365 4432 remeant.
3399 4375 3596 4448 Impe-

220 4461 403 4537 ἀρχὴν
457 4471 631 4516 κακῶν
699 4466 767 4517 τὰ
824 4471 925 4517 τῶν
980 4462 1244 4538 Ῥωμαίων
1298 4463 1478 4538 εἴληχε
1522 4468 1826 4540 πράγματα,

1970 4468 2102 4523 ator
2130 4465 2665 4522 sebastocratorem
2677 4467 2968 4523 Joannem
2995 4465 3391 4539 despotarum
3407 4464 3597 4536 digni.

215 4556 313 4605 καὶ
371 4554 439 4607 τὰ
474 4552 647 4617 καλῶς
696 4560 809 4615 ταῖς
862 4551 1169 4627 βασιλικαῖς
1235 4552 1577 4628 συμϐουλίαις
1621 4574 1830 4630 γεγενη-

1966 4559 2056 4613 ate
2081 4554 2399 4613 adornavit
2417 4555 2497 4612 ob
2521 4555 2828 4612 victoriam
2845 4559 3078 4629 partam
3102 4570 3517 4625 remunerans,
3537 4560 3594 4613 et

219 4645 351 4714 μένα
422 4650 540 4704 ταῖς
598 4650 700 4695 τῶν
751 4645 1182 4719 στρατηγούντων
1249 4641 1514 4707 ἀνηκοίαις
1563 4648 1653 4698 καὶ
1707 4646 1830 4699 ἀτα-

1959 4648 2003 4702 1t
2024 4659 2096 4701 ea
2111 4643 2398 4715 dignitate
2427 4644 2724 4717 personis,
2742 4644 3105 4717 quibuscum
3123 4644 3284 4702 bella
3303 4649 3587 4715 gesserat,

221 4729 359 4794 ξίαις
385 4731 455 4793 εἰς
490 4735 551 4786 τὸ
579 4729 746 4806 μηδεν
800 4729 998 4806 σχεδὸν
1028 4732 1058 4793 ἡ
1110 4736 1200 4786 καὶ
1244 4733 1380 4786 πάνυ
1430 4736 1651 4808 σμικρὸν
1704 4754 1828 4788 κατ-

1959 4733 2338 4807 lespotacum
2366 4732 2630 4807 despotis
2652 4733 2983 4815 conﬂigens
3012 4737 3374 4807 exaequaret,
3414 4735 3587 4790 Soce-

218 4823 533 4882 ηντήκασιν.
581 4821 641 4876 '0
684 4825 776 4897 μὲν
832 4819 921 4877 οὖν
977 4817 1298 4896 αὕτάδελφος
1351 4829 1445 4877 τοῦ
1489 4821 1746 4898 βασιλέως
1796 4825 1823 4878 6

1956 4839 2071 4881 'um
2096 4838 2234 4882 vero
2262 4822 2418 4881 illius
2435 4822 2894 4882 Constantinum
2910 4823 3272 4892 Tornicium,
3291 4837 3474 4896 magn
3484 4838 3584 4880 um

208 5044 403 5103 νοίκῶς
437 5043 558 5117 περὶ
596 5039 786 5103 αὐτοὺς
814 5041 1008 5114 ἔχοντα
1035 5061 1047 5075 ·
1075 5039 1135 5117 οᾼύ
1176 5041 1278 5117 γᾲρ
1333 5040 1503 5104 καλῶς
1560 5039 1861 5117 έχρήσαντο
1912 5043 2136 5117 τούτοις.
2173 5042 2275 5117 ΔΔιά
2320 5045 2494 5117 ταΰαα
2538 5043 2628 5093 καὶ
2768 5040 3178 5117 περιφανεστάτη
3243 5037 3413 5117 ἐκείνηΔ
3460 5041 3581 5117 νίκη

204 5112 343 5193 πρός
374 5109 689 5193 *τούναντίον
735 5109 1058 5193 κρχῦρηκεν.
1096 5111 1156 5165 Ὀ
1178 5109 1265 5193 ζδὲ
1304 5114 1453 5193 νόθος
1496 5109 1738 5175 υἱόςἾτοῦ
1792 5113 2017 5193 Μιχαὴλ
2064 5113 2304 5193 Ἰωάννης
2350 5115 2489 5193 κατά
2533 5119 2633 5193 τῶν
2687 5109 2924 5193 Λατίνων
2976 5116 3273 5193 κεᾈωρηκε,
3332 5114 3422 5193 καὶ
3487 5114 3584 5193 τὴν

209 5179 482 5260 ἱξεϐαδίαν
520 5179 892 5260 παραμείψας’
922 5186 1017 5248 τὰς
1089 5183 1267 5260 ρὴϐας
1310 5182 1608 5254 έσκύλευσε,
1661 5189 1755 5260 τήν
1806 5179 2225 5260 δἠἡνῌῶᾅινεν
2279 5182 2529 5260 ἀπίστίαν
2577 5182 2650 5260 εἰς
2704 5188 2969 5260 προῦπτον
3027 5179 3280 5260 ἓξύιρηνελ
3318 5186 3409 5235 καὶ
3473 5183 3586 5260 μετ’

204 5251 379 5332 ᾷλλων
449 5250 686 5332 ἀποδρὰς
760 5250 893 5327 πρὸς
960 5259 1048 5332 τὸν
1110 5254 1413 5332 ἀποστάτην
1472 5250 1673 5332 πατέρα
1705 5257 1837 5332 ﬁn,
1903 5256 2015 5332 μεθ’
2060 5257 2122 5310 οὗ
2167 5255 2460 5332 πλοιαρίοις
2510 5250 2754 5332 ἐμϐάντι-ς
2796 5256 2886 5315 τὰς
2938 5250 3217 5332 ᾇιατριϐἀς
3265 5256 3313 5306 ἓν
3371 5260 3434 5327 τῇ
3473 5250 3585 5332 ’θα-

200 5325 411 5415 λάσσῃν
458 5325 682 5383 ἐποίουν.
760 5325 949 5417 ςρμως
1012 5326 1335 5404 ἀνερῥώσθη,
1390 5331 1481 5417 xu:
1539 5325 1656 5403 περὶ
1702 5325 1913 5402 "Apr-«9'
1953 5327 2247 5417 ἀφιγμένος,
2302 5325 2411 5381 ἐπεὶ
2492 5325 2611 5387 τοὺς
2660 5327 2858 5388 πάντας
2912 5325 3191 5401 οἰκήτορας
3260 5325 3582 5398 προσκειμέ-

239 5399 665 5417 ηπν.-
910 5400 1574 5417 ...-.....
1708 5401 1726 5416 υ
2132 5403 2258 5415 _.
2509 5400 2521 5415 ,

194 5414 321 5458 νους
354 5395 494 5471 εὗρεν
532 5399 694 5470 αὐτῷ,
735 5395 848 5452 εἶδέ
873 5396 932 5452 δὲ
978 5404 1068 5474 καὶ
1097 5395 1155 5453 τό
1204 5408 1320 5474 τῆς.
1348 5395 1638 5474 Ιξονδίτζης
1690 5395 1826 5474 ᾄστυ
1873 5395 2018 5474 παρά
2053 5395 2151 5453 ’τοῦ
2195 5403 2381 5474 μέρους
2435 5400 2628 5474 τούτου.
2670 5400 3042 5474 κρατούμενον2
3092 5395 3403 5474 συναγαγριν
3442 5395 3572 5474 πάν-

197 5457 313 5530 τας
363 5457 487 5532 τοὺς
534 5457 815 5545 ἡμετέρους
866 5478 961 5534 τῆς
1024 5469 1223 5545 ’Ἃρτης
1284 5470 1562 5546 έξὴλασενε
1614 5470 1770 5546 Ἀλλά
1819 5476 1914 5524 καὶ
1949 5457 2077 5533 τοὺς
2124 5457 2530 5546 πολιορκοῦντας
2560 5471 2645 5546 ⁵τα
2692 5457 2974 5546 ξἸωάννίνα,
3030 5468 3090 5522 Ὀ
3122 5472 3233 5546 Δμεν
3293 5465 3382 5521 οὖν
3414 5467 3579 5546 σεβα-

198 5541 511 5615 στοκράτωρ
552 5536 792 5604 Ἰωάννης
829 5546 922 5595 καὶ
965 5536 1234 5618 Τορνῖκιος
1256 5543 1306 5619 _6
1361 5544 1599 5615 πενθερός
1642 5543 1801 5597 αὐτοῦ
1848 5546 1975 5619 πρὸς
2018 5546 2104 5619 τόν
2148 5536 2511 5618 αὐτοκράτορα
2553 5540 2840 5619 ἐπανῄεσαν
2870 5560 2896 5619 ι·
2945 5536 3153 5619 ῥν-καῖ
3184 5547 3261 5619 τῇ
3302 5547 3404 5619 τῶν
3430 5536 3578 5619 βεσ-

192 5609 369 5667 ποτῶν
424 5609 694 5688 τετίμηκεν
747 5609 1046 5690 ἀξιώματι,’
1088 5617 1176 5668 τὸν
1244 5609 1304 5667 δὲ
1357 5609 1624 5690 Τορνίκιον
1675 5622 1747 5687 τῷ
1802 5609 1902 5669 τῶν
1971 5609 2482 5690 σεϐαστοκρατόρων,
2539 5616 2628 5690 καὶΣ
2822 5609 3165 5690 οςῧτάᾷελφον-
3198 5609 3360 5665 αὐτοῦ
3421 5617 3571 5690 ΔΚων-

201 5689 476 5737 σταντῑνον
534 5668 1028 5763 ’σεϐαστοκράτορά
1073 5668 1454 5759 κατωνόμασεε).
1520 5686 1676 5741 Ἀλλά
1716 5670 1820 5740 ’καὶ
1886 5688 1974 5740 τόν
2036 5668 2496 5763 Στρατη’γόπόυ).ον
2553 5683 2776 5746 Ἀλέξων
2835 5680 2908 5737 δι’
2965 5668 3212 5743 ἄπιστολῆ
3224 5704 3247 5746 ς
3321 5686 3568 5755 τετίμηκε

204 5759 478 5832 Καίσαρα.
