4124 6392
231 352 372 408 1813
1763 342 2109 401 ΛΝΝΑῙΑΕΞ-
3455 351 3597 410 1214

223 477 316 526 καὶ
393 477 576 543 πρῶτα
774 467 865 524 τὰς
951 471 1052 516 τῶν
1103 466 1396 530 Βενετίκων,
1461 461 1568 514 εἶτα
1614 470 1722 515 τῶν
1793 463 1957 516 ἄλλων
2034 472 2214 536 γενῶν,
2282 464 2344 526 ἃς
2399 470 2489 518 καὶ
2557 470 2810 540 Κάμπους
2860 474 2973 541 (12)
3029 473 3417 546 κατωνόμαξον.
3464 474 3606 528 Ἐπεί

224 558 286 615 δὲ
360 556 498 612 εἶδον
577 555 690 627 (13)
746 559 840 612 τὴν
914 552 1062 605 πόλιν
1136 551 1562 627 πυρπολουμένην
1637 554 1686 603 οἱ
1727 561 1826 605 τῶν
1875 558 2132 619 Λατίνων,
2203 556 2298 616 τὰς
2386 558 2604 629 παρειὰς
2651 565 2762 618 ταῖς
2812 565 2973 632 χερσὶ
3029 561 3308 632 τύψαντες,
3371 567 3461 615 καὶ
3513 561 3604 615 λα-

221 650 390 710 ϐόντες
466 649 620 706 ὅσους
697 639 956 702 ἠδύναντο
1030 640 1170 704 ἐντὸς
1239 649 1337 703 τῶς
1418 645 1668 716 τριήρεων
1740 642 1909 694 αὐτῶν
1966 647 2055 694 καὶ
2119 650 2220 694 τῶν
2273 643 2462 695 λοιπῶν
2517 644 2730 716 πλοίων,
2783 649 3224 724 ὑπανεχώρησαν,
3271 656 3398 722 μιᾶς
3453 656 3604 723 τριή-

221 760 336 816 ρως
403 737 520 806 (14)
597 734 672 796 εἰς
755 736 814 784 τὸ
902 736 1041 804 μέγα
1096 731 1345 784 παλάτιον
1421 729 1740 792 ἀπελθούσης
1809 736 1901 784 καὶ
1975 728 2356 805 ἀναδεξαμένης
2410 737 2496 786 τὸν
2557 731 2867 788 Βαλδουῐνον
2919 737 2970 790 ἐν
3026 748 3146 812 χρῷ
3198 749 3288 800 τῆς
3335 741 3593 814 ξωγρείας

219 833 514 900 γενόμενον.
571 827 672 876 Καὶ
739 827 908 874 ταῦτα
962 823 1053 891 μὲν
1132 820 1267 872 οὕτω
1341 817 1520 881 ξυνέϐη
1592 820 1728 890 (15),
1788 825 1877 872 καὶ
1933 821 1964 879 ἠ
2024 826 2416 874 Κωνσταντίνου
2471 829 2688 895 προνοίᾳ
2741 833 2876 878 Θεοῦ
2924 831 3014 878 καὶ
3076 823 3228 888 αὖθις
3281 830 3384 881 ὑπὸ
3436 836 3608 903 χεῖρα

222 924 318 970 τοῦ
399 913 676 988 βασιλέως,
738 917 836 961 τῶν

223 1101 325 1146 τῶν
355 1092 558 1165 ἐχθρῶν
584 1091 907 1161 κρατουμένη
931 1090 1160 1162 χρόνους
1186 1091 1510 1144 πεντήκοντα
1530 1093 1616 1137 καὶ
1646 1088 1799 1141 ὀκτώ.

917 909 1181 981 Ῥωμαίων
1261 908 1454 978 ἐγένετο
1522 909 1658 960 κατὰ
1733 908 1884 980 λόγον
1967 905 2172 962 δίκαιον
2251 930 2304 963 τε
2379 915 2467 962 καὶ
2529 917 2889 983 προσήκοντα,
2947 915 3167 968 Ἰουλίου
3222 917 3462 975 εἰκοστὴν
3518 922 3606 969 καὶ

224 1009 464 1077 πέμπτην
547 1002 780 1072 ἄγοντος,
855 1001 1015 1059 οὔσης
1099 996 1447 1069 ἐπινεμήσεως
1523 999 1793 1072 τετάρτης,
1870 1003 1960 1050 καὶ
2019 998 2120 1051 ἀπὸ
2192 1003 2432 1070 γενέσεως
2505 1005 2709 1073 κόσμου
2790 1006 2938 1066 ἔτους
3021 1009 3161 1065 ὄντος
3234 1004 3414 1077 gul/£9,

3505 1007 3605 1060 ὑπὸ

296 1180 405 1244 πςί.
451 1184 577 1252 Περὶ
627 1184 752 1250 γοῦν
826 1180 885 1228 τὸ
941 1181 1229 1249 Μετεὼριον
1315 1180 1432 1227 τότε
1481 1180 1832 1244 σκηνουμένου

2013 1179 2103 1232 86.
2163 1179 2242 1231 Ea
2295 1182 2644 1250 tempestate
2705 1179 3033 1251 imperator
3112 1186 3309 1238 castra
3398 1184 3605 1238 Meteo-

221 1277 316 1323 τοῦ
371 1267 658 1342 βασιλέως,
727 1263 974 1328 ἐξαπίνης
1031 1270 1176 1337 φήμη
1240 1284 1314 1324 τις
1369 1266 1570 1338 νύκτωρ
1615 1267 1681 1316 τὰ
1736 1273 1835 1316 τῶν

222 1358 420 1413 πολλῶν
492 1353 902 1427 πιριιϐόμϐησεν
987 1353 1164 1414 ἀκοάς.
1248 1353 1306 1406 Ἠ
1353 1349 1412 1405 δὲ
1494 1360 1638 1425 φήμη
1723 1355 1838 1422 (16)

222 1449 370 1520 παρά
414 1441 703 1517 παιδαρίου
749 1446 890 1504 τινὸς
919 1439 1252 1514 αύταδελφης
1307 1449 1399 1493 τοῦ
1456 1440 1711 1513 βασιλεως
1749 1449 1840 1501 τῆς

227 1535 608 1609 ὀδομοξομένης
667 1535 759 1604 μὲν
833 1531 1078 1604 Εἰρήνης,
1141 1527 1236 1582 διὰ
1289 1527 1348 1582 δὲ
1403 1536 1496 1582 τοῦ
1549 1526 1838 1600 μοναδικοῦ

231 1629 510 1697 σχήματος
573 1621 1054 1694 μιτονομασθιίσης
1113 1616 1386 1690 Εὖλογίας,
1471 1616 1525 1669 ἐκ
1597 1626 1697 1670 τῶν
1743 1626 1838 1680 τῆς

229 1715 472 1773 Βιθυνίας
518 1718 682 1783 μερῶν
752 1709 878 1782 παρ’
940 1707 1102 1766 αὐτὴν
1191 1706 1522 1781 ἀφικομένου,
1607 1705 1663 1768 ὃς
1720 1708 1838 1758 καθ’

227 1797 352 1854 ὁδόν
428 1798 742 1872 ἐμεμαθήκει
810 1797 954 1870 παρά
1039 1815 1129 1848 του
1180 1803 1279 1847 τῶν
1325 1794 1623 1866 Ῥωμαϊκῶν
1683 1813 1840 1867 στρα-

224 1890 493 1962 τευμάτων
536 1886 727 1939 ἁλῶναι
774 1890 868 1944 τὴν
919 1889 1335 1939 Κωνσταντίνου.
1398 1884 1482 1944 Ὠς
1537 1881 1652 1955 εἶχε
1712 1891 1838 1955 γοῦν

223 1980 424 2049 τάχους
477 1978 508 2035 ἡ
577 1983 670 2028 τοῦ
733 1973 996 2047 βασιλέως
1057 1973 1482 2044 αὐτοκασιγνήτη
1540 1975 1685 2045 παρὰ
1752 1975 1838 2024 τὸν

227 2065 454 2140 βασιλέα
501 2063 754 2136 ἀφιγμένη
811 2059 1278 2135 καταδαρθάνοντα
1330 2068 1510 2113 τοῦτον
1567 2061 1701 2135 εὗρε,
1747 2065 1837 2112 καὶ

228 2156 402 2230 ἠρέμα
440 2174 550 2215 πως
578 2151 726 2204 ἐκίνει
779 2151 932 2203 αὑτὸν
990 2159 1052 2224 τῇ
1113 2155 1281 2224 χειρὶ,
1323 2151 1454 2210 ὅπως
1511 2151 1570 2200 ἀν
1635 2169 1695 2221 γε
1749 2155 1839 2201 καὶ

232 2244 652 2318 ἐγρηγορήσειιν,
707 2241 1033 2314 ἰσχυροτέρᾳ
1079 2247 1142 2313 τῇ
1197 2247 1335 2312 φωνῇ
1395 2238 1724 2309 ύπολέγουσα
1770 2239 1840 2300 ὼς

234 2337 522 2403 Κατέσχες,
583 2327 622 2381 ὦ
688 2329 930 2402 βασιλεῦ,
981 2333 1074 2387 τὴν
1133 2327 1692 2382 Κωνσταντινούπολιν.
1739 2332 1840 2381 Καὶ

231 2421 474 2480 πολλάκις
544 2426 697 2471 τοῦτο
770 2418 984 2492 εἰρήκει,
1057 2422 1148 2469 καὶ
1223 2418 1250 2468 ὁ
1326 2415 1577 2490 βασιλεὺς
1637 2415 1841 2489 ἐπέμενε

1941 1265 2010 1320 rii
2046 1263 2447 1336 disposuerat.
2506 1271 2808 1340 noctuque
2863 1285 2934 1325 ex
3002 1270 3335 1342 improviso
3395 1285 3604 1326 rumor

1939 1353 2191 1428 quidam
2217 1355 2367 1408 inter
2383 1355 2709 1410 multorum
2731 1372 2906 1412 aures
2933 1360 3547 1430 perstrepuit.Rumor
3565 1375 3604 1414 a

1944 1441 2181 1496 servulo
2220 1441 2488 1513 quodam
2533 1445 2756 1500 sororis
2815 1446 3194 1521 imperatoris
3234 1451 3451 1517 lrenes,
3497 1446 3604 1503 sed

1943 1533 2187 1600 propter
2199 1531 2609 1607 monasticum
2622 1532 2897 1590 habitum
2913 1533 3172 1604 Eulogiae
3205 1533 3555 1599 nominatae,
3574 1550 3606 1588 e

1946 1617 2211 1688 Bithynas
2242 1618 2510 1688 partibus
2543 1620 2620 1675 ad
2643 1621 2842 1693 ipsam
2863 1622 3152 1694 profecto,
3175 1623 3281 1695 qui
3306 1622 3369 1678 in
3396 1622 3606 1678 itinere

1943 1704 2261 1762 audierata
2274 1708 2557 1763 Romanis
2571 1710 2761 1781 copiis
2777 1715 3019 1782 captam
3033 1727 3161 1766 esse
3176 1710 3426 1783 Cpolim,
3441 1725 3608 1783 spar-

1944 1810 2047 1848 sus
2083 1793 2295 1849 fuerat.
2334 1794 2437 1851 Illa
2475 1811 2731 1869 propere
2773 1797 3201 1870 imperatorem
3242 1798 3604 1855 conveniens

1944 1899 2162 1940 somno
2217 1884 2480 1955 sopitum
2541 1885 2767 1942 invenit
2829 1900 2852 1957 ,'
2904 1903 3094 1958 quare
3160 1903 3301 1942 eum
3365 1885 3602 1958 placide

1942 1988 2206 2045 movere,
2239 1982 2296 2031 et
2316 1979 2380 2030 ut
2398 1973 2923 2041 excitaret,altiore
2952 1992 3099 2031 voce
3112 1975 3413 2048 proloqui,
3443 1997 3471 2024 »
3496 1977 3604 2030 Te-

1943 2077 2072 2132 nes,
2090 2080 2126 2119 o
2148 2064 2491 2136 imperator,
2520 2061 2767 2135 Cpolim.
2798 2063 3070 2135 »Saapius
3082 2064 3197 2119 hoc
3215 2062 3608 2136 repetiitzim-

1944 2157 2182 2224 perator
2203 2153 2491 2208 immotus
2515 2157 2678 2206 stans
2711 2168 2832 2207 non
2852 2151 3281 2225 respondebat.
3302 2154 3607 2207 Verumta-

1949 2257 2076 2296 men
2093 2258 2224 2296 cum
2238 2240 2338 2296 illa
2355 2256 2620 2296 sermone
2638 2245 2855 2296 mutato
2869 2240 3143 2296 dixisset:
3161 2263 3189 2290 ››
3207 2243 3414 2310 Surge,
3427 2239 3609 2312 impe-

1947 2335 2109 2386 rator
2124 2348 2136 2386 :
2154 2331 2425 2387 Christus
2439 2329 2541 2385 tibi
2557 2329 2785 2402 Cpolim
2807 2331 2849 2400 ι
2863 2329 2980 2402 46
2995 2329 3276 2400 elargitus
3289 2333 3396 2393 est,
3416 2349 3444 2378 »
3453 2328 3606 2385 lecto

1949 2433 2276 2489 assurgens
2294 2418 2698 2492 manibusque
2711 2417 2771 2473 in
2785 2417 3004 2474 cmlum
3023 2418 3301 2488 extensis,
3326 2437 3354 2466 »
3368 2417 3556 2484 Hunc,
3574 2439 3604 2467 ››

233 2507 398 2583 μηδέν
437 2529 490 2561 τι
538 2511 668 2582 πρὸς
713 2511 910 2567 ταύτην
957 2505 1468 2582 ἀνταποκρινόμενος.
1517 2507 1606 2567 Ὠς
1651 2503 1710 2560 δε
1753 2510 1840 2558 τὸν

1951 2506 2050 2562 ait‘
2071 2528 2099 2556 »
2115 2523 2475 2574 sermonem,
2492 2523 2680 2574 soror,
2696 2513 2752 2562 et
2771 2507 2902 2579 ipse
2914 2507 3264 2580 amplector,
3299 2507 3402 2562 sed
3423 2521 3606 2579 quem

233 2599 382 2671 λόγον
422 2595 664 2670 μετέϐαλε
710 2601 800 2648 καὶ
850 2595 1064 2670 εἰρηκει,
1125 2619 1152 2646 ‹‹
1216 2596 1521 2660 Ἀνάστηθι,
1577 2594 1795 2667 βασιλεῦ
1824 2617 1839 2629 ·

236 2690 261 2740 ὁ
289 2690 392 2762 γὰρ
441 2690 672 2761 Χριστὸς
724 2684 1088 2760 ἀπεχαρίσατό
1134 2704 1220 2737 σοι
1271 2689 1362 2743 τήν
1421 2688 1840 2738 Κωνσταντινού-

234 2777 397 2842 πολιν,
438 2798 465 2826 ››
495 2785 590 2837 τῆς
637 2775 814 2837 κλίνης
841 2772 1067 2836 ἀναστὰς
1103 2778 1193 2826 καὶ
1249 2777 1342 2835 τὰς
1387 2781 1570 2848 χεῖρας
1630 2774 1697 2835 εἰς
1758 2773 1842 2826 ού-

233 2870 384 2943 ρανὸν
415 2866 697 2932 ἀνατείνας,
721 2886 749 2912 ‹‹
774 2870 972 2916 Κοῦτον
1001 2867 1105 2936 μὶν,
1148 2886 1176 2912 ››
1209 2866 1301 2936 ἔφη
1329 2865 1462 2935 (17),
1496 2885 1524 2912 ‹‹
1548 2867 1634 2914 τόν
1668 2863 1838 2935 λόγον,

240 2952 279 3007 ὦ
311 2951 530 3027 ἀδελφὴ,
559 2958 647 3006 καὶ
672 2953 827 3014 αὐτὸς
866 2950 1117 3026 δέχομαι.
1151 2951 1245 3005 “Ov
1300 2949 1360 3004 δὲ
1402 2951 1554 3024 λόγον
1606 2955 1665 3004 τὸ
1707 2961 1841 3027 πρῶ-

239 3064 324 3096 τον
387 3041 544 3112 εἶπες,
600 3044 665 3104 ὡς
717 3052 814 3105 τῆς
865 3046 1252 3095 Κωνσταντίνου
1299 3044 1618 3116 κεκράτηκα,
1677 3037 1840 3094 ούδα-

239 3141 347 3206 μῶς
435 3127 772 3204 ἀποδέχομαι
830 3153 843 3164 ·
889 3139 994 3192 πῶς
1071 3135 1173 3205 γὰρ
1244 3129 1299 3182 ἐκ
1373 3137 1465 3182 τοῦ
1549 3136 1841 3203 Μετεωρίου

237 3220 495 3295 ἐγκρατὴς
553 3225 796 3292 γενοίμην
875 3227 972 3280 τῆς
1034 3223 1427 3272 Κωνσταντίνου
1479 3237 1497 3290 ;
1559 3217 1664 3270 ἀλλ’
1719 3215 1843 3271 οὐδὲ

240 3309 540 3384 στράτευμα
589 3305 703 3360 κατ’
769 3307 932 3369 αὐτῆς
1007 3306 1276 3379 ἀξιόλογον
1322 3311 1586 3380 πέπομφα.
1655 3311 1724 3360 Τό
1785 3303 1843 3360 δὲ

385 3405 554 3450 ταῦτα
629 3391 760 3450 εἶναι
809 3405 923 3467 Θεῷ
980 3401 1069 3449 καὶ
1149 3396 1303 3458 αὐτὸς
1355 3395 1698 3469 ξυνομολογῶ,
1752 3401 1843 3448 καὶ

242 3490 424 3540 θᾶττον
465 3484 525 3538 ἂν
576 3488 640 3538 τὰ
692 3493 882 3560 μικροῦ
929 3491 1020 3538 καὶ
1062 3481 1299 3538 ἀδύνατα
1341 3493 1445 3546 τοῖς
1489 3487 1561 3546 οἷς
1601 3483 1661 3536 ἂν
1719 3483 1844 3558 βού-

237 3576 377 3629 λοιτο
414 3582 716 3649 παρασχεῖν
755 3577 1048 3632 καθέστηκε
1110 3570 1349 3634 δυνατός.
1392 3593 1422 3625 >
1481 3573 1639 3626 Ταῦτ’
1690 3573 1842 3626 εἰπὼν

237 3668 358 3726 τοὺς
437 3663 484 3716 ἐν
567 3663 698 3716 τέλει
770 3662 855 3736 [Ρ.
946 3661 1069 3736 101]
1129 3664 1325 3724 πάντας
1381 3662 1706 3734 ξυνήθροισε,
1752 3682 1843 3714 και

237 3751 543 3806 ὶπυνθάνετο
603 3752 646 3805 εἰ
693 3751 860 3812 ἀληθῆ
922 3749 1068 3804 δοκεῖ
1123 3755 1303 3824 σφίσιν
1356 3751 1535 3812 αὐτοῖς
1591 3753 1654 3802 τά
1700 3753 1843 3826 παρὰ

237 3853 331 3906 τῆς
399 3848 595 3916 φήμης.
669 3846 770 3895 Καὶ
828 3842 876 3893 οἱ
950 3842 1040 3914 μὲν
1101 3842 1367 3892 συνέθεντο
1421 3837 1484 3891 τά
1536 3848 1636 3901 τῶς
1678 3839 1842 3910 λόγων
1873 3878 1912 3932 C

242 3929 588 3997 ἐπαληθεύειν,
630 3936 720 3983 καὶ
751 3929 983 3997 μάλιστα
1025 3927 1102 3990 οἷς
1149 3931 1178 3987 η
1226 3937 1327 3981 τῶν
1381 3933 1616 3982 Λατίνων
1665 3925 1842 3992 ἔξοδος

239 4017 600 4095 ἀκριϐέστερον
659 4017 957 4090 ἐπεγνώσθη
1013 4039 1025 4050 ·
1081 4019 1207 4069 ἔνιοι
1266 4013 1325 4069 δὲ
1372 4021 1458 4068 τὸν
1518 4015 1668 4089 λόγον
1716 4014 1842 4088 ἦγον

1950 2595 2214 2668 primum
2238 2595 2500 2663 dixeras,
2560 2612 2656 2651 me
2703 2595 2866 2668 Cpoli
2909 2595 3186 2668 potitum,
3236 2595 3402 2652 nullo
3432 2600 3608 2668 pacto

1950 2684 2196 2756 excipio.
2227 2686 2499 2750 Quanam
2533 2684 2694 2740 enim
2733 2684 2982 2750 ratione,
3023 2686 3127 2758 qui
3157 2685 3412 2741 Meteorii
3445 2701 3602 2756 sum,

1948 2773 2134 2846 polim
2183 2773 2501 2830 devicerim
2529 2773 2557 2826 ?
2609 2773 2712 2845 qui
2761 2787 2870 2828 nec
2908 2778 3106 2829 tantas
3145 2773 3348 2846 copias
3374 2773 3450 2829 ad
3471 2789 3608 2829 eam

1950 2861 2377 2919 debellandam
2410 2862 2720 2919 adornavi.
2755 2862 2865 2920 Sed
2889 2862 3020 2918 haec
3050 2863 3290 2919 Numini
3321 2862 3608 2919 facillima

1951 2967 2080 3007 esse
2093 2957 2149 3007 et
2161 2952 2291 3025 ipse
2305 2951 2512 3022 fateor,
2532 2951 2824 3024 citiusque
2837 2967 2907 3007 ac
2921 2952 3302 3008 commodius
3323 2967 3394 3008 ea
3405 2951 3605 3018 etiam,

1949 3056 2086 3113 quae
2098 3039 2221 3096 fieri
2237 3040 2402 3095 haud
2425 3055 2600 3112 posse
2622 3039 3155 3113 videntur,quibus
3185 3040 3312 3112 ipse
3334 3039 3606 3110 voluerit,

1951 3127 2278 3185 concedere
2309 3134 2645 3202 polensest.
2662 3151 2688 3179 »
2707 3129 2876 3195 Dixit,
2902 3128 3422 3202 omnibusquequi
3439 3128 3522 3184 ibi
3545 3127 3608 3184 in

1950 3218 2236 3288 dignitate
2291 3223 2460 3273 erant
2497 3218 2860 3290 convocatis,
2915 3233 2993 3274 an
3032 3235 3175 3274 vera
3213 3234 3285 3274 ea
3321 3233 3455 3274 esse
3493 3217 3608 3273 illis

1949 3307 2292 3363 viderentur
2321 3323 2457 3380 qua:
2488 3305 2652 3362 fama
2681 3306 3222 3377 circumferrentur,
3256 3307 3607 3376 interrogat.

1951 3395 2206 3462 Quidam
2223 3411 2340 3452 ann
2351 3411 2508 3462 uere,
2523 3411 2822 3451 rumorem
2835 3411 2977 3451 vera
2990 3397 3287 3462 nuntiare,
3304 3401 3360 3452 et
3375 3396 3616 3469 potissi-

1951 3500 2120 3540 mum
2149 3484 2188 3539 ii
2217 3485 2440 3556 quibus
2475 3485 2813 3540 Latinorum
2845 3485 3036 3540 exitus
3066 3485 3418 3558 exquisitius
3449 3501 3610 3541 com-

1952 3578 2153 3644 pertus
2173 3571 2385 3628 fuerat.
2409 3571 2518 3628 Alii
2543 3572 2822 3628 dubitare
2861 3576 2918 3627 et
2943 3573 3004 3628 in
3045 3573 3334 3643 ambiguo
3362 3589 3606 3645 ponere,

1948 3661 2053 3734 qui
2074 3661 2291 3716 divinae
2304 3661 2534 3732 judicia
2565 3659 2955 3734 providentiae
2984 3675 3106 3716 non
3141 3668 3414 3717 accurate
3446 3665 3610 3718 tene-

1948 3755 2099 3817 rent,
2131 3752 2556 3808 ratiocinantes
2584 3767 2711 3808 rem
2743 3748 3148 3808 editﬂcillimis
3164 3767 3299 3808 esse
3321 3757 3378 3807 et
3397 3769 3468 3808 ex
3493 3751 3609 3808 illis

1949 3855 2083 3912 quae
2113 3839 2335 3896 nonita
2353 3838 2510 3896 facili
2540 3841 2782 3910 negotio
2821 3845 3212 3913 peraguntur.
3246 3841 3311 3895 In
3350 3839 3443 3896 his
3481 3856 3609 3897 ser-

1952 3929 2239 3985 monibus
2267 3930 2458 3984 noctis
2483 3930 2743 4001 spatium
2777 3929 3120 3999 evigilatum
3150 3934 3239 3986 est
3286 3948 3298 3985 :
3341 3930 3443 3986 ubi
3482 3929 3610 3986 dies

1952 4018 2143 4090 caepit,
2179 4034 2318 4090 spes
2339 4034 2550 4074 omnes
2575 4023 2771 4074 tenere
2797 4017 2875 4073 ab
2904 4020 3184 4085 exercitu,
3218 4019 3323 4090 qui
3353 4033 3496 4075 vera
3522 4035 3608 4074 re-

1123 4113 1471 4181 Theodori
1520 4115 1771 4182 Dousa:
1821 4123 1887 4182 et
1934 4115 2189 4182 Leonis
2237 4115 2469 4182 Allatii
2519 4117 2722 4184 netae.

234 4236 364 4288 tum
386 4231 732 4302 Latinorum
761 4247 833 4287 ex
855 4229 1054 4286 insula
1086 4230 1446 4302 Daphnusia.
1477 4229 1560 4302 Illi
1583 4235 1843 4301 quatuor

234 4307 293 4359 in
311 4303 459 4359 locis
472 4301 683 4358 urbem
699 4299 1289 4373 incensam,eamque
1303 4299 1568 4373 ﬂammis
1588 4299 1841 4373 circum-

233 4374 438 4430 datam
462 4392 474 4440 ;
497 4373 1049 4441 Acropolitaignem
1069 4371 1408 4427 immissum
1426 4371 1484 4426 in
1497 4372 1840 4427 Latinorum

235 4445 396 4518 aedes
423 4459 612 4518 prope
642 4443 804 4518 littus
826 4444 1113 4518 jacentes,
1130 4459 1281 4518 quas
1296 4446 1554 4518 Campos
1569 4443 1839 4518 appella-

234 4517 403 4573 bant.
427 4513 613 4587 idque
639 4513 860 4587 factum
894 4513 1519 4587 consilio—cujusdam
1565 4513 1835 4587 Joannis,

238 4588 342 4660 qui
373 4584 564 4644 fuerat
592 4584 856 4642 famulus
876 4585 1167 4655 Balduini,
1187 4584 1367 4642 tradit
1391 4585 1839 4656 Pachymerius,

240 4675 302 4730 p.
333 4662 450 4715 146.
492 4665 627 4713 ALL.

312 4731 424 4798 (22)
477 4731 748 4800 Κάμπους.
793 4729 856 4783 G.
895 4725 1156 4800 Codinus
1209 4725 1278 4800 in,
1329 4723 1532 4780 libello
1559 4725 1632 4800 de
1657 4725 1838 4800 rebus

241 4791 442 4871 patriis
476 4791 746 4872 Cpoleos,
775 4797 1151 4872 quemfrater
1171 4791 1342 4872 meus
1374 4797 1738 4872 G_eorgius_P.
1764 4799 1837 4872 Μ,

235 4868 312 4926 de
343 4868 547 4928 Graeco
572 4869 633 4926 in
669 4868 936 4925 Latinum
974 4868 1290 4935 transtulit,
1330 4868 1502 4938 cujus
1543 4868 1742 4922 statim
1775 4869 1836 4926 in

235 4942 530 5015 principio
553 4947 836 5015 notarum
865 4940 1272 5015 meminimus,
1304 4938 1401 5015 hic
1424 4939 1481 5015 in_
1515 4939 1630 5015 ﬁne
1663 4939 1835 4994 nobis

234 5008 313 5070 ad
341 5008 799 5084 explicationem
821 5009 1004 5084 hujus
1019 5009 1133 5084 loci
1152 5025 1272 5084 pra:
1291 5009 1518 5084 caeteris
1539 5008 1838 5084 advocan-

229 5087 349 5141 dus
379 5091 466 5139 est

223 5155 628 5227 (Theodosius
654 5150 886 5227 Iunior)
914 5150 1112 5204 ίκὲσίαν
1151 5155 1239 5204 καὶ
1275 5150 1422 5227 λιτὴν
1469 5151 1540 5212 εἰς
1587 5150 1674 5204 τὸν
1703 5154 1837 5227 κάμο

231 5222 331 5280 πον
353 5234 444 5301 τού
469 5224 830 5301 τριϐουναλίου
868 5226 1001 5301 μετά
1038 5231 1130 5301 τοῦ
1191 5225 1526 5301 πατρρὲρχου
1578 5222 1832 5301 ῌροκλου.

232 5299 335 5355 His
355 5295 512 5352 adde
541 5295 888 5353 Diaconum’:
917 5296 988 5350 Ut
1016 5295 1285 5351 timentes
1314 5295 1631 5363 Byzamtii'
1659 5301 1836 5352 extra

229 5369 640 5430 civitatem.z'n
655 5368 782 5423 loco
810 5366 1064 5434 Campus
1104 5367 1350 5433 dicitur,
1397 5369 1584 5420 essent
1624 5379 1838 5434 perse-

229 5445 531 5517 verantes,
543 5444 608 5517 et
631 5443 1022 5517 caeterahguaa
1044 5437 1103 5517 in
1127 5435 1374 5517 notis_ad
1398 5435 1690 5517 Codir_1_um
1713 5434 1834 5516 exi-

386 5481 736 5567 eriiditionis
758 5514 816 5564 et
826 5481 1146 5577 diligentiae
1169 5507 1256 5564 vir
1275 5508 1534 5562 Joannes
1551 5507 1836 5563 Meursius

228 5581 566 5638 adnotavit.
639 5583 843 5636 DOUSA.

306 5645 685 5726 (13))Ἐπιὶδὲ
733 5646 893 5706 εἶδον.
935 5651 1246 5720 Gregoras,
1276 5663 1336 5722 p.
1370 5651 1459 5705 87.
1488 5652 1624 5716 ALL,

521 5101 549 5164 ε.
580 5088 812 5164 Ποίὴσας
867 5079 1106 5165 ςιῄᾳυὶῐ)
1153 5079 1248 5164 οὖν
1275 5082 1330 5164 λδ
1374 5080 1538 5165 ἀὐτος
1588 5079 1837 5165 βασιλεὺς
1869 5081 1913 5135 Ι)

2024 4231 2157 4304 (14),
2203 4237 2343 4292 Μιᾶς
2431 4235 2667 4304 τριὴρεος
2734 4233 3176 4304 Gregoras,_p.
3243 4234 3334 4298 86,
3399 4232 3606 4290 scribit

1957 4301 2313 4356 Balduinum
2336 4301 2564 4374 cymba
2578 4307 2814 4374 arrepta
2842 4302 2984 4372 fuga
3000 4301 3252 4358 salutem
3273 4304 3604 4376 quaesiisse.

1950 4377 2086 4428 ALL.
2780 4377 2786 4383 '

2023 4444 2316 4514 (15),Καὶ
2390 4451 2554 4495 ταῦτα
2639 4447 2729 4514 μὲν
2797 4447 2932 4496 οὕτω
3008 4442 3213 4506 ξυνέϐη.
3293 4445 3604 4503 Phranza:

1955 4515 2088 4570 Tali
2111 4515 2282 4570 modo
2314 4516 2455 4570 urbs
2484 4515 2691 4582 ampla
2730 4517 2841 4571 illa
2875 4522 2932 4571 et
2967 4516 3206 4572 urbium
3245 4517 3608 4586 imperatﬁz

1949 4587 2183 4640 auxilio
2201 4587 2306 4642 Dei
2318 4587 2733 4655 omnipotentis
2759 4594 2812 4642 et
2829 4587 3083 4642 Caesaris
3093 4589 3314 4656 peritia
3327 4591 3606 4646 solertia-

1950 4671 2061 4726 que
2076 4657 2332 4711 militari
2342 4657 2411 4712 ab
2432 4658 2458 4711 Ι
2459 4662 2518 4713 ta
2529 4659 2554 4712 ι
2560 4673 2730 4712 orum
2750 4659 3178 4714 Latinorumve
3190 4661 3463 4715 manibus
3476 4663 3605 4716 υτή-

1947 4727 2256 4796 dicata,ad
2272 4727 2566 4784 Ramanos
2593 4731 2833 4784 tandem
2853 4735 3281 4797 postannorum
3308 4746 3514 4786 novem
3549 4739 3604 4787 et

1947 4799 2410 4868 quinquaginta.
2434 4801 2719 4855 mensium
2745 4801 2950 4868 trium,
2979 4801 3212 4855 dierum
3234 4807 3492 4870 quatuor
3520 4805 3606 4857 in-

1947 4870 2480 4948 tervallumfeditt.
2516 4872 2660 4948 cum
2687 4869 3027 4948 Acro’polita
3054 4869 3350 4948 consentit
3376 4873 3602 4948 Pachy‘

1945 4941 2168 4994 merius
2198 4956 2211 4994 :
2243 4941 2324 4992 Ἐν
2348 4944 2482 4992 ὀκτὼ
2521 4945 2702 5013 μόνοις
2753 4945 2883 5013 πρὸς
2929 4949 3038 5001 τοῖς
3095 4947 3414 5000 πεντήκοντα
3467 4941 3606 4996 ἔτεσι

1945 5014 2306 5084 κατεχομένης
2334 5021 2427 5073 τῆς
2449 5011 2642 5074 πόλεως
2667 5019 2776 5073 τοῖς
2793 5011 3044 5084 ἐχθροῖς
3081 5015 3218 5084 ALL.

1943 5079 2221 5207 AI‘(1'6)"H
2253 5079 2312 5134 δὲ
2339 5089 2514 5156 φήμη.
2586 5079 3033 5156 l‘achymerius,
3100 5082 3202 5138 lib.
3270 5099 3328 5144 ιι,
3388 5099 3442 5139 c.
3499 5088 3593 5142 26.

2034 5169 2082 5207 ι.

1995 5167 2082 5216 LL,

2015 5223 2128 5292 (17)
2164 5229 2356 5297 Τοῦτον
2395 5227 2485 5297 μεν
2539 5227 2653 5297 ἔφη.
2697 5227 3010 5294 Gregoras,
3042 5239 3134 5297 up.
3203 5225 3291 5290 86,
3338 5228 3405 5281 Et
3459 5231 3605 5284 nota

1944 5295 2267 5367 Gregoram
2294 5293 2613 5351 hic'dicere
2644 5293 2885 5367 captam
2919 5293 3145 5367 Cpolim
3176 5311 3212 5349 a
3247 5297 3381 5351 viris
3421 5305 3606 5354 octin-

1945 5365 2162 5434 gentis,
2191 5381 2541 5446 cum_supra
2570 5365 2817 5446 dixisset
2838 5365 2977 5422 eam
3008 5371 3247 5446 captam
3287 5370 3602 5446 a‘Caasare,

1944 5452 2080 5490 cum
2114 5451 2188 5510 ne
2217 5435 2613 5510 millenarium
2635 5437 2882 5510 quidem
2914 5435 3238 5510 exercitum
3279 5435 3601 5510 adducere,

1944 5521 2054 5582 nec
2078 5507 2581 5582 ullasimachinas
2603 5499 2681 5565 ad
2720 5508 3087 5582 dejiciendos
3101 5524 3315 5582 muros
3355 5499 3601 5582 paratas

1942 5577 2208 5652 haberet.
2237 5579 2653 5651 Pachymeres,
2694 5595 2753 5652 p.
2787 5577 2909 5636 {51.
2955 5579 3189 5636 Brevius
3226 5577 3600 5641 haec—eadem

1945 5649 2231 5706 Phranza.
2282 5649 2421 5707 ALL.
