4124 6418
499 356 635 416 ms
680 334 689 343 ’

1845 353 2139 414 GEORGII
2154 352 2619 414 ACROPOLITIE

3736 363 3908 419 l2i6

493 483 687 554 ferret,
719 481 1135 540 adventurum.
1150 483 1222 540 At
1238 483 1395 541 illius
1441 482 1621 541 etiam
1633 481 1750 539 diei
1765 481 2147 539 intervallum

2263 479 2650 556 ἒνὰμφιϐόλοις,
2686 479 2759 543 οἷς
2806 480 2892 544 ούς
2954 479 3003 535 ἄν
3057 484 3249 555 γνώσει
3291 482 3358 536 τὰ
3404 488 3502 547 τῆς
3561 482 3671 536 ἄνω
3743 491 3911 561 Προ-

497 571 885 640 consumitur,
918 575 975 629 et
991 572 1209 630 horum
1236 571 1387 630 nihil
1414 572 1824 631 annuntiatur.
1853 571 2146 629 Anxiiita-

494 677 612 736 que
633 677 845 719 omnes
868 661 1099 719 trahere
1128 677 1270 719 cum
1292 662 1498 719 animo
1515 678 1625 720 suo
1656 665 1714 719 et
1733 661 1895 732 angi,
1920 664 1977 718 et
2000 676 2144 735 prae-

495 751 669 824 cipue
680 750 1028 825 imperator.
1047 754 1469 810 Verumtamen
1488 756 1663 810 nocte
1683 753 1925 809 ineunte
1948 751 2149 808 bonus

493 839 892 898 internuntius
917 841 1187 911 accessit,
1203 840 1299 915 pla
1309 856 1503 916 neque
1519 840 1754 898 facinus
1780 841 2016 905 fatetur,
2034 842 2148 897 Ro-

495 944 751 987 manum
788 930 1037 988 militem
1074 946 1216 988 cum
1254 933 1482 989 Caesare
1522 930 1936 1005 Strategopulo
1988 931 2149 987 intus

497 1018 848 1092 Byzantium
870 1020 1075 1077 sedem
1090 1019 1338 1094 locasse,
1364 1024 1421 1079 et
1435 1024 1651 1078 cuncta
1668 1020 1853 1078 modo
1867 1035 1991 1094 quo
2016 1033 2149 1077 eve-

497 1111 712 1165 nerant
748 1112 971 1166 narrat.

2254 574 2395 633 νοίας
2467 574 2760 632 καθέστηκε
2829 574 3081 647 κρίματα,
3164 570 3600 645 ὑπολογιζόμενοι
3676 578 3781 627 καὶ
3832 578 3907 628 τὸ

2255 666 2478 737 πρᾶγμα
2526 669 2627 716 τῶν
2684 659 3125 739 δυσχερεστάτων
3172 680 3229 715 τε
3273 658 3403 715 εἶναι
3439 666 3532 716 καὶ
3567 666 3641 737 μή
3672 660 3909 737 ῥᾳδίως

2256 752 2698 826 κατορθουμένων.
2781 750 2864 805 Ἐν
2928 756 3038 813 τοῖς
3102 752 3360 813 τοιούτοις
3415 753 3507 824 μὶν
3589 750 3781 824 λόγοις
3830 750 3913 807 τὸ

2255 847 2352 903 τῆς
2423 843 2603 902 νυκτὸς
2642 844 2833 916 παρῄει
2882 835 3162 914 διάστημα
3195 859 3211 877 ·
3265 838 3374 893 ἓπεὶ
3421 837 3482 894 δί
3533 843 3722 915 ἡμέρα
3773 844 3902 896 ἑπέ-

2259 928 2646 1004 φωσκεν,ἓ).πὶς
2675 932 2765 1004 μὲν
2812 926 2874 989 ἦν
2928 935 3062 983 πᾶσι
3113 933 3200 983 τόν
3254 927 3644 1005 διακομίζοντα
3711 931 3895 993 ἀληθῆ

2258 1017 2540 1093 ἀφικέσθαι
2589 1023 2720 1095 πρὸς
2782 1022 2840 1072 τό
2910 1014 3286 1094 στρατόπεδον,
3345 1019 3476 1073 ἀλλὰ
3539 1025 3637 1074 καὶ
3680 1025 3746 1076 τό
3796 1030 3898 1086 τῆς

2259 1110 2455 1184 ἡμέρας
2496 1107 2688 1171 ἐκείνης
2740 1105 3213 1183 παραδεδραμήκει
3278 1104 3581 1183 διάστημα,
3649 1115 3755 1166 καὶ
3806 1112 3895 1165 ού-

501 1194 614 1260 δεὶς
639 1205 870 1260 τοιοῦτος
896 1197 1121 1273 ἀφίκετο,
1150 1199 1454 1274 ’Ἡσχαλλον
1473 1207 1599 1273 γοῦν
1621 1201 1675 1253 αἱ
1705 1205 1805 1254 τῶν
1835 1199 2074 1252 ἁπάντων
2095 1196 2276 1270 ψυχαὶ
2307 1202 2398 1252 καὶ
2438 1196 2760 1271 ἠδημόνουν,
2800 1203 2891 1253 καὶ
2928 1198 3159 1274 μα’λιστά
3185 1217 3245 1272 γε
3273 1206 3366 1254 τοῦ
3394 1199 3686 1274 βασιλέως.
3724 1201 3893 1257 Ἀλλὰ

497 1290 685 1350 νυκτός
730 1286 981 1353 ἐπιούσης
1032 1289 1141 1361 (18)
1194 1292 1219 1343 ὁ
1288 1294 1383 1350 τὴν
1443 1290 1645 1364 ἀγαθὴν
1699 1289 1939 1363 ἀγγελίαν
1993 1285 2317 1363 διακομίζων
2394 1285 2633 1346 ἆὶήλυθεν
2681 1291 2773 1341 καὶ
2832 1295 3006 1360 σαφῶς
3080 1287 3272 1363 εἰρήκει
3324 1293 3448 1366 περὶ
3534 1297 3636 1343 τοῦ
3706 1293 3884 1367 ἔργον,

526 1378 698 1452 ὅτιπερ
722 1378 787 1430 τὰ
813 1386 912 1430 τῶν
938 1377 1202 1453 Ῥωμαίων
1233 1382 1599 1457 στρατεύματα
1623 1382 1755 1456 μετὰ
1772 1386 1864 1434 τοῦ
1888 1382 2149 1454 Καίσαρος
2187 1376 2651 1454 Στρατηγοπούλου
2693 1376 2837 1441 ὶντός
2862 1385 2958 1442 τῆς
2990 1380 3381 1433 Κωνσταντίνου
3430 1373 3740 1452 διάγουσιν.
3777 1383 3876 1434 Καὶ

518 1467 687 1520 πάντα
720 1468 788 1530 ὡς
814 1469 969 1541 ἴσχεν
996 1467 1325 1543 ἀπήγγειλεν.

570 1557 658 1612 87.
687 1556 870 1627 Igitur
892 1558 1221 1632 imperator
1246 1560 1522 1618 Meteorie
1552 1560 1776 1630 exiens,
1804 1557 2151 1615 mirandum

496 1644 558 1701 in
587 1645 837 1703 modum
861 1663 970 1703 suo
991 1647 1156 1706 bono
1190 1648 1362 1723 195
1395 1650 1687 1723 gaudens,
1720 1648 1946 1724 Cpoiim
1970 1647 2150 1706 celer-

495 1733 645 1790 rime
660 1734 1000 1803 festinabat,
1021 1741 1297 1796 metuens
1308 1755 1383 1796 ne
1398 1739 1582 1797 Latini
1598 1738 1944 1813 Daphnusia
1957 1751 2139 1795 rever-

2331 1555 2437 1618 πζ.
2516 1555 2748 1631 ’Λπάρας
2820 1562 2944 1630 γοῦν
3019 1557 3046 1609 6
3103 1554 3353 1632 βασιλεὺς
3402 1563 3496 1610 τοῦ
3578 1563 3892 1633 Μετεωρίου

2260 1645 2373 1719 μεθ’
2453 1642 2647 1708 ἡδονῆς
2721 1646 2801 1698 ὅτι
2857 1644 3051 1709 πολλῆς
3131 1649 3226 1705 τὴν
3278 1650 3677 1701 Κωνσταντίνου
3758 1649 3894 1721 φθά-

2263 1754 2354 1789 σαι
2390 1734 2503 1807 (19)
2561 1730 2657 1788 διὰ
2702 1737 2907 1807 τάχους
2962 1732 3274 1803 ἕπέσπευδε,
3325 1731 3519 1799 δεδιὼς
3572 1741 3800 1810 μήποτε
3842 1737 3897 1791 ὲκ

496 1825 685 1879 tentes
715 1827 773 1880 et
798 1824 1011 1883 urbem
1033 1826 1383 1898 introgressi
1397 1844 1606 1903 pugna
1627 1810 1853 1900 magna
1873 1844 2013 1885 cum
2043 1829 2153 1884 Ro-

2263 1830 2354 1888 τῆς
2382 1828 2705 1897 Δαφνουσίας
2724 1826 2775 1877 οἱ
2806 1829 3022 1878 Λατῖνοι
3052 1825 3505 1889 ὑπονοστήσαντες
3542 1830 3639 1879 καὶ
3665 1834 3772 1889 τῆς
3804 1831 3899 1880 πό-

496 1910 695 1969 manis
724 1911 1116 1984 conﬂigerent
1138 1919 1460 1975 etnumero
1481 1917 1816 1993 superiores
1845 1922 2150 1974 extramu—

495 2015 597 2057 ros
624 2000 922 2072 ejicerent.
950 2004 1065 2062 Sed
1090 2005 1221 2062 haec
1247 2007 1495 2065 minime
1516 2004 2152 2081 contigerunt,quippe

495 2089 679 2162 quire
691 2090 890 2148 subita
919 2096 1100 2166 atque
1131 2094 1453 2168 improvisa
1494 2096 1723 2154 animos
1749 2095 2047 2153 deturbati
2067 2095 2153 2151 fu-

493 2192 625 2253 gam
638 2179 1089 2257 praeripuere,ut
1100 2199 1284 2259 supra
1293 2185 1719 2244 enarravimusl
1729 2188 2039 2258 .mperator
2048 2184 2156 2240 iter

496 2269 873 2341 sollicitabat,
909 2276 968 2330 et
990 2273 1208 2333 Calami
1230 2275 1410 2333 colles
1430 2292 1718 2334 emensus
1747 2291 1937 2350 prope
1959 2275 2153 2347 Achy-

495 2375 671 2416 raum
691 2365 888 2419 castra
907 2363 1129 2435 posuit.
1162 2367 1323 2421 Tunc
1344 2364 1622 2423 Balduini
1651 2366 1816 2439 Cpoli
1854 2366 2153 2438 imperan.

494 2451 569 2509 tis
589 2452 753 2523 regia
772 2452 1033 2525 insignia
1049 2454 1229 2512 allata
1251 2460 1407 2513 sunt.
1426 2458 1559 2513 Haec
1580 2461 1783 2514 autem
1796 2459 1966 2512 erant
1983 2470 2152 2528 oper-

496 2540 700 2597 culum
732 2542 939 2600 Latino
964 2559 1131 2601 more
1170 2543 1576 2614 eﬂ‘ormatum,
1621 2545 1945 2602 unionibus
1975 2544 2152 2601 inter-

497 2629 799 2700 stinctum,
832 2632 892 2688 in
920 2633 1136 2691 vertice
1165 2634 1376 2691 saxulo
1398 2635 1588 2692 rubeo
1619 2635 1935 2693 renidens:
1969 2648 2150 2692 cocco

497 2721 661 2778 tincti
688 2722 891 2793 calcei,
922 2728 979 2781 et
1007 2725 1166 2783 ensis
1197 2741 1269 2783 ex
1292 2726 1482 2783 serico
1519 2726 1703 2783 rubro
1738 2729 2149 2798 tegumentum

494 2810 758 2870 indutus.
773 2817 935 2871 Tunc
946 2815 1265 2873 multitudo
1280 2816 1460 2874 etiam
1474 2831 1602 2873 rem
1616 2817 1698 2873 ita
1711 2815 1891 2872 fuisse
1904 2830 2148 2889 persua-

498 2917 568 2959 sa
586 2904 691 2971 est,
719 2903 1209 2979 quandoquidem
1225 2905 1506 2963 facinoris
1521 2904 1874 2977 magnitudo
1886 2920 1961 2961 ne
1974 2909 2150 2962 teme-

494 3006 558 3049 re
570 2991 722 3049 adeo
735 2992 907 3050 dictis
918 2994 1068 3051 ﬁdes
1083 2994 1474 3053 adhiberetur
1486 2994 1801 3053 efﬁciebat.
1817 2998 2148 3068 Imperator

492 3080 609 3140 loci
637 3082 998 3140 mutationes
1021 3081 1325 3155 longiores
1353 3088 1411 3142 et
1428 3083 1756 3141 velociores
1789 3098 2146 3156 percurrens

2259 1913 2379 1975 λεως
2404 1911 2539 1975 ἐντός
2583 1916 2843 1988 γενόμενοι
2893 1915 3077 1987 μάχην
3133 1916 3272 1967 κατὰ
3306 1913 3572 1988 Ῥωμαίων
3628 1921 3897 1975 enim

2261 2004 2534 2080 κρατερὰν,
2584 2007 2674 2055 καὶ
2744 2001 2913 2075 πολλῷ
2964 2003 3173 2067 πλείους
3239 2011 3342 2057 τῶν
3410 2003 3683 2078 Ῥωμαὶων
3750 2010 3898 2072 ὄντες

2260 2099 2362 2145 τῶν
2385 2099 2577 2165 τειχῶν
2605 2091 2698 2156 ἔξω
2726 2090 3001 2165 βάλλουσι.
3038 2091 3192 2145 Ἀλλὰ
3219 2100 3388 2147 ταῦτα
3436 2096 3528 2166 μὶν
3574 2093 3642 2147 οὐ
3671 2094 3894 2158 ξυνέϐη,

2265 2178 2370 2233 ἀλλ’
2417 2179 2598 2234 ἐκεῖνοι
2654 2184 2744 2253 μὶν
2791 2184 2848 2235 1'6
2895 2179 3082 2256 ἀθρόον
3126 2183 3221 2247 τὰς
3275 2181 3458 2256 ψυχὰς
3505 2187 3898 2239 κατασεισθῆ-

2263 2289 2345 2333 τες
2418 2269 2710 2346 προῦλαϐον
2791 2268 3108 2346 ἀποδρᾶναι,
3177 2272 3349 2333 καθὼς
3385 2273 3412 2325 ό
3464 2272 3618 2345 λόγος
3673 2276 3900 2347 φθάσας

2263 2355 2593 2428 ἑδήλωσεν,ό
2617 2357 2867 2433 βασιλεὺς
2910 2356 2969 2414 δὲ
3011 2364 3106 2419 τὴν
3153 2364 3363 2436 πορείαν
3416 2360 3690 2418 ἐπέτεινεν.
3748 2365 3899 2419 Ἐπεὶ

2264 2443 2324 2501 δὲ
2391 2452 2481 2501 καὶ
2547 2452 2665 2510 τοὺς
2730 2455 2822 2501 τοῦ
2880 2447 3128 2522 Καλάμου
3194 2447 3414 2523 βουνοὺς
3464 2453 3896 2529 παρημείψαμεν

2260 2539 2467 2599 καὶτῆς
2496 2536 2792 2611 Ἀχυροίους
2822 2534 2973 2608 ἐγγὺς
3000 2537 3025 2588 6
3058 2535 3310 2609 βασιλεὺς
3352 2535 3581 2602 ἐπήξατο
3625 2545 3729 2600 τὴν
3762 2561 3897 2601 0111:-

2259 2630 2370 2698 νὴν,
2399 2629 2517 2680 τότε
2548 2622 2616 2686 δή
2639 2630 2728 2679 καὶ
2756 2633 2846 2679 τοῦ
2868 2622 3187 2680 Βαλδουίνου
3217 2634 3311 2681 τοῦ
3341 2630 3490 2701 τάχα
3536 2628 3662 2704 (20)
3724 2630 3898 2705 βασι-

2257 2714 2418 2779 λικῶς
2484 2717 2581 2777 τῆς
2643 2719 3032 2770 Κωνσταντίνου
3088 2718 3447 2790 κατάρχοντος
3492 2721 3562 2772 τὰ
3614 2718 3897 2792 βασιλικὰ

2260 2801 2679 2868 διεκομίσθησαν
2711 2804 2947 2879 σύμϐολα
2972 2812 3179 2860 ’ταῦτα
3211 2802 3270 2860 δὲ
3294 2803 3357 2867 ἦν
3387 2806 3667 2884 καλύπτρα
3713 2816 3892 2865 Λατι-

2257 2900 2373 2956 νική
2402 2899 2460 2949 1'6
2493 2903 2687 2969 σχῆμα
2715 2900 2806 2948 καὶ
2854 2897 3147 2970 μαργάροις
3198 2896 3570 2971 πεποικιλμένη
3620 2904 3719 2954 καὶ
3751 2903 3888 2977 ὑπὲρ

2255 2984 2476 3059 κεφαλῆς
2516 2984 2669 3058 λιθίῳ
2746 2989 2989 3058 κοκκίνῳ,
3044 2982 3237 3039 πέδιλα
3304 3006 3361 3040 τε
3397 2986 3728 3062 κοκκοϐαφῆ,
3793 2996 3890 3045 καὶ

2259 3076 2435 3134 σπάθη
2491 3078 2708 3149 σηρικόν
2755 3073 3070 3148 κοκκοϐαφές
3131 3071 3447 3150 ἑνδεδυμένη
3492 3078 3880 3153 προκάλυμμα.

491 3169 651 3229 viam
670 3171 1141 3246 ceieravit.Cpoli
1164 3173 1664 3247 appropinquans
1688 3172 1894 3231 animo
1919 3173 2145 3247 agitare

2263 3161 2452 3224 Γότεδή
2476 3168 2566 3218 καὶ
2586 3165 2617 3218 '6
2636 3163 2797 3229 πολὺς
2830 3164 2951 3227 λεὼς
2980 3166 3046 3218 1'61
3100 3173 3195 3227 τῆς
3247 3167 3537 3230 ὑποθέσεως
3560 3167 3878 3222 ἐπεπίστευ-

495 3263 759 3331 cmperat
783 3275 1086 3318 accessum
1110 3261 1189 3318 ad
1210 3261 1423 3318 urbem
1438 3264 1556 3319 Deo
1579 3262 1766 3334 magis
1785 3261 2145 3321 convenien-

494 3347 705 3404 tiorem
721 3363 908 3421 quam
918 3349 1042 3420 regi
1058 3349 1381 3419 instituere,
1397 3351 1865 3425 etmodum,quo
1878 3350 1938 3406 id
1954 3350 2035 3407 ita
2046 3349 2146 3406 ﬁe-

494 3439 994 3509 ret,excogitavit:
1014 3455 1120 3515 per
1132 3454 1434 3497 sermones
1447 3455 1660 3514 nempe
1675 3441 1779 3514 qui
1793 3441 2014 3511 gratias
2030 3443 2147 3498 Deo

494 3526 799 3596 referrent,
826 3531 882 3586 et
902 3545 1080 3587 voces
1100 3545 1209 3604 pro
1234 3530 1508 3604 imperio,
1541 3530 1894 3602 sacerdotio,
1921 3530 2071 3588 urbe
2092 3532 2151 3589 et

497 3616 822 3676 cultoribus
874 3619 1166 3678 universis
1204 3620 1528 3695 supplices.
1580 3620 1695 3680 Sed
1732 3620 2149 3696 precationum

498 3708 844 3781 scriptorem
878 3709 1241 3785 conquirens
1278 3710 1714 3785 philosophum
1753 3709 2149 3767 Blemmidam

495 3796 575 3853 ad
603 3811 755 3870 opus
780 3797 1143 3857 decreverat.
1168 3801 1385 3856 Verum
1422 3800 1509 3855 vir
1546 3799 1641 3857 ille
1676 3798 1856 3871 longe
1896 3798 2144 3856 aberat:

496 3884 711 3959 Ephesi
747 3901 1013 3961 namque
1050 3890 1287 3946 mtatem
1327 3887 1567 3959 agebat.
1609 3889 1803 3955 Quare
1850 3887 2024 3960 169
2052 3901 2149 3943 res

493 3973 674 4032 nimis
693 3973 917 4033 differri
942 3992 1013 4035 ac
1033 3976 1461 4049 procrastinari
1513 3976 1849 4045 videbatur,
1888 3991 2028 4034 cum
2056 3979 2148 4033 ta-

496 4066 637 4121 men
663 4064 1338 4137 imperatoringressum
1351 4065 1622 4140 impense
1640 4065 1975 4124 admodum
1987 4079 2151 4121 acce-

495 4152 728 4222 leraret,
746 4157 1184 4227 proptereaque
1200 4154 1404 4212 animo
1415 4154 1769 4226 angebatur.
1788 4154 1904 4213 Sed
1916 4154 2044 4227 ipse
2057 4167 2150 4211 ar-

497 4242 623 4298 dua
647 4241 995 4315 imperatori
1018 4259 1150 4301 com
1161 4244 1432 4317 planavi.
1452 4248 1624 4314 Nam,
1645 4266 1674 4296 ‹‹
1694 4244 2094 4317 Oimperator,
2122 4264 2146 4294 ι

498 4329 642 4400 dixi,
665 4352 695 4381 «
729 4331 843 4389 sia
869 4338 1078 4390 sancto
1104 4333 1231 4391 viro
1260 4350 1469 4409 preces
1505 4335 1688 4391 hasce
1728 4331 2030 4390 conscribi
2056 4347 2154 4389 ex-

498 4424 695 4493 optas,
710 4420 857 4494 quid
867 4420 1066 4479 dicam
1095 4422 1223 4497 ipse
1235 4438 1358 4481 non
1377 4422 1602 4480 habeo:
1621 4423 1671 4480 si
1699 4438 1736 4479 a
1756 4436 2147 4495 quocunque,

2255 3274 2314 3310 1'0
2347 3275 2360 3289 '
2387 3257 2446 3308 1'6
2473 3256 2576 3328 γὰρ
2604 3253 2873 3327 μεγαλεῖον
2904 3254 2999 3308 ούκ
3025 3257 3105 3308 εἶα
3148 3262 3243 3308 τοῦ
3279 3258 3576 3331 πράγματος
3609 3255 3851 3331 εὐχερῶς

2254 3347 2519 3400 πιστεύειν
2548 3350 2659 3408 τοῖς
2686 3343 3000 3419 λεγομένοις.
3049 3342 3341 3400 ’Ἑσπευσεν
3393 3346 3474 3401 οὖν
3519 3346 3544 3398 6
3598 3343 3875 3418 βασιλεύς

2256 3437 2388 3509 πρὸς
2441 3438 2534 3495 τὴν
2593 3438 2821 3494 κίνησιν.
2871 3438 3181 3508 Ταχυτέρας
3230 3442 3356 3509 γοῦν
3404 3440 3493 3491 καὶ
3540 3439 3880 3511 μακροτέρας

2259 3522 2478 3578 ἐποιεῖτο
2498 3526 2588 3587 τὰς
2609 3523 2939 3599 μεταϐάσεις.
2976 3525 3277 3597 Ἐγγίσαντι
3300 3532 3428 3599 γοῦν
3474 3533 3536 3600 τῇ
3593 3530 3883 3579 Κωνστανυ

2256 3618 2401 3669 τίνου
2469 3621 2544 3687 τῷ
2607 3611 2798 3689 βασιλῖ
2872 3614 3008 3668 κατὰ
3057 3621 3175 3669 νοῦν
3235 3613 3384 3689 ἐπῄει
3432 3616 3883 3691 θεοπρεπεστέραν

2258 3702 2449 3779 μᾶλλον
2488 3706 2520 3763 ἤ
2570 3702 2985 3780 βασιλικωτέραν
3040 3707 3135 3763 τὴν
3186 3704 3255 3767 εἰς
3310 3708 3406 3764 τήν
3472 3707 3884 3758 Κωνσταντίνου

2257 3793 2590 3853 ποιήσασθαι
2614 3788 2867 3867 παροδον.
2903 3797 3004 3846 Καὶ
3028 3794 3117 3844 τόν
3170 3796 3361 3868 τρόπον
3406 3791 3688 3863 ἕσκὲψατο,
3734 3794 3888 3856 ὅπως

2258 3879 2320 3937 ἃν
2352 3884 2552 3954 γένοιτο
2582 3881 2608 3934 6
2652 3876 2721 3940 δὴ
2772 3877 2866 3934 διὰ
2918 3879 3084 3954 λόγων
3131 3881 3561 3957 εύχαριστηρίων
3611 3884 3746 3955 πρὸς
3792 3884 3889 3935 τὸν

2260 3975 2389 4026 Θεόν
2412 3974 2503 4024 καὶ
2536 3977 2710 4046 φωνῶν
2759 3970 3045 4046 εύκτηρίων
3095 3972 3222 4048 ὑπέρ
3272 3990 3328 4025 τε
3359 3969 3637 4046 βασιλείας
3676 3975 3775 4024 καὶ
3812 3974 3887 4025 it-

2259 4064 2488 4139 ραρχίας
2507 4062 2634 4134 ὑπέρ
2654 4079 2710 4114 τε
2732 4067 2822 4122 τῆς
2849 4059 3038 4123 πόλεως
3090 4064 3179 4114 καὶ
3216 4069 3318 4114 τῶν
3368 4060 3531 4123 αὐτῆς
3578 4060 3885 4136 οἰκητόρων

2259 4155 2464 4206 καὶτοῦ
2494 4153 2690 4214 ταύτης
2745 4150 3114 4227 πληρώματος.
3160 4149 3303 4205 Ἐπεὶ
3361 4148 3423 4205 δὲ
3460 4148 3635 4213 ἐζήτει
3666 4154 3761 4205 τόν
3789 4153 3889 4213 1'61;

2261 4241 2422 4314 εὐχὰς
2474 4239 2893 4317 συγγραψασθαί
2937 4240 3204 4314 μέλλοντα,
3249 4243 3338 4295 τόν
3377 4240 3659 4315 φιλόσοφον
3711 4241 3884 4316 Βλεμ-

2262 4327 2426 4405 μίδην
2447 4333 2578 4405 πρὸς
2612 4327 2833 4404 τοῦργον
2876 4328 3114 4394 ἓπινύξαι
3135 4329 3442 4406 βεϐούλητο.
3465 4332 3692 4407 Μακρὰν
3726 4328 3793 4385 δέ
3825 4328 3889 4391 ἦν

2265 4420 2292 4473 6
2314 4418 2442 4493 ἀνήρ
2477 4440 2489 4453 ·
2516 4417 2648 4493 ἀμφὶ
2674 4420 2774 4493 γὰρ
2799 4423 2894 4479 τὴν
2925 4419 3144 4494 Ἔφεσον
3172 4420 3268 4483 τὰς
3320 4416 3595 4495 διατριϐὰς
3626 4419 3888 4481 ἐποιεῖτο.

497 4508 603 4582 qui
621 4512 824 4566 tamen
842 4509 1098 4569 scribere
1118 4510 1627 4583 possit,voluntati
1653 4513 1768 4567 ture
1787 4509 2156 4570 satisfactum

2266 4509 2352 4573 Εἰς
2386 4507 2571 4583 ἀργίαν
2602 4508 2686 4583 [Ρ.
2726 4509 2848 4584 102]
2908 4505 2968 4563 δε
3014 4511 3081 4563 τὰ
3136 4516 3228 4563 τοῦ
3278 4511 3590 4586 πράγματος
3636 4512 3887 4570 ἱπιπτεν.

498 4598 569 4656 iri
593 4603 792 4672 putas,
825 4599 955 4672 ipse
981 4616 1094 4672 ego
1122 4601 1227 4658 tibi
1256 4617 1394 4675 quae
1419 4599 1795 4673 concupiscis
1816 4598 2074 4657 eﬂiciam
2097 4606 2157 4661 et

497 4704 704 4762 preces
733 4705 1121 4764 componam.
1150 4714 1179 4743 »
1210 4690 1277 4749 Id
1297 4695 1361 4748 ut
1382 4688 1600 4747 melius
1631 4690 1924 4763 probatur
1962 4691 2154 4764 impe-

496 4779 697 4848 ratori,
737 4782 795 4838 et
830 4784 896 4837 ut
940 4780 1247 4852 ingressus
1291 4779 1445 4837 celer
1483 4782 1660 4849 esset,
1706 4795 1744 4837 a
1772 4795 1869 4837 me
1898 4796 2153 4852 compo—

495 4869 728 4928 nendas
758 4869 889 4927 aliis
918 4869 1201 4944 prtetulit.
1241 4873 1371 4943 ipse
1399 4869 1601 4926 statim
1623 4884 1778 4944 opus
1808 4869 2148 4942 aggredior.

497 4960 564 5017 Et
595 4958 870 5018 nondum
897 4959 1130 5031 integer
1152 4958 1280 5017 dies
1300 4961 1358 5017 et
1384 4973 1507 5016 nox
1527 4964 1926 5034 excurrerant,
1956 4963 2013 5018 et
2031 4962 2149 5019 tres

2262 4599 2322 4653 Ὀ
2372 4595 2432 4653 δὲ
2464 4597 2713 4673 βασιλεὺς
2760 4597 3034 4672 μελλήσειν
3087 4598 3182 4652 οὐκ
3228 4598 3377 4659 ἤθελε
3421 4602 3551 4673 πρὸς
3608 4604 3711 4659 τὴν
3769 4605 3890 4656 εἰσ-

2264 4686 2407 4745 οδον.
2435 4685 2817 4764 Ἐδυσχέραινε
2866 4696 2990 4762 γοῦν
3018 4687 3104 4743 ἐπὶ
3159 4691 3384 4753 τούτοις.
3439 4689 3576 4744 Ἀλλ’
3632 4691 3799 4755 αὐτὸς
3829 4696 3889 4746 τὸ

2265 4775 2529 4853 δυσχερὲς
2577 4774 2903 4851 διελυσάμην
2951 4785 3025 4850 τῷ
3069 4777 3299 4852 βασιλεῖ.
3351 4802 3372 4830 ι
3426 4779 3487 4835 Εἰ
3523 4782 3615 4853 μεν
3665 4802 3700 4832 ››
3750 4785 3884 4857 γὰρ,

2262 4871 2408 4943 ἔφην,
2451 4889 2482 4920 (ι
2530 4864 2570 4920 ὦ
2618 4867 2860 4941 βασιλεύ,
2911 4870 2981 4931 ὡς
3022 4866 3076 4933 ἕξ
3115 4867 3268 4942 ἁγίου
3320 4865 3511 4945 ἀνδρὸς
3559 4867 3751 4942 βούλει
3790 4875 3890 4935 1'61;

2264 4958 2449 5033 εύχας,
2479 4957 2645 5034 ἇσπερ
2686 4957 2892 5029 ἐθέλεις,
2921 4959 3165 5032 γενέσθαι
3217 4977 3322 5033 σοι,
3377 4958 3472 5013 οὐκ
3517 4978 3606 5033 χω
3651 4958 3835 5035 λέγειν
3869 4985 3887 5001 ο

1384 5135 1725 5208 Theodori
1773 5137 2024 5207 Dousae
2072 5145 2138 5206 et
2182 5134 2435 5205 Leonis
2483 5134 2718 5204 Allatii
2766 5143 2971 5204 notae.

565 5319 677 5390 (l8)
722 5319 926 5379 Νυπιός
974 5315 1227 5379 ἐπιούσης
1256 5315 1546 5390 Phranza.
1612 5316 1775 5390 :Sed
1816 5323 2134 5389 postquam

496 5392 747 5449 nuntius
780 5390 940 5446 alter
961 5390 1136 5445 etiam
1159 5403 1289 5445 cnm
1313 5389 1530 5447 litteris
1546 5405 1583 5447 a
1596 5389 1832 5447 Cwsare
1856 5390 1982 5458 ipso
1999 5403 2139 5445 con~

497 5462 739 5531 scriptis
751 5461 1190 5528 supervenit,iz‘s
1204 5460 1341 5517 visis
1354 5461 1786 5518 dubitationem
1800 5461 2142 5517 aseamovit

496 5534 736 5603 Deoque
761 5532 992 5603 gratias
1012 5534 1127 5603 egit
1149 5540 1203 5589 et
1228 5533 1590 5602 patriarcha
1646 5537 1884 5603 totoque
1927 5536 2142 5603 senatu

497 5602 950 5674 assehtientibus
962 5602 1206 5674 prapter
1222 5606 1533 5661 victoriam
1554 5603 1699 5660 adeo
1727 5602 2142 5660 admirabilem

499 5682 553 5731 et
567 5675 725 5747 facta
741 5673 1245 5747 Caesarisingetia‘
1259 5675 1470 5747 quibus
1485 5677 1816 5747 Romanam
1828 5674 2143 5747 imperiam

499 5743 943 5817 ampliﬁcasset.
971 5743 1393 5821 Pachymeres,
1423 5762 1487 5819 p,
1530 5750 1653 5817 152,
1682 5745 1764 5803 ait
1782 5743 1998 5803 eodem
2023 5743 2143 5816 die,

2243 5330 2367 5446 quo
2397 5318 2573 5399 capta
2609 5317 2698 5372 est
2726 5312 2943 5389 Cpolis,
2975 5312 3185 5373 allatas
3205 5313 3387 5373 etiam
3409 5312 3595 5372 fuisse
3626 5313 3871 5375 litteras

2298 5402 2527 5444 reseris.
2580 5391 2716 5445 ALL.

2319 5459 2554 5534 (1.9)Τήν
2582 5462 2971 5534 Κωνσταντίνου
3029 5459 3248 5532 φθάσαι.
3297 5459 3611 5530 Gregoras,
3643 5475 3709 5534 p.
3744 5464 3816 5517 87
3850 5478 3868 5529 ;

2250 5529 2830 5602 Pachymeriustlib.
2856 5547 2914 5588 ιι.
2950 5546 3002 5589 c.
3031 5529 3119 5587 31.
3162 5534 3299 5589 ALL.

2322 5597 2440 5673 (20)
2464 5609 2568 5675 Τού
2588 5597 2917 5675 Βαλδουίνου
2939 5607 3033 5656 τοῦ
3074 5621 3240 5675 ταχιιΣ
3265 5601 3490 5675 Seriem
3527 5600 3870 5675 imperato-

2249 5672 2388 5730 rum
2435 5672 2840 5731 Latinorumin
2892 5672 3178 5747 Byzantio
3206 5673 3503 5747 disposuit
3529 5672 3838 5745 Grégoras
3862 5720 3881 5746 ,

2250 5759 2313 5818 p.
2348 5747 2415 5801 85
2443 5744 2569 5803 ima
2616 5747 2753 5801 ALL.
