4124 6400
259 324 391 383 1221

1052 320 1324 379 ΝΙΟΕΤᾹΞ
1352 282 1713 378 ’[,ΑυοΑτιο
1754 321 1852 381 ss.
1893 320 2265 378 mammis
2307 321 2410 385 Erl
2439 321 2826 380 GABRIELIS.

3480 312 3621 380 ηεξ

257 441 3619 481 M

1467 606 2396 779 NIKHTA

679 904 1293 993 ΕΓΚΩΜΙΟΝ
1358 906 1531 991 ΕΙΣ
1588 903 1867 990 ΤΟΥΣ
1922 904 2341 991 ΑΓΙΟΥΣ
2399 904 3219 995 ΑΡΧΑΓΓΕΛΘΥΣ

1065 1117 1699 1287 ΜΙΧΑΗΛ
1777 1119 2054 1236 ΚΑΙ
2132 1117 2812 1237 ΓΑΒΡΙΗΑ

1402 1434 2412 1692 NICETAE

587 1834 1243 1929 LAUDATIO
1306 1829 2090 1925 SANGI‘ORUM
2144 1827 3300 1924 ARCHANGELORUM

677 2058 1726 2199 MIGHAELIS
1809 2056 2042 2192 ET
2126 2056 3207 2197 GABRIELIS.

632 2297 850 2370 (Edidit
877 2302 935 2355 et
966 2298 1274 2354 Latinitate
1296 2296 1544 2353 donavit
1568 2297 1769 2350 Petrus
1788 2290 2098 2361 Possinus,
2132 2292 2263 2349 Soc.
2298 2291 2463 2348 Jesu.
2490 2323 2559 2333 —
2582 2292 2809 2350 Tolosa
2842 2296 3000 2361 1637,
3031 2292 3240 2365 ἰη-12.)

265 2569 473 2643 Νικήτα
546 2560 737 2643 δούλου
819 2563 995 2622 Ἰησοῦ
1038 2634 1050 2643 .
1082 2571 1337 2643 Χριστοῦ,
1419 2571 1511 2615 τοῦ
1544 2561 1869 2643 Δφιλοσόφου,

1986 2557 2515 2643 NicetwseruiJesu
2543 2558 2790 2643 Christi,
2815 2558 3186 2643 philos-opai,
3214 2560 3487 2643 latalath
3500 2577 3639 2643 squ-

336 2634 590 2709 ἐγκῴμιον
675 2634 746 2709 εἰς
823 2638 941 2709 ⁸τοὺς

336 2634 590 2709 ἐγκώμιον
675 2634 746 2697 εἰς
823 2638 941 2694 τοὺς
1027 2632 1212 2707 ἁγίους
1310 2632 1688 2708 ἀρχαγγέλους,
1773 2637 1871 2683 Μι-

335 2707 482 2779 χαὴλ
509 2712 600 2759 καὶ
629 2705 880 2781 Γαϐριὴλ.

335 2831 560 2904 Μιχαὴλ
597 2829 815 2883 ἐπαινῶν
842 2833 930 2881 τὸν
979 2828 1210 2902 Γαϐριὴλ
1261 2828 1604 2901 ἐπαινέσομαι
1633 2848 1646 2859 ·
1681 2829 1871 2879 ταυτὸν

264 2923 366 2993 γὰρ
404 2918 631 2992 Μιχαὴλ
669 2924 758 2972 καὶ
799 2917 1029 2993 Γαϐριὴλ
1065 2916 1286 2971 ἐπαινεῖν
1330 2940 1341 2950 ·
1384 2920 1465 2970 ὅτι
1514 2918 1627 2978 ὅλος
1662 2915 1710 2967 ἐν
1750 2915 1869 2986 ὅλῳ,

277 3009 513 3081 ἑκάτερος
581 3006 629 3059 ἐν
708 3008 949 3082 ἑκατέρῳ,
1029 3013 1303 3080 συμφωνίᾳ
1380 3026 1433 3059 τε
1469 3012 1696 3079 γνώμης,
1781 3008 1873 3056 καὶ

272 3098 476 3168 φύσεως
529 3097 841 3154 καθέστηκεν
925 3095 1180 3168 ἰσοτιμίᾳ.
1268 3093 1455 3168 Ἀμφω
1542 3091 1601 3147 δὲ
1658 3098 1871 3157 τούτους

269 3182 509 3251 ἐπαινῶν,
562 3184 631 3246 εἰς
701 3188 830 3238 Θεὸν
885 3183 1079 3237 ἀνοὶσω
1130 3187 1217 3237 τὸν
1275 3187 1478 3237 ἔπαινον
1508 3204 1521 3216 ο
1555 3185 1635 3236 ὅτι
1694 3190 1870 3237 πᾶσαν

266 3277 419 3325 αυτοὶ
447 3276 541 3331 τὴν
587 3273 947 3347 μεγαλοπρεπῆ
1005 3281 1099 3333 τῆς
1143 3275 1397 3347 θεαρχίας
1448 3269 1606 3335 δόξαν
1659 3270 1706 3323 ἐν
1755 3271 1870 3324 ἑαυ·

262 3369 377 3423 τοῖς
405 3364 597 3433 ἔχουσι
632 3362 1015 3435 συνειληφότες.
1079 3364 1312 3434 Νεύματί
1367 3364 1465 3436 γὰρ
1526 3359 1738 3436 ἀχρόνῳ
1789 3363 1866 3433 (1)

263 3458 475 3523 πρώταν
504 3450 616 3523 ἅμα
644 3459 754 3512 τοῖς
789 3456 928 3513 νόοις
956 3450 1092 3513 ὅλοις
1120 3451 1146 3501 ὁ
1176 3458 1289 3510 νοῦς
1315 3452 1340 3501 ὁ
1383 3459 1587 3523 πρῶτος
1638 3451 1869 3508 ὑποστὴ-

268 3558 387 3609 σας,
418 3545 655 3612 πρώτους
697 3536 757 3592 δὲ
812 3542 1024 3601 τούτους
1079 3547 1141 3612 τῇ
1179 3539 1320 3602 τάξει
1361 3547 1688 3597 καταστῆναι
1738 3537 1868 3611 βου-

261 3628 460 3694 ληθεὶς,
499 3636 608 3689 πῶς
649 3626 709 3680 ἂν
765 3628 930 3690 ἄλλως
986 3637 1076 3688 τῆς
1114 3628 1480 3702 ὑπερεχούσης
1533 3623 1701 3689 δόσης
1752 3648 1871 3701 μετ·

263 3715 429 3770 έδωκε
472 3721 561 3769 καὶ
615 3715 982 3791 λαμπρότητος
1032 3718 1063 3777 ἡ
1134 3717 1385 3790 καλλίστῃ
1454 3723 1542 3769 καὶ
1606 3715 1867 3791 ἀκροτάτῃ

1431 3822 1447 3874 ;
1498 3805 1637 3859 Ἐπεὶ
1682 3802 1741 3859 δὲ
1797 3814 1870 3878 τῷ

264 3808 393 3880 πρὸς
480 3804 635 3857 αὐτὸν
702 3810 1047 3881 κεχρημένοις
1100 3808 1373 3879 ὁμοιότητι

2053 2636 2286 2686 ctorum
2308 2631 2831 2700 Archangelorum
2876 2632 3197 2687 Michaelis
3226 2638 3284 2687 et
3324 2632 3623 2690 Gabrielz's

2051 2823 2392 2881 Michaelem
2410 2823 2669 2881 laudans
2696 2823 3026 2880 Gabrielem
3044 2840 3291 2897 quoque
3317 2824 3586 2883 laudabo
3619 2844 3634 2880 :

1979 2910 2215 2968 laudari
2246 2913 2474 2987 quippe
2504 2913 2650 2969 alter
2695 2912 2935 2969 illorum
2958 2912 3187 2986 nequit,
3213 2918 3275 2969 ut
3289 2912 3423 2971 laus
3454 2914 3639 2972 etiam

1980 3000 2058 3056 ad
2084 2999 2336 3057 alterum
2363 3001 2579 3058 eadem
2625 3017 2750 3056 non
2778 3000 3074 3073 pertineat
3105 3018 3120 3056 :
3153 3017 3294 3057 cum
3323 3001 3455 3058 illos
3482 3002 3639 3058 invi-

1980 3104 2113 3145 cem
2169 3089 2493 3145 consensio
2525 3089 2893 3160 judiciorum
2946 3094 3001 3145 et
3041 3088 3353 3162 aequalitas
3400 3094 3635 3147 naturae

1977 3182 2192 3234 mutuo
2267 3177 2508 3234 vinculo
2566 3176 3005 3249 conjunctionis
3068 3177 3295 3234 intimas
3360 3178 3627 3251 copulet.

1978 3265 2211 3322 Ambos
2252 3283 2432 3339 porro
2460 3266 2642 3323 hosce
2665 3266 2926 3322 laudans
2966 3266 3157 3322 Deum
3200 3283 3447 3340 quoque
3476 3284 3640 3325 com-

1977 3356 2264 3412 munione
2284 3356 2414 3428 ejus
2447 3355 2643 3412 laudis
2670 3354 2999 3428 amplectar
3030 3372 3045 3412 :
3071 3356 3233 3429 quod
3267 3372 3514 3413 omnem
3544 3355 3643 3414 isti

1978 3442 2491 3514 magniﬁcentiam
2533 3444 2754 3502 divinae
2783 3443 2987 3515 gloriae
3031 3445 3535 3517 comprehensam
3576 3446 3641 3502 in

1980 3548 2040 3587 se
2069 3537 2513 3603 repraesentant.
2547 3536 2694 3591 Cum
2724 3535 2884 3591 enim
2925 3549 3028 3589 eos
3064 3535 3333 3606 primum
3359 3535 3639 3607 omnipo-

1977 3620 2121 3676 tenti
2150 3625 2301 3677 nutu
2331 3629 2468 3678 ante
2495 3638 2676 3678 omne
2722 3627 2962 3695 tempus
2990 3638 3130 3678 cum
3175 3621 3305 3678 aliis
3336 3623 3515 3679 simul
3551 3623 3642 3679 in-

1978 3707 2311 3779 telligentiis
2334 3709 2613 3783 princeps
2639 3709 3381 3781 intelligentialcondiderit
3399 3726 3471 3768 eo
3497 3725 3640 3768 con-

1980 3797 2109 3853 silio
2139 3802 2204 3854 ut
2231 3799 2638 3872 principatum
2663 3816 2700 3856 a
2725 3816 2791 3855 se
2817 3815 2941 3856 una
2967 3799 3031 3855 in
3059 3815 3271 3855 omnes
3301 3799 3520 3857 deinde
3549 3815 3640 3857 re-

269 3896 433 3965 ὀμοίῳ
461 3898 518 3946 τὸ
575 3895 751 3967 ὅμοιον
804 3895 918 3948 κατ’
968 3894 1245 3968 ἀναλογίαν
1284 3904 1381 3958 τῆς
1430 3896 1738 3968 ὁμοιότητος
1789 3897 1872 3947 ἐν-

1986 3886 2174 3959 liquas
2223 3888 2597 3945 obtinerent:
2626 3904 2750 3944 non
2798 3893 3071 3946 ornasset
3110 3886 3244 3944 illos
3277 3904 3422 3946 sane
3471 3894 3640 3947 tanta

276 3982 540 4057 θεωρεῖται
567 4005 579 4016 ·
622 3986 699 4042 εἵη
734 3983 840 4037 ἃνό
884 3988 1079 4037 τούτων
1129 3988 1329 4045 ἔπαινος
1378 3992 1471 4037 τοῦ
1523 3987 1592 4045 ὡς
1649 3983 1698 4036 ἐν
1758 3982 1872 4037 ἐσό-

268 4090 450 4144 πτροις
533 4073 711 4134 αὐτοῖς
799 4070 1150 4135 ἀκηλιδώτοις
1229 4072 1632 4148 ἑνθεωρουμένου
1714 4080 1869 4128 Θεοῦ.

270 4163 401 4214 Θεὸν
442 4156 502 4213 δὲ
530 4159 751 4213 ἐπαινῶν
805 4170 938 4215 Θεού
977 4182 1068 4235 μοι
1103 4158 1188 4215 δεῖ
1212 4166 1510 4238 παρουσίας
1541 4165 1611 4224 ὡς
1636 4164 1871 4235 πνεύμα-

265 4270 354 4312 τος
378 4256 469 4303 καὶ
508 4254 697 4322 φωτὸς,
751 4255 810 4303 τὸ
862 4255 973 4324 μὲν,
1035 4252 1118 4304 ἵνα
1162 4252 1433 4326 λαμπρύνη
1495 4256 1586 4303 καὶ
1634 4271 1871 4323 καταφω-

266 4341 390 4413 τίζῃ
422 4342 511 4391 τὸν
540 4340 785 4413 ἡμέτερον
827 4348 964 4410 νοῦν,
1020 4345 1109 4393 καὶ
1167 4347 1349 4392 τοῦτον
1410 4341 1632 4413 θεωριῶν
1684 4338 1875 4415 ἀκραι-

267 4431 566 4501 φνεστοίτων
617 4427 836 4503 ἀποτελῇ
900 4431 1087 4505 θεωρὸν
1121 4451 1134 4462 ο
1166 4434 1225 4481 τὸ
1277 4437 1481 4502 πνεῦμα
1512 4426 1570 4482 δὲ
1599 4430 1774 4496 πάλιν,
1806 4429 1875 4481 ἶν’

268 4519 446 4581 ὥσπερ
490 4516 691 4591 ὀργάνῳ
738 4522 840 4570 τινὶ
890 4517 1085 4590 λογικῷ
1136 4525 1198 4591 τῇ
1250 4514 1460 4591 διανοίᾳ
1510 4523 1599 4571 καὶ
1652 4518 1870 4593 γλώσσῃ

268 4597 630 4671 χρησάμενον,
685 4600 816 4672 πρὸς
869 4596 1058 4671 ἀκριϐῆ
1133 4607 1232 4651 τῶν
1300 4599 1655 4670 θεωρουμένων
1717 4598 1876 4673 ἑρμη-

269 4689 408 4736 νείαν
456 4692 574 4747 ταῖς
628 4690 916 4758 πανσόφοις
989 4686 1150 4739 αὐτοῦ
1216 4689 1544 4739 κατευθύνειν
1601 4685 1876 4760 ἐμπνεύσα-

274 4792 380 4827 σιν.
411 4773 584 4847 ’ῼτινι
612 4777 744 4846 μετὰ
781 4771 869 4827 οὖν
916 4774 1114 4848 ὑπῆρξε
1170 4779 1296 4848 πρὸς
1342 4780 1441 4828 πᾶν
1502 4774 1689 4849 ἀρετῆς
1743 4772 1878 4836 εἶδος

267 4866 693 4937 καταρτιζομένῳ
769 4868 861 4916 καὶ
937 4866 1331 4937 κατορθουμένῳ
1413 4867 1878 4939 χειραγωγηθῆναι

268 4955 361 5026 μὶν
393 4949 488 5005 διὰ
519 4950 643 5025 βίου
672 4956 804 5026 ’πρὸς
834 4953 1068 5028 θεωρίαν,
1103 4952 1158 5005 ἐκ
1191 4955 1407 5025 θεωρίας
1450 4949 1510 5005 δὲ
1556 4956 1691 5027 πρὸς
1746 4955 1876 5006 θεω-

267 5043 387 5112 ρίαν
438 5040 737 5111 ὑψωθῆναι,
782 5046 870 5093 καὶ
924 5039 1042 5094 ὅλου
1095 5044 1185 5110 μὲν
1236 5049 1333 5093 τοῦ
1410 5039 1727 5114 βλεπομένου
1786 5045 1876 5094 κό-

270 5148 433 5205 σμου,
481 5134 573 5182 καὶ
618 5137 715 5191 τῆς
765 5128 814 5182 ἐν
871 5130 1011 5202 αὐτῷ
1061 5135 1412 5204 ματαιότητος
1468 5136 1560 5183 καὶ
1616 5129 1875 5205 ἀκοσμίας

1980 3975 2170 4047 gloria
2199 3980 2430 4049 quanta
2451 3977 2529 4033 ad
2554 3981 2680 4034 tam
2710 3977 3097 4034 excellentem
3128 3976 3480 4048 dignitatem
3511 3994 3640 4033 sus-

1981 4064 2291 4121 tinendam
2346 4081 2501 4137 opus
2576 4069 2686 4135 est,
2745 4066 2865 4122 nisi
2918 4065 3390 4140 pulcherrimam
3433 4065 3497 4123 in
3552 4065 3639 4124 eis

1980 4153 2314 4227 quamdam
2337 4157 2394 4210 et
2416 4153 2915 4226 perfectissimam
2942 4155 3034 4211 sui
3063 4154 3515 4211 similitudinem
3541 4171 3641 4211 ex-

1980 4242 2318 4313 pressisset.
2367 4244 2691 4315 Postquam
2739 4248 2942 4299 autem
2974 4242 3167 4300 simile
3210 4242 3272 4298 in
3313 4242 3487 4299 simili
3532 4259 3637 4315 pro

1983 4328 2389 4386 similitudinis
2420 4329 2646 4387 ratione
2668 4331 2947 4398 cernitur,
2973 4330 3109 4387 laus
3130 4331 3336 4403 utique
3363 4348 3496 4405 quae
3525 4330 3639 4388 illis

1982 4434 2222 4492 cunque
2270 4419 2577 4487 tribuetur,
2614 4420 2715 4476 Dei
2762 4436 3030 4493 quoque,
3062 4420 3237 4493 cujus
3264 4419 3348 4477 illi
3378 4420 3642 4493 speciem

1984 4508 2367 4581 speculorum
2426 4508 2618 4565 instar
2669 4508 3217 4566 mundissimorum
3273 4511 3639 4582 exprimunt,

1983 4597 2228 4671 propria
2257 4598 2581 4671 putabitur.
2613 4600 2800 4654 Deum
2829 4613 3011 4671 porro
3046 4597 3321 4655 laudanti
3368 4599 3470 4656 Dei
3490 4599 3644 4657 mihi

1980 4687 2111 4758 jam
2132 4688 2453 4759 praesentia
2480 4687 2671 4760 ipsius
2698 4703 2851 4760 opus
2877 4691 2987 4759 est,
3008 4690 3217 4760 utpote
3238 4692 3296 4744 et
3324 4688 3566 4761 spiritus
3585 4694 3644 4745 et

1985 4774 2226 4830 luminis
2256 4792 2269 4829 :
2296 4774 2523 4830 lumine
2546 4775 2787 4847 indigeo
2814 4791 2935 4848 quo
2956 4790 3129 4830 mens
3158 4774 3482 4832 illustretur
3505 4791 3643 4833 mea

1986 4867 2043 4919 et
2078 4862 2538 4935 purissimarum
2584 4863 2690 4920 ﬁat
2736 4863 3315 4936 contemplationum
3350 4879 3604 4937 compos
3625 4884 3651 4934 ;.

1984 4954 2193 5007 rursus
2219 4967 2362 5008 vero
2388 4952 2598 5024 spiritu
2627 4954 2734 5025 qui
2760 4957 2958 5010 mente
2986 4952 3314 5025 linguaque
3342 4967 3481 5009 mea
3507 4956 3643 5009 tan-

1984 5055 2173 5113 quam
2201 5041 2611 5097 instrumentis
2636 5045 2812 5097 utens
2845 5041 2925 5098 ad
2952 5040 3245 5115 liquidam
3272 5040 3643 5114 contempla-

1985 5128 2145 5185 tione
2187 5134 2609 5203 perceptarum
2651 5144 2853 5186 rerum
2899 5129 3360 5203 explicationem
3399 5128 3522 5185 Suis
3553 5145 3644 5188 sa-

267 5217 679 5292 ὑπεραναϐῆναι,
729 5217 866 5279 ἐντὸς
919 5216 980 5271 δέ
1034 5227 1126 5280 τῆς
1174 5222 1532 5295 ὑπερκοσμίου
1588 5227 1687 5272 τῶν
1729 5221 1872 5272 θείων

1986 5217 2372 5290 pientissimis
2401 5218 2899 5292 inspirationibus
2930 5219 3175 5290 dirigat.
3234 5221 3389 5277 Sane
3419 5218 3469 5276 si
3505 5220 3643 5295 quis

349 5411 694 5493 (1λΝεύματι
738 5416 842 5490 γὰρ
890 5412 1122 5493 ἀχρὸνῳ,
1167 5419 1279 5471 etc.
1320 5416 1485 5493 _Hinc
1513 5414 1879 5493 intelligitur

275 5484 651 5541 existimasse
662 5484 826 5542 hunc
842 5484 1154 5558 auctorem
1162 5484 1411 5558 angelos
1426 5489 1563 5558 ante
1575 5484 1877 5558 mundum

1983 5413 2153 5489 quod
2197 5414 2461 5489 Nicetam
2492 5414 2657 5489 hunc
2689 5414 2908 5487 opinor
2932 5414 3236 5489 praecipue
3272 5415 3483 5489 movit,
3511 5431 3646 5474 san-

1986 5485 2085 5568 tiis
2116 5486 2431 5569 Gregorius
2454 5485 2880 5569 yagiange'nus,
2902 5485 3286 5569 orationeg38.
3310 5486 3417 5547 Illa
3440 5491 3647 5547 tamen

277 5559 336 5633 et
364 5559 501 5633 ante
526 5571 708 5633 omne
732 5566 971 5633 tempus
1001 5554 1297 5633 conditos,
1327 5573 1446 5633 qua
1472 5556 1535 5633 in
1564 5557 1881 5633 sententia
1985 5558 2192 5633 opinio
2218 5554 2424 5616 minus
2453 5556 2636 5615 hodie
2655 5554 2950 5629 theologis
2972 5554 3285 5632 probatur.

271 5624 545 5699 plerique
571 5627 718 5685 olim
767 5624 1119 5699 sanctorum
1165 5624 1425 5698 fuerunt,
1466 5631 1527 5687 et
1559 5627 1715 5689 inter
1748 5643 1872 5703 eos,
