4124 6398
230 275 374 341 4229

1195 265 1466 344 NlCETE
1495 267 1847 342 LAUDATlO
1886 270 1988 340 SS.
2008 283 2377 342 MICHAELIS
2403 289 2490 343 ΕΤ
2519 278 2917 345 GABRIELIS.

3467 289 3604 351 1230

232 415 362 464 Θεοῦ
388 411 553 480 μένειν
583 405 632 459 ἐν
657 407 861 470 αὐτοῖς.
908 407 1060 462 ’Όθεν
1111 414 1205 468 τὴν
1257 409 1380 468 ὅλην
1435 407 1635 483 ἄθροως
1676 427 1838 461 κατα-

1949 418 2460 477 gunturmunere,
2509 410 2616 466 sed
2663 411 2842 467 etiam
2900 409 3215 488 sapienter.
3271 414 3418 470 Sunt
3442 415 3601 472 enim

227 498 391 550 λῦσαι
427 505 550 568 γῆν,
581 501 672 548 καὶ
701 502 803 549 πᾶν
830 493 890 550 δὲ
909 501 968 550 τὸ
997 501 1190 560 ταύτης
1223 497 1504 571 ἀνάστημα
1559 506 1648 551 τοῦ
1706 503 1840 552 Θεοῦ

234 586 551 660 βουλομένου
581 585 1052 660 καταστρέψασθαι
1081 585 1129 638 ἐν
1167 592 1312 661 χειρί
1370 607 1500 660 φασι
1552 596 1653 640 τῶν
1705 586 1844 658 ὑψη-

229 676 330 729 λῶν
359 678 553 728 τούτων
587 672 877 746 δυνάμεων,
938 679 1062 737 τούς
1116 695 1172 729 τε
1228 685 1328 729 τῶν
1386 677 1615 752 οὐρανῶν
1680 695 1841 728 κατα-

230 769 426 839 ράκτας
482 765 673 816 ἄνωθεν
732 763 1147 838 καταρραγῆναι,
1221 767 1313 827 τάς
1383 785 1436 818 τε
1515 768 1686 837 πηγὰς
1737 771 1839 818 τῶν

231 854 482 907 ἀϐύσσων
509 855 737 905 κάτωθεν
786 852 1164 927 ἀναρραγῆναι.
1223 853 1316 916 Οἷς
1371 855 1583 916 ἀπάσης
1647 858 1841 930 σαρκὸς

229 947 661 1014 καταπνιγείσης,
692 947 843 1014 μόνον
885 947 973 994 τὸν
1047 940 1254 995 δίκαιον
1298 952 1411 1005 ταῖς
1459 946 1654 996 τούτων
1714 962 1840 1019 προ-

229 1038 396 1093 νοίαις
454 1030 502 1083 ἐν
575 1030 783 1102 κιϐωτῷ
845 1031 1019 1094 ξυλίνη
1087 1038 1396 1106 πανοικεσίᾳ
1454 1031 1836 1092 διασώζεσθαι.

233 1123 492 1176 Ἐντεῦθεν
558 1122 794 1173 κάτεισιν
869 1125 960 1194 μεν
1015 1121 1288 1196 οὐρανόθεν
1319 1123 1343 1174 6
1378 1125 1568 1194 Κύριος
1601 1121 1686 1174 ἐπὶ
1745 1125 1838 1180 τὴν

231 1220 352 1282 γῆν.
384 1209 635 1270 Ἀλλὰτίς
672 1211 703 1267 ἠ
755 1206 985 1272 κάθοδος
1030 1217 1123 1261 τοῦ
1175 1214 1261 1263 τὸν
1320 1211 1533 1283 οὐρανὸν
1585 1211 1700 1263 κατ’
1759 1210 1842 1263 οῦ-

236 1304 356 1353 σίαν
384 1304 474 1352 καὶ
512 1303 608 1357 τὴν
656 1306 758 1370 γῆν
809 1298 1208 1372 πεπληρωκότος
1239 1313 1253 1365 ;
1279 1298 1346 1351 Ὀ
1387 1301 1534 1371 τάχα
1591 1302 1686 1358 τὴν
1729 1298 1840 1352 ἔπι-

235 1397 367 1461 φανῆ
409 1396 510 1440 τῶν
531 1387 616 1440 ἐπὶ
640 1395 741 1458 γῆς
785 1390 944 1462 ἔργων
993 1388 1154 1440 αὐτοῦ
1201 1393 1539 1462 καινοτομίαν
1588 1395 1722 1442 Θεοῦ
1775 1397 1836 1447 τῆ

233 1485 410 1553 Γραφῆ
459 1476 750 1530 κατάϐασιν
811 1476 1056 1550 εἰρῆσθαι
1089 1494 1103 1544 ;
1138 1480 1356 1531 κάτεισι
1411 1483 1583 1530 τοίνυν
1628 1485 1700 1535 πῆ
1752 1479 1841 1550 μὲν

1949 495 2172 569 quibus
2204 497 2433 554 aditum
2465 500 2825 572 permittant,
2854 505 2910 556 et
2949 501 3109 556 viam
3164 501 3406 559 faciant.
3443 506 3602 571 Quo-

1947 601 2084 642 rum
2111 586 2603 645 videlicetdivina
2630 589 2916 661 quaedam
2947 597 3107 648 secta
3132 597 3219 647 est
3247 598 3303 648 et
3341 594 3600 650 cmlestis

1948 673 2234 730 institutio
2273 676 2607 733 innocentis
2673 678 2827 744 vitae,
2885 678 3024 734 labe
3085 687 3398 753 segregata
3436 684 3603 740 omni

1947 765 2182 837 illisque
2248 765 2402 822 adeo
2468 767 2615 839 ipsis
2681 773 3048 839 perpurgata
3110 770 3388 826 sordibus
3453 789 3602 845 qua-

1948 870 2083 909 rum
2110 869 2240 910 esse
2263 854 2433 924 solet,
2497 855 2558 910 in
2624 856 2958 912 humilitate
3019 857 3329 914 tardorum
3392 876 3602 933 corpo-

1947 959 2083 1000 rum
2142 947 2433 1015 tanquam
2491 944 2553 999 in
2613 945 2849 1001 sentina
2904 945 3072 1001 locus
3131 948 3428 1018 proprius.
3487 949 3602 1005 lllis

1947 1047 2089 1088 vero
2128 1047 2335 1087 rursus
2374 1033 2600 1090 vallum
2666 1034 3072 1107 insuperabile
3140 1051 3378 1092 moram
3402 1037 3611 1108 objicit

1949 1122 2390 1190 necessariam;
2436 1124 2531 1177 vel
2571 1123 2618 1178 si
2685 1128 2894 1180 contra
2948 1125 3238 1197 pergendi
3301 1125 3607 1182 obstinent

1949 1209 2288 1280 audaciam,
2331 1227 2555 1284 anceps
2595 1228 2918 1268 occurrens
2958 1211 3195 1283 gladius
3266 1215 3606 1287 periculum

1948 1299 2200 1355 intentat
2227 1315 2777 1374 prtesens,quorum
2799 1302 3107 1374 cupiditati
3132 1303 3210 1358 ad
3230 1305 3606 1377 carpendum

1948 1387 2178 1457 lignum
2205 1390 2454 1445 vetitum
2493 1395 2716 1446 temere
2746 1390 3035 1462 praecipiti
3068 1391 3228 1462 juste
3269 1393 3467 1449 aditus
3507 1409 3606 1449 ne-

1950 1483 2141 1548 gatur,
2177 1480 2246 1534 Ut
2283 1483 2481 1534 autem
2513 1479 2710 1535 omnis
2749 1479 2967 1536 deinde
2996 1496 3137 1536 caro
3176 1481 3238 1536 in
3279 1487 3606 1554 conspectu

229 1573 338 1626 τοῖς
392 1566 458 1627 εἰς
523 1565 739 1640 οὐρανὸν
790 1569 886 1623 τὴν
939 1564 1192 1618 ἀνάϐασιν
1253 1567 1619 1639 οἰκοκομοῦσιν
1659 1564 1838 1636 ἀλογί-

1952 1567 2053 1623 Dei
2081 1567 2243 1623 viam
2267 1584 2440 1623 suam
2481 1569 2745 1641 corrupit
2783 1585 2962 1642 super
3004 1574 3242 1640 terram,
3286 1571 3604 1643 omnisque

231 1673 366 1716 στως
419 1659 513 1712 τὴν
559 1655 804 1726 ’γλῶσσαν
871 1658 1362 1729 καταμεριούμενος,
1414 1664 1486 1715 πῆ
1541 1652 1601 1709 δε
1643 1655 1839 1718 ξενιζό-

227 1761 378 1817 μενος
470 1742 913 1818 ἁνθρωποπρεπῶς
1008 1748 1151 1818 παρὰ
1225 1754 1296 1816 τῷ
1375 1743 1616 1818 Ἀϐραάμ
1644 1759 1658 1773 ⁸
1730 1740 1842 1797 εἶτα

226 1839 358 1907 πυρὶ
387 1837 475 1885 καὶ
515 1834 634 1904 θείῳ
679 1837 798 1893 τοὺς
851 1831 1125 1905 ἀθεμίτους
1181 1832 1426 1895 ἀπολλύς.
1483 1836 1839 1906 Συγκατίρχε’

223 1940 314 1976 ται
343 1924 509 1993 τούτῳ
534 1921 758 1992 Μιχαὴλ
789 1927 880 1974 καὶ
937 1920 1184 1997 Γαϐριὴλ,
1237 1922 1295 1974 οῦ
1343 1929 1435 1983 τῆς
1490 1919 1840 1994 Ἀϐραμιαίας

226 2016 378 2085 μόνον
469 2015 558 2063 καὶ
624 2010 767 2072 ξένης
849 2011 1016 2073 ξενίας
1095 2009 1288 2072 ἐκείνης
1349 2018 1712 2072 κοινωνοῦντες
1765 2018 1839 2081 τῷ

228 2105 487 2172 Δεσπὸτῃ,
547 2098 677 2152 ἀλλὰ
760 2105 852 2152 καὶ
905 2104 1064 2152 παντὶ
1120 2102 1238 2172 θείῳ
1297 2100 1611 2172 κελεύσματι
1665 2101 1840 2174 θεαρί-

231 2208 372 2250 στως
431 2191 828 2263 ὑπουργοῦντες.
901 2189 1275 2262 Διαμερίζουσι
1361 2194 1449 2262 μεν
1515 2191 1632 2246 ἔθνη
1703 2189 1841 2240 κατὰ

229 2279 480 2351 γλώσσας
507 2297 562 2331 τε
590 2282 681 2330 καὶ
709 2277 892 2350 φυλάςο
924 2277 1166 2339 ἇκάστοις
1225 2275 1285 2331 δε
1331 2280 1525 2330 τούτων
1595 2275 1840 2350 ἀγγέλους

232 2368 446 2443 ἀγόρους
503 2366 859 2440 ἔφιστάνουσι,
947 2372 1038 2420 καὶ
1090 2365 1404 2440 κηδεμόνας.
1454 2373 1554 2420 Καὶ
1599 2367 1842 2442 ῥυόμενοι

235 2462 324 2532 μεν
361 2464 751 2530 περιποιοῦνται
828 2462 918 2508 καὶ
968 2457 1228 2517 σὼζουσιν
1300 2455 1388 2518 οὓς
1460 2452 1766 2508 ἐδικαίωσεν
1815 2457 1842 2507 6

237 2551 384 2618 Θεὸς,
413 2549 840 2618 καταστρέφουσι
885 2542 944 2598 δὴ
990 2551 1081 2598 καὶ
1127 2554 1470 2598 κατασπῶσιν
1502 2544 1588 2607 οὓς
1639 2541 1844 2605 ἔνδικος

231 2635 486 2708 Ὑψίστου
590 2634 762 2706 ψῆφος
847 2631 1068 2687 ἕκδίωσι
1151 2634 1505 2708 πανωλεθρίῳ.
1602 2631 1843 2707 Ἀϐραὰμ

231 2726 464 2779 ἐντεῦθεν
502 2727 756 2796 ἡγίασται
789 2728 916 2795 Θεῷ,
959 2719 994 2776 ὃ
1001 2723 1032 2776 ι’
1063 2722 1117 2776 ὃν
1163 2729 1252 2777 καὶ
1296 2724 1323 2776 6
1351 2726 1556 2795 ἔκγονος
1613 2723 1844 2776 ἐπαινεῖ-

229 2835 318 2869 ται
340 2813 571 2888 Ἰσραήλ.

1948 1655 2228 1728 cogitatio
2251 1657 2328 1712 ad
2362 1656 2588 1713 malum
2627 1657 2852 1729 impetu
2882 1657 3112 1725 ruebat,
3135 1673 3259 1714 non
3299 1665 3387 1715 est
3405 1660 3603 1716 visum

1947 1749 2418 1800 consentaneum
2450 1749 2680 1800 tantam
2712 1745 2863 1801 inter
2901 1745 3303 1817 corruptelam
3347 1746 3449 1802 Dei
3480 1747 3604 1820 Spi-

1947 1832 2126 1889 ritum
2157 1833 2218 1889 in
2248 1833 2494 1890 homine
2537 1848 2912 1905 permanere.
2965 1833 3131 1890 Unde
3179 1851 3319 1891 cum
3346 1834 3446 1891 illa
3487 1839 3604 1893 Deo

1947 1921 2178 1978 sederet
2234 1923 2546 1989 sententia,
2608 1927 2828 1978 terram
2883 1922 3206 1978 delendam
3264 1923 3604 1980 universam

1945 2015 2175 2084 quanta
2199 2013 2287 2066 est
2305 2015 2364 2066 et
2391 2025 2638 2067 omnem
2667 2011 2799 2082 ejus
2832 2011 3180 2082 superbiam
3201 2011 3600 2080 obruendam,

1946 2097 2300 2154 sublimium
2329 2098 2544 2154 harum
2571 2098 2855 2154 virtutum
2890 2103 3139 2171 putatur
3167 2115 3314 2155 usus
3339 2100 3606 2156 ministe-

1945 2187 2033 2244 rio
2060 2188 2139 2244 ad
2158 2191 2492 2244 cataractas
2517 2186 2806 2244 caelorum
2845 2188 3307 2260 perfringendos
3347 2189 3606 2262 desuper

1947 2282 2004 2332 et
2042 2276 2120 2332 ad
2159 2276 2365 2348 abyssi
2399 2275 2592 2332 fontes
2632 2275 2786 2332 infra
2822 2276 3215 2348 rumpendas.
3260 2279 3342 2333 Ex
3379 2277 3604 2350 quibus

1946 2381 2246 2439 aquarum
2284 2365 2660 2421 redundante
2715 2365 2891 2437 copia
2945 2381 3084 2421 cum
3123 2367 3417 2422 exstincta
3473 2383 3606 2423 esse

1917 2454 2146 2511 omnis
2176 2469 2336 2525 caro,
2384 2469 2542 2509 unus
2575 2455 2774 2524 justus
2811 2469 2951 2510 cum
2989 2453 3214 2510 familia
3251 2454 3606 2511 eorumdem

1948 2543 2328 2616 providentia
2367 2547 2639 2599 servatus
2677 2542 2860 2598 fuisse
2900 2542 3112 2598 merito
3150 2543 3434 2601 creditur.
3464 2543 3606 2600 lnde

1950 2631 2025 2688 de
2051 2632 2204 2688 coelo
2252 2632 2541 2687 Dominus
2595 2629 2907 2687 descendit
2951 2632 3014 2687 in
3058 2636 3300 2688 terram.
3343 2632 3486 2698 Quis
3507 2633 3605 2689 hic

1949 2721 2277 2777 descensus
2306 2725 2509 2776 autem
2530 2719 2680 2791 ejus,
2699 2721 2873 2790 cujus
2905 2721 3222 2792 praesentia
3248 2719 3469 2776 coelum
3489 2721 3602 2776 im-

1947 2810 2071 2883 plet
2097 2815 2156 2866 et
2179 2815 2397 2866 terram
2435 2809 2463 2865 ?
2491 2813 2582 2864 An
2633 2825 2933 2864 novorum
2989 2808 3138 2865 forte
3175 2825 3432 2882 operum
3461 2825 3607 2866 mox

229 2913 602 2986 edendorum
645 2925 827 2985 super
868 2915 1084 2969 terram
1154 2910 1441 2969 mirabilis
1480 2909 1710 2968 eﬂectio
1743 2910 1859 2966 hoc
1898 2924 1936 2965 a
1974 2910 2278 2982 Scriptura
2332 2907 2576 2964 nomine
2609 2907 2959 2978 designatur
2999 2905 3029 2961 ?
3077 2907 3391 2963 Descendit
3424 2907 3607 2976 igitur

231 3017 397 3058 nunc
417 3001 732 3058 hominum
771 3001 1219 3074 conspiratione
1257 3002 1573 3057 temeraria
1611 3001 1690 3056 ad
1744 2997 2279 3055 conscendendum
2347 2996 2566 3053 ccelum
2627 2997 2904 3052 insanam
2961 2996 3172 3053 turrim
3227 2996 3605 3053 molientium

231 3091 506 3160 linguam
563 3090 866 3146 divisurus
900 3108 913 3146 :
945 3105 1108 3147 nunc
1148 3089 1568 3162 hospitalitatis
1620 3089 1877 3144 Abrahe
1925 3093 2210 3159 capturus
2266 3087 2782 3158 experimentum:
2849 3091 2976 3141 tum
3036 3086 3163 3156 igni
3200 3091 3257 3142 et
3319 3086 3607 3158 sulphure

230 3179 492 3234 incestos
523 3184 1010 3250 consumpturus.
1055 3182 1208 3235 Eunt
1231 3178 1312 3234 illi
1362 3178 1610 3234 comites
1649 3176 1890 3233 Michael
1934 3182 1991 3233 et
2034 3175 2287 3232 Gabriel.
2335 3179 2462 3232 Non
2495 3180 2558 3230 ut
2603 3175 2935 3232 Abramaeae
2982 3175 3401 3248 hospitalitatis
3450 3175 3607 3232 illius

229 3268 527 3325 inusitatae
549 3274 730 3340 atque
775 3267 854 3324 ab
901 3268 1222 3325 hominum
1269 3273 1397 3324 tum
1453 3267 1723 3323 moribus
1764 3265 2198 3338 peregrinantis
2249 3264 2510 3320 fructum
2577 3263 2757 3320 simul
2795 3280 2942 3334 cum.
2989 3264 3238 3321 domino
3291 3265 3605 3337 praesentis

233 3358 439 3428 gaudii
459 3357 854 3430 perciperent,
887 3357 990 3412 sed
1019 3363 1083 3413 ut
1117 3357 1194 3412 ad
1242 3372 1423 3413 omne
1449 3357 1691 3426 signum
1735 3355 1950 3411 divinte
1987 3354 2309 3410 voluntatis
2365 3370 2670 3410 summam
2729 3354 2954 3427 ubique
2996 3354 3076 3410 ad
3114 3355 3376 3428 quodvis
3420 3355 3606 3411 obse-

233 3447 446 3519 quium
483 3461 673 3519 opera
697 3446 1368 3515 navandadiligentiam
1405 3447 1920 3518 repraesentarent.
1973 3447 2182 3501 Gentes
2225 3443 2400 3513 igitur
2436 3443 2496 3498 in
2543 3443 2780 3513 linguas
2826 3450 2884 3499 et
2929 3444 3119 3500 tribus
3151 3444 3236 3500 illi
3283 3443 3604 3511 dividunt,

231 3545 360 3594 tum
393 3537 625 3593 eisdem
655 3537 906 3606 singulis
938 3541 1238 3593 curatores
1304 3536 1608 3608 quosdam
1652 3535 1900 3605 angelos
1946 3539 2004 3589 et
2049 3532 2333 3605 praesides
2389 3532 2724 3604 prteﬁciuut
2771 3531 2972 3588 iidem.
3032 3535 3164 3588 Jam
3209 3533 3288 3589 ad
3335 3548 3440 3589 eos
3488 3548 3605 3588 ser-

226 3627 467 3684 vandos
493 3641 651 3698 quos
681 3625 1034 3681 eximendos
1067 3641 1103 3681 a
1142 3626 1447 3681 communi
1489 3623 1659 3680 clade
1710 3628 1861 3678 Deus
1911 3621 2141 3678 censuit
2202 3636 2392 3692 quam
2440 3620 2631 3677 seduli
2689 3625 2829 3677 sunt
2857 3621 2884 3676 ?
2904 3637 3029 3694 qua
3048 3637 3150 3677 eos
3179 3621 3254 3690 vi,
3286 3637 3410 3693 qua
3435 3637 3604 3691 cura,

229 3732 417 3790 quam
473 3714 747 3771 beneﬁca
795 3719 1136 3786 protegunt,
1198 3714 1477 3786 eripiunt,
1529 3717 1721 3768 tutum
1754 3713 1814 3767 in
1857 3715 2164 3783 receptum
2212 3711 2474 3782 denique
2513 3710 2857 3783 perducunt
2908 3709 3001 3766 ‘PE
3043 3712 3340 3767 contrario
3371 3726 3512 3766 vero
3543 3717 3609 3766 ut

228 3811 491 3874 vastant,
519 3804 789 3860 obruunt
817 3810 997 3876 atque
1019 3803 1186 3859 omni
1216 3804 1522 3859 atrocitate
1553 3802 1613 3856 in
1655 3817 1758 3857 eos
1803 3801 2090 3856 detonant
2140 3798 2364 3871 quibus
2412 3799 2526 3856 hoc
2582 3799 2859 3855 meritum
2881 3800 3130 3856 exitium
3153 3801 3352 3872 justus
3403 3815 3608 3872 supre-

229 3895 320 3950 mi
344 3893 560 3964 judicis
591 3891 860 3949 calculus
883 3891 1280 3948 decreverat?
1304 3890 1610 3947 Abraham
1651 3889 1866 3946 exinde
1905 3887 2311 3945 sanctiﬁcatus
2352 3889 2468 3944 Deo
2507 3893 2617 3959 est,
2649 3888 2728 3944 ob
2757 3903 2940 3961 quem
2962 3895 3021 3945 et
3067 3905 3258 3961 nepos
3316 3890 3447 3960 ejus
3469 3887 3605 3945 lau-

232 3981 413 4037 datur
443 3981 643 4039 Israel.

304 4069 481 4125 ’Ἄλλοι
510 4074 599 4144 μεν
651 4070 738 4123 οὗν
818 4089 916 4124 των
981 4071 1125 4123 θείων
1179 4067 1409 4142 ἀγγέλων
1461 4068 1624 4122 ἄλλων
1682 4067 1836 4122 ἐθνῶν

2018 4067 2200 4138 Igitur
2219 4065 2316 4123 alii
2347 4065 2594 4140 quidem
2627 4069 2813 4125 sancti
2841 4068 3306 4139 angelialiarum
3337 4068 3605 4140 gentium

226 4159 543 4227 προστατεῖν
569 4151 1078 4221 κατακεκληρωνταισ
1131 4146 1275 4202 οὗτοι
1325 4149 1384 4202 δε
1441 4151 1694 4223 ἄρχοντες
1748 4153 1837 4200 καὶ

225 4246 594 4316 προασπὶσταὶ
646 4249 737 4293 τοῦ
813 4239 1032 4315 Ἰσραήλ
1087 4242 1217 4314 πρὸς
1281 4246 1414 4293 Θεοῦ
1482 4235 1832 4311 διαττάχατο.

225 4332 382 4385 Ὅθεν
409 4339 483 4402 τῷ
505 4332 687 4384 Ἰσαὰκ
736 4333 767 4389 η
809 4335 1054 4402 «γέννησις
1110 4328 1440 4405 ξωοπρεπήςο
1513 4329 1630 4381 κατ’
1678 4327 1838 4400 ἕπασγ-

225 4421 404 4495 γελίαν
475 4421 579 4493 γάρ
637 4421 736 4492 (3).
803 4421 1117 4492 Ξενοπρεπὴς
1188 4415 1247 4471 δε
1295 4420 1456 4472 θυσία
1495 4420 1628 4490 μετὰ
1674 4425 1842 4470 ταῦτα

227 4513 624 4584 προσαγόμενος
703 4517 840 4581 φωνῇ
914 4507 1136 4580 ἀγγέλου
1231 4512 1480 4582 πατρῴας
1564 4512 1840 4581 μαχαίρας

227 4598 606 4665 ἀπηλλάττετο,
691 4602 854 4659 τύπος
953 4599 1227 4672 ἱερωτέρας
1313 4595 1840 4670 παραλαμϐανόμενος

233 4691 553 4761 ἱερουργίας.
612 4694 727 4750 Πῶς
817 4684 871 4740 δ’
949 4685 1010 4738 ἂν
1064 4684 1250 4740 Ἰακὼϐ
1301 4695 1398 4748 τῆς
1451 4685 1840 4760 οὐρανομήκους

225 4777 476 4850 κλίμακος
527 4777 740 4844 ἐκείνης,
808 4783 898 4829 καὶ
946 4784 1045 4828 τῶν
1127 4773 1370 4826 ἀνιόντων
1427 4781 1519 4828 καὶ
1558 4780 1839 4828 κατιόντων

225 4862 302 4919 δι’
335 4866 496 4926 αὐτῆς
518 4863 767 4938 ἀγγίλων,
828 4867 859 4924 ἧ
920 4871 1011 4918 τοῦ
1057 4862 1494 4936 ἕπεστηριγμένου
1539 4872 1672 4918 Θεοῦ
1731 4864 1841 4936 ἐγε“

211 4959 358 5027 γόνει
387 4955 646 5028 θεωρὸς,ἣ
703 4963 804 5007 τῶν
850 4954 1064 5026 ὕστερον
1117 4951 1370 5024 ὀφθεισῶν
1432 4951 1573 5024 αὐτῷ
1639 4974 1836 5029 παρεμ-

216 5043 404 5109 ϐολῶν,
452 5045 481 5103 ᾖ
531 5053 631 5105 τῆς
678 5047 809 5117 μετὰ
881 5051 974 5095 τοῦ
1025 5043 1372 5116 Θεανθρώπου
1424 5040 1613 5113 πάλῆς,
1675 5043 1728 5107 ἐξ
1773 5046 1834 5098 οὗ

208 5133 642 5206 ἆαῆςίσραὴλ
700 5136 862 5206 ἔτυχε
921 5134 1305 5204 προσηγορίας·
1355 5138 1460 5192 πῶς
1517 5129 1577 5182 ἂν
1634 5136 1830 5188 τούτων

1947 4156 2133 4212 sortiti
2163 4157 2577 4229 praefecturam
2609 4164 2767 4214 sunt.
2798 4159 2930 4214 Istis
2953 4163 3154 4215 autem
3186 4165 3354 4215 extra
3383 4163 3604 4214 sortem

1947 4245 2049 4302 Dei
2108 4246 2635 4302 commendatione
2677 4247 2884 4319 populi
2925 4246 3227 4304 lsraelitici
3263 4247 3512 4318 regendi
3549 4246 3608 4304 et

1947 4335 2300 4407 protegendi
2328 4335 2695 4392 demandata
2723 4342 2810 4392 est
2831 4337 3161 4409 provincia.
3205 4337 3374 4394 Unde
3411 4337 3606 4394 lsaaci

1947 4425 2250 4495 generatio
2272 4424 2582 4489 mirabilis,
2612 4430 2670 4481 et
2697 4426 3033 4498 inopinata,
3064 4443 3171 4498 per
3187 4426 3603 4499 repromissio-

1946 4529 2086 4571 nem
2117 4515 2278 4570 enim
2307 4519 2486 4571 natus
2506 4520 2613 4586 est,
2641 4530 2845 4572 eorum
2866 4517 3297 4574 administrata
3327 4533 3448 4573 esse
3463 4534 3603 4587 pru-

1947 4605 2152 4661 dentia
2179 4605 2457 4673 putanda
2486 4611 2589 4660 est.
2634 4605 2745 4671 Qui
2783 4604 3002 4662 deinde
3040 4611 3217 4663 Isaac
3257 4623 3395 4662 cum
3435 4607 3606 4664 altari

1947 4698 2106 4750 esset
2127 4693 2438 4764 inopinata
2467 4693 2709 4750 victima
2739 4693 3073 4767 impositus,
3093 4711 3240 4752 voce
3279 4695 3602 4767 prohiben-

1949 4783 2022 4838 tis
2063 4780 2260 4852 angeli
2301 4781 2533 4853 paterni
2586 4787 2674 4838 est
2712 4782 2896 4853 gladii
2932 4784 3196 4856 periculo
3239 4784 3598 4842 subtractus.

1948 4872 2092 4937 Quae
2120 4875 2290 4926 erant
2309 4870 2438 4941 jam
2469 4875 2594 4926 tum
2617 4873 2825 4929 omnia
2855 4873 2933 4929 ad
2984 4873 3295 4929 sanctioris
3326 4874 3601 4931 sacriﬁcii

1942 4959 2205 5030 ﬁguram
2225 4959 2560 5031 designata.
2590 4962 2907 5027 Quomodo
2923 4977 3065 5019 vero
3087 4963 3275 5018 Jacob
3309 4962 3596 5019 mirabilis

1887 5067 1890 5070 ’
1939 5049 2097 5105 illius
2127 5049 2345 5104 coelum
2376 5054 2547 5105 terrae
2587 5052 3010 5108 committentis
3052 5052 3228 5108 scalae
3271 5052 3598 5108 ascenden-

1937 5138 2212 5210 tiumque
2240 5153 2348 5210 per
2397 5153 2532 5194 eam
2575 5140 2930 5210 angelorum
2962 5148 3064 5196 aut
3102 5139 3596 5196 descendentium

207 5220 408 5286 ἧξίωτο
437 5231 529 5282 τῆς
563 5223 796 5298 θεωρίας,
863 5222 908 5275 εἰ
962 5225 1035 5292 μή
1091 5228 1202 5280 τοῖς
1254 5218 1664 5292 ἀρχαγγελικοῖς
1713 5226 1829 5276 τού-

1945 5227 2462 5300 incumbentisque
2489 5227 2571 5284 illi
2626 5229 2744 5299 Dei,
2789 5245 2997 5286 rursus
3050 5236 3380 5287 castrorum
3412 5246 3599 5303 appa-

205 5330 324 5372 τοις
401 5314 539 5372 νόοις
650 5313 1004 5370 κατηυθύνετο
1119 5308 1496 5384 φρουρούμενος
1545 5325 1559 5376 ;
1607 5307 1713 5384 Ὑφ’
1757 5312 1825 5365 ὧν

209 5399 390 5473 αἶομι,
419 5405 512 5453 καὶ
559 5401 756 5475 Ἰωσὴφ
795 5401 1008 5475 ὕστερον
1051 5398 1125 5467 είς
1152 5401 1418 5471 Αἴγυπτον
1465 5395 1822 5475 ὁδηγηθῆναι,

1934 5316 2218 5386 reutium,
2251 5320 2382 5371 tum
2402 5315 2575 5373 luctas
2599 5333 2740 5374 cum
2787 5320 2993 5376 divino
3043 5320 3168 5376 viro
3197 5335 3334 5392 qua;
3365 5319 3595 5378 lsraelis

1936 5405 2019 5463 illi
2039 5404 2506 5479 appellationem
2546 5409 2812 5480 peperit:
2846 5424 2968 5481 quo
3001 5409 3255 5483 inquam
3282 5409 3378 5466 ille
3408 5411 3594 5468 modo

289 5541 376 5618 (3)
399 5541 614 5619 Aliqua
639 5544 738 5602 hic
759 5543 966 5604 deesse
994 5541 1268 5601 videntur
1293 5542 1357 5600 in
1378 5544 1592 5602 Graecis
1620 5561 1758 5620 quae
1796 5563 1909 5607 nos
1943 5549 2144 5609 Latine
2180 5548 2592 5625 supplevimus
2629 5550 3038 5623 probabiliter.
