2062 3190
297 126 365 156 1231

1014 121 1132 149 ADDEN
1135 121 1180 149 DA
1186 140 1194 150 .

1907 126 1968 154 H32

296 190 342 218 tot
356 191 434 217 esset
461 187 627 224 taliumque
650 192 751 214 rerum
768 187 828 214 tam
852 183 997 222 praeclara
1023 182 1141 220 speciei

1194 184 1220 209 at
1249 186 1296 213 τῆς
1331 183 1481 220 Αἰγυπτίων
1521 184 1610 222 ἀρχῆς
1638 184 1817 217 ἐπιλαϐέσθαι,
1843 187 1888 212 καὶ
1913 187 1971 225 πρὸς

299 234 474 269 visioneque
485 232 636 266 dignatus,
650 230 706 259 nisi
718 231 826 258 harum
846 228 1123 263 archangelicarum

299 277 445 306 mentium
465 275 605 313 prasidio
625 275 735 312 ubique
755 277 784 303 et
802 273 1017 310 gubernatione
1031 275 1125 300 utere-

299 325 358 351 tur.
370 323 502 355 Quarum
512 320 602 349 etiam
616 319 725 348 deinde
749 319 838 348 credo
864 317 1053 355 providentia
1068 317 1126 345 du-

300 369 382 395 ctum
394 366 506 402 Joseph
526 366 556 394 in
574 367 737 401 Aigyptum
761 363 801 392 ad
813 364 878 400 ejus
903 362 1033 399 denique
1048 361 1129 397 genti

301 411 458 440 emersisse
468 410 690 447 principatum:
716 417 778 446 quo
798 411 826 437 et
836 408 876 437 ad
899 407 1128 440 humanitatem,

303 456 381 486 etad
393 456 567 492 religionem
580 463 653 483 usus
674 457 737 483 tum
751 456 895 490 cognatos
918 453 957 481 ad
983 460 1014 481 se
1025 459 1130 480 omnes

304 502 424 531 attraxit
440 509 521 535 suos,
538 503 602 529 tum
617 500 731 529 alienos
755 501 845 536 atque
864 498 980 527 exteros
995 497 1034 526 ad
1051 497 1130 533 ejus-

305 548 376 576 dem
407 554 509 575 secum
537 545 588 574 Dei
617 544 731 573 cultum
759 543 939 580 provocavit.
975 544 1043 571 Post
1067 542 1132 570 haec

305 601 412 622 rursus
434 592 509 620 eruit
535 590 679 620 Dominus
700 598 736 618 ex
758 589 968 626 IEgyptiorum
991 587 1133 617 manibus

307 639 457 669 lsrnelem,
474 636 563 664 modo
577 636 640 671 jam
666 635 738 663 satis
763 635 871 671 opinor
894 636 965 661 noto
980 633 1132 661 omnibus.

309 682 454 718 Disruptis
469 682 547 708 enim
560 681 645 717 aquis
659 680 714 707 illis
734 679 889 707 immensis
917 678 1041 713 gurgitis
1055 677 1135 705 altis-

309 726 628 762 simisiccispopulum
653 724 780 761 pedibus
806 723 975 751 vastomari
995 722 1133 751 traduxit.

310 771 400 806 Cujus
424 770 517 806 ipsius
547 769 688 797 ﬂuctibus
714 771 943 804 persequentem
969 766 1069 795 obruit
1101 773 1136 793 ac

309 815 438 852 perdidit
457 814 637 850 AZgyptium.
650 814 805 841 Servatum
831 813 899 840 hinc
920 811 1067 848 populum
1084 810 1136 838 ad-

310 861 404 889 movit
420 868 505 888 sacro
524 858 628 886 monti.
652 858 703 886 Ubi
737 857 845 886 divinis
871 866 940 885 eum
968 856 1094 884 vocibus
1111 858 1139 883 et

310 905 427 940 legibus
436 903 604 932 caelestibus
629 902 766 931 erudivit.
782 905 877 938 Atque
893 902 941 930 hic
957 902 986 929 in
1007 901 1135 937 speciem

312 950 368 978 soli
383 951 497 985 Moyses
518 951 545 976 et
565 951 664 976 Aaron
684 947 866 984 exeipiendis
887 946 936 975 Dei
952 946 1051 974 verbis
1071 953 1139 982 por-

312 995 459 1031 tentisque
470 993 669 1030 procurandis
684 994 742 1021 Deo
754 992 926 1029 populoque
940 991 1138 1019 ministerium

313 1040 475 1068 navabant.
490 1040 527 1066 Re
544 1041 645 1066 autem
658 1046 727 1066 vera
750 1037 872 1066 Michael
891 1040 918 1065 et
945 1036 1060 1065 Gabriel
1074 1043 1138 1063 om-

314 1093 383 1112 nem
395 1084 475 1112 illam
496 1083 535 1111 ad
551 1091 656 1111 sensus
669 1082 847 1110 admirantis
862 1080 966 1118 populi
977 1079 1138 1108 miraculo-

314 1138 381 1158 rum
398 1136 543 1165 pompam
554 1131 582 1156 et
596 1126 787 1156 oraculorum
803 1126 936 1154 sonitum
949 1132 985 1152 ex
996 1124 1139 1159 dignitate

316 1173 493 1209 legislatoris
516 1173 566 1200 Dei
577 1172 655 1201 clam
670 1169 934 1199 administrabant.
955 1168 1140 1202 Quodigitur

315 1219 355 1246 illi
368 1220 509 1255 prrestare
523 1216 712 1248 videbantur,
724 1214 781 1242 hoc
795 1222 864 1242 vere
879 1213 925 1241 isti
946 1212 1139 1249 prazstabant.

316 1268 355 1291 Ae
375 1260 635 1299 quemadmodum
654 1259 791 1287 omnium
807 1260 911 1286 auctor
927 1257 1072 1293 sapientia
1087 1257 1140 1284 im-

316 1308 456 1336 mediatis
487 1306 550 1334 istis
571 1303 616 1332 sui
636 1302 750 1331 consilii
771 1302 953 1331 administris
978 1302 1117 1330 utebatur
1134 1309 1139 1328 :

317 1354 358 1381 sic
373 1352 422 1381 isti
432 1351 515 1378 Mose
525 1351 679 1377 etAarone
693 1348 779 1384 quasi
796 1348 997 1375 secundarum
1011 1346 1141 1383 partium

316 1397 455 1426 ﬁdelibus
468 1393 652 1431 quibusdam
673 1393 815 1421 ministris
832 1392 878 1420 usi
898 1392 1076 1427 magniﬁcas
1090 1398 1143 1427 per

316 1442 398 1479 ipsos
410 1439 476 1469 illas
492 1441 519 1467 et
534 1438 766 1466 divinasindices
781 1437 920 1474 potentiae
936 1437 1143 1473 prodigiorum

318 1485 500 1516 mirabilium
528 1484 672 1512 editiones
710 1485 906 1511 ostentarunt.
946 1484 1045 1518 Neque
1068 1482 1143 1509 idin

319 1533 421 1560 monte
436 1532 550 1558 tantum
566 1531 617 1557 aut
631 1529 662 1556 in
682 1528 812 1556 deserto.
830 1529 927 1556 Iesum
940 1527 1019 1555 enim
1040 1529 1145 1563 postea

320 1576 360 1606 ad
374 1575 558 1612 promiSSam
578 1574 618 1607 illi
633 1573 746 1609 populo
760 1576 868 1601 terram
882 1573 968 1600 solita
989 1571 1146 1608 providen»

320 1621 363 1651 tia
392 1619 550 1657 prosecuti,
573 1620 778 1655 praeparantes
797 1617 908 1653 ubique
923 1625 958 1645 ac
978 1617 1146 1644 munientes

320 1668 400 1695 viam
415 1667 444 1693 et
463 1664 502 1692 ad
522 1664 573 1691 Dei
591 1663 725 1699 requiem
744 1662 930 1694 inducentes,
952 1662 1032 1689 ﬂuvii
1046 1662 1148 1689 retrin-

322 1712 397 1745 gunt
424 1709 582 1745 impetum,
609 1715 712 1735 muros
742 1707 804 1734 sine
832 1706 979 1734 machinis
1004 1708 1147 1741 evertunt,

321 1755 467 1790 dynastas
495 1753 560 1788 ejus
585 1754 668 1780 terrae
693 1751 765 1779 diris
777 1754 804 1779 et
830 1751 1002 1779 efﬁcacibus
1016 1759 1149 1778 exsecra-

322 1799 454 1827 tionibus
464 1798 621 1826 devovent.
636 1796 686 1824 Hic
703 1796 823 1824 Michael
842 1796 983 1832 princeps
1004 1796 1149 1823 exercitus

323 1843 441 1872 Domini
469 1842 520 1870 viri
545 1842 644 1878 specie
666 1841 857 1876 evaginatum
890 1849 985 1869 manu
1023 1841 1150 1868 tenentis

322 1888 457 1923 gladium
487 1894 646 1923 apparens,
673 1886 740 1922 quis
769 1888 847 1913 esset
871 1885 1032 1913 declaraiit
1068 1887 1095 1913 et
1119 1887 1151 1912 ut

322 1933 524 1961 ealceamenta
537 1931 662 1958 solveret
675 1931 762 1958 Josue
776 1930 918 1966 praecepit
934 1939 939 1957 :
958 1937 993 1957 ea
1008 1937 1038 1957 re
1055 1929 1150 1964 signi-

322 1975 416 2003 ﬁcans
429 1975 537 2011 siquid
555 1977 726 2003 concretum
747 1977 809 2002 erat
838 1977 926 2010 atque
954 1974 1046 2001 hebes
1058 1974 1150 2002 tarda:

323 2023 505 2056 terrenzeque
532 2019 688 2054 cogitionis
709 2019 921 2047 excutiendum
952 2026 1018 2045 esse
1060 2026 1149 2046 omne

321 2074 375 2101 per
385 2067 493 2093 terram
504 2065 567 2100 jam
584 2067 720 2092 sanctam
747 2063 933 2099 ingredienti.
964 2062 1044 2090 Idem
1058 2062 1150 2090 ambo

321 2112 429 2146 postea
444 2112 476 2137 ut
489 2110 672 2137 sanctiorum
704 2115 895 2144 quorumque
912 2106 1050 2142 judicum
1066 2108 1094 2134 et
1107 2114 1150 2133 rc-

322 2162 394 2189 gum
415 2154 515 2188 gloria:
536 2154 680 2182 servirent
710 2153 771 2180 vim
791 2152 947 2180 elementis
978 2150 1148 2178 attulerunt.

321 2198 435 2228 Caelum
460 2206 531 2227 cum
561 2198 622 2226 sole
654 2199 683 2226 et
714 2196 801 2225 astris
821 2195 984 2232 aliquando
1013 2194 1150 2230 quidem-

322 2247 400 2273 stare
413 2243 625 2280 coegeruntad
636 2243 782 2277 integram
807 2240 1068 2276 consumptionem
1097 2240 1150 2268 im-

320 2290 449 2327 piorum.
466 2291 691 2324 Nonnunquam
713 2293 782 2314 vero
811 2293 915 2313 cursus
939 2287 1089 2313 astrorum
1105 2294 1148 2314 re-

321 2335 470 2363 torserunt
482 2332 620 2361 omnium
629 2331 669 2360 ad
680 2338 750 2358 suos
774 2332 852 2358 retro
880 2338 1011 2358 carceres
1037 2332 1147 2359 reﬂexo

320 2380 443 2416 impetu,
455 2380 487 2406 ut
500 2385 535 2406 eo
551 2376 688 2413 prodigio
701 2375 768 2403 vitae
784 2375 967 2411 promissum
980 2376 1147 2405 auctarium

320 2423 400 2452 ﬁdeli
412 2423 475 2458 regi
489 2421 712 2450 conﬁrmarent.
735 2419 929 2447 Abstulerunt
940 2420 1028 2455 bella,
1045 2428 1063 2448 a
1079 2429 1148 2455 gen-

320 2468 400 2496 tibus
422 2466 522 2503 impiis
537 2465 623 2494 tutati
639 2463 777 2491 Israelcm
793 2467 869 2493 sunt.
885 2467 1025 2501 Satrapas
1037 2465 1147 2493 multos

319 2515 349 2542 et
379 2519 508 2547 magnos
549 2510 633 2545 signo
662 2509 784 2545 quidem
815 2509 853 2537 ad
883 2510 1059 2538 memoriam
1096 2512 1148 2538 aut

318 2556 444 2592 vestigio
474 2555 575 2583 relicto
617 2562 651 2581 ex
688 2557 764 2582 terra
797 2555 1040 2583 exterminarunt.
1071 2557 1145 2583 Nam

319 2601 344 2630 si
355 2599 473 2636 absque
487 2599 543 2627 illis
554 2598 844 2635 fuisset,potueratne
859 2608 927 2627 cum
944 2600 1080 2628 trecentis
1093 2601 1143 2628 Ge-

317 2645 394 2673 deon
421 2643 576 2680 myriadas
605 2643 776 2672 debellare?
802 2646 833 2672 Et
856 2644 939 2681 quod
958 2652 1062 2680 quaeso
1084 2647 1143 2673 tam

317 2689 447 2717 ferreum
461 2688 594 2724 corporis
622 2697 656 2717 ac
677 2689 856 2717 lacertorum
883 2689 976 2717 robur
1004 2691 1144 2718 Samsoni

317 2734 483 2762 suttecisset
499 2743 505 2762 τ
520 2737 571 2762 aut
581 2743 648 2771 quae
660 2735 780 2763 tandem
792 2735 822 2762 id
837 2735 894 2763 hoc
914 2736 1022 2763 durare
1032 2737 1144 2773 potuis-

315 2781 363 2809 set
376 2777 451 2809 asini
466 2779 588 2810 maxilla
601 2782 635 2810 ut
652 2780 694 2811 ita
712 2779 932 2810 Philistinorum
964 2781 1142 2812 exercitibus

1178 226 1267 254 ἑαυτὸν
1295 229 1340 264 μὲν
1360 229 1415 255 ὅλον
1441 229 1605 256 ἐπισπᾶσθαι
1632 232 1661 256 τὸ
1692 232 1823 266 συγγενὲς,
1848 232 1913 269 πρὸς
1930 236 1971 261 τὴν

1178 271 1237 297 κατ’
1252 271 1329 298 αὑτὸν
1348 271 1377 300 δὲ
1407 273 1550 300 θεοσέϐειαν
1574 277 1620 301 καὶ
1647 276 1706 305 τοὺς
1734 274 1883 312 ἀλλοτρίους
1906 275 1974 312 ἐγκα-

1180 316 1381 346 λιῖσθαι.Μιτὰ
1399 322 1483 345 ταῦτα
1504 318 1580 345 πάλιν
1609 318 1714 350 ἐξείλετο
1743 321 1838 356 Κύριος
1863 325 1909 351 τῆς
1934 320 1976 347 Αἰ-

1182 366 1330 397 γυπτιακῆς
1344 365 1435 401 χειρὸς
1445 365 1488 390 τὸν
1504 363 1620 401 Ἰσραὴλ.
1649 367 1720 390 Πᾱσι
1757 362 1787 390 δὲ
1819 362 1898 395 δῆλος
1923 366 1978 396 ἴσως

1184 406 1197 432 ὁ
1219 411 1265 437 τῆς
1286 405 1377 439 ἐξόδου
1418 410 1522 444 τρόπος.
1544 406 1632 445 Ὕδωρ
1662 410 1712 446 γὰρ
1743 408 1863 436 ἀϐύσσου
1896 411 1979 448 μύριον

1185 450 1332 488 ἀναρρήξας
1347 453 1389 478 τόν
1404 453 1450 489 μὶν
1470 452 1596 490 ἁϐρόχοις
1609 451 1723 489 διήγαγε
1748 455 1836 481 ποσίν·
1863 454 1888 481 ἄν
1916 455 1978 490 αὐτῷ

1187 493 1216 521 δὲ
1231 497 1274 522 τὸν
1288 494 1402 526 διώκτην
1418 497 1557 533 Αίγύπτιον
1572 497 1701 529 ἐξώλεσεν.
1726 498 1771 529 Εἰς
1794 499 1851 536 ὅρος
1880 497 1910 526 δε
1941 501 1979 525 τὸν

1188 543 1350 577 σεσωσμένον
1389 543 1455 578 μετά
1492 546 1576 569 ταῦτα
1608 546 1796 580 προσαγαγὼν,
1836 544 1978 575 θεσπεσίαις

1188 589 1281 621 φωναῖς
1296 589 1341 612 καὶ
1371 587 1477 623 θεσμοῖς
1502 587 1631 624 οὐρανίοις
1653 586 1871 624 ἓπαιδαγώγησεν
1900 589 1978 617 αὐτόν,

1187 629 1236 658 Ἦν
1250 633 1335 657 τοίνυν
1350 630 1402 658 ἐκεῖ
1416 633 1444 658 τὸ
1467 634 1512 668 μὲν
1538 633 1674 669 ὁρώμενον,
1697 636 1794 664 Μωσῆς
1815 636 1860 660 καὶ
1890 634 1977 670 ’Λαρὼν

1190 679 1256 701 Θεοῦ
1268 676 1368 713 ῥήμασι
1383 679 1426 703 καὶ
1452 679 1556 715 τέρασιν
1587 678 1801 715 ὑπηρετούμενοι,
1829 680 1858 705 τὸ
1886 680 1981 715 νοούμε-

1154 729 1230 772 Βνον
1257 718 1287 746 δὲ
1316 721 1428 757 Μιχαὴλ
1451 724 1496 749 καὶ
1520 721 1640 760 Γαβριὴλ
1667 727 1717 749 τῶν
1744 724 1824 761 ξογων
1852 727 1915 751 Θεοῦ
1940 725 1982 749 καὶ

1190 765 1283 801 ὶογίων
1310 770 1460 802 πανευαγῶς
1501 769 1697 804 προεστηκότες.
1716 767 1798 805 ’Ὁπερ
1827 768 1871 794 οὖν
1900 768 1984 794 ἐκεῖνοι

1192 811 1246 841 τοῖς
1272 810 1360 843 ἄλλοις
1385 812 1560 849 καθεωρῶντο,
1600 817 1675 840 τοῦτο
1705 818 1767 850 γοῦν
1802 812 1875 840 οὗτοι
1894 814 1987 842 τούτοις

1192 854 1381 892 ἐχρημάτιζον.
1396 859 1446 883 Καὶ
1469 859 1556 893 ὤσπιρ
1576 858 1591 886 ὴ
1616 860 1778 894 παντουργός
1802 860 1881 895 σοφία
1905 856 1991 884 διακό-

1192 909 1245 930 νοις
1260 901 1362 932 τούτοις
1378 899 1479 937 ἀμίσως
1494 905 1540 931 τῆς
1551 899 1621 932 ἰδίας
1647 901 1759 937 ἆκέχητο
1790 901 1887 938 βουλῆς
1916 902 1992 931 οὕτως

1195 944 1266 971 οὗτοι
1281 946 1371 973 Μωσεῐ
1384 948 1428 972 καὶ
1447 945 1546 982 Ἀαρὼν
1561 946 1611 972 ὅσα
1630 948 1674 972 καὶ
1698 947 1838 983 ὑπηρέταις
1860 949 1994 984 χρώμενοι

1192 993 1307 1023 πιστοῖς,
1323 991 1367 1020 τὰς
1379 991 1529 1020 πανσθενεῖς
1558 989 1582 1016 ἔν
1611 989 1700 1021 αὐτοῖς
1736 989 1905 1021 έξεκάλυπτον
1938 991 1994 1016 θεο-

1195 1036 1313 1069 σημιίας.
1328 1034 1398 1061 Ἀλλ’
1412 1034 1459 1060 οὐκ
1483 1034 1507 1060 έν
1535 1036 1622 1071 μόνοις
1645 1034 1751 1065 ἐκείνοις
1776 1036 1824 1065 τὰς
1852 1033 1993 1070 μεγαλουρ-

1193 1080 1254 1113 γίας
1268 1076 1441 1109 ἐπεδείξαντο.
1460 1081 1510 1106 Καὶ
1519 1083 1564 1105 τοῦ
1579 1080 1666 1108 Ἰησοῦ
1684 1077 1713 1106 δὲ
1725 1080 1791 1116 μετὰ
1818 1083 1904 1105 ταῦτα
1931 1080 1992 1116 πρὸς

1194 1124 1241 1151 τήν
1257 1121 1447 1159 ἐπηγγελμένην
1466 1128 1503 1159 τῷ
1529 1123 1582 1159 λαῷ
1610 1128 1660 1160 γῆν
1688 1126 1920 1161 ττροττορευὸμενοι¹
1951 1126 1990 1150 καὶ

1194 1168 1241 1196 τὴν
1256 1164 1317 1192 ὁδὸν
1342 1167 1422 1194 αὐτοῦ
1450 1168 1698 1202 κατασκευάζοντες,
1727 1171 1773 1195 καὶ
1796 1170 1859 1205 πρὸς
1886 1171 1933 1198 τὴν
1951 1172 1989 1194 τοῦ

1196 1214 1262 1237 Θεοῦ
1275 1212 1439 1239 κατάπαυσιν
1462 1212 1620 1249 εἰσάγοντες,
1653 1217 1772 1249 ποταμοῦ
1799 1214 1879 1250 φορὰν
1904 1212 1990 1239 ἀνακο-

1196 1265 1315 1283 πτονσινι
1343 1259 1421 1293 τείχη
1461 1255 1531 1293 δίχα
1574 1259 1774 1294 μηχανημάτων
1801 1260 1989 1284 κατασείουσιν’

1197 1299 1327 1331 δυνάστας
1338 1300 1560 1338 ἁναθεματίζουσι
1587 1306 1650 1339 γῆς.
1682 1303 1749 1329 Ἐκιὶ
1780 1302 1893 1339 Μιχαὴλ
1917 1301 1991 1340 ἀρχι-

1198 1346 1346 1382 στράτηγος
1373 1349 1470 1383 Κυρίου
1506 1347 1590 1377 καθὼς
1630 1346 1695 1384 ἀνὴρ
1735 1347 1903 1383 ἐσπασμένην
1928 1348 1993 1383 χειρὶ

1197 1392 1315 1426 κατέχων
1342 1391 1472 1428 ῥομφαίαν
1510 1391 1683 1428 ὀπταζόμενος
1721 1391 1813 1418 ἑαυτὸν
1852 1393 1922 1423 ὅστις
1959 1392 1991 1419 εἴη

1198 1437 1350 1472 παρέφηνιν,
1366 1438 1411 1462 καὶ
1426 1435 1492 1462 λύειν
1508 1438 1537 1462 τὸ
1555 1434 1683 1473 ὑπόδημα
1707 1437 1855 1474 παρηγγύα
1885 1441 1920 1472 τῷ
1948 1436 1994 1464 Ἰη-

1200 1483 1257 1515 σοῦ,
1277 1482 1323 1506 καὶ
1335 1478 1419 1517 μηδὲν
1430 1491 1505 1517 παχυ
1518 1484 1563 1507 καὶ
1577 1481 1735 1511 ἀναίσθητον
1749 1485 1794 1508 τοῦ
1818 1483 1910 1518 γηῖνου
1938 1489 1994 1517 φρο-

1164 1526 1184 1554 C
1199 1527 1312 1561 νήματος
1326 1524 1479 1561 ἐπάγεσθαι,
1495 1527 1528 1556 ὡς
1562 1524 1617 1556 ἤδη
1646 1530 1693 1558 τῆς
1723 1526 1799 1563 ἁγίας
1824 1525 1993 1553 ἐπιϐατεύοντι

1199 1574 1257 1606 γῆς.
1285 1569 1394 1596 Ἔπειτα
1425 1574 1519 1607 κριτῶν
1548 1573 1592 1597 καὶ
1616 1570 1745 1608 βασιλέων
1774 1575 1829 1602 τοῖς
1856 1570 1994 1598 εὐσεϐεστέ-

1200 1624 1256 1652 ροις
1283 1614 1476 1651 μεγαλύνοντες,
1519 1620 1675 1653 τυραννοῦσι
1712 1619 1840 1652 στοιχεῖα.
1884 1614 1997 1653 Οὐρανὸν

1204 1662 1249 1686 σὺν
1265 1659 1329 1695 ἡλίῳ
1356 1662 1402 1686 καὶ
1427 1660 1535 1697 ἄστροις
1563 1662 1624 1687 ποτε
1648 1662 1693 1697 μὲν
1723 1662 1829 1688 ἱστῶσιν
1855 1659 1889 1690 εἰς
1915 1660 1998 1686 συντί-

1202 1704 1271 1731 λειαν
1300 1702 1446 1741 δυσμενῶν·
1482 1707 1542 1732 ποτὶ
1583 1704 1612 1732 δὲ
1644 1705 1799 1742 παλίνορσον
1812 1704 1999 1741 ἁναστρέφονσι

1203 1751 1233 1776 τὸ
1245 1752 1306 1783 πᾶν,
1321 1754 1407 1785 πιστῷ
1420 1749 1527 1786 βασιλεῖ
1546 1750 1616 1782 ζωῆς
1646 1752 1816 1787 πιστούμενοι
1839 1750 1998 1787 προσθήκην.

1204 1794 1404 1831 Ἀνταναιροῦσι
1427 1792 1555 1832 πολέμους
1597 1798 1794 1833 περιποιοῦνται
1834 1797 1878 1822 τὸν
1900 1792 2001 1830 Ἰσραὴλ

1205 1838 1281 1866 ἐθνῶν
1306 1839 1416 1874 ἀσεϐῶν,
1451 1842 1496 1866 καὶ
1522 1844 1662 1878 σατραπῶν
1685 1840 1784 1867 πολλῶν
1817 1850 1864 1866 και
1892 1838 2000 1876 μεγάλων

1204 1884 1410 1920 μνημόσυνονὲκ
1439 1888 1487 1915 τῆς
1518 1889 1569 1921 γῆς
1595 1889 1785 1923 περιαιροῦσιν.
1820 1888 1881 1915 Πῶς
1911 1883 1940 1910 ἂν
1966 1885 2000 1909 Γε-

1206 1928 1269 1955 δεὼν
1293 1928 1318 1955 ἐν
1358 1931 1521 1965 τριακοσίοις
1561 1929 1697 1966 ἕκστράτει
1721 1927 1880 1967 μυριάδων;
1897 1932 1952 1958 Πῶς
1978 1924 2001 1952 δὲ

1205 1973 1316 2010 Σαμψὼν
1331 1973 1409 2010 ἰσχύῑ
1423 1977 1541 2011 σώματος
1562 1976 1627 2010 μόνη
1644 1975 1659 2004 ἡ
1677 1977 1781 2010 σιαγόνι
1806 1976 1867 2001 ὄνου
1893 1977 1941 2004 τῆς
1959 1975 2000 1998 τῶν

1205 2017 1350 2054 ἀλλοφύλων
1380 2018 1446 2045 οὕτω
1487 2019 1627 2049 κατέπαιζε
1657 2017 1793 2056 δυνάμεως
1809 2027 1816 2053 ;
1835 2018 1892 2045 Οὐκ
1923 2017 1951 2044 ἂν
1975 2014 1999 2044 ἦν

1205 2065 1287 2099 μέγας
1312 2064 1384 2100 παρὰ
1417 2066 1505 2101 Κυρίῳ
1531 2064 1661 2100 Σαμουὴλ.
1691 2064 1747 2090 Οὐκ
1775 2061 1931 2090 ἆνόΔάϐὶδ
1957 2064 1997 2085 *ὧν

1204 2108 1305 2134 πάντων
1318 2108 1462 2146 ὑπερέσχεν
1477 2107 1589 2145 ἐχθρῶν.
1605 2108 1660 2135 Οὐκ
1673 2108 1703 2135 ἆν
1719 2106 1777 2135 οὐδ’
1805 2109 1889 2140 αὐτὸς
1919 2106 1998 2135 Ἦλίας

1204 2154 1284 2189 πυρός
1299 2153 1472 2191 φοϐερώτερος
1499 2156 1552 2183 τοῖς
1579 2156 1699 2190 πυρίνοις
1723 2154 1810 2189 ἔργοις
1846 2154 1996 2189 καθεωρᾶτό,

1204 2199 1248 2224 καὶ
1271 2199 1354 2234 πυρὸς
1376 2197 1457 2234 ἄματι
1487 2199 1552 2234 πρὸς
1583 2198 1709 2235 οὐρανούς
1733 2198 1882 2234 ὀχούμενος
1910 2195 1998 2223 ἀνείλη·

1203 2252 1261 2269 πτο.
1279 2240 1344 2268 Οὐδ’
1360 2242 1390 2268 οἷν
1403 2252 1440 2272 τις
1453 2241 1529 2273 ἄλλος
1554 2246 1604 2268 τῶν
1627 2244 1717 2270 ἐνθέων
1739 2243 1830 2279 λόγοις
1852 2245 1898 2269 καὶ
1922 2243 1997 2279 ἔργοις

1165 2311 1186 2337 D
1202 2288 1329 2323 ἐπίσημος
1342 2285 1453 2322 ἐγεγόνει
1463 2291 1610 2324 προφητῶν,
1627 2287 1650 2313 εἰ
1680 2289 1715 2324 μὴ
1748 2292 1851 2318 νοητῶς
1871 2291 1896 2314 οἱ
1916 2285 1997 2323 κράτι-

1202 2341 1261 2360 στοι
1275 2335 1325 2358 τῶν
1346 2333 1409 2357 νὸων
1430 2330 1571 2369 κηδεμόνες
1595 2332 1710 2370 λαμπροὶ
1733 2335 1936 2370 προεστηκότες,
1960 2329 1997 2355 καὶ

1200 2382 1251 2404 τῶν
1271 2375 1339 2403 ὁδῶν
1366 2375 1460 2409 αὐτῶν,
1501 2379 1546 2403 καὶ
1570 2381 1621 2403 τῶν
1642 2378 1722 2414 ἔργων
1750 2379 1946 2415 προηγούμενοι
1969 2373 1997 2403 εἰς

1201 2426 1251 2449 πᾶν
1277 2421 1375 2458 θέλημα
1411 2422 1476 2448 θεῖον
1512 2422 1677 2451 κατηύθυναν
1705 2422 1808 2452 αὐτούς.
1839 2422 1897 2449 ’Υπ’
1920 2420 1996 2447 αὐτοῖς

1200 2470 1246 2494 καὶ
1260 2471 1328 2505 τρεῖς
1342 2468 1437 2492 νεανίαι
1458 2466 1552 2503 φλογός
1577 2468 1686 2503 καμίνου
1720 2468 1864 2504 καιομένης
1896 2467 1928 2496 ὡς
1954 2472 1995 2491 πα-

1202 2510 1300 2543 στάδος
1325 2511 1455 2541 ἁλωϐὴτοι
1490 2510 1724 2546 κατεπιϐαίνοντες,
1744 2514 1788 2538 τὸν
1813 2516 1924 2549 Σωτῆρα
1950 2511 1995 2536 τοῖς

1200 2559 1288 2594 ὕμνοις
1313 2558 1465 2594 χορεύοντες
1504 2554 1658 2588 ἐδεξιοῦντο.
1690 2556 1746 2584 eTn"
1783 2556 1884 2589 αὐτοῖς,
1920 2553 1994 2591 ollam,

1199 2605 1244 2629 καὶ
1257 2603 1343 2632 Ἰωνᾶς
1367 2603 1411 2639 μὲν
1437 2601 1528 2632 ἀσινὴς
1555 2606 1605 2627 τῶν
1633 2601 1706 2629 ἁλίου
1723 2601 1885 2639 σπλάγχνων
1905 2601 1994 2636 ἐξέθορε

1200 2649 1287 2686 θηρός.
1316 2647 1410 2676 Δανιὴλ
1431 2644 1460 2672 δὲ
1471 2646 1576 2673 λεόντων
1593 2645 1683 2678 δεινῶς
1709 2647 1885 2684 βρυχομένων
1914 2645 1994 2673 διασέ-

1199 2702 1308 2727 σωσται,
1335 2694 1380 2718 καὶ
1409 2691 1561 2729 Ἀμϐοαοὺμ
1588 2693 1633 2729 μὲν
1655 2692 1680 2718 ἕν
1705 2692 1769 2730 ῥιῆ
1797 2692 1945 2730 βλέμματος
1971 2688 1995 2720 εξ

1198 2737 1360 2776 Ιερουσαλὴμ
1386 2737 1422 2768 εἰς
1460 2736 1599 2765 Βαϐυλῶνα
1631 2741 1666 2774 τῷ
1696 2737 1777 2776 ῥοίζῳ
1801 2739 1888 2764 τούτω
1908 2735 1993 2774 μετάρ·

1197 2794 1252 2817 σιος
1267 2785 1345 2822 ἤγετο
1367 2781 1470 2812 δεῖπνον
1483 2782 1642 2822 ἐπικομίζων
1661 2786 1697 2821 τῷ
1718 2782 1820 2814 Δανιὴλ.
1845 2782 1893 2811 ’ον
1915 2779 1993 2810 diu}.
