4124 6410
216 414 355 475 1233
1040 415 1309 473 NICETE
1342 414 1692 476 LAUDATIO
1724 414 1821 474 SS.
1855 416 2225 479 MICHAELIS
2256 422 2342 480 ET
2369 425 2750 483 GABRIELIS.
3434 424 3577 486 1234

213 558 307 601 τας
357 535 762 612 αἰνιγματώδεις
817 540 1027 615 ὁράσεις
1107 548 1208 595 τῶν
1271 540 1648 616 ἓκϐησομίνων,
1710 542 1817 597 ἐκεῖ

1953 542 2199 604 [luderet
2219 548 2249 606 ?
2277 552 2364 607 An
2387 566 2514 608 non
2540 550 2681 608 inde
2710 563 2969 621 magnus
3001 553 3129 609 erat
3179 552 3423 609 Samuel
3484 568 3581 612 co-

217 628 501 690 συνετίζων
557 629 741 704 ὁρᾶται
801 630 1049 704 Γαϐριὴλ.
1099 630 1187 688 Ἐκ
1238 639 1329 694 τῆς
1387 630 1683 695 Βαϐυλῶνος
1758 629 1818 687 δι

1946 650 2057 692 'am
2088 638 2342 695 Domino
2359 639 2388 696 ?
2403 643 2533 698 Non
2557 640 2825 698 indidem
2845 641 3120 699 hostibus
3140 642 3264 699 suis
3285 642 3574 701 omnibus

213 720 348 793 μετὰ
365 725 535 773 ταῦτα
565 714 642 771 δι’
667 718 836 772 αὑτῶν
883 720 1101 796 Ἰσραήλ
1149 723 1278 797 πρὸς
1332 726 1421 780 τὴν
1476 721 1818 797 Ἰερουσαλήμ

1953 726 2198 799 γυρθιιὶοτ
2229 728 2338 786 fuit
2370 731 2555 788 David
2584 730 2614 787 ‘i
2643 734 2770 789 Non
2800 730 2895 788 ille
2928 731 3057 805 ipse
3083 730 3237 788 Elias
3279 748 3391 790 suo
3447 732 3581 807 ipso

215 807 572 882 ἀνεκομίζετο.
618 808 896 873 Πλεονάκις
949 809 1058 878 οὖν,
1112 810 1175 864 ἶν’
1223 814 1350 865 εἴπω
1401 811 1642 881 συνελὼν,
1723 818 1816 866 τοῦ

1955 830 2064 886 gne
2090 818 2404 876 terribilior
2432 820 2624 891 igneis
2656 819 2940 894 operibus
2994 820 3351 878 cernebatur
3398 824 3428 881 ‘P
3469 825 3583 890 Qui

217 905 353 954 Θεοῦ
404 900 497 973 μὲν
557 897 915 973 ὀλιγωροῦτες,
979 903 1104 975 πρὸς
1162 902 1309 965 θεοὺς
1365 898 1426 956 δὲ
1477 902 1819 975 αὐτομολοῦν-

1951 909 1985 962 ut
2010 921 2189 962 curru
2219 908 2445 966 vehens
2482 910 2662 981 igneo
2713 913 3068 983 assumptus
3117 911 3181 967 in
3237 910 3420 968 cmlos
3469 917 3579 970 est.

214 1007 321 1055 τες,
419 994 531 1050 τοῖς
642 986 852 1064 ἆχθροίς
925 990 1299 1055 ὑποπίπτοντες
1372 989 1769 1066 ἓπρονομεὺοντο
1799 1011 1814 1028 ⁸

1956 997 2128 1068 teque
2156 1011 2338 1070 porro
2366 998 2689 1072 quisquam
2712 998 2865 1056 alius
2889 999 3234 1057 divinorum
3262 1001 3584 1075 prepbeta-

221 1078 493 1139 Πλεονάκις
551 1074 611 1132 δε
653 1082 744 1138 τὴν
807 1081 945 1133 θείαν
998 1079 1389 1154 ἐπικεκλημένοι
1452 1080 1641 1156 ῥοπὴν,
1724 1078 1820 1136 διὰ

1954 1101 2062 1142 um
2089 1085 2361 1145 doctrina
2381 1087 2637 1145 rebusve
2655 1089 2835 1159 gestis
2855 1087 3037 1162 paulo
3058 1088 3272 1146 exstitit
3302 1088 3582 1150 illustrior

213 1176 315 1222 τῶν
367 1166 580 1240 ὑψηλῶν
631 1170 827 1222 τούτων
888 1174 979 1223 καὶ
1054 1169 1307 1246 λαμπρῶν
1374 1169 1817 1245 ἀρχιστρατήγων

1956 1174 2023 1231 ςιιὶ
2075 1190 2200 1232 non
2247 1177 2345 1234 isti
2393 1178 2727 1234 cmlestium
2778 1177 3093 1252 spirituum
3161 1179 3470 1254 praecipui,
3529 1184 3584 1239 et

216 1267 311 1319 τῆς
351 1257 596 1330 χαλεπῆς
641 1261 731 1331 μὲν
785 1256 1094 1334 τυραννίδος
1152 1260 1486 1335 πολυτρόπως
1546 1260 1820 1320 ἁπηλλάτα

1958 1263 2114 1320 luces
2150 1264 2370 1322 fuerint
2396 1267 2696 1334 itinerum,
2738 1271 2795 1325 et
2837 1265 3143 1339 adjutores
3198 1283 3475 1342 operum,
3530 1274 3586 1326 et

216 1367 387 1418 τοντο,
409 1355 525 1411 ταῖς
552 1346 745 1401 ἑαυτῶν
768 1344 828 1402 δε
883 1369 1110 1425 χωραις,
1159 1354 1249 1402 καὶ
1302 1349 1503 1418 πόλεσι,
1554 1355 1645 1404 καὶ
1708 1357 1819 1415 τοῖς

1957 1352 2094 1410 »ωηὶ
2125 1358 2336 1412 caetera
2366 1360 2710 1413 curatorum
2737 1356 3105 1430 optimorum
3123 1356 3419 1431 complexi
3446 1373 3585 1435 pro-

217 1438 428 1502 οἰκείοις
468 1436 887 1492 ἁποκαθίσταντο
962 1441 1187 1513 θεσμοῖς,
1245 1440 1396 1493 Οὕτω
1578 1439 1629 1492 οἱ
1687 1459 1819 1494 παν-

1957 1441 2450 1502 ridentia‘motum
2476 1459 2721 1502 omnem
2744 1449 2799 1502 et
2813 1461 3203 1519 progressum
3223 1462 3345 1520 quo
3358 1463 3482 1504 81115
3504 1447 3585 1504 ad

220 1526 370 1581 ἁῦλοι
424 1536 520 1592 τῆς
596 1536 926 1602 πανοουργοῦ
1013 1533 1199 1602 σοφίας
1274 1549 1376 1582 των
1463 1527 1819 1606 ἀρχαιοτέρων

1954 1533 2317 1591 Lssectandos
2345 1535 2563 1592 divinus
2597 1535 2918 1592 voluntatis
2951 1540 3132 1592 nutus
3161 1535 3410 1593 occultis
3450 1552 3582 1594 mo-

212 1613 640 1691 έπιτηδευμάτων
703 1619 961 1693 ὑπουργοὶ
1016 1622 1106 1672 καὶ
1160 1615 1397 1672 διάκονοί
1472 1620 1818 1678 καθειστήκε-

1957 1623 2066 1680 litis
2097 1626 2152 1680 et
2175 1624 2554 1682 instinctibus
2610 1624 2953 1685 direxerint.
3012 1626 3080 1682 Hi
3135 1625 3328 1682 tribus
3382 1627 3585 1700 pueris

214 1726 314 1761 σαν
335 1704 674 1784 δραστήριοι.

1956 1727 1990 1767 n
2017 1711 2249 1769 ardenti
2277 1713 2520 1771 fornace
2570 1713 2854 1772 ﬂammas
2901 1719 3196 1789 tanquam
3244 1713 3584 1772 thalamum

207 1798 453 1855 innoxie
473 1797 843 1854 calcantibus
872 1798 1257 1872 hymnosque
1284 1796 1582 1855 Servatori
1619 1797 1803 1855 mixto
1855 1799 2079 1873 plausu
2126 1801 2483 1859 chorearum
2533 1803 2992 1860 concinentibus
3044 1806 3319 1861 auctores
3400 1803 3584 1860 iidem

208 1891 265 1945 et
293 1887 609 1961 participes
626 1886 844 1944 latitia
873 1887 1166 1944 consertis
1216 1888 1513 1944 haerentes
1550 1886 1858 1957 manibus,
1912 1904 2062 1947 voce
2110 1894 2400 1966 motuque
2444 1892 2759 1965 praeibant.
2818 1892 2971 1959 Quin
3021 1891 3101 1949 ab
3153 1891 3381 1949 eisdem
3435 1896 3585 1965 puto

206 1977 430 2034 factum
455 1981 522 2034 ut
541 1993 613 2033 ex
643 1977 896 2034 marina
919 1982 1125 2035 ventre
1144 1977 1362 2034 bellum
1393 1977 1521 2033 sine
1565 1993 1726 2035 noxa
1767 1979 1957 2036 Jonas
2004 1980 2285 2051 exsiliret,
2353 1984 2538 2054 utque
2590 1980 2747 2039 inter
2800 1981 3007 2038 leones
3055 1980 3430 2038 horrendum
3490 1997 3587 2038 ru-
3642 2056 3645 2059 Δ

208 2069 437 2140 gientes
481 2068 713 2139 integer
768 2068 897 2124 sine
940 2067 1168 2125 damno
1219 2071 1560 2124 servaretur
1611 2067 1836 2137 Daniel,
1894 2069 1991 2126 cui
2036 2069 2321 2127 Abbacuc
2374 2070 2748 2144 Babylonem
2796 2070 3221 2144 Hierosolymis
3271 2074 3438 2128 tanta
3481 2071 3583 2130 via

204 2158 427 2216 horum
454 2157 515 2215 vi
537 2162 718 2232 atque
746 2158 977 2231 impetu
1002 2160 1163 2215 nictu
1190 2157 1501 2232 palpebrae
1528 2162 1803 2231 correpta
1840 2158 2166 2233 prandium
2194 2159 2346 2219 tulit.
2371 2159 2475 2217 Cui
2519 2161 2662 2217 item
2714 2159 2942 2216 ibidem
3007 2159 3302 2217 obscuras
3350 2161 3586 2218 futura-

207 2263 349 2304 rum
376 2263 578 2304 rerum
607 2247 1057 2319 designationes
1084 2247 1229 2304 visis
1262 2246 1562 2320 perplexis
1603 2246 2002 2305 adumbratas
2031 2249 2235 2323 palam
2298 2248 2535 2307 Gabriel
2586 2249 2880 2307 edisserit.
2930 2252 3054 2321 Age
3113 2248 3417 2323 Babylone
3473 2265 3589 2323 po-

211 2341 340 2394 stea
363 2335 589 2394 eisdem
611 2336 674 2394 id
695 2336 1013 2408 agentibus
1051 2336 1232 2394 Israel
1284 2336 1613 2393 Jerusalem
1669 2336 2038 2409 postliminio
2097 2338 2429 2396 revertitur.
2488 2338 2717 2412 Saepius
2774 2338 3012 2407 deinde,
3056 2341 3122 2395 ut
3185 2338 3386 2396 dicam
3426 2355 3594 2396 com-

209 2427 455 2501 pendio,
480 2429 618 2493 Deo,
652 2426 870 2494 miseri,
900 2430 1246 2500 contempto
1276 2427 1355 2483 ad
1376 2426 1522 2482 deos
1545 2425 1874 2498 transfugae
1905 2426 2037 2483 victi
2094 2427 2173 2484 ab
2220 2428 2496 2486 hostibus
2552 2428 2771 2501 captivi
2830 2428 3311 2488 ahducebantur.
3363 2429 3590 2503 Saepius

212 2531 350 2574 vero
370 2515 578 2573 divina
594 2516 874 2574 invocata
926 2516 1264 2585 clementia,
1314 2531 1526 2588 opera-
1547 2515 1801 2574 istorum
1846 2515 2197 2573 sublimium
2250 2517 2507 2576 caelestis
2557 2517 2782 2575 militias
2824 2517 3262 2591 imperatorum
3311 2518 3591 2575 servitute

211 2610 609 2680 tyrannorum
659 2605 824 2663 varie
868 2605 1103 2663 liberati
1150 2605 1273 2662 suis
1327 2604 1496 2662 terris
1541 2608 1721 2679 atque
1772 2605 2026 2664 urbibus
2076 2605 2433 2681 legibusque
2477 2606 2906 2665 reddebantur.
2972 2606 3137 2664 Adeo
3196 2622 3261 2664 se
3316 2611 3592 2664 strenuos

209 2695 349 2770 pari
367 2695 462 2752 isti
494 2695 734 2769 spiritus
763 2695 1281 2753 etaconcretione
1306 2695 1573 2752 materiae
1620 2694 1968 2767 longissime
2020 2696 2234 2753 remoti
2281 2697 2412 2769 ejus
2475 2697 2537 2753 in
2591 2696 3030 2771 procurationis
3080 2697 3385 2754 functione
3440 2713 3594 2770 prm-

208 2785 475 2842 buerunt
502 2785 599 2841 cui
621 2784 888 2858 praefecti
918 2784 1173 2852 fuerant,
1206 2788 1267 2842 ut
1296 2783 1740 2858 antiquioribus
1779 2799 1981 2843 rerum
2020 2786 2286 2859 parentis
2363 2785 2641 2845 omnium
2691 2785 2996 2861 sapientiae
3042 2785 3252 2844 studiis
3305 2790 3592 2861 prompto

210 2891 284 2934 ac
311 2874 475 2932 ﬁdeli
506 2874 834 2932 ministerio
858 2874 1166 2932 servirent.
2288 2925 2299 2934 .

286 2966 426 3020 Ἐπεὶ
459 2961 518 3018 δὲ
569 2966 595 3017 ὁ
648 2962 947 3038 ἀσώματος,
993 2965 1019 3017 ό
1048 2962 1288 3040 ἀόρατος,
1323 2964 1681 3039 όὺπεροῦσιος
1728 2963 1821 3017 οῦκ

2005 2963 2260 3032 Quando
2280 2979 2424 3022 vero
2446 2963 2860 3038 incorporeus,
2908 2963 3222 3033 invisiblis,
3270 2963 3593 3040 supersub-

216 3055 296 3109 ἔτι
358 3057 510 3127 μόνον
565 3051 699 3116 εἶδος
737 3054 891 3108 ἆῦλον
947 3057 1073 3129 πρὸς
1155 3053 1326 3127 ὀλίγον
1407 3055 1661 3129 ὁρώμενον
1731 3057 1823 3107 καὶ

1968 3052 2226 3110 tantialis
2259 3055 2410 3110 Deus
2437 3069 2562 3110 non
2585 3054 2714 3126 jam
2742 3069 2962 3127 corpus
2996 3068 3240 3112 aereum
3272 3053 3351 3111 ad
3391 3052 3594 3125 exigui

217 3146 405 3199 θᾶττον
445 3143 814 3219 ἁφιπτάμενον,
873 3142 1002 3198 ἀλλὰ
1055 3140 1123 3204 δὴ
1176 3148 1266 3197 καὶ
1344 3143 1470 3203 ὕλην
1564 3143 1656 3197 εἴτ’
1733 3150 1821 3197 οῦν

1963 3142 2219 3215 emporis
2241 3141 2502 3215 speciem
2518 3141 3008 3216 deproperatum,
3030 3157 3173 3199 mox
3188 3141 3591 3200 avolaturum.

214 3233 403 3289 οὐσίαν
456 3238 550 3293 τὴν
613 3234 864 3308 ὑμετέραν
913 3238 1003 3286 καὶ
1069 3237 1273 3308 μορφὴν
1345 3229 1607 3287 ὑποδῦναι
1699 3252 1823 3287 κατ-

1969 3231 2045 3289 ed
2064 3234 2286 3289 terram
2322 3231 2476 3288 adeo
2500 3231 2933 3304 ipsamlutum,
2976 3234 3271 3303 nostram,
3317 3231 3591 3306 inquam,

214 3323 681 3396 ηξίωσε,Γαϐριὴ)
735 3327 825 3397 μὲν
886 3323 1034 3385 εὐθὺς
1087 3327 1148 3377 τό
1196 3327 1490 3400 μυστήριον
1543 3342 1825 3397 μυσταγω-

1969 3320 2334 3379 ubstantiam
2363 3324 2421 3377 et
2443 3319 2704 3378 formam
2725 3320 2973 3378 induere
3015 3321 3300 3392 dignatus
3342 3324 3452 3394 est,
3514 3318 3597 3380 ad

212 3420 406 3488 γε’ίται,
450 3413 602 3476 εὑθὺς
661 3410 720 3467 δὲ
767 3420 840 3484 τῷ
904 3415 1026 3488 ἱερεῖ
1088 3418 1338 3489 Ζαχαρία
1391 3414 1670 3490 παραστὰς
1727 3416 1823 3472 τὴν

1968 3413 2208 3469 ntimam
2239 3410 2442 3469 statim
2490 3410 2891 3482 cognitionem
2934 3411 3209 3489 mysterii
3254 3412 3433 3470 totius
3488 3413 3596 3470 Ga—

213 3503 272 3557 ἓκ
324 3511 419 3567 τῆς
465 3507 675 3578 στείρας
727 3502 869 3574 αὑτῷ
921 3507 1162 3575 γέννησιν
1208 3501 1429 3576 ἐκφαίνει
1480 3509 1573 3556 τοῦ
1632 3509 1824 3555 Βαπτι-

1968 3498 2083 3556 triel
2109 3498 2460 3556 admittitur.
2485 3499 2593 3566 Qui
2644 3499 2978 3557 sacerdotio
3021 3499 3294 3571 fungenti
3351 3503 3596 3572 repente

215 3602 367 3650 στοῦ.
426 3591 556 3648 Εἶτα
605 3601 667 3668 τῇ
726 3596 1089 3668 κεχαριπμένῃ
1139 3596 1384 3670 Παρθένῳ
1435 3595 1610 3668 χαρὰν
1678 3592 1826 3665 εὑαγο

1969 3593 2140 3645 stans
2170 3588 2469 3645 Zacharias
2515 3589 2893 3646 nasciturum
2958 3589 3073 3663 ipsi
3120 3589 3313 3663 aperit
3350 3603 3424 3645 ex
3472 3603 3597 3645 anu

210 3684 495 3759 γελίζεται.
570 3682 653 3738 Ἐν
719 3682 853 3757 ἁγίῳ
939 3679 998 3736 δε
1065 3684 1330 3756 Πνεὺματι
1408 3687 1499 3735 καὶ
1571 3680 1823 3754 ’Υψίστου

1969 3677 2115 3736 terili
2140 3677 2486 3751 Baptistam.
2514 3679 2663 3735 Tum
2694 3679 2886 3751 gratia
2931 3678 3119 3753 plenas
3164 3677 3387 3750 Virgini
3429 3676 3594 3735 bono

213 3772 438 3849 δυνάμει
476 3776 565 3827 τόν
609 3774 729 3827 Υἱόν
785 3779 918 3827 Θεοῦ
959 3772 1288 3846 χρηματίζει
1331 3779 1513 3827 τεκεῖν.
1573 3771 1716 3825 Ἐπεὶ
1766 3766 1826 3825 δὲ

1966 3767 2146 3824 ιιωιίο
2175 3767 2494 3839 insperatae
2524 3766 2898 3825 salutationis
2922 3768 3147 3836 oblato,
3172 3772 3390 3825 caetera
3409 3783 3594 3840 nego-

211 3872 317 3918 τῶν
368 3865 689 3937 παρθενικῶν
746 3862 972 3936 λαγόνων
1023 3861 1075 3915 έν
1132 3863 1422 3936 ὁμοιώματι
1499 3859 1728 3937 βρέφους
1798 3861 1824 3914 ό

1964 3856 2178 3915 latione
2202 3856 2516 3929 legationis
2544 3873 2669 3913 suae
2703 3872 2830 3914 rem
2885 3857 3148 3931 denique
3196 3857 3281 3914 sic
3333 3857 3592 3930 conficit,

216 3954 522 4028 ὑπεροὺσιος
583 3950 798 4024 ἐτέχθη,
860 3956 1011 4005 πᾶσα
1081 3953 1171 4024 μὲν
1263 3950 1479 4026 οὐρανία
1558 3950 1822 4023 γηθομένη

1967 3952 2088 4005 nter
2107 3963 2212 4004 eos
2239 3951 2303 4004 ut
2328 3947 2648 4005 conveniat
2680 3965 2693 4001 :
2724 3948 2785 4004 in
2832 3947 3053 4020 Spiritu
3102 3950 3310 4005 sancto
3359 3947 3595 4006 virtute-

221 4045 448 4116 στρατιὰ
495 4045 552 4095 τὸ
609 4042 742 4114 ἱερὸν
782 4048 874 4103 τῆς
945 4037 1254 4113 δοξολογίας
1311 4039 1445 4093 αἰνεῖ
1502 4038 1672 4113 μέλος.
1726 4045 1827 4094 Μι-

1967 4053 2053 4111 [ue
2083 4036 2372 4094 Altissimi
2401 4035 2703 4106 Virginem
2728 4034 2831 4093 Dei
2862 4036 3071 4094 Filium
3120 4037 3472 4111 parituram.
3526 4039 3595 4094 Ut

213 4131 366 4207 χαήλ
412 4127 473 4185 δὲ
522 4134 614 4184 καὶ
673 4128 903 4204 Γαϐρίήλ
956 4129 1008 4193 ἐξ
1055 4128 1230 4204 ἀρχῆς
1306 4130 1442 4204 ἄχρι
1497 4127 1676 4190 τέλους
1751 4134 1825 4199 τῷ

1963 4141 2074 4183 'ero
2095 4126 2225 4198 jam
2253 4126 2317 4182 in
2339 4123 2626 4196 virgineis
2655 4125 2983 4183 visceribus
3030 4126 3094 4182 in
3140 4124 3591 4183 similitudinem

215 4224 598 4296 σεσαρκωμένῳ
626 4216 992 4294 παρεπόμενοι,
1030 4223 1121 4271 καὶ
1169 4215 1276 4280 τοῖς
1331 4224 1543 4290 γονεῦσι
1599 4220 1658 4270 τὸ
1708 4211 1825 4270 δέον

1971 4215 2188 4272 .umani
2214 4214 2389 4271 foetus
2415 4219 2728 4288 assumpto
2754 4213 3112 4289 corpusculo
3135 4214 3599 4289 supersubstan-

215 4317 341 4387 ὄναρ
401 4310 786 4383 εἰσηγούμενοι,
839 4313 930 4362 καὶ
981 4310 1112 4382 μετὰ
1167 4311 1255 4362 τόν
1325 4310 1615 4382 πειρασμόν
1684 4306 1825 4378 αὐτῷ

1968 4305 2089 4364 ialis
2119 4308 2208 4361 est
2235 4303 2489 4376 genitus,
2519 4304 2801 4361 universa
2824 4304 3074 4375 quidem
3115 4305 3426 4376 gratulans
3483 4304 3596 4362 mi-

216 4398 634 4474 διακονούμενοι,
692 4402 782 4451 καὶ
841 4397 888 4450 έν
981 4404 1148 4473 καιρῷ
1204 4403 1296 4450 τοῦ
1368 4397 1569 4459 πάθους
1635 4399 1825 4472 τρόπον

1970 4396 2059 4454 ηἱθ.
2088 4394 2338 4453 ccelestis
2369 4409 2607 4450 sacrum
2635 4393 3081 4464 gloriﬁcationis
3105 4394 3406 4468 hymnum
3450 4394 3598 4452 ceci-

214 4493 334 4545 τινὰ
357 4491 803 4561 πνεπισχὺοντες
826 4509 838 4521 ο
873 4485 932 4540 οῦ
954 4491 1110 4560 μόνον
1143 4482 1203 4540 δὲ
1260 4485 1389 4539 ἀλλὰ
1447 4489 1536 4538 καὶ
1563 4491 1660 4547 τῆς
1702 4503 1828 4558 σαρ-

1966 4482 2387 4552 ιίῐ,θ,ῐΜῖοῘ1ιιθΙ
2416 4485 2472 4540 et
2500 4481 2734 4539 Gabriel
2785 4499 2820 4539 a
2868 4483 3164 4557 principio
3212 4483 3594 4542 incarnatum

215 4584 308 4642 κὸς
362 4576 457 4633 διά
509 4584 739 4653 σταυροῦ
791 4578 991 4631 λυθέντι
1043 4598 1057 4611 ο
1104 4580 1194 4629 καὶ
1249 4583 1422 4650 γυμνῇ·
1464 4574 1620 4649 ψυχῇ
1702 4577 1829 4650 πρὸς

1968 4573 2215 4633 .ssectati
2235 4576 2457 4645 praesto
2478 4586 2719 4644 semper
2738 4570 3081 4641 adfuerunt,
3099 4589 3242 4648 qua,
3264 4589 3374 4647 pro
3396 4589 3596 4630 neces-

218 4671 522 4744 κευθμῶνας
587 4664 744 4721 ἀὶδου
783 4673 1046 4742 χωροῦντι
1101 4668 1538 4739 προύηγούμενοι,
1592 4667 1683 4717 καὶ
1737 4669 1829 4717 τοῦ

1969 4665 2109 4722 itate
2150 4678 2376 4726 rerum,
2424 4665 2772 4735 opportuna
2829 4662 3180 4736 parentibus
3248 4663 3595 4735 objicientes

226 4763 448 4822 σκότους
475 4762 566 4833 μέν
608 4761 725 4821 τοὺς
776 4757 1081 4832 προστάτας
1126 4754 1579 4831 καταρῥάσσοντες
1634 4754 1730 4815 τὰς

1971 4751 2194 4818 omnia,
2226 4765 2349 4824 qua
2398 4754 2533 4823 post
2579 4750 2969 4808 tentationem
3024 4751 3087 4808 in
3138 4751 3377 4809 deserto
3421 4750 3597 4808 mini-

224 4849 369 4922 αὐτῷ
406 4852 775 4925 κατειργμένας
824 4845 1013 4919 ψυχὰς
1064 4847 1129 4906 ὡς
1175 4843 1383 4918 πλάστῃ
1453 4844 1826 4918 προσάγοντες,

1975 4844 2215 4910 trantes,
2238 4854 2363 4914 qua
2412 4838 2712 4912 passionis
2758 4843 3030 4914 tempore
3085 4840 3490 4898 confortantes
3528 4855 3598 4896 ac

222 4942 318 4993 καὶ
355 4937 496 5010 αὑτῷ
547 4945 735 5010 νοερῶς
787 4933 1280 5011 προσαρμοξόμενοι
1337 4952 1350 4966 ·
1424 4928 1535 4985 εἶτα
1599 4935 1695 4990 τὴν
1776 4930 1833 4984 έκ

1973 4928 2400 5004 [ιιοάειωωοᾱο
2428 4927 3096 5002 collaborantes.Neque
3117 4929 3234 4986 hoc
3265 4926 3601 4995 solum,sed

222 5031 392 5102 τάφου
451 5031 727 5102 τριήμερον
774 5028 979 5100 ἔγερσιν
1032 5030 1143 5085 τοῖς
1209 5021 1373 5086 ἀξίοις
1418 5019 1830 5096 ἐμφανίσαντες*

1972 5022 2133 5077 norte
2152 5018 2344 5074 crucis
2375 5032 2625 5090 corpore
2658 5016 2944 5089 solutum,
2970 5018 3258 5092 nudaque
3289 5017 3496 5074 anima
3521 5015 3600 5074 ad

226 5117 367 5173 οὑτω
398 5113 466 5177 δὴ
497 5119 630 5191 πρὸς
684 5115 929 5190 οὑρανοὺς
977 5111 1304 5167 ἀναϐαίνοντι
1349 5114 1441 5164 καὶ
1491 5114 1579 5163 τόν
1626 5112 1836 5185 Πατέρα

1972 5107 2370 5164 ubterraneos
2395 5104 2723 5162 inferorum
2745 5110 3157 5179 penetrantem
3199 5120 3466 5163 carceres
3492 5120 3600 5178 ap-

228 5210 558 5270 συνανιόντες
580 5206 915 5282 τεθεώρηντο.
973 5204 1213 5257 Κάτωθεν
1261 5204 1351 5275 μὲν
1402 5197 1489 5254 οὖν
1548 5206 1661 5262 τοῖς
1708 5197 1838 5252 ἀποο

1977 5196 2235 5255 ιετὶίοτοε
2261 5194 2356 5252 isti
2383 5199 2836 5268 prmeesserunt.
2861 5195 2974 5262 Qui
2997 5196 3177 5253 etiam
3206 5194 3605 5268 impressione

231 5295 437 5357 στόλοις
487 5298 552 5358 ὡς
608 5290 793 5369 ἄνδρες
839 5290 936 5346 δύο
982 5291 1312 5366 λευχείμονες
1366 5285 1440 5343 δι’
1498 5288 1647 5364 ἀέρος
1708 5285 1837 5342 idet-

1973 5285 2147 5342 .ubita
2161 5285 2472 5358 perculsos
2503 5283 2887 5341 tenebrarum
2914 5284 3216 5359 principes
3242 5283 3601 5341 afﬂixerunt.

227 5406 415 5441 κνυντο
472 5389 758 5458 πετόμὲνοι,
805 5388 896 5436 καὶ
951 5385 1038 5436 τὸν
1076 5389 1172 5445 τῆς
1250 5377 1498 5453 δευτέρας
1547 5378 1841 5453 ἐπιφανείας

1978 5378 2098 5431 .‘um
2123 5376 2360 5446 ereptas
2383 5388 2456 5429 ex
2482 5387 2691 5429 eorum
2720 5373 2977 5430 vinculis
3022 5374 3317 5432 conditori
3370 5374 3606 5431 animas

230 5479 420 5551 τρόπον
456 5482 547 5529 τοῦ
595 5471 1078 5546 ἁναλαμϐανομένου
1146 5468 1572 5542 καταγγέλλοντες
1634 5487 1648 5502 ·
1726 5472 1844 5528 ταῖς

1981 5464 2355 5532 idduxerunt,
2384 5469 2720 5536 caeteraque
2751 5464 3063 5522 sedulitate
3089 5465 3254 5522 omni
3287 5480 3349 5522 se
3402 5478 3609 5521 suum-

234 5568 539 5640 ὑπερτέραις
586 5559 646 5616 δὲ
708 5565 905 5615 τούτων
989 5556 1295 5633 δυνάμεσιν,
1380 5556 1572 5633 *Αρατε
1657 5555 1842 5619 πύλας,

1985 5571 2075 5629 [ue
2114 5553 2477 5626 obsequium
2507 5552 2585 5609 ad
2606 5553 2936 5625 majestatis
2956 5555 3088 5628 ejus
3111 5570 3405 5629 pompam
3427 5557 3485 5610 et
3511 5568 3613 5610 vo-

237 5652 462 5708 ἱπεϐόων
503 5674 519 5689 ο
558 5657 649 5706 καὶ
688 5650 849 5706 πύλαι
887 5650 1107 5722 αἰώνιοι,
1154 5652 1213 5704 τό
1260 5650 1431 5722 τάχος
1491 5646 1848 5722 ἐπαιρόμεναι,

1983 5644 2205 5702 untatis
2216 5657 2398 5701 omne
2411 5642 2653 5713 signum
2666 5646 3224 5703 accommodarunt.
3238 5647 3323 5701 Ex
3334 5642 3610 5717 sepulcro

235 5749 314 5817 τῷ
345 5741 561 5817 βασιλεῖ
585 5749 682 5802 τῆς
733 5738 896 5806 δόξης
915 5737 1135 5801 ὁδοποιή
1146 5757 1271 5794 σατε
1333 5742 1429 5800 τὴν
1478 5735 1686 5793 εἴσοδον
1732 5729 1853 5809 ’Ἆρ’

1984 5732 2182 5793 leinde
2207 5731 2706 5792 resurrectionem
2742 5748 2881 5807 quae
2920 5734 3093 5794 tertia
3136 5734 3234 5792 die
3258 5732 3506 5805 contigit
3534 5731 3612 5788 iis
