4124 6390
575 396 718 454 4235

2074 389 2432 446 ADDENDA.

3810 392 3938 450 1236

579 537 736 594 quos
765 515 1106 586 dignandos
1128 519 1293 572 tanto
1313 516 1542 572 honore
1567 516 1721 571 Deus
1750 515 1935 572 voluit
1984 513 2230 571 manife-

2351 510 2424 566 ιῦν
2459 516 2678 568 ἐνταῦθα
2712 519 2918 579 τούτοις
2956 522 3048 570 καὶ
3108 520 3138 576 ἡ
3192 513 3437 569 διακονία
3501 519 3876 591 περιγέγαπται
3923 535 3935 584 ;

581 615 769 665 stata:
807 607 890 662 sic
912 607 1161 661 demum
1185 604 1263 660 ad
1295 605 1476 661 caelos
1506 611 1562 662 et
1601 605 1681 661 ad
1740 608 1972 661 Patrem
2024 618 2235 658 ascen-

580 698 823 752 dentem
851 695 1123 751 comitari
1168 695 1279 749 visi
1323 700 1481 751 sunt.
1532 696 1679 750 Tum
1723 694 2116 750 ostenderunt
2174 707 2238 748 se

583 785 872 859 apostolis
893 784 1154 840 duorum
1169 784 1433 840 virorum
1476 783 1674 855 specie
1687 784 1900 838 vestitu
1915 782 2057 838 albo
2072 796 2240 852 aper-

580 880 640 932 to
663 889 799 930 aere
819 873 1251 943 devolantium,
1283 873 1564 928 secundae
1585 872 2086 928 manifestationis
2108 870 2238 940 ejus

580 966 687 1039 qui
711 967 1061 1036 assumptus
1090 963 1282 1019 fuerat
1301 963 1727 1020 annuntiantes
1744 961 2014 1018 modum.
2039 965 2110 1016 At
2142 975 2238 1015 su-

581 1054 918 1128 perioribus
947 1052 1362 1125 potestatibus,
1397 1051 1650 1108 Attollite
1690 1056 1912 1123 portas,
1953 1048 2238 1106 inclama-

580 1143 750 1209 bant,
785 1147 842 1198 et
869 1141 1419 1212 elevamini,portae
1481 1140 1814 1208 mternales,
1867 1143 1922 1194 et
1973 1135 2240 1194 introibit

581 1234 702 1288 Rex
735 1231 956 1301 glorias.
1003 1233 1216 1286 Verum
1260 1246 1408 1285 num
1461 1228 1632 1286 dictis
1682 1230 1973 1285 hactenus
2026 1241 2238 1282 eorum

583 1321 981 1377 ministerium
1004 1319 1523 1390 circumscriptum
1544 1323 1630 1374 est
1657 1319 1684 1374 (Ι
1742 1318 1995 1375 Minime.
2037 1319 2236 1387 Neque

2349 600 2638 676 Οὐδαμῶς,
2675 607 2751 658 Ού
2780 609 2883 680 γὰρ
2921 607 3012 668 ἕως
3048 615 3140 667 τῆς
3163 609 3295 678 πρός
3319 609 3407 657 τόν
3441 610 3726 679 γεννήτορα
3794 611 3940 678 μόνον

2347 701 2439 746 τοῦ
2491 697 2815 764 γεννηθέντος
2896 695 3389 762 ἀποκαταστάσεως,
3465 699 3630 768 μέχρι
3710 691 3770 748 δι
3851 704 3941 757 τῆς

2347 779 2791 856 προσδοκωμένης
2843 785 3151 851 συντελείας,
3205 790 3295 837 καὶ
3343 783 3457 836 κατ’
3503 784 3668 841 αὐτὴν
3730 781 3792 838 δε
3853 791 3939 844 τὴν

2347 871 2708 946 μεγαλοπρεπῆ
2739 882 2833 936 τῆς
2872 882 2964 927 τοῦ
2994 877 3118 927 Υὶοῦ
3183 871 3345 937 δόξης
3395 872 3691 945 έπιφάνειαν
3737 877 3797 928 τό
3856 881 3940 934 τῆς

2347 960 2516 1014 αὐτῶν
2567 961 2893 1038 λειτουργίας
2951 964 3299 1036 ἐπιφαίνοντες
3382 959 3726 1038 δραστήριον,
3824 963 3940 1016 σάλ-

2345 1050 2495 1121 πιγξι
2551 1050 3058 1124 μεγαλοφωνοτάταις
3115 1052 3425 1125 κελεύσματι
3493 1053 3611 1124 θείῳ
3696 1051 3939 1104 σαλπιοῦ-

2350 1155 2432 1190 σιν
2467 1158 2481 1172 ’
2512 1137 2676 1200 οὕτως
2713 1145 2844 1193 ὥστε
2901 1144 2960 1194 τό
3017 1143 3242 1214 φθαρτόν
3290 1143 3381 1212 μεν
3421 1138 3765 1199 ἀλλοιωθῆναι
3821 1144 3940 1212 πρὸς

2347 1223 2663 1300 ἀκηρασίαν,
2691 1249 2790 1281 παν
2841 1227 2901 1284 δε
2937 1232 2997 1282 τὸ
3048 1229 3269 1302 πλάσμα
3320 1237 3392 1300 τῷ
3438 1228 3643 1303 πλάστῃ
3699 1231 3937 1303 κριθησό-

2346 1333 2492 1387 μενον
2535 1315 2874 1373 ἀνίστασθαι.

583 1409 744 1464 enim
773 1408 835 1464 id
865 1407 1121 1464 cessabit
1153 1423 1189 1464 a
1214 1407 1583 1463 restitutione
1618 1405 1908 1477 Unigeniti
1939 1405 2020 1462 ad
2075 1402 2260 1460 Patris
2283 1419 2377 1458 sui
2401 1402 2730 1474 dexteram,
2764 1422 2956 1479 usque
2977 1407 3054 1463 ad
3103 1410 3513 1479 exspectatam
3561 1420 3934 1462 consumma-

580 1499 805 1554 tionem
832 1503 890 1553 et
917 1514 1052 1554 eam
1081 1514 1218 1570 qua}
1252 1497 1349 1553 illo
1372 1502 1638 1568 tempore
1657 1497 1857 1554 futura
1877 1501 1967 1552 est
2007 1492 2395 1564 magniﬁcam
2453 1493 2571 1548 Filii
2628 1493 2832 1564 gloria:
2891 1495 3402 1554 manifestionem.
3466 1497 3596 1563 Quo
3657 1501 3938 1567 tempore,

581 1592 848 1644 extremo
874 1586 974 1643 illo
994 1587 1296 1658 praeconio
1318 1586 1616 1653 faciendo,
1643 1591 1702 1642 et
1721 1584 2104 1642 vocalissima
2133 1581 2235 1638 Dei
2257 1584 2438 1652 jussu
2469 1581 2739 1638 inflanda
2761 1584 2905 1640 tuba
2934 1583 3104 1656 cujus
3129 1584 3355 1641 efﬁcaci
3383 1600 3533 1641 sono
3564 1581 3943 1656 corruptibile

582 1675 660 1732 ad
689 1675 1309 1748 incorruptibilitatem
1335 1674 1772 1746 immutabitur,
1801 1680 1860 1732 et
1879 1679 2153 1731 creatura
2176 1669 2373 1732 omnis
2401 1675 2603 1742 surget
2625 1677 2683 1729 et
2705 1672 2942 1730 sistetur
2963 1673 3295 1747 judicanda
3325 1673 3707 1745 Creatori,sui
3737 1671 3945 1729 minis-

584 1765 712 1821 terii
747 1764 1118 1836 diligentiam
1148 1764 1598 1837 approbabunt.

657 1854 772 1910 Sed
799 1853 1166 1927 jampridem
1187 1860 1548 1924 evagantem
1580 1869 1651 1910 eo
1670 1854 1830 1910 unde
1861 1858 1948 1911 est
1969 1853 2241 1923 digressa

2424 1851 2558 1905 Ἀλλ’
2633 1855 2720 1907 έπί
2775 1859 2871 1913 τὴν
2931 1852 3237 1906 ἀκολουθίαν
3289 1853 3402 1904 ὅθεν
3457 1853 3484 1902 ό
3534 1851 3686 1923 λόγος
3736 1850 3954 1926 προεξέ-

584 1943 919 2000 orationem
949 1957 1326 1999 revocemus.
1355 1946 1503 1998 Nam
1531 1948 1854 2015 postquam
1886 1958 2089 1998 rerum
2115 1957 2243 1996 om-

581 2031 752 2086 nium
787 2034 1054 2102 potestas
1089 2029 1229 2086 Filio
1255 2034 1344 2086 est
1364 2030 1601 2096 tradita,
1651 2046 1758 2102 per
1812 2046 2058 2086 omnem
2113 2028 2246 2101 qui-

585 2118 725 2176 dem
748 2123 969 2175 terram
997 2117 1463 2191 dispensationis
1502 2123 1633 2189 ejus
1678 2119 1922 2175 nuntius
1948 2124 2006 2174 et
2049 2121 2242 2174 Evan-

586 2207 722 2279 gelii
783 2223 983 2263 sermo
1023 2207 1212 2264 instar
1269 2207 1500 2264 sonitus
1549 2207 1793 2263 tonitrui
1865 2207 2244 2264 vocalissime

581 2296 859 2371 pervasit.
892 2297 966 2351 At
991 2295 1393 2368 spiritualium
1437 2297 1656 2352 harum
1701 2300 2068 2367 potestatum
2126 2295 2242 2356 hoc

583 2389 798 2456 agente
838 2385 1216 2440 Providentia
1236 2385 1314 2440 ad
1337 2385 1750 2456 amplitudinis
1791 2385 2051 2458 speciem
2109 2401 2240 2441 ma-

584 2472 866 2543 gniﬁcam
899 2471 1186 2543 prodigiis
1221 2472 1680 2528 commendatus
1729 2472 2242 2546 confirmatusque

583 2566 691 2618 est.
727 2563 964 2618 Deserto
995 2563 1156 2618 enim
1191 2561 1406 2618 Israele
1437 2562 1619 2619 veteri
1654 2561 1822 2634 quod
1852 2562 1901 2618 is
1932 2563 2117 2618 verbo
2149 2579 2244 2619 sa-

583 2668 698 2708 crae
719 2651 858 2708 ﬁdei
880 2652 1186 2709 restitisset
1215 2652 1399 2725 impie
1432 2671 1444 2720 ;
1493 2657 1595 2708 aut
1629 2652 1830 2724 potius
1879 2652 2134 2724 receptis
2180 2654 2242 2708 in

583 2741 885 2814 peculiare
909 2741 1309 2814 patrocinium
1331 2741 1445 2797 illis
1477 2741 1763 2796 omnibus
1794 2740 2139 2813 quicunque
2170 2758 2242 2800 ex

581 2847 653 2885 eo
674 2829 900 2902 populo
931 2846 992 2885 se
1032 2830 1256 2886 dociles
1273 2831 1350 2886 ad
1374 2832 1657 2903 pietatem
1677 2831 2086 2902 praabuerunt,
2114 2848 2242 2887 om~

578 2921 760 2978 nibus
785 2921 890 2994 qui
919 2937 1103 2993 supra
1124 2921 1376 2977 modum
1406 2921 1681 2978 infra-nes
1703 2937 1772 2976 ac
1794 2921 2044 2978 rebelles
2073 2927 2244 2978 erant

582 3009 856 3080 abjectis,
893 3009 977 3065 sic
1015 3009 1264 3065 demum
1296 3010 1520 3066 sanctis
1553 3010 1740 3066 divini
1770 3010 1937 3067 verbi
1958 3011 2244 3082 praedica-

2353 1937 2544 2015 δραμε,
2605 1941 2762 1996 πάλιν
2813 1943 2968 1998 αὐτὸν
3019 1943 3347 1995 επανακτεον.
3405 1939 3548 1993 Ἐπεὶ
3607 1942 3711 2012 γὰρ
3768 1942 3802 1997 ἡ
3850 1947 3959 1991 τῶν

2351 2028 2480 2082 ὅλων
2518 2029 2735 2094 ἐξουσία
2790 2031 2862 2093 εἰς
2917 2034 3012 2094 τὰς
3064 2037 3245 2103 χεῖρας
3301 2030 3514 2102 ὑπῆρχε
3576 2036 3650 2098 τῷ
3710 2033 3838 2098 Υίῷ,
3889 2027 3962 2090 εἰς

2351 2124 2526 2170 πᾶσαν
2569 2122 2660 2190 μεν
2717 2125 2812 2178 τὴν
2867 2129 2968 2192 γῆν
3021 2122 3047 2172 ό
3103 2127 3198 2180 τῆς
3254 2117 3554 2189 οἰκονομίας
3598 2116 3758 2169 αὐτοῦ
3809 2115 3958 2188 λόγος

2351 2206 2416 2268 ὡς
2469 2210 2607 2276 φωνὴ
2671 2205 2896 2281 βροντῆς
2947 2207 3252 2282 ένορμονίως
3299 2205 3544 2277 έξηχεῖτο
3604 2226 3618 2239 ·
3677 2205 3780 2257 ὑπὸ
3859 2213 3956 2258 τῶν

2349 2303 2532 2369 νοερῶν
2599 2291 2660 2348 δε
2713 2298 2908 2348 τούτων
2984 2293 3252 2368 δυνάμεων
3328 2294 3736 2367 μεγαλυνόμενος
3811 2292 3952 2366 ἐκρα-

2349 2391 2580 2438 ταιοῦτο.
2620 2388 2718 2439 Τόν
2763 2384 2927 2436 πάλαι
2970 2387 3074 2456 γὰρ
3131 2383 3340 2459 Ἰσραὴλ
3392 2386 3474 2436 ὅτι
3535 2390 3608 2443 τῷ
3659 2381 3801 2454 λόγῳ
3865 2390 3952 2444 τῆς

2352 2473 2487 2546 ἱερᾶς
2543 2491 2774 2535 πιστεως
2846 2470 3055 2545 ἀνιέρως
3134 2470 3421 2526 ἁντετίθετο
3503 2470 3873 2532 καταλιπόντες
3935 2492 3947 2504 ·

2350 2559 2540 2632 μᾶλλον
2571 2556 2631 2613 δε
2667 2565 2727 2614 τό
2926 2562 3047 2614 ὅσον
3093 2568 3186 2614 τοῦ
3252 2563 3428 2624 ἔθνους
3479 2558 3694 2633 εὐσεβὴς
3753 2558 3952 2618 ἀνειλη-

2351 2653 2518 2720 φότες,
2559 2651 2679 2703 ὅσον
2725 2645 2783 2702 δι
2837 2645 3033 2721 κομιδῆ
3095 2646 3347 2708 δυσὴνιον
3424 2648 3754 2724 έκρίψαντες,
3827 2649 3949 2702 οὕτω

2352 2746 2462 2801 τοῖς
2494 2741 2648 2810 ἱεροῖς
2696 2745 2788 2792 τοῦ
2842 2743 3013 2811 Λόγου
3077 2738 3336 2810 θεολόγοις
3391 2738 3463 2802 εἰς
3499 2743 3595 2797 τὴν
3647 2736 3750 2792 τῶν
3805 2738 3949 2792 ἐθνῶν

2350 2832 2684 2901 περιποίησιν
2712 2823 3057 2900 συνέδραμον,
3110 2831 3179 2892 ὡς
3232 2830 3472 2899 τάχιστα
3528 2831 3623 2887 τὴν
3674 2830 3950 2900 σύμπασαν

2349 2925 2450 2988 γῆν
2504 2924 2600 2979 τῆς
2649 2915 2968 2988 ἐπιγνώσεως
3025 2916 3186 2971 αὐτοῦ
3263 2916 3617 2991 πληροῦσθαι.
3705 2922 3948 2991 Πρότερον

2354 3002 2414 3060 δε
2445 3001 2540 3059 διὰ
2595 3008 2811 3072 τούτων,
2861 3008 2932 3068 ὡς
2987 3013 3046 3059 αῖ
3097 3008 3229 3059 θεῖαί
3287 3025 3444 3078 φασιν
3501 3004 3872 3079 ἀποκαλύψεις,
3926 3005 3948 3058 ὁ

579 3097 809 3154 toribus
851 3097 931 3153 ad
969 3099 1428 3154 conversionem
1459 3099 1729 3170 gentium
1760 3099 2241 3170 promovendam

2355 3091 2563 3168 δράκων
2611 3093 2635 3146 ὁ
2677 3093 2852 3168 μέλας,
2913 3096 2940 3148 ὁ
2989 3096 3252 3168 θεομάχος
3310 3103 3425 3158 νοῦς
3501 3101 3592 3150 καὶ
3639 3095 3948 3161 ἀποστάτης,

585 3186 935 3243 auxiliarem
968 3202 1144 3242 suam
1175 3202 1424 3257 operam
1464 3187 1764 3259 prolixam
1819 3193 1877 3243 et
1935 3188 2243 3245 assiduam

580 3278 1110 3346 reprmsentarunt,
1141 3291 1213 3329 eo
1235 3291 1516 3331 successu
1552 3280 1617 3332 ut
1639 3275 1944 3333 celerrime
1963 3277 2245 3334 universa

588 3365 746 3416 terra
771 3361 1110 3431 cognitione
1137 3363 1238 3418 Dei
1284 3363 1629 3435 repleretur.
1681 3365 1852 3420 Prius
1895 3369 2100 3422 tamen
2165 3365 2244 3423 ab

586 3449 804 3506 iisdem
830 3450 976 3514 istis,
1007 3456 1066 3506 ut
1088 3451 1294 3508 divina
1337 3457 1540 3509 narrat
1588 3452 2006 3526 Apocolypsis,
2060 3454 2243 3510 draco

582 3539 754 3610 niger
779 3544 1058 3612 apostata
1109 3541 1163 3596 ei
1221 3557 1412 3614 usque
1470 3542 1548 3598 ad
1601 3543 2071 3615 repugnandum
2121 3543 2242 3600 Deo

582 3632 910 3685 contumax
943 3629 1186 3700 spiritus
1213 3645 1351 3686 cum
1376 3631 1498 3686 suis
1523 3630 1752 3702 angelis
1781 3631 2114 3690 debellatus
2133 3637 2238 3702 est,

582 3723 640 3775 et
673 3717 1013 3774 cmlestibus
1048 3720 1270 3790 ejectus
1298 3720 1542 3776 sedibus
1570 3721 1632 3776 in
1661 3720 1954 3794 abyssum
1999 3739 2070 3778 ac
2111 3725 2242 3780 Tar-

581 3811 776 3862 tarum
809 3805 1106 3876 relegatus
1135 3813 1243 3864 est.
1269 3809 1455 3880 Hujus
1480 3810 1692 3866 merito
1742 3810 1998 3867 victoria
2046 3813 2242 3868 conci~

579 3893 790 3951 liatum
823 3895 973 3967 ipsis
1004 3897 1316 3970 praesentis
1335 3897 1586 3970 hujusce
1603 3898 1734 3955 festi
1761 3900 2051 3957 honorem
2073 3906 2239 3974 puto.

579 3987 896 4056 Propterea
918 3987 1200 4058 synaxim
1229 3987 1740 4058 archangelorum
1765 3989 1944 4046 hodie
1983 3989 2244 4059 gratula-

582 4073 741 4130 tione
763 4079 928 4132 tanta
961 4091 1380 4149 concursuque
1411 4077 1790 4135 celebramus
1839 4082 1958 4135 Hoc
1999 4079 2079 4134 illi
2137 4079 2245 4135 de-

582 4178 690 4217 cus
719 4170 1062 4221 meruerunt
1083 4181 1205 4239 quo
1231 4171 1498 4238 tempore
1523 4167 1603 4223 ad
1623 4167 1810 4223 divini
1861 4173 2074 4223 nutum
2127 4168 2244 4238 spi-

581 4251 724 4307 ritus
738 4256 1030 4324 tanquam
1045 4254 1121 4310 ad
1135 4255 1514 4327 imperatoris
1528 4257 1770 4326 signum
1793 4272 1942 4311 conc
1955 4261 2239 4328 urrentes,

585 4345 641 4396 et
662 4341 908 4412 spiritali
954 4343 1226 4416 quodam
1255 4345 1484 4417 impetu
1537 4351 1716 4417 atque
1762 4344 2154 4415 impressione
2183 4347 2244 4401 in

579 4435 812 4506 patrem
872 4432 1110 4488 malitias
1168 4433 1346 4489 simul
1431 4433 1831 4504 irrumpentes
1902 4438 2247 4490 averterunt

2352 3181 2464 3255 ἁμα
2491 3190 2602 3250 τοῖς
2656 3183 2818 3238 αὐτοῦ
2874 3184 3322 3258 καταπολεμηθεὶς
3386 3184 3648 3257 ἀγγέλοις,
3709 3189 3800 3239 καί
3852 3192 3953 3242 τῶν

2352 3270 2604 3346 ούρανίων
2678 3276 3095 3348 κατοίκητηρίων
3171 3275 3358 3348 ῥιφεὶς,
3430 3273 3659 3328 ἄϐυσσον
3727 3291 3782 3326 τε
3861 3277 3954 3326 καὶ

2351 3362 2608 3432 τάρταρον
2667 3360 2823 3413 οἰκεῖν
2902 3358 3352 3420 καταδεδίκαστο,
3439 3371 3598 3418 Τοῦτο
3679 3365 3762 3414 καὶ
3859 3368 3951 3420 τῆς

2352 3452 2623 3523 παρούσης
2659 3447 2806 3522 οἶμαι
2843 3451 3084 3524 πρόξενον
3138 3450 3340 3527 έορτῆς,
3399 3460 3553 3505 τοῦτο
3593 3455 3682 3504 καὶ
3741 3449 3949 3513 σύναξιν

2351 3547 2452 3592 τῶν
2510 3537 2854 3613 ἀρχαγγέλων
2923 3545 3157 3614 σημερσν
3195 3541 3638 3614 πανηγυρίζομεν.
3697 3540 3826 3594 Καθ’
3899 3539 3948 3590 ὃν

2351 3630 2531 3701 καιρὸν
2608 3630 2900 3701 Πνεύματος
2985 3630 3121 3682 θείου
3197 3625 3584 3704 συνδραμόντες
3647 3631 3840 3704 ρόπῇη
3870 3633 3951 3680 καὶ

2350 3722 2543 3780 νοητὼς
2584 3725 2656 3788 τῷ
2715 3726 2805 3779 τῆς
2851 3723 3040 3781 κακίας
3088 3717 3427 3796 συρραγέντες
3465 3724 3627 3793 πατρὶ
3673 3718 3948 3794 ἐτρέψαντό

2352 3827 2407 3862 τε
2435 3816 2614 3862 τοῦτον
2646 3811 2712 3869 εἰς
2735 3807 2876 3872 τέλος
2943 3813 3031 3860 καὶ
3075 3811 3211 3863 κατὰ
3257 3813 3350 3868 τὴν
3407 3809 3544 3882 ἱερὰν
3596 3815 3809 3884 Γραφὴν
3871 3809 3948 3881 ἐγ-

2353 3897 2766 3962 καταπαίξαντες
2811 3903 2900 3951 καὶ
2956 3900 3129 3971 ὥσπερ
3184 3897 3459 3972 ἀστραπὴν
3517 3902 3653 3954 κατὰ
3715 3905 3812 3960 τὴν
3868 3905 3950 3953 τοῦ

2356 3986 2536 4045 Ἰησοῦ
2603 3989 2818 4059 θεωρίαν
2885 3986 2939 4052 ἐξ
3016 3988 3235 4061 ούρανοῦ
3303 3986 3578 4062 βαλλόντες
3660 3987 3947 4064 ἐξέρριψαν.

2358 4075 2515 4128 Ἀλλὰ
2573 4079 2648 4136 τίς
2697 4077 2722 4127 ό
2780 4083 2871 4129 τοῦ
2917 4076 3142 4148 πολέμου
3203 4085 3302 4129 τῶν
3377 4075 3670 4150 ἀσωμάτων
3754 4084 3949 4154 τρόπος,

2362 4160 2543 4217 εἰδεῖεν
2599 4165 2660 4216 ἄν
2713 4163 2897 4217 έκεῖνοι
2945 4174 3140 4236 σαφῶς.
3188 4166 3466 4228 Εἱκάξουεν
3513 4164 3572 4220 δε
3633 4169 3792 4240 ἡμεῖς
3848 4172 3950 4226 ταῖς

2359 4261 2458 4306 τῶν
2537 4253 2732 4324 ἀνέμων
2817 4253 2928 4305 κατ’
3015 4253 3242 4313 ἀλλήλων
3317 4254 3617 4328 ἕμπτώσεσι
3684 4264 3782 4320 τὴν
3864 4264 3950 4310 τῶν

2356 4349 2550 4398 νοητῶν
2618 4339 2818 4394 ἐκείνων
2887 4345 3191 4414 πνευμάτων
3262 4348 3683 4420 παρωμοιῶσθαί
3775 4347 3950 4404 πάλην.

2353 4427 2554 4505 Ὠσπερ
2612 4437 2700 4482 οῦν
2743 4429 2791 4482 έν
2845 4434 3046 4493 τούτοις
3098 4441 3189 4486 τοῦ
3237 4438 3452 4498 ἥττονος
3507 4438 3534 4489 ό
3607 4434 3948 4508 σφοδρότερος

582 4519 748 4576 illurn
782 4521 843 4576 in
872 4522 1055 4578 tinem
1084 4538 1096 4577 :
1134 4527 1192 4578 et
1217 4523 1388 4593 juxta
1420 4521 1690 4577 divinam
1726 4520 2095 4593 Scripturam
2119 4523 2241 4579 illu-

2354 4517 2636 4595 ἐπικρατεῖ,
2692 4520 2851 4582 οὕτως
2913 4523 2943 4580 ἡ
3003 4531 3102 4578 τῶν
3162 4523 3504 4598 ἀρχαγγέλων
3595 4525 3760 4599 βιαία
3825 4526 3948 4578 κατὰ

585 4608 794 4665 dentes
822 4616 898 4680 et,
925 4611 1078 4666 sicut
1099 4609 1297 4680 fulgur
1313 4611 1484 4681 juxta
1514 4609 1963 4666 visionemJesu
2010 4628 2041 4668 e
2093 4613 2244 4670 caalo

583 4699 1372 4772 prmcipitemexturbarunt.
1394 4700 1683 4753 Craterum
1696 4714 1976 4770 quaenam
1993 4701 2068 4757 sit
2091 4701 2244 4759 inter

584 4793 814 4845 mentes
837 4789 1223 4862 incorporeas
1257 4786 1394 4842 belli
1427 4801 1891 4860 pugnarumque
1922 4794 2054 4858 rati,
2096 4792 2241 4864 ipsae

585 4876 806 4936 scilicet
835 4876 1122 4950 praeclare
1152 4875 1451 4932 noverint.
1513 4877 1630 4931 Nos
1670 4875 2065 4935 humilitatem
2086 4881 2243 4951 cogi-

585 4965 883 5024 tationum
928 4963 1313 5022 similitudine
1367 4963 1749 5021 sublevantes
1801 4983 1872 5022 ex
1925 4975 2238 5026 ventorum

585 5054 867 5112 conﬂictu
905 5057 1078 5112 vasto
1100 5053 1252 5108 inter
1273 5069 1335 5109 se
1360 5051 1509 5108 c0310
1535 5053 2012 5126 depraeliantium
2035 5059 2238 5115 nescio

583 5159 774 5218 quam
803 5142 883 5200 ad
914 5142 1332 5215 usurpandam
1365 5143 1546 5214 hujus
1574 5143 1739 5200 lectae
1782 5147 2043 5217 speciem
2093 5149 2240 5204 nite-

583 5231 821 5290 bamur.
851 5232 922 5288 Ut
951 5231 1127 5302 igitur
1154 5231 1215 5288 in
1254 5232 1444 5287 ventis
1506 5233 1915 5290 vehementior
1952 5236 2238 5294 inﬁrmio-

583 5334 711 5377 rem
731 5324 978 5391 superat
1003 5338 1014 5375 :
1046 5320 1129 5375 sic
1152 5320 1644 5392 archangelorum
1677 5323 1932 5380 violenta
1953 5325 2237 5396 quaedam

583 5407 645 5464 in
685 5407 1011 5466 draconem
1036 5409 1382 5467 sustinendo
1413 5410 1706 5484 imparem
1738 5413 2075 5484 praevalens
2101 5431 2236 5472 con-

584 5495 831 5568 spiratio
863 5497 924 5554 in
965 5498 1147 5555 chaos
1188 5503 1246 5556 et
1273 5499 1590 5568 caliginem
1622 5500 1909 5556 miserum
1962 5501 2232 5559 difﬂavit.

2353 4616 2446 4662 τοῦ
2504 4605 2784 4684 δρὰκοντος
2839 4607 3176 4684 ἕνισχύσασα
3236 4619 3359 4672 πνοὴ
3413 4619 3498 4668 τόν
3548 4617 3637 4688 μὶν
3694 4617 3772 4680 εἰς
3824 4617 3944 4688 χάος

2352 4703 2442 4750 καὶ
2471 4698 2624 4771 ζόφον
2653 4698 2956 4774 ἐξερρίψατο
2990 4721 3002 4734 ·
3037 4701 3187 4755 αὐτοὶ
3238 4699 3297 4756 δε
3355 4707 3448 4762 τὴν
3505 4702 3702 4758 ἐκείνου
3755 4713 3942 4758 πτῶσιν

2351 4783 2544 4841 ἑαυτῶν
2571 4786 2850 4860 ἀσφάλειαν
2888 4791 3162 4863 τιθέμενοι,
3223 4792 3394 4866 ἕτερος
3447 4796 3580 4861 πρὸς
3641 4798 3733 4847 τόν
3787 4796 3941 4867 ἕτερον

2349 4878 2624 4952 έκέκραγον
2653 4899 2666 4911 ο
2692 4883 2910 4949 Μήπως,
2935 4884 3083 4951 φασὶ,
3115 4877 3209 4934 διὰ
3279 4889 3373 4944 τῆς
3423 4882 3582 4945 αὐτῆς
3647 4885 3822 4949 αἰτίας
3884 4880 3941 4942 εἰς

2348 4971 2442 5026 τὴν
2531 4968 2714 5039 ὁμοίαν
2792 4965 3155 5041 ύπενεχθῶμεν
3237 4969 3408 5044 ῥίψιν.
3487 4973 3784 5048 Τοιγαροῦν
3860 4975 3939 5023 καὶ

2350 5057 2498 5129 ἡμεῖς
2549 5062 2880 5129 κρατήσωμεν
2932 5062 3150 5132 σήμερον
3201 5063 3293 5120 τὴν
3356 5061 3516 5120 ἧτταν
3590 5070 3686 5116 τοῦ
3760 5059 3941 5133 δυσμε-

2351 5153 2485 5206 νοῦς.
2555 5144 2912 5218 Ἐορτάσωμεν
2955 5151 3046 5205 τὴν
3101 5146 3151 5200 έν
3206 5156 3296 5201 νοῦ
3349 5145 3588 5224 οὖρανοῦ,
3659 5154 3800 5206 κατὰ
3889 5150 3936 5199 τό

2349 5233 2547 5292 ὑψηλόν
2592 5233 2910 5304 εύὰγγέλιον,
2953 5242 3045 5287 τοῦ
3103 5242 3304 5288 Σατανᾶ
3387 5247 3612 5306 πτῶσιν,
3700 5245 3791 5292 καὶ
3860 5239 3939 5293 τὴν

2347 5324 2588 5396 λαμπρὰν
2642 5332 2738 5374 τῶν
2793 5321 3017 5395 ἀγγέλων
3061 5329 3204 5384 νίκην
3261 5322 3497 5401 φαιδρῶς
3554 5328 3940 5401 πανηγυρίσαν-

2347 5432 2432 5478 τις
2477 5411 2562 5464 ἐπὶ
2598 5413 2692 5473 τὰς
2762 5409 2939 5483 ἐφεξῆς
3017 5413 3182 5468 αὐτῶν
3279 5414 3546 5490 ἀριστείας
3632 5421 3720 5470 τόν
3803 5416 3939 5486 λόγον

2349 5503 2748 5574 καταγάγωμέν.

581 5586 768 5651 Quem
797 5585 926 5656 ejus
947 5587 1029 5644 illi
1060 5604 1268 5646 casum
1299 5605 1472 5644 suam
1528 5589 1802 5660 ipsorum
1861 5591 2240 5648 securitatem
2284 5590 2663 5664 reputabant,
2723 5589 2805 5645 sic
2867 5605 2929 5647 se
2971 5590 3230 5648 invicem
3280 5599 3736 5652 commonentes
3782 5611 3796 5652 :
3838 5595 3938 5649 Ne-

578 5673 731 5732 forte
792 5675 872 5732 ob
923 5677 1204 5736 eamdem
1265 5677 1460 5762 simile
1513 5693 1626 5733 nos
1667 5677 1783 5750 ipsi
1841 5694 2087 5752 quoque
2135 5680 2464 5752 aliquando
2515 5679 2577 5738 in
2634 5677 2911 5762 exsilium
2960 5679 3367 5760 deportemur,
3441 5686 3559 5756 Nos
3609 5697 3753 5744 vero
3827 5695 3932 5754 par
