4124 6424
255 399 365 458 23⁵7
1046 399 1314 457 ΝΙΟΕΤΕ
1344 395 1700 457 LAUDATIO
1732 389 1828 448 SS.
1859 387 2234 446 MICHAELIS
2271 389 2357 444 ET
2385 388 2770 444 GABRIELIS.
3467 386 3604 444 1238

218 533 346 586 tem
377 527 559 582 etiam
583 522 920 580 delibemus
963 523 1102 578 huic
1161 525 1406 593 gaudii:
1440 529 1498 580 et
1526 522 1748 577 victum
1807 515 2063 588 impium
2115 513 2423 567 communi
2462 512 2642 567 hodie
2681 511 2900 583 plausu
2941 511 3333 583 gratulemur.
3380 513 3603 570 Casum

223 621 464 675 Satanae
491 615 666 686 juxta
686 612 960 667 divinum
984 613 1369 682 Evangelium
1400 613 1474 667 de
1514 609 1662 667 coelo
1695 605 1962 662 cadentis
2009 602 2162 656 festa
2189 601 2412 655 Laetitia
2442 615 2882 672 prosequamur
2933 599 3380 673 gloriosamque
3406 601 3598 658 victo-

219 708 380 764 riam
406 703 760 773 angelorum
785 701 1084 758 hilaritate
1115 703 1356 775 publica
1385 703 1752 758 celebrantes
1779 695 1860 751 ad
1891 696 2166 750 caeterum
2195 705 2395 748 rerum
2425 692 2499 745 ab
2530 690 2679 766 ipsis
2710 688 2992 764 praeclare
3021 694 3328 764 gestarum
3360 706 3600 764 percur-

218 795 480 852 rendam
511 793 726 847 seriem
760 791 1093 846 orationem
1125 791 1536 848 admittamus.

296 895 393 944 Διά
444 893 639 943 τούτων
707 887 1010 954 ἀπόστολοι,
1071 891 1348 964 μαρτυρες,
1411 891 1578 961 ἱερέων
1645 906 1694 938 τε
1745 890 1835 937 καὶ
1868 889 1912 940 Α

2019 885 2241 938 Horum
2274 881 2548 953 praesenti
2586 897 2699 953 ope
2733 880 2986 952 apostoli
3025 886 3081 936 et
3119 885 3426 953 martyres,
3455 897 3603 954 pon-

219 986 383 1036 ὀσίων
464 981 864 1054 κραταιούμενοι
935 983 1112 1050 χοροὶ,
1164 981 1340 1050 οἱμὲν
1393 982 1450 1029 τὸ
1506 981 1688 1050 κράτος
1745 979 1834 1026 καὶ

1975 971 2174 1026 iﬁcum
2198 975 2662 1043 sanctorumque
2683 970 3047 1042 reliquorum
3073 971 3442 1026 corroborati
3470 972 3603 1027 cho-

223 1074 419 1148 θράσος
477 1079 572 1130 τῆς
625 1067 864 1119 ἀνέκαθεν
930 1065 1170 1128 ἀσεϐείας
1226 1067 1561 1140 ἐκριξοῦντες,
1613 1070 1698 1118 τὸν
1756 1064 1834 1116 εύ-

1973 1061 1994 1115 i
2028 1077 2040 1128 ;
2075 1060 2154 1116 illi
2179 1061 2444 1132 quidem,
2474 1059 2691 1116 robore
2730 1065 2909 1132 atque
2936 1060 3194 1117 audacia
3239 1062 3601 1132 superstitio-

225 1160 351 1220 σεϐῆ
399 1167 492 1212 τοῦ
523 1165 658 1211 Θεοῦ
702 1161 877 1228 Λόγου
908 1156 1058 1228 λόγον
1095 1155 1430 1229 ἐνεφύτευσαν
1470 1165 1530 1229 τῇ
1582 1163 1648 1228 γῇ·
1714 1176 1726 1188 ·
1787 1157 1834 1206 οἱ

1972 1150 2058 1218 lis,
2091 1166 2220 1221 quae
2272 1167 2339 1204 ex
2372 1149 2575 1204 inferis
2607 1154 2922 1219 emeserat,
2973 1149 3319 1222 exstirpata,
3366 1150 3600 1222 pietatis

223 1248 286 1304 δὲ
342 1251 601 1322 τυράννων
677 1249 997 1317 μιαιφονίαις
1065 1247 1473 1318 συμπλεκόμενοι
1523 1249 1611 1297 καὶ
1642 1248 1834 1318 μέχρις

1975 1254 2147 1293 emen
2213 1239 2310 1292 Dei
2342 1237 2510 1292 Verbi
2543 1237 2796 1292 verbum
2854 1237 2915 1293 in
2970 1241 3127 1295 terra
3185 1243 3485 1295 severunt.
3517 1237 3602 1296 illi

223 1341 448 1412 αἵματος
503 1339 708 1398 τούτοις
759 1334 1266 1408 ἀντικαθιστάμενοι,
1325 1338 1414 1395 τὰς
1481 1334 1673 1406 ἐναγεῖς
1743 1336 1831 1406 μὲν

1971 1344 2080 1383 ’8Γο
2127 1345 2264 1383 cum
2315 1328 2661 1383 crudelitate
2710 1331 3106 1398 tyrannorum
3133 1328 3408 1385 cominus
3462 1345 3599 1385 con—

224 1430 415 1490 θυσίας
457 1435 556 1477 τῶν
613 1421 896 1496 δαιμονίων
972 1422 1278 1491 ἀντανεῖλον,
1357 1425 1506 1476 αὐτοὶ
1555 1419 1614 1475 δὲ
1671 1425 1832 1474 Θυσία

1969 1418 2128 1485 gressi
2156 1422 2208 1473 et
2235 1432 2425 1489 usque
2453 1416 2529 1471 ad
2552 1416 2906 1486 sanguinem
2939 1417 3023 1471 eis
3072 1417 3410 1474 resistentes
3459 1434 3597 1490 pro-

221 1518 375 1578 ζῶσα
428 1512 581 1572 δεκτὴ
642 1522 714 1583 τῷ
751 1521 846 1573 τῆς
900 1510 1061 1575 δόξης
1117 1515 1476 1585 κεκάρπωνται
1533 1520 1668 1583 Θεῷ.
1731 1516 1831 1564 Καὶ

1971 1523 2083 1563 ana
2143 1506 2388 1578 quidem
2429 1505 2720 1562 sacriﬁcia
2749 1505 3190 1562 daemoniorum
3229 1508 3599 1563 sustulerunt

225 1607 379 1676 ἱερεῖς
425 1605 513 1674 μὲν
566 1605 757 1673 Κυρίου
796 1597 1140 1658 δικαιοσύνην
1188 1598 1527 1673 ἐνδυσάμενοι
1583 1607 1684 1652 πᾶν
1740 1602 1829 1671 μὲν

1967 1596 2052 1666 psi
2083 1612 2222 1651 vero
2251 1596 2457 1651 vivens
2486 1595 2681 1650 hostia
2706 1600 2762 1652 et
2801 1595 3184 1667 acceptabilis
3218 1599 3335 1652 Deo
3390 1596 3595 1666 gloriae

219 1695 352 1763 οἱγος
429 1692 671 1762 αἱρέσεων
722 1688 1168 1758 ἀπεσκοράκισαν,
1243 1696 1418 1742 πᾶσαν
1461 1685 1520 1741 δὲ
1566 1689 1828 1759 θεολογίαν

1965 1685 2230 1740 mmolati
2272 1689 2430 1739 sunt.
2458 1689 2528 1739 At
2561 1683 2898 1739 sacerdotes
2931 1684 3031 1738 Dei
3055 1685 3348 1754 justitiam
3378 1685 3591 1753 induti,

219 1777 507 1852 ἀμώμητον
547 1780 670 1849 ἡμῖν
715 1776 1012 1840 ἀξέϐλυσαν.
1056 1778 1271 1850 Ὀμιλος
1320 1777 1380 1831 δὲ
1435 1787 1532 1830 τῶν
1586 1781 1828 1835 ἀσκητῶν

1965 1781 2100 1829 ›οεῐθ
2124 1775 2280 1829 omni
2309 1776 2616 1829 haereseon
2643 1773 2852 1845 procul
2878 1790 2913 1828 a
2962 1774 3317 1844 contagione
3349 1774 3593 1831 sincerae

221 1871 360 1942 ἱερὸς
402 1871 535 1918 κατά
561 1874 651 1918 τοῦ
679 1871 837 1939 νόμου
873 1875 969 1929 τῆς
1025 1867 1281 1940 ἁμαρτίας
1328 1867 1679 1940 ὁπλιζόμενοι,
1737 1873 1826 1919 καὶ

1960 1863 2075 1918 idei
2105 1864 2516 1931 exterminata,
2550 1878 2733 1918 sacrae
2764 1862 2940 1918 nobis
2993 1863 3278 1918 doctrinas
3325 1863 3588 1935 explica-

213 1965 395 2010 τοῦτον
443 1962 582 2028 νόμῳ
621 1960 962 2030 τροπούμενοι
1016 1954 1381 2019 δικαιοσύνης,
1435 1956 1482 2008 ἐν
1526 1962 1629 2031 ὄρει
1693 1964 1824 2009 Θεοῦ

1963 1952 2160 2008 ionem
2202 1970 2415 2009 sanam
2445 1961 2502 2008 et
2546 1953 3126 2024 irreprehensibilem
3175 1952 3591 2024 profuderunt.

217 2046 351 2118 ἁγίῳ
421 2048 790 2097 καταπαύουσι
862 2052 1008 2100 Σιών.
1067 2047 1166 2099 Καὶ
1215 2049 1315 2120 γὰρ
1373 2048 1556 2108 πάντες
1631 2049 1720 2116 μὲν
1777 2046 1825 2096 οἰ

1963 2046 2135 2098 laetus
2185 2057 2365 2114 porro
2415 2057 2581 2097 sacer
2628 2045 2976 2096 Ascetarum
3026 2042 3315 2097 adversus
3366 2043 3591 2114 peccati

216 2137 345 2208 ἱεροὶ
395 2139 505 2196 νόες
591 2134 890 2205 λειτουγικά
965 2138 1234 2207 πνεύματα
1298 2137 1432 2187 κατά
1506 2138 1592 2186 τὸν
1662 2138 1823 2205 μέγαν

1964 2147 2129 2200 egem
2159 2131 2394 2197 armati,
2425 2130 2710 2202 illamque
2738 2129 2869 2200 lege
2911 2126 3154 2201 justitiae
3181 2135 3592 2202 permutantes

214 2223 532 2276 Ἀπόστολον
602 2225 930 2297 ὑπάρχοντες
1007 2228 1137 2298 πρὸς
1184 2229 1278 2281 τὴν
1353 2233 1450 2276 τῶν
1519 2224 1823 2295 σωζομένων

1962 2236 1995 2276 n
2045 2226 2246 2276 monte
2300 2223 2392 2275 Dei
2427 2226 2632 2275 saneto
2665 2220 2804 2275 Sion
2841 2219 3248 2291 acquiescunt.
3301 2221 3590 2275 Caeterum

211 2311 293 2384 ἐφ’
324 2310 442 2368 ὅλην
500 2315 592 2369 την
630 2318 729 2382 γῆν
771 2313 1203 2387 προχειρίζονται
1256 2310 1527 2364 διακονίαν
1553 2333 1564 2344 ·
1600 2311 1823 2383 Μιχαὴλ

1963 2326 2070 2365 :um
2120 2310 2233 2365 illae
2282 2326 2496 2365 omnes
2553 2314 2776 2364 sanctas
2835 2313 3064 2364 mentes
3113 2309 3284 2380 juxta
3339 2325 3591 2380 magum

213 2397 276 2452 δε
327 2405 416 2453 καὶ
463 2399 686 2474 Γαϐριὴλ
754 2405 989 2472 τοσούτῳ
1046 2406 1360 2476 πιστοτέραν
1389 2406 1478 2453 καὶ
1535 2400 1821 2474 ἐνεργεστέ-

1961 2397 2284 2471 ιροειοὶυω
2317 2397 2805 2454 administratorii
2837 2397 2956 2452 sint
2983 2397 3243 2469 spiritus,
3287 2398 3589 2454 omnium-

211 2509 305 2562 ραν
361 2493 458 2547 τὴν
517 2489 711 2540 ἑαυτῶν
768 2489 1092 2562 λειτουργίαν
1148 2490 1511 2565 ἀναφέρουσιν,
1578 2492 1684 2560 ὅσῳ
1731 2493 1822 2541 καὶ

1963 2503 2048 2559 [ue
2103 2487 2266 2542 salus
2292 2487 2395 2558 qui
2427 2487 2651 2558 ubique
2686 2492 2980 2542 terrarum
3028 2487 3438 2543 haereditatem
3485 2502 3591 2543 ca-

207 2580 418 2632 πάντων
475 2580 834 2651 ύπερκείμένοι
893 2585 1077 2651 σοφίας
1115 2585 1394 2655 περιουσία
1453 2584 1542 2631 καὶ
1589 2579 1822 2653 λαμπρό-

1961 2577 2105 2632 piunt
2133 2577 2341 2632 salutis
2373 2593 2581 2631 eorum
2614 2575 2691 2630 ad
2723 2575 3032 2630 ministerii
3079 2575 3589 2649 providentiaeque

206 2687 386 2735 τητος,
442 2667 631 2739 μᾶλλον
673 2673 1068 2740 προσηγγίκασι
1126 2677 1187 2741 τῇ
1245 2669 1666 2744 ὑπερουσιότητι.
1728 2670 1822 2720 Διά

1961 2673 2162 2721 partem
2207 2665 2475 2736 aliquam
2521 2665 2810 2736 pertineat
2837 2681 2849 2718 :
2884 2669 3050 2720 tanto
3081 2664 3216 2736 plus
3246 2671 3449 2721 tamen
3474 2666 3589 2722 hac

203 2761 402 2817 παντὸς
480 2753 538 2808 δι
620 2755 896 2827 βλέπουσι,
971 2761 1039 2819 ὡς
1085 2760 1110 2809 ὁ
1156 2761 1290 2818 θεῖός
1337 2777 1467 2830 φησι
1542 2757 1709 2828 λόγος,
1760 2760 1819 2809 τὸ

1958 2771 1990 2810 n
2035 2754 2515 2811 administranda
2576 2753 2823 2826 spiritali
2880 2754 3236 2824 praefectura
3283 2754 3586 2811 ﬁdelitatis

206 2850 484 2920 πρόσωπον
521 2853 614 2898 τοῦ
646 2853 801 2901 Θεοῦ.
831 2844 1149 2921 Ὠσπεριοῦν
1199 2847 1355 2908 αὐτὸς
1402 2847 1548 2907 οὗτος
1594 2849 1620 2898 ό
1679 2849 1820 2899 θεάν-

1959 2845 2360 2916 ndustriaeque
2392 2843 2570 2898 laude
2599 2842 2844 2898 Michael
2872 2847 2930 2898 et
2962 2843 3195 2898 Gabriel
3225 2859 3408 2915 supra
3447 2843 3587 2900 reli-

206 2937 409 3011 θρωπος
463 2938 696 3008 Χριστός
767 2936 970 2996 Ἰησους
1010 2939 1122 3008 ἔχει
1179 2948 1268 3009 μεν
1325 2935 1380 2987 ἐκ
1430 2934 1634 2998 δεξιῶν,
1703 2939 1818 3007 ἔχει

1959 2949 2081 3006 [uos
2112 2932 2425 3001 excellunt,
2461 2937 2690 3004 quanto
2727 2931 2940 2987 iisdem
2970 2932 3256 2988 omnibus
3293 2933 3587 3004 sapientia

207 3020 272 3076 δὲ
325 3029 416 3075 καὶ
487 3023 538 3086 ἐξ
609 3024 878 3096 εὐωνύμων
937 3025 1076 3095 αὐτῷ
1134 3022 1592 3094 συνεδριάζοντας,
1646 3026 1722 3086 οἷς
1782 3027 1812 3083 ἠ

1957 3030 1984 3078 ιι
2037 3023 2343 3079 nobilitate
2387 3021 2542 3077 infra
2574 3036 2638 3075 se
2689 3019 2906 3075 relictis
2956 3021 3211 3076 vicinius
3270 3021 3350 3077 ad
3388 3023 3585 3078 omnis

209 3106 464 3185 συνεδρίαι
537 3114 666 3184 πρὸς
716 3121 810 3165 τοῦ
863 3118 1064 3188 Πατρός
1159 3110 1317 3172 δῆλον
1374 3116 1454 3166 ὅτι
1520 3119 1814 3187 πρητοίμα-

1957 3112 2304 3168 perfectionis
2355 3111 2589 3182 apicem
2645 3109 3019 3165 divinitatem
3068 3109 3392 3166 similitudo
3441 3110 3585 3167 istos

206 3218 332 3251 σται
380 3199 533 3265 οὕτω,
580 3206 732 3273 φημὶ,
801 3207 892 3253 καὶ
948 3209 1048 3253 τῶν
1100 3209 1286 3274 νοερῶν
1336 3204 1531 3253 τούτων
1584 3201 1813 3276 λειτουρ-

1956 3202 2170 3274 ιιοορὶοι*
2193 3217 2377 3273 quam
2402 3199 2654 3255 aliorum
2675 3214 3051 3271 quemquam
3071 3198 3455 3272 dignitasque
3481 3200 3584 3256 ad-

201 3296 309 3360 γῶν
337 3287 392 3340 ὃν
416 3288 583 3360 μενέκ
624 3287 826 3355 δεξιῶν,
887 3291 939 3340 ὃν
991 3287 1050 3342 δὲ
1091 3296 1182 3343 καὶ
1231 3290 1283 3352 ἐξ
1339 3290 1608 3363 εὐωνύμων
1669 3291 1811 3361 αὐτῷ

1953 3296 2123 3346 novet
2154 3289 2486 3345 sublimior.
2524 3292 2769 3359 Semper
2800 3293 3019 3358 autem,
3055 3293 3121 3344 ut
3147 3289 3420 3345 divinum
3446 3289 3581 3346 Ver-

201 3385 537 3448 παρεστῶτας
580 3377 632 3440 ἐξ
675 3378 860 3439 αἰῶνος
904 3385 1297 3454 παρεστήσατο.
1359 3379 1432 3432 Δι’
1490 3380 1556 3430 ὧν
1614 3382 1679 3439 ὡς
1730 3382 1808 3432 οὶ-

1951 3396 2066 3434 ›ιιω
2094 3379 2379 3450 loquitur,
2414 3377 2614 3432 vident
2643 3375 2856 3432 faciem
2887 3376 3002 3431 Dei.
3052 3377 3579 3442 Quemadmodum

200 3467 476 3518 κειοτάτων
537 3473 649 3528 τοῖς
714 3466 850 3528 ὅλοις
906 3467 1248 3540 ἐντελλόμενος
1325 3477 1424 3520 τῶν
1475 3468 1603 3520 ὅλων
1677 3471 1803 3542 ὑπερ

1951 3469 2098 3537 gitur
2126 3468 2222 3522 hic
2243 3483 2374 3538 ipse
2411 3471 2563 3521 Deus
2604 3465 2781 3520 simul
2811 3470 2868 3520 et
2893 3465 3078 3521 homo
3105 3466 3372 3522 Christus
3412 3469 3579 3523 Jesus

201 3559 469 3622 φυέστατα
551 3551 768 3613 κήδεται
851 3562 940 3609 καὶ
1035 3559 1404 3630 προμηθεῖται.
1485 3557 1637 3609 Οὕτω
1712 3560 1805 3619 τὰς

1949 3556 2199 3612 .dextris
2227 3562 2283 3610 et
2321 3571 2358 3610 a
2389 3553 2644 3609 sinistris
2698 3553 3030 3608 assidentes
3087 3553 3204 3610 sibi
3233 3553 3419 3611 habet
3467 3555 3577 3612 ali-

196 3640 469 3706 πολυεδεῖς
527 3641 817 3715 διακονίας,
886 3646 976 3697 εἶτ’
1037 3646 1124 3697 οὖν
1183 3646 1504 3719 λειτουργίας
1533 3653 1630 3697 τῶν
1671 3644 1807 3698 ἀσω-

1970 3662 2067 3700 uos
2100 3661 2113 3698 :
2148 3659 2249 3699 eos
2299 3643 2520 3698 scilicet
2570 3641 2791 3713 quibus
2819 3629 2966 3697 tanti
3017 3658 3338 3698 consessus
3385 3643 3598 3700 honor

197 3735 374 3803 μάτων
410 3735 924 3809 καταθεωρήσαντες,
968 3738 1084 3806 φέρε
1147 3732 1213 3794 δὴ
1265 3734 1444 3786 λοιπὸν
1491 3739 1567 3794 τίς
1629 3735 1806 3796 αὐτοῖς

1949 3740 2164 3790 paratus
2193 3749 2229 3788 a
2251 3735 2417 3787 Patre
2445 3736 2531 3786 est
2566 3747 2579 3784 :
2613 3731 2694 3786 ita
2743 3730 2879 3785 dico
2919 3730 3318 3802 spiritualium
3357 3731 3577 3788 horum

195 3821 374 3893 ἑφεξῆς
412 3824 443 3880 ἡ
502 3825 634 3894 πρὸς
684 3827 772 3874 τὸν
828 3825 1137 3896 ὑπερούσιον
1186 3825 1450 3895 ὁμοιότης,
1499 3828 1589 3875 καὶ
1633 3829 1715 3885 τίς
1770 3825 1800 3882 ἡ

1945 3824 2326 3879 ninistrorum
2353 3821 2592 3876 adstare
2620 3821 2669 3875 ei
2704 3835 2941 3892 semper
2970 3835 3006 3875 a
3035 3819 3258 3875 dextris
3301 3820 3573 3892 alterum,

199 3906 430 3983 διαφορά
501 3920 850 3984 κατανοῶμεν,
941 3921 1001 3984 τῇ
1088 3922 1186 3964 τῶν
1235 3913 1496 3984 ὀνομάτων
1565 3917 1808 3984 κοινωνίᾳ

1947 3912 2169 3967 lterum
2201 3925 2236 3964 ει
2267 3908 2518 3964 sinistris
2587 3908 2665 3962 ad
2718 3908 2832 3963 hoc
2884 3907 3156 3964 ofﬁcium
3210 3909 3575 3981 quotidianae

197 4003 295 4055 τὴν
365 3997 598 4071 ἀνόμοιον
669 4002 858 4069 αὐτῶν,
940 4005 1008 4062 ὡς
1064 4000 1124 4053 ἂν
1181 4005 1314 4054 εἴποι
1361 4021 1457 4072 τις,
1521 4003 1807 4072 ὁμοιότητα

1947 3999 2311 4073 .pparitionis
2360 4003 2463 4052 aut
2512 4012 2787 4052 assessus
2839 4001 3059 4052 aeterna
3112 3997 3208 4052 Dei
3273 3997 3575 4054 voluntate

194 4089 331 4139 κατά
387 4090 540 4159 φύσιν
590 4095 1003 4162 τεκμαιρόμενοι.
1066 4091 1218 4142 Οὕτω
1269 4092 1370 4162 γὰρ
1425 4089 1485 4141 ἂν
1529 4092 1558 4148 ἡ
1609 4091 1804 4142 τούτων

1946 4089 2134 4144 lectos
2165 4093 2221 4143 et
2254 4087 2578 4143 adhibitos.
2616 4085 2842 4151 Quibus
2881 4090 2946 4140 ut
2982 4086 3459 4143 familiarissimis
3489 4087 3574 4143 in-

190 4183 390 4246 γνῶσις
421 4177 767 4252 ἑναργεστέρα
785 4187 857 4248 τῷ
888 4187 957 4250 νῷ
988 4179 1373 4250 καταλειφθείη.

1944 4177 2230 4234 ernuntiis
2258 4193 2328 4231 ac
2359 4175 2848 4247 procuratoribus
2877 4175 2956 4230 ad
2985 4176 3194 4230 omnia
3222 4182 3415 4243 utens,
3447 4178 3572 4232 uni-

189 4264 533 4320 versitatem
565 4281 763 4322 rerum
795 4268 1116 4337 magniﬁca
1151 4267 1419 4336 quadam
1467 4266 1767 4340 planeque
1796 4267 1960 4336 regia
1999 4266 2384 4322 Providentiae
2449 4265 2679 4320 ratione
2731 4264 3098 4319 moderatur.
3149 4263 3263 4320 Sed
3305 4265 3433 4336 jam
3488 4267 3571 4322 in-

191 4366 623 4423 corporearum
655 4355 949 4410 mentium
981 4354 1316 4410 functiones
1363 4356 1560 4412 varias
1606 4371 1677 4410 ac
1708 4355 2036 4412 ministeria
2086 4356 2228 4410 satis
2267 4354 2560 4410 hactenus
2615 4352 3020 4425 contemplati,
3081 4369 3192 4425 age
3241 4353 3379 4410 hinc
3410 4354 3572 4412 dein-

188 4455 333 4512 ceps
361 4457 647 4513 quaenam
671 4443 915 4498 tandem
938 4445 1011 4500 sit
1037 4444 1276 4500 illorum
1303 4461 1439 4500 cum
1473 4444 1593 4500 Deo
1621 4443 1965 4511 similitudo,
1999 4461 2208 4500 rursus
2237 4459 2373 4516 quae
2399 4441 2753 4507 differentia,
2783 4441 3248 4498 consideremus.
3281 4445 3564 4519 Hancque

183 4527 251 4583 in
280 4544 351 4584 eo
379 4530 541 4584 viam
561 4535 875 4588 teneamus
907 4547 1148 4597 censeo,
1175 4538 1240 4587 ut
1263 4533 1824 4589 nominum-indicio
1845 4539 2092 4590 naturas
2117 4534 2472 4604 indagantes
2503 4532 2886 4587 attendamus
2911 4547 3102 4603 ecqua
3121 4537 3178 4587 et
3201 4533 3397 4605 qualis
3417 4535 3572 4592 inter

188 4633 299 4672 eos
325 4617 429 4690 qui
459 4620 886 4675 communione
918 4621 1298 4677 continentur
1327 4622 1504 4676 unius
1529 4623 1815 4689 nominis,
1847 4623 2171 4686 dissimilis,
2204 4629 2265 4676 ut
2295 4622 2376 4676 sic
2406 4621 2675 4693 loquam,
2705 4636 2839 4674 esse
2870 4621 3059 4692 possit
3101 4621 3425 4680 similitudo
3465 4641 3572 4682 na-

188 4710 475 4762 turarum.
506 4708 597 4762 Sic
627 4710 785 4763 enim
823 4709 966 4779 vim,
995 4714 1057 4764 ut
1077 4711 1312 4780 opinor,
1336 4711 1520 4780 hujus
1551 4711 1635 4766 rei
1654 4711 2082 4783 perspiciemus
2114 4711 2350 4766 clarius.

269 4794 426 4848 Ἔστι
464 4799 553 4868 μὲν
585 4799 686 4871 γὰρ
740 4794 890 4850 οὐδὲν
939 4797 1160 4850 καθόλου
1214 4807 1314 4850 τῶν
1364 4802 1519 4850 ὄντων
1579 4799 1800 4851 ἀκοινω-
1835 4801 1880 4852 D

1983 4800 2132 4856 Nihil
2168 4816 2416 4872 prorsus
2449 4803 2537 4853 est
2560 4799 2832 4854 omnium
2853 4800 3018 4872 quod
3051 4816 3338 4871 supremo
3365 4818 3565 4862 rerum

183 4903 343 4943 νητον
420 4885 661 4947 όλοτελῶς
721 4887 751 4945 ᾖ
805 4883 1090 4961 ἀδιαφορον
1143 4890 1273 4959 πρὸς
1345 4892 1440 4945 τὴν
1492 4890 1800 4960 ὑπερούσιον

1936 4891 2183 4945 »ωηὶηηι
2218 4889 2515 4961 principio
2544 4893 2646 4944 aut
2681 4888 2991 4944 diversum
3018 4889 3101 4946 ita
3153 4889 3229 4945 sit
3258 4897 3322 4946 ut
3341 4908 3463 4948 non
3503 4894 3564 4949 in

181 4973 512 5045 οὐσιαρχίαν
569 4991 580 5003 ·
615 4978 785 5028 πάντα
834 4974 886 5028 δ’
945 4978 1047 5029 ὅσα
1073 4980 1130 5029 τὸ
1170 4973 1300 5029 εἶναι
1343 4980 1473 5051 πρὸς
1513 4978 1680 5040 αὐτῆς
1732 4979 1800 5038 εἰς

1937 4979 2113 5050 Lliquo
2138 4979 2460 5033 conveniat
2490 4996 2502 5043 ;
2533 4983 2636 5033 aut
2677 4993 2886 5033 rursus
2926 4977 3008 5033 ita
3036 4980 3346 5048 geminum
3400 4981 3565 5040 nulla

181 5063 337 5130 λὴφει
374 5067 464 5116 καὶ
517 5067 643 5136 πρὸς
687 5070 978 5127 κοινωνίαις
1029 5071 1142 5118 τισὶ
1203 5070 1333 5140 πρὸς
1383 5071 1579 5123 ταύτην
1633 5087 1797 5119 κεκοι-

1933 5073 1974 5123 it
2027 5069 2084 5122 in
2148 5073 2309 5138 parte
2369 5066 2623 5121 differat.
2697 5066 2790 5122 Sic
2840 5068 2955 5122 ista
3006 5071 3418 5138 temperantur
3471 5086 3561 5126 in-

178 5157 413 5209 νὼνηται
449 5173 462 5185 ο
510 5158 600 5205 καὶ
651 5151 885 5228 διαφέρει
930 5151 1208 5228 διαφοραῖς
1239 5151 1476 5214 δηλαδή.
1510 5155 1645 5208 Ἀλλ’
1679 5159 1799 5208 ἔστι

1937 5157 2119 5212 νίοοω.
2152 5159 2252 5211 Est
2272 5159 2330 5210 in
2358 5156 2522 5211 omni
2545 5155 2646 5210 Dei
2668 5171 2847 5227 opere
2873 5155 3180 5211 character
3223 5158 3361 5213 certi
3382 5157 3565 5217 linea-

181 5243 281 5315 μεν
339 5241 417 5300 οἷς
473 5243 502 5298 ἡ
559 5248 802 5294 κοινωνία
871 5243 1232 5303 πλεονάζουσα
1288 5249 1382 5302 τὴν
1438 5241 1801 5319 διαφορότητα

1935 5247 2090 5300 uenti
2137 5245 2302 5317 quod
2343 5249 2649 5300 auctorem
2703 5243 2919 5300 referat
2951 5265 2964 5310 ;
2994 5249 3136 5300 sunt
3190 5250 3246 5301 et
3300 5247 3563 5319 insignes

182 5337 330 5404 μειοῖ
371 5351 383 5363 ν
417 5332 532 5384 ἔστι
591 5329 642 5384 δ’
702 5333 780 5393 οἷς
813 5334 840 5389 ἡ
889 5329 1211 5407 διαφορότης
1253 5332 1650 5406 ὑπερϐάλλουσα
1703 5339 1798 5392 τὴν

1935 5339 2046 5390 tem
2080 5334 2155 5389 ad
2182 5333 2644 5388 discernendum
2670 5344 2852 5388 notae.
2873 5335 3087 5388 Verum
3110 5333 3168 5388 in
3197 5335 3563 5408 quibusdam

181 5423 460 5472 κοινωνίαν
501 5419 720 5478 ἐλαττοῖ,
771 5423 836 5473 Οἱ
882 5418 940 5473 δε
988 5422 1201 5495 πλείστῃ
1262 5427 1351 5495 μὲν
1398 5426 1528 5495 πρὸς
1569 5428 1663 5480 τὴν
1724 5425 1800 5474 θε-

1935 5422 2234 5478 ηἱῐηὶιίιυόο
2287 5427 2403 5477 tam
2438 5437 2720 5492 expressa
2768 5423 3027 5476 cernitur
3066 5421 3466 5481 differentiam
3497 5433 3563 5484 ut

184 5512 391 5584 αρχίαν
421 5513 711 5584 κέχρηνται
750 5519 811 5583 τῇ
841 5513 1126 5582 ὁμοιότητι,
1161 5508 1195 5563 δ
1203 5516 1246 5563 ιό
1303 5517 1392 5563 καὶ
1448 5519 1559 5571 ταῖς
1619 5513 1799 5564 θεωνυ-

1934 5528 2151 5566 »ωηοω
2200 5526 2352 5581 pene
2393 5509 2607 5564 obruat
2660 5509 2766 5563 :in
2807 5509 3178 5581 quibusdam
3233 5513 3317 5569 ita
3373 5519 3562 5572 exstat

184 5601 344 5672 μΐαις
375 5595 572 5667 σχεδὸν
616 5599 848 5660 ἀπάσαις
901 5598 1219 5670 ἀξιοπρεπῶς
1262 5605 1752 5674 κατακεκόσμηνται
1783 5623 1796 5634 ·

1933 5600 2244 5656 litferentia
2274 5598 2501 5654 nullam
2531 5601 2596 5652 ut
2624 5597 2954 5670 relinquere
2992 5600 3396 5658 similitudinis
3427 5621 3561 5677 spe-

185 5686 389 5739 ἆλάττω
469 5684 528 5740 δε
601 5692 879 5745 κέκτηνται
929 5693 1024 5746 τὴν
1100 5687 1392 5758 ἑτερότητα.
1447 5693 1690 5742 Σκεπτέον
1742 5686 1803 5744 δε

1935 5689 2060 5745 :iem
2090 5689 2379 5744 videatur.
2413 5687 2602 5742 Nostri
2627 5692 2828 5742 autem
2867 5689 3243 5762 archangelis
3271 5692 3434 5763 prius
3460 5694 3563 5751 ad-
