2062 3191
264 175 333 203 1239

1028 163 1207 194 ADDEDNA.

1890 167 1961 196 1240

263 234 337 264 illud
363 241 458 270 genus
483 231 633 269 pertinent
653 229 855 259 illustrissima
884 227 934 256 Dei
961 227 1097 256 similitu-

1168 227 1242 261 ῧτως,
1272 230 1328 259 Φῶς
1353 228 1398 264 μὶν
1421 228 1435 254 ὁ
1458 228 1554 266 Κύριος
1575 229 1663 260 πάσης
1689 229 1845 265 φωτιστικὸς
1884 228 1959 266 λογι-

265 280 334 308 dine
369 277 492 312 insigni.
513 275 597 304 Unde
617 275 722 303 merito
754 272 1008 311 appellationibus
1028 280 1097 308 quae

266 326 326 352 Deo
340 321 523 351 conveniunt
533 328 610 357 pene
627 321 772 349 ornantur
786 317 940 351 omnibus,
962 316 1100 344 differen-

266 369 306 397 tia
317 375 407 404 porro
418 365 597 394 tenuissima
616 364 766 401 dispares.
787 362 874 396 Quod
889 362 967 390 adeo
983 361 1024 389 sic
1046 360 1100 389 de-

265 414 462 442 monstratur.
478 411 539 439 Lux
555 411 600 438 est
616 408 772 443 Dominus,
784 406 939 436 rationalis
949 405 1048 434 omnis
1072 407 1101 433 et

267 455 429 494 spiritualis
445 457 559 484 naturae
574 453 768 482 illuminator.
788 453 848 480 Lux
864 459 934 480 vera
948 459 1015 487 quae
1031 450 1101 479 illu-

266 501 466 536 minat,juxta
481 499 631 529 excelsam
647 497 841 532 theologiam,
865 503 988 525 omnem
1000 494 1101 523 homi-

266 554 337 576 nem
362 545 527 573 venientem
552 544 583 571 in
598 543 678 571 hunc
693 541 853 570 mundum.
871 542 932 569 Lux
962 540 1029 569 item
1059 539 1104 567 est

268 590 403 623 Michael,
418 589 470 618 lux
490 588 616 617 Gabriel.
642 589 700 615 Lux
722 589 848 623 uterque
867 585 1020 622 pellucens
1037 586 1065 612 et
1086 591 1104 612 θ.

272 637 330 665 Deo
346 635 518 671 splendens.
535 633 599 661 Lux
614 639 766 668 corporeae
792 630 891 659 omnis
911 631 1106 666 representa-

273 681 361 708 tionis
392 687 509 715 expers.
534 679 595 705 Lux
613 685 672 705 non
689 685 724 704 ex
750 675 907 709 accidenti,
928 674 979 702 sed
996 677 1105 701 natura

271 726 389 761 fulgens
405 734 411 757 ς
428 725 532 752 vivens
543 723 650 751 eadem
667 724 694 749 et
713 722 805 749 divini
822 720 944 748 luminis
967 719 1106 756 splendo-

272 778 335 798 rem
348 769 487 797 referens.
507 770 567 796 Lux
589 767 730 801 secunda,
749 767 853 802 primm
883 765 957 793 lucis
986 772 1104 800 expres-

275 823 336 843 sum
353 817 380 842 et
392 814 504 841 illustre
516 812 712 840 simulacrum
728 810 766 838 ad
780 809 1006 838 similitudinem
1017 808 1107 845 primi

275 859 353 895 genii
374 857 541 895 splendoris
553 856 712 888 resultans,
733 855 784 883 lux
800 855 900 883 radios
915 853 1069 889 ejaculans
1080 855 1109 880 et

274 904 398 940 fulguris
415 903 454 931 ad
470 902 596 930 modum
623 901 827 936 subjectorum
848 899 951 927 oculos
967 898 1108 935 perstrin-

1152 276 1201 303 κῆς
1225 276 1273 304 τῆς
1299 272 1389 303 οὐσίας
1412 275 1457 299 καὶ
1483 276 1584 310 νοερᾶς,
1615 277 1670 307 Φῶς
1696 273 1816 303 ἀληθινὸν
1836 273 1849 300 ὂ
1880 276 1961 310 φωτί-

1154 318 1204 352 ζει,
1238 318 1306 344 κατὰ
1333 319 1379 347 τὴν
1413 317 1519 354 ὑψηλὴν
1542 317 1685 354 θεολογίαν,
1715 319 1800 345 πάντα
1823 319 1961 356 ἄνθρωπον

1153 361 1293 398 ἐρχόμενον
1321 362 1355 393 εἰς
1384 363 1426 388 τὸν
1455 364 1554 399 κόσμον
1584 373 1591 380 ”
1632 367 1704 400 φῶτα
1731 362 1760 390 δι
1788 363 1901 400 Μιχαὴλ
1917 366 1963 390 καὶ

1155 406 1270 443 Γαϐριὴλ
1290 404 1388 443 διαυγῆ
1414 409 1460 433 καὶ
1498 408 1594 444 θεαυγῆ
1611 418 1617 425 ·
1635 412 1708 445 φῶτα
1731 412 1881 445 σωματικῆς
1912 406 1961 444 ἆμ-

1156 453 1255 488 9άσεως
1289 451 1378 483 πάσης
1412 451 1495 489 ἀμιγῆ
1524 454 1570 479 καὶ
1597 454 1704 491 λαμπρὰ
1726 455 1774 483 τὴν
1801 454 1878 490 φύσιν
1915 455 1963 479 καὶ

1158 498 1242 528 ζῶντα
1265 498 1310 523 καὶ
1338 494 1439 527 θεοειδῆ
1462 507 1469 514 ο
1487 501 1560 533 φῶτα
1583 495 1692 535 δεύτερα
1704 501 1750 525 τοῦ
1777 500 1882 536 πρώτου
1907 508 1963 534 φω-

1156 542 1198 572 τὸς
1218 540 1311 579 ἔναργῆ
1330 543 1473 578 μιμήματα
1496 542 1555 569 καθ’
1576 543 1720 579 ὁμοιότητα
1742 546 1790 574 τῆς
1817 552 1961 580 πρωτουρ-

1156 589 1206 623 γοῦ
1248 584 1403 622 διαλλόμενα
1448 585 1638 624 λαμπρότητος,
1673 586 1888 614 ἁκτινοϐολοῦντα
1918 589 1964 613 καὶ

1158 632 1395 667 καταστράπτοντα
1413 633 1474 663 τοὺς
1498 631 1700 663 ὑποϐιϐηκότας.
1733 630 1858 667 Ἀγγελος
1881 631 1966 658 πάλιν

1159 676 1172 702 ό
1200 677 1294 712 Κύριος
1322 679 1370 706 τῆς
1398 675 1508 712 μεγάλης
1540 675 1715 712 ἰξαγγελτικὸς
1740 675 1848 712 βουλῆς,
1880 676 1968 711 ἄγγε-

1159 720 1203 751 λος
1237 724 1284 751 τῆς
1309 724 1436 757 πατρικῆς
1466 721 1478 747 ὁ
1507 721 1567 752 Υἱὸς
1596 719 1717 752 εὐδοκίας
1742 722 1787 747 καὶ
1818 720 1969 756 φιλανθρω-

1160 768 1230 796 πίας.
1257 767 1289 792 Τί
1310 764 1340 792 δὲ
1359 765 1472 801 Μιγαήλ
1500 768 1545 792 καὶ
1578 765 1693 803 Ταϐριὴλ
1728 775 1738 801 ;
1767 765 1822 792 Οὐκ
1855 764 1969 801 ἄγγελοι

1163 813 1260 848 Κυρίου
1276 812 1485 848 παντοκράτορος
1502 820 1508 843 ;
1524 810 1580 837 Οὔκ
1604 811 1680 837 αὖτοὶ
1703 811 1770 848 πρὸς
1792 812 1843 836 πᾶν
1867 811 1897 836 τὸ
1917 811 1969 838 τὴν

1162 855 1235 888 τάξιν
1261 854 1420 886 omnem;
1455 857 1502 884 τὴν
1549 853 1628 887 δόξαν
1658 854 1845 891 ἀναγγέλλουσι
1873 857 1971 886 erat};

1164 900 1220 927 Οὐκ
1243 900 1318 926 αὐτοὶ
1333 901 1395 936 πρὸς
1418 901 1504 926 πάντα
1530 900 1564 927 τὰ
1582 900 1642 929 ἔθνη
1658 901 1686 926 τὸ
1710 901 1870 936 πρόσταγμα
1890 896 1975 934 διαγ-

277 957 362 984 gens.
375 950 487 976 Rursus
504 946 629 981 angelus
643 945 785 973 Dominus
800 944 903 979 magni
917 943 1110 971 annuntiator

1166 944 1283 981 γε’λλουσι
1312 947 1410 981 Κυρίου
1436 953 1443 978 ;
1474 945 1696 981 ΠνεῦμαόΘεός,
1733 946 1778 971 καὶ
1802 945 1882 971 πνέων
1903 944 1975 970 ὅπου

277 993 399 1021 consilii.
413 991 545 1027 Angelus
556 990 634 1019 tilius
654 992 682 1017 et
697 990 819 1017 nuntius
835 992 967 1025 paternae
982 988 1111 1015 benevo-

277 1037 373 1066 lentiae
396 1044 431 1064 ac
458 1036 603 1064 adversus
630 1034 768 1062 homines
792 1034 915 1067 amoris,
939 1033 1015 1066 Quid
1039 1040 1111 1060 vero

280 1082 401 1112 Michael
417 1084 445 1109 et
458 1080 599 1109 Gabriel?
614 1088 653 1107 an
674 1087 735 1107 non
750 1081 779 1107 et
808 1079 863 1115 ipsi
889 1077 987 1113 angeli
1017 1077 1112 1105 omni-

279 1127 409 1164 potentis
426 1126 541 1153 Domini
553 1126 565 1153 ?
576 1127 620 1152 An
636 1132 698 1152 non
710 1123 852 1152 omnibus
869 1123 924 1151 sibi
940 1124 1055 1150 naturae
1067 1129 1112 1149 or-

279 1172 348 1200 dine
370 1170 511 1206 subjectis
543 1170 592 1197 Dei
615 1169 740 1205 gloriam
757 1168 936 1197 annuutiant
951 1167 965 1195 ἢ
987 1169 1031 1194 An
1051 1174 1112 1194 non

278 1217 309 1244 in
320 1224 425 1244 omnes
437 1218 539 1251 gentes
551 1214 723 1242 mandatum
735 1213 793 1250 ipsi
804 1212 957 1249 perferunt
969 1211 1087 1239 Domini
1098 1211 1112 1238 ’Ζ

280 1261 405 1297 Spiritus
421 1262 464 1288 est
495 1261 570 1288 Deus
598 1259 716 1295 spirans
735 1257 787 1286 ubi
803 1257 865 1285 vult
891 1259 919 1284 et
941 1256 1065 1292 quando
1085 1257 1113 1283 et

279 1308 440 1342 quantum,
462 1312 584 1332 omnem
610 1311 718 1332 sensus
745 1304 773 1331 et
799 1301 988 1337 cogitationis
1016 1301 1112 1329 aciem

280 1350 440 1379 subtilitate
457 1349 632 1378 substantiae
656 1356 692 1376 ac
717 1347 858 1376 tenuitate
885 1346 1012 1381 fugiens.
1035 1345 1113 1380 ignis

281 1398 427 1432 praeterea
442 1397 518 1423 Deus
532 1396 633 1422 noster
643 1395 695 1427 est,
719 1395 747 1421 et
766 1392 843 1427 ignis
868 1391 966 1420 omnis
992 1390 1112 1419 malitiae

280 1442 487 1476 consumptor,
503 1439 735 1474 animarumque
760 1438 950 1473 expugnator
964 1436 1112 1470 omnium,

282 1485 497 1520 cogitationum
511 1491 632 1520 quoque
645 1483 782 1510 omnium
806 1482 999 1510 illuminator.
1033 1482 1114 1509 Post—

281 1531 339 1559 liac
352 1533 380 1558 et
390 1529 523 1558 minister
533 1529 563 1556 in
576 1527 662 1558 terris
677 1527 760 1555 visus
776 1529 831 1555 est.
851 1538 865 1551 «
882 1528 943 1560 Ego
956 1525 1047 1561 enim,
1062 1525 1113 1558 ait,

281 1576 312 1603 in
323 1574 424 1602 medio
440 1575 574 1601 vestrum
586 1580 653 1600 sum
666 1571 742 1599 sicut
752 1571 803 1608 qui
814 1571 972 1598 ministrat.
990 1580 1000 1595 ι
1019 1569 1075 1597 Sed
1087 1571 1115 1598 et

279 1620 344 1656 ipse
369 1618 437 1646 fecit
464 1617 589 1652 angelos
618 1624 689 1644 suos
723 1615 854 1652 spiritus,
894 1615 982 1649 leves,
1009 1614 1112 1649 agiles,

279 1666 427 1697 strenuos,
440 1663 467 1689 et
481 1661 631 1689 ministros
645 1668 715 1688 suos
732 1661 887 1688 ﬂammam
897 1659 984 1693 ignis,
1000 1666 1113 1694 prunas

280 1705 505 1741 immateriales,
518 1705 664 1733 micantes
675 1705 714 1733 ad
730 1712 852 1732 omnem
869 1703 1007 1731 vibrandi
1025 1710 1114 1737 agen-
1129 1698 1147 1724 C

281 1752 371 1788 dique
384 1750 589 1779 etﬁcacitatem
606 1749 725 1783 celeres,
740 1749 932 1785 purgativam
947 1747 1113 1784 quamdam

281 1797 342 1825 vim
366 1796 521 1833 spirantes.
554 1795 638 1823 'l‘ales
668 1794 725 1822 sibi
759 1793 909 1821 ministros
930 1795 958 1821 et
984 1792 1113 1820 famulos

282 1842 369 1876 elegit
384 1841 435 1877 qni
450 1848 511 1870 non
526 1848 611 1868 mora
625 1841 652 1867 et
664 1846 801 1867 (erumna
813 1840 951 1874 optatum
984 1837 1114 1873 denique

283 1885 448 1923 perﬁciant,
467 1884 520 1912 sed
541 1883 749 1920 pernicissimo
776 1890 874 1918 neque
901 1890 935 1909 eo
963 1881 1114 1910 laborioso

283 1933 367 1958 motu
378 1929 526 1966 quidquid
542 1928 673 1957 decrevit
690 1930 766 1956 Deus
777 1927 840 1955 ﬁeri
857 1927 996 1955 effectum
1012 1925 1113 1954 cumul

282 1975 341 2004 late
353 1975 557 2011 repzesentent.
572 1973 658 2006 Quod
671 1973 694 2000 si
715 1981 821 2001 omnes
835 1973 1061 2008 quotquotsunt
1076 1970 1115 1999 ad

284 2019 329 2048 sui
345 2018 747 2053 similitudinemdcsignavit
761 2016 898 2052 angelos,
913 2016 1010 2044 multo
1025 2016 1115 2043 nimi-

284 2072 352 2093 rum
362 2063 471 2100 potiori
484 2063 599 2091 ratione
610 2061 827 2090 existimandus
841 2063 885 2089 est
893 2061 965 2088 istos
978 2061 1116 2088 omnium

285 2109 456 2145 praecipuos
470 2107 509 2136 ad
540 2107 764 2135 exactissimam
784 2106 829 2133 sui
844 2104 938 2140 ipsius
952 2105 1116 2138 imaginem

286 2153 435 2182 elimasse.
450 2152 576 2188 Spiritus
590 2151 638 2179 ille
650 2150 799 2186 princeps,
811 2149 988 2183 immensus,
1003 2148 1117 2175 incom-

285 2196 506 2234 prehensibilis,
523 2194 803 2232 perspicacissinus.
825 2192 905 2219 Mens
919 2191 1003 2219 omni
1017 2193 1117 2219 mente

286 2241 461 2276 majorquaa
481 2241 597 2268 mentes
616 2245 722 2267 omnes
742 2239 770 2265 et
789 2235 922 2272 potentia
935 2235 1077 2271 produxit
1090 2237 1117 2263 et

286 2285 480 2321 intelligentia
493 2285 676 2320 penetratac
696 2280 840 2317 pervidet.
861 2280 1001 2308 Omnium
1017 2282 1117 2309 tamen

288 2331 413 2359 conatus
424 2329 463 2358 ad
479 2335 510 2356 se
530 2326 661 2355 vicissim
677 2325 920 2361 cognoscendam
948 2325 1094 2353 frustrans
1108 2334 1114 2354 :

288 2375 371 2412 quod
385 2374 475 2410 longe
486 2371 656 2401 facultatem
672 2370 875 2406 cognoscendi
892 2378 1011 2399 omnem
1028 2371 1116 2399 habi-

288 2423 413 2457 tumque
426 2416 627 2447 transcendat.
645 2417 752 2444 Mentes
763 2416 938 2452 istiquoque
950 2424 1033 2452 purae
1049 2419 1118 2444 sunt
1135 2429 1154 2455 υ

289 2467 317 2493 et
328 2463 461 2500 liquidae,
477 2461 727 2496 etcogitationum
735 2460 885 2489 bonarum
903 2461 1117 2497 procreatrices

288 2510 485 2546 quwnaturas
500 2505 622 2543 quidem
636 2513 740 2533 omnes
753 2513 783 2533 se
792 2505 945 2533 inferiores
954 2505 1118 2534 clarissime

288 2554 487 2588 cognoscunt.
503 2551 621 2587 Atipsaa
636 2550 800 2579 imitatione
834 2551 884 2578 Dei
918 2551 1119 2585 cognitionem

289 2597 464 2626 inferiorum
487 2598 624 2624 mutuam
645 2595 773 2630 fugiunt.
810 2596 873 2623 Vita
885 2598 928 2622 est
949 2596 1033 2631 Deus,
1051 2596 1118 2624 vitae

290 2641 347 2671 sibi
358 2641 415 2678 ipsi
435 2650 496 2670 sua:
512 2639 693 2678 principium
706 2642 735 2669 et
750 2639 827 2676 fons,
839 2639 931 2668 vitam
945 2640 1120 2676 impertiens

288 2686 431 2717 omnibus
444 2686 623 2719 viventibus,
639 2685 703 2722 ipse
715 2692 733 2714 a
747 2684 867 2713 nemine
879 2692 1012 2713 sumens.
1026 2684 1119 2719 Quale

324 2776 365 2813 (ί)
391 2777 622 2814 Προκαταρπτικὴγ.
665 2774 755 2814 Αἰτίοις
801 2775 1035 2814 προπαταρκτιπὰς
1064 2779 1114 2802 τῶν

287 2810 369 2840 ita...»
382 2810 434 2841 ea's
464 2810 638 2848 appellant,
659 2810 844 2839 medicorum
876 2810 962 2848 pueri
991 2818 1060 2848 quin
1075 2811 1115 2839 ab

289 2848 455 2888 extrin‘seco
469 2845 615 2888 incidunt.
630 2847 706 2876 Nam
719 2854 775 2888 eas.
791 2854 859 2888 quia
876 2845 922 2874 'ex
948 2845 1055 2888 intiina
1068 2854 1114 2888 ra-

288 2886 370 2916 tione
379 2882 606 2921 temperamenti
621 2890 658 2913 ac
683 2882 863 2919 qualitatum
891 2882 1025 2919 corporis
1037 2882 1114 2912 exsi-

1166 989 1240 1021 θέλει1
1267 991 1312 1016 καὶ
1337 990 1426 1025 ἡνίκα,
1454 992 1499 1016 καὶ
1524 990 1594 1024 ὅσον,
1624 992 1712 1016 πᾶσαν
1737 989 1863 1018 αἴσθησιν
1878 988 1893 1018 ἣ
1910 989 1977 1017 νόη-

1167 1044 1208 1061 σιν
1221 1038 1252 1070 τῇ
1268 1038 1316 1065 τῆς
1329 1033 1422 1066 οὐσίας
1445 1034 1584 1063 λεπτότητι
1609 1032 1822 1071 διαδιδράσκων.
1842 1035 1893 1060 Καὶ.
1916 1036 1975 1070 πῦρ

1167 1076 1195 1105 δε
1216 1079 1228 1105 ό
1249 1080 1314 1109 Θεὸς
1328 1078 1411 1115 ἡμῶν,
1441 1080 1486 1104 καὶ
1509 1082 1561 1116 πῦρ
1591 1081 1685 1109 κακίας
1707 1079 1752 1115 μὶν
1781 1077 1974 1109 ἕξαιαλωτικόν

1166 1123 1280 1158 ἀπάσης,
1297 1122 1394 1159 ψυχῶν
1411 1121 1441 1149 δε
1466 1126 1558 1149 πασῶν
1586 1123 1774 1161 καθαρτήριον.
1802 1124 1854 1149 Καὶ
1878 1120 1974 1149 διάκο-

1165 1177 1208 1199 νος
1223 1166 1265 1194 ἐπὶ
1279 1171 1328 1198 τῆς
1342 1171 1392 1204 γῆς
1420 1168 1506 1204 ὤφθη.
1529 1178 1543 1192 ‹‹
1555 1167 1622 1203 Ἐγὼ
1655 1168 1717 1205 γὰρ,
1738 1178 1753 1193 ii
1784 1169 1875 1204 φησὶν,
1901 1177 1917 1193 ιι
1948 1166 1971 1194 ἓν

1166 1214 1237 1249 μέσῳ
1272 1212 1344 1249 ὑμῶν
1372 1213 1405 1243 ὡς
1437 1212 1450 1239 ό
1477 1210 1615 1240 διακονῶν.
1648 1221 1663 1239 ι
1704 1211 1782 1239 Ἀλλὰ
1808 1214 1854 1238 καὶ
1892 1211 1975 1243 αὐτὸς

1167 1256 1273 1286 εποίησε
1300 1258 1361 1289 τοὺς
1398 1256 1521 1293 ἀγγέλους
1543 1256 1623 1283 αὐτοῦ
1650 1258 1786 1293 πνεύματα
1810 1257 1895 1293 κούφα
1925 1259 1975 1283 καὶ

1168 1302 1311 1336 ἀεικίνητα,
1340 1304 1385 1329 καὶ
1416 1301 1505 1340 ἐνεργὰ
1537 1304 1582 1330 καὶ
1607 1303 1669 1335 τοὺς
1695 1302 1860 1340 λειτουργοὺς
1889 1302 1974 1329 αὐτοῦ

1168 1348 1247 1384 πυρὸς
1280 1347 1385 1384 φλόγας,
1427 1347 1557 1384 ἄνθρακας
1580 1346 1684 1381 ἀῦλους,
1718 1345 1888 1378 ἀκτινοειδείς
1927 1349 1977 1374 καὶ

1169 1390 1357 1429 δραστηρίους,
1382 1392 1558 1429 καθαρτήριον
1589 1393 1711 1424 πνέοντας
1744 1391 1882 1429 ὶνέργειαν.
1912 1395 1978 1420 Λει-

1169 1438 1298 1475 τουργοὺς
1314 1436 1344 1464 δὲ
1368 1438 1514 1466 καθίστησι
1529 1438 1573 1464 καὶ
1601 1435 1749 1473 διακόνους,
1775 1436 1804 1464 οὐ
1831 1439 1929 1475 χρόνῳ
1944 1447 1982 1464 ια

1168 1483 1242 1518 μόγῳ
1265 1483 1295 1508 τὸ
1327 1480 1541 1518 σπουδαζόμενον
1577 1481 1767 1515 ἕπιτελοῡντας,
1797 1481 1914 1518 ὁξυτατῳ
1948 1480 1979 1509 δι

1168 1528 1213 1553 καὶ
1231 1526 1357 1562 ἀκαμάτῳ
1380 1526 1454 1563 ῥῶπῇ
1485 1528 1532 1556 τὴν
1564 1529 1723 1556 Δεσποτικην
1751 1526 1848 1563 βουλὴν
1876 1526 1980 1563 πληρο-

1169 1574 1316 1607 φοροῡντας.
1337 1571 1368 1598 Εἰ
1395 1568 1425 1597 δὲ
1451 1573 1509 1602 τοὺς
1528 1570 1628 1604 ἄλλους,
1650 1570 1734 1606 πολλῷ
1761 1569 1848 1599 δήπου
1876 1571 1981 1606 μᾶλλον

1168 1616 1227 1646 τοὺς
1263 1618 1312 1641 τῶν
1352 1614 1416 1641 ὅλων
1457 1614 1659 1652 ὰρχικωτάτους
1697 1617 1762 1653 πρὸς
1789 1613 1983 1652 ὶνεργεστάτην

1169 1658 1237 1695 αὐτῷ
1261 1661 1412 1696 παρήγαγεν
1427 1659 1561 1696 ὁμοίωσιν.
1589 1662 1658 1690 Νοῦς
1685 1658 1699 1685 ὁ
1734 1660 1827 1696 Κύριος
1845 1659 1978 1694 ἄληπτος,

1168 1704 1347 1741 ἁπερινὸητος,
1389 1703 1615 1741 εἰλικρινέστατος.
1651 1707 1722 1735 Νοῦς
1749 1705 1882 1740 ὑπέρνοος,
1908 1706 1978 1731 νόων

1167 1751 1212 1785 μὲν
1253 1750 1425 1785 παρηωγεύς
1465 1750 1510 1775 καὶ
1533 1750 1722 1780 κατανοητικὸς
1758 1748 1889 1783 ἁπάντων,
1927 1749 1977 1776 ὑπ’

1169 1791 1274 1824 οὐδενὸς
1297 1791 1327 1819 δὲ
1341 1794 1474 1829 νοούμενος
1502 1794 1534 1824 ὡς
1561 1794 1640 1827 ἔστιν,
1670 1797 1706 1820 τῶ
1732 1796 1820 1821 πᾶσαν
1849 1795 1977 1824 νοητικῆν

1170 1836 1283 1875 δύναμιν
1311 1838 1327 1868 ἦ
1344 1838 1394 1869 ἕξιν
1419 1838 1628 1875 ὑπερεκπίπτειν.
1657 1838 1735 1865 Ἀλλὰ
1754 1840 1798 1865 καὶ
1822 1838 1894 1865 οὗτοι
1917 1841 1977 1871 νόες

1170 1883 1221 1910 εἰσὶ
1243 1884 1354 1920 καθαροὶ
1382 1885 1428 1910 καὶ
1456 1882 1609 1921 εἰλικρινεῖς,
1638 1885 1683 1910 καὶ
1720 1882 1823 1919 ἀγαθῶν
1855 1886 1979 1920 γεννήτο-

1169 1937 1212 1965 ρες
1231 1927 1344 1962 ἐννοιῶν,
1359 1929 1405 1954 καὶ
1428 1929 1515 1958 πάσας
1543 1929 1588 1964 μὶν
1612 1928 1660 1959 τὰς
1688 1928 1732 1954 ὑπ’
1759 1927 1854 1960 αὐτοὺς
1882 1927 1978 1960 οὐσίας

1171 1971 1345 2011 ἀκριϐέστατα
1383 1976 1556 1999 κατανοοῦσιν
1585 1982 1591 1990 ·
1621 1974 1746 2009 φεύγουσι
1766 1971 1795 2000 δι
1826 1975 1872 2000 καὶ
1901 1973 1979 2000 αὐτοὶ

1172 2019 1335 2054 θεομιμήτως
1372 2019 1418 2047 τὴν
1451 2021 1501 2043 τῶν
1540 2017 1680 2054 ὑφειμένων
1707 2019 1876 2046 κατανόησιν.
1918 2020 1978 2048 Zur}

1171 2062 1184 2088 ὁ
1198 2063 1263 2092 Θεὸς
1278 2064 1323 2088 καὶ
1343 2061 1477 2096 αὐτοζωὴ,
1501 2061 1607 2092 ζωοῦσα
1621 2063 1666 2098 μὶν
1693 2062 1744 2088 ὅσα
1765 2063 1869 2098 μετέχει
1895 2062 1978 2097 ζωῆς,

1171 2105 1201 2132 οὐ
1221 2105 1353 2142 ζωουμίνη
1368 2103 1408 2133 δέ.
1430 2108 1462 2132 Τί
1484 2106 1535 2143 γὰρ
1551 2104 1582 2131 ἃν
1608 2108 1653 2132 καὶ
1681 2107 1720 2135 εἴη
1743 2107 1772 2132 τὸ
1794 2108 1841 2136 τὴν
1870 2109 1979 2144 πρώτην

1172 2149 1241 2179 ζωὴν
1283 2151 1391 2181 ζωῶσαν
1420 2152 1468 2178 τὴν
1493 2149 1597 2180 ἀπάσης
1612 2149 1746 2187 ἀρχίξωον
1761 2150 1829 2182 ξωῆν
1846 2159 1852 2185 ;
1867 2150 1933 2183 ξωαὶ
1949 2150 1980 2178 δί

1172 2192 1236 2219 εἰσὶν
1255 2193 1337 2226 οὗτοι,
1373 2195 1418 2219 καὶ
1441 2202 1582 2229 προσφυως
1608 2193 1639 2220 ἂν
1663 2194 1778 2224 κληθεῖεν
1805 2196 1840 2227 ὡς
1865 2196 1981 2232 ἱγγιστα

1171 2240 1203 2272 τῇ
1219 2235 1339 2272 αὐτοζωῇ
1368 2239 1595 2273 προσεσχηκότες,
1631 2241 1675 2265 καὶ
1698 2242 1742 2270 τῆς
1765 2238 1859 2266 ἐκεῖθεν
1883 2239 1979 2272 ἰούσης

1172 2281 1425 2318 ὑπερεμπιπλάμενοι
1463 2281 1627 2320 ζωοδωρίας.
1665 2286 1715 2310 Καὶ
1742 2286 1790 2314 τὴν
1827 2284 1911 2315 αὐτὴν
1942 2285 1980 2312 εί-

1173 2327 1235 2352 κόνα
1271 2327 1444 2363 μορφούμενοι
1471 2331 1517 2358 τῆς
1540 2327 1620 2361 ζωῆς,
1661 2327 1789 2365 ἀκραιφνῆ
1822 2329 1981 2366 ὁμοιώματα

1172 2375 1219 2403 τῆς
1254 2371 1391 2409 ξωαρχίας
1416 2374 1640 2409 χρηματίζουσιν.
1684 2374 1797 2410 Δύναμις
1825 2375 1839 2401 ὀ
1868 2376 1979 2412 Κύριος,

1171 2418 1216 2443 καὶ
1244 2415 1367 2453 ἕνεργεια,
1394 2417 1489 2453 μᾶλλον
1528 2415 1557 2444 δι
1582 2415 1759 2455 αὐτοδύναμις
1784 2421 1830 2445 καὶ
1859 2419 1982 2457 αὔτενέρ-

1171 2471 1231 2498 γεια
1270 2463 1359 2494 πάσης
1393 2460 1526 2499 δυνάμεως
1567 2460 1757 2499 δυναμωτικὸς,
1794 2464 1884 2495 πάσης
1910 2464 1983 2503 ἆνερ-

1172 2509 1242 2543 γείας
1257 2506 1417 2544 ἕνεργητικός
1434 2517 1440 2524 -
1455 2505 1564 2544 δύναμις
1580 2505 1673 2544 δρῶσα
1691 2509 1737 2544 μεν
1766 2511 1813 2538 τήν
1843 2518 1871 2535 τε
1896 2507 1983 2537 δύνα-

1173 2561 1216 2587 μιν
1243 2554 1288 2578 καὶ
1311 2554 1358 2581 τὴν
1382 2550 1508 2588 ἐνέργειαν
1538 2562 1545 2569 ·
1575 2552 1610 2583 εἰς
1635 2552 1712 2579 πάνθ’
1738 2553 1789 2580 ὃσα
1815 2556 1983 2590 μετέσχηκεν

1174 2595 1263 2629 αὐτῆς,
1281 2596 1428 2632 πάσχουσα
1443 2594 1472 2622 δε
1484 2599 1567 2622 ταῦτα
1592 2600 1641 2622 τῶν
1667 2598 1769 2624 πάντων
1790 2597 1834 2624 ὑπ’
1861 2597 1980 2632 οὐδενός,

1174 2642 1386 2679 προκαταρκτικὴ
1413 2640 1452 2676 (4)
1478 2644 1528 2667 τῶν
1554 2640 1617 2667 ὅλων
1643 2643 1775 2671 ποιήσεων
1803 2643 1985 2680 ὑπάρχουσα.

1170 2777 1260 2809 stunt,
1276 2776 1471 2811 προηγουμένας
1491 2774 1583 2811 iidem
1594 2775 1713 2804 ‘vocare
1729 2776 1981 2807 'consueverunt.

1170 2812 1241 2844 Quae
1249 2811 1288 2840 ad
1295 2810 1377 2841 hunc
1384 2810 1486 2840 locum
1494 2810 1721 2846 intelligendum
1729 2813 1914 2842 nonnullum
1923 2813 1982 2843 ha-

1168 2847 1354 2886 bent_usum.
1373 2846 1462 2886 lstliic
1481 2846 1562 2886 enim
1577 2850 1774 2886 προκαταρτικὴ
1798 2847 1912 2886 δύναμις
1927 2850 1979 2878 vis

1168 2885 1215 2914 est
1227 2882 1311 2913 aliud
1325 2890 1343 2914 a
1357 2890 1389 2913 se
1402 2882 1575 2914 distinctum
1588 2882 1628 2914 ab
1640 2882 1807 2916 extrinseeo
1825 2882 1978 2916 efﬁciens.
