4124 6394
319 393 448 450 1241

318 518 568 592 Δυνάμεις
613 516 717 571 εἰσὶ
772 521 864 572 καὶ
918 517 1168 595 ἐνέργειαι
1232 522 1456 595 Μιχαὴλ
1519 526 1605 576 καὶ
1669 521 1916 596 Γαϐριὴλ,
1952 517 2000 572 Α

321 605 586 682 δυνάμεις,
645 607 704 662 ού
753 613 1028 672 ποιότητες
1081 608 1276 673 ἀτελεῖς
1338 615 1436 682 εῖτ,
1468 620 1555 666 οῦν
1605 612 1734 677 ἔξεις
1797 615 1923 685 πρός

319 697 574 773 ἐνέργειαν
618 694 924 766 ὁδεύουσαι,
985 697 1114 752 ἀλλὰ
1180 697 1429 776 δυνάμεις
1488 702 1659 764 ζῶσαι
1707 706 1797 755 καὶ
1855 709 1918 774 τῇ

319 787 478 860 οὐσίᾳ
535 783 831 863 σύνδρομον
889 790 1134 860 ἔχουσαι·
1191 795 1282 844 καὶ
1335 796 1424 851 τὴν
1478 790 1750 867 ἐνέργειαν.
1804 792 1923 844 Ἐπὶ

318 879 410 951 μεν
465 878 567 950 γὰρ
616 884 718 930 τῶν
782 875 970 929 ύλικῶν
1029 881 1282 951 σωμάτων
1338 883 1426 933 καὶ
1489 889 1722 955 φυσικῶν
1808 878 1925 955 ἰδία

320 969 410 1039 μὲν
439 967 464 1018 ό
493 974 590 1029 τῆς
616 965 801 1029 ούσίας
831 967 949 1020 καθ’
980 968 1007 1020 ὅ
1051 965 1189 1022 ἔστιν
1241 969 1428 1043 ὁρᾶται
1467 969 1636 1044 λόγος,
1693 967 1807 1044 ἰδίᾳ
1865 967 1924 1024 δὲ

319 1057 350 1116 ἠ
384 1055 607 1128 ἔμφυτος
637 1051 857 1128 δύναμις
885 1053 1271 1122 ἐπιτηδειότης,
1304 1067 1440 1112 οῦσα
1489 1064 1619 1134 πρὸς
1670 1058 1924 1136 ἐνέργειαν

318 1149 408 1198 καὶ
436 1147 581 1220 παρὰ
609 1152 774 1198 ταῦτα
823 1147 853 1203 ἠ
910 1144 1138 1222 ἐνέργεια
1194 1149 1300 1202 οἷον
1365 1149 1545 1211 οὐσίας
1602 1149 1926 1224 ἀποτέλεσμα

319 1235 669 1306 τυγχάνουσα
719 1230 814 1287 διὰ
863 1242 956 1296 τῆς
1010 1234 1227 1298 ἐνούσης
1283 1237 1414 1312 αὐτῇ
1475 1234 1766 1311 δυνάμεως,
1853 1238 1924 1300 εἰς

319 1323 612 1383 τελειότητα
666 1327 1056 1398 προσαγομένηο
1115 1324 1233 1379 Ἐπὶ
1285 1335 1385 1380 τῶν
1445 1335 1629 1400 νοερῶν
1706 1325 1765 1381 δὲ
1834 1333 1924 1382 καὶ

320 1410 486 1465 ἁῦλων
531 1413 723 1467 οὐσιῶν
779 1413 910 1472 αύτὴ
980 1413 1146 1474 αὐτῆς
1195 1416 1226 1474 η
1287 1419 1444 1468 οὐσία
1499 1412 1724 1488 δύναμίς
1783 1413 1923 1467 ἔστιν

320 1501 550 1576 ἕνεργής.
613 1503 740 1558 Καθ’
795 1504 822 1556 ὃ
885 1506 987 1579 γάρ
1039 1504 1142 1558 εἰσι
1201 1510 1292 1558 καὶ
1349 1502 1620 1559 δύνανται·
1674 1509 1764 1558 καὶ
1814 1505 1925 1558 οἶεν-

314 1612 436 1645 ναον
483 1599 702 1668 προὶᾶσι
743 1597 837 1650 τὴν
906 1591 1180 1668 ιῖνιὲργειαν⁸
1251 1593 1384 1647 ὥστε
1457 1591 1526 1653 δὴ
1615 1598 1705 1647 καὶ
1778 1592 1924 1647 οὗτοι

315 1683 521 1734 πάντων
577 1683 930 1755 ὑπιρκείμενοι
981 1691 1081 1734 τῶν
1139 1681 1536 1743 ύποϐεϐηκότων
1587 1679 1761 1757 δρῶσι
1830 1685 1920 1756 μὲν

315 1774 592 1846 περιουσίᾳ
649 1767 912 1844 δυναμεως
958 1772 1254 1844 θεοπρεπεῖς
1299 1779 1396 1835 τῆς
1453 1772 1576 1835 ὅλης
1644 1771 1916 1846 ἐνεργείας,

1124 395 1390 455 NICETE
1411 395 1768 457 LAUDATIO
1803 391 1901 451 SS.
1929 391 2299 453 MICHAELIS
2327 395 2413 453 ET
2449 395 2831 457 GABRIELIS.

3550 403 3689 464 1242

2032 515 2192 574 enim
2218 517 2363 576 illud
2392 523 2627 579 tantum
2657 539 2792 580 esse
2817 527 3024 595 posset
3050 524 3217 598 quod
3244 524 3381 583 vitae
3407 506 3689 601 primige-

2032 607 2146 662 nias
2168 609 2340 680 cujus
2371 626 2443 667 ex
2470 612 2698 684 origine
2724 613 2862 670 vitae
2915 615 3111 670 omnis
3163 631 3353 674 usura
3413 616 3689 677 derivata

2034 701 2140 766 est,
2175 713 2360 756 causa
2383 706 2563 774 atque
2585 707 2794 759 auctor
2814 703 3126 760 existitisse
3146 704 3388 761 vivendi
3411 707 3547 777 jure
3600 709 3685 764 di-

2033 786 2264 844 ceretur
2291 789 2320 846 ‘I
2354 790 2493 847 Vitae
2513 791 2607 848 isti
2636 809 2880 866 quoque
2913 797 3073 862 sunt,
3107 793 3308 866 sicque
3338 797 3550 854 merito
3580 813 3687 855 vo-

2035 880 2260 949 centur,
2293 883 2357 936 ut
2396 881 2500 952 qui
2537 897 2788 954 perenni
2812 883 2947 940 vitae
2977 883 3125 941 fonti
3163 884 3511 943 adhaereant
3551 903 3685 960 per-

2033 971 2238 1039 petuo,
2271 967 2764 1046 afﬂuentiumque
2822 973 2983 1030 illinc
3027 975 3163 1033 vitae
3211 991 3535 1034 munerum
3580 993 3685 1036 co-

2032 1057 2136 1130 pia
2161 1057 2543 1133 redundent;
2586 1061 2726 1118 Vitae
2755 1063 3042 1136 principis
3060 1063 3326 1134 imagine
3367 1065 3429 1122 in
3496 1067 3560 1122 se
3609 1067 3688 1125 ad

2032 1144 2237 1204 vivum
2267 1163 2553 1221 expressa
2581 1151 2660 1207 ad
2698 1155 2928 1208 naturas
2985 1153 3382 1225 praecellentis
3413 1158 3687 1214 exactam

2035 1234 2482 1296 similitudinem
2505 1240 2882 1299 conformati.
2909 1245 3122 1300 Potens
3164 1243 3501 1318 efﬁcaxque
3528 1247 3686 1303 Deus

2034 1329 2122 1382 est
2155 1331 2260 1383 aut
2307 1329 2436 1401 ipsa
2485 1331 2684 1402 potius
2741 1335 3004 1405 potestas
3060 1332 3112 1389 ei
3161 1331 3483 1391 etﬂcacitas
3533 1350 3570 1392 a
3626 1351 3689 1392 se

2033 1419 2357 1490 utrumque
2376 1417 2629 1486 habens,
2652 1425 3008 1494 potestatem
3030 1438 3272 1478 omnem
3289 1423 3690 1482 corroborans

2034 1503 2362 1562 efﬁcaciam
2392 1523 2635 1579 acuens,
2668 1509 2976 1584 utriusque
3008 1515 3217 1568 auctor
3243 1512 3528 1568 omnibus
3550 1530 3687 1587 qua;

2031 1593 2161 1651 illas
2193 1611 2430 1669 cunque
2473 1597 2854 1672 participant.
2908 1601 3176 1669 Quorum
3200 1601 3374 1674 _nihil
3412 1603 3688 1662 omnium

2030 1683 2365 1758 quidquam
2379 1686 2570 1744 simile
2590 1688 2859 1760 patitura
2872 1705 3209 1762 quoquam,
3224 1706 3362 1746 cum
3388 1691 3535 1748 nulli
3563 1708 3690 1750 non

2032 1773 2328 1830 effectioni
2359 1791 2542 1832 causa
2568 1777 2698 1849 ipse
2748 1778 3118 1836 extrinsecus
3175 1796 3530 1838 succurrens
3585 1781 3689 1838 ad-

312 1857 423 1914 ’Υπ’
479 1859 639 1921 αὐτῆς
689 1855 748 1913 δί
792 1863 952 1923 μόνης
1006 1860 1156 1914 αύτοὶ
1219 1869 1315 1924 τῆς
1365 1868 1707 1936 πρωτουργοῦ
1763 1858 1950 1934 δυνά-ρ

2037 1862 2328 1936 iutrixque
2341 1864 2519 1922 adsit.
2546 1865 2876 1924 Potestates
2890 1873 2948 1924 et
2982 1867 3365 1926 eﬁicacitates
3384 1870 3526 1926 item
3548 1873 3692 1929 sunt

308 1967 446 2024 μεως
498 1949 590 2002 εἶτ’
638 1945 726 2002 οὖν
778 1949 1154 2026 αύτενεργείας,
1239 1948 1564 2025 ἐνεργοῦνταὶ
1648 1947 1920 2023 δυναμού-

310 2059 475 2112 μενοι.
532 2037 714 2111 Ἀγιος
773 2040 930 2102 ὄντως
990 2037 1178 2102 ἐκεῖνος
1230 2045 1320 2094 καὶ
1378 2044 1528 2114 μόνος
1581 2037 1772 2112 ἀγαθός
1831 2043 1922 2114 φύ-

318 2148 428 2198 στι,
485 2127 543 2190 ὃς
585 2134 728 2201 πηγή
783 2147 838 2182 τε
889 2133 980 2181 καὶ
1025 2129 1152 2204 ῥίζα
1207 2133 1399 2193 παντός
1466 2128 1608 2183 ἐστιν
1658 2129 1923 2203 ἁγιασμοῦ

313 2222 406 2271 καὶ
458 2215 803 2290 ἁγαθότητος.
857 2216 1032 2291 Ἀγιοι
1094 2215 1153 2272 δὲ
1199 2223 1290 2272 καὶ
1348 2217 1536 2292 ἁγαθοὶ
1588 2223 1679 2272 καὶ
1755 2215 1919 2275 οὗτοι.

317 2306 456 2362 Ἀλλ’
489 2308 624 2380 ὁμὲν
654 2305 943 2380 ἀμεθέκτως
981 2311 1072 2361 καὶ
1131 2306 1389 2373 ἀναιτίως,
1450 2309 1498 2361 οἱ
1545 2305 1606 2361 δὲ
1667 2309 1924 2381 μεθεκτῶς

315 2401 406 2450 καὶ
473 2396 867 2469 μεταληπτικῶς
948 2404 1020 2468 τῷ
1098 2400 1228 2472 πρὸς
1297 2397 1453 2450 αὐτὸν
1546 2401 1642 2456 τὴν
1741 2397 1924 2451 οὐσίαν

317 2487 613 2558 ᾠκειῶσθαι
647 2495 743 2548 τῆς
792 2484 1070 2559 ἁγιότητος
1120 2487 1599 2562 ύπερπληρούμενοι
1651 2491 1742 2540 καὶ
1799 2485 1928 2558 ἀγα-

319 2578 556 2648 θὸτητος,
590 2575 696 2630 οἷον
723 2577 1045 2650 αὐτόχρημα
1099 2580 1158 2630 τὸ
1207 2581 1552 2650 μετεχόμενον
1610 2578 1923 2650 πεφύκασιν.

2030 1951 2270 2009 Michael
2304 1958 2362 2009 et
2386 1953 2638 2011 Gabriel.
2663 1958 3006 2023 Potestates,
3038 1973 3161 2013 non
3205 1957 3522 2031 qualitates
3580 1958 3691 2018 im-

2030 2041 2322 2115 perfectas,
2355 2048 2458 2100 aut
2483 2043 2724 2100 habitus
2775 2045 2855 2102 ad
2903 2045 3318 2103 etﬂcacitatem
3351 2047 3515 2104 viam
3553 2065 3689 2106 mu-

2031 2131 2262 2188 nientes
2297 2131 2442 2188 :sed
2467 2132 2783 2190 facultates
2814 2134 2968 2191 vivae
2992 2151 3257 2209 quarum
3311 2140 3545 2194 naturas
3594 2153 3691 2195 ex-

2032 2219 2412 2292 peditissima
2442 2236 2682 2295 semper
2711 2222 2933 2294 agendi
2964 2224 3051 2279 vis
3067 2239 3270 2281 comes
3306 2225 3574 2282 adhazret
3603 2227 3691 2285 in-

2034 2306 2300 2365 dividua.
2332 2311 2483 2366 Nam
2511 2309 2572 2365 in
2604 2311 2928 2368 materialis
2960 2311 3207 2386 quidem
3230 2315 3288 2368 et
3309 2313 3688 2371 naturalibus

2036 2397 2390 2469 corporibus
2429 2399 2749 2472 separatim
2772 2407 3001 2457 naturae
3021 2400 3525 2474 ratio,separatim
3546 2403 3690 2463 item

2035 2485 2216 2542 insita
2245 2491 2549 2561 spectatur
2570 2493 2659 2544 vis
2693 2506 2706 2545 :
2735 2505 2872 2563 quae
2917 2489 3205 2547 habilitas
3258 2494 3344 2547 est
3401 2492 3689 2565 quaedam

2037 2575 2116 2631 ad
2141 2575 2314 2633 facile
2349 2577 2728 2650 operandum
2760 2579 3078 2647 instruens,
3102 2583 3230 2636 tum
3257 2579 3392 2656 ipsa
3429 2581 3690 2655 denique

318 2667 662 2740 supervenit
705 2666 984 2738 expedita
1027 2666 1296 2740 proxime
1351 2666 1624 2732 facultas,
1685 2665 2192 2738 complementum
2249 2666 2560 2740 quoddam
2616 2666 2986 2735 substantias,
3020 2683 3206 2742 quam
3264 2667 3500 2726 virtutis
3556 2669 3689 2740 ejus

318 2771 456 2830 quae
481 2754 540 2811 in
564 2771 626 2811 se
651 2759 740 2812 est
762 2754 1076 2812 collatione
1111 2755 1359 2828 perﬁcit.
1392 2755 1571 2812 Aliter
1601 2771 1781 2830 porro
1808 2771 1870 2812 se
1891 2771 1985 2811 res
2024 2756 2208 2814 habet
2258 2757 2320 2814 in
2380 2757 2882 2814 intellectualibus
2930 2763 2986 2816 et
3034 2757 3380 2831 expertibus
3422 2758 3687 2816 materias

317 2845 566 2902 naturis.
597 2844 827 2912 Quibus
857 2844 994 2917 ipsa
1023 2861 1133 2902 sua
1157 2844 1454 2902 facultatis
1487 2844 1680 2901 vicem
1709 2846 1906 2901 omnis
1928 2844 2044 2901 sibi
2102 2849 2366 2918 potestas
2403 2851 2461 2903 et
2511 2847 2832 2905 etﬁcaoitas
2885 2847 3164 2922 expedita
3216 2846 3488 2920 proxime
3541 2847 3689 2904 sub-

319 2935 540 2993 stantia
567 2951 672 3009 per
701 2951 764 2992 se
788 2939 894 2992 est.
922 2937 1025 2992 Per
1059 2935 1120 2992 id
1147 2935 1303 2992 enim
1333 2935 1533 3008 ipsum
1561 2939 1814 3008 possunt
1841 2951 1964 3007 quo
1996 2939 2174 2992 sunt:
2207 2951 2277 2992 ac
2322 2935 2485 2992 velut
2537 2951 2610 2993 ex
2674 2937 2924 3009 perenni
2988 2937 3150 2994 fonte
3199 2941 3488 2994 aeternam
3546 2937 3688 2996 inde

319 3023 580 3081 fundunt
608 3023 956 3081 etﬂcacitem
991 3041 1004 3091 ;
1033 3040 1243 3081 eorum
1267 3029 1331 3081 ut
1355 3024 1552 3082 omnis
1581 3023 1784 3098 (longe
1809 3023 2098 3080 nimirum
2125 3041 2312 3098 supra
2338 3041 2658 3082 causarum
2691 3025 3041 3083 inﬁmarum
3088 3041 3346 3098 egenam
3405 3030 3463 3083 et
3515 3025 3688 3085 defa-

322 3112 589 3185 tigationi
617 3112 934 3170 ﬁnitimam
964 3113 1181 3184 agendi
1210 3113 1528 3186 rationem)
1551 3130 1625 3170 ex
1645 3112 1945 3171 facultatis
1981 3113 2358 3172 abundantia
2405 3130 2645 3190 semper
2701 3115 2997 3172 redundet
3044 3116 3334 3190 operatio.
3387 3118 3507 3172 Deo
3557 3117 3688 3189 jam

319 3203 540 3274 dignus
570 3201 864 3260 efficiendi
895 3203 1133 3276 modus,
1164 3219 1287 3277 quo
1318 3203 1604 3260 nimirum
1632 3203 1710 3260 ab
1740 3218 1862 3260 uno
1893 3203 2009 3261 hac
2040 3203 2120 3261 illi
2141 3206 2306 3262 omni
2329 3205 2410 3263 ita
2435 3211 2718 3281 prompta
2744 3209 2924 3279 atque
2955 3206 3110 3266 facili
3159 3210 3297 3262 sunt
3345 3208 3540 3264 ornati
3590 3223 3688 3286 pe-

316 3297 553 3352 testate.
582 3293 690 3360 Qui
710 3295 849 3351 item
881 3308 1022 3350 vere
1053 3299 1297 3350 sanctus
1335 3298 1392 3350 et
1411 3293 1577 3350 solus
1605 3293 1805 3350 bonus
1837 3295 2056 3351 natura
2084 3309 2218 3350 vere
2239 3294 2472 3352 dicitur.
2504 3297 2736 3369 Quippe
2758 3295 3087 3353 sanctitatis
3102 3299 3160 3353 et
3190 3295 3474 3354 bonitatis
3499 3299 3688 3355 omnis

319 3382 453 3440 fons
477 3382 640 3440 idem
674 3386 731 3440 et
757 3381 927 3440 radix
955 3388 1064 3442 est.
1099 3383 1296 3441 Sancti
1325 3399 1570 3456 quoque
1594 3383 1782 3440 nostri
1810 3382 1905 3439 isti
1936 3383 2110 3440 simul
2147 3388 2204 3440 et
2235 3384 2401 3441 boni.
2448 3388 2520 3442 At
2575 3385 2670 3442 ille
2720 3385 2970 3459 propria
3026 3385 3297 3460 nullique
3358 3402 3559 3444 causae
3586 3387 3686 3444 de-

321 3472 487 3530 bita:
523 3472 618 3528 isti
639 3471 861 3528 alunde
890 3472 1074 3530 ducta
1103 3476 1161 3529 et
1187 3472 1549 3546 participata
1573 3472 1861 3542 bonitate,
1900 3473 2075 3544 cujus
2118 3472 2466 3531 hauriendus
2529 3474 2832 3549 copiosius
2877 3491 2988 3532 sua
3033 3475 3324 3532 naturalis
3363 3491 3502 3532 cum
3559 3477 3689 3548 ejus

320 3562 484 3620 fonte
513 3565 631 3618 Deo
659 3561 1080 3637 propinquitas
1110 3577 1402 3634 magnam
1433 3561 1582 3635 ipsis
1615 3561 2130 3636 opportunitatem
2159 3563 2435 3636 praebuit,
2470 3568 2535 3622 ut
2560 3579 2681 3622 non
2709 3565 2837 3637 jam
2859 3564 2920 3622 in
2950 3564 3064 3622 illis
3105 3566 3552 3624 communicata
3571 3565 3677 3626 bo-

321 3652 502 3724 nitas,
535 3651 640 3708 sed
662 3651 794 3726 ipsa
815 3651 968 3708 adeo
993 3651 1351 3725 primigenia
1377 3655 1672 3708 cernatur.

391 3739 512 3798 Ἒτι
545 3745 702 3814 σοφία
730 3745 860 3814 πρὸς
908 3744 1112 3804 τούτοις
1161 3746 1252 3794 καὶ
1313 3739 1550 3812 ἀλήθεια,
1609 3736 1924 3798 δικαισύονη
1959 3740 1999 3796 C

321 3833 411 3884 καὶ
459 3834 696 3906 σωτηρία
744 3835 834 3883 καὶ
883 3832 949 3883 τὰ
998 3829 1345 3905 παραπλήσια
1386 3848 1516 3904 προς
1570 3837 1671 3882 τῶν
1745 3830 1928 3882 θεοσό-

326 3939 428 3992 φων
455 3919 640 3992 λογὶων
666 3921 696 3978 ἡ
733 3921 958 3994 θεαρχία
988 3923 1421 3995 προυηγόρευται.
1479 3922 1543 3972 Τί
1590 3914 1650 3972 δὲ
1703 3917 1928 3991 Μιχαὴλ

324 4011 410 4060 καὶ
429 4008 651 4084 Γαϐριὴλ
684 4009 779 4075 ςού
809 4014 959 4082 σοφοὶ
985 4011 1052 4062 τὰ
1083 4011 1195 4062 θεῖα
1224 4029 1238 4075 ;
1303 4013 1395 4061 καὶ
1433 4016 1526 4069 τῆς
1580 4011 1766 4079 σοφίας
1831 4015 1926 4070 τῆς

321 4099 511 4151 ἄνωθεν
557 4106 670 4160 τοῖς
721 4096 887 4161 ἀξίοις
941 4095 1358 4174 ὃιαπορθμευταί
1431 4115 1443 4165 ;
1527 4096 1638 4150 Ούκ
1719 4095 1930 4158 ἀληθεῖς

321 4187 606 4241 αὐτοίκαὶ
655 4185 857 4241 δίκαιοι
905 4191 1049 4263 παρά
1103 4195 1218 4241 Θεῶ
1301 4205 1315 4255 ;
1398 4185 1644 4248 ἀληθείας
1713 4182 1771 4239 δὲ
1839 4189 1929 4239 καὶ

321 4275 668 4340 δικαιοσύνης
710 4279 837 4351 ἡμῖν
887 4275 1178 4354 βραϐεῦταί
1242 4292 1256 4344 ;
1322 4275 1381 4328 ού
1445 4283 1670 4350 σωτῆρες
1727 4278 1929 4348 κόσμου

319 4369 452 4442 μετά
500 4386 558 4438 γε
610 4370 698 4420 τόν
753 4371 910 4431 ὅντως
962 4373 1179 4440 Σωτῆρα
1228 4370 1490 4439 πεφήνασι
1538 4371 1650 4427 τοῖς
1701 4365 1931 4437 σωζομέ-

317 4476 428 4519 νοις
462 4475 476 4525 ;
502 4455 570 4510 Ἦ
601 4456 733 4529 ούχὶ·
757 4459 853 4519 τὰς
872 4464 972 4510 τῶν
1000 4465 1202 4509 πιστῶν
1241 4456 1548 4531 προσευχὰς
1611 4455 1680 4517 ὡς
1737 4451 1932 4516 εὐῶδες

323 4548 566 4620 θυμίαμα
607 4548 937 4621 προσάγουσι
999 4550 1194 4619 Κυρίῳ,
1257 4546 1492 4597 κάκεῖθεν
1575 4551 1673 4596 τῶν
1752 4543 1933 4597 αἰτου-

325 4639 484 4708 μένων
551 4639 646 4694 τὴν
695 4635 964 4711 πλήρωσιν
1015 4635 1082 4695 εἷς
1138 4638 1401 4708 σωτηρίαν
1452 4640 1558 4694 τοῖς
1630 4631 1932 4706 εὐχομένοις

327 4722 740 4798 ἄπιχορηγοῡσιν
770 4739 792 4796 ,⁸
821 4724 886 4778 ἸΙ
930 4724 1060 4797 ούχὶ
1116 4729 1206 4776 καὶ
1253 4729 1355 4777 πᾶν
1401 4725 1460 4775 τὸ
1516 4725 1793 4796 πρόσωπον
1839 4731 1933 4784 τῆς

323 4821 421 4886 γῆς
441 4817 736 4891 ἐφορῶντες,
788 4815 894 4888 οὐχ
947 4817 1143 4872 ἣκιστα
1192 4807 1251 4865 δε
1311 4813 1435 4873 τοὺς
1479 4809 1526 4864 ἐν
1578 4818 1685 4882 ναῷ
1733 4813 1930 4864 τούτων

323 4903 454 4977 ἁγίῳ
519 4911 1034 4980 προσκαρτεροῦντας
1129 4901 1493 4962 ἐποπτεύοντες
1580 4897 1929 4954 παντοδαπῶν
1963 4889 2004 4944 D

320 5011 376 5047 τε
413 4997 600 5061 νόσων,
643 4998 733 5047 καὶ
786 4996 961 5055 πάσης
1010 4988 1272 5065 δαιμόνων
1321 4987 1580 5062 ἐπηρείας,
1623 4993 1714 5042 καὶ
1755 4991 1930 5052 πάσης

321 5086 577 5159 σωμάτων
635 5083 870 5148 ἐξιῶνται
908 5083 1079 5157 λύμης
1133 5101 1187 5136 τε
1233 5085 1324 5134 καὶ
1394 5081 1586 5156 φθορᾶς
1635 5098 1650 5147 ;
1728 5085 1928 5156 Ὠσπερ

317 5175 444 5249 γὰρ,
482 5174 622 5248 εἰμὴ
681 5173 940 5248 τολμηρόν
990 5171 1168 5243 εἰπεῖν,
1221 5172 1323 5225 ὅσα
1377 5171 1514 5223 κατὰ
1563 5171 1718 5243 φύσιν
1759 5168 1933 5244 ἐνορᾶ-

316 5280 407 5316 ται
433 5271 567 5335 Θεῷ,
599 5267 767 5318 ταῦτά
806 5283 864 5336 γε
917 5265 1054 5316 κατὰ
1101 5266 1188 5321 τὴν
1242 5260 1402 5314 αὐτοῦ
1467 5260 1598 5313 εἰσιν
1647 5255 1788 5312 οὗτοι
1844 5279 1932 5334 με·

317 5355 556 5422 τουσίαν,
592 5357 683 5406 καὶ
712 5354 812 5407 ὅσα
860 5349 919 5407 δὲ
973 5351 1168 5426 πληροῖ
1209 5345 1484 5410 ούσιωδῶς
1541 5347 1707 5407 ἐκείνη
1775 5345 1932 5403 ἀδια-

322 5443 527 5504 στάτως
579 5450 653 5514 τῷ
693 5446 850 5496 παντὶ
915 5448 1185 5516 παροῦσα,
1256 5447 1426 5493 ταῦτα
1499 5445 1698 5512 νοεραῖς
1786 5435 1929 5492 οὗτοι

320 5534 578 5588 πτήσεσιν
629 5534 699 5595 ὡς
779 5533 1057 5605 ὑπόπτεροι
1125 5532 1233 5593 νὸες
1318 5527 1712 5601 κατειληφασιν⁸
1794 5531 1929 5582 οὕτω

321 5621 612 5676 καὶπάνθ’
667 5625 768 5675 ὅσα
847 5617 1072 5675 δύναται
1142 5625 1304 5674 ποιεῖν
1380 5617 1434 5683 ἐξ
1511 5617 1672 5686 αὐτῆς
1736 5617 1926 5688 ἐκείνη,

320 5715 494 5768 ταῦτα
520 5715 612 5766 καὶ
639 5713 853 5774 τούτους
886 5713 1053 5785 τυχόν
1101 5713 1150 5765 ἓν
1197 5709 1360 5786 ἐκείνη
1417 5705 1682 5766 δύνᾱσθαι
1735 5716 1922 5780 ποιεῖν,

2109 3742 2194 3798 Ad
2218 3741 2349 3800 haec
2375 3743 2436 3800 in
2458 3743 2677 3800 divinis
2728 3748 3021 3818 praeterea
3059 3744 3318 3802 oraculis
3368 3745 3687 3820 sapientia,

2036 3831 2273 3898 veritas,
2285 3831 2532 3903 justitia,
2554 3832 2740 3903 salus,
2759 3838 2815 3890 et
2839 3833 2887 3890 si
2911 3833 3062 3907 quid
3083 3833 3381 3908 ejusmodi
3396 3835 3686 3909 estaliud,

2038 3923 2193 3978 Deus
2222 3921 2576 3995 appellatur.
2605 3923 2759 3990 Quid
2798 3924 3043 3981 Michael
3073 3929 3128 3982 et
3161 3924 3396 3982 Gabriel
3416 3924 3444 3981 ?
3465 3942 3542 3983 an
3565 3942 3690 3984 non

2037 4009 2374 4068 divinarum
2403 4027 2601 4068 rerum
2617 4013 2850 4085 praediti
2864 4013 3156 4087 sapientia
3187 4014 3368 4072 sunt?
3399 4015 3583 4088 nonej
3597 4032 3689 4072 us-

2039 4098 2178 4155 dem
2218 4099 2297 4156 ad
2325 4100 2603 4158 homines
2635 4102 2682 4157 si
2720 4102 2826 4175 qui
2865 4107 3030 4160 tanto
3062 4107 3204 4160 sunt
3242 4102 3410 4173 digni
3444 4119 3692 4163 munere

2039 4188 2337 4246 institores
2359 4190 2523 4246 velut
2551 4190 2801 4264 quidam
2833 4196 2890 4247 et
2919 4192 3272 4266 interpretes
3301 4193 3328 4252 ?
3355 4198 3445 4250 An
3476 4209 3598 4250 non
3628 4193 3695 4251 ii-

2039 4278 2180 4334 dem
2201 4278 2322 4335 veri
2352 4279 2568 4350 etjusti
2595 4279 2760 4352 apud
2796 4279 3030 4337 Deum?
3075 4281 3257 4338 Nobis
3307 4297 3450 4339 vero
3491 4298 3693 4340 nonne

2040 4366 2122 4424 illi
2167 4369 2428 4425 veritatis
2473 4373 2528 4425 et
2574 4369 2818 4439 justitiae
2866 4370 3116 4442 praemia
3159 4370 3434 4428 dividunt
3490 4370 3517 4425 *ἲ
3566 4375 3695 4429 Non

2042 4458 2254 4514 mundi
2272 4457 2598 4515 salvatores
2629 4459 2919 4527 (secundo
2951 4459 3194 4534 quidem
3214 4459 3349 4516 loco
3386 4465 3521 4533 post
3571 4460 3692 4518 Sal-

2040 4551 2310 4604 vatorem
2341 4549 2568 4618 verum)
2599 4547 2842 4604 salvatis
2875 4565 2936 4604 se
2968 4549 3296 4607 exhibent?
3329 4555 3384 4606 et
3416 4550 3696 4623 nunquid

2040 4638 2343 4695 orationes
2358 4637 2625 4696 ﬁdelium
2643 4642 2934 4711 tanquam
2951 4638 3198 4696 odorem
3216 4655 3401 4696 suave
3422 4640 3695 4711 fragran-

2040 4729 2161 4782 tem
2203 4727 2455 4783 Domino
2485 4727 2810 4784 admovent
2837 4727 3273 4802 ?indidemque
3299 4730 3696 4803 expetitarum

2039 4830 2238 4872 rerum
2255 4815 2500 4874 uberem
2515 4818 2750 4889 copiam
2773 4822 2827 4872 et
2838 4821 3108 4873 votorum
3127 4817 3337 4875 eﬁ‘ecta
3349 4818 3426 4875 ad
3440 4818 3696 4875 salutem

2039 4905 2426 4977 precantibus
2445 4906 2901 4979 expediunt?an
2914 4922 3038 4962 non
3065 4907 3326 4963 interras
3349 4907 3466 4964 late
3481 4923 3696 4963 omnes

2040 5011 2114 5052 ex
2142 4995 2411 5069 quadam
2435 4996 2598 5052 velut
2627 4995 2875 5068 specula
2899 4995 3459 5052 beneﬁcentissimas
3496 4995 3700 5069 provi-

2040 5083 2257 5141 dentiae
2287 5085 2704 5157 despectantes
2733 5084 3081 5141 universum
3113 5100 3303 5155 genus
3350 5084 3693 5158 hominum,

2041 5177 2098 5231 et
2125 5173 2343 5229 scilicet
2382 5173 2443 5229 in
2491 5187 2700 5229 eorum
2761 5188 2967 5229 curam
3014 5174 3119 5246 qui
3172 5179 3382 5229 sancto
3422 5172 3694 5247 ipsorum

2041 5262 2264 5337 templo
2292 5261 2596 5333 religionis
2644 5261 2856 5318 ciliciis
2896 5263 3191 5319 constanti
3239 5263 3456 5336 pietate
3479 5277 3696 5332 reprae-

2041 5351 2346 5409 sentandis
2381 5356 2830 5424 perseveranter
2881 5349 3183 5418 insistunt,
3243 5349 3529 5423 peculiari
3577 5353 3698 5407 stu-

2039 5439 2141 5498 dio
2168 5439 2507 5511 vigilantes,
2539 5437 2986 5495 abmorborum
3008 5438 3175 5495 omni
3200 5454 3436 5509 genere,
3475 5443 3606 5495 tum
3658 5455 3696 5497 a

2039 5529 2338 5587 malorum
2350 5528 2698 5585 daemonum
2719 5526 3114 5599 impressione
3136 5529 3336 5599 noxia,
3366 5527 3695 5601 corruptio-

2038 5635 2235 5692 neque
2250 5617 2417 5676 omni
2431 5633 2501 5676 ac
2528 5615 2790 5690 pernicie
2818 5615 3411 5690 corporumliberant
3441 5619 3470 5675 ?
3501 5619 3690 5683 Quem

2037 5707 2374 5770 admodum
2403 5706 2584 5778 enim,
2616 5704 2731 5764 nisi
2775 5705 2840 5763 id
2894 5705 3011 5765 dici
3055 5706 3328 5768 videatur
3369 5705 3686 5787 audacius,
