2062 3194
235 171 304 201 1243

977 172 1153 204 ADDENBA.

1845 176 1917 206 1244

233 236 464 271 quascunquein
477 238 538 266 Deo
561 239 736 269 naturaliter
760 241 859 270 inesse
885 240 1057 271 cernuntur,

1114 233 1152 266 οἷς
1170 238 1214 263 καὶ
1240 240 1296 268 ταῖς
1323 239 1476 275 θεωνυμίαις
1508 238 1575 275 αὐτῇ
1608 241 1747 269 κοίνωνιῖν.
1775 239 1816 266 Ἐν
1848 242 1916 267 πᾶσι

234 278 340 306 eadem
354 280 404 307 Dei
419 288 456 309 ex
469 281 606 316 ejusdem
625 284 684 320 ipsi
700 285 917 314 consuetudine
939 284 969 312 in
994 289 1060 310 sese

233 321 347 351 ducunt
363 327 452 360 atque
480 327 660 364 exprimunt,
691 331 719 358 et
741 337 931 366 quaecunque
951 335 1003 364 P6P
1028 334 1059 353 se

233 366 332 403 ipsam
345 367 395 396 illa
403 369 508 405 implet
517 374 624 400 natura
638 373 721 401 nullo
745 374 905 402 interclusa
923 372 1060 400 locorum

233 411 386 440 intervallo
409 415 572 449 quominus
598 417 736 446 universo
762 426 892 454 praesens
917 417 982 445 orbi
1012 416 1058 450 sit,

233 455 339 484 eadem
352 456 393 484 illi
409 459 505 494 spatia
535 461 757 490 celerrimarum
782 463 926 491 mentium
950 460 1061 489 intelle-

234 500 382 529 ctualibus
395 502 508 532 obeunt
523 505 671 533 volatibus
702 516 707 533 :
732 508 772 535 ita
791 514 980 543 quaecunque
1009 513 1059 541 per

234 545 365 580 seipsam
391 547 440 575 illa
463 549 547 583 valet,
574 551 679 579 eadem
699 552 745 580 isti
772 552 844 580 forte
865 552 924 580 dici
944 552 1060 587 queant

234 598 326 626 posse
337 591 414 620 illius
427 594 455 620 vi
472 594 624 629 perﬁcere,
642 599 672 624 ut
686 598 869 633 quibuscum
885 605 955 624 suas
981 596 1059 624 Deus

234 634 316 671 ipsas
327 637 542 672 appellationes
558 640 648 667 rebus
664 642 765 678 utique
780 650 840 670 non
856 650 966 670 vacuas
979 649 1059 668 com-

234 680 375 709 municet.
385 681 415 708 In
429 683 571 711 omnibus
587 693 666 716 vero,
680 688 712 713 ut
722 686 813 714 semel
826 687 935 718 dicam,
950 685 1058 713 divinis

234 722 464 760 Proprietatibus
479 736 609 763 quarum
625 730 680 766 ipsi
696 739 765 758 cum
784 732 936 758 conditore
959 738 1058 757 rerum

234 769 369 797 omnium
387 773 562 800 communia
581 773 715 803 obtinent
726 776 861 809 nomina,
881 776 944 803 haec
967 777 1057 802 atten-

234 812 334 841 denda
343 814 512 844 diti‘erentia
531 826 536 844 :
560 821 591 846 ut
606 818 644 846 illi
657 820 778 855 quidem
792 820 892 848 hocsit
904 819 1059 855 proprium

234 865 252 884 a
266 858 348 886 nullo
363 860 514 896 accepisse
526 863 607 898 quod
622 863 658 891 sit
668 872 792 900 esseque
806 865 845 892 ita
862 874 868 897 ;
890 867 979 899 atque
990 871 1060 890 eum

233 902 394 930 exsistendi
410 912 501 940 supra
516 913 638 934 omnem
653 908 742 942 longe
758 912 896 936 naturam
918 909 1060 935 exsisten-

232 947 293 973 tem
308 946 441 976 obtinere
453 957 487 976 ac
510 950 583 978 tueri
608 951 820 988 principatum,
852 953 1060 980 constitutione

233 990 412 1025 certissima,
428 992 569 1022 ﬁrmitate
582 995 773 1031 immutabili,
791 1000 886 1025 stante
899 1006 1017 1033 semper
1034 1000 1062 1025 et

235 1035 416 1070 perdurante
428 1039 607 1074 constantia,
634 1044 665 1068 ut
696 1041 778 1068 nulla
804 1042 845 1069 illi
876 1042 1061 1078 participatio

235 1078 435 1109 similitudinis
463 1084 651 1119 proprietatis
681 1086 710 1113 in
737 1087 911 1115 excellentia
935 1095 1061 1114 summae

235 1123 432 1153 differentiam
450 1127 573 1156 adimat.
591 1130 623 1157 Hi
649 1138 716 1158 vero
744 1139 805 1159 non
835 1134 951 1159 tantum
979 1131 1061 1167 quod

234 1169 359 1197 omnino
375 1173 454 1203 sunt,
470 1172 522 1199 sed
547 1174 629 1208 quod
656 1175 831 1210 hujusmodi
856 1179 934 1203 sunt.
962 1178 1061 1212 anue

234 1214 358 1241 utuntur
370 1215 540 1244 conditione
556 1226 590 1245 ac
607 1219 742 1247 felicitate
754 1223 868 1248 natura:
888 1221 928 1248 illi
950 1221 1061 1249 debent

233 1257 379 1286 conditori
392 1267 491 1287 rerum
508 1263 643 1290 omnium
661 1264 698 1290 ad
717 1264 867 1299 insignem
894 1266 1059 1301 quamdam

233 1303 321 1338 atque
347 1311 519 1338 expressam
539 1307 584 1334 sui
609 1308 834 1337 similitudinem
859 1318 936 1346 opus
969 1319 1059 1338 suum

233 1345 389 1374 elaborare
404 1349 545 1384 cupienti.
564 1352 720 1380 Enimvero
734 1361 752 1381 a
768 1354 849 1381 nullo
872 1345 936 1390 ipse
959 1354 1059 1382 condi-

232 1391 288 1425 tus,
301 1393 390 1427 atque
412 1395 443 1420 ut
459 1393 500 1420 sic
511 1394 611 1422 dicam
628 1404 662 1423 ex
673 1397 773 1433 seipso
788 1402 886 1426 natus.
917 1399 959 1426 Illi
988 1407 1059 1427 vero

232 1434 343 1462 conditi
360 1438 388 1463 et
401 1437 465 1472 ejus
483 1438 508 1465 vi
522 1442 612 1475 atque
628 1440 785 1470 efﬁcientia
800 1443 839 1470 ad
872 1443 952 1471 hunc
981 1444 1058 1471 exsi-

231 1480 328 1507 stendi
344 1480 389 1507 vel
399 1481 546 1510 honorem
567 1485 683 1513 excitati
715 1486 760 1514 vel
783 1487 921 1515 fructum.
947 1489 1059 1516 Rursus

229 1522 278 1550 ille
290 1524 413 1559 quidem
426 1527 509 1561 praeit
523 1527 677 1557 celerrima
690 1532 863 1566 operatione
873 1532 980 1560 mentis
993 1531 1058 1560 lon-

229 1575 326 1604 geque
350 1574 478 1606 occupat
499 1580 683 1610 quocunque
703 1575 835 1603 velocius
856 1576 1058 1610 intelligentiae

229 1615 335 1640 creatae
351 1617 435 1643 motu
449 1616 562 1644 consilii
578 1618 678 1646 omnis
689 1618 762 1647 boni
770 1619 1057 1655 excogitationisque

228 1656 311 1684 initia
324 1661 510 1694 praevertere.
524 1663 671 1691 Gestarum
686 1663 758 1690 istos
776 1662 867 1691 habet
895 1666 1056 1692 assectato-

227 1708 275 1729 res
290 1703 320 1729 in
334 1702 390 1730 isto
405 1712 495 1733 cursu
512 1707 649 1734 omnium
662 1707 827 1743 proximos.
845 1708 900 1741 Qui
924 1708 1055 1742 cognito-

228 1753 297 1774 rum
312 1747 434 1782 quidem
450 1749 552 1785 aliqua
562 1750 617 1786 ipsi
633 1758 686 1786 per
698 1759 729 1778 se
752 1750 902 1780 eﬂiciunt:
931 1752 989 1780 alia
1013 1753 1054 1780 in-

228 1790 386 1820 ferioribus
405 1793 602 1829 potestatibus
627 1795 809 1824 .leclarantes
833 1797 951 1825 illarum
963 1798 1055 1825 ascito

229 1842 378 1863 concursu
406 1839 435 1864 et
457 1839 667 1873 cooperatione
699 1840 865 1876 perﬁciunt.
894 1845 988 1878 Atque
1014 1842 1055 1870 illi

1081 1074 1098 1099 Β

1115 278 1153 311 δὲ,
1179 282 1300 314 καθάπαξ
1326 283 1415 318 εἰπεῖν,
1456 287 1509 315 τοῖς
1553 284 1754 321 θεοπρεστοίτοις
1802 282 1914 320 ἰδιώμα-

1115 334 1155 351 σιν
1171 326 1207 356 οἷς
1228 331 1263 362 τῷ
1285 331 1380 365 ποιητῇ
1406 330 1622 358 κεκοινωνήκασιν
1653 329 1721 355 οὕτω
1744 331 1791 359 τὴν
1820 327 1915 365 διαφο-

1113 370 1160 406 ρὰν
1176 371 1327 408 θεωρητέον,
1355 373 1422 399 ὥστε
1449 377 1485 408 τῷ
1512 374 1557 409 μὶν
1585 373 1634 399 οὐκ
1656 374 1685 400 ἔκ
1707 383 1777 405 τινος
1805 372 1870 400 εἶναι
1896 373 1911 402 ᾖ

1114 415 1193 445 οὕτως
1211 414 1274 442 εἶναι
1298 418 1384 448 πάσης
1411 417 1501 448 οὐσίαι,
1526 419 1689 455 ὑπερουσίως
1718 416 1914 456 ὑπεριδρυμέιιῳ

1114 462 1158 485 καὶ
1187 460 1363 492 ἀναλλοιώτως
1392 461 1430 488 ἀεὶ
1455 462 1551 488 ἑστῶτι
1577 464 1645 489 κατά
1670 466 1757 489 πᾶσαν
1791 463 1915 499 ὑπερφυε-

1115 506 1212 534 στάτην
1241 504 1372 535 ἰδιοτητω
1403 510 1458 537 τοῖς
1482 505 1512 533 δὲ
1536 507 1565 533 οὐ
1593 509 1622 533 τὸ
1651 506 1716 534 εἶναι
1738 510 1825 543 μόνον,
1851 506 1915 533 ἀλλὰ

1113 552 1158 575 καὶ
1173 550 1186 576 ὁ
1201 554 1246 576 τοὺ
1269 551 1333 576 εἶναι
1358 552 1450 588 τρόπος
1475 551 1500 582 ἐξ
1524 551 1604 578 αὐτοῦ
1627 554 1692 589 πρὸς
1719 553 1836 588 ὑπερφυῆ
1867 554 1914 577 τοῦ

1113 598 1245 625 ποιοῦντος
1274 597 1417 631 ὁμοιότητα
1449 596 1641 632 καθισταμένου
1679 599 1724 622 τοῦ
1770 597 1913 631 πεποιημέ-

1113 648 1166 664 νου.
1188 642 1236 665 Καὶ
1260 641 1336 676 γάρὸ
1368 642 1412 676 μὲν
1439 641 1561 671 οἴκτιστος
1581 643 1626 666 καὶ
1650 639 1840 676 αὐτογένεθλος,
1875 640 1911 668 ὡς

1113 683 1142 709 ἂν
1158 694 1198 714 τις
1214 686 1291 718 εἴποι,
1321 686 1344 710 οἱ
1376 683 1404 711 δε
1430 688 1531 711 κτιστοὶ
1554 688 1599 711 καὶ
1627 685 1650 712 ἐν
1671 685 1759 720 ἐκείνῳ
1787 685 1816 710 τὸ
1843 684 1910 710 εἶναι

1113 728 1247 764 λαχοντες.
1280 729 1359 755 Πάλιν
1381 731 1393 754 ο
1422 731 1466 765 μὲν
1491 730 1595 765 ἡγεῖται
1622 731 1709 760 πάσης
1737 739 1764 755 τε
1812 727 1911 764 βουλῆς

1114 772 1275 808 ἀγαθῆςκαὶ
1292 773 1456 808 ἐννοήματος·
1482 775 1507 800 οἱ
1534 771 1563 799 δὲ
1592 773 1650 799 λίαν
1677 773 1751 804 ὀξέως
1776 775 1912 798 συνιοῦσιν

1114 817 1272 853 ἐφεπόμενοι,
1311 821 1360 844 Καὶ
1387 818 1403 843 ἆ
1429 820 1474 854 μὲν
1503 819 1702 855 αὐτουργοῡσιν,
1733 816 1750 843 ἃ
1785 815 1814 843 δὲ
1857 819 1916 845 ταῖς

1115 864 1262 898 ὑφειμέναις
1287 861 1429 898 δυνάμεσιν
1456 862 1616 899 ἐκφαίνοντες
1650 866 1706 892 ταῖς
1731 862 1822 892 αὑταῖς
1851 871 1914 887 συν-

1116 906 1225 944 ὃρομαῐς
1241 910 1285 933 καὶ
1306 910 1475 943 συνεργείαις,
1501 909 1535 933 τα
1562 908 1648 933 πάντα
1674 907 1912 943 τελισιονργοῡσιν.

1117 954 1167 978 Καὶ
1184 953 1196 977 ὁ
1221 954 1265 987 μὲν
1294 953 1328 982 ὡς
1358 953 1420 982 Θεὸς
1451 952 1618 988 θεραπεύεται
1643 954 1687 978 καὶ
1715 951 1914 988 λσιτουργεῖται-

1116 996 1227 1032 Μιχαὴλ.
1243 995 1271 1022 δε
1287 998 1332 1022 καὶ
1346 996 1461 1032 Γαϐριὴλ
1472 994 1514 1022 οἷα
1530 994 1562 1025 δὴ
1590 996 1732 1033 λειτουργοὶ
1758 997 1874 1032 πύρινοι,
1899 994 1915 1024 ἡ

1116 1044 1167 1071 νόες
1181 1044 1273 1070 πτηνοὶ
1289 1044 1335 1070 τὴν
1358 1043 1435 1076 φύσιν
1469 1042 1632 1072 καθεστῶτες
1655 1040 1775 1077 ἐμπύρως
1796 1041 1811 1069 ἦ
1842 1041 1919 1071 θείως

1116 1090 1168 1115 τοῖς
1197 1086 1418 1122 θεαρχικωτάτοις
1453 1085 1581 1121 θελήμασι
1620 1084 1797 1112 διακονοῦσιν.
1838 1084 1921 1110 Ἀλλὰ

1116 1135 1170 1160 πῶς
1184 1130 1213 1155 ἄν
1224 1129 1384 1160 εὗεπηϐολως
1423 1132 1469 1158 τὴν
1492 1131 1589 1156 τούτων
1618 1131 1740 1159 θειότητα
1768 1132 1812 1155 καὶ
1837 1127 1921 1160 δόξαν

1115 1176 1339 1211 καταθέωροίημεν
1368 1183 1375 1208 ;
1404 1172 1472 1200 Οὐδὲ
1501 1176 1551 1210 γὰρ
1579 1179 1693 1210 μακραῖς
1719 1175 1792 1210 οἶμαι
1833 1173 1920 1209 λόγων

1116 1217 1256 1250 διεξόδοις,
1272 1223 1306 1254 νῷ
1320 1217 1347 1245 δὲ
1361 1219 1466 1255 καθαρῷ
1480 1221 1524 1244 καὶ
1551 1223 1618 1245 Θεοῦ
1645 1220 1775 1255 Πνεύματι
1803 1228 1917 1253 πεφωτι-

1116 1267 1200 1300 σμένῳ
1222 1266 1268 1292 τὴν
1297 1264 1402 1300 θεωρίαν
1429 1267 1478 1289 τῶν
1509 1264 1581 1289 Θείων
1600 1266 1662 1289 vomu
1694 1264 1726 1293 ὡς
1747 1264 1771 1289 ἓν
1797 1262 1916 1300 ἐσόπτρῳ

1707 1312 1737 1336 τῆ
1743 1318 1753 1337 ς
1794 1307 1916 1344 πράξεως

1114 1353 1171 1382 ἦτοι
1199 1357 1246 1379 τῶν
1273 1352 1378 1379 ἐντολῶν
1403 1352 1528 1388 φυλακῆς,
1560 1351 1595 1379 δι’
1624 1351 1653 1383 ἧς
1688 1357 1718 1388 τῇ
1755 1355 1834 1389 σαρκὶ
1867 1354 1914 1388 μὲν

1113 1308 1329 1334 κατοπτεύεσθαι.
1366 1307 1466 1333 Οὐκοῦν
1506 1307 1669 1344 ἐπιμελητέον

1113 1397 1390 1434 κάθαρσιςβλλαμψις
1407 1396 1436 1424 δὲ
1450 1402 1481 1434 τῇ
1495 1397 1585 1434 ψυχῇ,
1611 1400 1655 1423 καὶ
1686 1402 1722 1433 τῷ
1747 1402 1781 1432 νῷ
1810 1398 1915 1429 θείωσις

1115 1445 1296 1481 ἱερονργείται-
1328 1442 1404 1468 Ἀλλὰ
1436 1440 1505 1478 μηδὲ
1531 1446 1578 1473 τῆς
1602 1444 1665 1478 μετὰ
1694 1441 1768 1477 λογον
1808 1440 1915 1479 θεωρῖας

1114 1489 1254 1525 αμελῶμεν·
1270 1487 1446 1516 ἀντιποιητέον
1470 1486 1499 1513 δὲ
1528 1491 1573 1513 καὶ
1601 1488 1683 1518 αὐτῆς
1710 1488 1758 1516 ὅση
1791 1485 1914 1523 δύναμις·

1113 1532 1135 1559 εἰ
1161 1542 1191 1568 γε
1219 1531 1253 1561 δὴ
1287 1531 1420 1568 μελλοιμεν
1447 1536 1494 1562 τῆς
1519 1536 1568 1557 τῶν
1598 1534 1661 1557 νὸων
1689 1531 1771 1566 ὅψεως
1804 1533 1917 1568 μετρίως

1112 1576 1295 1606 ἐπιϐήσεσθαι.
1324 1575 1436 1610 Ὀμοίως
1460 1577 1510 1612 γὰρ
1538 1575 1622 1605 ἀτελὲς
1652 1577 1696 1601 καὶ
1723 1574 1818 1611 πρᾶξις
1850 1574 1915 1600 α”λο-

1110 1630 1154 1655 γος
1183 1622 1227 1645 καὶ
1252 1619 1325 1654 λόγος
1352 1619 1497 1655 ἄπρακτος.
1523 1619 1552 1645 Ἠ
1596 1620 1641 1654 μὲν
1686 1618 1826 1654 ἀμφίϐολος
1866 1619 1913 1643 καὶ

1111 1666 1220 1699 στυγνή,
1236 1668 1281 1693 τῆς
1304 1667 1349 1689 τοῦ
1373 1664 1449 1698 λόγου
1475 1664 1588 1699 χάριτος
1617 1663 1775 1698 ἀστοχοῦσα
1799 1664 1842 1687 καὶ
1865 1665 1914 1686 τοῦ

1110 1709 1281 1745 φωτισμοὺ·ὁ
1309 1707 1384 1743 λόγος
1408 1706 1436 1733 δὲ
1466 1707 1542 1733 misz
1573 1707 1627 1736 εἰκῆ
1663 1708 1725 1744 ῥέων
1765 1707 1798 1736 εἰς
1836 1705 1913 1742 ἀέρα,

1109 1755 1154 1779 καὶ
1179 1754 1221 1778 τὸν
1236 1752 1258 1778 ἐν
1288 1752 1358 1787 αὐτῴ
1383 1753 1552 1787 κομπάζοντα
1575 1754 1645 1777 κενὸν
1674 1751 1764 1787 ἀφιεὶς³
1792 1753 1843 1786 εἴγε
1874 1752 1911 1786 μὴ

1108 1801 1138 1833 τῇ
1171 1797 1262 1834 πράξει
1292 1796 1443 1832 βεϐαιωθεὶς
1474 1795 1605 1832 ἀραροτως
1633 1794 1790 1832 ἐνιδρυθείη·
1820 1794 1856 1825 οἷς
1881 1792 1912 1821 δὲ

1109 1843 1142 1867 τα
1158 1843 1284 1878 Οεωρητέα
1300 1843 1424 1878 πρακτέα,
1450 1843 1494 1866 καὶ
1528 1842 1560 1866 τὰ
1586 1842 1702 1877 πρακτέα
1734 1842 1823 1875 γέγονε
1849 1841 1912 1865 θεω-

228 1879 362 1915 quidem,
386 1883 488 1917 utpote
508 1884 577 1916 Deo,
607 1893 744 1913 summus
764 1886 914 1922 religionis
958 1887 1055 1915 cultus

230 1924 387 1935 -JL.’L-A.A_
413 1925 471 1935 n.3,!
522 1927 529 1935 1
566 1931 570 1935 .
599 1930 614 1935 η
640 1929 646 1935 ι
678 1930 682 1935 ι
704 1930 711 1935 -
811 1931 815 1935 μ
913 1932 919 1935 -

1112 1889 1189 1922 ρητεα
1201 1888 1302 1915 τούτοις
1314 1888 1358 1911 καὶ
1375 1888 1403 1911 τὸ
1431 1886 1494 1911 εἶναι
1531 1885 1646 1919 τελείοις,
1674 1887 1718 1910 καὶ
1743 1884 1839 1920 ὁμιλεῖν
1859 1883 1911 1920 ἀγ-

228 1924 397 1954 adhibetur.
411 1925 531 1955 Michael
546 1931 574 1956 et
597 1929 714 1958 Gabriel
729 1939 784 1958 sua
808 1931 878 1959 item
892 1932 1056 1960 observan-

229 1968 269 1996 tia
282 1977 317 1997 ac
332 1970 471 2005 religiosa
502 1974 693 2003 veneratione
721 1976 884 2012 dignantur
908 1979 1056 2013 tanquam

228 2012 357 2042 ministri
370 2015 436 2051 ejus
453 2016 543 2052 ignei,
565 2021 594 2046 et
616 2019 818 2056 intelligentiae
839 2023 947 2050 natura
973 2012 1057 2050 volu-

229 2065 293 2085 cres
305 2058 592 2098 fulmineaquadam
605 2063 787 2100 incitatione,
798 2068 851 2093 aut
877 2065 978 2093 divina
1006 2074 1057 2101 po-

229 2102 287 2130 tius
301 2103 461 2139 rapiditate
474 2109 586 2139 motus,
597 2115 720 2136 omnem
737 2117 886 2144 supremas
897 2108 1058 2137 voluntatis

229 2150 338 2176 nutum
347 2148 630 2187 obsequioimpigro
639 2155 869 2188 prosequentes.
877 2152 934 2180 Sed
941 2152 1007 2187 jam
1018 2153 1057 2180 ad

230 2199 334 2220 eorum
350 2193 569 2229 prtecellentem
585 2197 613 2222 et
627 2195 761 2224 divinam
778 2195 906 2232 gloriam
923 2196 1058 2224 conside.

229 2237 378 2273 rationem
399 2246 634 2275 sermonemque
658 2243 770 2268 vertere
786 2239 963 2275 parantibus
977 2241 1056 2268 unde

231 2282 283 2308 aut
294 2287 366 2319 quae
381 2282 504 2310 tandem
521 2283 615 2310 verba
643 2285 805 2319 suppetant
829 2291 896 2319 qua:
920 2292 988 2311 cum
1016 2286 1056 2313 rei

230 2325 382 2362 exaaquari
393 2324 538 2361 dignitate
553 2326 694 2363 possint?
713 2328 812 2363 Neque
832 2328 910 2356 enim
923 2329 1056 2357 verbosis

231 2369 497 2407 disputationibus,
514 2372 631 2408 opinor,
649 2372 702 2399 sed
728 2375 825 2400 mente
850 2382 925 2409 pura
951 2383 985 2402 ac
1005 2376 1056 2403 Dei

232 2414 342 2451 Spiritu
353 2414 523 2443 collustrata
538 2415 578 2443 ad
589 2415 789 2450 cognitionem
801 2419 971 2453 pervenitur
983 2420 1056 2448 divi-

229 2465 339 2487 narum
352 2459 499 2487 mentium
519 2459 559 2488 ita
594 2461 795 2497 perspicuam,
822 2465 851 2490 ut
878 2471 981 2492 earum
1013 2465 1056 2492 vis

217 2503 331 2532 omnis
345 2511 382 2532 ac
394 2506 514 2539 natura,
530 2504 570 2531 sic
596 2507 740 2541 tauquam
766 2507 794 2534 in
816 2507 947 2543 speculo,
977 2509 1056 2537 clare

231 2549 380 2576 Cernatur.
398 2548 636 2576 Incumbendum
652 2550 740 2577 nobis
762 2552 851 2586 igitur
877 2553 986 2581 actioni
1012 2556 1057 2581 est

230 2593 260 2620 et
269 2591 483 2620 mandatorum
495 2593 706 2628 observationi,
720 2596 804 2631 cujus
821 2597 966 2626 beneﬁcio
979 2598 1057 2633 puri-

229 2634 330 2664 ﬁcatio
343 2637 470 2673 corpori,
486 2637 643 2666 illustratio
660 2640 780 2674 anim'e,
793 2641 941 2670 deiﬁcatio
963 2643 1057 2670 menti

230 2688 316 2708 sacro
327 2682 461 2717 quodam
476 2684 567 2711 modo
583 2687 783 2720 comparatur.
796 2687 1006 2714 Verumtamen
1020 2695 1057 2715 ne

230 2726 514 2762 contemplationem
531 2729 673 2764 quodem,
686 2732 714 2757 et
731 2738 798 2757 eam
827 2739 895 2766 quae
918 2739 1057 2760 sermone

229 2771 459 2806 atqueoratione
469 2772 791 2808 titconsidcrationem,
808 2775 1007 2810 negligamus,
1027 2779 1058 2804 at

227 2822 297 2843 eam
311 2822 384 2844 sane
398 2818 547 2852 quantum
563 2817 617 2846 erit
631 2818 661 2845 in
676 2817 764 2846 nobis
776 2819 866 2847 situm
895 2820 978 2848 omni
1004 2828 1054 2849 co-

1109 1932 1201 1967 γελοις⁷
1230 1934 1274 1956 καὶ
1312 1932 1359 1960 τὰς
1385 1930 1543 1966 νοέρωτάτας
1582 1930 1665 1955 αὐτῶν
1705 1929 1831 1966 ἐνεργείας
1865 1930 1913 1954 καὶ

1112 1974 1189 2006 δόξας
1213 1975 1440 2011 καταλάμπεσοαι·
1469 1975 1516 1999 Διά
1548 1978 1621 2000 τοῦτο
1662 1976 1720 2010 περί
1755 1975 1798 1998 τὸν
1836 1972 1913 2008 λογον

1112 2020 1301 2056 φιλολογητέον,
1323 2022 1367 2045 καὶ
1395 2022 1453 2056 περὶ
1480 2020 1522 2044 τον
1550 2018 1608 2054 βίον
1638 2018 1831 2054 φιλοπονητέον,
1866 2020 1914 2044 καὶ

1112 2066 1155 2091 τὸν
1171 2066 1215 2100 μὲν
1228 2068 1257 2100 τῇ
1282 2064 1384 2100 μελέτῃ,
1416 2065 1459 2088 τὸν
1483 2061 1512 2089 δὲ
1536 2067 1566 2099 τῇ
1599 2062 1710 2098 ἀσκήσει
1735 2063 1915 2099 κατορθωτέον

1112 2109 1152 2133 ὅτι
1176 2108 1301 2144 μάλιστα.
1329 2108 1404 2133 Οὕτω
1431 2109 1481 2144 γὰρ
1515 2108 1715 2144 κατορθούμενοι
1738 2110 1782 2132 καὶ
1803 2106 1918 2132 τελειού-

1111 2161 1194 2187 μενοι,
1219 2154 1263 2177 καὶ
1293 2154 1391 2181 τούτοις
1416 2152 1459 2177 οἷοι
1487 2149 1551 2177 δυσὶ
1592 2152 1698 2188 πτέρυξι
1734 2153 1916 2189 πτερούμενοι,

1112 2197 1156 2221 καὶ
1182 2196 1260 2230 γῆθεν
1289 2194 1462 2231 ἐπαιρόμενοι,
1490 2197 1533 2220 τὸν
1569 2197 1773 2232 ὁρώμενοννμὶν
1813 2199 1917 2232 κόσμον

1113 2238 1347 2276 ὑπεραναξαίημεν,
1375 2243 1410 2274 τῷ
1438 2244 1521 2275 νοητῷ
1551 2239 1580 2266 δὲ
1609 2244 1653 2266 καὶ
1678 2242 1740 2278 ὑπὲρ
1767 2240 1846 2266 αὐτὸν
1871 2240 1918 2267 έκ-

1113 2285 1204 2310 στάσει
1217 2286 1342 2321 κρείττονι
1370 2295 1576 2321 προσηγγιχοτες
1604 2290 1652 2311 τῶν
1678 2286 1701 2311 τ’
1730 2285 1810 2312 ἄλλων
1838 2286 1916 2323 ἱερῶν

1111 2332 1173 2356 rem
1203 2333 1248 2359 τῆς
1276 2339 1438 2365 γωτογανους
1473 2329 1679 2366 ἔμπλητο-θείημεν
1718 2331 1915 2368 λαμπρότητος,

1111 2376 1155 2400 καὶ
1173 2376 1222 2411 πρὸ
1250 2375 1350 2399 πάντων
1380 2379 1427 2404 τῆς
1454 2374 1648 2411 ἀρχαγγελικῆς
1674 2376 1770 2404 ταύτην
1795 2374 1915 2413 ἀκρότη-

1112 2430 1153 2450 τος
1176 2422 1220 2445 καὶ
1246 2420 1388 2450 θειότητος.
1415 2419 1451 2445 Δι’
1478 2420 1511 2444 ὧν
1534 2420 1618 2455 ἡρέμα
1644 2422 1689 2446 καὶ
1715 2421 1730 2449 ἡ
1760 2421 1914 2458 θεαρχικω-

1110 2466 1174 2493 Tuti:
1196 2469 1411 2501 παραγνμνούται
1433 2465 1517 2500 τριὰς,
1544 2462 1580 2494 οἷς
1605 2466 1649 2500 μὲν
1677 2465 1769 2494 ἑαυτήν
1799 2465 1831 2496 ὡς
1856 2464 1915 2492 ἐνὸν

1111 2512 1334 2545 μοσταγωγοϋσα,
1351 2507 1386 2538 οἷς
1401 2507 1430 2534 δὲ
1443 2513 1626 2544 μυσταγωγεῐν
1641 2509 1735 2540 ἄλλους
1758 2508 1915 2546 δωρουμένη

1111 2556 1209 2582 πάντας
1238 2552 1410 2588 ἀγαθουργοῐς
1435 2552 1564 2588 λάμψεσιν
1599 2553 1723 2590 εὐεργετεῖ
1760 2556 1804 2580 και
1847 2554 1918 2592 ἀγα-

1112 2599 1192 2623 eave-4.
1211 2596 1277 2623 Ἀλλ’
1293 2596 1312 2621 ὦ
1330 2598 1419 2633 θεωροὶ
1449 2599 1494 2622 καὶ
1521 2596 1666 2634 λειτουργοί
1693 2602 1740 2629 τῆς
1765 2598 1921 2636 ἀκροτάτης

1111 2644 1156 2667 καὶ
1184 2642 1269 2667 πάντα
1296 2645 1354 2666 νοῦν
1380 2643 1424 2666 καὶ
1461 2641 1535 2676 λογον
1573 2642 1764 2679 ὑπεραιρούσης
1804 2644 1918 2682 ὑπερον-

1113 2688 1242 2716 σιότητος’
1267 2686 1285 2710 ὧ
1310 2687 1442 2721 πνεύματα
1468 2684 1523 2711 θεῖα
1551 2689 1595 2712 καὶ
1625 2688 1720 2723 πύρινα
1751 2690 1795 2714 καὶ
1825 2691 1918 2727 νοερὰ,

1112 2735 1160 2756 τῶν
1174 2735 1305 2766 κοσμικῶν
1330 2733 1468 2765 στοιχείων
1499 2729 1699 2767 ἀῤῥαγέσταυτα
1731 2735 1915 2770 στηρίγματα,

1111 2780 1159 2801 τῶν
1191 2779 1239 2805 τῆς
1268 2777 1392 2811 πονηρίας
1434 2777 1585 2811 πνενματῶν
1628 2779 1804 2813 κραταιότατα
1851 2788 1915 2805 συν-

1111 2822 1254 2857 τρίμματα-
1281 2823 1330 2845 τῶν
1358 2823 1441 2854 σοφῶν
1468 2820 1491 2845 οἱ
1517 2822 1649 2856 σοφισταὶ,
1675 2824 1725 2846 τῶν
1764 2821 1846 2858 ἁγίων
1884 2825 1913 2855 οὶ
