4124 6394
266 395 406 452 1245

1078 395 1346 452 ΝΙΟΕΤᾸΕ
1377 398 1728 453 LAUDATIO
1761 398 1855 454 SS.
1889 397 2264 457 MICHAELIS
2304 404 2390 458 ET
2426 403 2822 462 GABBIELIS.

3491 402 3633 459 1246

264 521 529 595 πτερωταί
557 538 570 550 ·
604 517 654 569 οἱ
681 518 886 570 πάντων
936 519 1070 590 ὁμοῦ
1123 528 1225 571 τῶν
1279 519 1433 573 ἐθνῶν
1494 523 1704 595 ἄριστοι
1747 542 1870 594 προ-

1981 528 2126 578 natu
2155 541 2570 599 capessamus,
2626 529 2678 584 si
2732 528 2980 600 quidem
3015 527 3094 582 ad
3145 525 3350 597 aliqua
3383 524 3478 580 vel
3514 525 3634 580 me'

266 610 454 682 μηθεῖς
520 612 612 658 και
677 603 959 679 κηδεμόνες
1029 629 1041 640 ·
1100 617 1200 660 τῶν
1253 609 1478 682 ἀγγέλων
1519 612 1568 662 οἰ
1619 608 1870 683 δημαγω-

264 703 371 770 γοὶ,
406 706 506 748 τῶν
535 695 877 767 ἀρχαγγέλων
911 695 1236 771 οἰαρχηγοὶ,
1280 701 1328 750 οἱ
1368 701 1616 772 ἄρχοντες
1662 699 1710 752 ἐν
1764 708 1875 760 ταῖς

267 786 484 861 ἀρχαῖς,
521 790 609 837 καὶ
630 784 1019 847 ἐξουσιάζοντες
1075 785 1121 838 ἐν
1169 785 1433 849 ἐξουσίαις
1485 811 1496 821 ·
1557 791 1605 840 οἱ
1659 785 1874 841 δυνατοὶ

267 878 357 950 μεν
416 874 466 926 ἐν
539 881 655 935 ταῖς
708 871 984 946 δυνάμεσι,
1053 895 1227 948 κυριοι
1285 873 1343 928 δὲ
1377 876 1424 928 ἐν
1468 886 1578 938 ταῖς
1633 883 1876 951 κυριότη-

270 985 352 1018 σιν
409 986 422 998 ·
480 967 528 1016 οὶ
602 972 704 1016 τῶν
764 965 954 1038 θρόνων
1007 967 1263 1023 σύσκηνοι
1313 971 1403 1018 καὶ
1457 967 1725 1040 συνόμιλοι
1779 975 1876 1018 τῶν

267 1052 535 1130 Χερουϐὶμ
588 1057 678 1104 καὶ
731 1052 1032 1105 ἰσοστάσιοι
1087 1063 1186 1105 τῶν
1233 1061 1459 1129 Σεραφίμ
1509 1077 1523 1089 ·
1575 1057 1614 1107 ὦ
1653 1060 1740 1108 τόν
1770 1075 1876 1129 τρι-

267 1147 450 1217 σάγιον
490 1145 647 1216 ῦμνον
690 1146 784 1195 σὺν
839 1150 1000 1195 πᾶσιν
1055 1143 1231 1206 αὐτοῖς
1289 1147 1318 1204 ἦ
1362 1150 1460 1222 πρὸ
1516 1149 1717 1198 πάντων
1769 1157 1880 1218 τρι·

269 1238 474 1305 σαγίοις
537 1231 764 1292 ἀεννάοις
822 1240 892 1302 τῷ
947 1234 1212 1306 ὑπεραγίῳ
1268 1232 1622 1310 προσάδοντες
1664 1235 1875 1308 ὑμνολο-

264 1328 430 1394 γίαις,
486 1321 693 1397 είρὴνης
771 1328 904 1374 Θεοῦ
984 1321 1219 1380 πλήσατε
1282 1330 1375 1381 τὴν
1425 1333 1540 1396 γῆν,
1598 1323 1872 1397 Ὁμόνοιαν

267 1404 460 1479 ἂληθῆξ
521 1413 884 1484 ὁμοφροσύνην
941 1411 1168 1484 θεοφιλῆ,
1223 1420 1334 1473 ταῖς
1393 1413 1723 1474 Ἐκκλησίαις
1789 1415 1872 1464 ἆν-

267 1503 392 1554 ωθεν
426 1499 753 1574 βραϐεύσατε
815 1521 827 1532 ·
889 1504 977 1551 καὶ
1021 1504 1142 1562 τοὺς
1185 1500 1428 1564 ἀναξίους
1482 1512 1570 1554 τοῦ
1631 1509 1872 1574 σώματος

266 1589 581 1664 περιελόντες
649 1596 885 1663 Χριστοῦ
939 1591 1009 1650 εἰς
1057 1588 1107 1647 ’ἐν
1158 1598 1361 1662 πνεῦμα
1408 1596 1496 1643 καὶ
1548 1592 1635 1643 ἕνα
1694 1595 1870 1643 καινὸν

268 1680 538 1754 ἄνθρωπον
617 1681 675 1730 τὸ
749 1677 1008 1750 πλήρωμα
1072 1682 1461 1754 καταρτίσασθε
1509 1688 1661 1735 Θεοῦ.
1718 1681 1869 1752 Ἡμῖν

271 1765 332 1820 δὲ
382 1772 470 1820 τὸν
525 1769 614 1840 μὲν
673 1771 905 1838 παρόντα
957 1765 1077 1838 βίον
1129 1771 1491 1822 κατευθύνοιτε
1542 1774 1666 1842 πρὸς
1693 1772 1750 1822 τό
1787 1769 1870 1822 εῦ-

269 1859 348 1917 θὲς
402 1855 584 1929 πρᾶξίν
649 1875 704 1908 τε
756 1861 930 1908 πᾶσαν
985 1860 1076 1908 καὶ
1113 1856 1364 1929 λογισμὸν
1395 1857 1504 1930 {acati
1547 1857 1696 1929 λόγον
1740 1862 1869 1931 πρὸς

265 1946 611 2021 εὐαρέστησιν
663 1949 1008 2006 συντείνοντες
1062 1954 1154 1998 τοῦ
1203 1955 1335 1999 Θεοῦ
1396 1969 1409 1980 ο
1465 1949 1869 2020 μεθισταμένους

268 2031 326 2088 δὲ
356 2044 450 2096 τῆς
500 2034 833 2095 πολυπαθοῦς
860 2037 1058 2096 ταύτης
1117 2037 1256 2096 ζωῆς
1295 2041 1380 2087 καὶ
1435 2036 1667 2108 ὀχληρᾱς
1695 2042 1765 2109 μὴ
1797 2035 1864 2096 δὴ

264 2131 369 2184 τοῖς
417 2123 666 2196 ὀλεθρίοις
714 2131 806 2175 τοῦ
863 2127 1086 2186 σκότους
1135 2123 1372 2196 ἀγγέλοις
1419 2127 1608 2199 χάρμα
1657 2127 1869 2180 καταλί-

263 2231 415 2269 πητε.
443 2208 739 2284 Μηδαμῶς,
795 2209 834 2262 ὦ
885 2214 1140 2264 θειότατοι
1187 2213 1410 2285 Μιχαὴλ
1464 2219 1553 2266 καὶ
1618 2213 1867 2288 Γαϐριὴλ,

265 2306 337 2374 μὴ
427 2297 709 2374 παραδῶτε
785 2301 972 2372 ψυχὴν
1048 2301 1513 2375 ὶξομολογουμένην
1582 2311 1696 2374 Θεῷ
1780 2309 1870 2361 καὶ

266 2395 748 2465 προσανακειμένην
839 2392 980 2462 ὑμῖν,
1051 2390 1176 2443 ἀλλὰ
1253 2396 1372 2454 τοὺς
1455 2395 1545 2464 μὲν
1621 2392 1868 2466 ἐμϐριμη-

265 2499 394 2552 ματι
485 2481 601 2550 θείῳ
677 2477 902 2553 στερρῶς
959 2478 1394 2554 ἀπορῥιψάμενοι,
1455 2481 1604 2532 αὐτοὶ
1658 2478 1719 2534 δέ
1781 2501 1871 2554 μοι

267 2576 503 2640 σωτῆρες
529 2567 720 2639 ἀγαθοὶ
751 2572 839 2620 καὶ
883 2569 1206 2640 ὑπέρμαχοι,
1264 2575 1354 2621 καὶ
1407 2590 1536 2642 προς
1578 2573 1664 2622 τὸν
1719 2573 1870 2645 ὑπέρ-

265 2659 376 2710 θεον
432 2657 711 2730 εἰσαγωγοὶ
766 2661 855 2709 καὶ
916 2665 1128 2730 μεσῖται
1174 2662 1488 2732 πανάριστοι
1542 2665 1870 2732 γεγενημένοι

269 2750 518 2820 Χριστὸν,
559 2751 630 2818 μὴ
666 2751 786 2818 πρὶν
846 2746 1112 2804 ἀποστῆτε
1155 2752 1248 2806 τὴν
1306 2751 1374 2808 ὡς
1428 2750 1583 2800 αὑτὸν
1635 2749 1869 2819 ἄγουσαν

269 2833 479 2889 εἰσοδον
510 2835 936 2908 ἱξενμαρίζοντες
966 2837 1125 2911 ἄχρις
1159 2835 1219 2887 ἂν
1259 2837 1327 2897 εἰς
1379 2837 1539 2895 αὐτὴν
1589 2846 1680 2889 τοῦ
1731 2835 1863 2891 Θεοῦ

261 2930 356 2984 τὴν
382 2927 717 2977 κατάπαυσιν
741 2924 1061 2996 εἰσαγαγεῖν,
1095 2930 1186 2978 καὶ
1217 2934 1287 2996 τῷ
1325 2933 1426 2977 τῶν
1473 2925 1657 2998 ἐφετῶν
1714 2925 1870 2995 ἀκρο-

264 3015 405 3084 τάτῳ
464 3017 838 3086 προσαρμόσαι
891 3015 962 3076 εἰς
993 3011 1151 3076 δόξαν
1205 3018 1408 3088 Πατρός
1456 3020 1545 3068 καὶ
1596 3020 1722 3067 Υίοῦ
1777 3021 1866 3068 καὶ

1983 613 2243 670 diocrem
2272 618 2800 687 intelligentiarum
2839 619 3108 673 notitiam
3142 615 3498 687 aspiremus.
3553 615 3633 671 Si-

1982 701 2197 758 militer
2227 706 2384 760 enim
2420 707 2768 778 imperfecta
2801 711 2957 775 sunt,
2988 705 3140 760 actio
3162 703 3376 768 infans,
3410 708 3468 759 et
3491 706 3636 758 otio-

1985 806 2087 844 sus
2121 808 2338 848 sermo.
2376 795 2480 850 llla
2508 795 2752 866 quidem
2781 794 3065 866 perplexa
3094 798 3150 848 et
3173 793 3233 847 in
3263 792 3632 861 inconstans,

1982 881 2108 934 tum
2129 880 2306 936 tristis
2336 883 2641 954 quaedam,
2675 883 2880 952 gratiae
2900 884 3029 953 ejus
3048 885 3105 937 et
3132 881 3281 936 lucis
3302 880 3478 952 in0ps
3502 896 3634 951 quae

1985 966 2258 1024 doctrina
2291 976 2345 1026 et
2369 987 2644 1027 sermone
2669 972 3023 1027 continetur.
3084 970 3185 1025 Hic
3217 985 3359 1024 vero
3388 969 3635 1040 strepitu

1984 1055 2177 1114 inutili
2202 1074 2308 1131 per
2337 1075 2536 1116 aerem
2579 1059 2792 1127 ﬂuens,
2827 1065 2884 1116 et
2934 1063 3238 1116 auctorem
3291 1073 3470 1114 suum
3507 1056 3637 1127 ejus

1986 1148 2383 1204 ostentatione
2414 1149 2769 1221 gloriantem
2817 1150 3055 1205 inanem
3105 1148 3473 1219 relinquens,
3523 1146 3636 1202 nisi

1985 1234 2216 1289 actione
2239 1236 2623 1291 conﬁrmatus
2650 1237 2902 1292 solidam
2921 1243 3049 1291 tum
3062 1235 3309 1291 demum
3321 1234 3636 1290 invictam-

1982 1338 2100 1394 que
2131 1323 2414 1391 obtineat,
2460 1330 2520 1380 ut
2567 1325 2694 1396 jam
2747 1325 2971 1397 optime
3004 1322 3285 1380 fundatus
3315 1323 3375 1378 in
3408 1323 3634 1390 animo,

1979 1410 2342 1466 ﬁrmitatem.
2376 1413 2482 1476 Qui
2510 1417 2707 1469 autem
2741 1414 2864 1469 haec
2896 1413 3272 1483 conjungunt
3297 1411 3395 1482 ita,
3432 1415 3495 1465 ut
3526 1426 3637 1466 nec

1980 1501 2402 1572 contemplatio
2428 1503 2719 1558 actionem
2749 1502 3062 1567 desideret,
3097 1517 3206 1556 nec
3235 1501 3354 1555 ista
3371 1499 3636 1555 vicissim

1978 1587 2133 1642 illius
2181 1590 2480 1645 consortio
2545 1590 2839 1647 auxiliove
2883 1591 3258 1658 destituatur,
3314 1588 3541 1644 eisdem
3581 1591 3639 1644 et

1977 1679 2249 1752 perfectis
2279 1697 2410 1737 esse
2460 1681 2656 1751 datur,
2699 1689 2754 1737 et
2802 1681 3170 1739 familiariter
3219 1679 3448 1748 angelis
3504 1678 3632 1733 uti:

1977 1773 2102 1825 tum
2132 1769 2442 1826 facultates
2469 1770 2758 1843 dotesque
2794 1787 3009 1827 omnes
3047 1769 3178 1824 illas
3218 1768 3537 1823 subtilitate
3569 1783 3637 1822 ac

1977 1859 2296 1930 splendore
2321 1876 2430 1914 suo
2454 1876 2744 1915 sensuum
2769 1859 3119 1915 frustrantes
3133 1857 3320 1913 aciem
3335 1856 3638 1927 soliusque

1977 1947 2192 2002 mentis
2221 1948 2500 2003 intuitum
2522 1948 2904 2006 admittentes
2937 1964 3118 2019 posse
3148 1945 3476 2002 clarissime
3501 1959 3636 2016 per-

1977 2035 2223 2105 spicere.
2250 2038 2444 2100 Quare
2467 2037 2602 2092 etin
2626 2036 2845 2091 idonea
2865 2035 3143 2108 paranda
3163 2033 3638 2104 instruendaque

1975 2123 2262 2181 doctrinae
2293 2141 2364 2181 ac
2389 2126 2687 2180 sermonis
2719 2125 2892 2197 copia
2923 2122 3413 2180 contendendum
3445 2125 3551 2188 est,
3582 2125 3640 2176 et

1978 2214 2057 2272 ad
2086 2214 2480 2271 obtinendam
2538 2215 2963 2287 perfectionem
3019 2214 3153 2268 vitae
3212 2211 3638 2280 laborandum,

1976 2304 2442 2376 faciendumque
2469 2310 2534 2360 ut
2581 2305 2750 2360 illam
2799 2304 2996 2359 studio
3046 2308 3101 2358 et
3139 2301 3550 2360 meditatione,
3582 2304 3641 2355 et

1974 2393 2154 2450 istam
2185 2393 2462 2464 religiosa
2487 2394 2702 2448 mentis
2731 2392 3150 2449 exercitatione
3181 2407 3365 2463 quam
3392 2389 3640 2458 diligen-

1977 2483 2207 2540 tissime
2225 2483 2591 2539 excolamus.
2623 2483 2715 2539 Sic
2734 2483 2892 2539 enim
2917 2483 3219 2555 utrimque
3237 2481 3429 2536 ornati
3451 2479 3640 2535 omni-

1973 2572 2210 2644 busque
2236 2571 2497 2627 absoluti
2529 2573 2820 2637 numeris,
2853 2571 3096 2627 duabus
3125 2570 3287 2626 hisce
3315 2568 3476 2624 velut
3506 2568 3636 2637 alis,

1975 2661 2145 2716 terris
2169 2662 2377 2726 evecti,
2407 2661 2706 2715 mundum
2737 2660 2899 2714 hunc
2929 2659 3174 2732 quidem
3206 2656 3638 2729 aspectabilem

1976 2749 2494 2815 transcendemus,
2519 2749 2874 2818 intelligibili
2896 2765 3035 2804 vero
3065 2747 3318 2816 admoti,
3342 2747 3462 2801 imo
3485 2745 3640 2802 ultra

1974 2839 2176 2911 ipsam
2214 2838 2613 2894 abstractione
2666 2836 2891 2893 mentis
2938 2837 3104 2904 haud
3162 2835 3345 2910 paulo
3393 2834 3638 2890 feliciori

1979 2943 2220 2983 sursum
2246 2927 2526 2999 provecti,
2552 2943 2692 2982 cum
2731 2927 2985 2982 aliarum
3011 2940 3318 2981 sacrarum
3344 2923 3638 2979 mentium

1978 3015 2364 3072 lucidissimis
2414 3015 2832 3088 splendoribus
2879 3014 3290 3086 implebimur,
3341 3018 3472 3068 tum
3493 3027 3638 3066 vero

265 3101 422 3173 ἁγίου
455 3105 748 3175 Πνεῦματος
778 3103 849 3164 εἰς
876 3107 996 3165 τοὺς
1022 3103 1212 3164 αἰῶνας
1249 3113 1349 3156 τῶν
1401 3104 1618 3159 αἰώνων.
1677 3104 1862 3177 Ἀμήν.

1979 3121 2102 3178 prae
2133 3105 2358 3160 caeteris
2393 3102 2876 3173 archangelicam
2907 3103 3124 3159 horum
3179 3100 3649 3158 sublimitatem.’

263 3190 755 3265 divinitatemque
799 3192 1177 3249 mirabimur.
1236 3194 1416 3264 Cujus
1472 3193 1720 3250 visionis
1768 3199 1934 3250 tanto
1984 3193 2198 3250 fructui
2243 3194 2373 3249 hinc
2424 3193 2669 3248 accedet
2713 3193 2967 3264 insuper
3018 3191 3259 3259 utilitas,
3319 3189 3486 3262 quod
3534 3183 3640 3244 tali

260 3281 765 3354 contemplatione
787 3283 1114 3338 exercitatis
1141 3299 1212 3338 ac
1232 3283 1586 3354 praeparatis
1638 3283 1943 3339 mentibus
1991 3283 2366 3339 divinissima
2401 3283 2529 3353 jam
2583 3282 2833 3337 Trinitas
2884 3281 3258 3338 manifestius
3284 3278 3635 3345 ostenditur,

259 3370 624 3441 quibusdam
649 3375 946 3443 quantum
967 3371 1239 3428 humana
1261 3373 1421 3444 capit
1445 3372 1817 3431 imbellicitas
1846 3388 1909 3428 se
1933 3372 2421 3443 cognoscendam
2445 3372 2735 3427 exhibens
2765 3389 2778 3439 ;
2802 3370 3178 3442 quibusdam
3196 3370 3377 3426 etiam
3407 3373 3638 3424 tantum

258 3458 374 3516 hoc
425 3459 656 3516 donum
687 3460 788 3515 illo
813 3459 1132 3516 cumulans
1163 3462 1451 3528 auctario,
1478 3466 1543 3518 ut
1570 3463 1802 3534 privato
1851 3461 2048 3517 fructu
2096 3461 2418 3518 multorum
2467 3461 2544 3517 ad
2602 3460 2910 3517 utilitatem
2968 3465 3326 3532 propagato,
3374 3472 3630 3514 arcanas

258 3547 682 3606 illustrationes
714 3553 768 3604 et
786 3549 1211 3621 mysteriorum
1254 3540 1468 3606 sensus
1493 3551 1943 3607 communicare
1991 3551 2119 3606 aliis
2160 3551 2434 3606 docendo
2467 3566 2640 3622 posse
2697 3549 3008 3620 concedat,
3051 3550 3133 3604 ita
3180 3547 3481 3603 neminem
3514 3561 3639 3600 suae

259 3636 801 3694 beniﬁcenlissimaa
842 3638 1296 3695 illuminationis
1325 3644 1627 3711 expertem
1677 3639 1898 3698 sinens.
1959 3639 2065 3696 sed
2125 3639 2403 3711 quamvis
2451 3639 2722 3695 diversos
2749 3655 2960 3694 omnes
3017 3653 3134 3693 uno
3171 3635 3464 3692 beneﬂcio
3515 3648 3639 3688 suae

260 3727 763 3783 manifestationis
825 3728 1232 3800 complectens
1281 3733 1338 3784 et
1371 3729 1581 3786 beans.
1635 3733 1707 3784 At
1748 3745 1884 3791 vos,
1927 3744 1964 3784 ο
2015 3728 2516 3800 contemplatores
2574 3735 2631 3783 et
2669 3727 2920 3784 ministri
2947 3743 3243 3799 supremae
3273 3738 3639 3794 omnemque

259 3821 520 3872 mentem
545 3833 615 3872 ac
637 3832 982 3872 sermonem
1012 3817 1354 3876 excedentis
1411 3817 2142 3889 supersubstantialitatis.
2186 3819 2228 3874 Ο
2277 3818 2528 3888 Spiritus
2569 3817 2777 3884 divini,
2828 3817 3008 3887 ignei,
3055 3815 3469 3884 intelligentes.
3501 3812 3636 3867 Ele—

263 3909 600 3961 mentorum
631 3905 842 3962 mundi
868 3906 1253 3963 ﬁrmamenta
1298 3923 1368 3962 ac
1426 3907 1820 3962 fundamenta
1851 3907 2213 3962 solidissima
2243 3906 2633 3974 Malignorum
2664 3905 2984 3977 spirituum
3016 3905 3213 3961 mallei
3252 3900 3636 3959 validissimi.

265 3993 373 4058 Qui
400 3995 698 4066 sapientes
719 4011 929 4067 sapere
959 3995 1206 4052 docetis.
1241 3997 1351 4062 Qui
1384 3997 1607 4053 sanctis
1652 4001 1716 4051 ut
1764 3997 1931 4052 terris
1987 3995 2224 4052 evolent
2255 4009 2487 4066 pennas
2520 3996 2758 4066 aptatis.
2792 3997 2836 4051 Ο
2859 3998 3213 4050 cunctarum
3269 3990 3447 4047 simul
3499 4005 3638 4059 gen-

261 4081 408 4140 tium
460 4084 746 4155 praesides
797 4084 1030 4155 optimi,
1107 4089 1161 4141 et
1211 4085 1720 4157 providentissimi
1775 4090 2100 4148 curatores,
2161 4084 2354 4156 plebis
2406 4084 2769 4153 Angelorum
2827 4084 3068 4152 tribuni,
3126 4081 3639 4150 Archangelorum

257 4171 672 4244 imperatores.
700 4174 998 4246 Principes
1027 4174 1086 4230 in
1144 4175 1601 4246 Principatibus,
1659 4180 1935 4246 potentes
1984 4174 2046 4229 in
2098 4172 2508 4237 Potestatibus,
2566 4172 2833 4228 valentes
2853 4174 2912 4228 in
2949 4172 3290 4238 Virtutibus,
3323 4169 3640 4226 dominan-

259 4267 348 4318 tes
370 4262 429 4316 in
471 4261 1010 4329 Dominationibus,
1039 4263 1412 4319 Thronorum
1443 4263 1924 4332 contubernales,
1955 4267 2296 4320 sanctorum
2330 4261 2648 4318 Cberubim
2669 4261 3016 4330 familiares,
3053 4267 3108 4316 et
3155 4259 3456 4332 supremis
3511 4273 3640 4313 om-

259 4351 426 4407 nium
463 4351 772 4423 Seraphim
801 4351 1083 4424 aequales.
1120 4354 1162 4409 O
1196 4354 1296 4425 qui
1318 4354 1612 4424 hymnum
1647 4353 1958 4422 trisagium
1980 4369 2117 4408 cum
2142 4351 2255 4406 illis
2297 4350 2602 4413 omnibus,
2647 4350 2737 4405 vel
2788 4367 2911 4422 prm
2938 4349 3051 4405 illis
3076 4349 3380 4415 omnibus,
3401 4346 3637 4403 aeternis

261 4445 316 4496 et
351 4445 438 4496 ter
469 4440 860 4498 sanctissimis
886 4441 1399 4498 modulationibus
1424 4443 1590 4497 omni
1623 4443 1933 4497 sanctitate
1963 4441 2247 4497 sanctiori
2278 4443 2394 4496 Deo
2426 4439 2759 4496 concinitis.
2785 4439 3021 4511 Replete
3053 4445 3272 4495 terram
3316 4453 3466 4509 pace
3517 4435 3634 4505 Dei,

259 4545 629 4586 consensum
671 4545 878 4586 verum
917 4535 973 4586 et
1003 4531 1450 4602 conspirantem
1500 4531 1558 4585 in
1593 4547 1716 4586 uno
1765 4531 1864 4587 Dei
1912 4531 2147 4587 colendi
2191 4534 2371 4600 atque
2410 4529 2658 4584 amandi
2722 4528 2836 4583 ritu
2883 4528 3273 4584 concordiam
3306 4525 3578 4583 Ecclesiis
3607 4539 3638 4578 e

261 4618 413 4674 caelo
439 4624 780 4692 procurate.
811 4618 1189 4693 Rejectisque
1212 4620 1475 4690 indignis
1523 4636 1555 4676 e
1595 4620 1807 4676 Christi
1860 4635 2131 4691 corpore,
2188 4619 2248 4673 in
2304 4633 2493 4673 unum
2527 4617 2830 4688 spriritum
2860 4633 3210 4689 novumque
3237 4631 3426 4672 unum
3449 4612 3639 4671 homi-

262 4722 400 4762 nem
427 4708 794 4780 reliquorum
828 4709 928 4766 Dei
951 4708 1218 4765 ﬁdelium
1267 4709 1708 4766 multitudinem
1741 4709 2083 4765 reformate.
2134 4707 2314 4764 Nobis
2361 4722 2499 4762 vero
2540 4711 2898 4777 praesentem
2946 4707 3193 4777 quidem
3246 4706 3425 4762 vitam
3473 4704 3532 4759 in
3577 4703 3639 4758 id

260 4796 426 4868 quod
450 4803 676 4856 rectum
707 4804 797 4855 est
825 4798 1082 4868 dirigite,
1117 4797 1536 4869 actionemque
1556 4803 1824 4854 nostram
1861 4813 2126 4860 omnem,
2169 4802 2225 4851 et
2255 4795 2700 4864 cogitationem,
2736 4799 2791 4850 et
2820 4794 3183 4850 locutionem
3221 4794 3298 4850 ad
3345 4794 3638 4849 amussim

259 4885 446 4942 divini
466 4887 824 4961 beneplaciti
846 4903 1091 4961 prorsus
1117 4885 1354 4956 exigite.
1383 4888 1521 4942 l‘um
1569 4887 1642 4943 ad
1696 4893 2032 4943 extremum
2079 4900 2423 4941 mrumnosa
2480 4884 2595 4939 ista
2649 4888 2706 4938 et
2753 4884 2974 4938 misera
3025 4882 3339 4938 defunctos
3396 4883 3517 4936 vita
3566 4896 3640 4936 ne

258 4992 375 5034 nos
406 4976 662 5034 funestis
712 4978 1094 5036 tenebrarum
1148 4976 1376 5047 angelis
1413 4992 1708 5046 magnum
1747 4976 1825 5033 ad
1856 4991 2062 5032 eorum
2105 4972 2396 5043 gaudium
2447 4971 2818 5044 relinquatis.
2869 4976 3285 5044 Nequaquam,
3313 4987 3349 5027 o
3381 4971 3637 5025 divinis-

261 5065 399 5124 simi
422 5067 666 5125 Michael
686 5073 744 5124 et
772 5066 1030 5134 Gabriel,
1087 5083 1184 5134 ne,
1238 5066 1489 5137 inquam
1558 5082 1654 5133 ne,
1705 5081 1914 5138 quaeso
1963 5079 2091 5128 vos,
2147 5078 2222 5118 ne
2265 5062 2754 5119 condonaveritis
2801 5061 2913 5117 illis
2969 5064 3234 5117 animam
3285 5060 3382 5116 Dei
3425 5059 3638 5115 laudes

263 5154 628 5223 confessam,
659 5173 770 5212 vos
792 5172 932 5213 vero
955 5155 1256 5212 humiliter
1276 5171 1346 5210 ac
1378 5155 1724 5228 suppliciter
1771 5155 2180 5226 deprecatum,
2233 5151 2337 5208 sed
2392 5156 2571 5206 tetros
2633 5151 2880 5222 quidem
2934 5152 3240 5206 daemonas
3284 5150 3506 5205 minaci
3558 5154 3640 5204 at-

262 5259 384 5315 que
411 5244 703 5302 iracundo
729 5246 967 5304 fremitu
998 5244 1410 5315 rejicite,mihi
1441 5257 1580 5300 vero
1613 5244 1943 5300 salvatores
1984 5247 2104 5298 este
2158 5241 2300 5296 boni
2361 5245 2418 5295 et
2459 5240 2680 5306 invicti,
2734 5246 2863 5296 tum
2916 5239 2994 5296 ad
3044 5256 3395 5311 supremum
3453 5242 3638 5294 Deum

264 5330 726 5393 admissionales
757 5334 1238 5404 mediatoresque
1265 5332 1442 5400 longe
1467 5333 1677 5404 optimi
1709 5331 2031 5390 Christum.
2082 5334 2282 5402 Neque
2339 5330 2504 5400 prius
2534 5329 2797 5385 desistite
2850 5330 2928 5386 ab
2981 5328 3359 5401 expediendo
3394 5328 3536 5384 mihi
3561 5328 3640 5383 ad

263 5438 406 5478 eum
431 5421 621 5490 aditu,
647 5439 836 5496 quam
867 5439 964 5480 me
1013 5423 1072 5478 in
1108 5422 1302 5494 ipsam
1359 5421 1461 5478 Dei
1514 5421 1782 5493 requiem
1810 5419 2181 5481 induxeritis,
2224 5423 2282 5474 et
2313 5418 2536 5474 summi
2569 5422 2845 5474 votorum
2876 5418 3148 5474 omnium
3181 5421 3520 5489 compotem
3553 5416 3638 5472 fa-

267 5513 429 5566 ctum
452 5525 737 5583 supremo
759 5510 1233 5584 expetendorum
1264 5513 1319 5566 et
1342 5508 1783 5565 desideriorum
1819 5509 1927 5565 ﬁni
1957 5508 2166 5564 ultimo
2203 5523 2443 5562 summo
2496 5505 2660 5563 bono
2699 5522 2795 5562 me
2834 5507 3261 5578 conjunxeritis
3288 5508 3346 5562 in
3386 5505 3640 5576 gloriam

269 5599 485 5678 Patris,
518 5605 576 5658 et
603 5600 749 5668 Filii,
777 5605 834 5657 et
858 5603 1046 5658 sancti
1077 5598 1328 5672 Spiritus
1357 5599 1417 5656 in
1440 5597 1659 5660 saecula
1688 5597 2067 5658 saeculorum,
2100 5603 2304 5667 Amen.
