  <div class='ocr_page' id='page_1' title='image "/cluster/home/n/w/nwhite01/storage/ocr_20150623/140/coo.31924054870450/633.png"; bbox 0 0 4124 6414; ppageno 0'>
   <div class='ocr_carea' id='block_1_1' title="bbox 485 392 3859 456">
    <p class='ocr_par' dir='ltr' id='par_1_1' title="bbox 485 392 3859 456">
     <span class='ocr_line' id='line_1_1' title="bbox 485 392 3859 456; baseline 0.001 -6"><span class='ocrx_word' id='word_1_1' title='bbox 485 392 624 454; x_wconf 64' lang='grc'>1247</span> <span class='ocrx_word' id='word_1_2' title='bbox 2011 399 2249 456; x_wconf 82' lang='lat' dir='ltr'>ADDEN</span> <span class='ocrx_word' id='word_1_3' title='bbox 2259 399 2372 454; x_wconf 81' lang='lat' dir='ltr'>DA.</span> <span class='ocrx_word' id='word_1_4' title='bbox 3724 401 3859 456; x_wconf 79' lang='grc'>1248</span> 
     </span>
    </p>
   </div>
   <div class='ocr_carea' id='block_1_2' title="bbox 490 518 3862 558">
    <p class='ocr_par' dir='ltr' id='par_1_2' title="bbox 490 518 3862 558">
     <span class='ocr_line' id='line_1_2' title="bbox 490 518 3862 558; baseline 0.001 -8"><span class='ocrx_word' id='word_1_5' title='bbox 490 518 3862 558; x_wconf 53' lang='lat' dir='ltr'>M</span> 
     </span>
    </p>
   </div>
   <div class='ocr_carea' id='block_1_3' title="bbox 1861 675 2498 774">
    <p class='ocr_par' dir='ltr' id='par_1_3' title="bbox 1861 675 2498 774">
     <span class='ocr_line' id='line_1_3' title="bbox 1861 675 2498 774; baseline 0.005 -3"><span class='ocrx_word' id='word_1_6' title='bbox 1861 675 2498 774; x_wconf 88' lang='lat' dir='ltr'>MONITUM.</span> 
     </span>
    </p>
   </div>
   <div class='ocr_carea' id='block_1_4' title="bbox 555 1080 3863 1165">
    <p class='ocr_par' dir='ltr' id='par_1_4' title="bbox 555 1080 3863 1165">
     <span class='ocr_line' id='line_1_4' title="bbox 555 1080 3863 1165; baseline 0.004 -26"><span class='ocrx_word' id='word_1_7' title='bbox 555 1084 624 1139; x_wconf 91' lang='lat' dir='ltr'>Ut</span> <span class='ocrx_word' id='word_1_8' title='bbox 637 1081 821 1138; x_wconf 86' lang='lat' dir='ltr'>ﬁdem</span> <span class='ocrx_word' id='word_1_9' title='bbox 837 1080 1158 1140; x_wconf 80' lang='lat' dir='ltr'>liberemus</span> <span class='ocrx_word' id='word_1_10' title='bbox 1178 1100 1367 1158; x_wconf 83' lang='lat' dir='ltr'>quam</span> <span class='ocrx_word' id='word_1_11' title='bbox 1383 1101 1570 1160; x_wconf 83' lang='lat' dir='ltr'><strong>supra</strong></span> <span class='ocrx_word' id='word_1_12' title='bbox 1583 1087 1693 1145; x_wconf 91' lang='lat' dir='ltr'>col.</span> <span class='ocrx_word' id='word_1_13' title='bbox 1712 1093 1807 1147; x_wconf 73' lang='lat'>361</span> <span class='ocrx_word' id='word_1_14' title='bbox 1831 1088 2131 1159; x_wconf 87' lang='lat' dir='ltr'>dedimus,</span> <span class='ocrx_word' id='word_1_15' title='bbox 2151 1091 2377 1151; x_wconf 85' lang='lat' dir='ltr'>textum</span> <span class='ocrx_word' id='word_1_16' title='bbox 2395 1092 2666 1149; x_wconf 82' lang='lat' dir='ltr'>Graecum</span> <span class='ocrx_word' id='word_1_17' title='bbox 2683 1090 3037 1163; x_wconf 83' lang='lat' dir='ltr'>subjicimus</span> <span class='ocrx_word' id='word_1_18' title='bbox 3053 1090 3342 1148; x_wconf 65' lang='lat' dir='ltr'>Monodiaa</span> <span class='ocrx_word' id='word_1_19' title='bbox 3354 1108 3537 1165; x_wconf 85' lang='lat' dir='ltr'>quam</span> <span class='ocrx_word' id='word_1_20' title='bbox 3553 1093 3615 1149; x_wconf 91' lang='lat' dir='ltr'>in</span> <span class='ocrx_word' id='word_1_21' title='bbox 3637 1091 3863 1152; x_wconf 88' lang='lat' dir='ltr'>unani-</span> 
     </span>
    </p>
   </div>
   <div class='ocr_carea' id='block_1_5' title="bbox 485 1171 3863 1256">
    <p class='ocr_par' dir='ltr' id='par_1_5' title="bbox 485 1171 3863 1256">
     <span class='ocr_line' id='line_1_5' title="bbox 485 1171 3863 1256; baseline 0.003 -27"><span class='ocrx_word' id='word_1_22' title='bbox 485 1187 646 1230; x_wconf 89' lang='lat' dir='ltr'><strong>mem</strong></span> <span class='ocrx_word' id='word_1_23' title='bbox 660 1171 1299 1232; x_wconf 82' lang='lat' dir='ltr'>fratremdixitNicetas</span> <span class='ocrx_word' id='word_1_24' title='bbox 1314 1177 1722 1249; x_wconf 82' lang='lat' dir='ltr'>Acominatus,</span> <span class='ocrx_word' id='word_1_25' title='bbox 1738 1179 2110 1237; x_wconf 85' lang='lat' dir='ltr'>Atheniensis</span> <span class='ocrx_word' id='word_1_26' title='bbox 2125 1181 2522 1254; x_wconf 87' lang='lat' dir='ltr'>metropolita.</span> <span class='ocrx_word' id='word_1_27' title='bbox 2544 1181 2739 1238; x_wconf 87' lang='lat' dir='ltr'>Prodit</span> <span class='ocrx_word' id='word_1_28' title='bbox 2759 1197 2829 1239; x_wconf 83' lang='lat' dir='ltr'>ex</span> <span class='ocrx_word' id='word_1_29' title='bbox 2847 1180 3052 1237; x_wconf 89' lang='lat' dir='ltr'><strong>codice</strong></span> <span class='ocrx_word' id='word_1_30' title='bbox 3085 1181 3263 1250; x_wconf 81' lang='lat' dir='ltr'>Regio</span> <span class='ocrx_word' id='word_1_31' title='bbox 3293 1186 3427 1240; x_wconf 73' lang='grc'><strong>1234</strong></span> <span class='ocrx_word' id='word_1_32' title='bbox 3457 1199 3636 1256; x_wconf 90' lang='lat' dir='ltr'><strong>quem</strong></span> <span class='ocrx_word' id='word_1_33' title='bbox 3652 1186 3737 1239; x_wconf 90' lang='lat' dir='ltr'>sic</span> <span class='ocrx_word' id='word_1_34' title='bbox 3751 1185 3863 1240; x_wconf 88' lang='lat' dir='ltr'>de-</span> 
     </span>
    </p>
   </div>
   <div class='ocr_carea' id='block_1_6' title="bbox 485 1261 3861 1344">
    <p class='ocr_par' dir='ltr' id='par_1_6' title="bbox 485 1261 3861 1344">
     <span class='ocr_line' id='line_1_6' title="bbox 485 1261 3861 1344; baseline 0.003 -26"><span class='ocrx_word' id='word_1_35' title='bbox 485 1262 690 1319; x_wconf 83' lang='lat' dir='ltr'>scribit</span> <span class='ocrx_word' id='word_1_36' title='bbox 710 1261 1016 1332; x_wconf 82' lang='lat' dir='ltr'>catalogus</span> <span class='ocrx_word' id='word_1_37' title='bbox 1049 1281 1062 1319; x_wconf 92' lang='lat'><strong>:</strong></span> <span class='ocrx_word' id='word_1_38' title='bbox 1097 1284 1125 1314; x_wconf 89' lang='lat'><strong>«</strong></span> <span class='ocrx_word' id='word_1_39' title='bbox 1155 1264 1350 1321; x_wconf 85' lang='lat' dir='ltr'><strong>Codex</strong></span> <span class='ocrx_word' id='word_1_40' title='bbox 1367 1266 1794 1341; x_wconf 85' lang='lat' dir='ltr'>bombycinus,</span> <span class='ocrx_word' id='word_1_41' title='bbox 1819 1269 1961 1326; x_wconf 92' lang='lat' dir='ltr'>olim</span> <span class='ocrx_word' id='word_1_42' title='bbox 1979 1269 2220 1326; x_wconf 84' lang='lat' dir='ltr'>Joannis</span> <span class='ocrx_word' id='word_1_43' title='bbox 2241 1271 2476 1337; x_wconf 81' lang='lat' dir='ltr'>Hautin,</span> <span class='ocrx_word' id='word_1_44' title='bbox 2502 1276 2710 1344; x_wconf 88' lang='lat' dir='ltr'>postea</span> <span class='ocrx_word' id='word_1_45' title='bbox 2732 1271 3107 1340; x_wconf 84' lang='lat' dir='ltr'>Baluzianus,</span> <span class='ocrx_word' id='word_1_46' title='bbox 3126 1286 3254 1344; x_wconf 87' lang='lat' dir='ltr'>quo</span> <span class='ocrx_word' id='word_1_47' title='bbox 3277 1273 3613 1329; x_wconf 81' lang='lat' dir='ltr'>continetur</span> <span class='ocrx_word' id='word_1_48' title='bbox 3632 1273 3861 1330; x_wconf 84' lang='lat' dir='ltr'>Nicetae</span> 
     </span>
    </p>
   </div>
   <div class='ocr_carea' id='block_1_7' title="bbox 484 1351 3857 1433">
    <p class='ocr_par' dir='ltr' id='par_1_7' title="bbox 484 1351 3857 1433">
     <span class='ocr_line' id='line_1_7' title="bbox 484 1351 3857 1433; baseline 0.003 -26"><span class='ocrx_word' id='word_1_49' title='bbox 484 1351 784 1408; x_wconf 71' lang='lat' dir='ltr'>Cboniatze</span> <span class='ocrx_word' id='word_1_50' title='bbox 814 1351 1461 1426; x_wconf 78' lang='lat' dir='ltr'>AcominatiPanoplz’a</span> <span class='ocrx_word' id='word_1_51' title='bbox 1489 1358 1823 1428; x_wconf 72' lang='lat' dir='ltr'>doymatica</span> <span class='ocrx_word' id='word_1_52' title='bbox 1851 1359 1912 1416; x_wconf 90' lang='lat' dir='ltr'>in</span> <span class='ocrx_word' id='word_1_53' title='bbox 1944 1359 2143 1432; x_wconf 83' lang='lat' dir='ltr'>plures</span> <span class='ocrx_word' id='word_1_54' title='bbox 2177 1363 2371 1416; x_wconf 89' lang='lat' dir='ltr'>tomos</span> <span class='ocrx_word' id='word_1_55' title='bbox 2413 1360 2625 1432; x_wconf 85' lang='lat' dir='ltr'>divisa,</span> <span class='ocrx_word' id='word_1_56' title='bbox 2656 1361 2730 1417; x_wconf 90' lang='lat' dir='ltr'>de</span> <span class='ocrx_word' id='word_1_57' title='bbox 2755 1360 2979 1433; x_wconf 90' lang='lat' dir='ltr'>quibus</span> <span class='ocrx_word' id='word_1_58' title='bbox 3003 1360 3297 1417; x_wconf 86' lang='lat' dir='ltr'>videndus</span> <span class='ocrx_word' id='word_1_59' title='bbox 3335 1361 3476 1418; x_wconf 81' lang='lat' dir='ltr'>clar.</span> <span class='ocrx_word' id='word_1_60' title='bbox 3513 1361 3857 1417; x_wconf 85' lang='lat' dir='ltr'>Bernardus</span> 
     </span>
    </p>
   </div>
   <div class='ocr_carea' id='block_1_8' title="bbox 485 1440 3870 1523">
    <p class='ocr_par' dir='ltr' id='par_1_8' title="bbox 485 1440 3870 1523">
     <span class='ocr_line' id='line_1_8' title="bbox 485 1440 3870 1523; baseline 0.002 -27"><span class='ocrx_word' id='word_1_61' title='bbox 485 1443 548 1497; x_wconf 94' lang='lat' dir='ltr'>D.</span> <span class='ocrx_word' id='word_1_62' title='bbox 574 1440 948 1498; x_wconf 83' lang='lat' dir='ltr'>Montfaucon</span> <span class='ocrx_word' id='word_1_63' title='bbox 977 1443 1337 1518; x_wconf 68' lang='lat' dir='ltr'>Palasogrp.</span> <span class='ocrx_word' id='word_1_64' title='bbox 1361 1449 1483 1504; x_wconf 80' lang='lat'>326.</span> <span class='ocrx_word' id='word_1_65' title='bbox 1506 1446 1761 1518; x_wconf 88' lang='lat' dir='ltr'>Hujusce</span> <span class='ocrx_word' id='word_1_66' title='bbox 1787 1448 1984 1521; x_wconf 85' lang='lat' dir='ltr'>operis</span> <span class='ocrx_word' id='word_1_67' title='bbox 2009 1447 2252 1521; x_wconf 87' lang='lat' dir='ltr'>publica</span> <span class='ocrx_word' id='word_1_68' title='bbox 2274 1448 2404 1506; x_wconf 88' lang='lat' dir='ltr'>luce</span> <span class='ocrx_word' id='word_1_69' title='bbox 2425 1449 2766 1519; x_wconf 85' lang='lat' dir='ltr'>dignissimi</span> <span class='ocrx_word' id='word_1_70' title='bbox 2789 1465 2932 1522; x_wconf 87' lang='lat' dir='ltr'>pars</span> <span class='ocrx_word' id='word_1_71' title='bbox 2953 1453 3188 1506; x_wconf 88' lang='lat' dir='ltr'>tantum</span> <span class='ocrx_word' id='word_1_72' title='bbox 3212 1451 3414 1508; x_wconf 83' lang='lat' dir='ltr'>Latine</span> <span class='ocrx_word' id='word_1_73' title='bbox 3433 1451 3674 1523; x_wconf 88' lang='lat' dir='ltr'>prodiit.</span> <span class='ocrx_word' id='word_1_74' title='bbox 3699 1453 3870 1505; x_wconf 66' lang='lat' dir='ltr'>Prae-</span> 
     </span>
    </p>
   </div>
   <div class='ocr_carea' id='block_1_9' title="bbox 483 1530 3872 1611">
    <p class='ocr_par' dir='ltr' id='par_1_9' title="bbox 483 1530 3872 1611">
     <span class='ocr_line' id='line_1_9' title="bbox 483 1530 3872 1611; baseline 0.003 -26"><span class='ocrx_word' id='word_1_75' title='bbox 483 1530 832 1587; x_wconf 88' lang='lat' dir='ltr'>mittuntur:</span> <span class='ocrx_word' id='word_1_76' title='bbox 867 1537 920 1587; x_wconf 84' lang='grc' dir='ltr'><strong>1ο</strong></span> <span class='ocrx_word' id='word_1_77' title='bbox 949 1532 1244 1590; x_wconf 87' lang='lat' dir='ltr'>Michaelis</span> <span class='ocrx_word' id='word_1_78' title='bbox 1268 1535 1569 1593; x_wconf 67' lang='lat' dir='ltr'>Choniataa</span> <span class='ocrx_word' id='word_1_79' title='bbox 1595 1537 1964 1594; x_wconf 83' lang='lat' dir='ltr'>Athenarum</span> <span class='ocrx_word' id='word_1_80' title='bbox 1990 1537 2383 1611; x_wconf 69' lang='lat' dir='ltr'>metropolitaa</span> <span class='ocrx_word' id='word_1_81' title='bbox 2405 1539 2689 1596; x_wconf 76' lang='lat' dir='ltr'>Monodz&#39;a</span> <span class='ocrx_word' id='word_1_82' title='bbox 2718 1539 2780 1595; x_wconf 88' lang='lat' dir='ltr'>in</span> <span class='ocrx_word' id='word_1_83' title='bbox 2809 1539 3005 1596; x_wconf 80' lang='lat' dir='ltr'>fratris</span> <span class='ocrx_word' id='word_1_84' title='bbox 3044 1539 3135 1595; x_wconf 91' lang='lat' dir='ltr'>sui</span> <span class='ocrx_word' id='word_1_85' title='bbox 3164 1544 3504 1607; x_wconf 82' lang='lat' dir='ltr'>mortem,2°</span> <span class='ocrx_word' id='word_1_86' title='bbox 3535 1541 3872 1611; x_wconf 77' lang='lat' dir='ltr'>Fragmen&#39;</span> 
     </span>
    </p>
   </div>
   <div class='ocr_carea' id='block_1_10' title="bbox 482 1619 3868 1697">
    <p class='ocr_par' dir='ltr' id='par_1_10' title="bbox 482 1619 3868 1697">
     <span class='ocr_line' id='line_1_10' title="bbox 482 1619 3868 1697; baseline 0.002 -22"><span class='ocrx_word' id='word_1_87' title='bbox 482 1622 610 1676; x_wconf 85' lang='lat' dir='ltr'>tum</span> <span class='ocrx_word' id='word_1_88' title='bbox 633 1636 663 1675; x_wconf 95' lang='lat' dir='ltr'>e</span> <span class='ocrx_word' id='word_1_89' title='bbox 687 1619 1034 1677; x_wconf 87' lang='lat' dir='ltr'>librosancti</span> <span class='ocrx_word' id='word_1_90' title='bbox 1053 1623 1364 1693; x_wconf 83' lang='lat' dir='ltr'>Augustini</span> <span class='ocrx_word' id='word_1_91' title='bbox 1380 1625 1483 1697; x_wconf 91' lang='lat' dir='ltr'>qui</span> <span class='ocrx_word' id='word_1_92' title='bbox 1505 1625 1824 1695; x_wconf 82' lang='lat' dir='ltr'>Speculum</span> <span class='ocrx_word' id='word_1_93' title='bbox 1846 1627 2205 1684; x_wconf 87' lang='lat' dir='ltr'>inscribitur.</span> <span class='ocrx_word' id='word_1_94' title='bbox 2231 1628 2283 1682; x_wconf 92' lang='lat' dir='ltr'>Is</span> <span class='ocrx_word' id='word_1_95' title='bbox 2301 1627 2490 1684; x_wconf 85' lang='lat' dir='ltr'>codex</span> <span class='ocrx_word' id='word_1_96' title='bbox 2507 1628 2751 1684; x_wconf 85' lang='lat' dir='ltr'>Joannis</span> <span class='ocrx_word' id='word_1_97' title='bbox 2791 1629 3136 1688; x_wconf 82' lang='lat' dir='ltr'>Scutariotae</span> <span class='ocrx_word' id='word_1_98' title='bbox 3163 1645 3353 1686; x_wconf 85' lang='lat' dir='ltr'>manu</span> <span class='ocrx_word' id='word_1_99' title='bbox 3376 1629 3594 1686; x_wconf 69' lang='lat' dir='ltr'>saeculo</span> <span class='ocrx_word' id='word_1_100' title='bbox 3620 1627 3868 1684; x_wconf 90' lang='lat' dir='ltr'>decimo</span> 
     </span>
    </p>
   </div>
   <div class='ocr_carea' id='block_1_11' title="bbox 483 1713 3870 1793">
    <p class='ocr_par' dir='ltr' id='par_1_11' title="bbox 483 1713 3870 1793">
     <span class='ocr_line' id='line_1_11' title="bbox 483 1713 3870 1793; baseline 0.003 -28"><span class='ocrx_word' id='word_1_101' title='bbox 483 1714 696 1782; x_wconf 87' lang='lat' dir='ltr'>quarto</span> <span class='ocrx_word' id='word_1_102' title='bbox 727 1715 1006 1768; x_wconf 85' lang='lat' dir='ltr'>exaratus</span> <span class='ocrx_word' id='word_1_103' title='bbox 1027 1716 1132 1770; x_wconf 90' lang='lat' dir='ltr'>est.</span> <span class='ocrx_word' id='word_1_104' title='bbox 1167 1735 1197 1765; x_wconf 83' lang='lat'><strong>»</strong></span> <span class='ocrx_word' id='word_1_105' title='bbox 1223 1713 1410 1771; x_wconf 85' lang='lat' dir='ltr'>Multis</span> <span class='ocrx_word' id='word_1_106' title='bbox 1425 1714 1654 1772; x_wconf 82' lang='lat' dir='ltr'>lacunis</span> <span class='ocrx_word' id='word_1_107' title='bbox 1677 1715 1938 1773; x_wconf 79' lang='lat' dir='ltr'>fmdatur</span> <span class='ocrx_word' id='word_1_108' title='bbox 1959 1733 2032 1776; x_wconf 84' lang='lat' dir='ltr'><strong>ex</strong></span> <span class='ocrx_word' id='word_1_109' title='bbox 2062 1733 2132 1773; x_wconf 92' lang='lat' dir='ltr'>eo</span> <span class='ocrx_word' id='word_1_110' title='bbox 2158 1719 2302 1775; x_wconf 89' lang='lat' dir='ltr'>ortis</span> <span class='ocrx_word' id='word_1_111' title='bbox 2319 1718 2487 1790; x_wconf 90' lang='lat' dir='ltr'>quod</span> <span class='ocrx_word' id='word_1_112' title='bbox 2505 1718 2643 1776; x_wconf 88' lang='lat' dir='ltr'>folia</span> <span class='ocrx_word' id='word_1_113' title='bbox 2663 1718 3120 1793; x_wconf 71' lang='lat' dir='ltr'>quaedam,aliis</span> <span class='ocrx_word' id='word_1_114' title='bbox 3163 1723 3405 1793; x_wconf 86' lang='lat' dir='ltr'>propter</span> <span class='ocrx_word' id='word_1_115' title='bbox 3445 1719 3664 1776; x_wconf 78' lang='lat' dir='ltr'>chartae</span> <span class='ocrx_word' id='word_1_116' title='bbox 3714 1718 3870 1774; x_wconf 67' lang='lat' dir='ltr'>inm-</span> 
     </span>
    </p>
   </div>
   <div class='ocr_carea' id='block_1_12' title="bbox 482 1797 3652 1885">
    <p class='ocr_par' dir='ltr' id='par_1_12' title="bbox 482 1797 3652 1885">
     <span class='ocr_line' id='line_1_12' title="bbox 482 1797 3652 1885; baseline 0.004 -31"><span class='ocrx_word' id='word_1_117' title='bbox 482 1797 832 1872; x_wconf 84' lang='lat' dir='ltr'>qualitatem</span> <span class='ocrx_word' id='word_1_118' title='bbox 860 1803 1391 1874; x_wconf 85' lang='lat' dir='ltr'>supereminentia,</span> <span class='ocrx_word' id='word_1_119' title='bbox 1423 1819 1530 1877; x_wconf 86' lang='lat' dir='ltr'>per</span> <span class='ocrx_word' id='word_1_120' title='bbox 1558 1821 1778 1862; x_wconf 82' lang='lat' dir='ltr'>manus</span> <span class='ocrx_word' id='word_1_121' title='bbox 1812 1806 2078 1864; x_wconf 91' lang='lat' dir='ltr'>codicem</span> <span class='ocrx_word' id='word_1_122' title='bbox 2101 1809 2471 1866; x_wconf 84' lang='lat' dir='ltr'>versantium</span> <span class='ocrx_word' id='word_1_123' title='bbox 2502 1811 2719 1885; x_wconf 87' lang='lat' dir='ltr'>partim</span> <span class='ocrx_word' id='word_1_124' title='bbox 2751 1809 3003 1866; x_wconf 83' lang='lat' dir='ltr'>contrita</span> <span class='ocrx_word' id='word_1_125' title='bbox 3031 1813 3088 1866; x_wconf 88' lang='lat' dir='ltr'>et</span> <span class='ocrx_word' id='word_1_126' title='bbox 3112 1808 3374 1868; x_wconf 84' lang='lat' dir='ltr'>lacerata</span> <span class='ocrx_word' id='word_1_127' title='bbox 3394 1810 3652 1867; x_wconf 82' lang='lat' dir='ltr'>fuerunt.</span> 
     </span>
    </p>
   </div>
   <div class='ocr_carea' id='block_1_13' title="bbox 509 1983 3865 2008">
    <p class='ocr_par' dir='ltr' id='par_1_13' title="bbox 509 1983 3865 2008">
     <span class='ocr_line' id='line_1_13' title="bbox 509 1983 3865 2008; baseline 0.002 -8"><span class='ocrx_word' id='word_1_128' title='bbox 509 1983 3865 2008; x_wconf 55' lang='lat' dir='ltr'><em>W</em></span> 
     </span>
    </p>
   </div>
   <div class='ocr_carea' id='block_1_14' title="bbox 1231 2119 3111 2191">
    <p class='ocr_par' dir='ltr' id='par_1_14' title="bbox 1231 2119 3111 2191">
     <span class='ocr_line' id='line_1_14' title="bbox 1231 2119 3111 2191; baseline 0.001 -21"><span class='ocrx_word' id='word_1_129' title='bbox 1231 2121 1538 2191; x_wconf 80' lang='grc' dir='ltr'>ΜΟΝῼΔΙΑ</span> <span class='ocrx_word' id='word_1_130' title='bbox 1562 2119 1692 2173; x_wconf 85' lang='grc' dir='ltr'>ΤΟΥ</span> <span class='ocrx_word' id='word_1_131' title='bbox 1713 2122 2235 2173; x_wconf 85' lang='grc' dir='ltr'>ΠΑΝΑΓΙΩΤΑΤΟΥ</span> <span class='ocrx_word' id='word_1_132' title='bbox 2259 2125 2796 2174; x_wconf 80' lang='grc' dir='ltr'>ΜΗΤΡΟΠΟΛΙΤΟΥ</span> <span class='ocrx_word' id='word_1_133' title='bbox 2825 2124 3111 2173; x_wconf 79' lang='grc' dir='ltr'><strong>ΑΘΗΝΩΝ</strong></span> 
     </span>
    </p>
   </div>
   <div class='ocr_carea' id='block_1_15' title="bbox 1649 2213 2697 2263">
    <p class='ocr_par' dir='ltr' id='par_1_15' title="bbox 1649 2213 2697 2263">
     <span class='ocr_line' id='line_1_15' title="bbox 1649 2213 2697 2263; baseline 0.003 -3"><span class='ocrx_word' id='word_1_134' title='bbox 1649 2213 1865 2260; x_wconf 81' lang='grc' dir='ltr'>ΚΥΡοΥ</span> <span class='ocrx_word' id='word_1_135' title='bbox 1889 2213 2163 2262; x_wconf 80' lang='grc' dir='ltr'><strong>ΜΙΧΑΗΛ</strong></span> <span class='ocrx_word' id='word_1_136' title='bbox 2187 2214 2318 2261; x_wconf 88' lang='grc' dir='ltr'>ΤΟΥ</span> <span class='ocrx_word' id='word_1_137' title='bbox 2349 2214 2697 2263; x_wconf 81' lang='grc' dir='ltr'>ΧΩΝΙΑΤΟΥ</span> 
     </span>
    </p>
   </div>
   <div class='ocr_carea' id='block_1_16' title="bbox 1152 2295 3172 2367">
    <p class='ocr_par' dir='ltr' id='par_1_16' title="bbox 1152 2295 3172 2367">
     <span class='ocr_line' id='line_1_16' title="bbox 1152 2295 3172 2367; baseline 0.002 -21"><span class='ocrx_word' id='word_1_138' title='bbox 1152 2297 1263 2346; x_wconf 82' lang='grc' dir='ltr'>ΕΠΙ</span> <span class='ocrx_word' id='word_1_139' title='bbox 1283 2295 1371 2366; x_wconf 86' lang='grc' dir='ltr'>Τῼ.</span> <span class='ocrx_word' id='word_1_140' title='bbox 1396 2297 1673 2367; x_wconf 84' lang='grc' dir='ltr'>ΘΑΝΑΤῼ</span> <span class='ocrx_word' id='word_1_141' title='bbox 1701 2302 1831 2348; x_wconf 76' lang='grc' dir='ltr'>ΤΟΥ</span> <span class='ocrx_word' id='word_1_142' title='bbox 1858 2303 2075 2351; x_wconf 75' lang='grc' dir='ltr'>ΑΥΤΟΥ</span> <span class='ocrx_word' id='word_1_143' title='bbox 2101 2301 2406 2351; x_wconf 83' lang='grc' dir='ltr'>ΑΔΕΛΦΟΥ</span> <span class='ocrx_word' id='word_1_144' title='bbox 2424 2305 2560 2352; x_wconf 76' lang='grc' dir='ltr'>ΤΩΝ</span> <span class='ocrx_word' id='word_1_145' title='bbox 2603 2304 2886 2352; x_wconf 82' lang='grc' dir='ltr'>ΚΡΙΣΕΩΝ</span> <span class='ocrx_word' id='word_1_146' title='bbox 2914 2303 3172 2354; x_wconf 68' lang='lat' dir='ltr'>moror</span> 
     </span>
    </p>
   </div>
   <div class='ocr_carea' id='block_1_17' title="bbox 1408 2386 2718 2446">
    <p class='ocr_par' dir='ltr' id='par_1_17' title="bbox 1408 2386 2718 2446">
     <span class='ocr_line' id='line_1_17' title="bbox 1408 2386 2718 2446; baseline 0.005 -12"><span class='ocrx_word' id='word_1_147' title='bbox 1408 2386 1521 2436; x_wconf 83' lang='lat' dir='ltr'>KAI</span> <span class='ocrx_word' id='word_1_148' title='bbox 1546 2389 2108 2437; x_wconf 79' lang='grc' dir='ltr'>ΠΡΟΚΑΘΗΜΑΤΟΥ</span> <span class='ocrx_word' id='word_1_149' title='bbox 2133 2391 2266 2440; x_wconf 90' lang='grc' dir='ltr'>ΤΟΥ</span> <span class='ocrx_word' id='word_1_150' title='bbox 2297 2391 2480 2443; x_wconf 85' lang='grc' dir='ltr'><strong>ΚΟΙΤ.</strong></span> <span class='ocrx_word' id='word_1_151' title='bbox 2503 2431 2516 2446; x_wconf 90' lang='grc'>.</span> <span class='ocrx_word' id='word_1_152' title='bbox 2541 2429 2554 2443; x_wconf 92' lang='grc'><strong>.</strong></span> <span class='ocrx_word' id='word_1_153' title='bbox 2577 2431 2588 2444; x_wconf 95' lang='grc'><strong><em>.</em></strong></span> <span class='ocrx_word' id='word_1_154' title='bbox 2613 2394 2718 2443; x_wconf 85' lang='grc' dir='ltr'>,ΟΣ</span> 
     </span>
    </p>
   </div>
   <div class='ocr_carea' id='block_1_18' title="bbox 1334 2477 2414 2536">
    <p class='ocr_par' dir='ltr' id='par_1_18' title="bbox 1334 2477 2414 2536">
     <span class='ocr_line' id='line_1_18' title="bbox 1334 2477 2414 2536; baseline 0.007 -8"><span class='ocrx_word' id='word_1_155' title='bbox 1334 2477 1546 2528; x_wconf 74' lang='grc' dir='ltr'>ΚΥΡΟΥ</span> <span class='ocrx_word' id='word_1_156' title='bbox 1565 2477 1637 2527; x_wconf 88' lang='lat' dir='ltr'>NI</span> <span class='ocrx_word' id='word_1_157' title='bbox 1646 2478 1867 2528; x_wconf 84' lang='grc' dir='ltr'>ΚΗΤΟΥ</span> <span class='ocrx_word' id='word_1_158' title='bbox 1889 2480 2020 2528; x_wconf 86' lang='grc' dir='ltr'>ΤΟΥ</span> <span class='ocrx_word' id='word_1_159' title='bbox 2041 2481 2414 2536; x_wconf 78' lang='grc' dir='ltr'>ΧΩΝΙΑΤΟΥ.</span> 
     </span>
    </p>
   </div>
   <div class='ocr_carea' id='block_1_19' title="bbox 574 2804 3843 2892">
    <p class='ocr_par' dir='ltr' id='par_1_19' title="bbox 574 2804 3843 2892">
     <span class='ocr_line' id='line_1_19' title="bbox 574 2804 3843 2892; baseline 0.002 -31"><span class='ocrx_word' id='word_1_160' title='bbox 574 2804 642 2861; x_wconf 81' lang='grc' dir='ltr'>Ὠ.</span> <span class='ocrx_word' id='word_1_161' title='bbox 700 2812 931 2883; x_wconf 81' lang='grc' dir='ltr'>πονηρᾶς</span> <span class='ocrx_word' id='word_1_162' title='bbox 1017 2807 1263 2882; x_wconf 74' lang='grc' dir='ltr'>ἀγγελίας</span> <span class='ocrx_word' id='word_1_163' title='bbox 1316 2811 1329 2868; x_wconf 69' lang='grc' dir='ltr'>ἔ</span> <span class='ocrx_word' id='word_1_164' title='bbox 1380 2812 1419 2865; x_wconf 82' lang='grc' dir='ltr'>ὦ</span> <span class='ocrx_word' id='word_1_165' title='bbox 1473 2819 1664 2889; x_wconf 85' lang='grc' dir='ltr'>πικρᾶς</span> <span class='ocrx_word' id='word_1_166' title='bbox 1717 2813 1878 2880; x_wconf 78' lang='grc' dir='ltr'>ἀκοῆς</span> <span class='ocrx_word' id='word_1_167' title='bbox 1935 2816 1948 2873; x_wconf 74' lang='grc'>1</span> <span class='ocrx_word' id='word_1_168' title='bbox 2008 2816 2182 2877; x_wconf 84' lang='grc' dir='ltr'>ἯςΑ</span> <span class='ocrx_word' id='word_1_169' title='bbox 2215 2815 2300 2891; x_wconf 81' lang='grc' dir='ltr'>ἀφ’</span> <span class='ocrx_word' id='word_1_170' title='bbox 2330 2819 2466 2891; x_wconf 80' lang='grc' dir='ltr'>ἠρῶν</span> <span class='ocrx_word' id='word_1_171' title='bbox 2496 2821 2754 2890; x_wconf 83' lang='grc' dir='ltr'>μήκιστα,</span> <span class='ocrx_word' id='word_1_172' title='bbox 2787 2820 2876 2870; x_wconf 84' lang='grc' dir='ltr'>καὶ</span> <span class='ocrx_word' id='word_1_173' title='bbox 2907 2816 3013 2890; x_wconf 86' lang='grc' dir='ltr'>ούχ</span> <span class='ocrx_word' id='word_1_174' title='bbox 3035 2815 3154 2891; x_wconf 79' lang='grc' dir='ltr'>ὃσα,</span> <span class='ocrx_word' id='word_1_175' title='bbox 3181 2818 3312 2890; x_wconf 66' lang='grc' dir='ltr'>χθὲς</span> <span class='ocrx_word' id='word_1_176' title='bbox 3358 2819 3448 2869; x_wconf 87' lang='grc' dir='ltr'>καὶ</span> <span class='ocrx_word' id='word_1_177' title='bbox 3504 2817 3605 2892; x_wconf 88' lang='grc' dir='ltr'>πρό</span> <span class='ocrx_word' id='word_1_178' title='bbox 3657 2819 3843 2888; x_wconf 88' lang='grc' dir='ltr'>τρίτου</span> 
     </span>
    </p>
   </div>
   <div class='ocr_carea' id='block_1_20' title="bbox 503 2892 2107 2981">
    <p class='ocr_par' dir='ltr' id='par_1_20' title="bbox 503 2892 2107 2981">
     <span class='ocr_line' id='line_1_20' title="bbox 503 2892 2107 2981; baseline 0.007 -33"><span class='ocrx_word' id='word_1_179' title='bbox 503 2892 779 2961; x_wconf 75' lang='grc' dir='ltr'>ἀδοκήτως</span> <span class='ocrx_word' id='word_1_180' title='bbox 802 2917 894 2970; x_wconf 90' lang='grc' dir='ltr'>μοι</span> <span class='ocrx_word' id='word_1_181' title='bbox 929 2896 1364 2972; x_wconf 82' lang='grc' dir='ltr'>ἐπεισπεσούσης,</span> <span class='ocrx_word' id='word_1_182' title='bbox 1417 2903 1526 2956; x_wconf 84' lang='grc' dir='ltr'>ὦτα</span> <span class='ocrx_word' id='word_1_183' title='bbox 1561 2907 1650 2977; x_wconf 72' lang='grc' dir='ltr'>μὲν</span> <span class='ocrx_word' id='word_1_184' title='bbox 1718 2904 1914 2980; x_wconf 83' lang='grc' dir='ltr'>ἁθρόως</span> <span class='ocrx_word' id='word_1_185' title='bbox 1965 2925 2107 2981; x_wconf 83' lang='grc' dir='ltr'>περι-</span> 
     </span>
    </p>
   </div>
   <div class='ocr_carea' id='block_1_21' title="bbox 505 2984 2111 3069">
    <p class='ocr_par' dir='ltr' id='par_1_21' title="bbox 505 2984 2111 3069">
     <span class='ocr_line' id='line_1_21' title="bbox 505 2984 2111 3069; baseline 0.006 -31"><span class='ocrx_word' id='word_1_186' title='bbox 505 2984 831 3058; x_wconf 81' lang='grc' dir='ltr'>ϐομϐηθέντα</span> <span class='ocrx_word' id='word_1_187' title='bbox 871 2985 1138 3063; x_wconf 77' lang='grc' dir='ltr'>ἀμφότερα</span> <span class='ocrx_word' id='word_1_188' title='bbox 1207 2993 1408 3062; x_wconf 69' lang='grc' dir='ltr'>ἤχησε,</span> <span class='ocrx_word' id='word_1_189' title='bbox 1485 2989 1682 3069; x_wconf 85' lang='grc' dir='ltr'>καρδία</span> <span class='ocrx_word' id='word_1_190' title='bbox 1762 2991 1821 3048; x_wconf 72' lang='grc' dir='ltr'>δὲ</span> <span class='ocrx_word' id='word_1_191' title='bbox 1905 2991 2111 3049; x_wconf 80' lang='grc' dir='ltr'>δειλαία</span> 
     </span>
    </p>
   </div>
   <div class='ocr_carea' id='block_1_22' title="bbox 505 3073 2108 3153">
    <p class='ocr_par' dir='ltr' id='par_1_22' title="bbox 505 3073 2108 3153">
     <span class='ocr_line' id='line_1_22' title="bbox 505 3073 2108 3153; baseline 0.004 -25"><span class='ocrx_word' id='word_1_192' title='bbox 505 3073 758 3148; x_wconf 81' lang='grc' dir='ltr'>βέϐληται</span> <span class='ocrx_word' id='word_1_193' title='bbox 808 3081 966 3150; x_wconf 84' lang='grc' dir='ltr'>μέση,</span> <span class='ocrx_word' id='word_1_194' title='bbox 1053 3078 1309 3153; x_wconf 84' lang='grc' dir='ltr'>ὀφθαλμοὶ</span> <span class='ocrx_word' id='word_1_195' title='bbox 1385 3078 1444 3136; x_wconf 73' lang='grc' dir='ltr'>δε</span> <span class='ocrx_word' id='word_1_196' title='bbox 1499 3086 1557 3136; x_wconf 86' lang='grc' dir='ltr'>τό</span> <span class='ocrx_word' id='word_1_197' title='bbox 1601 3081 1788 3138; x_wconf 72' lang='grc' dir='ltr'>ἐκεῖθεν</span> <span class='ocrx_word' id='word_1_198' title='bbox 1836 3083 2108 3137; x_wconf 77' lang='grc' dir='ltr'>ἀποθλιϐεν</span> 
     </span>
    </p>
   </div>
   <div class='ocr_carea' id='block_1_23' title="bbox 504 3162 2111 3244">
    <p class='ocr_par' dir='ltr' id='par_1_23' title="bbox 504 3162 2111 3244">
     <span class='ocr_line' id='line_1_23' title="bbox 504 3162 2111 3244; baseline 0.005 -27"><span class='ocrx_word' id='word_1_199' title='bbox 504 3162 801 3238; x_wconf 83' lang='grc' dir='ltr'>αἱματῶδες</span> <span class='ocrx_word' id='word_1_200' title='bbox 840 3168 987 3241; x_wconf 83' lang='grc' dir='ltr'>οἶμαι</span> <span class='ocrx_word' id='word_1_201' title='bbox 1042 3165 1251 3244; x_wconf 87' lang='grc' dir='ltr'>δάκρυα</span> <span class='ocrx_word' id='word_1_202' title='bbox 1309 3173 1470 3228; x_wconf 79' lang='grc' dir='ltr'>ἔστ...</span> <span class='ocrx_word' id='word_1_203' title='bbox 1531 3173 1686 3226; x_wconf 84' lang='grc' dir='ltr'>ὁποῖα</span> <span class='ocrx_word' id='word_1_204' title='bbox 1737 3176 1827 3226; x_wconf 85' lang='grc' dir='ltr'>καὶ</span> <span class='ocrx_word' id='word_1_205' title='bbox 1882 3175 1977 3234; x_wconf 85' lang='grc' dir='ltr'>τὰς</span> <span class='ocrx_word' id='word_1_206' title='bbox 2029 3171 2111 3225; x_wconf 85' lang='grc' dir='ltr'>αἰ-</span> 
     </span>
    </p>
   </div>
   <div class='ocr_carea' id='block_1_24' title="bbox 503 3255 2112 3335">
    <p class='ocr_par' dir='ltr' id='par_1_24' title="bbox 503 3255 2112 3335">
     <span class='ocr_line' id='line_1_24' title="bbox 503 3255 2112 3335; baseline 0.001 -25"><span class='ocrx_word' id='word_1_207' title='bbox 503 3259 802 3328; x_wconf 87' lang='grc' dir='ltr'>ματοέσσας</span> <span class='ocrx_word' id='word_1_208' title='bbox 838 3255 1074 3329; x_wconf 78' lang='grc' dir='ltr'>ψεκάδας</span> <span class='ocrx_word' id='word_1_209' title='bbox 1148 3262 1177 3320; x_wconf 80' lang='grc' dir='ltr'>ἡ</span> <span class='ocrx_word' id='word_1_210' title='bbox 1239 3265 1454 3324; x_wconf 90' lang='grc' dir='ltr'>ποίησις</span> <span class='ocrx_word' id='word_1_211' title='bbox 1507 3258 1864 3335; x_wconf 79' lang='grc' dir='ltr'>ἓτραγῴδησε.</span> <span class='ocrx_word' id='word_1_212' title='bbox 1919 3267 2112 3332; x_wconf 84' lang='grc' dir='ltr'>Θαῦμα</span> 
     </span>
    </p>
   </div>
   <div class='ocr_carea' id='block_1_25' title="bbox 506 3341 2107 3425">
    <p class='ocr_par' dir='ltr' id='par_1_25' title="bbox 506 3341 2107 3425">
     <span class='ocr_line' id='line_1_25' title="bbox 506 3341 2107 3425; baseline 0.002 -26"><span class='ocrx_word' id='word_1_213' title='bbox 506 3341 566 3399; x_wconf 68' lang='grc' dir='ltr'>δὲ</span> <span class='ocrx_word' id='word_1_214' title='bbox 639 3346 720 3399; x_wconf 85' lang='grc' dir='ltr'>ὅτι</span> <span class='ocrx_word' id='word_1_215' title='bbox 809 3350 881 3418; x_wconf 82' lang='grc' dir='ltr'>μὴ</span> <span class='ocrx_word' id='word_1_216' title='bbox 981 3352 1071 3402; x_wconf 84' lang='grc' dir='ltr'>καὶ</span> <span class='ocrx_word' id='word_1_217' title='bbox 1150 3358 1248 3404; x_wconf 90' lang='grc' dir='ltr'>τῶν</span> <span class='ocrx_word' id='word_1_218' title='bbox 1290 3349 1649 3425; x_wconf 76' lang='grc' dir='ltr'>ἐμϐροντήτων</span> <span class='ocrx_word' id='word_1_219' title='bbox 1704 3352 1802 3402; x_wconf 82' lang='grc' dir='ltr'>εἴτε</span> <span class='ocrx_word' id='word_1_220' title='bbox 1865 3351 2107 3420; x_wconf 76' lang='grc' dir='ltr'>μὴν......</span> 
     </span>
    </p>
   </div>
   <div class='ocr_carea' id='block_1_26' title="bbox 502 3432 2111 3512">
    <p class='ocr_par' dir='ltr' id='par_1_26' title="bbox 502 3432 2111 3512">
     <span class='ocr_line' id='line_1_26' title="bbox 502 3432 2111 3512; baseline 0.002 -25"><span class='ocrx_word' id='word_1_221' title='bbox 502 3433 744 3494; x_wconf 85' lang='grc' dir='ltr'>πληκτῶν</span> <span class='ocrx_word' id='word_1_222' title='bbox 775 3432 847 3499; x_wconf 83' lang='grc' dir='ltr'>οἷς</span> <span class='ocrx_word' id='word_1_223' title='bbox 904 3436 1150 3512; x_wconf 80' lang='grc' dir='ltr'>ἐγεγόνειν</span> <span class='ocrx_word' id='word_1_224' title='bbox 1207 3444 1298 3494; x_wconf 80' lang='grc' dir='ltr'>καὶ</span> <span class='ocrx_word' id='word_1_225' title='bbox 1357 3441 1426 3502; x_wconf 81' lang='grc' dir='ltr'>ὡς</span> <span class='ocrx_word' id='word_1_226' title='bbox 1482 3439 1647 3496; x_wconf 75' lang='grc' dir='ltr'>στήλη</span> <span class='ocrx_word' id='word_1_227' title='bbox 1703 3458 1786 3499; x_wconf 87' lang='grc' dir='ltr'>τις</span> <span class='ocrx_word' id='word_1_228' title='bbox 1837 3435 2111 3511; x_wconf 75' lang='grc' dir='ltr'>ἐπεπήγειν</span> 
     </span>
    </p>
   </div>
   <div class='ocr_carea' id='block_1_27' title="bbox 503 3525 2113 3601">
    <p class='ocr_par' dir='ltr' id='par_1_27' title="bbox 503 3525 2113 3601">
     <span class='ocr_line' id='line_1_27' title="bbox 503 3525 2113 3601; baseline 0.001 -22"><span class='ocrx_word' id='word_1_229' title='bbox 503 3525 702 3598; x_wconf 80' lang='grc' dir='ltr'>ἄφωνος</span> <span class='ocrx_word' id='word_1_230' title='bbox 750 3525 876 3588; x_wconf 78' lang='grc' dir='ltr'>ὅλως</span> <span class='ocrx_word' id='word_1_231' title='bbox 960 3527 1310 3588; x_wconf 78' lang='grc' dir='ltr'>ἀναισθητῶν.</span> <span class='ocrx_word' id='word_1_232' title='bbox 1396 3526 1528 3580; x_wconf 84' lang='grc' dir='ltr'>Ἀλλ’</span> <span class='ocrx_word' id='word_1_233' title='bbox 1587 3529 1663 3580; x_wconf 74' lang='grc' dir='ltr'>ἔτι</span> <span class='ocrx_word' id='word_1_234' title='bbox 1719 3534 1970 3601; x_wconf 88' lang='grc' dir='ltr'>κννοῦμαι</span> <span class='ocrx_word' id='word_1_235' title='bbox 2023 3532 2113 3581; x_wconf 90' lang='grc' dir='ltr'>καὶ</span> 
     </span>
    </p>
   </div>
   <div class='ocr_carea' id='block_1_28' title="bbox 502 3617 2115 3694">
    <p class='ocr_par' dir='ltr' id='par_1_28' title="bbox 502 3617 2115 3694">
     <span class='ocr_line' id='line_1_28' title="bbox 502 3617 2115 3694; baseline 0.002 -26"><span class='ocrx_word' id='word_1_236' title='bbox 502 3633 625 3673; x_wconf 90' lang='grc' dir='ltr'><strong>τ....</strong></span> <span class='ocrx_word' id='word_1_237' title='bbox 747 3619 1018 3692; x_wconf 80' lang='grc' dir='ltr'>συμφορὰς</span> <span class='ocrx_word' id='word_1_238' title='bbox 1137 3617 1420 3681; x_wconf 84' lang='grc' dir='ltr'>ξυνι.......</span> <span class='ocrx_word' id='word_1_239' title='bbox 1535 3621 1624 3669; x_wconf 82' lang='grc' dir='ltr'>καὶ</span> <span class='ocrx_word' id='word_1_240' title='bbox 1741 3621 2115 3694; x_wconf 79' lang='grc' dir='ltr'>συμφρονήσας</span> 
     </span>
    </p>
   </div>
   <div class='ocr_carea' id='block_1_29' title="bbox 501 3703 2118 3781">
    <p class='ocr_par' dir='ltr' id='par_1_29' title="bbox 501 3703 2118 3781">
     <span class='ocr_line' id='line_1_29' title="bbox 501 3703 2118 3781; baseline 0.002 -25"><span class='ocrx_word' id='word_1_241' title='bbox 501 3706 678 3779; x_wconf 83' lang='grc' dir='ltr'>γοερόν</span> <span class='ocrx_word' id='word_1_242' title='bbox 707 3703 1116 3780; x_wconf 82' lang='grc' dir='ltr'>ἆναφθέγγομαι·</span> <span class='ocrx_word' id='word_1_243' title='bbox 1162 3706 1192 3766; x_wconf 75' lang='grc' dir='ltr'><strong>ἦ</strong></span> <span class='ocrx_word' id='word_1_244' title='bbox 1253 3706 1402 3779; x_wconf 77' lang='grc' dir='ltr'>τάχα</span> <span class='ocrx_word' id='word_1_245' title='bbox 1451 3710 1542 3760; x_wconf 82' lang='grc' dir='ltr'>καὶ</span> <span class='ocrx_word' id='word_1_246' title='bbox 1603 3706 1758 3761; x_wconf 84' lang='grc' dir='ltr'>τούτο</span> <span class='ocrx_word' id='word_1_247' title='bbox 1809 3714 1904 3770; x_wconf 77' lang='grc' dir='ltr'>τῆς</span> <span class='ocrx_word' id='word_1_248' title='bbox 1956 3727 2118 3781; x_wconf 83' lang='grc' dir='ltr'>τιμω-</span> 
     </span>
    </p>
   </div>
   <div class='ocr_carea' id='block_1_30' title="bbox 502 3789 2114 3870">
    <p class='ocr_par' dir='ltr' id='par_1_30' title="bbox 502 3789 2114 3870">
     <span class='ocr_line' id='line_1_30' title="bbox 502 3789 2114 3870; baseline 0.004 -25"><span class='ocrx_word' id='word_1_249' title='bbox 502 3799 597 3868; x_wconf 86' lang='grc' dir='ltr'>ροῦ</span> <span class='ocrx_word' id='word_1_250' title='bbox 647 3789 806 3858; x_wconf 83' lang='grc' dir='ltr'>δίκης</span> <span class='ocrx_word' id='word_1_251' title='bbox 873 3796 987 3849; x_wconf 87' lang='grc' dir='ltr'>κατ’</span> <span class='ocrx_word' id='word_1_252' title='bbox 1080 3793 1206 3868; x_wconf 84' lang='grc' dir='ltr'>ἐμοῦ</span> <span class='ocrx_word' id='word_1_253' title='bbox 1275 3797 1574 3870; x_wconf 88' lang='grc' dir='ltr'>μηχάνημα</span> <span class='ocrx_word' id='word_1_254' title='bbox 1657 3797 1739 3850; x_wconf 82' lang='grc' dir='ltr'>ἵνα</span> <span class='ocrx_word' id='word_1_255' title='bbox 1822 3802 2114 3870; x_wconf 57' lang='grc' dir='ltr'>μήτ-τοτα...</span> 
     </span>
    </p>
   </div>
   <div class='ocr_carea' id='block_1_31' title="bbox 501 3883 2117 3960">
    <p class='ocr_par' dir='ltr' id='par_1_31' title="bbox 501 3883 2117 3960">
     <span class='ocr_line' id='line_1_31' title="bbox 501 3883 2117 3960; baseline 0.001 -22"><span class='ocrx_word' id='word_1_256' title='bbox 501 3889 678 3958; x_wconf 79' lang='grc' dir='ltr'>,φρονεῖ</span> <span class='ocrx_word' id='word_1_257' title='bbox 737 3883 1079 3958; x_wconf 81' lang='grc' dir='ltr'>λελωϐημένος</span> <span class='ocrx_word' id='word_1_258' title='bbox 1130 3889 1221 3938; x_wconf 84' lang='grc' dir='ltr'>καὶ</span> <span class='ocrx_word' id='word_1_259' title='bbox 1295 3891 1624 3960; x_wconf 85' lang='grc' dir='ltr'>παρακοπεὶς</span> <span class='ocrx_word' id='word_1_260' title='bbox 1703 3890 1798 3946; x_wconf 86' lang='grc' dir='ltr'>τὴν</span> <span class='ocrx_word' id='word_1_261' title='bbox 1867 3888 2117 3947; x_wconf 82' lang='grc' dir='ltr'>αἴσθησιν</span> 
     </span>
    </p>
   </div>
   <div class='ocr_carea' id='block_1_32' title="bbox 505 3973 831 4048">
    <p class='ocr_par' dir='ltr' id='par_1_32' title="bbox 505 3973 831 4048">
     <span class='ocr_line' id='line_1_32' title="bbox 505 3973 831 4048; baseline 0.003 -22"><span class='ocrx_word' id='word_1_262' title='bbox 505 3977 544 4026; x_wconf 80' lang='grc' dir='ltr'>ὡ</span> <span class='ocrx_word' id='word_1_263' title='bbox 555 3996 576 4038; x_wconf 89' lang='grc' dir='ltr'>ς</span> <span class='ocrx_word' id='word_1_264' title='bbox 640 3973 831 4048; x_wconf 77' lang='grc' dir='ltr'>ἀναλγῆ</span> 
     </span>
    </p>
   </div>
   <div class='ocr_carea' id='block_1_33' title="bbox 503 4065 2118 4143">
    <p class='ocr_par' dir='ltr' id='par_1_33' title="bbox 503 4065 2118 4143">
     <span class='ocr_line' id='line_1_33' title="bbox 503 4065 2118 4143; baseline 0.001 -24"><span class='ocrx_word' id='word_1_265' title='bbox 503 4069 827 4124; x_wconf 51' lang='lat' dir='ltr'>nouum...”</span> <span class='ocrx_word' id='word_1_266' title='bbox 896 4065 1079 4142; x_wconf 79' lang='grc' dir='ltr'>ἀρτίαν</span> <span class='ocrx_word' id='word_1_267' title='bbox 1169 4069 1305 4141; x_wconf 80' lang='grc' dir='ltr'>ἔχων</span> <span class='ocrx_word' id='word_1_268' title='bbox 1403 4072 1497 4128; x_wconf 76' lang='grc' dir='ltr'>τὴν</span> <span class='ocrx_word' id='word_1_269' title='bbox 1598 4074 1811 4143; x_wconf 87' lang='grc' dir='ltr'>γνώμην</span> <span class='ocrx_word' id='word_1_270' title='bbox 1863 4073 1953 4121; x_wconf 72' lang='grc' dir='ltr'>καὶ</span> <span class='ocrx_word' id='word_1_271' title='bbox 2017 4076 2118 4122; x_wconf 88' lang='grc' dir='ltr'>τῶν</span> 
     </span>
    </p>
   </div>
   <div class='ocr_carea' id='block_1_34' title="bbox 506 4155 2122 4234">
    <p class='ocr_par' dir='ltr' id='par_1_34' title="bbox 506 4155 2122 4234">
     <span class='ocr_line' id='line_1_34' title="bbox 506 4155 2122 4234; baseline 0.001 -25"><span class='ocrx_word' id='word_1_272' title='bbox 506 4155 727 4231; x_wconf 79' lang='grc' dir='ltr'>ἀνιαρῶν</span> <span class='ocrx_word' id='word_1_273' title='bbox 777 4155 1061 4212; x_wconf 83' lang='grc' dir='ltr'>έπαίουσαν</span> <span class='ocrx_word' id='word_1_274' title='bbox 1117 4155 1389 4234; x_wconf 82' lang='grc' dir='ltr'>ὀδυνῶμαι</span> <span class='ocrx_word' id='word_1_275' title='bbox 1445 4160 1672 4232; x_wconf 86' lang='grc' dir='ltr'>πάσχων</span> <span class='ocrx_word' id='word_1_276' title='bbox 1726 4163 1816 4211; x_wconf 85' lang='grc' dir='ltr'>καὶ</span> <span class='ocrx_word' id='word_1_277' title='bbox 1875 4155 2122 4230; x_wconf 85' lang='grc' dir='ltr'>δριμύτε-</span> 
     </span>
    </p>
   </div>
   <div class='ocr_carea' id='block_1_35' title="bbox 503 4243 2121 4322">
    <p class='ocr_par' dir='ltr' id='par_1_35' title="bbox 503 4243 2121 4322">
     <span class='ocr_line' id='line_1_35' title="bbox 503 4243 2121 4322; baseline -0.009 -13"><span class='ocrx_word' id='word_1_278' title='bbox 503 4264 591 4322; x_wconf 84' lang='grc' dir='ltr'>ρον</span> <span class='ocrx_word' id='word_1_279' title='bbox 654 4243 1036 4321; x_wconf 76' lang='grc' dir='ltr'>βασανίξομαι.</span> <span class='ocrx_word' id='word_1_280' title='bbox 1095 4247 1353 4320; x_wconf 67' lang='grc' dir='ltr'>Ἀναλγ...</span> <span class='ocrx_word' id='word_1_281' title='bbox 1421 4243 1481 4302; x_wconf 69' lang='grc' dir='ltr'>δὲ</span> <span class='ocrx_word' id='word_1_282' title='bbox 1521 4248 1656 4300; x_wconf 79' lang='grc' dir='ltr'>ἅπαν</span> <span class='ocrx_word' id='word_1_283' title='bbox 1710 4250 1781 4318; x_wconf 80' lang='grc' dir='ltr'>μὴ</span> <span class='ocrx_word' id='word_1_284' title='bbox 1838 4247 1960 4316; x_wconf 80' lang='grc' dir='ltr'>ἔχον</span> <span class='ocrx_word' id='word_1_285' title='bbox 2019 4252 2121 4295; x_wconf 85' lang='grc' dir='ltr'>τῶν</span> 
     </span>
    </p>
   </div>
   <div class='ocr_carea' id='block_1_36' title="bbox 503 4331 2118 4399">
    <p class='ocr_par' dir='ltr' id='par_1_36' title="bbox 503 4331 2118 4399">
     <span class='ocr_line' id='line_1_36' title="bbox 503 4331 2118 4399; baseline -0.003 -11"><span class='ocrx_word' id='word_1_286' title='bbox 503 4335 797 4390; x_wconf 82' lang='grc' dir='ltr'>λυπούντων</span> <span class='ocrx_word' id='word_1_287' title='bbox 849 4340 1219 4396; x_wconf 84' lang='grc' dir='ltr'>συναίσθησιν.</span> <span class='ocrx_word' id='word_1_288' title='bbox 1256 4343 1437 4392; x_wconf 82' lang='grc' dir='ltr'>Καίτοι</span> <span class='ocrx_word' id='word_1_289' title='bbox 1480 4340 1549 4396; x_wconf 81' lang='grc' dir='ltr'>εἵς</span> <span class='ocrx_word' id='word_1_290' title='bbox 1603 4353 1721 4387; x_wconf 84' lang='grc' dir='ltr'>τινα</span> <span class='ocrx_word' id='word_1_291' title='bbox 1770 4331 1967 4389; x_wconf 78' lang='grc' dir='ltr'>στήλην</span> <span class='ocrx_word' id='word_1_292' title='bbox 2027 4350 2118 4399; x_wconf 86' lang='grc' dir='ltr'>με-</span> 
     </span>
    </p>
   </div>
   <div class='ocr_carea' id='block_1_37' title="bbox 505 4419 2118 4498">
    <p class='ocr_par' dir='ltr' id='par_1_37' title="bbox 505 4419 2118 4498">
     <span class='ocr_line' id='line_1_37' title="bbox 505 4419 2118 4498; baseline -0.006 -19"><span class='ocrx_word' id='word_1_293' title='bbox 505 4425 738 4479; x_wconf 78' lang='grc' dir='ltr'>ταϐαλὼν</span> <span class='ocrx_word' id='word_1_294' title='bbox 765 4430 863 4481; x_wconf 81' lang='grc' dir='ltr'>εἴτε</span> <span class='ocrx_word' id='word_1_295' title='bbox 915 4427 1094 4486; x_wconf 85' lang='grc' dir='ltr'>λαίνην</span> <span class='ocrx_word' id='word_1_296' title='bbox 1143 4431 1231 4479; x_wconf 78' lang='grc' dir='ltr'>καὶ</span> <span class='ocrx_word' id='word_1_297' title='bbox 1289 4427 1517 4498; x_wconf 80' lang='grc' dir='ltr'>μυθικὴν</span> <span class='ocrx_word' id='word_1_298' title='bbox 1561 4427 1651 4475; x_wconf 82' lang='grc' dir='ltr'>καὶ</span> <span class='ocrx_word' id='word_1_299' title='bbox 1706 4423 1853 4491; x_wconf 82' lang='grc' dir='ltr'>κωφὰ</span> <span class='ocrx_word' id='word_1_300' title='bbox 1897 4419 2118 4492; x_wconf 79' lang='grc' dir='ltr'>ῥέουσαν</span> 
     </span>
    </p>
   </div>
   <div class='ocr_carea' id='block_1_38' title="bbox 1013 4507 2116 4586">
    <p class='ocr_par' dir='ltr' id='par_1_38' title="bbox 1013 4507 2116 4586">
     <span class='ocr_line' id='line_1_38' title="bbox 1013 4507 2116 4586; baseline -0.01 -18"><span class='ocrx_word' id='word_1_301' title='bbox 1013 4519 1112 4569; x_wconf 79' lang='grc' dir='ltr'>εἴτε</span> <span class='ocrx_word' id='word_1_302' title='bbox 1187 4518 1449 4586; x_wconf 77' lang='grc' dir='ltr'>γραφικὴν</span> <span class='ocrx_word' id='word_1_303' title='bbox 1530 4515 1621 4562; x_wconf 78' lang='grc' dir='ltr'>καὶ</span> <span class='ocrx_word' id='word_1_304' title='bbox 1706 4507 2116 4579; x_wconf 88' lang='grc' dir='ltr'>καλουμένην,.,.</span> 
     </span>
    </p>
   </div>
   <div class='ocr_carea' id='block_1_39' title="bbox 1544 4597 2119 4670">
    <p class='ocr_par' dir='ltr' id='par_1_39' title="bbox 1544 4597 2119 4670">
     <span class='ocr_line' id='line_1_39' title="bbox 1544 4597 2119 4670; baseline 0 -20"><span class='ocrx_word' id='word_1_305' title='bbox 1544 4597 1657 4650; x_wconf 81' lang='grc' dir='ltr'><strong>ἐποὶ</strong></span> <span class='ocrx_word' id='word_1_306' title='bbox 1703 4605 1776 4670; x_wconf 82' lang='grc' dir='ltr'>τῷ</span> <span class='ocrx_word' id='word_1_307' title='bbox 1829 4598 2119 4670; x_wconf 85' lang='grc' dir='ltr'>μωραθέντι</span> 
     </span>
    </p>
   </div>
   <div class='ocr_carea' id='block_1_40' title="bbox 507 4511 916 4592">
    <p class='ocr_par' dir='ltr' id='par_1_40' title="bbox 507 4511 916 4592">
     <span class='ocr_line' id='line_1_40' title="bbox 507 4511 916 4592; baseline 0.007 -24"><span class='ocrx_word' id='word_1_308' title='bbox 507 4511 734 4592; x_wconf 83' lang='grc' dir='ltr'>δάκρυα,</span> <span class='ocrx_word' id='word_1_309' title='bbox 790 4517 916 4581; x_wconf 70' lang='grc' dir='ltr'>ᾖμμ</span> 
     </span>
    </p>
   </div>
   <div class='ocr_carea' id='block_1_41' title="bbox 507 4604 1438 4678">
    <p class='ocr_par' dir='ltr' id='par_1_41' title="bbox 507 4604 1438 4678">
     <span class='ocr_line' id='line_1_41' title="bbox 507 4604 1438 4678; baseline -0.004 -20"><span class='ocrx_word' id='word_1_310' title='bbox 507 4604 625 4668; x_wconf 81' lang='grc' dir='ltr'>ἁλὸς</span> <span class='ocrx_word' id='word_1_311' title='bbox 701 4606 980 4678; x_wconf 81' lang='grc' dir='ltr'>ὁμωνύμως</span> <span class='ocrx_word' id='word_1_312' title='bbox 1031 4607 1060 4663; x_wconf 73' lang='grc' dir='ltr'><strong>ἦ</strong></span> <span class='ocrx_word' id='word_1_313' title='bbox 1131 4604 1438 4676; x_wconf 83' lang='grc' dir='ltr'>φερωνύμως</span> 
     </span>
    </p>
   </div>
   <div class='ocr_carea' id='block_1_42' title="bbox 506 4687 2118 4766">
    <p class='ocr_par' dir='ltr' id='par_1_42' title="bbox 506 4687 2118 4766">
     <span class='ocr_line' id='line_1_42' title="bbox 506 4687 2118 4766; baseline 0 -20"><span class='ocrx_word' id='word_1_314' title='bbox 506 4693 656 4747; x_wconf 78' lang='grc' dir='ltr'>ἅλατι</span> <span class='ocrx_word' id='word_1_315' title='bbox 688 4697 777 4746; x_wconf 86' lang='grc' dir='ltr'>καὶ</span> <span class='ocrx_word' id='word_1_316' title='bbox 821 4697 940 4766; x_wconf 84' lang='grc' dir='ltr'>περὶ</span> <span class='ocrx_word' id='word_1_317' title='bbox 992 4697 1143 4745; x_wconf 88' lang='grc' dir='ltr'>τοῦτο</span> <span class='ocrx_word' id='word_1_318' title='bbox 1203 4688 1385 4762; x_wconf 58' lang='lat' dir='ltr'>ﬁl...”</span> <span class='ocrx_word' id='word_1_319' title='bbox 1443 4687 1539 4751; x_wconf 78' lang='grc' dir='ltr'>ἔξω</span> <span class='ocrx_word' id='word_1_320' title='bbox 1598 4690 1688 4740; x_wconf 82' lang='grc' dir='ltr'>καὶ</span> <span class='ocrx_word' id='word_1_321' title='bbox 1744 4705 2118 4746; x_wconf 79' lang='grc' dir='ltr'>καταπεπατη-</span> 
     </span>
    </p>
   </div>
   <div class='ocr_carea' id='block_1_43' title="bbox 506 4773 2119 4858">
    <p class='ocr_par' dir='ltr' id='par_1_43' title="bbox 506 4773 2119 4858">
     <span class='ocr_line' id='line_1_43' title="bbox 506 4773 2119 4858; baseline -0.002 -23"><span class='ocrx_word' id='word_1_322' title='bbox 506 4787 640 4858; x_wconf 80' lang='grc' dir='ltr'>μένῳ</span> <span class='ocrx_word' id='word_1_323' title='bbox 669 4783 768 4835; x_wconf 83' lang='grc' dir='ltr'>ύπὸ</span> <span class='ocrx_word' id='word_1_324' title='bbox 794 4789 893 4834; x_wconf 88' lang='grc' dir='ltr'>τῶν</span> <span class='ocrx_word' id='word_1_325' title='bbox 953 4779 1254 4852; x_wconf 78' lang='grc' dir='ltr'>ἀνθρώπων,</span> <span class='ocrx_word' id='word_1_326' title='bbox 1300 4773 1416 4830; x_wconf 71' lang='grc' dir='ltr'>οὐδ’</span> <span class='ocrx_word' id='word_1_327' title='bbox 1471 4777 1635 4838; x_wconf 74' lang='grc' dir='ltr'>οὕτως</span> <span class='ocrx_word' id='word_1_328' title='bbox 1684 4775 1743 4829; x_wconf 77' lang='grc' dir='ltr'>ἂν</span> <span class='ocrx_word' id='word_1_329' title='bbox 1790 4784 1882 4839; x_wconf 81' lang='grc' dir='ltr'>τῆς</span> <span class='ocrx_word' id='word_1_330' title='bbox 1925 4773 2119 4852; x_wconf 71' lang='grc' dir='ltr'>Ἀδραο</span> 
     </span>
    </p>
   </div>
   <div class='ocr_carea' id='block_1_44' title="bbox 511 4861 2118 4943">
    <p class='ocr_par' dir='ltr' id='par_1_44' title="bbox 511 4861 2118 4943">
     <span class='ocr_line' id='line_1_44' title="bbox 511 4861 2118 4943; baseline -0.003 -16"><span class='ocrx_word' id='word_1_331' title='bbox 511 4877 686 4936; x_wconf 86' lang='grc' dir='ltr'>στείας</span> <span class='ocrx_word' id='word_1_332' title='bbox 719 4875 812 4931; x_wconf 76' lang='grc' dir='ltr'>τὴν</span> <span class='ocrx_word' id='word_1_333' title='bbox 867 4874 1089 4943; x_wconf 77' lang='grc' dir='ltr'>Νέμεσιν</span> <span class='ocrx_word' id='word_1_334' title='bbox 1139 4863 1464 4939; x_wconf 82' lang='grc' dir='ltr'>διαπέφευγα</span> <span class='ocrx_word' id='word_1_335' title='bbox 1509 4861 1848 4941; x_wconf 88' lang='grc' dir='ltr'>διακεστέραν</span> <span class='ocrx_word' id='word_1_336' title='bbox 1878 4871 1987 4921; x_wconf 88' lang='grc' dir='ltr'>τίσι</span> <span class='ocrx_word' id='word_1_337' title='bbox 2017 4887 2118 4923; x_wconf 91' lang='grc' dir='ltr'>κ...</span> 
     </span>
    </p>
   </div>
   <div class='ocr_carea' id='block_1_45' title="bbox 507 4951 2117 5036">
    <p class='ocr_par' dir='ltr' id='par_1_45' title="bbox 507 4951 2117 5036">
     <span class='ocr_line' id='line_1_45' title="bbox 507 4951 2117 5036; baseline -0.004 -20"><span class='ocrx_word' id='word_1_338' title='bbox 507 4964 762 5036; x_wconf 77' lang='grc' dir='ltr'>ὑποσχὼν</span> <span class='ocrx_word' id='word_1_339' title='bbox 791 4959 934 5014; x_wconf 86' lang='grc' dir='ltr'>τοῦτ’</span> <span class='ocrx_word' id='word_1_340' title='bbox 986 4957 1112 5010; x_wconf 88' lang='grc' dir='ltr'>αύτὸ</span> <span class='ocrx_word' id='word_1_341' title='bbox 1161 4958 1219 5008; x_wconf 88' lang='grc' dir='ltr'>τὸ</span> <span class='ocrx_word' id='word_1_342' title='bbox 1279 4951 1351 5009; x_wconf 85' lang='grc' dir='ltr'>δι’</span> <span class='ocrx_word' id='word_1_343' title='bbox 1402 4955 1588 5018; x_wconf 79' lang='grc' dir='ltr'>αἰῶνος</span> <span class='ocrx_word' id='word_1_344' title='bbox 1637 4955 1903 5010; x_wconf 75' lang='grc' dir='ltr'>ἐκκεῖσθαι</span> <span class='ocrx_word' id='word_1_345' title='bbox 1959 4963 2117 5010; x_wconf 82' lang='grc' dir='ltr'>πᾶσιν</span> 
     </span>
    </p>
   </div>
   <div class='ocr_carea' id='block_1_46' title="bbox 507 5043 2120 5124">
    <p class='ocr_par' dir='ltr' id='par_1_46' title="bbox 507 5043 2120 5124">
     <span class='ocr_line' id='line_1_46' title="bbox 507 5043 2120 5124; baseline -0.004 -19"><span class='ocrx_word' id='word_1_346' title='bbox 507 5050 592 5105; x_wconf 73' lang='grc' dir='ltr'>ἰπὶ</span> <span class='ocrx_word' id='word_1_347' title='bbox 652 5053 899 5124; x_wconf 78' lang='grc' dir='ltr'>θεομηνίᾳ</span> <span class='ocrx_word' id='word_1_348' title='bbox 973 5045 1413 5119; x_wconf 81' lang='grc' dir='ltr'>στηλιτευόμενος.</span> <span class='ocrx_word' id='word_1_349' title='bbox 1484 5045 1843 5122; x_wconf 79' lang='grc' dir='ltr'>Ἀλγεινότερα</span> <span class='ocrx_word' id='word_1_350' title='bbox 1883 5043 1932 5099; x_wconf 88' lang='grc' dir='ltr'>δ’</span> <span class='ocrx_word' id='word_1_351' title='bbox 1981 5048 2120 5120; x_wconf 86' lang='grc' dir='ltr'>ὅμως</span> 
     </span>
    </p>
   </div>
   <div class='ocr_carea' id='block_1_47' title="bbox 506 5132 1767 5213">
    <p class='ocr_par' dir='ltr' id='par_1_47' title="bbox 506 5132 1767 5213">
     <span class='ocr_line' id='line_1_47' title="bbox 506 5132 1767 5213; baseline -0.005 -19"><span class='ocrx_word' id='word_1_352' title='bbox 506 5139 676 5210; x_wconf 84' lang='grc' dir='ltr'>πολλῷ</span> <span class='ocrx_word' id='word_1_353' title='bbox 741 5142 772 5199; x_wconf 77' lang='grc' dir='ltr'><strong>ἠ</strong></span> <span class='ocrx_word' id='word_1_354' title='bbox 834 5146 922 5190; x_wconf 85' lang='grc' dir='ltr'>νῦν</span> <span class='ocrx_word' id='word_1_355' title='bbox 987 5140 1358 5195; x_wconf 86' lang='grc' dir='ltr'>ποιναία.......</span> <span class='ocrx_word' id='word_1_356' title='bbox 1438 5132 1540 5196; x_wconf 83' lang='grc' dir='ltr'>δύη</span> <span class='ocrx_word' id='word_1_357' title='bbox 1636 5140 1767 5213; x_wconf 86' lang='grc' dir='ltr'>πρὸς</span> 
     </span>
    </p>
   </div>
   <div class='ocr_carea' id='block_1_48' title="bbox 507 5222 2116 5302">
    <p class='ocr_par' dir='ltr' id='par_1_48' title="bbox 507 5222 2116 5302">
     <span class='ocr_line' id='line_1_48' title="bbox 507 5222 2116 5302; baseline -0.001 -22"><span class='ocrx_word' id='word_1_358' title='bbox 507 5234 723 5302; x_wconf 89' lang='grc' dir='ltr'>χώρηκε</span> <span class='ocrx_word' id='word_1_359' title='bbox 780 5233 1062 5301; x_wconf 89' lang='grc' dir='ltr'>συνορῶντῖ</span> <span class='ocrx_word' id='word_1_360' title='bbox 1122 5234 1301 5299; x_wconf 80' lang='grc' dir='ltr'>σαφῶς</span> <span class='ocrx_word' id='word_1_361' title='bbox 1357 5222 1462 5290; x_wconf 85' lang='grc' dir='ltr'>οἶος</span> <span class='ocrx_word' id='word_1_362' title='bbox 1529 5235 1700 5279; x_wconf 80' lang='grc' dir='ltr'>κακῶν</span> <span class='ocrx_word' id='word_1_363' title='bbox 1765 5225 1996 5300; x_wconf 76' lang='grc' dir='ltr'>κολοφὼν</span> <span class='ocrx_word' id='word_1_364' title='bbox 2053 5233 2116 5286; x_wconf 83' lang='grc' dir='ltr'>τῆ</span> 
     </span>
    </p>
   </div>
   <div class='ocr_carea' id='block_1_49' title="bbox 505 5315 2120 5392">
    <p class='ocr_par' dir='ltr' id='par_1_49' title="bbox 505 5315 2120 5392">
     <span class='ocr_line' id='line_1_49' title="bbox 505 5315 2120 5392; baseline 0.001 -22"><span class='ocrx_word' id='word_1_365' title='bbox 505 5317 722 5389; x_wconf 77' lang='grc' dir='ltr'>τλήμονι</span> <span class='ocrx_word' id='word_1_366' title='bbox 772 5315 927 5389; x_wconf 72' lang='grc' dir='ltr'>ψυχῆ</span> <span class='ocrx_word' id='word_1_367' title='bbox 986 5337 1086 5390; x_wconf 89' lang='grc' dir='ltr'>μου</span> <span class='ocrx_word' id='word_1_368' title='bbox 1159 5315 1508 5389; x_wconf 77' lang='grc' dir='ltr'>ἐπεκώμασεν,</span> <span class='ocrx_word' id='word_1_369' title='bbox 1577 5317 1662 5369; x_wconf 86' lang='grc' dir='ltr'>οἷα</span> <span class='ocrx_word' id='word_1_370' title='bbox 1722 5324 2120 5392; x_wconf 86' lang='grc' dir='ltr'>συμφορῶν.....</span> 
     </span>
    </p>
   </div>
   <div class='ocr_carea' id='block_1_50' title="bbox 509 5401 2120 5482">
    <p class='ocr_par' dir='ltr' id='par_1_50' title="bbox 509 5401 2120 5482">
     <span class='ocr_line' id='line_1_50' title="bbox 509 5401 2120 5482; baseline 0 -24"><span class='ocrx_word' id='word_1_371' title='bbox 509 5405 788 5479; x_wconf 84' lang='grc' dir='ltr'>εἰσεφθάρη</span> <span class='ocrx_word' id='word_1_372' title='bbox 889 5411 1126 5482; x_wconf 81' lang='grc' dir='ltr'>κορωνὶς,</span> <span class='ocrx_word' id='word_1_373' title='bbox 1193 5405 1368 5465; x_wconf 78' lang='grc' dir='ltr'>ἡλίκον</span> <span class='ocrx_word' id='word_1_374' title='bbox 1442 5405 1706 5478; x_wconf 81' lang='grc' dir='ltr'>ἑπηνέχθη</span> <span class='ocrx_word' id='word_1_375' title='bbox 1781 5401 2120 5479; x_wconf 83' lang='grc' dir='ltr'>δυσπραγίας</span> 
     </span>
    </p>
   </div>
   <div class='ocr_carea' id='block_1_51' title="bbox 509 5493 1692 5567">
    <p class='ocr_par' dir='ltr' id='par_1_51' title="bbox 509 5493 1692 5567">
     <span class='ocr_line' id='line_1_51' title="bbox 509 5493 1692 5567; baseline 0.003 -21"><span class='ocrx_word' id='word_1_376' title='bbox 509 5493 783 5566; x_wconf 83' lang='grc' dir='ltr'>κεφάλαιόν</span> <span class='ocrx_word' id='word_1_377' title='bbox 810 5513 862 5547; x_wconf 87' lang='grc' dir='ltr'>τι</span> <span class='ocrx_word' id='word_1_378' title='bbox 887 5503 978 5549; x_wconf 80' lang='grc' dir='ltr'>τοῦ</span> <span class='ocrx_word' id='word_1_379' title='bbox 1007 5496 1188 5550; x_wconf 81' lang='grc' dir='ltr'>λοιποῦ</span> <span class='ocrx_word' id='word_1_380' title='bbox 1219 5494 1397 5567; x_wconf 79' lang='grc' dir='ltr'>ἄλγιον</span> <span class='ocrx_word' id='word_1_381' title='bbox 1422 5499 1692 5567; x_wconf 85' lang='grc' dir='ltr'>πείσομαι.</span> 
     </span>
    </p>
   </div>
   <div class='ocr_carea' id='block_1_52' title="bbox 507 5581 1838 5660">
    <p class='ocr_par' dir='ltr' id='par_1_52' title="bbox 507 5581 1838 5660">
     <span class='ocr_line' id='line_1_52' title="bbox 507 5581 1838 5660; baseline 0.001 -24"><span class='ocrx_word' id='word_1_382' title='bbox 507 5581 651 5656; x_wconf 57' lang='grc' dir='ltr'>ξ”Ω</span> <span class='ocrx_word' id='word_1_383' title='bbox 703 5603 811 5656; x_wconf 80' lang='grc' dir='ltr'>μοι,</span> <span class='ocrx_word' id='word_1_384' title='bbox 917 5581 1104 5660; x_wconf 78' lang='grc' dir='ltr'>ἀδελφέ</span> <span class='ocrx_word' id='word_1_385' title='bbox 1196 5585 1469 5659; x_wconf 81' lang='grc' dir='ltr'>φίλ......ῶ</span> <span class='ocrx_word' id='word_1_386' title='bbox 1551 5604 1663 5660; x_wconf 85' lang='grc' dir='ltr'>μοι,</span> <span class='ocrx_word' id='word_1_387' title='bbox 1759 5601 1838 5638; x_wconf 86' lang='grc' dir='ltr'>οτι</span> 
     </span>
    </p>
   </div>
   <div class='ocr_carea' id='block_1_53' title="bbox 1843 5137 2121 5212">
    <p class='ocr_par' dir='ltr' id='par_1_53' title="bbox 1843 5137 2121 5212">
     <span class='ocr_line' id='line_1_53' title="bbox 1843 5137 2121 5212; baseline 0 -22"><span class='ocrx_word' id='word_1_388' title='bbox 1843 5137 1985 5212; x_wconf 78' lang='grc' dir='ltr'>ἧπαρ</span> <span class='ocrx_word' id='word_1_389' title='bbox 2041 5155 2121 5190; x_wconf 82' lang='grc' dir='ltr'>κε·</span> 
     </span>
    </p>
   </div>
   <div class='ocr_carea' id='block_1_54' title="bbox 1911 5579 2118 5638">
    <p class='ocr_par' dir='ltr' id='par_1_54' title="bbox 1911 5579 2118 5638">
     <span class='ocr_line' id='line_1_54' title="bbox 1911 5579 2118 5638; baseline 0.005 -1"><span class='ocrx_word' id='word_1_390' title='bbox 1911 5579 1945 5637; x_wconf 85' lang='grc' dir='ltr'>δ</span> <span class='ocrx_word' id='word_1_391' title='bbox 1949 5587 1992 5637; x_wconf 82' lang='grc' dir='ltr'>ιέ</span> <span class='ocrx_word' id='word_1_392' title='bbox 1998 5583 2118 5638; x_wconf 77' lang='grc' dir='ltr'>σται</span> 
     </span>
    </p>
   </div>
   <div class='ocr_carea' id='block_1_55' title="bbox 2216 2904 3846 2980">
    <p class='ocr_par' dir='ltr' id='par_1_55' title="bbox 2216 2904 3846 2980">
     <span class='ocr_line' id='line_1_55' title="bbox 2216 2904 3846 2980; baseline -0.001 -21"><span class='ocrx_word' id='word_1_393' title='bbox 2216 2910 2274 2960; x_wconf 89' lang='grc' dir='ltr'>τό</span> <span class='ocrx_word' id='word_1_394' title='bbox 2339 2907 2534 2980; x_wconf 83' lang='grc' dir='ltr'>μεταξύ</span> <span class='ocrx_word' id='word_1_395' title='bbox 2591 2904 2838 2971; x_wconf 84' lang='grc' dir='ltr'>Ἐλλάδος</span> <span class='ocrx_word' id='word_1_396' title='bbox 2911 2912 3002 2960; x_wconf 86' lang='grc' dir='ltr'>καὶ</span> <span class='ocrx_word' id='word_1_397' title='bbox 3061 2909 3304 2970; x_wconf 86' lang='grc' dir='ltr'>Βιθυνίας</span> <span class='ocrx_word' id='word_1_398' title='bbox 3350 2909 3544 2980; x_wconf 83' lang='grc' dir='ltr'>χάσμα</span> <span class='ocrx_word' id='word_1_399' title='bbox 3593 2904 3846 2959; x_wconf 67' lang='grc' dir='ltr'>παλαιὸν,</span> 
     </span>
    </p>
   </div>
   <div class='ocr_carea' id='block_1_56' title="bbox 2220 2995 3848 3073">
    <p class='ocr_par' dir='ltr' id='par_1_56' title="bbox 2220 2995 3848 3073">
     <span class='ocr_line' id='line_1_56' title="bbox 2220 2995 3848 3073; baseline 0 -24"><span class='ocrx_word' id='word_1_400' title='bbox 2220 2995 2349 3050; x_wconf 82' lang='grc' dir='ltr'>ἀλλὰ</span> <span class='ocrx_word' id='word_1_401' title='bbox 2403 2997 2572 3069; x_wconf 83' lang='grc' dir='ltr'>πολλῷ</span> <span class='ocrx_word' id='word_1_402' title='bbox 2646 2997 2998 3072; x_wconf 79' lang='grc' dir='ltr'>ἁχανέστερον</span> <span class='ocrx_word' id='word_1_403' title='bbox 3047 3001 3136 3051; x_wconf 83' lang='grc' dir='ltr'>καὶ</span> <span class='ocrx_word' id='word_1_404' title='bbox 3193 2996 3516 3073; x_wconf 71' lang='grc' dir='ltr'>πορρώτερον</span> <span class='ocrx_word' id='word_1_405' title='bbox 3564 3000 3655 3049; x_wconf 89' lang='grc' dir='ltr'>καί</span> <span class='ocrx_word' id='word_1_406' title='bbox 3714 2997 3848 3049; x_wconf 84' lang='grc' dir='ltr'>ὅσον</span> 
     </span>
    </p>
   </div>
   <div class='ocr_carea' id='block_1_57' title="bbox 2217 3083 3848 3160">
    <p class='ocr_par' dir='ltr' id='par_1_57' title="bbox 2217 3083 3848 3160">
     <span class='ocr_line' id='line_1_57' title="bbox 2217 3083 3848 3160; baseline -0.001 -21"><span class='ocrx_word' id='word_1_407' title='bbox 2217 3083 2388 3159; x_wconf 75' lang='grc' dir='ltr'>’ᾼδης</span> <span class='ocrx_word' id='word_1_408' title='bbox 2417 3093 2598 3160; x_wconf 85' lang='grc' dir='ltr'>χώρου</span> <span class='ocrx_word' id='word_1_409' title='bbox 2651 3089 2850 3150; x_wconf 86' lang='grc' dir='ltr'>ζώντων</span> <span class='ocrx_word' id='word_1_410' title='bbox 2906 3085 3258 3147; x_wconf 79' lang='grc' dir='ltr'>ἀποικίζεται.</span> <span class='ocrx_word' id='word_1_411' title='bbox 3313 3093 3432 3152; x_wconf 80' lang='grc' dir='ltr'>Φεῦ,</span> <span class='ocrx_word' id='word_1_412' title='bbox 3487 3087 3568 3138; x_wconf 86' lang='grc' dir='ltr'>ὅτι</span> <span class='ocrx_word' id='word_1_413' title='bbox 3622 3083 3848 3138; x_wconf 82' lang='grc' dir='ltr'>ἐστείλω</span> 
     </span>
    </p>
   </div>
   <div class='ocr_carea' id='block_1_58' title="bbox 2221 3169 3843 3246">
    <p class='ocr_par' dir='ltr' id='par_1_58' title="bbox 2221 3169 3843 3246">
     <span class='ocr_line' id='line_1_58' title="bbox 2221 3169 3843 3246; baseline -0.001 -21"><span class='ocrx_word' id='word_1_414' title='bbox 2221 3170 2420 3226; x_wconf 82' lang='grc' dir='ltr'>ἐνθένδε</span> <span class='ocrx_word' id='word_1_415' title='bbox 2484 3175 2715 3231; x_wconf 89' lang='grc' dir='ltr'>ύστάτην</span> <span class='ocrx_word' id='word_1_416' title='bbox 2799 3177 2992 3231; x_wconf 86' lang='grc' dir='ltr'>ναύτην</span> <span class='ocrx_word' id='word_1_417' title='bbox 3367 3169 3563 3245; x_wconf 84' lang='grc' dir='ltr'>δημίαν</span> <span class='ocrx_word' id='word_1_418' title='bbox 3644 3177 3735 3224; x_wconf 85' lang='grc' dir='ltr'>καί</span> 
     </span>
    </p>
   </div>
   <div class='ocr_carea' id='block_1_59' title="bbox 2220 3257 3846 3336">
    <p class='ocr_par' dir='ltr' id='par_1_59' title="bbox 2220 3257 3846 3336">
     <span class='ocr_line' id='line_1_59' title="bbox 2220 3257 3846 3336; baseline 0.001 -23"><span class='ocrx_word' id='word_1_419' title='bbox 2220 3260 2314 3313; x_wconf 79' lang='grc' dir='ltr'>οὐκ</span> <span class='ocrx_word' id='word_1_420' title='bbox 2363 3260 2476 3314; x_wconf 86' lang='grc' dir='ltr'>ἐστι</span> <span class='ocrx_word' id='word_1_421' title='bbox 2527 3257 2681 3336; x_wconf 81' lang='grc' dir='ltr'>δεῦρο</span> <span class='ocrx_word' id='word_1_422' title='bbox 2730 3258 3001 3323; x_wconf 79' lang='grc' dir='ltr'>ἐπάνοδος.</span> <span class='ocrx_word' id='word_1_423' title='bbox 3055 3265 3256 3315; x_wconf 81' lang='grc' dir='ltr'>Οῦκουν</span> <span class='ocrx_word' id='word_1_424' title='bbox 3306 3260 3444 3322; x_wconf 87' lang='grc' dir='ltr'>ἐλπίς</span> <span class='ocrx_word' id='word_1_425' title='bbox 3496 3260 3722 3331; x_wconf 76' lang='grc' dir='ltr'>ὄψεσθαί</span> <span class='ocrx_word' id='word_1_426' title='bbox 3776 3279 3846 3314; x_wconf 78' lang='grc' dir='ltr'>σε</span> 
     </span>
    </p>
   </div>
   <div class='ocr_carea' id='block_1_60' title="bbox 2219 3348 3846 3423">
    <p class='ocr_par' dir='ltr' id='par_1_60' title="bbox 2219 3348 3846 3423">
     <span class='ocr_line' id='line_1_60' title="bbox 2219 3348 3846 3423; baseline -0.001 -21"><span class='ocrx_word' id='word_1_427' title='bbox 2219 3350 2287 3402; x_wconf 81' lang='grc' dir='ltr'>τὰ</span> <span class='ocrx_word' id='word_1_428' title='bbox 2350 3348 2570 3421; x_wconf 84' lang='grc' dir='ltr'>φίλτατα</span> <span class='ocrx_word' id='word_1_429' title='bbox 2653 3357 2745 3402; x_wconf 86' lang='grc' dir='ltr'>τοῦ</span> <span class='ocrx_word' id='word_1_430' title='bbox 2775 3349 2956 3403; x_wconf 78' lang='grc' dir='ltr'>λοιποῦ</span> <span class='ocrx_word' id='word_1_431' title='bbox 3012 3350 3041 3410; x_wconf 75' lang='grc' dir='ltr'>ἦ</span> <span class='ocrx_word' id='word_1_432' title='bbox 3085 3350 3212 3423; x_wconf 82' lang='grc' dir='ltr'>παρ’</span> <span class='ocrx_word' id='word_1_433' title='bbox 3261 3349 3430 3403; x_wconf 84' lang='grc' dir='ltr'>αύτῶν</span> <span class='ocrx_word' id='word_1_434' title='bbox 3504 3351 3846 3422; x_wconf 80' lang='grc' dir='ltr'>ὀφθήσεσθαι</span> 
     </span>
    </p>
   </div>
   <div class='ocr_carea' id='block_1_61' title="bbox 2219 3437 3849 3513">
    <p class='ocr_par' dir='ltr' id='par_1_61' title="bbox 2219 3437 3849 3513">
     <span class='ocr_line' id='line_1_61' title="bbox 2219 3437 3849 3513; baseline -0.001 -21"><span class='ocrx_word' id='word_1_435' title='bbox 2219 3458 2464 3498; x_wconf 86' lang='grc' dir='ltr'>τη.......</span> <span class='ocrx_word' id='word_1_436' title='bbox 2504 3437 2752 3511; x_wconf 78' lang='grc' dir='ltr'>φιλτάτην</span> <span class='ocrx_word' id='word_1_437' title='bbox 2857 3439 3104 3513; x_wconf 76' lang='grc' dir='ltr'>κεφαλήν.</span> <span class='ocrx_word' id='word_1_438' title='bbox 3214 3438 3368 3492; x_wconf 80' lang='grc' dir='ltr'>’Λλλὰ</span> <span class='ocrx_word' id='word_1_439' title='bbox 3435 3443 3517 3502; x_wconf 90' lang='grc' dir='ltr'>τίς</span> <span class='ocrx_word' id='word_1_440' title='bbox 3599 3439 3660 3491; x_wconf 82' lang='grc' dir='ltr'>ἄν</span> <span class='ocrx_word' id='word_1_441' title='bbox 3747 3457 3849 3510; x_wconf 87' lang='grc' dir='ltr'>μοι</span> 
     </span>
    </p>
   </div>
   <div class='ocr_carea' id='block_1_62' title="bbox 2224 3524 3850 3603">
    <p class='ocr_par' dir='ltr' id='par_1_62' title="bbox 2224 3524 3850 3603">
     <span class='ocr_line' id='line_1_62' title="bbox 2224 3524 3850 3603; baseline -0.001 -22"><span class='ocrx_word' id='word_1_442' title='bbox 2224 3525 2344 3586; x_wconf 82' lang='grc' dir='ltr'>δοίη</span> <span class='ocrx_word' id='word_1_443' title='bbox 2393 3531 2480 3582; x_wconf 89' lang='grc' dir='ltr'>τόν</span> <span class='ocrx_word' id='word_1_444' title='bbox 2540 3529 2753 3582; x_wconf 88' lang='grc' dir='ltr'>θάνατον</span> <span class='ocrx_word' id='word_1_445' title='bbox 2803 3527 2919 3582; x_wconf 79' lang='grc' dir='ltr'>ἀντί</span> <span class='ocrx_word' id='word_1_446' title='bbox 2971 3535 3066 3582; x_wconf 89' lang='grc' dir='ltr'>σοῦ</span> <span class='ocrx_word' id='word_1_447' title='bbox 3097 3546 3110 3584; x_wconf 87' lang='lat'><strong>:</strong></span> <span class='ocrx_word' id='word_1_448' title='bbox 3143 3535 3305 3582; x_wconf 81' lang='grc' dir='ltr'>Τοῦτο</span> <span class='ocrx_word' id='word_1_449' title='bbox 3335 3524 3394 3582; x_wconf 61' lang='grc' dir='ltr'>δὲ</span> <span class='ocrx_word' id='word_1_450' title='bbox 3456 3528 3577 3603; x_wconf 82' lang='grc' dir='ltr'>ὅπερ</span> <span class='ocrx_word' id='word_1_451' title='bbox 3619 3527 3644 3580; x_wconf 88' lang='grc' dir='ltr'>ὀ</span> <span class='ocrx_word' id='word_1_452' title='bbox 3706 3528 3850 3590; x_wconf 85' lang='grc' dir='ltr'>θεῖος</span> 
     </span>
    </p>
   </div>
   <div class='ocr_carea' id='block_1_63' title="bbox 2224 3614 3847 3686">
    <p class='ocr_par' dir='ltr' id='par_1_63' title="bbox 2224 3614 3847 3686">
     <span class='ocr_line' id='line_1_63' title="bbox 2224 3614 3847 3686; baseline 0 -16"><span class='ocrx_word' id='word_1_453' title='bbox 2224 3614 2392 3670; x_wconf 80' lang='grc' dir='ltr'>Δαυῐδ</span> <span class='ocrx_word' id='word_1_454' title='bbox 2439 3617 2655 3686; x_wconf 73' lang='grc' dir='ltr'>ηὔξατο,</span> <span class='ocrx_word' id='word_1_455' title='bbox 2715 3623 2804 3670; x_wconf 85' lang='grc' dir='ltr'>καὶ</span> <span class='ocrx_word' id='word_1_456' title='bbox 2861 3626 3029 3671; x_wconf 83' lang='grc' dir='ltr'>ταῦτα</span> <span class='ocrx_word' id='word_1_457' title='bbox 3073 3615 3158 3671; x_wconf 78' lang='grc' dir='ltr'>ἐπί</span> <span class='ocrx_word' id='word_1_458' title='bbox 3217 3614 3376 3671; x_wconf 86' lang='grc' dir='ltr'>παιδί</span> <span class='ocrx_word' id='word_1_459' title='bbox 3649 3614 3847 3670; x_wconf 75' lang='grc' dir='ltr'>ἕπονα-</span> 
     </span>
    </p>
   </div>
   <div class='ocr_carea' id='block_1_64' title="bbox 2227 3705 3520 3778">
    <p class='ocr_par' dir='ltr' id='par_1_64' title="bbox 2227 3705 3520 3778">
     <span class='ocr_line' id='line_1_64' title="bbox 2227 3705 3520 3778; baseline 0 -18"><span class='ocrx_word' id='word_1_460' title='bbox 2227 3707 2409 3760; x_wconf 86' lang='grc' dir='ltr'>στάντι</span> <span class='ocrx_word' id='word_1_461' title='bbox 2432 3706 2572 3778; x_wconf 82' lang='grc' dir='ltr'>αύτῷ</span> <span class='ocrx_word' id='word_1_462' title='bbox 2601 3711 2690 3760; x_wconf 89' lang='grc' dir='ltr'>καί</span> <span class='ocrx_word' id='word_1_463' title='bbox 2722 3707 2965 3768; x_wconf 78' lang='grc' dir='ltr'>ζητοῦντι</span> <span class='ocrx_word' id='word_1_464' title='bbox 2993 3710 3087 3766; x_wconf 83' lang='grc' dir='ltr'>τὴν</span> <span class='ocrx_word' id='word_1_465' title='bbox 3114 3705 3274 3759; x_wconf 75' lang='grc' dir='ltr'>αὐτοῦ</span> <span class='ocrx_word' id='word_1_466' title='bbox 3313 3705 3520 3778; x_wconf 68' lang='grc' dir='ltr'>ψυχήν.</span> 
     </span>
    </p>
   </div>
   <div class='ocr_carea' id='block_1_65' title="bbox 2299 3792 3847 3858">
    <p class='ocr_par' dir='ltr' id='par_1_65' title="bbox 2299 3792 3847 3858">
     <span class='ocr_line' id='line_1_65' title="bbox 2299 3792 3847 3858; baseline 0.001 -9"><span class='ocrx_word' id='word_1_467' title='bbox 2299 3796 2361 3849; x_wconf 86' lang='grc' dir='ltr'>Εἰ</span> <span class='ocrx_word' id='word_1_468' title='bbox 2392 3792 2442 3849; x_wconf 77' lang='grc' dir='ltr'>δ’</span> <span class='ocrx_word' id='word_1_469' title='bbox 2487 3795 2678 3858; x_wconf 80' lang='grc' dir='ltr'>ἐκεῖνος</span> <span class='ocrx_word' id='word_1_470' title='bbox 2742 3803 2839 3858; x_wconf 79' lang='grc' dir='ltr'>τῆς</span> <span class='ocrx_word' id='word_1_471' title='bbox 2897 3795 3093 3858; x_wconf 81' lang='grc' dir='ltr'>οἰκείας</span> <span class='ocrx_word' id='word_1_472' title='bbox 3136 3795 3276 3857; x_wconf 77' lang='grc' dir='ltr'>ζωῆς</span> <span class='ocrx_word' id='word_1_473' title='bbox 3341 3793 3512 3848; x_wconf 80' lang='grc' dir='ltr'>ἐπόθει</span> <span class='ocrx_word' id='word_1_474' title='bbox 3567 3800 3710 3848; x_wconf 83' lang='grc' dir='ltr'>τοιού</span> <span class='ocrx_word' id='word_1_475' title='bbox 3778 3836 3847 3851; x_wconf 92' lang='grc'><strong>...</strong></span> 
     </span>
    </p>
   </div>
   <div class='ocr_carea' id='block_1_66' title="bbox 2232 3883 3853 3958">
    <p class='ocr_par' dir='ltr' id='par_1_66' title="bbox 2232 3883 3853 3958">
     <span class='ocr_line' id='line_1_66' title="bbox 2232 3883 3853 3958; baseline -0.002 -16"><span class='ocrx_word' id='word_1_476' title='bbox 2511 3888 2746 3958; x_wconf 77' lang='grc' dir='ltr'>θάνατον,</span> <span class='ocrx_word' id='word_1_477' title='bbox 2816 3894 2926 3948; x_wconf 85' lang='grc' dir='ltr'>πῶς</span> <span class='ocrx_word' id='word_1_478' title='bbox 3023 3885 3117 3938; x_wconf 83' lang='grc' dir='ltr'>ούκ</span> <span class='ocrx_word' id='word_1_479' title='bbox 3183 3883 3243 3936; x_wconf 80' lang='grc' dir='ltr'>ἂν</span> <span class='ocrx_word' id='word_1_480' title='bbox 3375 3885 3594 3942; x_wconf 84' lang='grc' dir='ltr'>αύτο....</span> <span class='ocrx_word' id='word_1_481' title='bbox 3674 3883 3853 3948; x_wconf 73' lang='grc' dir='ltr'>εύξαίσι</span> 
     </span>
    </p>
   </div>
   <div class='ocr_carea' id='block_1_67' title="bbox 933 3969 3849 4052">
    <p class='ocr_par' dir='ltr' id='par_1_67' title="bbox 933 3969 3849 4052">
     <span class='ocr_line' id='line_1_67' title="bbox 933 3969 3849 4052; baseline 0 -23"><span class='ocrx_word' id='word_1_482' title='bbox 933 3974 1151 4040; x_wconf 80' lang='grc' dir='ltr'>ἂπαθῶς</span> <span class='ocrx_word' id='word_1_483' title='bbox 1200 3978 1406 4031; x_wconf 79' lang='grc' dir='ltr'>ύποίσω</span> <span class='ocrx_word' id='word_1_484' title='bbox 1485 3982 1580 4038; x_wconf 79' lang='grc' dir='ltr'>τὴν</span> <span class='ocrx_word' id='word_1_485' title='bbox 1626 3980 1862 4052; x_wconf 81' lang='grc' dir='ltr'>ἐσχάτην</span> <span class='ocrx_word' id='word_1_486' title='bbox 1920 3982 2118 4037; x_wconf 88' lang='grc' dir='ltr'>ταύτην</span> <span class='ocrx_word' id='word_1_487' title='bbox 2151 3969 2192 4024; x_wconf 86' lang='grc' dir='ltr'><strong>Β</strong></span> <span class='ocrx_word' id='word_1_488' title='bbox 2230 3997 2332 4052; x_wconf 76' lang='grc' dir='ltr'>μην</span> <span class='ocrx_word' id='word_1_489' title='bbox 2359 3975 2593 4029; x_wconf 79' lang='grc' dir='ltr'>ἁντίσοῦ</span> <span class='ocrx_word' id='word_1_490' title='bbox 2641 3979 2846 4051; x_wconf 84' lang='grc' dir='ltr'>χαίρων</span> <span class='ocrx_word' id='word_1_491' title='bbox 2920 3973 3257 4034; x_wconf 82' lang='grc' dir='ltr'>τεθνηλεσθαι</span> <span class='ocrx_word' id='word_1_492' title='bbox 3311 3973 3535 4048; x_wconf 79' lang='grc' dir='ltr'>ἀδελφοῦ</span> <span class='ocrx_word' id='word_1_493' title='bbox 3592 3973 3849 4048; x_wconf 75' lang='grc' dir='ltr'>φιλτάτου</span> 
     </span>
    </p>
   </div>
   <div class='ocr_carea' id='block_1_68' title="bbox 2229 4060 3839 4139">
    <p class='ocr_par' dir='ltr' id='par_1_68' title="bbox 2229 4060 3839 4139">
     <span class='ocr_line' id='line_1_68' title="bbox 2229 4060 3839 4139; baseline 0.001 -21"><span class='ocrx_word' id='word_1_494' title='bbox 2229 4070 2322 4119; x_wconf 90' lang='grc' dir='ltr'>καί</span> <span class='ocrx_word' id='word_1_495' title='bbox 2373 4062 2833 4139; x_wconf 87' lang='grc' dir='ltr'>φιλαδελφοτάτου,</span> <span class='ocrx_word' id='word_1_496' title='bbox 2894 4061 3001 4124; x_wconf 77' lang='grc' dir='ltr'>ἤδη</span> <span class='ocrx_word' id='word_1_497' title='bbox 3060 4060 3120 4118; x_wconf 87' lang='grc' dir='ltr'>δέ</span> <span class='ocrx_word' id='word_1_498' title='bbox 3173 4068 3264 4117; x_wconf 90' lang='grc' dir='ltr'>καί</span> <span class='ocrx_word' id='word_1_499' title='bbox 3320 4060 3839 4121; x_wconf 78' lang='grc' dir='ltr'>διὰ............</span> 
     </span>
    </p>
   </div>
   <div class='ocr_carea' id='block_1_69' title="bbox 2233 4153 3850 4229">
    <p class='ocr_par' dir='ltr' id='par_1_69' title="bbox 2233 4153 3850 4229">
     <span class='ocr_line' id='line_1_69' title="bbox 2233 4153 3850 4229; baseline -0.001 -21"><span class='ocrx_word' id='word_1_500' title='bbox 2233 4155 2558 4228; x_wconf 78' lang='grc' dir='ltr'>ἂνακραθάτε</span> <span class='ocrx_word' id='word_1_501' title='bbox 2622 4159 2810 4227; x_wconf 82' lang='grc' dir='ltr'>σχέσει</span> <span class='ocrx_word' id='word_1_502' title='bbox 2864 4156 3013 4229; x_wconf 77' lang='grc' dir='ltr'>ἕτερα</span> <span class='ocrx_word' id='word_1_503' title='bbox 3074 4153 3502 4210; x_wconf 83' lang='grc' dir='ltr'>πολλαπλασίονι.</span> <span class='ocrx_word' id='word_1_504' title='bbox 3562 4153 3690 4207; x_wconf 85' lang='grc' dir='ltr'>Ἀπὸ</span> <span class='ocrx_word' id='word_1_505' title='bbox 3742 4162 3850 4208; x_wconf 86' lang='grc' dir='ltr'>τῶν</span> 
     </span>
    </p>
   </div>
   <div class='ocr_carea' id='block_1_70' title="bbox 2232 4243 3850 4318">
    <p class='ocr_par' dir='ltr' id='par_1_70' title="bbox 2232 4243 3850 4318">
     <span class='ocr_line' id='line_1_70' title="bbox 2232 4243 3850 4318; baseline 0.001 -23"><span class='ocrx_word' id='word_1_506' title='bbox 2232 4243 2399 4296; x_wconf 82' lang='grc' dir='ltr'>αύτῶν</span> <span class='ocrx_word' id='word_1_507' title='bbox 2440 4247 2529 4308; x_wconf 74' lang='grc' dir='ltr'>μὶν</span> <span class='ocrx_word' id='word_1_508' title='bbox 2589 4245 2691 4316; x_wconf 79' lang='grc' dir='ltr'>γὰρ</span> <span class='ocrx_word' id='word_1_509' title='bbox 2749 4252 3011 4318; x_wconf 90' lang='grc' dir='ltr'>πατρικῶν</span> <span class='ocrx_word' id='word_1_510' title='bbox 3070 4245 3378 4316; x_wconf 76' lang='grc' dir='ltr'>σπερμάτων</span> <span class='ocrx_word' id='word_1_511' title='bbox 3426 4248 3517 4297; x_wconf 85' lang='grc' dir='ltr'>καί</span> <span class='ocrx_word' id='word_1_512' title='bbox 3571 4263 3850 4318; x_wconf 82' lang='grc' dir='ltr'>μητρικων</span> 
     </span>
    </p>
   </div>
   <div class='ocr_carea' id='block_1_71' title="bbox 2233 4331 3851 4407">
    <p class='ocr_par' dir='ltr' id='par_1_71' title="bbox 2233 4331 3851 4407">
     <span class='ocr_line' id='line_1_71' title="bbox 2233 4331 3851 4407; baseline 0.002 -24"><span class='ocrx_word' id='word_1_513' title='bbox 2233 4331 2464 4402; x_wconf 83' lang='grc' dir='ltr'>αἱμάτων</span> <span class='ocrx_word' id='word_1_514' title='bbox 2533 4335 2814 4403; x_wconf 76' lang='grc' dir='ltr'>γεγόναμεν</span> <span class='ocrx_word' id='word_1_515' title='bbox 3147 4331 3497 4406; x_wconf 74' lang='grc' dir='ltr'>πρεσϐύτατος</span> <span class='ocrx_word' id='word_1_516' title='bbox 3580 4336 3671 4407; x_wconf 72' lang='grc' dir='ltr'>μεν</span> <span class='ocrx_word' id='word_1_517' title='bbox 3743 4333 3851 4405; x_wconf 80' lang='grc' dir='ltr'>ἐγὼ</span> 
     </span>
    </p>
   </div>
   <div class='ocr_carea' id='block_1_72' title="bbox 2231 4416 3854 4494">
    <p class='ocr_par' dir='ltr' id='par_1_72' title="bbox 2231 4416 3854 4494">
     <span class='ocr_line' id='line_1_72' title="bbox 2231 4416 3854 4494; baseline 0.002 -23"><span class='ocrx_word' id='word_1_518' title='bbox 2231 4423 2321 4471; x_wconf 88' lang='grc' dir='ltr'>καὶ</span> <span class='ocrx_word' id='word_1_519' title='bbox 2348 4426 2550 4491; x_wconf 87' lang='grc' dir='ltr'>πρῶτος</span> <span class='ocrx_word' id='word_1_520' title='bbox 2569 4423 2662 4477; x_wconf 78' lang='grc' dir='ltr'>τὴν</span> <span class='ocrx_word' id='word_1_521' title='bbox 2722 4419 2889 4477; x_wconf 86' lang='grc' dir='ltr'>πύλην</span> <span class='ocrx_word' id='word_1_522' title='bbox 2958 4416 3276 4484; x_wconf 78' lang='grc' dir='ltr'>διεληλυθὼς</span> <span class='ocrx_word' id='word_1_523' title='bbox 3318 4430 3416 4485; x_wconf 81' lang='grc' dir='ltr'>τῆς</span> <span class='ocrx_word' id='word_1_524' title='bbox 3461 4426 3724 4494; x_wconf 71' lang='grc' dir='ltr'>γενὶσεως,</span> <span class='ocrx_word' id='word_1_525' title='bbox 3780 4426 3854 4487; x_wconf 83' lang='grc' dir='ltr'>ὡς</span> 
     </span>
    </p>
   </div>
   <div class='ocr_carea' id='block_1_73' title="bbox 2234 4505 3841 4586">
    <p class='ocr_par' dir='ltr' id='par_1_73' title="bbox 2234 4505 3841 4586">
     <span class='ocr_line' id='line_1_73' title="bbox 2234 4505 3841 4586; baseline 0.007 -26"><span class='ocrx_word' id='word_1_526' title='bbox 2234 4509 2336 4561; x_wconf 81' lang='grc' dir='ltr'>εἴθε</span> <span class='ocrx_word' id='word_1_527' title='bbox 2373 4511 2462 4559; x_wconf 86' lang='grc' dir='ltr'>καί</span> <span class='ocrx_word' id='word_1_528' title='bbox 2512 4510 2607 4566; x_wconf 78' lang='grc' dir='ltr'>τὴν</span> <span class='ocrx_word' id='word_1_529' title='bbox 2658 4517 2749 4570; x_wconf 81' lang='grc' dir='ltr'>τῆς</span> <span class='ocrx_word' id='word_1_530' title='bbox 2810 4505 2993 4572; x_wconf 79' lang='grc' dir='ltr'>ἐξόδου</span> <span class='ocrx_word' id='word_1_531' title='bbox 3050 4507 3332 4570; x_wconf 77' lang='grc' dir='ltr'>διελήλυθα</span> <span class='ocrx_word' id='word_1_532' title='bbox 3370 4520 3508 4586; x_wconf 85' lang='grc' dir='ltr'>πρῶ.</span> <span class='ocrx_word' id='word_1_533' title='bbox 3533 4555 3545 4568; x_wconf 92' lang='grc'><strong>.</strong></span> <span class='ocrx_word' id='word_1_534' title='bbox 3569 4558 3580 4570; x_wconf 96' lang='grc'>.</span> <span class='ocrx_word' id='word_1_535' title='bbox 3604 4555 3618 4568; x_wconf 91' lang='grc'><strong>.</strong></span> <span class='ocrx_word' id='word_1_536' title='bbox 3641 4555 3653 4569; x_wconf 95' lang='grc'><strong>.</strong></span> <span class='ocrx_word' id='word_1_537' title='bbox 3676 4555 3689 4569; x_wconf 93' lang='grc'><strong>.</strong></span> <span class='ocrx_word' id='word_1_538' title='bbox 3713 4556 3726 4569; x_wconf 94' lang='grc'><strong>.</strong></span> <span class='ocrx_word' id='word_1_539' title='bbox 3749 4554 3765 4570; x_wconf 91' lang='grc'><strong>.</strong></span> <span class='ocrx_word' id='word_1_540' title='bbox 3789 4556 3805 4571; x_wconf 88' lang='grc'><strong>.</strong></span> <span class='ocrx_word' id='word_1_541' title='bbox 3827 4556 3841 4571; x_wconf 91' lang='grc'><strong>.</strong></span> 
     </span>
    </p>
   </div>
   <div class='ocr_carea' id='block_1_74' title="bbox 2227 4594 3852 4674">
    <p class='ocr_par' dir='ltr' id='par_1_74' title="bbox 2227 4594 3852 4674">
     <span class='ocr_line' id='line_1_74' title="bbox 2227 4594 3852 4674; baseline 0.005 -26"><span class='ocrx_word' id='word_1_542' title='bbox 2227 4595 2338 4670; x_wconf 88' lang='grc' dir='ltr'>μεθ’</span> <span class='ocrx_word' id='word_1_543' title='bbox 2407 4594 2584 4670; x_wconf 85' lang='grc' dir='ltr'>ἑτέρως</span> <span class='ocrx_word' id='word_1_544' title='bbox 2649 4599 2870 4670; x_wconf 83' lang='grc' dir='ltr'>όμογνία</span> <span class='ocrx_word' id='word_1_545' title='bbox 2964 4603 3054 4651; x_wconf 91' lang='grc' dir='ltr'>καί</span> <span class='ocrx_word' id='word_1_546' title='bbox 3117 4599 3420 4662; x_wconf 82' lang='grc' dir='ltr'>πολλοστὸς.</span> <span class='ocrx_word' id='word_1_547' title='bbox 3483 4603 3628 4672; x_wconf 74' lang='grc' dir='ltr'>Κάμὲ</span> <span class='ocrx_word' id='word_1_548' title='bbox 3675 4603 3769 4674; x_wconf 80' lang='grc' dir='ltr'>μὲν</span> <span class='ocrx_word' id='word_1_549' title='bbox 3825 4604 3852 4656; x_wconf 84' lang='grc' dir='ltr'><strong><em>ὁ</em></strong></span> 
     </span>
    </p>
   </div>
   <div class='ocr_carea' id='block_1_75' title="bbox 2230 4687 3849 4765">
    <p class='ocr_par' dir='ltr' id='par_1_75' title="bbox 2230 4687 3849 4765">
     <span class='ocr_line' id='line_1_75' title="bbox 2230 4687 3849 4765; baseline 0.004 -26"><span class='ocrx_word' id='word_1_550' title='bbox 2230 4687 2568 4761; x_wconf 73' lang='grc' dir='ltr'>φιλόστοργος</span> <span class='ocrx_word' id='word_1_551' title='bbox 2619 4693 2708 4741; x_wconf 86' lang='grc' dir='ltr'>καί</span> <span class='ocrx_word' id='word_1_552' title='bbox 2791 4688 3055 4762; x_wconf 84' lang='grc' dir='ltr'>φιλολόγος</span> <span class='ocrx_word' id='word_1_553' title='bbox 3079 4695 3250 4765; x_wconf 80' lang='grc' dir='ltr'>πατὴρ</span> <span class='ocrx_word' id='word_1_554' title='bbox 3311 4690 3364 4754; x_wconf 86' lang='grc' dir='ltr'>ἐξ</span> <span class='ocrx_word' id='word_1_555' title='bbox 3416 4691 3596 4753; x_wconf 85' lang='grc' dir='ltr'>Ἀσίας</span> <span class='ocrx_word' id='word_1_556' title='bbox 3653 4691 3722 4753; x_wconf 86' lang='grc' dir='ltr'>εἰς</span> <span class='ocrx_word' id='word_1_557' title='bbox 3785 4696 3849 4746; x_wconf 87' lang='grc' dir='ltr'>τὸ</span> 
     </span>
    </p>
   </div>
   <div class='ocr_carea' id='block_1_76' title="bbox 2232 4777 3846 4854">
    <p class='ocr_par' dir='ltr' id='par_1_76' title="bbox 2232 4777 3846 4854">
     <span class='ocr_line' id='line_1_76' title="bbox 2232 4777 3846 4854; baseline 0.007 -24"><span class='ocrx_word' id='word_1_558' title='bbox 2232 4777 2508 4839; x_wconf 78' lang='grc' dir='ltr'>Βυζάντιον</span> <span class='ocrx_word' id='word_1_559' title='bbox 2585 4782 2875 4854; x_wconf 80' lang='grc' dir='ltr'>κατέρωτσι.</span> <span class='ocrx_word' id='word_1_560' title='bbox 2900 4821 2912 4834; x_wconf 95' lang='grc'><strong>.</strong></span> <span class='ocrx_word' id='word_1_561' title='bbox 2935 4823 2947 4835; x_wconf 92' lang='grc'><strong>.</strong></span> <span class='ocrx_word' id='word_1_562' title='bbox 2971 4823 2983 4835; x_wconf 92' lang='grc'><strong>.</strong></span> <span class='ocrx_word' id='word_1_563' title='bbox 3003 4802 3024 4829; x_wconf 74' lang='grc' dir='ltr'><strong><em>ι</em></strong></span> <span class='ocrx_word' id='word_1_564' title='bbox 3042 4821 3055 4835; x_wconf 93' lang='grc'><strong>.</strong></span> <span class='ocrx_word' id='word_1_565' title='bbox 3078 4823 3090 4836; x_wconf 95' lang='grc'><strong>.</strong></span> <span class='ocrx_word' id='word_1_566' title='bbox 3189 4778 3472 4852; x_wconf 72' lang='grc' dir='ltr'>ἀπαγαγὼν</span> <span class='ocrx_word' id='word_1_567' title='bbox 3576 4777 3686 4841; x_wconf 71' lang='grc' dir='ltr'>ἤδη</span> <span class='ocrx_word' id='word_1_568' title='bbox 3777 4790 3846 4842; x_wconf 84' lang='grc' dir='ltr'>τῆ</span> 
     </span>
    </p>
   </div>
   <div class='ocr_carea' id='block_1_77' title="bbox 2228 4864 3852 4944">
    <p class='ocr_par' dir='ltr' id='par_1_77' title="bbox 2228 4864 3852 4944">
     <span class='ocr_line' id='line_1_77' title="bbox 2228 4864 3852 4944; baseline 0.002 -25"><span class='ocrx_word' id='word_1_569' title='bbox 2228 4874 2328 4919; x_wconf 86' lang='grc' dir='ltr'>τῶν</span> <span class='ocrx_word' id='word_1_570' title='bbox 2361 4864 2560 4936; x_wconf 79' lang='grc' dir='ltr'>ἐφήϐων</span> <span class='ocrx_word' id='word_1_571' title='bbox 2617 4867 2797 4940; x_wconf 77' lang='grc' dir='ltr'>ἡλικίᾳ</span> <span class='ocrx_word' id='word_1_572' title='bbox 2844 4873 3054 4942; x_wconf 84' lang='grc' dir='ltr'>πότερον</span> <span class='ocrx_word' id='word_1_573' title='bbox 3113 4866 3363 4941; x_wconf 81' lang='grc' dir='ltr'>βαίνοντα</span> <span class='ocrx_word' id='word_1_574' title='bbox 3411 4866 3707 4944; x_wconf 79' lang='grc' dir='ltr'>διοτριϐαῖς</span> <span class='ocrx_word' id='word_1_575' title='bbox 3752 4867 3852 4925; x_wconf 84' lang='grc' dir='ltr'>δι-</span> 
     </span>
    </p>
   </div>
   <div class='ocr_carea' id='block_1_78' title="bbox 2233 4953 3854 5030">
    <p class='ocr_par' dir='ltr' id='par_1_78' title="bbox 2233 4953 3854 5030">
     <span class='ocr_line' id='line_1_78' title="bbox 2233 4953 3854 5030; baseline 0.003 -21"><span class='ocrx_word' id='word_1_576' title='bbox 2233 4953 2457 5010; x_wconf 87' lang='grc' dir='ltr'>δασκόν.</span> <span class='ocrx_word' id='word_1_577' title='bbox 2481 4997 2494 5011; x_wconf 92' lang='grc'><strong>.</strong></span> <span class='ocrx_word' id='word_1_578' title='bbox 2516 4999 2528 5014; x_wconf 93' lang='grc'><strong>.</strong></span> <span class='ocrx_word' id='word_1_579' title='bbox 2551 4999 2562 5012; x_wconf 93' lang='grc'><strong><em>.</em></strong></span> <span class='ocrx_word' id='word_1_580' title='bbox 2657 4977 2682 5008; x_wconf 91' lang='grc' dir='ltr'>ν</span> <span class='ocrx_word' id='word_1_581' title='bbox 2737 4962 2829 5015; x_wconf 76' lang='grc' dir='ltr'>τήν</span> <span class='ocrx_word' id='word_1_582' title='bbox 2891 4976 2946 5010; x_wconf 88' lang='grc' dir='ltr'>τε</span> <span class='ocrx_word' id='word_1_583' title='bbox 2997 4962 3367 5030; x_wconf 81' lang='grc' dir='ltr'>γραμματικὴν</span> <span class='ocrx_word' id='word_1_584' title='bbox 3427 4979 3490 5013; x_wconf 86' lang='grc' dir='ltr'>π.</span> <span class='ocrx_word' id='word_1_585' title='bbox 3513 4999 3526 5014; x_wconf 94' lang='grc'><strong>.</strong></span> <span class='ocrx_word' id='word_1_586' title='bbox 3545 5001 3558 5015; x_wconf 91' lang='grc'><strong>.</strong></span> <span class='ocrx_word' id='word_1_587' title='bbox 3581 5000 3594 5014; x_wconf 92' lang='grc'><strong>.</strong></span> <span class='ocrx_word' id='word_1_588' title='bbox 3617 5002 3630 5016; x_wconf 95' lang='grc'><strong>.</strong></span> <span class='ocrx_word' id='word_1_589' title='bbox 3652 5002 3666 5015; x_wconf 93' lang='grc'><strong>.</strong></span> <span class='ocrx_word' id='word_1_590' title='bbox 3752 4965 3854 5014; x_wconf 84' lang='grc' dir='ltr'>καί</span> 
     </span>
    </p>
   </div>
   <div class='ocr_carea' id='block_1_79' title="bbox 2229 5043 3849 5123">
    <p class='ocr_par' dir='ltr' id='par_1_79' title="bbox 2229 5043 3849 5123">
     <span class='ocr_line' id='line_1_79' title="bbox 2229 5043 3849 5123; baseline 0.003 -25"><span class='ocrx_word' id='word_1_591' title='bbox 2229 5049 2322 5104; x_wconf 73' lang='grc' dir='ltr'>τὴν</span> <span class='ocrx_word' id='word_1_592' title='bbox 2376 5053 2468 5098; x_wconf 83' lang='grc' dir='ltr'>τοῦ</span> <span class='ocrx_word' id='word_1_593' title='bbox 2522 5043 2703 5099; x_wconf 82' lang='grc' dir='ltr'>ἐπικοῦ</span> <span class='ocrx_word' id='word_1_594' title='bbox 2763 5047 2952 5098; x_wconf 87' lang='grc' dir='ltr'>κύκλου</span> <span class='ocrx_word' id='word_1_595' title='bbox 3007 5049 3441 5120; x_wconf 80' lang='grc' dir='ltr'>χρηστομάθειαν</span> <span class='ocrx_word' id='word_1_596' title='bbox 3491 5045 3849 5123; x_wconf 79' lang='grc' dir='ltr'>περιδίδωμι,</span> 
     </span>
    </p>
   </div>
   <div class='ocr_carea' id='block_1_80' title="bbox 2231 5131 3853 5208">
    <p class='ocr_par' dir='ltr' id='par_1_80' title="bbox 2231 5131 3853 5208">
     <span class='ocr_line' id='line_1_80' title="bbox 2231 5131 3853 5208; baseline 0.004 -22"><span class='ocrx_word' id='word_1_597' title='bbox 2231 5136 2362 5207; x_wconf 82' lang='grc' dir='ltr'>μετὰ</span> <span class='ocrx_word' id='word_1_598' title='bbox 2421 5131 2481 5188; x_wconf 73' lang='grc' dir='ltr'>δὲ</span> <span class='ocrx_word' id='word_1_599' title='bbox 2549 5139 2746 5208; x_wconf 86' lang='grc' dir='ltr'>συχνόν</span> <span class='ocrx_word' id='word_1_600' title='bbox 2810 5139 2999 5208; x_wconf 90' lang='grc' dir='ltr'>χρόνον</span> <span class='ocrx_word' id='word_1_601' title='bbox 3060 5133 3294 5189; x_wconf 81' lang='grc' dir='ltr'>κάκεῖνον</span> <span class='ocrx_word' id='word_1_602' title='bbox 3348 5135 3587 5191; x_wconf 82' lang='grc' dir='ltr'>ἐνναετῶν</span> <span class='ocrx_word' id='word_1_603' title='bbox 3642 5181 3681 5196; x_wconf 90' lang='grc'><strong>..</strong></span> <span class='ocrx_word' id='word_1_604' title='bbox 3741 5148 3853 5194; x_wconf 82' lang='grc' dir='ltr'>ποῦ</span> 
     </span>
    </p>
   </div>
   <div class='ocr_carea' id='block_1_81' title="bbox 2231 5222 3851 5305">
    <p class='ocr_par' dir='ltr' id='par_1_81' title="bbox 2231 5222 3851 5305">
     <span class='ocr_line' id='line_1_81' title="bbox 2231 5222 3851 5305; baseline 0.004 -29"><span class='ocrx_word' id='word_1_605' title='bbox 2231 5222 2434 5286; x_wconf 79' lang='grc' dir='ltr'>ἡλικίας</span> <span class='ocrx_word' id='word_1_606' title='bbox 2494 5226 2686 5297; x_wconf 80' lang='grc' dir='ltr'>ἄγοντα</span> <span class='ocrx_word' id='word_1_607' title='bbox 2772 5229 2983 5298; x_wconf 84' lang='grc' dir='ltr'>χρόνον,</span> <span class='ocrx_word' id='word_1_608' title='bbox 3276 5233 3392 5290; x_wconf 83' lang='grc' dir='ltr'>ταῖς</span> <span class='ocrx_word' id='word_1_609' title='bbox 3479 5226 3627 5301; x_wconf 79' lang='grc' dir='ltr'>ἐμαῖς</span> <span class='ocrx_word' id='word_1_610' title='bbox 3680 5234 3851 5305; x_wconf 82' lang='grc' dir='ltr'>φέρων</span> 
     </span>
    </p>
   </div>
   <div class='ocr_carea' id='block_1_82' title="bbox 2229 5312 3849 5393">
    <p class='ocr_par' dir='ltr' id='par_1_82' title="bbox 2229 5312 3849 5393">
     <span class='ocr_line' id='line_1_82' title="bbox 2229 5312 3849 5393; baseline 0.004 -28"><span class='ocrx_word' id='word_1_611' title='bbox 2229 5315 2504 5386; x_wconf 85' lang='grc' dir='ltr'>παρέθετο,</span> <span class='ocrx_word' id='word_1_612' title='bbox 2570 5312 2869 5385; x_wconf 72' lang='grc' dir='ltr'>ἐπισκήψας</span> <span class='ocrx_word' id='word_1_613' title='bbox 2922 5315 3086 5366; x_wconf 89' lang='grc' dir='ltr'>πάντυ</span> <span class='ocrx_word' id='word_1_614' title='bbox 3146 5316 3383 5386; x_wconf 85' lang='grc' dir='ltr'>γενέσθαι</span> <span class='ocrx_word' id='word_1_615' title='bbox 3434 5319 3484 5369; x_wconf 83' lang='grc' dir='ltr'>οἱ</span> <span class='ocrx_word' id='word_1_616' title='bbox 3532 5321 3622 5370; x_wconf 87' lang='grc' dir='ltr'>καί</span> <span class='ocrx_word' id='word_1_617' title='bbox 3663 5323 3849 5393; x_wconf 77' lang='grc' dir='ltr'>πατὴρ</span> 
     </span>
    </p>
   </div>
   <div class='ocr_carea' id='block_1_83' title="bbox 2231 5400 3848 5481">
    <p class='ocr_par' dir='ltr' id='par_1_83' title="bbox 2231 5400 3848 5481">
     <span class='ocr_line' id='line_1_83' title="bbox 2231 5400 3848 5481; baseline 0.004 -24"><span class='ocrx_word' id='word_1_618' title='bbox 2231 5409 2323 5458; x_wconf 85' lang='grc' dir='ltr'>καί</span> <span class='ocrx_word' id='word_1_619' title='bbox 2369 5408 2584 5481; x_wconf 84' lang='grc' dir='ltr'>τροφεύς</span> <span class='ocrx_word' id='word_1_620' title='bbox 2664 5408 2754 5456; x_wconf 87' lang='grc' dir='ltr'>καί</span> <span class='ocrx_word' id='word_1_621' title='bbox 2839 5400 3183 5477; x_wconf 88' lang='grc' dir='ltr'>παιδαγωγός</span> <span class='ocrx_word' id='word_1_622' title='bbox 3251 5409 3342 5459; x_wconf 87' lang='grc' dir='ltr'>καί</span> <span class='ocrx_word' id='word_1_623' title='bbox 3417 5402 3848 5465; x_wconf 84' lang='grc' dir='ltr'>δισδάσ.........</span> 
     </span>
    </p>
   </div>
   <div class='ocr_carea' id='block_1_84' title="bbox 2232 5489 3847 5567">
    <p class='ocr_par' dir='ltr' id='par_1_84' title="bbox 2232 5489 3847 5567">
     <span class='ocr_line' id='line_1_84' title="bbox 2232 5489 3847 5567; baseline 0.002 -20"><span class='ocrx_word' id='word_1_624' title='bbox 2232 5492 2298 5548; x_wconf 74' lang='grc' dir='ltr'>Ἃ</span> <span class='ocrx_word' id='word_1_625' title='bbox 2355 5489 2422 5552; x_wconf 80' lang='grc' dir='ltr'>δὴ</span> <span class='ocrx_word' id='word_1_626' title='bbox 2507 5495 2675 5547; x_wconf 82' lang='grc' dir='ltr'>πάντα</span> <span class='ocrx_word' id='word_1_627' title='bbox 2721 5497 2810 5546; x_wconf 89' lang='grc' dir='ltr'>καί</span> <span class='ocrx_word' id='word_1_628' title='bbox 2857 5497 3044 5566; x_wconf 86' lang='grc' dir='ltr'>γέγονα</span> <span class='ocrx_word' id='word_1_629' title='bbox 3097 5491 3336 5567; x_wconf 82' lang='grc' dir='ltr'>τάδελφῷ</span> <span class='ocrx_word' id='word_1_630' title='bbox 3364 5500 3454 5548; x_wconf 86' lang='grc' dir='ltr'>καί</span> <span class='ocrx_word' id='word_1_631' title='bbox 3503 5493 3597 5550; x_wconf 79' lang='grc' dir='ltr'>διὰ</span> <span class='ocrx_word' id='word_1_632' title='bbox 3657 5503 3847 5552; x_wconf 84' lang='grc' dir='ltr'>πᾶσῶν</span> 
     </span>
    </p>
   </div>
   <div class='ocr_carea' id='block_1_85' title="bbox 2228 5580 3842 5660">
    <p class='ocr_par' dir='ltr' id='par_1_85' title="bbox 2228 5580 3842 5660">
     <span class='ocr_line' id='line_1_85' title="bbox 2228 5580 3842 5660; baseline 0.004 -24"><span class='ocrx_word' id='word_1_633' title='bbox 2228 5585 2424 5637; x_wconf 85' lang='grc' dir='ltr'>τούτων</span> <span class='ocrx_word' id='word_1_634' title='bbox 2467 5587 2700 5656; x_wconf 84' lang='grc' dir='ltr'>σχέσεων</span> <span class='ocrx_word' id='word_1_635' title='bbox 2733 5580 3042 5656; x_wconf 83' lang='grc' dir='ltr'>ἀνακραθείς</span> <span class='ocrx_word' id='word_1_636' title='bbox 3061 5587 3150 5638; x_wconf 86' lang='grc' dir='ltr'>καί</span> <span class='ocrx_word' id='word_1_637' title='bbox 3178 5587 3272 5644; x_wconf 76' lang='grc' dir='ltr'>τὴν</span> <span class='ocrx_word' id='word_1_638' title='bbox 3318 5581 3602 5659; x_wconf 81' lang='grc' dir='ltr'>ἀδελφικὴν</span> <span class='ocrx_word' id='word_1_639' title='bbox 3635 5586 3842 5660; x_wconf 71' lang='grc' dir='ltr'>ὑπερμ,</span> 
     </span>
    </p>
   </div>
  </div>
