4124 6382
252 255 392 311 1249

259 418 276 437 .
300 419 316 435 .
356 381 486 438 είνας
542 380 661 437 ταῖς
714 374 909 450 τούτῳ.
932 418 944 433 .
966 419 979 434 .

262 463 601 542 φιλαδελφίαν
623 465 873 526 ἐλήλακα,
914 466 1037 539 Οὐχ
1055 463 1209 526 ἧττον
1258 465 1318 522 δε
1366 466 1596 527 κάκεῖνος
1645 462 1717 525 εἰς
1777 464 1866 520 τήν

253 557 419 617 αὐτήν
480 558 754 631 ήπεροχήν
812 553 1041 611 ἐπέδωκε
1091 565 1183 610 τοῦ
1246 556 1537 631 φιλ......
1630 554 1710 606 ὅτι
1790 554 1863 626 μή

252 652 346 700 καὶ
373 645 609 721 μάλιστα
636 647 701 706 ὡς
726 641 781 699 εὖ
827 648 1056 721 πάσχων
1107 646 1257 701 πλέον
1309 650 1340 706 ἣ
1408 642 1547 722 δρῶν
1627 642 1716 704 ἓως
1742 638 1864 716 παρ’

253 738 383 807 ἡμῖν
446 734 678 811 ἐτρέφετο
731 735 886 795 ήθεσι
951 740 1042 789 καὶ
1124 736 1435 811 μαθήμασιν
1526 727 1867 809 ἐμπαιδοτρι·

260 825 533 900 ϐούμενος.

329 916 515 970 Ἠνίκα
733 914 875 979 ἡμᾶς
922 917 1012 988 μὶν
1071 915 1215 989 εἶχον
1272 915 1525 989 Ἀχῆναι,
1576 912 1764 968 ἐκεῖνον
1810 908 1870 966 δέ

259 1011 395 1081 μέγα
424 1002 709 1079 δυνάμενον
742 1006 809 1057 τά
840 1003 1099 1077 βασιλικὰ
1148 1013 1439 1064 τηνικαῦτα
1486 1008 1573 1058 καὶ
1631 1007 1726 1063 τήν
1782 1002 1872 1055 τά-

263 1097 340 1161 ξιν
359 1103 452 1150 τοῦ
482 1095 537 1149 εὗ
565 1101 734 1149 ποιεῖν
776 1113 831 1147 τε
877 1099 968 1148 καὶ
1023 1097 1256 1169 πάσχειν
1324 1092 1382 1153 δ.
1406 1137 1420 1152 .
1444 1139 1456 1152 .
1479 1140 1493 1156 .
1516 1140 1527 1152 .
1550 1139 1564 1153 .
1622 1093 1861 1167 ψάμεθα.

263 1187 489 1241 Ἐκείνου
548 1187 638 1258 μεν
687 1186 790 1260 φάρ
846 1183 1008 1238 πολλά
1072 1190 1163 1238 καὶ
1215 1185 1418 1259 μεγάλα
1466 1184 1715 1245 πολλάκις
1771 1180 1873 1254 ἐγὼ

271 1295 324 1330 τε
378 1279 471 1328 καὶ
532 1274 750 1333 Ἀθῆναι
807 1269 1022 1347 οἴδαμεν
1103 1273 1416 1349 ἀπονήμενοι
1472 1294 1486 1309 -
1556 1272 1740 1334 ἐκεῖνος
1816 1267 1876 1325 δε

272 1367 593 1438 Win...”
628 1359 1013 1436 ούδὶῆβαχύ.

339 1452 479 1512 Πλήν
556 1455 645 1506 καὶ
694 1451 858 1514 οὕτως
935 1452 963 1504 6
1026 1460 1116 1514 τῆς
1195 1449 1492 1526 φιλαδελίας
1583 1447 1879 1524 σύνδεσμος

271 1547 552 1617 ῦπέρτονος
579 1545 671 1595 καὶ
719 1540 911 1616 ἆρκτος
967 1540 1156 1615 ἀμφοῖν
1214 1538 1495 1615 διεγένετο.
1546 1546 1607 1596 Ei
1665 1537 1725 1594 δε
1788 1544 1878 1593 καὶ

270 1652 414 1689 κοιν.
435 1674 449 1687 .
473 1674 487 1687 .
509 1673 522 1687 .
545 1673 560 1687 .
581 1673 594 1687 .
617 1675 630 1689 .
651 1673 665 1687 .
687 1671 703 1687 .
786 1629 967 1700 ἐνίοτε,
1022 1631 1291 1704 φιλητικὸν
1346 1634 1449 1705 γάρ
1501 1635 1592 1685 καὶ
1649 1629 1878 1683 ἑνοποιὸν
1914 1668 1954 1723 Β

269 1726 329 1777 τὸ
388 1723 678 1796 συμπαθὴς,
762 1723 1014 1792 πάρεστιν
1107 1720 1500 1794 ἐπιλογίζεσθαι
1584 1722 1866 1779 οἱαν.....

270 1808 478 1882 ἀγάπης
653 1811 1016 1884 πεπορίσμεθα

273 1901 381 1960 θεις
441 1894 647 1952 οὐδέπω
721 1901 1244 1975 προσταιρισάμενοι.
1326 1902 1458 1954 Οὔτε

278 1992 515 2061 ρίσκοντ.
539 2031 551 2045 .
574 2028 587 2042 .
609 2028 623 2043 .
646 2031 660 2045 .
683 2031 695 2043 .
718 2029 731 2043 .
754 2029 768 2044 .
790 2029 804 2043 .
827 2031 841 2045 .
878 2006 1051 2062 γημα.
1118 1992 1282 2042 Μόνοι
1338 1984 1398 2042 δι
1453 1985 1878 2064 συνδιαφέροντες

274 2077 513 2140 ἀλλήλοις
551 2078 678 2151 ἡμῖν
739 2078 920 2140 αὐτοῖς
970 2080 1038 2131 τά
1097 2086 1191 2139 τῆς
1248 2078 1470 2142 ξεντείας
1524 2077 1736 2151 ἀλγεςνά
1788 2082 1879 2131 καὶ

274 2172 368 2228 τήν
411 2167 490 2221 ἐπ’
550 2163 853 2229 ἀλλοδαπῆς
917 2172 1226 2243 παροικίαν.
1249 2211 1263 2226 .
1286 2211 1299 2226 .
1323 2213 1335 2227 .
1357 2211 1373 2227 .
1398 2215 1407 2224 .
1508 2171 1877 2241 συνεικαμένης

281 2261 594 2333 στέργοντες,
665 2260 759 2311 Διά
812 2262 908 2317 τήν
962 2257 1175 2312 αὐτόθεν
1221 2258 1419 2312 πολλων
1469 2254 1703 2333 ἱδρὼτων
1755 2255 1879 2311 ἀντ-

277 2346 626 2420 αλαττομένην
682 2342 965 2400 παίδέυσιν
1033 2344 1096 2409 ἧς
1151 2356 1269 2411 ταῖς
1351 2348 1712 2422 τεχνολογίαις
1793 2345 1880 2421 ἐμ-

277 2435 498 2509 μελετῶν
572 2434 957 2509 ....αξόμεθα.
1018 2436 1151 2510 Ἐγὼ
1205 2441 1296 2511 μὲν
1349 2443 1468 2511 περὶ
1541 2433 1885 2492 διδασκάλῶν

276 2531 368 2579 καὶ
420 2528 553 2602 πρὸς
609 2527 675 2578 τὰ
728 2524 1056 2601 πρεσϐύτερα
1105 2535 1207 2579 τῶν
1249 2529 1571 2601 μαθημάτων
1614 2525 1881 2603 παραϐαλ-

276 2604 506 2689 λόμενος,
538 2616 565 2668 6
586 2611 645 2668 δὲ
681 2616 805 2691 παρ’
845 2613 971 2689 ἐμοῦ
1019 2621 1110 2669 καὶ
1165 2619 1392 2671 καθόσον
1449 2660 1461 2674 .
1484 2661 1498 2676 .
1520 2658 1533 2674 .
1555 2660 1569 2679 .
1590 2622 1731 2679 ,κίας
1785 2619 1883 2690 μέ-

278 2722 399 2777 τρον
452 2701 647 2778 ἐχώροι
698 2707 1148 2779 νεοττοτρούμενος
1228 2710 1355 2780 πρὸς
1440 2710 1499 2760 τό
1586 2706 1881 2781 τελεὼτερον

278 2799 368 2847 καὶ
414 2795 585 2868 ἠρέμα
634 2795 996 2870 πτερούμενος,
1052 2796 1142 2857 ἕως
1194 2791 1288 2849 διά
1341 2815 1401 2849 το
1450 2804 1549 2849 τῶν
1602 2794 1885 2869 ἐγκυκλίων

281 2889 489 2945 καὶτῆς
517 2902 831 2956 σοφιστικης
885 2888 1190 2957 κουφισγεὶς
1246 2886 1355 2948 οἰός
1410 2904 1465 2939 τε
1522 2882 1584 2945 ἧν
1639 2884 1770 2939 κάπὶ
1821 2887 1888 2939 τά

290 2977 644 3048 μετεώρότερα
693 2977 784 3026 καὶ
866 2977 1147 3050 σεμνότερα
1217 2976 1529 3051 θεωρήματα
1606 2977 1877 3050 φέρεσθαι.

363 3060 497 3116 Ἀλλ’
554 3059 753 3138 ἐπείπερ
806 3059 943 3135 τῷδε
993 3071 1090 3125 τῆς
1144 3063 1345 3127 ἁλικίας
1410 3063 1596 3140 ἀφῖκτο
1658 3060 1888 3139 ἀνδρού-

289 3169 441 3225 μονος
469 3149 517 3203 ἐν
547 3148 587 3223 ᾧ
638 3156 729 3205 καὶ
788 3159 888 3204 τῶν
941 3159 1034 3206 τοῦ
1088 3150 1212 3226 βίου
1261 3150 1397 3208 ὁδῶν
1452 3161 1662 3227 συχνῶν
1720 3154 1889 3207 οὐσῶν

288 3237 396 3293 ἔδει
413 3244 535 3313 μίαν
573 3238 808 3316 ἐγκρῖναι
864 3242 925 3300 ἣν
986 3284 1000 3299 .
1023 3282 1035 3297 .
1059 3286 1073 3300 .
1095 3285 1108 3299 .
1131 3286 1145 3301 .
1166 3285 1181 3301 .
1204 3287 1216 3301 .
1239 3287 1252 3303 .
1308 3243 1469 3317 αὐτῷ.
1519 3243 1738 3298 ἐνταῦθα
1798 3287 1810 3301 .
1832 3285 1847 3302 .
1868 3284 1882 3301 .

1789 1899 1878 1952 εύ-

289 3327 417 3383 ἀλλά
446 3336 554 3391 πῶς
582 3330 644 3383 ἄν
675 3325 939 3407 ἀδακρυτὶ
991 3339 1083 3394 τῆς
1139 3336 1254 3386 τότε
1294 3338 1633 3408 καινοτομίας
1684 3338 1892 3408 μνήμην
1932 3343 1973 3398 (1
2001 3325 2093 3374 καὶ
2156 3326 2429 3400 κοινοτέρῳ
2481 3324 2615 3385 ἕνα).
2637 3371 2651 3386 ο
2673 3371 2687 3386 -
2708 3372 2723 3386 .

286 3420 698 3493 ποιήσωμαιςή
750 3425 929 3496 πρώτη
975 3429 1066 3483 τῆς
1123 3419 1434 3486 διαξεάξεως
1492 3423 1668 3496 σχίζα
1716 3422 1894 3477 τετόλ-

286 3528 453 3580 μηται
485 3551 499 3567 .
522 3552 535 3566 .
557 3551 570 3564 .
604 3509 635 3568 ἡ
664 3514 1042 3583 ταυτογνώμων
1093 3507 1380 3585 ἀδελφικῆς
1442 3511 1677 3584 σχέσεως
1733 3516 1894 3587 μονὰς

286 3594 639 3674 διαιρεθεῖσαν
686 3598 804 3651 καθ’
860 3600 1060 3674 αἳρεσιν
1119 3598 1241 3673 βίου
1289 3598 1579 3656 δυάλεσθαι
1625 3600 1757 3673 Ἐγὼ

284 3689 388 3760 γάρ
419 3687 511 3740 οἰτε
539 3691 660 3761 περὶ
685 3696 786 3740 τῶν
806 3692 992 3761 γονέων
1050 3688 1106 3742 ἐκ
1151 3686 1351 3752 παιδος
1401 3693 1468 3753 ὡς
1522 3690 1743 3767 ἀπαρχὴ
1798 3699 1897 3753 τῆς

286 3774 489 3829 ἐκείνων
533 3781 854 3849 τεκνογονίας
928 3785 1001 3849 τῷ
1076 3780 1192 3851 ἱερῷ
1268 3781 1606 3854 καθιερωθεὶς
1688 3778 1896 3854 βήματι

287 3869 493 3939 πρέπων
534 3862 595 3924 ἦν
653 3862 936 3938 ἰδιαστικῷ
996 3865 1099 3940 βίῷ
1143 3873 1233 3921 καὶ
1281 3868 1583 3945 ἀπράγμονι
1634 3874 1725 3922 καὶ
1770 3874 1894 3943 μίαν

293 3952 553 4008 αἰτεῖσθαι
606 3959 722 4030 περὶ
773 3962 907 4009 Θεοῦ
945 3954 1353 4011 ἐπισκέπτεσθαι
1392 3961 1477 4011 τόν
1534 3958 1683 4032 ἅγιον
1734 3959 1895 4011 αὐτοῦ

291 4045 412 4095 νεὼν
456 4048 547 4097 καὶ
604 4040 780 4098 οὐδενὶ
835 4049 1184 4118 προσανέχειν
1240 4045 1545 4123 ἀνθρωπίνῳ
1624 4050 1898 4122 πράγματι

292 4133 375 4186 ὅτι
411 4137 483 4207 μὴ
519 4138 688 4208 σχολῇ
722 4139 812 4187 καὶ
838 4132 1040 4208 βίϐλοίς
1059 4136 1405 4209 χαρίζεσθαι.
1424 4136 1484 4190 Ὀ
1514 4134 1573 4190 δὲ
1625 4140 1755 4211 πρὸς
1802 4144 1894 4191 τοῦ

295 4223 384 4295 μεν
427 4221 789 4295 σχολαστικοῦ
845 4228 936 4277 καὶ
990 4223 1149 4295 ψιλήν
1192 4227 1410 4302 θεωρίαν
1454 4233 1556 4280 τῶν
1600 4227 1756 4280 ὄντων
1810 4226 1898 4280 ἐπ-

296 4311 667 4385 αγγελλομένου
692 4316 780 4365 τόν
810 4317 1274 4388 πρακτὶκευόμενον
1326 4319 1416 4369 καὶ
1472 4315 1758 4388 φιλόκοινον
1809 4322 1899 4370 καὶ

297 4400 537 4463 πλείονας
583 4400 990 4475 ύποαϐλλόμενον
1030 4403 1157 4466 ύλας
1205 4411 1298 4458 τοῦ
1376 4404 1671 4479 φιλοσοφεῖν
1746 4405 1902 4479 ἓμϐια

301 4488 460 4543 εἵλετο
507 4489 598 4543 καί
627 4490 930 4551 ήσπασατο.
958 4490 1070 4547 Ἵνα
1118 4490 1179 4546 δέ
1214 4497 1343 4570 πρὸς
1397 4497 1546 4570 ἔργου
1599 4495 1758 4548 αὐτοῦ
1809 4501 1900 4549 καὶ

301 4576 466 4632 εὔοδα
488 4582 556 4633 τὰ
577 4588 675 4641 τῆς
718 4583 1010 4655 προθέσεως
1069 4586 1289 4655 γένοιτο,
1348 4584 1794 4660 παρεοσκεξάζετό
1844 4604 1901 4639 τε

298 4671 390 4722 καὶ
424 4674 733 4745 προσφόρως
757 4666 1075 4743 ἐφωδιάζετο
1105 4676 1195 4724 καὶ
1214 4675 1306 4744 μεν
1334 4669 1400 4732 δὴ
1438 4677 1528 4727 καὶ
1577 4676 1646 4736 ὡς
1703 4678 1899 4749 ὄργανά

296 4774 413 4810 τινα
440 4757 604 4832 εὐφυᾶ
663 4763 754 4811 καὶ
803 4755 953 4823 δεξιά
1004 4757 1261 4821 πολιτείας
1316 4766 1750 4838 μετακεχείριστο
1795 4764 1898 4837 ῥη-

294 4851 509 4920 τορικὴν
560 4866 616 4901 τε
667 4852 758 4900 καὶ
807 4847 1185 4922 νομοτρίϐειαν,
1253 4851 1378 4926 παρ’
1456 4850 1581 4924 ἐμοῦ
1660 4855 1750 4924 μὲν
1833 4855 1900 4906 τὰ

214 4998 218 5007 Ι
294 4944 481 5010 πρῶτα
565 4944 746 5010 σοφοῖς
820 4939 888 4991 τὰ
955 4936 1200 4991 πολιτικὰ
1293 4943 1382 4992 καὶ
1483 4938 1896 5014 πολυειδήμοσιν

295 5022 523 5101 ἀνδράσι
555 5028 947 5102 συνιστάμενος,
998 5030 1132 5101 μέτά
1179 5025 1238 5083 δὲ
1281 5034 1372 5083 καὶ
1426 5032 1568 5105 τύχη
1613 5034 1896 5107 χρησάμε-

293 5133 395 5177 νος.
426 5114 486 5169 ’Π
529 5112 589 5170 δὲ
633 5118 775 5189 τύχη
831 5116 1022 5190 ἐπεφύη
1079 5126 1153 5189 τῷ
1205 5117 1427 5190 νεοθαλῷ
1490 5121 1580 5180 τάς
1618 5117 1895 5193 βασιλείας

298 5201 516 5276 βλαστῷ
563 5207 634 5268 ὡς
686 5205 880 5279 σμίλαξ
926 5204 1299 5281 ἐπιπλοκομένη
1369 5212 1461 5261 καὶ
1524 5215 1897 5283 συμπνίγουσα

293 5300 560 5366 γραφικῶς
604 5292 761 5348 εἰπεῖν
813 5296 845 5355 ἡ
900 5294 1017 5349 κατ’
1065 5292 1404 5372 Ἀνδρόνικον
1470 5304 1729 5374 τυραννίς,
1807 5304 1897 5354 καί

296 5376 367 5441 δή
397 5390 510 5446 τοῖς
539 5381 830 5457 βασιλείοις
858 5384 1200 5462 εἰσφθαρεῖσα
1226 5388 1306 5440 ὅτε
1357 5391 1447 5441 καὶ
1493 5388 1520 5440 ὀ
1574 5387 1698 5462 ἐμός
1745 5384 1894 5443 ἀδελ-

295 5472 390 5544 φός
448 5480 556 5535 τοῖς
621 5471 925 5547 βασιλικοῖς
996 5476 1474 5553 ὑπογραμματούσι
1531 5482 1891 5554 συνετέτακτο,

288 5555 486 5626 δεινὸν⁴
524 5564 665 5621 ἔπνει
735 5569 827 5623 καὶ
896 5568 1091 5633 παντὸς
1166 5569 1351 5644 θηρίου
1392 5570 1893 5648 ημισανθρπότερον,

1144 246 1522 307 MICHAELIS
1548 231 1940 301 ACOMINATI
1964 233 2287 298 MONODIA
2315 243 2386 301 ΙΝ
2412 244 2735 308 FRATREM

1049 377 1382 453 προσθήκαις
1444 374 1516 437 εἰς
1569 368 1862 446 ἀκροτάτην
1899 362 1947 417 Α
1981 365 2070 415 καὶ
2099 364 2164 425 ὡς
2200 363 2377 422 λέαινα
2406 368 2684 446 ἀρτιτόκος
2708 377 2800 439 τὰς
2851 378 3163 453 θηρωτικάς
3196 385 3355 451 κύνας
3402 387 3597 463 βλοσυ.

1935 4545 1979 4599 D

3453 270 3479 323 1
3490 270 3596 326 250

1975 455 2199 527 ρὼτερον
2229 455 2592 531 ὑποϐλέπεται,
2644 463 2778 517 οὕτω
2819 465 3030 530 κάκείνη
3085 475 3130 525 ε⁸ί
3181 494 3233 528 τι
3279 486 3375 541 τῆς
3402 455 3413 463 '
3434 478 3597 553 βασι·

1980 538 2127 645 λδικῆς
2175 545 2446 645 θεραπείας
2502 546 2672 614 δεξιόν
2720 551 2785 614 ἧν
2864 562 2956 612 καὶ
3027 565 3215 616 πιστόν
3248 585 3263 601 ’
3312 538 3580 645 ὑφεωρᾶτο

1981 722 2051 773 Τὸ
2103 726 2280 795 μέντοι
2325 732 2415 780 καὶ
2477 735 2706 804 συχνούς
2771 732 2844 788 ἐνί
2902 741 2961 811 γέ
3008 758 3079 814 τῳ
3138 746 3281 817 τόπῳ
3329 742 3598 803 διαλωϐω-

1982 813 2109 882 μένη
2141 820 2411 875 πεποίηκε.

2054 903 2216 955 Ταῦθ’
2267 906 2398 977 ὁρῶν
2431 909 2457 961 ό
2501 913 2879 989 μισοτύραννος
2939 915 3187 983 ἐκεῖνοςὸ
3255 931 3600 1003 γενικώτερον

1983 1000 2137 1093 φαγαι
2193 1000 2553 1074 μισοπόνηρος
2588 1001 2614 1052 ὁ
2668 1045 2682 1059 .
2704 1044 2718 1058 .
2741 1046 2754 1060 .
2776 1046 2789 1060 .
2812 1046 2826 1061 .
2848 1048 2862 1062 .
2924 1003 3315 1085 ἀνθρωποφάγῳ
3365 1000 3596 1090 τυράννῳ

1984 1087 2015 1136 ἡ
2047 1087 2324 1156 ὑπουργεῖν
2357 1094 2471 1150 ταῖς
2508 1087 2702 1143 ἐκείνου
2768 1101 3090 1168 μιαιφονίαις
3144 1103 3203 1153 τὸ
3258 1105 3350 1176 μὲν
3410 1087 3603 1179 θρασύ’

1984 1187 2149 1272 τςείξονΞ
2183 1176 2241 1226 τὸ
2300 1171 2361 1272 δὲ
2411 1175 2651 1242 ἀσεϐείας
2872 1186 3071 1258 ὀμιζεν.
3114 1171 3287 1264 Ἔγνῷ
3318 1189 3378 1248 δὲ
3425 1171 3601 1272 πόρῥω

1986 1261 2106 1322 Διὸς
2131 1261 2388 1318 ἵστασθαι
2412 1272 2497 1321 καὶ
2525 1274 2790 1344 κεραυνόν.

2056 1346 2234 1403 Ἔνθεν
2289 1373 2373 1407 τοι
2418 1358 2484 1410 τά
2569 1361 2661 1432 μὶν
2741 1359 2988 1434 βασίλεια
3054 1364 3125 1430 ὡς
3174 1379 3450 1446 τυραννεῖα
3505 1378 3603 1429 καὶ

1986 1443 2173 1511 μηκέτι
2229 1439 2368 1514 βατά
2431 1453 2541 1508 τοῖς
2594 1467 2865 1521 γε......
2926 1453 3092 1508 σεϐεῖν
3145 1439 3411 1515 ἐθέλουσιν
3466 1462 3604 1518 ἀντι-

1986 1533 2319 1606 περιίσταται
2355 1540 2445 1588 καὶ
2502 1539 2587 1590 ἐπὶ
2625 1543 2721 1599 τήν
2770 1549 2871 1594 τῶν
2922 1555 3149 1618 νομικῶν
3203 1546 3394 1604 δελτων
3446 1552 3601 1609 αὐτο-

1987 1618 2181 1692 μολ...
2244 1623 2455 1696 μελέτην
2533 1632 2624 1682 καὶ
2704 1629 3003 1707 ἐπιστήμην
3050 1641 3142 1691 καὶ
3183 1637 3466 1713 βασιλείων
3511 1664 3600 1698 τυ·

1986 1715 2338 1805 ραννουμένων
2387 1723 2612 1787 μουσεῖα
2685 1722 2853 1792 νόμων
2939 1728 3031 1777 καὶ
3095 1724 3291 1802 ἀρχεῖα
3365 1729 3600 1805 Θέμιδος

1990 1795 2404 1875 ἀπαλλάττεται,
2469 1809 2561 1858 καὶ
2648 1803 2717 1867 δή
2790 1812 2859 1863 τὰ
2911 1806 2961 1863 ἐν
3023 1795 3292 1892 διφθέραις
3348 1795 3448 1874 δι’.
3482 1795 3601 1878 ἀναί

1987 1894 2225 1960 γνώσεως
2313 1892 2593 1965 φιλοπόνως
2676 1895 3040 1975 ἀναλεγόμενος
3123 1946 3137 1962 .
3160 1947 3172 1962 .
3196 1951 3207 1964 .
3230 1951 3242 1965 .
3266 1916 3372 1971 ,αῖς
3443 1911 3603 1979 πλαξ-

1987 1985 2086 2075 τής
2135 1979 2321 2033 ἑαυτοῦ
2368 1980 2594 2059 καρδίας
2644 1992 3050 2066 μεταγράφεται,
3095 2001 3185 2050 καὶ
3232 1998 3419 2075 κύρϐις
3470 1999 3600 2056 ἀπο-

1987 2066 2209 2161 τελεῖται
2254 2073 2563 2144 νομοθεσίας
2620 2074 2771 2136 ζῶσα
2825 2084 2916 2134 καὶ
2955 2081 3090 2146 ἄξων
3144 2066 3408 2161 ἐμψυχος.
3466 2088 3599 2147 Εἶτα

1992 2154 2261 2249 βασιλείας
2332 2158 2715 2238 διαδεξαμένης
2774 2210 2788 2224 .
2811 2212 2825 2227 .
2847 2211 2860 2227 .
2882 2211 2895 2226 .
2920 2174 2976 2227 ,ὑ
3015 2154 3327 2249 τυραννίδα⁷
3359 2178 3591 2236 ἐπάνεισι

1988 2245 2081 2302 κά.
2103 2289 2116 2304 .
2141 2292 2153 2305 .
2176 2289 2188 2303 .
2211 2292 2223 2305 .
2246 2292 2260 2306 .
2283 2293 2296 2307 .
2335 2253 2403 2306 τὰ
2441 2250 2704 2326 βασίλεια.
2735 2261 2932 2332 Χρῆμά
2958 2279 3012 2313 τι
3069 2264 3259 2319 πολλοῦ
3306 2267 3452 2331 οἶξιον
3502 2276 3595 2325 καὶ

1992 2332 2276 2409 σνμδαῖνον
2349 2338 2398 2393 ἐν
2453 2346 2593 2417 νόμῳ
2644 2344 2937 2410 πολικτείας
3003 2348 3290 2409 ἐπιστασία
3344 2361 3599 2434 τοσούτῳ,

2350 2432 2482 2504 χθὶς
2554 2432 2830 2511 τυραννίδι
2886 2436 3126 2504 ἀντίξουν
3175 2441 3349 2501 ἐδόκει
3402 2453 3492 2504 καὶ
3544 2431 3601 2504 ἐκ

1991 2510 2278 2593 διαμέτρου
2317 2516 2603 2579 ἀντίθετον.

2062 2611 2257 2697 Τοῦτο⁸
2285 2613 2375 2661 καὶ
2440 2610 2599 2671 ἄλλην
2649 2610 2826 2689 ἀρχὴν
2878 2616 3060 2674 mm
3118 2626 3321 2697 κόσμου
3367 2627 3605 2691 ἠξιοῦτο.

1993 2695 2069 2748 Οὐ
2099 2702 2203 2770 μὴν
2229 2693 2289 2752 δε
2313 2697 2550 2755 ἀλλὰκαὶ
2578 2710 2680 2755 τῶν
2733 2703 2783 2758 ἐν
2814 2709 2999 2782 Θρᾴκη
3057 2693 3280 2766 πολλεων
3330 2715 3607 2790 ἁρμοστής

1992 2790 2083 2838 καὶ
2148 2794 2243 2839 τῶν
2325 2787 2489 2843 ἐκεῖσε
2575 2802 2863 2863 στρατεκῶν
2952 2799 3241 2864 συντάξεων
3324 2787 3607 2879 διανομεύς

1994 2868 2281 2967 ἐστέλλετοῖ
2336 2875 2491 2931 Ἀλλά
2537 2887 2708 2935 ταῦτα
2753 2886 2846 2956 μεν
2901 2895 3075 2962 μικρῷ
3127 2889 3367 2967 ὕστερον.
3420 2868 3602 2951 Ἦνίκα

1997 2956 2058 3056 δὲ
2102 2966 2206 3056 καὶ-
2248 2962 2371 3038 βίου
2403 2965 2580 3041 ἀρχὴν
2636 2956 3057 3030 καταϐάλλεσθαί
3084 2980 3199 3052 μεθ’
3253 2956 3405 3056 ήμῶν
3459 2983 3602 3042 ἐσκέι

1995 3048 2154 3122 ψατο,
2187 3050 2297 3108 ἐπει
2320 3060 2451 3130 χρὴ,
2500 3058 2555 3110 εὖ
2584 3055 2727 3127 οἶδα,
2762 3048 3095 3121 διατίθεσθαί
3124 3074 3217 3123 καὶ
3272 3048 3390 3127 καθ’
3422 3073 3606 3131 ἑαυτὸν

2000 3138 2291 3196 σπουδαῖον
2338 3141 2468 3199 εἶναι
2522 3152 2614 3202 καὶ
2663 3152 2730 3213 ὡς
2776 3153 2826 3207 ἐν
2882 3174 2985 3209 τινι
3039 3164 3208 3236 μικρᾷ
3260 3161 3497 3239 πολιτείᾳ
3540 3174 3604 3241 τῇ

2003 3228 2117 3305 ἰδίᾳ
2188 3232 2330 3306 οἰκίᾳ
2419 3234 2859 3331 ἐγγεγυνασμένον
2932 3228 3049 3297 τόν-
3089 3228 3339 3321 μέλλοντα
3401 3228 3610 3331 μεγάλῳ

2789 3340 2918 3406 κιμῆ
2926 3352 3019 3388 σαι
3077 3337 3421 3415 πολιτεύματι
3471 3343 3609 3400 οἶκον

2001 3414 2280 3484 πρώτιστα
2350 3415 2480 3485 ἔγνω
2562 3423 2938 3478 συστήσασθαι
3011 3414 3331 3502 ἀγαγόμενος
3385 3442 3612 3505 γυναῖκα

2002 3503 2091 3558 τὴν
2148 3505 2275 3570 περὶ
2329 3510 2462 3557 Θεοῦ
2520 3502 2806 3581 δεδομένην
2853 3510 3100 3587 οἰκωφελῆ
3163 3516 3361 3590 βοηθὸν
3393 3502 3421 3580 -.
3443 3566 3456 3581 .
3480 3567 3492 3582 .
3514 3566 3529 3582 .
3549 3567 3564 3582 .
3586 3566 3599 3584 .

2006 3590 2288 3663 ζευγμένην
2342 3593 2415 3656 εἰς
2466 3595 2789 3672 ὁμοσαρκίαν
2841 3599 3170 3679 παιδουργόν
3209 3627 3265 3663 τε
3317 3616 3407 3666 καὶ
3458 3611 3614 3670 ἀδιά‹

2007 3698 2273 3780 σπακτονὶ
2340 3688 2431 3737 καὶ
2485 3689 2580 3744 τὴν
2661 3691 2847 3742 τούτου
2898 3700 3288 3774 συμπεριφορὰν
3341 3707 3610 3780 προῦργου

2003 3772 2335 3828 ποιήσασθαι
2380 3777 2456 3845 μὴ
2515 3780 2605 3829 καὶ
2670 3790 2898 3852 ποιμανῆ
2941 3824 2956 3838 .
2978 3825 2991 3840 .
3014 3828 3026 3841 .
3049 3826 3100 3842 ..
3139 3772 3276 3842 κατά
3337 3772 3397 3844 τό
3454 3772 3610 3868 σοφόν

2004 3857 2335 3935 ἀπόφθεγμα.
2402 3862 2491 3927 Ὠς
2558 3862 2647 3919 οὖν
2719 3868 2815 3921 οὐκ
2879 3868 3075 3936 ἄδηλος
3175 3873 3236 3935 ἦν
3304 3888 3415 3944 τοῖς
3490 3857 3613 3938 πολ·-

2004 3946 2114 4011 λοῖς
2148 3957 2300 4003 τοῦτο
2353 3956 2685 4028 προθέμενος,
2733 3967 2842 4021 πῶς
2895 3960 2956 4014 ἂν
3001 3959 3368 4038 διηγησαίμην
3423 3974 3612 4032 ὁπόσοι

2004 4044 2095 4092 καὶ
2122 4041 2261 4104 ὅπως
2299 4085 2310 4097 .
2335 4085 2345 4098 .
2369 4085 2380 4098 .
2405 4083 2453 4099 ..
2511 4045 2637 4119 ἡμῖν
2693 4045 3090 4106 ἐσπουδάκασιν
3124 4071 3137 4123 ;
3170 4057 3230 4110 οὐ
3285 4064 3436 4116 τόσοι
3491 4070 3612 4142 περὶ

2005 4132 2101 4230 τὴν
2184 4129 2482 4230 Πηνελόπην
2566 4145 2860 4214 μνηστῆρες
2944 4140 3239 4217 ἐκώμασαν,
3320 4152 3439 4206 ὅσοι
3492 4129 3613 4230 περὶ

2007 4216 2196 4273 ἐκεῖνον
2240 4216 2438 4315 σχεδόν
2504 4241 2568 4315 τιΔ
2599 4229 2887 4287 συνέ.....
2943 4240 3199 4307 φαγωγοί.
3256 4239 3322 4293 Οἱ
3524 4216 3613 4298 θυ-

2006 4312 2231 4407 γατέρας
2310 4307 2427 4364 οὐδ’
2501 4308 2723 4407 ἀδελφὰς
2805 4325 3174 4391 μνηστεύοντες
3268 4307 3614 4407 ἁμιλλώμενοι

2010 4396 2250 4461 ἀλλήλοις
2321 4404 2410 4453 καὶ
2478 4401 2763 4477 φιλοτίμως
2828 4396 3356 4490 ἀντεπιδεικνύμενοι,
3408 4396 3484 4475 δέ
3543 4425 3611 4478 ὧν

2008 4490 2226 4552 ἕκαστος
2292 4488 2353 4541 ἀν
2434 4487 2681 4552 δυνηθείη
2743 4498 2829 4549 τόν
2872 4487 3239 4576 περιμάχητον
3299 4487 3384 4563 καὶ
3430 4512 3613 4568 πολυέ-

2008 4597 2202 4670 ραστον
2296 4598 2482 4654 νυμφι.
2505 4622 2519 4637 .
2540 4624 2553 4637 .
2575 4622 2591 4638 .
2611 4624 2626 4640 .
2646 4624 2660 4639 .
2683 4625 2697 4640 .
2717 4628 2733 4642 .
2755 4626 2769 4642 .
2855 4592 3185 4664 περιφάνειαν
3284 4599 3315 4659 ἦ
3392 4601 3611 4670 κάλλους

2007 4667 2352 4744 λαμπρότητα
2420 4670 2450 4729 ἣ
2502 4675 2591 4724 καὶ
2643 4670 2909 4751 ἀμφότερα
2958 4681 3339 4754 προύϐάλλοντο
3386 4710 3400 4725 ο
3449 4693 3499 4745 οἱ
3551 4667 3612 4748 δέ

2009 4765 2199 4833 φρενῶν
2290 4756 2445 4818 ὁλκήν
2509 4757 2816 4854 βαρυτέρανΔ
2894 4764 3215 4833 ἀντε......
3305 4780 3377 4842 ὡς
3447 4779 3610 4854 κάμοὶ

2006 4849 2299 4923 πράγματα
2335 4852 2587 4925 παρέχειν
2616 4855 2705 4905 τὸν
2751 4850 2971 4930 ἀδελφόν
3008 4856 3057 4912 ἐν
3110 4860 3423 4940 ἀμφηρίστῳ
3467 4849 3610 4942 γενό-

2007 4956 2156 5010 μενον
2180 4942 2271 4990 καὶ
2307 4941 2402 4997 τὴν
2450 4944 2626 5015 κρίσιν
2656 4939 3036 5019 ἀνατιθέμενον.
3092 4939 3341 5019 Κάκεῖνος
3392 4939 3607 5034 δενπρὸ

2006 5030 2206 5082 πάντων
2277 5027 2483 5081 ἑλέσθαι
2545 5032 2815 5103 φάσκοντα
2862 5034 2888 5089 ὃ
2934 5035 2997 5089 ἂν
3080 5041 3228 5115 ἡμεῖς
3278 5027 3606 5123 ἐγκρινοῦμεν

2006 5121 2439 5191 καταγεύσαντες.

2068 5208 2167 5272 ..Ως
2193 5208 2377 5282 ψυχῆς
2438 5206 2757 5300 φιλαδέλφης
2803 5220 2893 5270 καὶ
2939 5224 3295 5288 πιστευούσης
3349 5224 3526 5300 ἐμοὶ..
3549 5270 3598 5288 ..

2002 5301 2176 5353 πάντα
2210 5303 2301 5351 καὶ
2328 5305 2421 5351 τοῦ
2472 5299 2726 5377 ἡμετέρου
2776 5304 2877 5359 ὅσα
2927 5311 3015 5362 καὶ
3067 5311 3206 5366 θείου
3262 5299 3609 5392 ἐξηρτημένης

2006 5388 2337 5464 βουλήματος
2366 5408 2379 5423 ο
2410 5390 2531 5442 ἔνθα
2553 5386 2621 5451 δή
2652 5396 2741 5445 καὶ
2789 5394 3113 5469 εὐαγέστατα
3142 5386 3424 5479 διεδείχθη
3454 5386 3610 5476 ’ὅπως

2002 5481 2158 5555 τέμόν
2191 5480 2346 5572 θρίριΣ
2364 5518 2378 5535 .
2399 5519 2414 5535 .
2436 5520 2450 5535 .
2481 5484 2579 5572 *καὶ
2606 5485 2725 5572 περὶ
2752 5486 2811 5536 τὸ
2861 5495 3056 5563 χρῆμα
3083 5498 3175 5555 τῆς
3231 5491 3421 5571 ἀρετῆς
3469 5493 3603 5572 εἶχε.

2003 5574 2108 5628 Καὶ
2144 5572 2215 5636 ὡς
2250 5565 2404 5626 οὐδὶν
2431 5568 2572 5644 αὐτῷ
2617 5569 2849 5648 ἐνόμιζεν
2894 5565 3279 5664 ἐρασμιώτερον
3314 5595 3419 5647 τῶν
