4124 6404
530 285 661 340 1251

526 429 625 460 των
674 402 869 460 οὐδ...
914 401 973 453 ού
1001 421 1042 452 π
1071 398 1270 464 ολῦτον,
1329 391 1446 447 οὐδ’
1497 393 1649 452 ἄλλος
1691 411 1704 423 ο

529 496 680 564 δόξα,
703 499 791 547 καὶ
819 493 962 544 ταῦτ’
997 488 1044 541 ἐν
1074 488 1254 559 ἡλικίᾳ
1291 493 1389 537 τῶν
1433 484 1678 536 τοιούτων
1738 478 1988 547 ἂλωσίμῳ
2037 477 2134 525 καὶ

525 586 776 657 ἁγωγίμῳ
859 580 1179 654 περιθέρμων
1255 575 1454 648 ἐρώτων
1537 568 1994 642 φιλοκτημοσύνης
2080 581 2134 613 τε

528 678 615 725 καὶ
650 673 905 742 εύγενείας
942 672 1032 719 καὶ
1069 665 1322 738 λαμπρῶν
1359 663 1634 733 σωμάτων.

596 763 806 814 Πάντων
863 760 962 831 γὰρ
1021 763 1118 806 τῶν
1176 755 1566 824 μνηστευόντων
1619 751 1706 798 καὶ
1767 744 2133 814 κατεγγυωμέ-

526 873 622 903 νων
674 848 977 921 ὀλϐιώτερος
1025 846 1202 915 φερνός
1268 836 1528 914 ὑπεριδὼν
1583 837 1775 906 εύγενεῖ
1829 837 1921 884 καὶ
1980 848 2135 903 μεγα-

524 941 733 1012 λόφρονι
811 920 1049 1006 λογισμῴ
1107 935 1266 1002 μόνης
1317 927 1520 984 ἡττήθη
1589 932 1680 982 τῆς
1728 920 2133 1012 ,καλοκαγαθίας

525 1005 631 1081 τῶν·
666 1023 921 1097 ἀοιδίμων
963 1021 1409 1094 βελισσαριωτῶν,
1461 1015 1552 1074 οὒς
1611 1015 1640 1070 ἡ
1678 1011 1808 1068 αύτὴ
1880 1005 2129 1081 δεατριϐὴ

525 1123 616 1170 καὶ
653 1119 895 1167 κοινωνία
942 1120 1040 1162 τῶν
1101 1109 1267 1159 αὐτῶν
1327 1101 1669 1157 διδασκάλων
1727 1105 1817 1151 καὶ
1884 1097 2132 1168 μαθημά-

528 1227 628 1259 των
714 1206 1110 1273 συνῳκειώσατο
1183 1200 1273 1247 καὶ
1314 1194 1384 1256 εἰς
1466 1191 1638 1264 φίλους
1690 1188 1930 1263 ἑταίρους
1971 1185 2132 1257 ἐφήρ-

529 1314 703 1368 μοσεν.
775 1292 1010 1343 Ἐκείνων
1089 1289 1189 1357 γὰρ
1269 1280 1494 1355 ἀδελφὴν
1551 1284 1670 1351 περὶ
1729 1281 1893 1350 μητρὶ
1959 1273 2129 1368 ἀγαθῇ

527 1366 836 1456 τρεφομένην
911 1382 1002 1429 καὶ
1075 1375 1489 1446 θαλαμευομένην
1569 1367 1887 1456 ἐνύμφευσα,
1964 1366 2135 1456 ὅμοιρος

528 1474 730 1544 ὁμοίοις
781 1467 1090 1539 ἀνακραθεὶς
1137 1463 1194 1515 ού
1257 1466 1410 1514 τόσον
1469 1459 1604 1510 κατὰ
1660 1451 1826 1514 κῆδος
1877 1455 2003 1506 ὅσον
2062 1447 2136 1502 δι’

530 1536 829 1623 ὁμοήθειαν,
859 1536 1061 1627 ’Ᾰμέλει
1089 1571 1172 1604 τοι
1223 1553 1290 1612 ὡς
1332 1545 1544 1619 ἀδελφοὶ
1601 1547 1822 1616 ψυχαῖς,
1856 1545 1921 1601 ὡς
1978 1536 2137 1627 ἀδελ-

529 1654 614 1722 φοὶ
655 1653 886 1719 σώμασι,
919 1648 1190 1713 κατῴκουν
1220 1640 1303 1692 ἐπι
1343 1641 1401 1690 τό
1446 1636 1572 1687 αύτό
1625 1637 1858 1706 όμέστιοι
1892 1634 1984 1681 καὶ
2036 1626 2136 1679 ἀπὸ

2020 246 2361 314 ADDENDA

1763 386 1822 440 ού
1877 389 2020 458 γένος
2075 383 2135 435 ού
2166 388 2215 442 Α
2246 378 2306 434 δὲ
2335 378 2620 437 ἀδίκαστοι
2643 390 2734 438 καὶ
2790 405 2829 459 μ
2891 426 2904 441 .
2927 427 2939 440 .
2963 425 2976 438 .
2999 427 3013 442 .

3075 387 3437 456 νομιμὼνεροι,
3501 385 3570 437 τὰ
3615 387 3660 438 τ’
3709 384 3864 440 ἔνδον

2245 473 2310 522 τὰ
2343 491 2396 523 τε
2419 473 2611 547 θύραζε
2638 481 2749 535 τοῖς
2798 469 3055 545 ἀνδράσιν
3104 469 3399 535 ἕπίστευαν,
3451 479 3701 545 ταμιείων
3767 478 3862 545 μὲν

2244 566 2334 612 καὶ
2397 568 2685 635 χρυσώνων
2745 565 2904 636 θύρας
2968 567 3059 613 καὶ
3119 567 3380 613 κοιτώνων
3439 561 3862 627 ἀναπετάσαντες

2244 654 2334 700 καὶ
2391 653 2458 702 τὰ
2525 651 2747 723 φίλτατα
2800 655 2864 712 ὡς
2913 651 3210 704 οἰκειότατα
3272 648 3670 725 ἔγχειρίσαντες
3722 673 3736 689 ·
3808 655 3861 707 ἐν

2245 739 2472 813 ύπείθρῳ
2533 747 2623 793 καὶ
2681 744 2947 812 κοινοτίρᾳ
2989 736 3253 798 διοικήσει
3317 747 3415 801 τῆς
3463 742 3660 805 πόλεως
3709 744 3862 817 λόγο-

2247 827 2396 888 θέτας
2572 871 2584 884 .
2608 872 2619 883 .
2643 871 2656 885 .
2680 874 2692 886 ,
2749 833 2970 902 τρόφους
3027 848 3080 881 τε
3141 833 3233 880 καὶ
3313 828 3645 906 πολιτάρχας
3724 853 3856 906 προ-

2241 917 2617 990 χειριζόμενοι.
2669 918 2756 980 Ὠς
2806 920 2907 990 γὰρ
2959 917 3229 990 βασίλειόν
3302 937 3420 970 τινα
3476 924 3674 992 κόσμον
3762 927 3858 981 τὴν

2245 1002 2445 1056 ἐκείνων
2509 1005 2695 1081 ἀρετὴν
2758 1009 3115 1081 περιετίθεσαν
3201 1013 3265 1079 τῇ
3358 1005 3432 1079 βα
3752 1019 3857 1063 τῶν

2243 1093 2457 1162 πολεων,
2533 1101 2624 1148 καὶ
2693 1095 2883 1168 μᾶλλον
2927 1096 3092 1153 αὐτὴν
3153 1092 3226 1147 δι’
3299 1096 3470 1149 αὐτῶν
3540 1103 3571 1156 ἤ
3635 1098 3861 1162 ἐκείνους

2243 1181 2540 1254 ἐσεμενυνον
2606 1184 2899 1257 ἀξιώμασιν
2951 1186 2981 1244 ἣ
3063 1183 3441 1259 τάληθεστερον
3509 1189 3663 1258 φάναι

2242 1289 2386 1334 τινας
2435 1292 2707 1332 κοι........
2811 1278 2896 1326 καὶ
2976 1292 3010 1326 σ
3085 1313 3169 1332 ....
3246 1277 3492 1349 ρονιστὰς
3565 1284 3639 1346 τῷ

2253 1359 2467 1422 ἑαυτούς
2531 1362 2876 1437 λαμπροτᾶτῳ
2956 1362 3060 1436 βίῳ
3140 1364 3211 1424 εἰς
3285 1365 3502 1436 ἓννομ...

3751 1186 3862 1255 οἷον

3731 1279 3862 1331 καθ’

3585 1365 3853 1418 πολιτείαν

2247 1449 2650 1525 ἐπιστρέφοντας
2681 1473 2694 1487 -
2725 1453 2881 1505 ὁποία
2917 1457 3003 1504 xui
3060 1453 3090 1510 ἠ
3150 1451 3450 1511 παλαιπάτη
3498 1453 3666 1526 Ῥώμη
3722 1458 3849 1514 τοὺς

2254 1543 2476 1611 τιμητὰς
2542 1543 2604 1599 ἧν
2858 1539 3232 1615 προύϐάλλετο,
3298 1544 3347 1594 οἱ
3414 1538 3473 1594 δε
3527 1549 3619 1602 τῆς
3694 1559 3858 1615 μεγα-

2247 1628 2496 1690 λοπόλεως
2518 1632 2834 1702 ἐπισχηματ
3194 1632 3272 1682 ἔτι
3337 1633 3597 1703 μενούσης
3653 1637 3743 1683 xui
3796 1634 3860 1683 τὸ

528 1717 620 1798 τῆς
671 1717 831 1795 αὐτῆς
885 1733 1151 1806 τραπέζης
1203 1732 1424 1802 όσμίραι
1492 1727 1808 1795 σιτούμενοι,
1863 1724 2134 1791 χαίροντες
2179 1753 2220 1804 Β
2249 1720 2434 1791 κράτος
2490 1719 2772 1790 αύχούσης
2826 1721 3106 1790 πάγκοινον
3185 1717 3348 1790 ἀγαὸν
3415 1718 3692 1792 προύκειτο
3767 1725 3863 1772 καὶ

531 1835 638 1888 τοίς
703 1823 894 1888 αὐτοῖς,
983 1819 1397 1891 ἀπεχθανόμενοι
1463 1821 1572 1875 τοῖς
1635 1811 1834 1871 αὐτοῖς,
1905 1805 2142 1866 ἀπιόντες

535 1917 648 1988 ἄμα
705 1913 778 1975 εἰς
835 1908 1200 1971 δικασπολεῖα,
1269 1905 1336 1964 εἰς
1384 1906 1513 1977 ἱερὰ,
1563 1901 1628 1961 εἰς
1679 1900 2016 1988 πανηγύρεις,
2069 1896 2142 1954 εἰς

531 2007 599 2058 τὰ
635 2002 901 2076 βασίλεια,
958 1997 1193 2050 κάκεῖθεν
1225 1989 1378 2052 αὖθις
1431 1991 1721 2050 ἐπανιόντες
1753 1987 1810 2038 ού
1867 1984 1986 2037 καθ’
2034 1985 2140 2051 ἕνα,

541 2093 649 2146 ἀλλ’
681 2088 964 2164 ὁμόστολον
995 2091 1085 2138 καὶ
1138 2084 1225 2136 ὑπ’
1280 2080 1509 2139 ἀλλήλων
1569 2076 2005 2164 δορυφορούμενοι
2053 2077 2143 2124 καὶ

530 2163 900 2254 κοσμούμενοι,
999 2170 1297 2244 σύνδεσμος
1374 2177 1673 2241 συγγενείας
1760 2163 1991 2225 ζηλωτός
2054 2165 2146 2213 καὶ

532 2271 856 2344 μακαριστόν
918 2263 1261 2334 ἀγχίστευμα
1322 2261 1372 2311 εν
1429 2266 1540 2318 τοῖς
1593 2255 1832 2307 ἁπάντων
1894 2255 2142 2322 στόμασι,

535 2343 624 2414 xui
651 2353 1060 2430 παραδείγματα
1108 2353 1444 2422 σωφροσύνης
1501 2343 1535 2399 δ
1541 2364 1742 2417 ιαφανε.
1765 2386 1776 2399 .
1803 2386 1813 2397 .
1837 2386 1848 2397 .
1880 2344 2145 2430 Δπροσχυξ-

535 2469 696 2522 μενοι.
729 2427 871 2497 -Βιου
922 2447 1010 2514 μὲν
1063 2439 1369 2511 ἀνυμεναίου
1419 2441 1508 2488 καὶ
1554 2436 1748 2504 ἄζυγος
1778 2434 1807 2489 ἡ
1854 2427 2148 2490 ’διαϐόητος

535 2520 634 2589 τῶν
689 2530 920 2604 ἀδελφῶν
989 2531 1200 2602 ξυνωρίς
1249 2549 1260 2560 ·
1301 2530 1474 2597 γάμου
1537 2528 1628 2575 καὶ
1676 2525 1853 2593 τιμίου
1907 2520 1957 2571 ἐν
2013 2525 2148 2570 πᾶσι

535 2631 627 2679 καὶ
683 2643 841 2677 κο...
903 2626 1172 2692 αμίαντου
1213 2620 1238 2668 ό
1296 2615 1495 2668 ἐκείνων
1557 2609 1846 2680 κηδεστὴς,
1917 2609 2038 2680 ἐμός
2094 2604 2147 2659 δ’

535 2711 776 2785 ἀδελφός.
801 2711 977 2769 Οὕτως
1011 2707 1062 2770 ἇς
1109 2708 1267 2781 ἄκρον
1333 2703 1516 2776 μυελόν
1553 2701 1743 2774 ψυχῆς
1791 2702 2145 2768 συντακέντες,

535 2807 605 2864 ὡς
632 2805 724 2873 ἔφη
752 2818 833 2860 τις
861 2799 932 2858 εἰς
979 2797 1029 2849 ἓν
1084 2795 1234 2868 εκρα.
1258 2838 1269 2848 .
1294 2834 1306 2848 .
1368 2795 1663 2863 σύνταγμα,
1726 2793 1852 2862 Περὶ
1897 2793 2148 2839 τοσοῦτον

539 2892 798 2967 ἀχριστον
856 2892 1052 2960 πρόσον
1113 2884 1526 2957 βελισσαριῶται
1593 2883 1682 2951 μεν
1732 2881 1802 2938 ὡς
1872 2879 1939 2928 τὰ
1984 2875 2149 2928 πολλὰ

537 2965 662 3034 εἵσω
714 2989 810 3040 τῆς
859 2975 1246 3050 μεγαλοπόλεως
1293 2975 1359 3024 τὰ
1403 2975 1704 3045 πρόσφορα.
1763 3009 1776 3023 .
1822 2965 1966 3039 εἶχον
2016 2965 2146 3029 ἀξώ-

539 3089 694 3142 μασι,
748 3065 1180 3120 διεπολιτεύοντο.
1239 3062 1298 3114 Ὀ
1369 3057 1429 3113 δε
1497 3057 1616 3132 ἐμὸς
1674 3053 1891 3128 ἀδελφὸς
1940 3059 2030 3108 καὶ
2077 3054 2148 3142 εἰς

538 3141 803 3230 ἓπαρχίας
857 3159 948 3208 xui
998 3156 1091 3213 τὰς
1139 3152 1233 3213 ἔξω
1263 3150 1455 3215 πόλεις,
1497 3151 1561 3208 ὡς
1611 3149 1834 3221 εἴρηται,
1888 3141 2010 3214 παρ’
2050 3141 2143 3192 ἄλ-

537 3247 651 3300 λοτε
699 3244 814 3300 ἀλλ.
839 3287 850 3300 .
874 3287 921 3300 ..
987 3247 1077 3294 καὶ
1137 3239 1394 3312 βασιλέων
1436 3235 1715 3289 ἑστελλετο.
1757 3230 1978 3303 Δημόσι⁹
2011 3230 2144 3279 ἄττα

538 3332 841 3388 ἐπιτελεσων
918 3329 1357 3403 λειτουργήματα.
1433 3325 1491 3376 Ὁ
1561 3323 1662 3393 γάρ
1734 3338 1815 3372 τοι
1869 3315 2145 3414 φιλομετά-

539 3423 689 3483 ϐόλος
771 3420 894 3470 αἰὼν
960 3417 1149 3490 βασιλ.
1172 3459 1184 3471 .
1207 3461 1219 3474 .
1243 3459 1256 3472 .
1279 3459 1292 3471 .
1314 3458 1327 3471 .
1350 3459 1362 3471 .
1451 3413 1717 3483 περιόντας
1800 3412 1890 3464 τῆς
1967 3411 2144 3476 ἀρχῆς

1081 3507 1225 3580 παρὰ
1298 3511 1397 3555 τῶν
1463 3498 1688 3571 ἐχόντῶν
1769 3494 2008 3566 ἁρπάσας
2081 3494 2147 3544 τὰ

539 3510 817 3586 παρέλυσε,
903 3511 994 3559 xui

1551 3584 1721 3637 αὐτῶν
1803 3581 2002 3643 ἄλλοις.
2026 3623 2038 3635 .
2062 3623 2076 3637 .
2098 3623 2110 3636 .
2131 3622 2144 3637 .

544 3608 790 3673 σκῆπτρα
875 3595 1084 3667 ἑτέροις,
1161 3597 1252 3645 καὶ
1327 3587 1449 3660 παρ’

539 3670 850 3760 ἐνεχείρισε.
887 3684 1025 3756 Ἐμῷ
1073 3678 1278 3752 ἀδελφῷ
1327 3679 1396 3730 τὰ
1440 3683 1532 3735 τῆς
1588 3676 1748 3746 τιμῆς
1807 3674 1898 3723 καὶ
1949 3670 2146 3760 ολίκειώ-

539 3755 723 3837 ego.)ng
761 3755 988 3845 συνεχῆς
1037 3771 1164 3827 αὕτη
1218 3775 1318 3818 τῶν
1351 3763 1608 3838 βασιλέων
1665 3757 1906 3833 διαδοχὴ
1960 3755 2146 3818 διετή-

533 3883 693 3940 ρησεν
722 3859 1020 3934 ἀδιάδοχα,
1053 3856 1242 3932 μᾶλλον
1279 3852 1338 3909 δε
1369 3853 1488 3918 ἐξῆς
1531 3852 1611 3906 ἀεὶ
1653 3855 1770 3912 τοὺς
1839 3853 1942 3924 πρό
1972 3848 2142 3901 αὐτῶν

536 3938 599 4027 τῇ
656 3958 776 4027 περὶ
840 3951 1026 4004 ἐκεῖνον
1089 3947 1260 4018 εὐνοίᾳ
1311 3943 1642 4019 ὑπερϐάλλειν
1699 3943 1872 4016 ὥσπερ
1931 3938 2146 4012 φιλονει-

537 4051 760 4110 κοῦντες,
825 4045 892 4094 τὰ
975 4046 1064 4100 τῆς
1138 4033 1296 4099 δόξης
1362 4033 1630 4088 ἐπέτεινον.
1722 4034 1792 4084 Τὸ
1857 4049 1986 4084 π....
2054 4036 2148 4090 τῆς

537 4131 724 4207 ἀρετῆς
801 4136 892 4183 τοῦ
969 4125 1156 4203 ἀνδρὸς
1233 4123 1652 4195 δυσωπούμενοι,
1730 4117 1898 4177 ἄλλως
1942 4135 1998 4167 τε
2055 4123 2146 4168 καὶ

536 4205 720 4294 ’ὕφεσιν
758 4228 849 4280 τῆς
895 4218 1084 4279 οἰκείας
1139 4215 1316 4289 ἀρχῆς
1364 4218 1455 4272 τὴν
1497 4214 1763 4284 ὑφαίρεσιν
1812 4213 1902 4294 τῆς
1950 4205 2144 4294 ἐκείνου

537 4318 691 4382 τιμῆς
716 4309 908 4383 ἄριστα
931 4325 1216 4383 κρίνοντες.
1240 4303 1336 4358 ”Η.
1359 4346 1371 4357 .
1389 4343 1402 4356 .
1435 4302 1486 4352 οἱ
1513 4297 1694 4351 πολλοὶ
1731 4301 1832 4346 τῶν
1879 4289 2146 4391 ἀγεύσῖων

541 4381 701 4462 δόξης
743 4381 833 4450 xui
889 4381 1236 4469 ἀφανεστέραν
1292 4393 1465 4460 τύχην
1525 4385 1797 4454 λαχόντων
1861 4381 1950 4428 καὶ
2001 4381 2147 4427 οὗτοι

2248 1825 2410 1859 πανσι
2652 1828 2830 1882 φυρον,
2907 1811 3033 1860 εἴπω
3099 1806 3318 1860 συνελὼν
3397 1816 3453 1861 εὖ
3526 1811 3617 1881 μεν
3690 1811 3865 1881 πράσ-

2254 1913 2411 1946 σουσι
2438 1897 2714 1971 εὐημερίας
2759 1896 3013 1970 ἐρύματα.
3071 1903 3387 1969 Ναυαγοῦσι
3446 1894 3506 1950 δι
3551 1900 3685 1950 κατὰ
3740 1896 3864 1970 βίον

2251 1989 2447 2057 πυρσοὶ
2478 1989 2569 2037 καὶ
2606 1985 2802 2057 λιμένες
2835 1991 3106 2060 σωτήριοι.

2325 2072 2394 2124 Ὢ.
2447 2081 2560 2134 πῶς
2611 2070 2974 2147 ἐπιτροχάδην
3033 2073 3354 2136 τηλικαύτας
3399 2071 3602 2150 ἀνδρῶν
3671 2073 3865 2151 ἀρετὰς

2254 2163 2426 2233 ἔπειμι
2454 2167 2543 2214 καὶ
2577 2167 2808 2236 παρίημι
2842 2165 2910 2215 τὰ
2944 2163 3188 2234 πλεῖστα,
3242 2168 3300 2217 τὸ
3359 2168 3448 2236 μεν
3507 2169 3866 2238 συγχεόμενος

2253 2259 2326 2321 τῷ
2363 2252 2518 2303 πάθει
2572 2248 2973 2327 σφοδρυνομένῳ
3011 2252 3160 2306 πλέον
3216 2256 3247 2312 ἤ
3305 2251 3712 2327 κατεπᾳδομένῳ
3766 2260 3868 2308 καὶ

2254 2343 2599 2411 κοιμιζομίνῳ
2631 2337 2704 2392 δι’
2735 2338 3072 2412 ἀναμνήσεως
3109 2343 3176 2393 ὧν
3216 2339 3362 2414 εἶχον
3416 2349 3674 2418 περιόντες
3729 2344 3868 2417 ἀγα-

2257 2430 2359 2480 θῶν
2415 2434 2504 2481 xui
2553 2427 2630 2490 οἷς
2697 2429 3026 2488 συναπῆλθον
3063 2431 3264 2505 ἐρήμην
3319 2432 3690 2497 καταλιπόντες
3762 2440 3867 2493 τὴν

2255 2516 2372 2569 καθ’
2404 2517 2544 2589 ἡμᾶς
2566 2519 2762 2589 γενεάν,
2795 2521 2852 2570 τὸ
2917 2514 2976 2570 δε
3021 2538 3074 2570 τι
3121 2518 3430 2573 ἀντιάσαίτο
3479 2526 3568 2574 καὶ
3624 2521 3868 2595 πεφυλα-

2254 2625 2440 2678 γμενος
2467 2612 2537 2678 μη
2570 2610 2669 2658 πού
2701 2626 2781 2667 τις
2826 2612 2916 2659 καὶ
2961 2611 3049 2668 τός
3099 2607 3250 2680 λόγον
3309 2608 3592 2681 ἀγιάσαιτο
3646 2614 3712 2672 ὡς
3763 2621 3867 2675 τῆς

2256 2696 2547 2757 ὑποθέσεως
2605 2694 2882 2768 λαϐόμενον
2925 2701 3014 2748 xui
3071 2701 3248 2769 μεῖζον
3286 2705 3380 2750 τοῦ
3443 2699 3668 2752 θυλάκου
3723 2704 3871 2754 κατὰ

2256 2787 2349 2843 τὴν
2380 2789 2667 2858 παροιμίαν
2696 2790 3024 2843 πεποιηκότα
3048 2789 3296 2842 τούπι....
3319 2807 3490 2860 αμμα.

2329 2874 2470 2926 Ἐπεὶ
2497 2869 2550 2924 δ’
2578 2875 2608 2932 ἡ
2676 2878 2764 2926 νέα
2827 2878 2954 2926 Σιὼν
3004 2877 3142 2928 κατὰ
3192 2880 3286 2934 τὴν
3343 2876 3568 2930 παλαιὰν
3628 2878 3868 2950 ἐγκατα-

2256 2961 2637 3032 λειφθεῖσα.....
2684 2967 2774 3014 xui
2849 2961 3234 3037 ἓκπεπόρθηται
3294 2970 3385 3018 καὶ
3447 2974 3539 3018 τοῦ
3605 2966 3656 3018 ἄν
3723 2967 3865 3042 αύτῃ

2257 3048 2605 3122 πληρώματος
2628 3052 2749 3102 ὅσον
2780 3050 2936 3104 λαθὸν
2999 3053 3029 3111 ἦ
3098 3052 3321 3122 idaea
3384 3053 3721 3116 ἐξεπεπτώκει
3787 3057 3873 3120 εἰς

2254 3142 2347 3195 τὴν
2397 3137 2446 3190 ἐν
2498 3141 2710 3209 Βιθυνίᾳ
2757 3144 2980 3191 Νίκαιαν
3037 3145 3387 3212 μετῳκίσατο,
3443 3141 3712 3196 κάνταῦθα
3765 3151 3873 3198 καὶ

2254 3222 2397 3276 οὗτοι
2429 3230 2898 3296 μεταναστεύουσιν
2947 3230 2996 3279 οἱ
3051 3230 3177 3298 χθὲς
3230 3231 3359 3299 μετὰ
3411 3234 3705 3301 χαιρόντων
3751 3240 3869 3283 τῶν

2251 3315 2444 3365 ἔαυτῶν
2499 3312 2720 3366 πολιτῶν
2795 3319 3090 3388 χαίροντες,
3173 3321 3401 3392 σήμ-ερον
3487 3317 3595 3390 μετ’
3683 3317 3870 3372 αὐτῶν

2251 3400 2529 3454 κλαιόντων
2555 3407 2812 3465 κλαίοντες
2841 3403 3087 3473 οἱαύτόι,
3138 3411 3229 3458 καὶ
3289 3408 3360 3468 ὡς
3415 3405 3463 3458 ἐν
3539 3403 3871 3482 εὐδαιμονίᾳ

2251 3496 2575 3565 κοσμήτορες
2633 3489 2762 3550 ἧσαι
2820 3502 2916 3555 τῆς
2975 3493 3190 3561 πόλεως,
3259 3497 3414 3556 οἶτως
3469 3494 3518 3547 ἐν
3587 3493 3872 3570 δυστυχεῖ

2251 3579 2472 3653 ἀποικία
2534 3581 2898 3657 περικλήτορες
2947 3603 2960 3616 ·
3012 3583 3089 3644 οἷς
3137 3602 3192 3635 τε
3243 3586 3345 3656 γὰρ
3395 3583 3561 3656 ἱλεγον
3613 3589 3704 3638 xui
3777 3587 3866 3649 οἷς

2251 3670 2539 3743 φιλοσόφως
2555 3673 2728 3745 ἔφερον
2769 3671 2919 3725 αὐτοὶ
2964 3676 3056 3724 καὶ
3112 3669 3534 3744 μεγαδοψύχως,
3587 3678 3682 3733 τὴν
3730 3679 3862 3727 παί-

2255 3757 2438 3813 δευσιν
2463 3761 2521 3813 ού
2541 3769 2738 3833 μικρῶς
2767 3758 3152 3833 ἐψυχαγώγουν
3198 3767 3289 3814 καὶ
3351 3765 3478 3835 πρὸς
3523 3766 3583 3816 τὸ
3638 3762 3868 3836 εὐθυμό-

2253 3869 2398 3925 τερον
2418 3854 2532 3911 τούς
2554 3845 3016 3923 όλιγοδρανοῡντας
3032 3849 3459 3925 μετερρύθμιζον.

2323 3937 2522 4013 ’Ὠσπερ
2553 3939 2658 4012 οῖρα
2685 3944 2776 3991 καὶ
2796 3940 2845 3991 οἱ
2881 3943 3000 4013 περὶ
3061 3941 3147 3990 τὸν
3204 3938 3450 4000 Ἰεζεκιήλ
3495 3959 3548 3992 τε
3600 3945 3693 3992 xui
3761 3947 3865 3994 Δα-

2252 4029 2369 4088 νιὴλ
2427 4033 2548 4090 τούς
2594 4033 2906 4101 εκκαμόντας
2958 4026 3006 4080 ἐν
3050 4027 3316 4081 Βαϐυλῶνι
3369 4031 3461 4081 καὶ
3545 4029 3790 4102 λέγοντας
3845 4051 3862 4066 ο

2252 4120 2589 4192 Ξηρὰγέγονε
2617 4120 2683 4170 τὰ
2712 4118 2846 4170 ὀστᾶ
2863 4119 3009 4190 ὴμῶν
3045 4138 3057 4150 ·
3111 4116 3368 4170 ἀπόλωλεν
3419 4120 3450 4175 ἡ
3501 4117 3646 4180 ἐλπὶς
3705 4121 3864 4192 ἡμῶν

2254 4199 2475 4249 άνεκτῶν
2501 4217 2553 4249 τε
2611 4205 2726 4257 ταῖς
2777 4200 3166 4271 χρηστοτέραις
3219 4197 3514 4271 προϐάσεσι
3543 4220 3557 4233 ·
3616 4201 3712 4262 ἕως

2255 4284 2452 4344 ζῶντας
2481 4287 2697 4344 τούτους
2727 4283 2871 4355 εἶχον
2910 4289 3000 4336 καὶ
3055 4284 3501 4359 συλλυπουμενους
3549 4293 3639 4341 xui
3691 4308 3864 4364 παρα-

2254 4368 2536 4430 καλοῦντας
2572 4371 2813 4443 εύρισκον
2841 4369 3187 4445 εύφορὼτερον
3244 4370 3391 4446 εἶχεν
3435 4380 3527 4428 καὶ
3573 4374 3632 4428 ού
3684 4378 3860 4436 πάντη

537 4454 657 4564 περὶ
694 4490 788 4550 τὰς
852 4454 1008 4558 θύρας
1071 4454 1170 4535 τῶν
1227 4476 1509 4550 βασιλείων
1569 4467 1866 4523 συνεθλί....
1917 4468 2007 4514 xui
2052 4471 2144 4514 τοῦ
2177 4454 2222 4508 Ι)
2256 4455 2630 4509 ἐκπεπτωκέναι
2682 4462 2775 4518 τὴς
2835 4457 3172 4532 ἐνεγκαμένης
3237 4467 3415 4534 ᾤοντο.
3477 4463 3564 4526 Ὠς
3637 4465 3700 4516 ἄν
3795 4468 3867 4519 τὰ

1779 4557 1790 4564 ι
2095 4557 2104 4564 .
2325 4545 2372 4564 NK
2503 4554 2514 4561 -
2633 4555 2649 4562 ι-
2770 4556 2789 4564 -
2925 4548 2958 4564 ’κ
3120 4549 3131 4563 3
3217 4554 3238 4564 ο.
3343 4554 3354 4564 ι
3507 4552 3525 4564 ,Α
3673 4554 3686 4564 ς
3786 4563 3791 4564 ,

537 4557 726 4638 παντὸς
779 4578 1026 4649 ἐτιμῶτον
1096 4575 1189 4628 τὴν
1260 4571 1378 4638 περὶ
1435 4569 1535 4613 τῶν
1596 4557 1927 4630 κρατούντων
1987 4557 2144 4649 τιμὴν

538 4669 569 4728 ἦ
602 4639 886 4741 δημοσίοις
941 4661 1215 4733 ἐπέτρεχον
1271 4655 1703 4741 ύπουργιόμασινζ
1743 4647 1894 4741 ἔρωτι
1941 4639 2142 4717 κερδῶν

539 4730 786 4829 κάτοχοι.
837 4730 1258 4808 Ἀλ,....“ά;λλων
1326 4736 1610 4829 φιλοκάλων
1681 4730 1886 4829 ἀνδρῶν
1946 4738 2144 4829 προσῇ-

539 4823 931 4918 γοντο-μεγάλα
965 4835 1327 4910 χαριζομένων
1379 4833 1489 4888 τοῖς
1546 4823 1827 4898 βασιλεῦσι
1874 4828 1964 4875 καὶ
2021 4843 2146 4895 μνη-

545 4912 825 4988 στευόντων
909 4931 1061 4998 σφίσι
1161 4919 1329 4989 πολλῷ
1431 4934 1719 4989 τιμιωτερ..
1753 4955 1766 4969 .
1848 4912 2146 4984 ψηφοθόγοι

542 5027 761 5098 ἔμποροι
798 5017 1116 5086 πολυτίμους
1176 5011 1507 5083 μαργαρίτας
1547 5009 1637 5057 καὶ
1671 4999 2145 5098 σμαράγδουςῌκαὶ

540 5089 796 5182 λύχν’ίτας
853 5105 1172 5174 κομίζοντες,
1232 5103 1319 5150 xui
1371 5095 1609 5158 ἠξιοῦντο
1657 5089 1940 5168 προεδρίας
1988 5091 2146 5154 ἀξιω-

543 5199 715 5268 μάτων
791 5213 891 5249 κ...
935 5192 965 5250 ἦ
1022 5191 1143 5264 παρ’
1208 5188 1349 5257 αύτῷ
1400 5185 1719 5257 κοσμεῖσθαι
1777 5182 1844 5232 ὧν
1906 5186 1996 5233 καὶ
2049 5186 2140 5238 τὴν

541 5282 963 5356 ὑπερϐάλλουσαν
1043 5278 1196 5355 ἀρτὴν
1261 5280 1416 5350 πείρᾳ
1492 5273 1879 5344 καταμαθόντες
1929 5272 1978 5322 οἱ
2043 5268 2146 5340 βα-

544 5371 726 5443 σιλεῖς,
784 5391 873 5422 και
932 5377 1000 5432 ὡς
1047 5364 1244 5441 κερδῶν
1297 5368 1386 5438 μὲν
1451 5367 1541 5415 καὶ
1613 5360 1733 5415 λ....
1786 5360 2144 5432 ὑπεροπτικώ-

544 5465 684 5533 τεροί
759 5461 887 5514 εἰσιν
975 5453 1301 5533 Ἀριστιδου,
1375 5455 1784 5527 σωφρονέστεροι
1851 5443 1909 5500 δὲ
1961 5447 2146 5501 Ἰππο-

542 5545 721 5622 λύτου,
789 5549 1188 5626 Βελλεροφόντου
1252 5563 1308 5599 τε
1366 5546 1458 5596 xui
1530 5538 1814 5612 Ἰωσήφον,
1889 5534 2146 5592 δικασταὶ

2255 4545 2556 4598 καλλιστεὶα
2585 4555 2685 4599 τῶν
2728 4556 2818 4608 τῆς
2871 4548 3065 4611 πόλεως
3111 4549 3453 4624 ἀναθημάτων
3507 4552 3584 4606 ἔτι
3623 4554 3866 4626 αὐχούν-

2254 4655 2338 4696 τες
2384 4641 2473 4688 καὶ
2526 4639 2593 4688 τὰ
2660 4641 2937 4690 συνεκτικὰ
3001 4646 3093 4702 τῆς
3147 4641 3406 4702 πολιτείας
3464 4641 3726 4714 βεφάλαια
3760 4663 3774 4677 ο
3801 4645 3863 4697 οὐ

2254 4732 2411 4799 κείχη
2441 4730 2542 4801 γὰρ
2583 4730 2672 4800 ἔφη
2731 4748 2812 4789 τις
2869 4728 3029 4802 ὀρθῶς
3094 4732 3223 4802 ἔργα
3285 4737 3552 4801 τεκτόνων,
3611 4735 3728 4785 οὔτε
3783 4735 3864 4786 οἰ-

2255 4822 2368 4870 κίαι
2392 4817 2649 4890 ύψόφοροι
2677 4822 2767 4869 καὶ
2804 4822 2955 4870 στοαὶ
2993 4825 3082 4872 xui
3149 4818 3338 4894 ἀγοραὶ
3366 4825 3438 4893 μὴ
3509 4821 3664 4883 ὃντως
3715 4819 3864 4876 εἰδο-

2254 4915 2468 4960 ποιοῦσι
2487 4907 2674 4965 πολ....
2708 4906 2814 4958 ἀλλ’
2847 4905 3048 4981 ἀνδρῶν
3080 4909 3442 4981 καλοκαγαθία
3495 4916 3585 4963 καὶ
3639 4917 3864 4984 κοσμιό-

2253 5018 2349 5060 της
2394 5003 2485 5050 καὶ
2541 4997 2801 5050 θεοσέϐεια
2859 4999 2936 5059 οἷς
2993 5000 3018 5049 ό
3070 5000 3239 5070 κομῶν
3300 5001 3397 5052 κάν
3461 4997 3862 5075 παρεπίδημος,

2252 5086 2347 5140 κᾶν
2414 5088 2509 5140 ύπό
2561 5085 2689 5158 δρῦν
2748 5094 2990 5144 σκηνοίτο
3051 5087 3263 5160 ξεναγὸς
3315 5094 3528 5160 γίνηται
3573 5095 3875 5164 κρείττονος

2255 5180 2457 5249 φύσεως
2481 5175 2672 5229 πολεων
2709 5177 2926 5229 ἀπασῶν
2984 5174 3276 5251 ἀξιωτερος,
3339 5181 3424 5231 ἵνα
3480 5183 3552 5250 μὴ
3605 5179 3737 5251 λέγω
3789 5183 3862 5243 ὡς

2254 5263 2369 5319 οὐδ’
2392 5267 2417 5317 ό
2443 5273 2540 5325 πᾶς
2567 5270 2759 5336 κόσμος
2788 5261 2911 5317 οὐδε
2950 5263 3208 5328 ἀντάξιος.

2325 5353 2394 5409 *Α
2423 5349 2490 5414 δὴ
2522 5354 2692 5408 πάντα
2729 5355 2793 5415 ὡς
2855 5351 3092 5417 εύσεϐοὖς
3149 5357 3443 5412 συστατικὰ
3491 5356 3687 5421 πόλεως
3725 5354 3859 5414 ἐκεῖ·

2253 5465 2333 5499 νοι
2391 5449 2636 5520 παρόντες
2691 5443 3004 5518 ἀνεπλήρουν
3056 5452 3144 5500 καὶ
3189 5451 3344 5521 μόνον
3391 5447 3701 5522 βλεπόμενοι
3758 5454 3857 5504 καὶ

2253 5537 2348 5590 τοῦ
2375 5545 2468 5599 τῆς
2495 5534 2709 5599 πολιτας
2739 5574 2919 5600 ........
2967 5535 3256 5612 ἐμιμησκον
3321 5543 3604 5614 σχήματος
3649 5543 3722 5604 ὡς
3760 5541 3860 5620 ipf
