4124 6384
307 286 445 342 1253

1182 282 1558 342 manuus
1586 245 1971 337 AcomNATi
2000 252 2324 337 HONomA
2346 284 2419 342 IN
2444 289 2786 351 FRATREM.

3494 297 3633 364 1254

305 410 482 482 ψυχαί
547 406 741 469 ἂεὶνης
781 410 979 507 ιθεσμοὶ
1030 413 1119 462 καὶ
1175 408 1282 461 οἷόν
1333 428 1424 507 τις,
1500 400 1918 507 ἆξρόπολιςὴτῆξ
1949 397 1995 450 Α
2024 401 2113 506 τδγ
2173 401 2363 460 Ἰακὼϐ
2440 411 2686 473 ἐπένθησε
2746 418 3042 479 θάπτουσα.
3102 426 3256 480 Ούτω
3307 431 3409 507 γὰρ
3462 430 3523 484 ἂν
3571 431 3631 484 ού

314 497 901 558 Κωνσταντινουπόλεως
953 500 1029 550 ἔτι
1079 501 1347 569 σωζομένη
1403 494 1712 568 ἀπόρθητος.
1772 491 1917 544 Ἐπεὶ

314 586 375 642 δε
427 590 456 646 ἠ
509 594 884 660 .....υμασία
932 595 1034 640 τῶν
1084 593 1204 662 περὶ
1252 593 1387 640 πᾶσι
1440 584 1917 657 σεμνολογουμένων

316 673 552 749 ἀδελφῶν
585 673 721 737 δυὰς
747 677 843 737 εἰς.
866 719 877 731 .
902 719 916 732 .
938 721 950 731 .
998 675 1048 729 ἒν
1087 676 1320 751 οὐρανοῖς
1359 674 1646 747 μετεκληθη
1686 671 1921 723 πολίτευ-

314 785 390 839 μα
445 775 618 840 μικρῷ
667 770 938 839 πρότερον,
1008 766 1121 818 εἶτα
1171 771 1262 817 καὶ
1295 767 1320 816 ό
1370 767 1657 819 .....υσὶν
1712 759 1921 819 ἐκείνοις

313 858 733 930 παρεζευγμένος
781 853 898 927 ἐμὸς
968 851 1186 933 ἀδελφός
1236 862 1311 924 τῷ
1371 852 1543 924 κύκλῳ
1606 858 1702 912 τῆς
1758 848 1924 909 αὐτῆς

316 949 592 1019 γερουσίας
628 946 1042 1018 ἐγγεγραμμένος
1098 943 1506 1017 συμπαρελήφθη
1559 946 1650 993 καὶ
1705 942 1777 1001 εἱς
1833 941 1922 995 τὴν

319 1034 531 1086 αἰωνίαν
570 1034 884 1107 μετετάξατο
945 1034 1254 1104 σύγκλητον,
1312 1038 1426 1086 τότε
1477 1028 1545 1091 δή
1614 1031 1837 1103 ᾔσθοντο
1876 1030 1925 1079 οἱ

320 1123 369 1177 ἓν
411 1129 576 1197 Νικίᾳ
628 1124 1033 1197 μεγαλοπολῖται
1077 1132 1168 1185 τῆς
1221 1123 1410 1184 ἑαυτῆς
1457 1122 1758 1193 ἀπαγωγῆς,
1810 1122 1927 1171 τότε

320 1218 781 1288 συμφρονήσαντες
859 1213 1155 1285 ἆπέγνωσαν
1230 1212 1443 1274 ἑαυτούς
1524 1213 1750 1283 γυμνοὺς
1827 1212 1925 1266 τήν

321 1302 648 1361 καταστολήν
689 1311 785 1364 τῆς
836 1302 1030 1355 ἑαυτῶν
1070 1299 1228 1365 δόξης
1278 1301 1758 1375 ἀπαμφιασάμενοι,
1808 1301 1927 1351 τότε

327 1388 570 1465 φυγάδας
639 1397 729 1444 καὶ
796 1394 1125 1465 μετανάστας
1162 1391 1528 1452 ἀπολιτεύτους
1573 1408 1627 1442 τε
1669 1393 1761 1440 καὶ
1803 1387 1926 1448 ὅλως

324 1481 541 1542 ἀπόλιας
590 1484 806 1538 ....θεν
852 1486 944 1534 καὶ
999 1483 1433 1555 περιπαθέστερον
1483 1480 1810 1551 ὠλοφύραντο
1856 1479 1926 1539 ὡς

318 1578 607 1629 τηνικαῦτα
647 1560 907 1643 κατάκρας
963 1569 1247 1631 ἑαλωκυίας
1302 1578 1396 1631 τῆς
1458 1569 1655 1628 πόλεως
1716 1570 1807 1618 καὶ
1858 1566 1926 1617 τὰ

318 1659 709 1733 τιμαλφέστατα
760 1668 862 1712 τῶν
933 1659 1098 1721 αὐτῆς
1157 1660 1422 1711 ἀποθέτων
1471 1656 1926 1729 ,...εσυλημένης

316 1754 408 1802 καὶ
455 1758 552 1803 τῶν
612 1748 934 1802 ὄλϐιωτάτων
992 1750 1440 1824 θησαυρισμάτων
1497 1747 1691 1800 τελείαν
1740 1765 1925 1799 πεπον-
1958 1763 2001 1817 Β

318 1841 467 1902 θυίας
544 1839 784 1906 λάπαξιν,
845 1847 937 1911 φεῦ
994 1838 1007 1893 ι
1065 1839 1174 1901 οἷος
1227 1841 1603 1910 Χριστιανικὸς
1657 1836 1925 1898 πολιτείας

313 1927 607 2001 σύνδεσμος
671 1929 920 2004 ἔρῥηκται
994 1973 1004 1983 .
1030 1972 1042 1984 ,
1066 1971 1077 1983 .
1101 1971 1113 1983 .
1138 1927 1309 1983 ,λίκου
1370 1927 1562 1989 πόλεως
1638 1928 1924 1999 ἱμάντωσις

309 2022 569 2086 πέπτωκε,
616 2018 703 2070 οἶα
735 2022 1027 2089 συστοιγία
1083 2016 1290 2089 ἀγαθῶν
1350 2015 1751 2088 ἀνατέτραπται,
1816 2016 1922 2067 οἱον

312 2107 699 2179 καλοκαγαθίας
735 2109 962 2181 ἕντριτον
1029 2111 1267 2178 σχοινίον
1320 2104 1562 2166 ἐπίτασις
1591 2108 1681 2177 μὲν
1716 2123 1921 2177 συμφο-

315 2204 416 2269 ρῶν
451 2196 546 2248 οὐκ
583 2194 762 2269 ἓῤῥηξε
813 2198 945 2247 κατά
988 2198 1046 2246 τὸ
1081 2198 1238 2267 σοφὸν
1298 2192 1627 2266 ἀπόφθεγμα,
1668 2194 1786 2245 οὔτε
1833 2211 1923 2245 πε-

315 2288 606 2358 ριστάσεων
668 2284 765 2357 βία
826 2282 1098 2353 διέσπακε,
1167 2286 1382 2346 θάνατος
1434 2281 1495 2336 δε
1539 2288 1632 2342 τήν
1685 2287 1921 2357 χρυσέαν

314 2384 416 2427 τῶν
474 2371 680 2449 ἀνδρῶν
730 2377 924 2427 τούτων
1003 2377 1183 2449 σειρὰν
1250 2373 1478 2426 ἀναλύων
1534 2378 1623 2425 καὶ
1679 2374 1798 2425 καθ’
1836 2374 1924 2425 ἕνα

316 2462 571 2537 ἐκτέμνων
631 2461 909 2539 διέφθειρε,
968 2468 1059 2517 καὶ
1111 2468 1201 2537 μὲν
1255 2460 1324 2522 δή
1383 2469 1591 2539 πρώτου
1641 2462 1921 2535 οἰχομένου

315 2562 409 2606 τοῦ
437 2557 734 2628 πραοτάτου
781 2559 871 2606 καὶ
909 2553 1112 2625 ἀγαθοῦ
1165 2553 1385 2625 Μιχαὴλ
1434 2562 1527 2612 τῆς
1576 2551 1784 2605 εὖκόλου
1831 2556 1922 2604 καὶ

316 2642 687 2704 ἀπλουστάτης
715 2641 906 2703 ἓκείνης
942 2642 1131 2714 ψυχῆς
1160 2644 1281 2695 ὅσον
1337 2647 1428 2695 καὶ
1466 2643 1571 2695 οἷον
1617 2643 1646 2699 ἡ
1706 2640 1924 2693 ἀποικία

315 2740 408 2793 τῆς
444 2731 829 2804 μεγαλοπόλεως
863 2730 1111 2802 ἐκόψατο.
1146 2730 1582 2802 Ἐψυχαγωγεῖτο
1609 2725 1659 2782 δ’
1689 2731 1825 2801 ὅμως
1848 2730 1922 2781 ἔτι

313 2821 614 2874 πλουτοῦσα
648 2824 735 2873 τόν
787 2817 1172 2893 πολυειδήμονα
1214 2820 1455 2877 Ἰωάννην
1517 2822 1604 2871 τόν
1652 2822 1837 2891 μέγαν.
1861 2861 1874 2873 .
1897 2860 1911 2873 .

231 2900 238 2912 ⁵
318 2908 482 2983 βουλῇ
533 2915 624 2963 καὶ
676 2909 942 2963 εύσυνέσει
999 2908 1145 2961 πόλιν
1214 2913 1303 2961 καὶ
1376 2907 1639 2968 πολιτείας
1697 2906 1922 2981 ἀρίστης

316 2998 561 3070 ἔμψυχον

2026 489 2195 591 πάντη
2273 504 2366 549 τοῦ
2418 502 2534 553 κατ’
2592 502 2740 566 ἀξίαν
2798 510 2997 581 θρηνεῖν
3055 489 3526 591 ἐνελίπομεν..Νῦν
3578 517 3631 574 δ’

2028 576 2425 682 εσκεδασμένοι,
2461 594 2592 660 γυνή
2632 595 2723 664 μὲν
2762 597 2793 653 ἡ
2837 596 2958 660 ἀξία
2999 610 3093 653 σοῦ
3141 610 3229 657 καὶ
3270 602 3456 660 δικαία
3499 612 3633 682 μετά

2030 675 2126 718 σοῦ
2169 668 2428 732 ἐξικέσθαι
2470 678 2536 738 εἰς
2590 688 2756 757 γῆρας
2802 688 2861 738 τὸ
2916 685 3166 763 ᾀδόμενον
3224 668 3530 770 κορωνόϐιον
3578 698 3630 751 έν

2028 761 2329 857 γωνίᾳπουΑ
2374 761 2663 822 ὢδαπέδου
2694 776 2827 847 μέση
2878 761 3067 852 χοροῦ,
3124 761 3329 835 παίδων
3366 782 3629 857 ἀφηλίκων

2031 848 2120 897 καὶ
2198 847 2723 949 ἀνήϐωνΑκαθημένη
2786 847 3098 939 μελανείμων
3154 874 3247 928 τὴν
3301 847 3488 937 ἑαυτῆς
3538 879 3629 949 μὲν

2031 941 2255 1039 χηρείαν
2305 939 2508 995 παίδων
2588 942 2647 999 δὲ
2718 949 2963 1025 ὀρφανίαν
3043 956 3259 1020 ἐλεεινῶς
3304 939 3627 1039 ὀλοφύρεται.

2034 1029 2151 1127 Τῶν.
2185 1022 2244 1127 δὲ
2299 1040 2705 1127 προγενεστέρων
2745 1022 2959 1095 παίδων
3016 1045 3166 1108 ἄλλος
3224 1048 3379 1125 ἔρῥων
3400 1022 3626 1127 ⁶ἀλλαχῆ

2034 1114 2151 1167 καθ’
2191 1115 2382 1215 ..ἑαυτὸν
2436 1122 2649 1194 οἰμώζει
2713 1134 2802 1182 καὶ
2845 1133 3125 1204 μοναυλίαν
3164 1114 3628 1215 κλαύθμυρίζετάι.

2034 1209 2145 1254 Τῶν
2177 1201 2227 1257 δ’
2259 1207 2420 1271 ἄλλως
2440 1211 2795 1286 οἰκειουμένων
2827 1224 2914 1273 καὶ
2945 1223 3063 1275 καθ’
3106 1226 3239 1299 αἷμα
3280 1201 3339 1281 οἱ.
3477 1230 3634 1286 Ἀσία

2032 1294 2097 1344 τὰ
2168 1302 2264 1357 τῆς
2337 1297 2639 1372 τραγῳδίας
2725 1310 2855 1382 πρὸς
2913 1315 3031 1373 τούς
3083 1312 3132 1365 ἐν
3162 1289 3384 1370 ’Ἑλλάδι
3448 1289 3633 1374 διένειί

2034 1401 2154 1452 μαν.

2109 1471 2354 1571 Ἀδελφὸς
2387 1473 2442 1529 δ’
2486 1477 2966 1571 έγῶῗπολυτλήμων
3018 1495 3108 1544 καὶ
3149 1492 3471 1568 πολύθρηνος
3500 1499 3633 1571 χθὲς

2035 1563 2125 1655 μὲν
2174 1566 2264 1614 καὶ
2305 1571 2486 1637 πρώην
2539 1569 2696 1623 ἄλλου
2753 1577 2971 1638 πένθους
3033 1563 3325 1655 ἐποιούμην.
3362 1563 3633 1650 ὑποθέσεις

2034 1648 2118 1701 ἐπί
2147 1669 2201 1703 τε
2224 1662 2423 1717 κοιναῖς
2473 1662 2562 1710 καὶ
2614 1656 2775 1723 ἰδίαις
2822 1662 3027 1738 ἐμαυτῷ
3073 1679 3361 1747 συμφοραῖς
3393 1678 3485 1726 καὶ
3523 1676 3630 1748 μά-

2032 1737 2188 1791 λιστα
2217 1741 2290 1802 οἷς
2347 1743 2658 1800 ὀλϐιώτατον
2706 1757 2795 1804 καὶ
2844 1737 3256 1827 ὀνομαστότατον
3295 1763 3459 1835 (ναὸν,
3517 1737 3628 1836 καὶ,

2033 1828 2151 1898 άγιε
2171 1825 2419 1887 δέσποτα.
2447 1836 2513 1895 ὡς
2535 1837 2828 1909 τρισόλϐιον
2849 1825 3001 1897 τοῦτο
3047 1849 3104 1899 τὸ
3158 1855 3250 1909 τῆς
3297 1825 3633 1925 Θεομήταρος

2031 1920 2239 1988 τέμενος
2260 1926 2347 1973 καὶ
2381 1925 2614 1978 τόιούτου
2653 1933 2953 2003 προστάτου
3008 1930 3081 1986 δι’
3134 1936 3320 1999 αἰῶνος
3369 1920 3629 2014 δεόμενον)

2034 2007 2167 2080 ἱερὸν
2230 2008 2493 2084 Ἀθήνησι
2551 2020 2842 2081 πιστευθεὶς
2892 2026 2982 2074 καὶ
3044 2032 3135 2077 τοῦ
3180 2024 3228 2077 ἐν
3286 2029 3427 2100 αὐτῷ
3478 2007 3631 2105 προῐζ

2034 2096 2280 2167 στάμενος
2341 2102 2724 2179 θυσιαστηρίου
2790 2120 3142 2183 πνευματικοῦ
3219 2119 3310 2168 καὶ
3383 2096 3631 2177 πλείστην

2032 2184 2113 2273 ότι
2201 2192 2291 2240 καὶ
2358 2189 2608 2252 πολυειδῆ
2691 2205 3120 2273 προσισχομένου
3196 2198 3450 2269 διηνεκῶς
3492 2208 3631 2259 θείαν

2032 2270 2283 2375 ἐνέργειαν
2338 2274 2499 2351 εἶδον,
2532 2284 2582 2333 οἵ
2619 2304 2728 2356 μοι,
2766 2287 2818 2339 οἶ
2857 2308 2948 2359 μοι
3006 2289 3020 2344 !
3079 2292 3498 2368 ίεροσυλούμενον
3541 2301 3632 2350 καὶ

2033 2369 2511 2439 ἀποκοσμούμενον.
2569 2371 2697 2445 Ἐμὲ
2782 2371 2842 2427 δὲ
2894 2381 2982 2430 τὸν
3040 2378 3207 2433 ἐκεῖσε
3257 2389 3632 2456 πεφυτευμένον

2030 2452 2097 2549 τὰ
2136 2462 2319 2526 πρῶτα
2347 2461 2478 2532 πρὸς
2527 2457 2765 2515 δεκάδων
2822 2463 2943 2518 ἐτῶν
2999 2477 3155 2541 τριῶν
3210 2476 3296 2523 καὶ
3334 2473 3634 2549 ὑπερέκεινα

2031 2538 2089 2592 ἐκ
2126 2549 2218 2603 τῆς
2262 2545 2424 2608 αὐλῆς
2471 2554 2664 2622 Κυρίου
2729 2538 3102 2629 ἀποσπώμενον
3149 2562 3217 2622 ὡς
3270 2538 3481 2615 αύαλέον
3519 2560 3628 2622 ἤδη

2029 2634 2128 2721 καὶ,
2177 2632 2360 2703 ἄγονον
2410 2641 2602 2699 παντὸς
2648 2638 2847 2712 ἀγαθοῦ
2902 2643 3223 2721 γεράνδρυον
3273 2657 3363 2710 τῆς
3395 2650 3633 2713 ἰταλικῆς

2031 2716 2208 2813 ἀέλλης
2289 2722 2634 2801 σφοδρότερον
2708 2716 3223 2801 ἐμπνευσάσηςάοι
3269 2743 3357 2790 καὶ
3420 2746 3508 2791 νῦν
3539 2741 3631 2813 με)

2031 2807 2101 2868 εἰς
2129 2809 2503 2886 πολυῤῥοθίους
2535 2814 2699 2879 ἀκτὰς
2741 2820 2770 2878 ἦ
2827 2821 3130 2897 περίῤῥυτον
3194 2825 3439 2879 σκόπελον
3486 2807 3634 2881 ἐλαύ-ν

2029 2901 2256 2970 νόμενον,
2288 2908 2375 2951 νῦν
2417 2899 2468 2954 δ’
2516 2902 2600 2956 ἐπὶ
2650 2910 2897 2980 φάραγγα
2951 2912 3202 2987 ὑπώρειον
3240 2920 3341 2988 πρὸ
3393 2924 3487 2969 τοῦ
3523 2937 3634 2970 κοι-

2028 2994 2117 3079 νοῦ
2147 2986 2410 3079 κλύδωνος
2438 2991 2848 3069 ἐξεϐρασσόμην,
2903 2986 3075 3053 Ἔνθα
3117 2986 3423 3078 παρέρνιμμα
3466 3026 3631 3079 μετα-

388 3086 472 3148 Ὠς
526 3084 586 3140 δὲ
649 3094 740 3141 καὶ
786 3091 994 3141 τουτονὶ
1038 3089 1350 3160 προτεθέντα
1405 3083 1644 3159 τάδελφῷ
1701 3104 1919 3159 μεταμι-
1951 3115 1991 3171 C
2028 3077 2223 3171 ‘fd‘n'w
2279 3077 2591 3156 ἀπόκληρος)
2650 3083 2906 3159 ἀνέορτοςν
2953 3088 3155 3158 ἄπολις,
3195 3077 3522 3165 νᾶγροιώτῆς
3562 3099 3631 3158 ὡς

318 3178 439 3250 κρόν
484 3178 778 3248 ....μίοηό
840 3181 932 3229 καὶ
987 3177 1406 3251 προσεπένθησεν
1477 3174 1561 3228 έπὶ
1624 3182 1698 3245 τῷ
1758 3174 1922 3247 λοιπῷ

313 3268 404 3316 καὶ
427 3269 586 3339 τρίτῳ
619 3284 954 3338 σεμνυνομεν.
976 3306 989 3321 .
1014 3308 1025 3320 .
1062 3271 1272 3338 Νικήτα
1322 3274 1393 3336 τῷ
1429 3267 1495 3317 τὰ
1524 3264 1723 3317 ἐκείνων
1752 3267 1925 3318 πάντα

314 3354 448 3407 καλά
502 3354 810 3407 συλλαϐόντι
897 3354 1063 3426 ἐαυτῷ
1106 3354 1214 3428 ἔμῷ
1260 3350 1467 3427 ἀδελφῷ
1516 3357 1766 3430 μετέωρος
1807 3359 1926 3419 ταὶς

317 3442 622 3507 ὑπολοίποις
676 3444 879 3498 ἐλπίσιν
944 3443 1201 3500 ίσάλευεν.
1261 3446 1402 3498 Ἐπεὶ
1464 3440 1525 3498 δε
1579 3449 1670 3498 καὶ
1718 3449 1925 3497 τουτονὶ

315 3532 678 3607 προσαπεϐαλε
731 3537 1037 3606 τοῦσχατον
1091 3539 1463 3605 ναυαγήσασα,
1516 3541 1607 3586 νῦν
1661 3534 1750 3587 ὑπ’
1799 3532 1925 3606 ἀμέ-

315 3644 462 3698 τρου.
539 3625 897 3676 καταποθεῖσα
984 3623 1153 3686 λύπης
1228 3627 1551 3676 πεπόντωται
1642 3619 1927 3676 καταδῦσα

317 3712 621 3788 ὑπόϐρυχα.
653 3717 804 3785 Μέγα
866 3709 928 3765 δε
985 3712 1168 3774 Ἀσίας
1225 3711 1301 3766 ἐπ’
1363 3712 1502 3782 αὐτῷ
1556 3709 1685 3787 ἦρτο
1742 3714 1925 3774 πένθος

325 3802 670 3875 ...ἐπήχησε
717 3800 778 3855 δε
850 3805 1030 3878 γοερὸν
1089 3802 1309 3877 Εὐρώπη
1378 3800 1813 3873 συνανοιμώξασα
1858 3804 1924 3864 ὡς

316 3897 409 3952 τήν
459 3896 637 3951 κοινὴν
701 3893 896 3965 ζημίαν
957 3890 1191 3945 ἐπύθετο.
1254 3891 1314 3943 Εἰ
1363 3887 1417 3943 δ’
1474 3891 1724 3965 ἑκατέρων
1779 3892 1924 3950 ἠπεί-

312 4000 415 4057 ρων
459 4024 472 4037 .
494 4024 507 4038 .
530 3981 619 4041 ,λη
650 3986 730 4044 τίς
760 3988 919 4056 μοῖρα
946 3982 1080 4034 ὅσων
1107 3982 1138 4039 ἣ
1193 3987 1374 4055 πεῖραν
1404 3986 1495 4040 τῆς
1553 3988 1653 4041 σῆς
1696 3979 1918 4032 καλοκα-

310 4072 498 4142 γαθίας
579 4074 799 4143 ἔγευσας
871 4072 901 4130 ἢ
986 4075 1134 4143 φήμη
1211 4072 1276 4122 τὰ
1338 4078 1447 4122 ῶτα
1500 4068 1922 4144 περιεϐόμϐησας

320 4202 368 4217 ..
391 4202 404 4217 .
429 4163 584 4216 ,ωτόν
639 4163 727 4212 σὸν
797 4158 1126 4231 ὠλοφύραντο
1172 4160 1412 4224 θάνατον,
1465 4155 1504 4209 ὦ
1560 4158 1775 4231 φιλτάτη
1828 4163 1921 4212 καὶ

313 4251 552 4308 θειοτάτη
579 4248 760 4321 ψυχὴ,
809 4253 862 4301 τί
916 4250 1037 4301 ποτ’
1092 4247 1154 4300 ἂν
1206 4249 1359 4320 ἡμεῖς
1404 4249 1464 4301 ού
1510 4249 1800 4321 πεισόμεθα
1826 4252 1919 4302 καὶ

313 4336 579 4413 δράσομεν
612 4337 1032 4410 σχετλιάζοντες,
1065 4339 1115 4389 οἱ
1158 4339 1290 4410 μετά
1334 4334 1696 4405 παντοδαπῆς,
1745 4340 1810 4398 ὡς
1853 4340 1921 4391 εῖ-

310 4447 493 4501 πομεν,
547 4430 781 4500 σχέσεως
821 4435 885 4499 τῇ
952 4426 1070 4479 καθ’
1120 4423 1253 4500 αἷμα
1307 4425 1563 4480 οἰκειώσει
1625 4431 1921 4501 πιεζόμενοι
1948 4467 1997 4521 D

313 4520 378 4578 ὡς
404 4518 645 4590 ὁμόγνιοι
673 4519 749 4569 ἔτι
775 4535 829 4569 τε
883 4520 1081 4590 μυρίων
1122 4521 1243 4591 περὶ
1300 4523 1395 4568 σοῦ
1446 4522 1682 4590 χαρίτων
1741 4516 1921 4573 ἀπολε-

313 4606 562 4669 λαυκότες
591 4606 665 4668 εἰς
694 4605 957 4678 πλήσμιον
996 4609 1086 4658 καὶ
1132 4609 1234 4679 πρό
1281 4623 1341 4676 γε
1387 4613 1449 4678 τῇ
1512 4613 1578 4679 σῇ
1637 4606 1790 4680 ἀρετῇ
1839 4628 1919 4681 φι-

315 4694 672 4769 λοτιμούμενοι
700 4699 790 4747 καὶ
844 4698 980 4767 μέγα
1034 4693 1117 4745 ἐπὶ
1160 4698 1245 4746 σοὶ
1303 4701 1604 4766 φρονοῦντες
1657 4701 1749 4748 καὶ
1798 4715 1920 4770 σεμ-

313 4783 592 4858 νυνεμενοι,
629 4781 741 4837 εἶτα
789 4791 876 4836 νῦν
934 4783 1145 4845 ἐαυτοὸς
1191 4785 1376 4855 αἴφνης
1423 4780 1620 4847 ἰδόντες
1662 4792 1754 4838 τοῦ
1797 4790 1918 4861 περὶ

313 4882 410 4927 σοῦ
481 4873 794 4945 ψιλωθέντος
849 4872 1361 4947 ἀπολαμπρύσματος
1395 4876 1536 4944 γένος
1591 4871 1916 4946 πολυσχιδὲς

307 4969 399 5017 καὶ
424 4963 697 5034 πολλαχοῦ
715 4971 812 5025 τῆς
837 4963 1020 5023 Ἀσίας
1055 4967 1146 5015 καὶ
1202 4961 1319 5015 καθ’
1361 4962 1497 5019 Ἑλλ,
1519 5005 1532 5018 .
1557 5006 1568 5019 .
1616 4968 1915 5037 καχυμένον

305 5058 399 5107 καὶ
438 5053 511 5114 εἰς
548 5056 710 5125 ὄνομα
746 5052 983 5126 λαμπρόν
1021 5051 1289 5125 αἰρόμενον
1332 5049 1428 5105 διά
1485 5059 1580 5105 σοῦ
1625 5058 1716 5106 καὶ
1773 5053 1913 5117 ἐξευ-

304 5143 650 5216 γενιζόμπον,
701 5142 791 5205 οὓς
856 5139 965 5195 ἔδει
1017 5146 1090 5215 μὴ
1150 5138 1471 5219 διεσπάρθαι
1519 5151 1608 5196 νῦν
1661 5148 1752 5197 καὶ
1795 5144 1910 5198 κατ’

307 5230 449 5284 οἶκον
484 5234 678 5285 πενθεῖν
711 5228 865 5304 ἰδίδᾳ
893 5233 1128 5300 ἕκαστος,
1191 5230 1300 5285 ἀλλ’
1350 5232 1423 5294 εἰς
1446 5236 1606 5285 ταυτό
1639 5234 1913 5294 συνεληλυ-

310 5323 462 5378 θότας
501 5326 592 5374 καὶ
628 5324 716 5375 τὸν
756 5324 847 5374 σὸν
876 5322 1220 5394 περιστάντας
1256 5319 1467 5393 τυμϐον,
1517 5323 1603 5374 ὑπ’
1665 5320 1779 5395 ἔμοι
1828 5340 1915 5379 κο.

258 5406 263 5411 ’
309 5414 517 5483 ρνφαίω
568 5406 815 5482 δυστήνῳ
863 5415 953 5462 καὶ
1003 5412 1200 5484 θρήνων
1256 5409 1535 5483 ἑξάρχοντι
1558 5410 1912 5467 πολύκλαυτον

312 5498 528 5561 ξυναυλ.
549 5542 562 5556 .
586 5543 599 5555 .
647 5505 737 5552 καὶ
766 5499 1033 5574 οἰκροτατ.
1054 5542 1064 5556 .
1089 5542 1102 5555 .
1150 5499 1485 5573 ἀρμόσασθοι
1513 5519 1603 5553 και
1640 5504 1778 5574 μέγα
1797 5505 1913 5556 1th-

319 5589 405 5651 θος
449 5588 640 5665 έγεῖροι
687 5594 780 5647 καὶ
827 5589 933 5644 οἷον
984 5590 1016 5649 ἡ
1069 5593 1191 5662 περὶ
1230 5592 1318 5645 τὸν
1369 5589 1566 5664 Ἰωσὴφ
1609 5590 1910 5670 παρεμϐολή

2030 3162 2252 3256 ἐρημική
2284 3188 2365 3231 τις
2396 3170 2653 3244 ὀλολυγὼν
2692 3173 2997 3230 ἐπίκλαυτον
3045 3180 3161 3233 κατ’
3218 3162 3439 3255 εμαυτὸν
3487 3182 3632 3256 ᾅδων

2031 3252 2172 3327 τάμὰ
2196 3261 2288 3309 καὶ
2318 3262 2465 3312 κοινά
2493 3264 2648 3319 κακά.
2692 3267 2798 3320 Νῦν
2850 3261 2903 3318 δ’
2959 3266 3087 3321 ἀ).λά
3136 3278 3236 3322 τῶν
3274 3275 3523 3326 τοιούτων
3564 3277 3633 3338 ὡς

2032 3343 2205 3397 οὐκέτι
2225 3348 2469 3402 κλαυτέον
2498 3372 2588 3425 μοι
2616 3358 2769 3425 μόνον
2800 3354 2894 3408 ούκ
2929 3355 3295 3433 ἐπιλέλησμαι.

2110 3439 2169 3492 Ὀ
2228 3436 2286 3492 δὲ
2351 3448 2441 3501 τῆς
2491 3442 2742 3514 φιλτάτης
2796 3445 3020 3519 κεφαλῆς
3067 3450 3283 3511 θάνατος
3329 3451 3516 3515 ἐκεῖνος
3550 3474 3636 3507 τε-

2031 3530 2261 3590 λεκταῖος
2307 3527 2684 3595 ἑπιπεπδωκὼς
2734 3534 2804 3596 ὡς
2855 3537 2886 3593 ἡ
2949 3533 3143 3596 δεκάτη
3192 3547 3292 3591 τῶν
3329 3541 3634 3613 Αἰγυπτίων

2030 3618 2256 3690 πληγὴὴ
2308 3628 2408 3671 τῶν
2450 3625 2788 3695 πρωτοτόκων
2845 3624 3049 3697 ὄλεθρος
3101 3628 3272 3679 πάντα
3321 3632 3515 3681 κοπετά
3563 3628 3636 3693 εἰς

2033 3708 2234 3771 ἑαυτὸν,
2295 3708 2654 3781 ἐφειλκύσατο,
2740 3717 2915 3764 πᾶσαν
2988 3713 3242 3787 οἰμωγήν,
3300 3721 3402 3768 πᾶν
3453 3722 3634 3792 γοερόν

2033 3796 2205 3870 μέλος,
2233 3796 2347 3848 ὅλον
2373 3803 2463 3850 καὶ
2512 3801 2723 3871 σύμπαν
2781 3796 3029 3875 δάκρυον.
3086 3801 3261 3856 "Eone:
3311 3807 3412 3881 γὰρ
3467 3804 3636 3861 ἐκεῖνα

2031 3891 2121 3961 μὶν
2150 3884 2471 3961 προϐαλέσαι
2507 3907 2599 3959 μοι
2629 3890 2656 3940 ὁ
2712 3886 2970 3942 ὁδοποιῶν
3025 3891 3202 3968 τρίϐον
3231 3902 3295 3968 τῇ
3355 3894 3485 3971 ὀργῇ
3545 3896 3637 3949 αὖ-

2030 3983 2122 4028 τοῦ
2178 3976 2284 4029 οἷόν
2356 3994 2474 4029 τινα
2524 3976 2849 4054 κολαστέρων
2921 3986 3289 4054 περιστατικὸν
3339 3986 3632 4055 γυμνάσια,

2029 4068 2274 4139 μέγιστον
2302 4062 2362 4118 δε
2400 4064 2578 4138 ἀγῶνα
2631 4074 2810 4119 τοῦτον
2859 4066 3224 4141 ἐπενηνοχέναι
3276 4075 3368 4123 καὶ
3409 4071 3634 4125 ὕστατον

2028 4159 2119 4207 καὶ
2139 4154 2198 4206 ού
2228 4157 2289 4207 τὸ
2318 4156 2565 4229 παράπαν
2596 4152 2890 4212 ἀκίνδυνον.
2920 4164 2986 4212 Τ.
3010 4202 3021 4213 .
3045 4200 3058 4213 .
3080 4200 3094 4213 .
3157 4157 3325 4212 ἐκεῖνα
3386 4158 3636 4234 ἀμυχαῖα

2028 4249 2119 4297 καὶ
2148 4244 2207 4297 ού
2231 4246 2369 4296 πάνυ
2401 4240 2712 4297 δυσούλωτά
2736 4265 2827 4318 μοι
2853 4247 2918 4299 τὰ
2970 4245 3258 4321 πλήγματα
3285 4257 3377 4302 τοῦ
3432 4246 3515 4307 δε.
3536 4294 3550 4306 .
3575 4296 3586 4307 .
3609 4293 3625 4308 .

2027 4340 2116 4388 καὶ
2154 4340 2247 4387 τοῦ
2279 4332 2474 4407 βάθους
2503 4341 2596 4397 τῆς
2638 4333 2824 4407 ψυχῆς
2848 4337 3230 4410 καθικνούμενα
3257 4340 3287 4399 ἣ
3345 4341 3493 4413 τάχα
3542 4344 3634 4414 μὲν

2026 4427 2341 4498 πειρατέρων
2387 4422 2540 4482 ἀνέϐη
2580 4443 2673 4480 κα,
2696 4467 2709 4479 .
2732 4466 2745 4479 .
2796 4426 2984 4498 θεόμην
3043 4424 3508 4502 ἐπισημαινόμενον
3547 4429 3610 4503 ἐμ

2026 4517 2270 4590 πρησμὸν
2326 4519 2417 4566 καὶ
2487 4521 2587 4565 τῶν
2659 4512 2906 4586 ὀμμάτων
2960 4516 3372 4591 προκαλούμενος
3424 4513 3636 4592 δάκρυα

2027 4609 2118 4658 καὶ
2172 4611 2276 4678 πῦρ
2330 4602 2631 4675 κατέφλεγεν
2687 4604 2766 4657 ἐπ’
2816 4604 2990 4677 ἐκείνῳ
3041 4604 3281 4679 θλίψεων,
3339 4615 3428 4661 νῦν
3478 4606 3538 4663 δὲ
3566 4613 3635 4663 τά

2027 4697 2290 4746 καυστικὰ
2337 4698 2427 4746 καὶ
2475 4699 2804 4768 μονιμώτερα
2856 4697 3001 4769 πυρά
3049 4699 3142 4760 τῆς
3189 4697 3448 4759 κολάσεῶς
3501 4697 3632 4758 ἀνή-

2027 4784 2232 4855 φθησαν
2271 4785 2523 4856 ἄνθρακες
2551 4785 2613 4833 οὔ
2667 4786 2792 4835 ποτέ
2847 4802 2938 4855 μοι
2983 4781 3125 4837 δοκῶ
3154 4785 3566 4859 σϐεσθησόμενοι
3595 4788 3627 4848 ἢ

2025 4880 2142 4928 τοῦ.
2166 4916 2177 4929 .
2201 4916 2215 4930 .
2237 4915 2250 4927 .
2298 4868 2577 4945 ἑγκάρδιον
2614 4871 2747 4944 αἷμα
2786 4876 3129 4944 παυσόμενοι,
3162 4875 3298 4927 ὥστε
3320 4893 3385 4948 με
3412 4873 3539 4927 αὐτὸ
3569 4880 3630 4929 τὸ

2026 4958 2254 5037 δάκρυον
2289 4959 2519 5013 ἐπέλιπεν
2558 4962 2659 5012 εἴτε
2704 4962 2823 5034 περὶ
2878 4963 2937 5012 τὸ
2993 4959 3318 5022 ἀναλωθῆναι
3371 4969 3457 5014 τοῖ
3502 4965 3630 5035 φθά-

2027 5069 2153 5103 σασι
2178 5056 2360 5112 κακοῖς
2412 5052 2471 5102 τὸ
2528 5049 2578 5101 ἓν
2628 5055 2693 5121 τῇ
2753 5051 2945 5122 κεφαλῇ
3001 5068 3102 5123 μου
3155 5047 3300 5126 ὕδωρ
3354 5048 3625 5128 ύπεκρυεν.

2024 5143 2124 5195 εἴτε
2167 5146 2287 5214 περὶ
2361 5143 2450 5192 τὸν
2505 5148 2593 5191 νῦν
2646 5139 2835 5213 μᾶλλον
2887 5141 3206 5213 πεπληγέναι
3255 5142 3379 5196 ὡσεὶ
3434 5148 3628 5219 χόρτον

2021 5236 2105 5284 καὶ
2144 5230 2323 5291 τελέως
2387 5228 2675 5288 αύανθῆναι
2735 5234 2830 5289 τήν
2887 5228 3353 5291 πολυπαθεστάτην
3401 5231 3629 5310 καρδίαν

2020 5340 2143 5397 μου,
2178 5316 2449 5375 κάντεῦθεν
2500 5322 2631 5392 μήτε
2674 5313 2916 5393 δακρύων
2971 5312 3197 5384 λιϐαδας
3250 5322 3508 5397 πενθίμων
3535 5324 3628 5378 λό-

2020 5433 2125 5485 γων
2153 5413 2370 5487 κρουνὸν
2399 5407 2452 5472 ἐξ
2490 5408 2647 5470 αὐτῆς
2704 5405 3060 5462 ἀναδίδοσθαι
3108 5408 3231 5463 ὅσον
3280 5410 3416 5466 ἔθελε
3443 5417 3504 5467 τὸ
3532 5418 3627 5468 τοῦ

2020 5502 2222 5563 πάθους
2257 5500 2469 5573 μέγεθος
2522 5502 2613 5551 καὶ
2657 5497 2784 5570 παρ’
2826 5496 2888 5550 οὗ
2939 5501 2999 5551 τό
3056 5496 3483 5576 ἓγκυλονούμενον
3529 5500 3628 5557 ἄλ·-

2019 5610 2113 5665 γος
2135 5597 2200 5665 τῇ
2242 5587 2401 5663 ψυχῇ
2435 5587 2795 5662 ἇκκενούμενον
2827 5586 3072 5665 ῥᾳότερόν
3116 5607 3244 5646 ποτε
3301 5592 3495 5667 γίνοιτ’
3539 5588 3629 5672 ἄν,
