2062 3191
229 119 300 154 i255

973 115 1153 146 ADDE-NDA.

1839 125 1911 153 1256

238 187 344 223 Δνάγκη
362 186 446 212 τοίνῦν
482 183 615 219 ἀτέγκτοις
640 182 782 220 ὀφθαλμοῖς
804 183 849 208 καὶ
889 181 1043 223 στινανμοῖγς
1056 178 1080 206 Α
1097 173 1264 218 ἀξυμϐλήτου
1298 189 1353 218 τοῖς
1385 185 1508 217 παλαιοῖς
1535 184 1736 222 ἀριστεύματος.
1751 184 1898 223 Ἐῤῥύσατὸ

232 231 370 262 ἀλαλήτοις
406 230 489 266 ἄχθος
540 226 631 259 ὠδῖνος
671 229 753 265 φέρειν
793 226 928 263 ἀνέκφορον
956 222 1042 258 καὶ

230 277 465 312 συναποθανοῦμαι
483 275 513 301 τὸ
529 272 716 311 βραχυήμερον
736 276 784 303 τῆς
810 274 922 308 μογερῆς
950 267 1041 305 βιοτῆς

234 321 361 353 εξανύσας
384 319 485 348 ὑπόλει.
496 340 503 347 .
514 339 520 347 .
545 320 589 345 καὶ
606 320 729 346 κείσομαι
743 316 791 344 οὐκ
812 314 861 343 οἷό*
884 316 943 342 ὅποι
957 313 1041 351 βαρά-

231 366 297 402 θρων
330 369 379 401 γῆς
398 365 412 394 ᾖ
444 363 545 391 κόλπων
576 362 712 393 θαλάσσης
730 362 812 400 ριφεὶς
842 362 887 387 καὶ
911 359 1040 397 προτιθή-

232 419 313 446 σομαι
335 408 466 446 τάδελφῷ,
495 409 508 435 ό
530 417 681 445 γεφαιτερος
702 411 738 443 τῷ
760 408 882 443 νεωνὲρῳ,
898 405 912 432 ὁ
926 406 1039 441 έσχατο-

230 457 311 493 γέρων
327 458 363 491 τῷ
378 455 554 482 καθεστηκότι
566 455 611 479 καὶ
626 453 792 489 ὧμογέροντι.

265 500 396 536 Ἀνέφικτε
425 501 470 525 καὶ
506 497 651 535 ἀτέκμαρτί
676 498 734 524 θεία
762 498 881 534 πρόνοια,
910 495 925 524 ἡ
951 493 1038 530 λόγοις

230 543 353 582 ἀρρήτοις
386 543 543 574 οἰακίζουσι(
579 543 635 569 θεῖά
674 551 701 568 τε
727 543 772 568 καὶ
802 540 950 578 ἀνθρώπινα
973 539 1039 576 πρά-

234 598 305 625 ματα
319 593 374 619 πῶς
390 592 426 624 τῷ
447 593 496 614 τῶν
517 592 568 614 σῶν
588 588 720 625 κριμοίτων
741 585 851 622 ἀϐύσσῳ
880 583 1038 621 ὶγκυϐιστῆ-

235 643 280 660 σαι
307 643 314 668 ;
343 632 533 664 Ἐπινήξασθαι
561 633 606 669 μὲν
629 630 672 658 οὖν
698 633 814 669 παρήσει
844 639 884 661 τις
898 633 968 663 νοῦς,
990 627 1037 654 κᾶν

232 680 273 708 εἵη
289 678 497 715 φιλοσοφώτατον
516 676 581 703 λύων
609 675 776 713 συνδέσμους
805 677 850 701 καὶ
877 673 1037 710 ἀναγγέλλων

232 724 403 761 κρατούμινα.
426 723 582 760 Ἐκφέρομαι
606 722 656 760 γὰρ
688 723 747 758 περὶ
775 724 821 747 τοῦ
849 717 950 751 πάθους
980 718 1037 755 έρε-

233 768 367 804 θιζόμενος
408 769 468 804 περὶ
501 764 727 802 κεκινδυνευμένον
757 775 783 792 τι
829 767 874 791 καὶ
913 765 1037 802 προπετὲς

233 812 405 849 φθέγξασθαι.
432 812 488 838 Ἵνα
501 814 526 838 τί
549 812 563 837 ὁ
581 812 626 848 μεν
654 810 858 848 πολιοκρόταφος
881 811 926 835 καὶ
954 809 1038 845 ἄχθος

233 856 346 895 ἀρούρης
365 857 472 883 έτώσιον
499 858 544 883 καὶ
562 860 647 894 γῆρας
676 855 754 882 ἕλκων
770 854 840 893 βαρὺ
864 856 907 880 καὶ
936 853 1009 880 duo»
1024 853 1038 879 ὅ
1052 862 1072 889 Β

234 912 312 939 φησιν
326 902 395 933 Eho;
409 904 453 928 καὶ
479 901 515 938 ἐφ’
530 901 543 927 ὃ
574 904 658 928 πᾶσαι
686 904 731 931 τῆς
751 901 853 936 φύσεως
878 903 953 937 κῆρες
979 908 1038 925 συν-

234 947 357 985 ἐρῤευσαν
368 946 549 983 περιλεὶπομαι
563 947 601 971 ἔτι
612 944 703 982 δεὺρο.
714 966 720 973 .
733 966 739 974 ,
750 965 756 972 .
768 966 774 972 .
794 948 845 981 γῆς
857 943 947 976 ἀξύντ.
958 965 965 972 .
976 964 982 972 .
1001 947 1038 979 τῷ

232 994 312 1018 παντὶ
326 994 371 1018 καὶ
387 991 478 1027 μηκέθ’
497 992 590 1027 ὡραῖον
615 990 680 1026 ἡλίῳ
704 991 855 1026 μαινόμενος
883 990 975 1025 θέαμα.
990 987 1037 1020 ¹Ος

236 1033 266 1062 δὲ
285 1037 356 1062 οὔπω
368 1037 438 1061 ἵκετο
464 1037 561 1072 γήραος
588 1032 676 1068 οὐδόν,
699 1032 862 1071 δικαιότερος
886 1032 912 1060 δ’
931 1032 962 1063 ἦν
984 1032 1038 1059 ἐπι-

235 1078 326 1106 ϐιῶναι
340 1082 502 1117 μακρότατα,
523 1079 568 1106 οἶτε
586 1079 709 1115 γυναικὸς
733 1080 776 1104 καὶ
802 1080 895 1104 τέκνων
924 1077 971 1104 οὐκ
986 1077 1037 1104 ὀλί-

233 1135 285 1161 γων
328 1126 416 1162 σωτήρ
445 1127 490 1150 καὶ
517 1126 606 1160 γένους
632 1123 750 1160 λαμπτὴρ
782 1125 827 1149 καὶ
855 1125 922 1159 μέγα
950 1121 1037 1158 ὄφελος

234 1170 325 1206 κόσμῳ
360 1167 440 1205 κάμοὶ
481 1166 563 1200 δόξης
591 1170 636 1194 καὶ
663 1170 820 1203 καυχήσεως
847 1171 966 1203 στέφανος
992 1169 1037 1193 καὶ

236 1215 305 1245 ζωῆς
321 1213 403 1244 αὐτῆς
417 1215 556 1249 συνοχεὺς,
571 1210 647 1244 οὗτος
662 1212 691 1238 οὐ
705 1212 764 1239 καθ’
786 1213 864 1250 ὤραν,
879 1215 1036 1249 περιφρονῶν

234 1258 310 1294 λέγω,
338 1261 509 1295 προήρπαστο
542 1257 584 1284 ἐπὶ
610 1259 716 1294 ζημίαν,
757 1256 909 1294 ἀλλοτρίων,
935 1266 963 1283 τι
988 1267 1038 1294 μυ-

233 1305 295 1341 ρίων
320 1306 365 1330 καὶ
388 1301 504 1330 τοσῶνδε
529 1307 667 1340 προγενών.
698 1302 736 1328 Ού
762 1303 813 1340 γὰρ
829 1301 961 1339 ἀλλότριον
990 1304 1037 1339 μό-

233 1357 274 1374 νον
289 1346 320 1377 ἧν
345 1348 442 1384 ἀγαθὸν
470 1349 503 1379 ὡς
532 1348 666 1384 ὁρίζονται
698 1348 722 1374 οἱ
752 1349 829 1383 σοφοὶ
853 1348 896 1374 τὸν
922 1345 1035 1381 δίκαιον,

235 1392 298 1420 ἀλλά
311 1403 341 1429 γε
357 1391 390 1422 δή
407 1395 452 1419 καὶ
467 1394 602 1431 ἡμέτερον.

270 1440 323 1464 Ποῦ
342 1440 404 1464 ποτέ
432 1437 483 1464 εἰσι
506 1441 550 1463 νῦν
574 1438 633 1463 ὅσοι
660 1446 687 1463 τε
702 1436 793 1463 οἰκεῖοι
807 1437 875 1463 κατά
888 1438 961 1472 γένος
992 1438 1037 1463 καὶ

234 1484 293 1509 ὅσοι
319 1484 348 1508 τὸ
363 1483 485 1518 συγγενὲς
512 1482 725 1519 προποιούμενοι,
742 1480 828 1517 ἐκείνῳ
851 1484 1036 1519 προσήρχοντο

233 1529 276 1553 καὶ
292 1529 350 1564 περὶ
366 1525 495 1563 βασιλέων
508 1525 592 1553 έκίνου
615 1535 678 1562 μεσ.
690 1547 696 1554 .
707 1547 714 1554 .
726 1548 732 1554 .
767 1528 813 1552 καὶ
842 1527 889 1557 τὰς
919 1526 1037 1557 αἰτήσεις

235 1573 326 1598 θᾶττον
336 1573 380 1597 καὶ
391 1575 488 1608 προῖκα
498 1569 641 1607 διχόμονοι
660 1568 752 1597 οἶκαδε
777 1573 916 1608 χαίροντες
939 1570 1035 1607 ἐπανῃ-

235 1626 296 1643 εσαν
311 1625 318 1650 ;
335 1618 386 1643 Καὶ
400 1615 519 1647 πλείονας
534 1620 569 1652 τῷ
590 1613 628 1642 δι’
651 1616 680 1641 οὗ
708 1615 722 1645 ἢ
747 1616 808 1653 παρ’
828 1615 862 1641 ὧν
888 1613 915 1641 εὖ
939 1617 1035 1641 πεπόν-

236 1662 299 1688 θασι
314 1659 413 1698 ᾔδεσαν
440 1662 552 1698 χάριτος
566 1661 591 1687 οἱ
617 1661 722 1692 πλείους
742 1663 786 1687 καὶ
815 1661 908 1690 πάντες
924 1658 981 1686 οὐδ’
998 1659 1035 1690 εἰς

236 1706 270 1742 ὄψ
275 1716 297 1732 ιν
312 1706 375 1735 ἧκον
391 1705 480 1735 ἐνίοτε,

272 1750 346 1788 Δεῦρ¹
370 1752 408 1777 ἴτε
435 1752 527 1781 πάντες
552 1753 597 1777 καὶ
626 1749 834 1786 συνεφαψάμενοι
862 1752 907 1775 τοῦ
941 1750 1036 1786 θρήνου

236 1799 281 1822 καὶ
320 1797 352 1821 τὰ
375 1796 436 1832 παρ’
465 1797 537 1831 ἡμῶν
559 1795 674 1832 ἐγκώμια
716 1797 772 1824 ταῖς
808 1793 882 1830 έμαῑς
911 1794 1039 1831 οἰμωγαῖς

238 1842 428 1877 συναρμόσατε,
460 1840 500 1866 ἵνα
526 1842 573 1869 τὴν
601 1843 647 1866 τοῦ
683 1836 789 1865 δικαίου
828 1837 907 1865 τοῦδε
934 1841 1038 1876 μνήμην

237 1886 290 1921 μετ’
320 1884 453 1921 ἐγκωμίων
477 1887 637 1921 ποιήσωμεν,
662 1885 707 1909 καὶ
735 1885 770 1920 μὴ
798 1885 874 1920 μόνον
899 1882 1041 1921 δακρύσω-

236 1940 291 1966 μεν,
322 1929 472 1967 ἀμφοτέροις
506 1930 556 1967 γὰρ
590 1930 695 1966 πρέπον,
723 1926 829 1955 δικαίου
857 1930 907 1966 γὰρ
934 1930 1041 1961 θανατος

237 1976 281 2010 μὲν
319 1973 422 2012 δάκρυα
461 1973 611 2000 ποκαλεῖται
646 1973 794 2000 καταλιπὼν
814 1974 941 2012 περιαλγῆ
965 1976 1039 2011 μετά-

237 2019 321 2055 μελον,
339 2021 427 2055 μνήμη
450 2017 478 2044 δὲ
505 2020 564 2055 περὶ
589 2021 638 2045 τῶν
667 2018 813 2049 ζηλουντων
837 2018 930 2055 ἀρετήν
956 2019 1040 2055 ἐγκω-

238 2067 308 2100 μίοις
328 2062 484 2090 συνδιαπλέ.
496 2085 502 2090 .
514 2084 520 2091 .
532 2085 537 2091 .
550 2085 555 2091 .
568 2086 574 2092 .
586 2086 592 2091 .
605 2086 610 2091 .
622 2085 628 2092 .
640 2086 645 2092 .
658 2085 664 2091 .
676 2085 682 2091 .
707 2063 771 2091 εῖδει
795 2062 888 2100 σφόδει
914 2065 1041 2100 παρθένος

239 2108 320 2137 ἐκείνη
335 2108 379 2137 ἢν.
391 2130 396 2135 .
408 2130 415 2136 .
427 2131 431 2137 ,
444 2129 450 2135 .
465 2108 669 2144 μεγαλοπόλεως.
680 2130 687 2137 .
698 2129 705 2137 .
717 2130 723 2138 ,
742 2111 788 2135 καὶ
804 2107 957 2143 διαπαζομη
973 2110 1040 2144 πρὸς

240 2152 301 2189 βίαν
316 2152 401 2188 ἀπῆγε
415 2153 536 2189 πολέμιος
552 2152 687 2190 βάρϐαρος
705 2174 712 2181 .
723 2175 730 2182 .
741 2175 747 2182 .
759 2156 876 2183 .ότατος.
887 2173 894 2180 .
905 2174 911 2180 .
922 2172 929 2179 .
944 2152 1039 2183 ἀκτῖνος

239 2196 367 2235 διάπυρος
387 2198 498 2235 ἐραστής
514 2199 548 2229 ὡς
563 2196 640 2232 εἶδεν,
668 2199 703 2228 ὡς
725 2199 830 2234 ᾤκτειρε
848 2198 895 2225 τήν
922 2195 1038 2231 τλήμονα

238 2247 406 2280 παραχρῆμα
420 2241 570 2279 ἐπιδραμὼν
585 2244 619 2273 ὡς
638 2243 722 2272 Φινεές
745 2241 792 2267 οὐκ
813 2240 870 2276 εἶχε
893 2239 1038 2275 ἀμύνεσθαι

413 2288 483 2323 αὐτῷ
524 2286 593 2322 ζήλῳ
625 2286 749 2322 παραθεὶς
787 2286 832 2310 καὶ
866 2283 954 2319 αὐτὸς,
991 2289 1037 2316 τῆς

239 2335 317 2371 κόρης
346 2332 370 2359 δ’
394 2331 592 2368 ἁντιλαϐόμενος
625 2330 720 2355 οἰκείαν
760 2330 847 2357 οἴηται
872 2330 969 2359 ταύτην
992 2341 1039 2367 γα-

239 2381 329 2415 μετήν,
364 2377 498 2415 ἐκεκράγει
536 2377 582 2400 καὶ
608 2375 642 2404 ὡς
668 2374 784 2409 συζύγου
821 2372 1039 2411 διαζευγνύμενος

240 2424 332 2449 καὶτὰ
352 2420 490 2448 δεινότατα
510 2419 624 2453 πάσχων
652 2416 814 2453 ἐσχετλίαζε,
830 2422 876 2445 καὶ
891 2419 938 2446 οὐκ
963 2419 1040 2450 ἀνῆκε

241 2469 336 2496 ταύτην
353 2465 432 2502 ἀπρὶξ
454 2463 607 2500 ἀμφοτέραις
633 2463 752 2498 κατέχων
778 2465 823 2489 καὶ
850 2463 975 2491 ἀνθέλκων
995 2467 1040 2492 καὶ

240 2514 307 2550 πρὸς
327 2510 448 2546 πολέμιον
477 2509 552 2543 Ξρωτι
577 2507 698 2542 μεθύοντι
724 2510 769 2534 καὶ
794 2509 867 2545 θυμῷ
890 2512 1041 2547 μαινόμενον

241 2554 500 2592 παγκρατιαζόμενος
542 2551 587 2582 ἕως
623 2555 672 2577 τῶν
706 2551 800 2589 βιαίων
823 2553 918 2581 ἐκείνου
945 2560 1042 2593 χειρῶν

242 2602 289 2630 τὴν
314 2598 440 2635 παρθένον
472 2595 558 2626 ἐξελὼν
582 2601 618 2632 τῷ
644 2599 744 2624 τεκόντι
769 2599 894 2636 παρθένον
923 2598 1040 2631 ὶξέδωκε.

242 2645 348 2680 Παρίτω
379 2644 423 2666 νῦν
448 2639 552 2671 κάκείνη
579 2644 625 2668 καὶ
660 2644 707 2668 σὺν
730 2648 838 2679 κωκυτῷ
867 2643 1042 2676 ἀνολολυξάτω

242 2689 287 2714 καὶ
312 2685 490 2712 ἀνακαλείσθω
524 2688 567 2713 τὸν
595 2688 846 2725 ὑπερμεμαχημένον
883 2690 962 2720 αὐτῆς
987 2700 1042 2716 σω-

242 2735 321 2769 τῆρα,
348 2732 391 2757 τὸν
419 2731 518 2767 ῥυστην
544 2731 688 2768 ἀπαγωγῆς
708 2735 753 2760 καὶ
777 2735 926 2771 προστάτου
945 2736 1042 2772 παρθε-

242 2778 299 2817 νίας
320 2778 366 2806 καὶ
390 2776 516 2816 ἅφθορίας
548 2776 659 2815 φύλακα.
685 2777 719 2805 Ὦ.
740 2780 868 2815 μεγίστου
892 2777 971 2808 τοῦδε
995 2782 1041 2809 καὶ

239 2298 368 2316 και.....

1096 238 1157 257 ποτε
1179 231 1224 256 καὶ
1249 229 1378 268 Ἡρακλῆς
1404 231 1525 260 Ἡσιόνην
1550 229 1781 267 παραϐεϐλημένην
1809 230 1901 268 ἄναλίῳ

1097 274 1169 310 θηρὶ,
1189 275 1222 305 ὡς
1247 272 1273 301 δ’
1289 275 1374 307 αὕτως
1398 278 1443 303 καὶ
1470 272 1649 312 Ἀνδρομέδαν
1678 276 1804 311 Περσεύς.
1822 275 1902 303 Ἀλλά

1095 317 1308 355 ὡπλισμένοικαὶ
1324 318 1434 359 σίδηρον
1454 319 1658 357 προϐεϐλημένοι
1672 320 1737 356 πρὸς
1771 321 1806 346 τὰ
1831 322 1904 350 κήτη

1093 362 1294 401 παρεϐάλλοντο,
1334 368 1378 392 καὶ
1418 367 1507 402 σφίσιν
1548 364 1638 395 αὐτοῖς
1680 365 1728 394 τὰς
1753 365 1898 401 παρθένους

1096 405 1262 443 ἐμνήστευον.
1303 408 1333 436 ’0
1368 408 1399 437 δε
1434 409 1509 446 ψιλὸς
1537 409 1618 446 ὁμόσε
1641 411 1792 446 κεχώρηκεν
1820 408 1899 436 ὡπλι-

1096 454 1181 489 σμένῳ
1195 454 1277 491 θηρίῳ
1289 456 1333 481 καὶ
1345 452 1432 491 ψεύδη
1449 455 1499 481 ὅσα
1529 455 1574 480 καὶ
1600 452 1775 490 προϐλήματα
1793 454 1901 491 χρησοί-

1095 506 1171 533 μενος
1187 498 1201 524 ό
1225 497 1347 530 amnem;
1368 500 1445 530 ὅντως
1472 501 1518 525 καὶ
1543 496 1664 534 ἀψευδὴς
1690 498 1827 535 ἄνθρωπος
1854 498 1903 525 οὗ-

1092 551 1144 576 τος,
1162 542 1288 580 ἀνέπαφον
1302 546 1349 574 τὴν
1363 546 1443 581 κόρην
1457 547 1494 580 τῷ
1509 545 1589 580 πατρὶ
1608 542 1770 571 ἀνεσώσατο.

1128 590 1230 624 Συμεὼν
1246 586 1276 615 δε
1290 591 1335 615 καὶ
1351 590 1416 616 Λευί
1440 593 1491 615 τῶν
1518 587 1685 625 βιασαμένων
1708 589 1755 617 τὴν
1780 585 1897 624 ἀδελφὴν

1093 630 1253 667 ἀπήλλαξαν,
1284 632 1347 660 ἀλλὰ
1383 634 1449 670 μετὰ
1476 634 1573 671 φθορὰν
1606 634 1652 659 καὶ
1677 631 1895 669 πειοιυϐρισμὸην

1095 675 1148 707 ἤδη
1178 680 1223 704 καὶ
1249 677 1323 714 μόλις
1349 676 1457 705 καὶδιά
1485 678 1582 704 κύκλου
1613 676 1838 714 ἀγκυλογνώμονος
1849 678 1895 703 καὶ

1093 722 1158 758 μετά
1183 725 1276 760 μυρίον
1304 725 1377 759 φόνον
1404 725 1450 749 καὶ
1486 722 1545 754 ὅλης
1571 721 1666 752 πόλεως
1693 721 1805 759 ὄλεθρον,
1829 721 1897 747 ὥστε

1093 764 1155 792 οὐδε
1181 767 1382 805 παρεξεταστέον
1408 768 1514 798 τούτους
1542 768 1605 804 πρὸς
1628 767 1672 792 τὸν
1701 765 1901 802 έπαναγαγόντα

1093 812 1140 840 τὴν
1155 810 1319 848 ἀπαγομένην
1332 813 1431 849 ῥήματι
1459 813 1529 848 μόνῳ
1555 810 1683 847 ἀναιμωτὶ
1712 811 1829 847 καθαρὰν
1853 812 1900 836 καὶ

1094 854 1260 893 ἀνύϐριστον,
1287 858 1343 883 Σὶὀν
1373 858 1418 894 μὶν
1437 855 1500 883 οἶδα
1526 859 1571 883 τοῦ
1600 855 1720 893 Ἀϐραὰμ
1749 856 1792 881 τὸν
1820 854 1900 881 καλὸν

1094 900 1274 930 ιίσποιηθέντα
1291 899 1338 928 δια
1352 906 1400 933 τῆς
1421 904 1544 935 πίστεως,
1566 900 1630 927 ἀλλὰ
1653 901 1791 937 θαρσήσας
1810 900 1900 935 εἴποιμ

1094 944 1124 972 ἀν
1147 950 1197 972 τῶν
1233 948 1293 985 περὶ
1321 948 1365 973 τόν
1396 945 1515 983 Ἀϐραὰμ
1546 947 1662 982 πατέρων
1694 944 1751 981 μεγ¹
1775 943 1900 981 ἀμύμονα

1093 993 1183 1016 τοῦτον
1225 989 1299 1025 εἶναι,
1338 991 1451 1018 καθόσον
1489 989 1609 1028 Ἀϐραὰμ
1645 990 1690 1026 μὶν
1713 990 1778 1026 πρὸς
1803 990 1898 1025 Φαραὼ

1092 1037 1217 1072 πρότερον
1232 1038 1277 1062 καὶ
1291 1035 1433 1072 Ἀϐιμελεχ
1452 1035 1560 1073 ὓστερον
1590 1032 1703 1071 ἀδελφὴν
1727 1033 1756 1060 οὗ
1784 1036 1900 1069 γυναῖκα

1094 1079 1187 1106 ἑαυτοῦ
1212 1082 1259 1110 τὴν
1279 1080 1377 1118 Σαρραν
1392 1080 1474 1116 ἔλεγεν
1491 1081 1542 1110 ’ὡς
1569 1077 1599 1106 δὶ
1626 1081 1671 1105 καὶ
1694 1080 1741 1108 τὴν
1766 1077 1901 1104 Ῥεϐέκκαν

1094 1125 1107 1151 ὁ
1134 1124 1227 1153 Ἰσαὰκ
1260 1123 1460 1162 δειματούμενοι
1486 1126 1531 1151 καὶ
1558 1122 1745 1160 δειλαινόμενοι
1772 1126 1902 1159 γυναῖκας

1091 1169 1188 1196 έαυτῶν
1208 1170 1293 1197 καλεῖν
1308 1172 1344 1207 μὴ
1366 1168 1403 1197 δι’
1434 1169 1513 1201 αύτάς
1540 1171 1585 1196 καὶ
1615 1167 1791 1201 τεθνήξονται,
1822 1167 1902 1198 οὗτος

1092 1212 1121 1241 δί
1137 1217 1184 1245 τὴν
1199 1216 1325 1253 παρθένον
1344 1217 1389 1242 καὶ
1408 1217 1487 1252 μήπω
1506 1217 1617 1251 γυναῖκα
1645 1213 1777 1249 ὠνόμαζεν
1803 1212 1898 1239 ἑαυτοῦ

1092 1262 1136 1287 καὶ
1173 1262 1237 1299 πρὸς
1279 1260 1369 1287 ἑαυτὸν
1393 1259 1524 1287 ἐπεσπᾶτο
1561 1258 1783 1295 ἀντιποιούμενος,
1807 1259 1853 1284 καὶ
1876 1257 1900 1284 εἰ

1093 1306 1175 1331 θανεῖν
1218 1303 1320 1339 δεήσοι,
1347 1307 1382 1342 μή
1419 1304 1592 1342 ἀναινόμενος.
1621 1303 1652 1330 Εἰ
1680 1301 1710 1330 δι
1731 1305 1777 1329 καὶ
1803 1302 1899 1332 Δανιὴλ

1092 1350 1171 1380 σώζει
1207 1351 1342 1377 Σωσάνναν
1379 1349 1503 1387 έπιμένων
1542 1348 1637 1386 βιαίων
1661 1348 1776 1386 ἐραστῶν
1798 1357 1826 1374 τε
1853 1349 1898 1374 καὶ

1090 1397 1240 1432 περανόμων
1270 1394 1413 1428 δικαστῶν,
1441 1394 1505 1421 ἀλλὰ
1527 1395 1646 1424 καθῆστο
1673 1391 1805 1423 δικαστής
1833 1394 1897 1429 πρό-

1091 1448 1163 1478 τερον
1196 1440 1242 1466 καὶ
1283 1438 1452 1476 διελάμϐανεν
1488 1438 1532 1465 ἀπ’
1559 1437 1672 1468 ἀλλήλων
1699 1439 1758 1468 τοὺς
1784 1436 1898 1474 βιαστος

1091 1486 1137 1511 καὶ
1158 1484 1206 1511 ἀνὰ
1232 1487 1310 1522 μέρος
1324 1485 1478 1510 έπυνθάνετο
1493 1485 1538 1510 καὶ
1564 1486 1618 1513 τοῖς
1643 1486 1714 1518 σφῶν
1740 1481 1825 1508 αὐτῶν
1851 1482 1898 1519 ῥή-

1056 1543 1076 1572 c
1091 1538 1172 1566 μασιν
1195 1528 1382 1566 ἁλισκομένους
1408 1528 1522 1564 ἐλέγχων
1549 1527 1633 1558 λίθοις
1658 1526 1762 1572 βάλλειν
1789 1525 1895 1560 ἐκέλευε,

1090 1575 1135 1599 καὶ
1148 1573 1215 1600 οὕτω
1235 1575 1281 1602 τὴν
1311 1574 1431 1611 σώφρονά
1457 1574 1608 1609 παρανόμου
1638 1569 1786 1601 καταδίκης
1815 1570 1897 1599 ἀπήλ-

1089 1616 1174 1644 λαττε.
1188 1619 1223 1643 Τὸ
1246 1615 1272 1643 δ’
1288 1618 1347 1653 ἐμὸν
1376 1616 1500 1653 ὠράῐσμα
1523 1616 1536 1642 ό
1564 1615 1623 1642 καθ’
1651 1615 1719 1650 ἡμᾶς
1739 1618 1790 1640 τῶν
1818 1613 1895 1640 ὶπιθυ

1089 1665 1155 1698 μιῶν
1170 1661 1246 1692 οὗτος
1263 1660 1327 1698 ἀνὴρ
1347 1660 1377 1687 ού
1406 1658 1523 1692 δικάζων
1547 1661 1580 1690 ὡς
1606 1659 1710 1692 Δανιὴλ,
1744 1657 1809 1684 ἀλλὰ
1834 1657 1897 1694 βίας

1091 1710 1220 1743 μοιχικῆς
1245 1708 1407 1744 γραφόμενος
1431 1706 1475 1731 τόν
1494 1704 1625 1741 πολέμιον,
1652 1701 1715 1730 οὐδέ
1743 1704 1787 1729 τὸν
1816 1700 1897 1728 ἀδελ-

1092 1753 1137 1789 φόν
1158 1751 1319 1788 βιαζομένης
1345 1752 1378 1782 ὡς
1403 1751 1427 1777 οἱ
1452 1752 1511 1787 περὶ
1534 1751 1577 1776 τὸν
1605 1748 1725 1785 ’Δϐραάμ
1757 1749 1898 1784 ὑποκρινό-

1092 1806 1176 1834 μενος,
1192 1798 1251 1823 οῦτε
1264 1798 1315 1833 μην
1335 1797 1370 1827 ὡς
1385 1793 1467 1822 Δαυῖδ
1481 1792 1640 1831 ψευδόμενος
1672 1795 1716 1819 τόν
1742 1792 1895 1826 ὶπίληπτον,

1093 1841 1158 1868 ἀλλά
1198 1843 1242 1868 τὸν
1277 1839 1363 1878 ἄνδρα
1391 1844 1438 1871 τῆς
1470 1842 1550 1876 μήπω
1576 1837 1717 1875 έγνωκοίας
1740 1835 1827 1875 ἄνδρα
1851 1846 1898 1863 σο-

1094 1889 1205 1923 φώτερον
1236 1886 1292 1923 οἶμα
1328 1888 1373 1912 καὶ
1402 1883 1591 1921 ἀνδρικώτερον
1624 1884 1820 1920 παρεκρούσατο
1851 1883 1897 1908 τὸν

1093 1932 1280 1969 ἒπηρεαστικόν
1303 1932 1348 1957 καὶ
1388 1929 1512 1956 ἀπέωσεν.
1542 1928 1620 1965 Ούρω
1652 1931 1701 1953 τῶν
1727 1926 1807 1953 παλαι
1832 1935 1898 1952 ποτε

1095 1979 1236 2014 σεμνότερα
1267 1975 1351 2011 πολλῷ
1388 1975 1422 2001 τὰ
1460 1975 1573 2010 ἡμέτερα
1606 1971 1772 2008 διηγήματα,
1801 1971 1897 2005 καθότι

1094 2023 1161 2048 κατά
1189 2023 1304 2058 Χριστὸν
1332 2021 1376 2046 καὶ
1400 2023 1448 2050 τῆς
1486 2022 1594 2055 νομικῆς
1633 2015 1805 2046 δικαιοσύνης
1834 2025 1897 2052 περι

1093 2065 1160 2092 πολὺ
1186 2066 1386 2102 περισσεύοντα.
1409 2063 1453 2094 Ὠς
1479 2064 1530 2100 γὰρ
1560 2071 1601 2088 τοι
1622 2062 1737 2098 Χριστὸς
1755 2061 1819 2097 ὑπερ
1848 2064 1895 2090 τῆξ

1095 2109 1249 2139 Ἐκκλησίας
1275 2109 1364 2135 ἑαυτὸν
1398 2105 1533 2143 παρέδωκε
1559 2108 1652 2142 καίπερ
1678 2103 1790 2142 μηδέπω
1816 2106 1900 2135 οὔσης

1093 2152 1250 2183 Ἐκκλησίὰς
1278 2150 1340 2178 οὔδε
1375 2151 1563 2187 νυμφευθείσης
1589 2160 1630 2176 πω
1656 2154 1692 2185 τῷ
1717 2153 1834 2187 Χριστῷ,
1860 2150 1902 2176 ἔτι

1091 2197 1142 2233 γὰρ
1166 2196 1323 2233 ἁμαρτωλῶν
1343 2197 1420 2221 ὄντων
1442 2196 1505 2231 ὑπερ
1532 2195 1605 2231 ἡμῶν
1638 2193 1748 2221 ἀπέθανε
1768 2195 1901 2231 Χριστὸς,

1090 2241 1126 2273 ὣς
1141 2250 1220 2277 φησιν
1247 2241 1260 2266 ό
1289 2239 1456 2273 ’Λπόστολος,
1484 2241 1530 2266 καὶ
1562 2239 1627 2269 αὐτὴ
1656 2238 1685 2266 δι
1707 2241 1739 2270 ὡς
1768 2240 1804 2265 ἔτι
1827 2248 1904 2276 περι.

1091 2288 1194 2323 κειμένη
1210 2287 1239 2312 τὸ
1260 2285 1286 2317 ἐξ
1310 2284 1427 2315 ἀσεϐείας
1450 2282 1559 2321 αἶσχος,
1585 2284 1710 2320 Μέλαινα,
1738 2286 1804 2320 φησί
1832 2293 1901 2320 που,

1092 2333 1159 2368 εἰμὶ,
1183 2331 1319 2368 θυγατέρες
1346 2329 1526 2366 Ἰερουσαλὴμ,
1552 2329 1619 2355 οὕτω
1660 2331 1705 2355 καὶ
1733 2328 1791 2365 ὶμοὶ
1819 2326 1901 2354 ἁδελ-

1093 2378 1139 2413 φός
1163 2377 1227 2413 ὑπὲρ
1255 2379 1302 2407 τῆς
1325 2375 1373 2401 ούκ
1399 2376 1481 2405 οὔσης
1501 2374 1570 2410 αὐτῷ
1607 2375 1729 2410 γυναικὸς
1761 2374 1818 2399 οὔτε
1846 2375 1902 2409 μὴν

1093 2421 1155 2451 ὅλως
1170 2420 1294 2458 ἐσομένης
1305 2422 1334 2446 τὸ
1350 2422 1496 2457 καινότερον
1511 2421 1587 2456 μόνον
1611 2418 1641 2444 ού
1676 2419 1792 2445 θανατῶν
1821 2417 1857 2446 εὶ,
1868 2439 1876 2446 .
1888 2438 1896 2446 .

1094 2466 1230 2504 ἐπέρριψεν
1253 2466 1343 2492 ἑαυτὸν
1367 2463 1486 2491 κίνδυνον
1511 2466 1555 2490 καὶ
1582 2467 1628 2494 τῆς
1655 2461 1753 2494 παιδός
1774 2465 1902 2499 προσχή-

1094 2521 1158 2548 ματι
1177 2510 1257 2543 δόξας
1392 2513 1462 2536 ῶπτο
1484 2511 1571 2546 πατὴρ
1600 2509 1736 2546 πράγματι
1750 2510 1796 2534 κα),
1809 2510 1901 2546 πατήρ

1094 2555 1180 2592 πολλῷ
1211 2559 1257 2582 τοῦ
1281 2557 1399 2586 τεκόντος
1428 2554 1654 2591 φιλοστοργότερος
1683 2555 1729 2579 καὶ
1760 2556 1902 2579 σωστικώ-

1095 2611 1176 2639 τερος.
1218 2601 1326 2631 Ἐκεῖνος
1363 2601 1407 2636 μὲν
1433 2600 1483 2635 γὰρ
1512 2602 1552 2625 τοί
1578 2598 1763 2635 πολ.ιορκηταῖς
1788 2600 1901 2635 προέμε-

1095 2656 1135 2676 νος
1148 2648 1233 2682 ᾤχιτο
1244 2647 1354 2682 φεύγων,
1368 2644 1441 2674 οὗτος
1461 2642 1490 2670 δε
1514 2645 1577 2682 πρὸς
1602 2642 1676 2681 ὕϐριν
1704 2645 1749 2669 καὶ
1778 2641 1900 2669 δουλείαν

1097 2690 1245 2727 ἀπαγομένη
1266 2693 1380 2727 παρίστη
1407 2691 1452 2715 καὶ
1478 2693 1527 2714 τῶν
1552 2687 1672 2725 ἐσχάτων
1701 2691 1788 2714 κακῶν
1807 2696 1899 2726 παρα-

1096 2734 1268 2767 κινδυνεύσας
1278 2733 1431 2766 ἀπήλλαξεν.

1125 2781 1161 2808 Ὦ.
1189 2783 1322 2820 σοφώτατε
1347 2777 1451 2818 ways,
1466 2780 1542 2810 ὅντως
1564 2777 1600 2810 εἰς
1627 2779 1671 2809 τὴν
1698 2776 1834 2817 βασιλείαν
1844 2780 1898 2806 τῶν
