4124 6384
617 306 756 371 4259
2232 270 2585 362 AbDENDA.
3837 307 3956 370 1250

1564 429 2925 754 ἙΕΟΔΩΡΟΥ

2004 873 2182 940 ΤΟΥ
2233 871 2407 939 ΔΑΣ
2431 872 2645 939 KAPI

1838 424 3956 464 Μ

614 425 1836 472 W

1178 1081 1309 1131 ΤΟΥ
1343 1077 1499 1130 ΥΙΟΥ
1534 1078 1665 1128 ΤΟΥ
1715 1075 2035 1127 ΜΕΓΑΛΟΥ
2072 1075 2394 1126 ΒΑΣΙΛΕΩΣ
2436 1077 2650 1125 ΚΥΡΟΥ
2682 1075 2985 1125 ΙΩΑΝΝΟΥ
3018 1075 3150 1124 ΤΟΥ
3188 1071 3415 1126 ΔΟΥΚΑ

1538 1255 1754 1347 ΤΗΣ
1833 1255 2328 1346 ΦΥΣΙΚΗΣ
2414 1255 3035 1345 ΚΟΙΝΩΝΙΑΣ

1962 1472 2335 1563 ΛΟΓΟΙ
2412 1460 2586 1558 ΕΞ.

1098 1809 2265 1979 THEODORI
2378 1806 3476 1977 LASCARIS

1663 2106 1869 2173 FILII
1913 2104 2204 2172 SUMMI
2246 2104 2609 2172 JOANNIS
2654 2105 2907 2170 DUC/E

1236 2311 1425 2421 DE
1533 2310 2290 2421 NATURALI
2385 2310 3320 2421 COMMUNIONE

1945 2560 2296 2658 LIBRI
2364 2557 2620 2656 SEX

662 2782 888 2854 (Graeca
914 2793 1076 2836 nunc
1103 2777 1365 2851 primum
1396 2776 1779 2851 prodeuntex
1810 2777 2073 2835 cod.ms.
2106 2780 2246 2845 Reg.
2270 2774 2464 2843 MMIV,
2489 2777 2563 2834 de
2580 2794 2704 2851 quo
2735 2778 3074 2907 Cataloius:
3093 2800 3122 2832 «
3154 2778 3352 2836 Codex
3367 2779 3869 2837 membranaceus
3891 2778 3945 2835 in

662 2869 711 2907 ιο
738 2850 1122 2907 continuntur
1150 2848 1439 2906 Theodori
1473 2850 1739 2906 Lascaris
1768 2851 1915 2907 imo.
1949 2850 2023 2906 de
2054 2850 2602 2907 communicatione
2629 2850 2881 2907 nhvsica
2909 2852 2947 2906 li
2996 2853 3043 2907 ri
3070 2867 3171 2907 sex
3203 2854 3399 2907 Greece
3444 2851 3743 2907 mondum
3798 2851 3945 2907 editi.

588 2848 711 2924 quo
738 2848 1122 2924 continuntur
1150 2848 1439 2906 Theodori
1473 2850 1739 2924 Lascaris
1768 2851 1925 2924 imp.
1949 2850 2032 2924 de»
2054 2848 3043 2924 communicatione—physicalibri
3070 2867 3171 2924 se};
3203 2854 3399 2924 Greece
3444 2851 3743 2924 mondum
3773 2851 3946 2924 pediti,

584 2920 643 2979 ls‘
675 2922 866 2979 codex
895 2921 1115 2978 saeculo
1144 2924 1257 2977 Xlll
1289 2925 1569 2976 exaratus
1593 2921 1828 2978 videtur
1849 2920 1877 2972 ἦ
1912 2922 2117 2978 Latine
2150 2920 2324 2976 vertit
2366 2925 2422 2977 et
2476 2920 2659 2978 edidit
2715 2920 3001 2979 Claudius
3066 2922 3351 2978 Auberius
3406 2923 3518 2978 sub
3580 2924 3695 2980 hoc
3742 2922 3945 2979 titulo:

586 3018 615 3045 ‹‹
643 2994 935 3050 Theodori
973 2996 1147 3065 Ducae
1190 2991 1478 3065 Lascaris,
1530 2992 1677 3065 imp.
1750 2996 1894 3050 Caes.
1942 2992 2209 3065 Joannis
2249 2994 2403 3063 Aug,
2460 2992 2586 3065 ﬁlii,
2618 2992 2720 3065 _de
2751 2994 3322 3065 communicatione
3369 2994 3628 3065 naturali
3678 2993 3822 3065 libri
3872 2992 3949 3058 Vl,

584 3065 946 3147 admiranda
978 3064 1362 3147 philosophia
1387 3036 1795 3147 refertizfnunc
1811 3066 2075 3147 primum
2099 3065 2162 3119 in
2183 3036 2403 3147 11109.13,
2413 3036 2631 3135 prolati
2651 3068 2724 3147 et
2736 3064 2807 3147 in
2836 3064 3294 3147 Latinam‘versi
3323 3080 3360 3119 a
3386 3036 3953 3147 ClaudionAubei-io’.

582 3133 1036 3205 Triuncuriano,
1070 3151 1143 3193 ex
1163 3133 1234 3191 J.‘
1260 3133 1543 3193 Sambuci
1583 3137 1643 3193 V.
1673 3139 1734 3194 C.
1765 3133 2151 3194 bibliotheca.
2182 3133 2435 3190 Basileae
2455 3150 2618 3191 anno
2662 3137 2820 3205 t561,
2850 3135 2998 3192 in-8°
3035 3134 3205 3205 (Bibl.
3236 3135 3384 3207 imp.
3413 3134 3595 3191 Paris.
3636 3136 3706 3190 Β.
3774 3137 3955 3206 1755),

1369 3407 2271 3520 HYPOTHESIS
2331 3407 3145 3519 GENERALIS

861 3632 1183 3747 SEX
1282 3649 2125 3748 SERMONUM
2274 3652 3084 3746 THEODORI
3232 3647 3653 3746 DUG/E

1605 3861 1731 3929 DE
1776 3859 1898 3930 NA
1910 3858 2245 3930 TURALI
2286 3861 2556 3931 COMM
2561 3860 2722 3929 UNI
2723 3860 2909 3929 ΘΝΕ

1371 4053 1703 4132 Confecta
1748 4083 1789 4129 a
1835 4057 2117 4129 Claudio
2165 4055 2471 4127 Auberio
2520 4054 3042 4125 Triuncuriano.

624 4352 736 4411 Bes
763 4370 976 4414 omnes
1004 4372 1125 4415 uno
1151 4354 1423 4430 quodam
1449 4353 1744 4414 societatis
1785 4348 2021 4407 vinculo
2049 4345 2447 4404 continentur.
2472 4350 2672 4420 Neque
2696 4348 2812 4404 hoc
2844 4347 2919 4403 de
2945 4346 3013 4404 iis
3036 4345 3331 4409 duntaxat
3385 4351 3567 4411 rebus
3617 4371 3758 4431 quae
3813 4351 3915 4414 sub

549 4457 797 4501 sensum
832 4445 1059 4505 cadunt
1088 4451 1145 4503 et
1174 4462 1246 4503 ex
1272 4446 1578 4503 elementis
1618 4442 1912 4507 constant,
1943 4450 2150 4493 verum
2168 4436 2346 4493 etiam
2360 4435 2433 4492 de
2463 4436 2859 4508 intelligentiis
2891 4452 2994 4493 seu
3007 4439 3331 4508 mentibus,
3348 4442 3421 4499 de
3438 4442 3913 4518 animis,animo-

543 4547 679 4590 rum
719 4537 1133 4608 potestatibus,
1170 4535 1244 4591 de
1273 4532 1620 4590 hominibus
1646 4526 1790 4599 ipsis
1809 4526 1961 4581 inter
1986 4541 2047 4582 se
2073 4523 2334 4598 denique
2359 4524 2432 4581 de
2465 4527 2631 4582 omni
2657 4524 2993 4583 liberalium
3022 4544 3091 4585 ac
3110 4529 3509 4600 ingenuarum
3532 4535 3909 4594 scientiarum

542 4627 601 4679 et
633 4625 850 4682 artium
881 4626 1154 4683 doctrina
1169 4622 1396 4679 dictum
1429 4618 1624 4675 velim.
1649 4614 1821 4681 Quod
1851 4615 2049 4689 siquis
2078 4628 2301 4687 genera
2328 4631 2529 4672 rerum
2557 4615 2873 4687 diligenter
2894 4618 3194 4677 intueatur
3220 4622 3384 4679 nullo
3400 4626 3645 4695 negotio
3676 4628 3737 4683 id
3755 4624 3906 4701 quod

540 4711 802 4771 diximus
823 4711 1252 4788 deprehendet.
1283 4711 1350 4764 Et
1383 4713 1449 4764 ut
1473 4707 1552 4762 ab
1581 4704 1651 4760 iis
1665 4702 1844 4761 rebus
1873 4722 2006 4779 quae
2034 4720 2244 4762 sensus
2265 4710 2498 4763 nostros
2523 4722 2647 4763 non
2665 4706 2917 4779 fugiunt,
2936 4709 3457 4787 exordiamur,qui
3480 4712 3757 4788 aliquam
3779 4731 3904 4790 ope-

534 4815 666 4857 ram
694 4802 755 4859 in
777 4800 1173 4876 philosophiae
1205 4796 1402 4853 studio
1428 4799 1776 4868 posuerunt,
1798 4799 2133 4852 noruntres
2155 4811 2366 4852 omnes
2403 4801 2621 4853 natura
2672 4798 2959 4856 contineri
3011 4804 3066 4857 et
3120 4801 3272 4857 uniri
3328 4802 3384 4858 vi
3443 4803 3744 4878 ejusdem,
3777 4821 3900 4880 quae

534 4890 783 4963 quidem
810 4898 1027 4948 natura
1057 4894 1349 4958 tanquam
1383 4884 1481 4941 Dei
1510 4884 1719 4956 optimi
1749 4884 1999 4942 maximi
2022 4885 2297 4943 ministra
2326 4883 2387 4942 in
2426 4884 2606 4942 rebus
2636 4888 3009 4944 naturalibus
3041 4889 3405 4963 principium
3454 4897 3541 4951 est
3586 4902 3790 4953 motus
3835 4910 3896 4951 ac

530 4980 771 5051 quietis.
799 4982 900 5035 Est
937 4978 1115 5050 igitur
1140 4979 1356 5031 natura
1393 4974 1453 5031 in
1483 4974 1598 5031 hoc
1625 4974 1855 5031 mundo
1887 4975 2535 5050 elementaritanquam
2549 4978 2918 5044 centrum,in
2937 4994 3058 5051 quo
3074 4980 3359 5037 uniuntur
3380 4983 3587 5041 omnia
3605 4984 3892 5043 naturalia

528 5082 653 5125 non
676 5068 873 5124 solum
904 5067 1021 5133 illa,
1054 5080 1190 5137 quae
1222 5063 1517 5138 simplicia
1546 5064 1922 5137 appellamus
1935 5082 2209 5138 corpora,
2241 5082 2451 5122 verum
2478 5066 2658 5122 etiam
2677 5068 3012 5139 composita
3028 5072 3083 5125 et
3104 5070 3600 5145 mixta,adeoque
3616 5075 3886 5146 singulia,

523 5156 657 5229 ipsa
681 5172 693 5211 :
725 5162 789 5211 ut
817 5156 931 5211 hoc
962 5153 1147 5211 modo
1175 5170 1382 5211 verum
1401 5155 1474 5211 sit
1502 5154 1668 5227 quod
1683 5160 1909 5211 veteres
1934 5154 2016 5211 illi
2044 5154 2418 5212 subobscure
2448 5154 2729 5211 dixerunt
2759 5172 2772 5210 :
2799 5156 2991 5213 Unum
3014 5174 3145 5214 esse
3168 5159 3356 5217 multa
3382 5167 3439 5218 et
3469 5163 3663 5221 multa
3684 5180 3881 5231 unum,

522 5251 606 5299 Ac
626 5243 883 5315 primum
897 5242 1143 5315 quidem
1156 5243 1331 5300 orbes
1344 5244 1610 5301 caelestes
1624 5242 1737 5299 hoc
1755 5244 2095 5300 universum
2110 5244 2572 5318 amplectuntur,
2587 5260 2817 5317 suoque
2830 5250 2997 5302 motu
3009 5247 3883 5327 cienthaecinferiora.Sequun-

517 5334 613 5387 tur
640 5330 858 5387 deinde
887 5338 1105 5405 quator
1143 5334 1455 5400 elementa,
1488 5349 1624 5406 quae
1655 5334 2042 5406 proportione
2073 5334 2265 5391 amica
2292 5334 2445 5391 inter
2476 5350 2541 5390 se
2570 5334 2936 5405 conspirant;
2964 5342 3105 5393 eunt
3126 5338 3497 5413 redeuntque
3512 5342 3573 5397 in
3598 5359 3684 5412 se,
3739 5344 3879 5399 inter

516 5435 581 5475 se
606 5424 662 5474 et
682 5434 753 5474 ex
777 5425 986 5480 mutuo
1023 5423 1313 5480 oriuntur.
1349 5423 1567 5479 Deinde
1598 5438 1672 5479 ex
1701 5428 1961 5495 quatuor
1990 5424 2320 5493 elementis,
2348 5422 2580 5496 reliqua
2618 5430 3080 5497 componuntur,
3106 5443 3175 5484 ac
3197 5429 3460 5500 primum
3504 5447 3644 5504 quae
3701 5432 3875 5488 mixta

510 5510 824 5575 vocantur,
852 5516 917 5569 ut
944 5510 1176 5586 lapides
1211 5517 1268 5569 et
1295 5512 1554 5569 metalla.
1587 5513 1854 5577 Quatuor
1874 5511 2182 5571 elementis
2202 5512 2570 5585 respondent
2585 5517 2755 5584 χυμοὶ
2780 5512 2841 5568 in
2865 5512 3066 5571 herbis
3088 5519 3144 5572 et
3166 5516 3405 5589 plantis,
3438 5517 3498 5575 in
3522 5520 3871 5593 corporibus

511 5593 933 5672 animantium,
965 5607 1146 5676 atque
1163 5601 1315 5661 adeo
1344 5602 1406 5659 in
1426 5600 1924 5675 praestantissimo
1946 5618 2195 5677 corpore
2208 5602 2476 5663 animato
2486 5601 2750 5660 hominis
2770 5607 3047 5676 quatuor,
3062 5605 3371 5678 humores,
3394 5606 3529 5667 bilis
3539 5608 3722 5682 ﬂava,
3743 5606 3868 5667 bilis
