  <div class='ocr_page' id='page_1' title='image "/cluster/home/n/w/nwhite01/storage/ocr_20150623/140/coo.31924054870450/640.png"; bbox 0 0 4124 6412; ppageno 0'>
   <div class='ocr_carea' id='block_1_1' title="bbox 211 350 3602 431">
    <p class='ocr_par' dir='ltr' id='par_1_1' title="bbox 211 350 3602 431">
     <span class='ocr_line' id='line_1_1' title="bbox 211 350 3602 431; baseline -0.001 0"><span class='ocrx_word' id='word_1_1' title='bbox 211 355 358 431; x_wconf 58' lang='lat'><strong>1261</strong></span> <span class='ocrx_word' id='word_1_2' title='bbox 759 357 1120 430; x_wconf 71' lang='lat' dir='ltr'><strong>rasonom</strong></span> <span class='ocrx_word' id='word_1_3' title='bbox 1143 369 1192 426; x_wconf 92' lang='lat' dir='ltr'><strong>II</strong></span> <span class='ocrx_word' id='word_1_4' title='bbox 1245 369 1391 428; x_wconf 88' lang='lat' dir='ltr'><strong>IMP.</strong></span> <span class='ocrx_word' id='word_1_5' title='bbox 1416 366 1507 427; x_wconf 83' lang='lat' dir='ltr'><strong>DE</strong></span> <span class='ocrx_word' id='word_1_6' title='bbox 1545 350 2000 425; x_wconf 76' lang='lat' dir='ltr'><strong>COMMUNIUNE</strong></span> <span class='ocrx_word' id='word_1_7' title='bbox 2023 357 2398 424; x_wconf 73' lang='lat' dir='ltr'><strong>NATURALI.</strong></span> <span class='ocrx_word' id='word_1_8' title='bbox 2425 396 2495 411; x_wconf 90' lang='grc'><strong><em>-</em></strong></span> <span class='ocrx_word' id='word_1_9' title='bbox 2523 355 2922 426; x_wconf 69' lang='lat' dir='ltr'><strong>PREFATlO.</strong></span> <span class='ocrx_word' id='word_1_10' title='bbox 3463 360 3602 428; x_wconf 70' lang='lat'><strong>4262</strong></span> 
     </span>
    </p>
   </div>
   <div class='ocr_carea' id='block_1_2' title="bbox 226 490 3605 570">
    <p class='ocr_par' dir='ltr' id='par_1_2' title="bbox 226 490 3605 570">
     <span class='ocr_line' id='line_1_2' title="bbox 226 490 3605 570; baseline -0.001 -14"><span class='ocrx_word' id='word_1_11' title='bbox 226 502 378 566; x_wconf 90' lang='lat' dir='ltr'><strong>atra,</strong></span> <span class='ocrx_word' id='word_1_12' title='bbox 405 495 653 568; x_wconf 81' lang='lat' dir='ltr'><strong>sanguis</strong></span> <span class='ocrx_word' id='word_1_13' title='bbox 665 499 721 553; x_wconf 91' lang='lat' dir='ltr'><strong>et</strong></span> <span class='ocrx_word' id='word_1_14' title='bbox 735 495 968 570; x_wconf 89' lang='lat' dir='ltr'><strong>pituita,</strong></span> <span class='ocrx_word' id='word_1_15' title='bbox 1001 499 1172 554; x_wconf 85' lang='lat' dir='ltr'><strong>tanta</strong></span> <span class='ocrx_word' id='word_1_16' title='bbox 1189 500 1280 553; x_wconf 91' lang='lat' dir='ltr'><strong>est</strong></span> <span class='ocrx_word' id='word_1_17' title='bbox 1299 500 1533 554; x_wconf 84' lang='lat' dir='ltr'><strong>naturae</strong></span> <span class='ocrx_word' id='word_1_18' title='bbox 1563 493 1653 551; x_wconf 91' lang='lat' dir='ltr'><strong>vis</strong></span> <span class='ocrx_word' id='word_1_19' title='bbox 1668 491 1944 548; x_wconf 90' lang='lat' dir='ltr'><strong>inrerum</strong></span> <span class='ocrx_word' id='word_1_20' title='bbox 1964 490 2333 548; x_wconf 88' lang='lat' dir='ltr'><strong>naturalium</strong></span> <span class='ocrx_word' id='word_1_21' title='bbox 2363 493 2920 567; x_wconf 90' lang='lat' dir='ltr'><strong>temperationibus.</strong></span> <span class='ocrx_word' id='word_1_22' title='bbox 2946 490 3058 548; x_wconf 89' lang='lat' dir='ltr'><strong>Sed</strong></span> <span class='ocrx_word' id='word_1_23' title='bbox 3075 491 3205 564; x_wconf 87' lang='lat' dir='ltr'><strong>jam</strong></span> <span class='ocrx_word' id='word_1_24' title='bbox 3219 491 3298 549; x_wconf 89' lang='lat' dir='ltr'><strong>ad</strong></span> <span class='ocrx_word' id='word_1_25' title='bbox 3327 495 3605 553; x_wconf 87' lang='lat' dir='ltr'><strong>secretio-</strong></span> 
     </span>
    </p>
   </div>
   <div class='ocr_carea' id='block_1_3' title="bbox 227 579 3604 656">
    <p class='ocr_par' dir='ltr' id='par_1_3' title="bbox 227 579 3604 656">
     <span class='ocr_line' id='line_1_3' title="bbox 227 579 3604 656; baseline -0.001 -9"><span class='ocrx_word' id='word_1_26' title='bbox 227 604 358 646; x_wconf 85' lang='lat' dir='ltr'><strong>rem</strong></span> <span class='ocrx_word' id='word_1_27' title='bbox 383 585 934 646; x_wconf 81' lang='lat' dir='ltr'><strong>considerationem</strong></span> <span class='ocrx_word' id='word_1_28' title='bbox 963 586 1298 644; x_wconf 85' lang='lat' dir='ltr'><strong>veniamus.</strong></span> <span class='ocrx_word' id='word_1_29' title='bbox 1338 587 1487 645; x_wconf 86' lang='lat' dir='ltr'><strong>Sunt</strong></span> <span class='ocrx_word' id='word_1_30' title='bbox 1515 579 1926 642; x_wconf 79' lang='lat' dir='ltr'><strong>animantibus</strong></span> <span class='ocrx_word' id='word_1_31' title='bbox 1940 579 2186 637; x_wconf 85' lang='lat' dir='ltr'><strong>rationis</strong></span> <span class='ocrx_word' id='word_1_32' title='bbox 2207 583 2551 656; x_wconf 82' lang='lat' dir='ltr'><strong>expertibus</strong></span> <span class='ocrx_word' id='word_1_33' title='bbox 2573 583 2684 640; x_wconf 83' lang='lat' dir='ltr'><strong>tria</strong></span> <span class='ocrx_word' id='word_1_34' title='bbox 2710 580 3010 656; x_wconf 89' lang='lat' dir='ltr'><strong>plantasia</strong></span> <span class='ocrx_word' id='word_1_35' title='bbox 3046 581 3352 655; x_wconf 69' lang='lat' dir='ltr'><strong>quaedam,</strong></span> <span class='ocrx_word' id='word_1_36' title='bbox 3372 584 3604 643; x_wconf 87' lang='lat' dir='ltr'><strong>irarum</strong></span> 
     </span>
    </p>
   </div>
   <div class='ocr_carea' id='block_1_4' title="bbox 229 670 3606 751">
    <p class='ocr_par' dir='ltr' id='par_1_4' title="bbox 229 670 3606 751">
     <span class='ocr_line' id='line_1_4' title="bbox 229 670 3606 751; baseline -0.003 -13"><span class='ocrx_word' id='word_1_37' title='bbox 229 677 412 738; x_wconf 87' lang='lat' dir='ltr'><strong>ardor</strong></span> <span class='ocrx_word' id='word_1_38' title='bbox 436 674 712 751; x_wconf 90' lang='lat' dir='ltr'><strong>quidam,</strong></span> <span class='ocrx_word' id='word_1_39' title='bbox 735 675 1034 749; x_wconf 86' lang='lat' dir='ltr'><strong>cupiditas</strong></span> <span class='ocrx_word' id='word_1_40' title='bbox 1065 675 1352 750; x_wconf 62' lang='lat' dir='ltr'><strong>quaedam</strong></span> <span class='ocrx_word' id='word_1_41' title='bbox 1379 694 1392 747; x_wconf 93' lang='lat'><strong>;</strong></span> <span class='ocrx_word' id='word_1_42' title='bbox 1423 676 1486 733; x_wconf 95' lang='lat' dir='ltr'><strong>in</strong></span> <span class='ocrx_word' id='word_1_43' title='bbox 1506 673 1750 732; x_wconf 88' lang='lat' dir='ltr'><strong>nomine</strong></span> <span class='ocrx_word' id='word_1_44' title='bbox 1777 671 1930 729; x_wconf 86' lang='lat' dir='ltr'><strong>ratio</strong></span> <span class='ocrx_word' id='word_1_45' title='bbox 1951 687 2086 744; x_wconf 66' lang='lat' dir='ltr'><strong>quas</strong></span> <span class='ocrx_word' id='word_1_46' title='bbox 2115 670 2497 745; x_wconf 81' lang='lat' dir='ltr'><strong>phantasiam</strong></span> <span class='ocrx_word' id='word_1_47' title='bbox 2529 672 2820 742; x_wconf 89' lang='lat' dir='ltr'><strong>nobilitat,</strong></span> <span class='ocrx_word' id='word_1_48' title='bbox 2853 671 3071 730; x_wconf 91' lang='lat' dir='ltr'><strong>deinde</strong></span> <span class='ocrx_word' id='word_1_49' title='bbox 3090 672 3251 747; x_wconf 80' lang='grc' dir='ltr'><strong>Θυμός</strong></span> <span class='ocrx_word' id='word_1_50' title='bbox 3280 677 3339 733; x_wconf 93' lang='lat' dir='ltr'><strong>et</strong></span> <span class='ocrx_word' id='word_1_51' title='bbox 3357 672 3606 748; x_wconf 76' lang='grc' dir='ltr'><strong>ἐπιθυμία</strong></span> 
     </span>
    </p>
   </div>
   <div class='ocr_carea' id='block_1_5' title="bbox 228 761 3605 843">
    <p class='ocr_par' dir='ltr' id='par_1_5' title="bbox 228 761 3605 843">
     <span class='ocr_line' id='line_1_5' title="bbox 228 761 3605 843; baseline -0.002 -18"><span class='ocrx_word' id='word_1_52' title='bbox 228 782 368 842; x_wconf 71' lang='lat' dir='ltr'><strong>quae</strong></span> <span class='ocrx_word' id='word_1_53' title='bbox 389 766 513 824; x_wconf 93' lang='lat' dir='ltr'><strong>duo</strong></span> <span class='ocrx_word' id='word_1_54' title='bbox 529 781 601 824; x_wconf 91' lang='lat' dir='ltr'><strong>eo</strong></span> <span class='ocrx_word' id='word_1_55' title='bbox 623 770 763 824; x_wconf 88' lang='lat' dir='ltr'><strong>sunt</strong></span> <span class='ocrx_word' id='word_1_56' title='bbox 783 763 1082 824; x_wconf 89' lang='lat' dir='ltr'><strong>nobiliora</strong></span> <span class='ocrx_word' id='word_1_57' title='bbox 1093 766 1261 840; x_wconf 90' lang='lat' dir='ltr'><strong>quod</strong></span> <span class='ocrx_word' id='word_1_58' title='bbox 1284 765 1580 824; x_wconf 91' lang='lat' dir='ltr'><strong>rationem</strong></span> <span class='ocrx_word' id='word_1_59' title='bbox 1602 761 2068 820; x_wconf 90' lang='lat' dir='ltr'><strong>moderatrinem</strong></span> <span class='ocrx_word' id='word_1_60' title='bbox 2089 765 2146 817; x_wconf 91' lang='lat' dir='ltr'><strong>et</strong></span> <span class='ocrx_word' id='word_1_61' title='bbox 2166 761 2393 832; x_wconf 89' lang='lat' dir='ltr'><strong>gubern</strong></span> <span class='ocrx_word' id='word_1_62' title='bbox 2403 762 2647 820; x_wconf 89' lang='lat' dir='ltr'><strong>atricem</strong></span> <span class='ocrx_word' id='word_1_63' title='bbox 2665 761 3072 820; x_wconf 82' lang='lat' dir='ltr'><strong>habeantTria</strong></span> <span class='ocrx_word' id='word_1_64' title='bbox 3092 762 3222 843; x_wconf 65' lang='lat' dir='ltr'><strong>hinc</strong></span> <span class='ocrx_word' id='word_1_65' title='bbox 3241 761 3414 837; x_wconf 74' lang='grc' dir='ltr'>λόγος,</span> <span class='ocrx_word' id='word_1_66' title='bbox 3440 765 3605 839; x_wconf 81' lang='grc' dir='ltr'>θυμός</span> 
     </span>
    </p>
   </div>
   <div class='ocr_carea' id='block_1_6' title="bbox 230 849 3608 931">
    <p class='ocr_par' dir='ltr' id='par_1_6' title="bbox 230 849 3608 931">
     <span class='ocr_line' id='line_1_6' title="bbox 230 849 3608 931; baseline -0.001 -15"><span class='ocrx_word' id='word_1_67' title='bbox 230 861 290 916; x_wconf 92' lang='lat' dir='ltr'><strong>et</strong></span> <span class='ocrx_word' id='word_1_68' title='bbox 313 857 583 931; x_wconf 73' lang='grc' dir='ltr'>ἐπιθυμία,</span> <span class='ocrx_word' id='word_1_69' title='bbox 607 860 674 914; x_wconf 92' lang='lat' dir='ltr'><strong>ut</strong></span> <span class='ocrx_word' id='word_1_70' title='bbox 694 859 833 913; x_wconf 91' lang='lat' dir='ltr'><strong>sunt</strong></span> <span class='ocrx_word' id='word_1_71' title='bbox 852 853 1070 913; x_wconf 74' lang='lat' dir='ltr'><strong>animas</strong></span> <span class='ocrx_word' id='word_1_72' title='bbox 1095 855 1379 914; x_wconf 72' lang='lat' dir='ltr'><strong>humanae</strong></span> <span class='ocrx_word' id='word_1_73' title='bbox 1402 871 1578 930; x_wconf 89' lang='lat' dir='ltr'><strong>pares</strong></span> <span class='ocrx_word' id='word_1_74' title='bbox 1599 849 1967 918; x_wconf 89' lang='lat' dir='ltr'><strong>essentiales,</strong></span> <span class='ocrx_word' id='word_1_75' title='bbox 1995 850 2059 908; x_wconf 92' lang='lat' dir='ltr'><strong>in</strong></span> <span class='ocrx_word' id='word_1_76' title='bbox 2081 852 2412 910; x_wconf 90' lang='lat' dir='ltr'><strong>tensionem</strong></span> <span class='ocrx_word' id='word_1_77' title='bbox 2439 857 2496 911; x_wconf 92' lang='lat' dir='ltr'><strong>et</strong></span> <span class='ocrx_word' id='word_1_78' title='bbox 2519 852 2935 910; x_wconf 88' lang='lat' dir='ltr'><strong>remissionem</strong></span> <span class='ocrx_word' id='word_1_79' title='bbox 2949 866 3073 909; x_wconf 92' lang='lat' dir='ltr'><strong>non</strong></span> <span class='ocrx_word' id='word_1_80' title='bbox 3095 852 3498 927; x_wconf 83' lang='lat' dir='ltr'><strong>suscipiunt.N</strong></span> <span class='ocrx_word' id='word_1_81' title='bbox 3505 869 3608 912; x_wconf 92' lang='lat' dir='ltr'><strong>am</strong></span> 
     </span>
    </p>
   </div>
   <div class='ocr_carea' id='block_1_7' title="bbox 229 938 1857 1019">
    <p class='ocr_par' dir='ltr' id='par_1_7' title="bbox 229 944 1857 1018">
     <span class='ocr_line' id='line_1_7' title="bbox 229 944 1857 1018; baseline -0.006 -12"><span class='ocrx_word' id='word_1_82' title='bbox 229 945 460 1006; x_wconf 85' lang='lat' dir='ltr'><strong>ratione</strong></span> <span class='ocrx_word' id='word_1_83' title='bbox 485 945 667 1008; x_wconf 78' lang='grc' dir='ltr'>οὐσίας</span> <span class='ocrx_word' id='word_1_84' title='bbox 694 946 967 1003; x_wconf 87' lang='lat' dir='ltr'><strong>Socrates</strong></span> <span class='ocrx_word' id='word_1_85' title='bbox 1004 961 1127 1003; x_wconf 91' lang='lat' dir='ltr'><strong>non</strong></span> <span class='ocrx_word' id='word_1_86' title='bbox 1149 950 1238 1003; x_wconf 91' lang='lat' dir='ltr'><strong>est</strong></span> <span class='ocrx_word' id='word_1_87' title='bbox 1261 946 1456 1017; x_wconf 89' lang='lat' dir='ltr'><strong>magis</strong></span> <span class='ocrx_word' id='word_1_88' title='bbox 1486 944 1692 1018; x_wconf 77' lang='grc' dir='ltr'>λογικὸς</span> <span class='ocrx_word' id='word_1_89' title='bbox 1724 957 1857 1016; x_wconf 72' lang='lat' dir='ltr'><strong>quai</strong></span> 
     </span>
    </p>
   </div>
   <div class='ocr_carea' id='block_1_8' title="bbox 1976 938 3604 1019">
    <p class='ocr_par' dir='ltr' id='par_1_8' title="bbox 1976 938 3604 1019">
     <span class='ocr_line' id='line_1_8' title="bbox 1976 938 3604 1019; baseline 0.001 -22"><span class='ocrx_word' id='word_1_90' title='bbox 1976 938 2128 1014; x_wconf 74' lang='lat' dir='ltr'><strong>’lato,</strong></span> <span class='ocrx_word' id='word_1_91' title='bbox 2160 945 2262 999; x_wconf 90' lang='lat' dir='ltr'><strong>aut</strong></span> <span class='ocrx_word' id='word_1_92' title='bbox 2287 943 2484 1014; x_wconf 91' lang='lat' dir='ltr'><strong>magis</strong></span> <span class='ocrx_word' id='word_1_93' title='bbox 2519 944 2785 1016; x_wconf 81' lang='grc' dir='ltr'>θυμικὸς,,</span> <span class='ocrx_word' id='word_1_94' title='bbox 2819 947 2924 1000; x_wconf 90' lang='lat' dir='ltr'><strong>aut</strong></span> <span class='ocrx_word' id='word_1_95' title='bbox 2952 942 3148 1014; x_wconf 90' lang='lat' dir='ltr'><strong>magis</strong></span> <span class='ocrx_word' id='word_1_96' title='bbox 3206 941 3604 1019; x_wconf 76' lang='grc' dir='ltr'>ἱπιθυμητικος.</span> 
     </span>
    </p>
   </div>
   <div class='ocr_carea' id='block_1_9' title="bbox 235 1029 3608 1109">
    <p class='ocr_par' dir='ltr' id='par_1_9' title="bbox 235 1029 3608 1109">
     <span class='ocr_line' id='line_1_9' title="bbox 235 1029 3608 1109; baseline -0.001 -14"><span class='ocrx_word' id='word_1_97' title='bbox 235 1036 350 1096; x_wconf 90' lang='lat' dir='ltr'><strong>Sed</strong></span> <span class='ocrx_word' id='word_1_98' title='bbox 367 1034 598 1094; x_wconf 88' lang='lat' dir='ltr'><strong>ratione</strong></span> <span class='ocrx_word' id='word_1_99' title='bbox 612 1034 1013 1109; x_wconf 90' lang='lat' dir='ltr'><strong>copulationis</strong></span> <span class='ocrx_word' id='word_1_100' title='bbox 1041 1035 1259 1093; x_wconf 64' lang='lat' dir='ltr'><strong>animae</strong></span> <span class='ocrx_word' id='word_1_101' title='bbox 1282 1040 1340 1094; x_wconf 91' lang='lat' dir='ltr'><strong>et</strong></span> <span class='ocrx_word' id='word_1_102' title='bbox 1368 1033 1660 1093; x_wconf 88' lang='lat' dir='ltr'><strong>materiali</strong></span> <span class='ocrx_word' id='word_1_103' title='bbox 1681 1029 1949 1105; x_wconf 87' lang='lat' dir='ltr'><strong>corporis</strong></span> <span class='ocrx_word' id='word_1_104' title='bbox 1967 1029 2222 1105; x_wconf 86' lang='lat' dir='ltr'><strong>physici,</strong></span> <span class='ocrx_word' id='word_1_105' title='bbox 2245 1032 2536 1105; x_wconf 82' lang='lat' dir='ltr'><strong>organici,</strong></span> <span class='ocrx_word' id='word_1_106' title='bbox 2559 1031 2841 1091; x_wconf 88' lang='lat' dir='ltr'><strong>dicuntur</strong></span> <span class='ocrx_word' id='word_1_107' title='bbox 2853 1032 2948 1090; x_wconf 73' lang='lat' dir='ltr'><strong>hee</strong></span> <span class='ocrx_word' id='word_1_108' title='bbox 2969 1035 3296 1106; x_wconf 85' lang='lat' dir='ltr'><strong>potestates</strong></span> <span class='ocrx_word' id='word_1_109' title='bbox 3346 1032 3608 1107; x_wconf 85' lang='lat' dir='ltr'><strong>qualita-</strong></span> 
     </span>
    </p>
   </div>
   <div class='ocr_carea' id='block_1_10' title="bbox 233 1120 1861 1200">
    <p class='ocr_par' dir='ltr' id='par_1_10' title="bbox 233 1121 1861 1199">
     <span class='ocr_line' id='line_1_10' title="bbox 233 1121 1861 1199; baseline -0.006 -13"><span class='ocrx_word' id='word_1_110' title='bbox 233 1138 324 1193; x_wconf 80' lang='lat' dir='ltr'><strong>tes</strong></span> <span class='ocrx_word' id='word_1_111' title='bbox 359 1142 442 1184; x_wconf 93' lang='lat' dir='ltr'><strong>no</strong></span> <span class='ocrx_word' id='word_1_112' title='bbox 471 1121 771 1191; x_wconf 77' lang='grc' dir='ltr'>οὐσιώδιις,</span> <span class='ocrx_word' id='word_1_113' title='bbox 805 1130 863 1184; x_wconf 92' lang='lat' dir='ltr'><strong>et</strong></span> <span class='ocrx_word' id='word_1_114' title='bbox 885 1125 1138 1199; x_wconf 87' lang='lat' dir='ltr'><strong>proinde</strong></span> <span class='ocrx_word' id='word_1_115' title='bbox 1164 1125 1566 1183; x_wconf 90' lang='lat' dir='ltr'><strong>intensionem</strong></span> <span class='ocrx_word' id='word_1_116' title='bbox 1595 1140 1668 1182; x_wconf 91' lang='lat' dir='ltr'><strong>ac</strong></span> <span class='ocrx_word' id='word_1_117' title='bbox 1689 1123 1861 1180; x_wconf 73' lang='lat' dir='ltr'><strong>remis</strong></span> 
     </span>
    </p>
   </div>
   <div class='ocr_carea' id='block_1_11' title="bbox 1982 1120 3610 1200">
    <p class='ocr_par' dir='ltr' id='par_1_11' title="bbox 1982 1120 3610 1200">
     <span class='ocr_line' id='line_1_11' title="bbox 1982 1120 3610 1200; baseline 0.001 -23"><span class='ocrx_word' id='word_1_118' title='bbox 1982 1137 2110 1178; x_wconf 84' lang='lat' dir='ltr'><strong>nem</strong></span> <span class='ocrx_word' id='word_1_119' title='bbox 2139 1122 2510 1196; x_wconf 88' lang='lat' dir='ltr'><strong>suscipiunt:</strong></span> <span class='ocrx_word' id='word_1_120' title='bbox 2554 1122 2708 1181; x_wconf 92' lang='lat' dir='ltr'><strong>adeo</strong></span> <span class='ocrx_word' id='word_1_121' title='bbox 2730 1126 2796 1180; x_wconf 88' lang='lat' dir='ltr'><strong>ut</strong></span> <span class='ocrx_word' id='word_1_122' title='bbox 2817 1120 2912 1179; x_wconf 90' lang='lat' dir='ltr'><strong>hic</strong></span> <span class='ocrx_word' id='word_1_123' title='bbox 2935 1121 3038 1180; x_wconf 91' lang='lat' dir='ltr'><strong>illo</strong></span> <span class='ocrx_word' id='word_1_124' title='bbox 3066 1121 3426 1200; x_wconf 71' lang='grc' dir='ltr'>λογικώταρος,</span> <span class='ocrx_word' id='word_1_125' title='bbox 3455 1125 3610 1199; x_wconf 68' lang='lat' dir='ltr'><strong>supi-</strong></span> 
     </span>
    </p>
   </div>
   <div class='ocr_carea' id='block_1_12' title="bbox 233 1210 1861 1293">
    <p class='ocr_par' dir='ltr' id='par_1_12' title="bbox 233 1211 1861 1293">
     <span class='ocr_line' id='line_1_12' title="bbox 233 1211 1861 1293; baseline -0.002 -22"><span class='ocrx_word' id='word_1_126' title='bbox 233 1221 455 1293; x_wconf 73' lang='grc' dir='ltr'>κὼτσρος</span> <span class='ocrx_word' id='word_1_127' title='bbox 472 1220 531 1274; x_wconf 88' lang='lat' dir='ltr'><strong>et</strong></span> <span class='ocrx_word' id='word_1_128' title='bbox 554 1216 992 1290; x_wconf 74' lang='grc' dir='ltr'>ἐπιθυμικώτιρος</span> <span class='ocrx_word' id='word_1_129' title='bbox 1017 1216 1271 1274; x_wconf 88' lang='lat' dir='ltr'><strong>dicatur.</strong></span> <span class='ocrx_word' id='word_1_130' title='bbox 1305 1219 1514 1290; x_wconf 89' lang='lat' dir='ltr'><strong>Itaque</strong></span> <span class='ocrx_word' id='word_1_131' title='bbox 1537 1214 1676 1272; x_wconf 89' lang='lat' dir='ltr'><strong>bilis</strong></span> <span class='ocrx_word' id='word_1_132' title='bbox 1698 1211 1861 1270; x_wconf 71' lang='lat' dir='ltr'><strong>ﬂava</strong></span> 
     </span>
    </p>
   </div>
   <div class='ocr_carea' id='block_1_13' title="bbox 1984 1210 3612 1293">
    <p class='ocr_par' dir='ltr' id='par_1_13' title="bbox 1987 1210 3612 1288">
     <span class='ocr_line' id='line_1_13' title="bbox 1987 1210 3612 1288; baseline 0.003 -22"><span class='ocrx_word' id='word_1_133' title='bbox 1987 1210 2111 1268; x_wconf 91' lang='lat' dir='ltr'><strong>mia</strong></span> <span class='ocrx_word' id='word_1_134' title='bbox 2151 1212 2326 1286; x_wconf 90' lang='lat' dir='ltr'><strong>copia</strong></span> <span class='ocrx_word' id='word_1_135' title='bbox 2367 1211 2678 1270; x_wconf 86' lang='lat' dir='ltr'><strong>hominem</strong></span> <span class='ocrx_word' id='word_1_136' title='bbox 2729 1212 3079 1288; x_wconf 78' lang='grc' dir='ltr'>θυμικὼτιρον</span> <span class='ocrx_word' id='word_1_137' title='bbox 3122 1212 3339 1270; x_wconf 85' lang='lat' dir='ltr'><strong>reddit.</strong></span> <span class='ocrx_word' id='word_1_138' title='bbox 3398 1212 3612 1272; x_wconf 87' lang='lat' dir='ltr'><strong>Pituita</strong></span> 
     </span>
    </p>
   </div>
   <div class='ocr_carea' id='block_1_14' title="bbox 229 1297 1857 1380">
    <p class='ocr_par' dir='ltr' id='par_1_14' title="bbox 229 1305 1857 1380">
     <span class='ocr_line' id='line_1_14' title="bbox 229 1305 1857 1380; baseline -0.004 -16"><span class='ocrx_word' id='word_1_139' title='bbox 229 1307 419 1364; x_wconf 92' lang='lat' dir='ltr'><strong>nimia</strong></span> <span class='ocrx_word' id='word_1_140' title='bbox 467 1305 779 1364; x_wconf 88' lang='lat' dir='ltr'><strong>hominem</strong></span> <span class='ocrx_word' id='word_1_141' title='bbox 830 1305 1030 1362; x_wconf 89' lang='lat' dir='ltr'><strong>minus</strong></span> <span class='ocrx_word' id='word_1_142' title='bbox 1070 1306 1309 1380; x_wconf 78' lang='grc' dir='ltr'>θυμικόν,</span> <span class='ocrx_word' id='word_1_143' title='bbox 1328 1321 1516 1379; x_wconf 90' lang='lat' dir='ltr'><strong>quam</strong></span> <span class='ocrx_word' id='word_1_144' title='bbox 1553 1319 1664 1378; x_wconf 89' lang='lat' dir='ltr'><strong>par</strong></span> <span class='ocrx_word' id='word_1_145' title='bbox 1703 1306 1857 1367; x_wconf 84' lang='lat' dir='ltr'><strong>est,e</strong></span> 
     </span>
    </p>
   </div>
   <div class='ocr_carea' id='block_1_15' title="bbox 1979 1297 3607 1380">
    <p class='ocr_par' dir='ltr' id='par_1_15' title="bbox 1979 1301 3607 1379">
     <span class='ocr_line' id='line_1_15' title="bbox 1979 1301 3607 1379; baseline -0.001 -22"><span class='ocrx_word' id='word_1_146' title='bbox 1979 1301 2028 1358; x_wconf 79' lang='lat' dir='ltr'><strong>lt.</strong></span> <span class='ocrx_word' id='word_1_147' title='bbox 2049 1301 2369 1372; x_wconf 83' lang='lat' dir='ltr'><strong>Sanguinis</strong></span> <span class='ocrx_word' id='word_1_148' title='bbox 2389 1301 2769 1360; x_wconf 87' lang='lat' dir='ltr'><strong>abundantia</strong></span> <span class='ocrx_word' id='word_1_149' title='bbox 2784 1301 3098 1359; x_wconf 88' lang='lat' dir='ltr'><strong>hominem</strong></span> <span class='ocrx_word' id='word_1_150' title='bbox 3145 1301 3607 1379; x_wconf 73' lang='grc' dir='ltr'>ἐπιθυμικώτιρον,</span> 
     </span>
    </p>
   </div>
   <div class='ocr_carea' id='block_1_16' title="bbox 227 1391 3610 1469">
    <p class='ocr_par' dir='ltr' id='par_1_16' title="bbox 227 1391 3610 1469">
     <span class='ocr_line' id='line_1_16' title="bbox 227 1391 3610 1469; baseline -0.002 -15"><span class='ocrx_word' id='word_1_151' title='bbox 227 1395 535 1455; x_wconf 86' lang='lat' dir='ltr'><strong>interdum</strong></span> <span class='ocrx_word' id='word_1_152' title='bbox 559 1396 743 1454; x_wconf 88' lang='lat' dir='ltr'><strong>etiam</strong></span> <span class='ocrx_word' id='word_1_153' title='bbox 755 1395 1044 1454; x_wconf 68' lang='lat' dir='ltr'><strong>laetiorem</strong></span> <span class='ocrx_word' id='word_1_154' title='bbox 1064 1395 1278 1454; x_wconf 84' lang='lat' dir='ltr'><strong>reddit.</strong></span> <span class='ocrx_word' id='word_1_155' title='bbox 1305 1400 1447 1453; x_wconf 83' lang='lat' dir='ltr'><strong>Atra</strong></span> <span class='ocrx_word' id='word_1_156' title='bbox 1458 1393 1593 1452; x_wconf 88' lang='lat' dir='ltr'><strong>bilis</strong></span> <span class='ocrx_word' id='word_1_157' title='bbox 1613 1393 1923 1451; x_wconf 88' lang='lat' dir='ltr'><strong>hominem</strong></span> <span class='ocrx_word' id='word_1_158' title='bbox 1940 1391 2262 1449; x_wconf 88' lang='lat' dir='ltr'><strong>tristiorem</strong></span> <span class='ocrx_word' id='word_1_159' title='bbox 2282 1391 2480 1450; x_wconf 78' lang='lat' dir='ltr'><strong>efﬁcit.</strong></span> <span class='ocrx_word' id='word_1_160' title='bbox 2500 1397 2787 1450; x_wconf 73' lang='lat' dir='ltr'><strong>Prmterea</strong></span> <span class='ocrx_word' id='word_1_161' title='bbox 2798 1391 2951 1466; x_wconf 79' lang='grc' dir='ltr'>λόγος</span> <span class='ocrx_word' id='word_1_162' title='bbox 2970 1393 3428 1467; x_wconf 61' lang='lat' dir='ltr'><strong>prasertimque</strong></span> <span class='ocrx_word' id='word_1_163' title='bbox 3465 1412 3610 1469; x_wconf 71' lang='grc' dir='ltr'><strong>πραι-</strong></span> 
     </span>
    </p>
   </div>
   <div class='ocr_carea' id='block_1_17' title="bbox 230 1481 3614 1560">
    <p class='ocr_par' dir='ltr' id='par_1_17' title="bbox 230 1481 3614 1560">
     <span class='ocr_line' id='line_1_17' title="bbox 230 1481 3614 1560; baseline 0 -19"><span class='ocrx_word' id='word_1_164' title='bbox 230 1489 372 1550; x_wconf 76' lang='grc' dir='ltr'>κτιὸς</span> <span class='ocrx_word' id='word_1_165' title='bbox 395 1485 819 1544; x_wconf 82' lang='lat' dir='ltr'><strong>interveniente</strong></span> <span class='ocrx_word' id='word_1_166' title='bbox 838 1485 1184 1560; x_wconf 86' lang='lat' dir='ltr'><strong>phantasia,</strong></span> <span class='ocrx_word' id='word_1_167' title='bbox 1213 1486 1394 1543; x_wconf 89' lang='lat' dir='ltr'><strong>utitur</strong></span> <span class='ocrx_word' id='word_1_168' title='bbox 1414 1483 1692 1542; x_wconf 87' lang='lat' dir='ltr'><strong>sensibus</strong></span> <span class='ocrx_word' id='word_1_169' title='bbox 1707 1487 2000 1556; x_wconf 90' lang='lat' dir='ltr'><strong>tanquam</strong></span> <span class='ocrx_word' id='word_1_170' title='bbox 2017 1481 2681 1540; x_wconf 87' lang='lat' dir='ltr'><strong>iustrumentis.ldcirco</strong></span> <span class='ocrx_word' id='word_1_171' title='bbox 2709 1482 2940 1541; x_wconf 89' lang='lat' dir='ltr'><strong>ratione</strong></span> <span class='ocrx_word' id='word_1_172' title='bbox 2952 1482 3257 1557; x_wconf 86' lang='lat' dir='ltr'><strong>qualitatis</strong></span> <span class='ocrx_word' id='word_1_173' title='bbox 3279 1487 3336 1542; x_wconf 90' lang='lat' dir='ltr'><strong>et</strong></span> <span class='ocrx_word' id='word_1_174' title='bbox 3349 1487 3614 1558; x_wconf 87' lang='lat' dir='ltr'><strong>potesta-</strong></span> 
     </span>
    </p>
   </div>
   <div class='ocr_carea' id='block_1_18' title="bbox 231 1567 1859 1650">
    <p class='ocr_par' dir='ltr' id='par_1_18' title="bbox 231 1571 1859 1650">
     <span class='ocr_line' id='line_1_18' title="bbox 231 1571 1859 1650; baseline -0.004 -16"><span class='ocrx_word' id='word_1_175' title='bbox 231 1577 308 1634; x_wconf 88' lang='lat' dir='ltr'><strong>tis</strong></span> <span class='ocrx_word' id='word_1_176' title='bbox 347 1592 472 1634; x_wconf 91' lang='lat' dir='ltr'><strong>non</strong></span> <span class='ocrx_word' id='word_1_177' title='bbox 491 1572 782 1638; x_wconf 70' lang='grc' dir='ltr'>οὐσιώδους</span> <span class='ocrx_word' id='word_1_178' title='bbox 811 1575 1022 1650; x_wconf 87' lang='lat' dir='ltr'><strong>recipit</strong></span> <span class='ocrx_word' id='word_1_179' title='bbox 1041 1575 1466 1647; x_wconf 86' lang='lat' dir='ltr'><strong>intensionem,</strong></span> <span class='ocrx_word' id='word_1_180' title='bbox 1495 1579 1553 1632; x_wconf 90' lang='lat' dir='ltr'><strong>et</strong></span> <span class='ocrx_word' id='word_1_181' title='bbox 1567 1571 1859 1630; x_wconf 75' lang='lat' dir='ltr'><strong>remissior</strong></span> 
     </span>
    </p>
   </div>
   <div class='ocr_carea' id='block_1_19' title="bbox 1979 1567 3607 1650">
    <p class='ocr_par' dir='ltr' id='par_1_19' title="bbox 1979 1567 3607 1647">
     <span class='ocr_line' id='line_1_19' title="bbox 1979 1567 3607 1647; baseline -0.001 -19"><span class='ocrx_word' id='word_1_182' title='bbox 1979 1594 1985 1628; x_wconf 58' lang='grc' dir='ltr'>ι</span> <span class='ocrx_word' id='word_1_183' title='bbox 2015 1571 2168 1629; x_wconf 91' lang='lat' dir='ltr'><strong>adeo</strong></span> <span class='ocrx_word' id='word_1_184' title='bbox 2189 1575 2254 1629; x_wconf 91' lang='lat' dir='ltr'><strong>ut</strong></span> <span class='ocrx_word' id='word_1_185' title='bbox 2273 1588 2433 1629; x_wconf 85' lang='lat' dir='ltr'><strong>unus</strong></span> <span class='ocrx_word' id='word_1_186' title='bbox 2451 1572 2637 1630; x_wconf 88' lang='lat' dir='ltr'><strong>altero</strong></span> <span class='ocrx_word' id='word_1_187' title='bbox 2665 1571 3006 1647; x_wconf 65' lang='grc' dir='ltr'>λογικώτερος</span> <span class='ocrx_word' id='word_1_188' title='bbox 3034 1571 3127 1629; x_wconf 87' lang='lat' dir='ltr'><strong>vel</strong></span> <span class='ocrx_word' id='word_1_189' title='bbox 3149 1567 3364 1646; x_wconf 74' lang='lat' dir='ltr'><strong>[minus</strong></span> <span class='ocrx_word' id='word_1_190' title='bbox 3401 1571 3607 1647; x_wconf 75' lang='grc' dir='ltr'>λογικὸν</span> 
     </span>
    </p>
   </div>
   <div class='ocr_carea' id='block_1_20' title="bbox 235 1659 3610 1738">
    <p class='ocr_par' dir='ltr' id='par_1_20' title="bbox 235 1659 3610 1738">
     <span class='ocr_line' id='line_1_20' title="bbox 235 1659 3610 1738; baseline -0.001 -15"><span class='ocrx_word' id='word_1_191' title='bbox 235 1665 492 1738; x_wconf 88' lang='lat' dir='ltr'><strong>dicatur,</strong></span> <span class='ocrx_word' id='word_1_192' title='bbox 528 1664 831 1723; x_wconf 89' lang='lat' dir='ltr'><strong>interdum</strong></span> <span class='ocrx_word' id='word_1_193' title='bbox 865 1664 1044 1722; x_wconf 92' lang='lat' dir='ltr'><strong>etiam</strong></span> <span class='ocrx_word' id='word_1_194' title='bbox 1074 1665 1234 1722; x_wconf 91' lang='lat' dir='ltr'><strong>idem</strong></span> <span class='ocrx_word' id='word_1_195' title='bbox 1253 1664 1450 1738; x_wconf 90' lang='lat' dir='ltr'><strong>seipso</strong></span> <span class='ocrx_word' id='word_1_196' title='bbox 1478 1662 1820 1737; x_wconf 76' lang='grc' dir='ltr'>λογικώτερος</span> <span class='ocrx_word' id='word_1_197' title='bbox 1849 1659 2084 1729; x_wconf 89' lang='lat' dir='ltr'><strong>dicitur,</strong></span> <span class='ocrx_word' id='word_1_198' title='bbox 2104 1677 2227 1719; x_wconf 91' lang='lat' dir='ltr'><strong>non</strong></span> <span class='ocrx_word' id='word_1_199' title='bbox 2250 1662 2485 1720; x_wconf 87' lang='lat' dir='ltr'><strong>ratione</strong></span> <span class='ocrx_word' id='word_1_200' title='bbox 2505 1661 2817 1736; x_wconf 87' lang='lat' dir='ltr'><strong>potestatis</strong></span> <span class='ocrx_word' id='word_1_201' title='bbox 2841 1660 3193 1734; x_wconf 89' lang='lat' dir='ltr'><strong>essentialis,</strong></span> <span class='ocrx_word' id='word_1_202' title='bbox 3238 1661 3343 1719; x_wconf 88' lang='lat' dir='ltr'><strong>sed</strong></span> <span class='ocrx_word' id='word_1_203' title='bbox 3364 1667 3610 1737; x_wconf 86' lang='lat' dir='ltr'><strong>propter</strong></span> 
     </span>
    </p>
   </div>
   <div class='ocr_carea' id='block_1_21' title="bbox 235 1751 3610 1828">
    <p class='ocr_par' dir='ltr' id='par_1_21' title="bbox 235 1751 3610 1828">
     <span class='ocr_line' id='line_1_21' title="bbox 235 1751 3610 1828; baseline -0 -15"><span class='ocrx_word' id='word_1_204' title='bbox 235 1755 547 1814; x_wconf 88' lang='lat' dir='ltr'><strong>meliorem</strong></span> <span class='ocrx_word' id='word_1_205' title='bbox 577 1755 842 1828; x_wconf 89' lang='lat' dir='ltr'><strong>corporis</strong></span> <span class='ocrx_word' id='word_1_206' title='bbox 873 1753 1112 1827; x_wconf 88' lang='lat' dir='ltr'><strong>physici</strong></span> <span class='ocrx_word' id='word_1_207' title='bbox 1137 1758 1379 1812; x_wconf 88' lang='lat' dir='ltr'><strong>statum.</strong></span> <span class='ocrx_word' id='word_1_208' title='bbox 1401 1757 1660 1825; x_wconf 79' lang='lat' dir='ltr'><strong>Purgato</strong></span> <span class='ocrx_word' id='word_1_209' title='bbox 1699 1754 1860 1808; x_wconf 92' lang='lat' dir='ltr'><strong>enim</strong></span> <span class='ocrx_word' id='word_1_210' title='bbox 1891 1751 2155 1817; x_wconf 87' lang='lat' dir='ltr'><strong>cerebro,</strong></span> <span class='ocrx_word' id='word_1_211' title='bbox 2187 1753 2519 1826; x_wconf 64' lang='lat' dir='ltr'><strong>praesertim</strong></span> <span class='ocrx_word' id='word_1_212' title='bbox 2566 1769 2709 1810; x_wconf 90' lang='lat' dir='ltr'><strong>cum</strong></span> <span class='ocrx_word' id='word_1_213' title='bbox 2744 1751 2942 1810; x_wconf 80' lang='lat' dir='ltr'><strong>noxiis</strong></span> <span class='ocrx_word' id='word_1_214' title='bbox 2966 1752 3326 1810; x_wconf 85' lang='lat' dir='ltr'><strong>humoribus</strong></span> <span class='ocrx_word' id='word_1_215' title='bbox 3369 1752 3610 1812; x_wconf 46' lang='lat' dir='ltr'><strong>infestas</strong></span> 
     </span>
    </p>
   </div>
   <div class='ocr_carea' id='block_1_22' title="bbox 238 1841 3610 1920">
    <p class='ocr_par' dir='ltr' id='par_1_22' title="bbox 238 1841 3610 1920">
     <span class='ocr_line' id='line_1_22' title="bbox 238 1841 3610 1920; baseline -0.001 -17"><span class='ocrx_word' id='word_1_216' title='bbox 238 1843 580 1920; x_wconf 89' lang='lat' dir='ltr'><strong>tur,aliquis</strong></span> <span class='ocrx_word' id='word_1_217' title='bbox 595 1844 674 1901; x_wconf 91' lang='lat' dir='ltr'><strong>ad</strong></span> <span class='ocrx_word' id='word_1_218' title='bbox 685 1843 1166 1902; x_wconf 85' lang='lat' dir='ltr'><strong>ratiocinandum</strong></span> <span class='ocrx_word' id='word_1_219' title='bbox 1179 1844 1373 1918; x_wconf 90' lang='lat' dir='ltr'><strong>aptior</strong></span> <span class='ocrx_word' id='word_1_220' title='bbox 1385 1843 1555 1902; x_wconf 86' lang='lat' dir='ltr'><strong>reddi</strong></span> <span class='ocrx_word' id='word_1_221' title='bbox 1566 1846 1782 1917; x_wconf 88' lang='lat' dir='ltr'><strong>potest.</strong></span> <span class='ocrx_word' id='word_1_222' title='bbox 1797 1843 1861 1898; x_wconf 90' lang='lat' dir='ltr'><strong>Et</strong></span> <span class='ocrx_word' id='word_1_223' title='bbox 1872 1841 2162 1914; x_wconf 88' lang='lat' dir='ltr'><strong>quoniam</strong></span> <span class='ocrx_word' id='word_1_224' title='bbox 2175 1846 2434 1916; x_wconf 86' lang='lat' dir='ltr'><strong>quatuor</strong></span> <span class='ocrx_word' id='word_1_225' title='bbox 2445 1842 2734 1899; x_wconf 89' lang='lat' dir='ltr'><strong>humores</strong></span> <span class='ocrx_word' id='word_1_226' title='bbox 2745 1857 2807 1899; x_wconf 81' lang='lat' dir='ltr'><strong>in</strong></span> <span class='ocrx_word' id='word_1_227' title='bbox 2821 1841 3174 1915; x_wconf 87' lang='lat' dir='ltr'><strong>corporibus</strong></span> <span class='ocrx_word' id='word_1_228' title='bbox 3185 1841 3468 1899; x_wconf 89' lang='lat' dir='ltr'><strong>humanis</strong></span> <span class='ocrx_word' id='word_1_229' title='bbox 3479 1841 3610 1915; x_wconf 84' lang='lat' dir='ltr'><strong>plu-</strong></span> 
     </span>
    </p>
   </div>
   <div class='ocr_carea' id='block_1_23' title="bbox 232 1927 1860 2008">
    <p class='ocr_par' dir='ltr' id='par_1_23' title="bbox 232 1932 1860 2008">
     <span class='ocr_line' id='line_1_23' title="bbox 232 1932 1860 2008; baseline -0.004 -15"><span class='ocrx_word' id='word_1_230' title='bbox 232 1935 456 1993; x_wconf 81' lang='lat' dir='ltr'><strong>rimum</strong></span> <span class='ocrx_word' id='word_1_231' title='bbox 480 1938 753 2008; x_wconf 91' lang='lat' dir='ltr'><strong>possunt,</strong></span> <span class='ocrx_word' id='word_1_232' title='bbox 778 1938 841 1991; x_wconf 92' lang='lat' dir='ltr'><strong>ut</strong></span> <span class='ocrx_word' id='word_1_233' title='bbox 865 1937 1046 2008; x_wconf 90' lang='lat' dir='ltr'><strong>patet,</strong></span> <span class='ocrx_word' id='word_1_234' title='bbox 1069 1949 1193 1992; x_wconf 92' lang='lat' dir='ltr'><strong>non</strong></span> <span class='ocrx_word' id='word_1_235' title='bbox 1213 1932 1511 1991; x_wconf 89' lang='lat' dir='ltr'><strong>immerito</strong></span> <span class='ocrx_word' id='word_1_236' title='bbox 1536 1937 1860 1990; x_wconf 76' lang='lat' dir='ltr'><strong>connectur</strong></span> 
     </span>
    </p>
   </div>
   <div class='ocr_carea' id='block_1_24' title="bbox 1981 1927 3609 2008">
    <p class='ocr_par' dir='ltr' id='par_1_24' title="bbox 2001 1927 3609 2006">
     <span class='ocr_line' id='line_1_24' title="bbox 2001 1927 3609 2006; baseline 0.001 -18"><span class='ocrx_word' id='word_1_237' title='bbox 2001 1946 2112 1988; x_wconf 91' lang='lat' dir='ltr'><strong>con</strong></span> <span class='ocrx_word' id='word_1_238' title='bbox 2114 1931 2455 2004; x_wconf 85' lang='lat' dir='ltr'><strong>jugationes</strong></span> <span class='ocrx_word' id='word_1_239' title='bbox 2485 1931 2639 2006; x_wconf 74' lang='grc' dir='ltr'>λόγου</span> <span class='ocrx_word' id='word_1_240' title='bbox 2661 1933 2827 2006; x_wconf 79' lang='grc' dir='ltr'><strong>θυμοῦ</strong></span> <span class='ocrx_word' id='word_1_241' title='bbox 2846 1929 3142 2005; x_wconf 76' lang='grc' dir='ltr'><strong>ἐπιθυμίας,</strong></span> <span class='ocrx_word' id='word_1_242' title='bbox 3165 1939 3306 1988; x_wconf 85' lang='lat' dir='ltr'><strong>cum</strong></span> <span class='ocrx_word' id='word_1_243' title='bbox 3322 1927 3609 2004; x_wconf 53' lang='lat' dir='ltr'><strong>conjuge:</strong></span> 
     </span>
    </p>
   </div>
   <div class='ocr_carea' id='block_1_25' title="bbox 233 2020 3612 2098">
    <p class='ocr_par' dir='ltr' id='par_1_25' title="bbox 233 2020 3612 2098">
     <span class='ocr_line' id='line_1_25' title="bbox 233 2020 3612 2098; baseline -0.001 -16"><span class='ocrx_word' id='word_1_244' title='bbox 233 2023 497 2082; x_wconf 89' lang='lat' dir='ltr'><strong>tionibus</strong></span> <span class='ocrx_word' id='word_1_245' title='bbox 517 2027 775 2098; x_wconf 88' lang='lat' dir='ltr'><strong>quatuor</strong></span> <span class='ocrx_word' id='word_1_246' title='bbox 788 2023 1138 2094; x_wconf 90' lang='lat' dir='ltr'><strong>humorum,</strong></span> <span class='ocrx_word' id='word_1_247' title='bbox 1160 2039 1378 2097; x_wconf 89' lang='lat' dir='ltr'><strong>nempe</strong></span> <span class='ocrx_word' id='word_1_248' title='bbox 1395 2022 1532 2080; x_wconf 91' lang='lat' dir='ltr'><strong>bilis</strong></span> <span class='ocrx_word' id='word_1_249' title='bbox 1552 2020 1890 2092; x_wconf 66' lang='lat' dir='ltr'><strong>ﬂavw,bilis</strong></span> <span class='ocrx_word' id='word_1_250' title='bbox 1905 2025 2069 2088; x_wconf 73' lang='lat' dir='ltr'><strong>atrae,</strong></span> <span class='ocrx_word' id='word_1_251' title='bbox 2085 2022 2394 2093; x_wconf 79' lang='lat' dir='ltr'><strong>sanguinis</strong></span> <span class='ocrx_word' id='word_1_252' title='bbox 2415 2038 2485 2079; x_wconf 90' lang='lat' dir='ltr'><strong>ac</strong></span> <span class='ocrx_word' id='word_1_253' title='bbox 2513 2022 2760 2096; x_wconf 69' lang='lat' dir='ltr'><strong>pituitae.</strong></span> <span class='ocrx_word' id='word_1_254' title='bbox 2788 2023 2949 2088; x_wconf 86' lang='lat' dir='ltr'><strong>Quas</strong></span> <span class='ocrx_word' id='word_1_255' title='bbox 2969 2021 3216 2095; x_wconf 88' lang='lat' dir='ltr'><strong>quidem</strong></span> <span class='ocrx_word' id='word_1_256' title='bbox 3238 2021 3612 2094; x_wconf 87' lang='lat' dir='ltr'><strong>conjugatio-</strong></span> 
     </span>
    </p>
   </div>
   <div class='ocr_carea' id='block_1_26' title="bbox 233 2109 3611 2188">
    <p class='ocr_par' dir='ltr' id='par_1_26' title="bbox 233 2109 3611 2188">
     <span class='ocr_line' id='line_1_26' title="bbox 233 2109 3611 2188; baseline -0.001 -16"><span class='ocrx_word' id='word_1_257' title='bbox 233 2129 341 2174; x_wconf 86' lang='lat' dir='ltr'><strong>nes</strong></span> <span class='ocrx_word' id='word_1_258' title='bbox 354 2114 551 2188; x_wconf 88' lang='lat' dir='ltr'><strong>siquis</strong></span> <span class='ocrx_word' id='word_1_259' title='bbox 565 2113 878 2185; x_wconf 82' lang='lat' dir='ltr'><strong>diligenter</strong></span> <span class='ocrx_word' id='word_1_260' title='bbox 889 2113 1604 2188; x_wconf 88' lang='lat' dir='ltr'><strong>pervestiget,nonaginta</strong></span> <span class='ocrx_word' id='word_1_261' title='bbox 1619 2112 1772 2169; x_wconf 89' lang='lat' dir='ltr'><strong>duas</strong></span> <span class='ocrx_word' id='word_1_262' title='bbox 1788 2109 2235 2186; x_wconf 87' lang='lat' dir='ltr'><strong>reperiet,etiam</strong></span> <span class='ocrx_word' id='word_1_263' title='bbox 2248 2127 2370 2168; x_wconf 92' lang='lat' dir='ltr'><strong>non</strong></span> <span class='ocrx_word' id='word_1_264' title='bbox 2389 2115 2778 2169; x_wconf 90' lang='lat' dir='ltr'><strong>annumerata</strong></span> <span class='ocrx_word' id='word_1_265' title='bbox 2791 2111 3039 2184; x_wconf 91' lang='lat' dir='ltr'><strong>simplici</strong></span> <span class='ocrx_word' id='word_1_266' title='bbox 3051 2127 3121 2168; x_wconf 90' lang='lat' dir='ltr'><strong>co</strong></span> <span class='ocrx_word' id='word_1_267' title='bbox 3131 2109 3611 2184; x_wconf 69' lang='lat' dir='ltr'><strong>ujugationemeo</strong></span> 
     </span>
    </p>
   </div>
   <div class='ocr_carea' id='block_1_27' title="bbox 231 2200 3615 2278">
    <p class='ocr_par' dir='ltr' id='par_1_27' title="bbox 231 2200 3615 2278">
     <span class='ocr_line' id='line_1_27' title="bbox 231 2200 3615 2278; baseline -0.001 -17"><span class='ocrx_word' id='word_1_268' title='bbox 231 2203 334 2261; x_wconf 88' lang='lat' dir='ltr'><strong>illa</strong></span> <span class='ocrx_word' id='word_1_269' title='bbox 356 2219 492 2278; x_wconf 73' lang='lat' dir='ltr'><strong>quae</strong></span> <span class='ocrx_word' id='word_1_270' title='bbox 515 2202 771 2276; x_wconf 88' lang='lat' dir='ltr'><strong>simplici</strong></span> <span class='ocrx_word' id='word_1_271' title='bbox 795 2202 1136 2276; x_wconf 90' lang='lat' dir='ltr'><strong>respondet.</strong></span> <span class='ocrx_word' id='word_1_272' title='bbox 1161 2205 1310 2260; x_wconf 86' lang='lat' dir='ltr'><strong>Nam</strong></span> <span class='ocrx_word' id='word_1_273' title='bbox 1333 2207 1561 2276; x_wconf 88' lang='lat' dir='ltr'><strong>septem</strong></span> <span class='ocrx_word' id='word_1_274' title='bbox 1584 2201 1713 2259; x_wconf 64' lang='lat' dir='ltr'><strong>aliae</strong></span> <span class='ocrx_word' id='word_1_275' title='bbox 1735 2201 2192 2273; x_wconf 86' lang='lat' dir='ltr'><strong>conjugationes</strong></span> <span class='ocrx_word' id='word_1_276' title='bbox 2244 2203 2446 2276; x_wconf 76' lang='lat' dir='ltr'><strong>quaein</strong></span> <span class='ocrx_word' id='word_1_277' title='bbox 2474 2203 2700 2259; x_wconf 91' lang='lat' dir='ltr'><strong>unitate</strong></span> <span class='ocrx_word' id='word_1_278' title='bbox 2728 2201 2857 2259; x_wconf 90' lang='lat' dir='ltr'><strong>sola</strong></span> <span class='ocrx_word' id='word_1_279' title='bbox 2883 2200 3283 2258; x_wconf 89' lang='lat' dir='ltr'><strong>intensionem</strong></span> <span class='ocrx_word' id='word_1_280' title='bbox 3309 2217 3380 2258; x_wconf 88' lang='lat' dir='ltr'><strong>ac</strong></span> <span class='ocrx_word' id='word_1_281' title='bbox 3403 2200 3585 2258; x_wconf 87' lang='lat' dir='ltr'><strong>remis</strong></span> <span class='ocrx_word' id='word_1_282' title='bbox 3602 2232 3615 2243; x_wconf 83' lang='lat'><strong>-</strong></span> 
     </span>
    </p>
   </div>
   <div class='ocr_carea' id='block_1_28' title="bbox 237 2289 3614 2366">
    <p class='ocr_par' dir='ltr' id='par_1_28' title="bbox 237 2289 3614 2366">
     <span class='ocr_line' id='line_1_28' title="bbox 237 2289 3614 2366; baseline -0.001 -16"><span class='ocrx_word' id='word_1_283' title='bbox 237 2291 469 2350; x_wconf 80' lang='lat' dir='ltr'><strong>sionem</strong></span> <span class='ocrx_word' id='word_1_284' title='bbox 493 2291 1092 2366; x_wconf 90' lang='lat' dir='ltr'><strong>suscipiunt,nullum</strong></span> <span class='ocrx_word' id='word_1_285' title='bbox 1106 2292 1655 2366; x_wconf 88' lang='lat' dir='ltr'><strong>autperobscurum</strong></span> <span class='ocrx_word' id='word_1_286' title='bbox 1678 2290 2272 2364; x_wconf 74' lang='lat' dir='ltr'><strong>habentusum,quze</strong></span> <span class='ocrx_word' id='word_1_287' title='bbox 2313 2295 2515 2348; x_wconf 90' lang='lat' dir='ltr'><strong>tamen</strong></span> <span class='ocrx_word' id='word_1_288' title='bbox 2531 2291 2580 2348; x_wconf 89' lang='lat' dir='ltr'><strong>si</strong></span> <span class='ocrx_word' id='word_1_289' title='bbox 2595 2290 2899 2348; x_wconf 85' lang='lat' dir='ltr'><strong>addantur</strong></span> <span class='ocrx_word' id='word_1_290' title='bbox 2930 2289 3188 2362; x_wconf 88' lang='lat' dir='ltr'><strong>simplici</strong></span> <span class='ocrx_word' id='word_1_291' title='bbox 3208 2305 3279 2346; x_wconf 91' lang='lat' dir='ltr'><strong>ac</strong></span> <span class='ocrx_word' id='word_1_292' title='bbox 3297 2289 3614 2361; x_wconf 58' lang='lat' dir='ltr'><strong>monagins</strong></span> 
     </span>
    </p>
   </div>
   <div class='ocr_carea' id='block_1_29' title="bbox 235 2377 1863 2455">
    <p class='ocr_par' dir='ltr' id='par_1_29' title="bbox 235 2381 1846 2455">
     <span class='ocr_line' id='line_1_29' title="bbox 235 2381 1846 2455; baseline -0.002 -15"><span class='ocrx_word' id='word_1_293' title='bbox 235 2382 401 2453; x_wconf 83' lang='lat' dir='ltr'><strong>ginta</strong></span> <span class='ocrx_word' id='word_1_294' title='bbox 431 2381 699 2453; x_wconf 73' lang='lat' dir='ltr'><strong>duabus,</strong></span> <span class='ocrx_word' id='word_1_295' title='bbox 728 2387 970 2440; x_wconf 87' lang='lat' dir='ltr'><strong>centum</strong></span> <span class='ocrx_word' id='word_1_296' title='bbox 997 2382 1453 2455; x_wconf 86' lang='lat' dir='ltr'><strong>conjugationes</strong></span> <span class='ocrx_word' id='word_1_297' title='bbox 1486 2382 1846 2438; x_wconf 88' lang='lat' dir='ltr'><strong>constituent</strong></span> 
     </span>
    </p>
   </div>
   <div class='ocr_carea' id='block_1_30' title="bbox 1981 2377 3609 2455">
    <p class='ocr_par' dir='ltr' id='par_1_30' title="bbox 2029 2377 3609 2454">
     <span class='ocr_line' id='line_1_30' title="bbox 2029 2377 3609 2454; baseline -0.002 -18"><span class='ocrx_word' id='word_1_298' title='bbox 2029 2380 2251 2454; x_wconf 89' lang='lat' dir='ltr'><strong>quibus</strong></span> <span class='ocrx_word' id='word_1_299' title='bbox 2276 2380 2619 2452; x_wconf 87' lang='lat' dir='ltr'><strong>intelligitur</strong></span> <span class='ocrx_word' id='word_1_300' title='bbox 2643 2381 2796 2438; x_wconf 88' lang='lat' dir='ltr'><strong>ratio</strong></span> <span class='ocrx_word' id='word_1_301' title='bbox 2829 2381 3159 2454; x_wconf 76' lang='grc' dir='ltr'><strong>συμπαθείας</strong></span> <span class='ocrx_word' id='word_1_302' title='bbox 3186 2383 3243 2436; x_wconf 90' lang='lat' dir='ltr'><strong>et</strong></span> <span class='ocrx_word' id='word_1_303' title='bbox 3268 2377 3609 2442; x_wconf 69' lang='grc' dir='ltr'>ἀντιπαθείας</span> 
     </span>
    </p>
   </div>
   <div class='ocr_carea' id='block_1_31' title="bbox 233 2469 3609 2546">
    <p class='ocr_par' dir='ltr' id='par_1_31' title="bbox 233 2469 3609 2546">
     <span class='ocr_line' id='line_1_31' title="bbox 233 2469 3609 2546; baseline -0.001 -16"><span class='ocrx_word' id='word_1_304' title='bbox 233 2471 550 2530; x_wconf 91' lang='lat' dir='ltr'><strong>hominum</strong></span> <span class='ocrx_word' id='word_1_305' title='bbox 571 2470 724 2528; x_wconf 89' lang='lat' dir='ltr'><strong>inter</strong></span> <span class='ocrx_word' id='word_1_306' title='bbox 739 2486 824 2542; x_wconf 88' lang='lat' dir='ltr'><strong>se,</strong></span> <span class='ocrx_word' id='word_1_307' title='bbox 848 2487 984 2544; x_wconf 71' lang='lat' dir='ltr'><strong>qua:</strong></span> <span class='ocrx_word' id='word_1_308' title='bbox 1006 2487 1078 2527; x_wconf 83' lang='lat' dir='ltr'><strong>ex</strong></span> <span class='ocrx_word' id='word_1_309' title='bbox 1091 2472 1308 2528; x_wconf 72' lang='lat' dir='ltr'><strong>animae</strong></span> <span class='ocrx_word' id='word_1_310' title='bbox 1322 2475 1378 2528; x_wconf 90' lang='lat' dir='ltr'><strong>et</strong></span> <span class='ocrx_word' id='word_1_311' title='bbox 1404 2470 1670 2544; x_wconf 88' lang='lat' dir='ltr'><strong>corporis</strong></span> <span class='ocrx_word' id='word_1_312' title='bbox 1695 2469 1958 2542; x_wconf 88' lang='lat' dir='ltr'><strong>organici</strong></span> <span class='ocrx_word' id='word_1_313' title='bbox 1978 2472 2210 2546; x_wconf 82' lang='lat' dir='ltr'><strong>physici</strong></span> <span class='ocrx_word' id='word_1_314' title='bbox 2232 2472 2612 2545; x_wconf 90' lang='lat' dir='ltr'><strong>copulatione</strong></span> <span class='ocrx_word' id='word_1_315' title='bbox 2631 2472 2880 2528; x_wconf 84' lang='lat' dir='ltr'><strong>exsistit.</strong></span> <span class='ocrx_word' id='word_1_316' title='bbox 2904 2475 3092 2529; x_wconf 89' lang='lat' dir='ltr'><strong>Nemo</strong></span> <span class='ocrx_word' id='word_1_317' title='bbox 3129 2485 3270 2529; x_wconf 89' lang='lat' dir='ltr'><strong>vero</strong></span> <span class='ocrx_word' id='word_1_318' title='bbox 3300 2475 3468 2545; x_wconf 92' lang='lat' dir='ltr'><strong>putet</strong></span> <span class='ocrx_word' id='word_1_319' title='bbox 3493 2487 3609 2529; x_wconf 89' lang='lat' dir='ltr'><strong>nos</strong></span> 
     </span>
    </p>
   </div>
   <div class='ocr_carea' id='block_1_32' title="bbox 234 2559 3610 2635">
    <p class='ocr_par' dir='ltr' id='par_1_32' title="bbox 234 2559 3610 2635">
     <span class='ocr_line' id='line_1_32' title="bbox 234 2559 3610 2635; baseline -0.002 -16"><span class='ocrx_word' id='word_1_320' title='bbox 234 2561 491 2620; x_wconf 90' lang='lat' dir='ltr'><strong>tribuere</strong></span> <span class='ocrx_word' id='word_1_321' title='bbox 512 2575 766 2618; x_wconf 89' lang='lat' dir='ltr'><strong>causam</strong></span> <span class='ocrx_word' id='word_1_322' title='bbox 786 2561 983 2618; x_wconf 90' lang='lat' dir='ltr'><strong>omnis</strong></span> <span class='ocrx_word' id='word_1_323' title='bbox 1003 2560 1338 2618; x_wconf 87' lang='lat' dir='ltr'><strong>vitiositatis</strong></span> <span class='ocrx_word' id='word_1_324' title='bbox 1363 2577 1564 2635; x_wconf 60' lang='lat' dir='ltr'><strong>prava</strong></span> <span class='ocrx_word' id='word_1_325' title='bbox 1583 2560 1999 2634; x_wconf 88' lang='lat' dir='ltr'><strong>temperationi</strong></span> <span class='ocrx_word' id='word_1_326' title='bbox 2037 2560 2305 2634; x_wconf 88' lang='lat' dir='ltr'><strong>corporis</strong></span> <span class='ocrx_word' id='word_1_327' title='bbox 2331 2560 2601 2632; x_wconf 85' lang='lat' dir='ltr'><strong>organici</strong></span> <span class='ocrx_word' id='word_1_328' title='bbox 2624 2559 2874 2634; x_wconf 84' lang='lat' dir='ltr'><strong>physici.</strong></span> <span class='ocrx_word' id='word_1_329' title='bbox 2899 2563 3049 2618; x_wconf 90' lang='lat' dir='ltr'><strong>Nam</strong></span> <span class='ocrx_word' id='word_1_330' title='bbox 3078 2560 3389 2633; x_wconf 91' lang='lat' dir='ltr'><strong>quomodo</strong></span> <span class='ocrx_word' id='word_1_331' title='bbox 3418 2562 3477 2614; x_wconf 84' lang='grc' dir='ltr'>τὸ</span> <span class='ocrx_word' id='word_1_332' title='bbox 3503 2567 3610 2634; x_wconf 70' lang='grc' dir='ltr'><strong>φῶς</strong></span> 
     </span>
    </p>
   </div>
   <div class='ocr_carea' id='block_1_33' title="bbox 234 2643 1862 2725">
    <p class='ocr_par' dir='ltr' id='par_1_33' title="bbox 234 2647 1862 2725">
     <span class='ocr_line' id='line_1_33' title="bbox 234 2647 1862 2725; baseline -0.002 -20"><span class='ocrx_word' id='word_1_333' title='bbox 234 2648 285 2705; x_wconf 81' lang='grc' dir='ltr'>ἐν</span> <span class='ocrx_word' id='word_1_334' title='bbox 315 2656 376 2712; x_wconf 80' lang='grc' dir='ltr'>τῆ</span> <span class='ocrx_word' id='word_1_335' title='bbox 423 2653 609 2725; x_wconf 79' lang='grc' dir='ltr'>σκοτίᾳ</span> <span class='ocrx_word' id='word_1_336' title='bbox 648 2654 820 2724; x_wconf 54' lang='lat' dir='ltr'><strong>«pairs;</strong></span> <span class='ocrx_word' id='word_1_337' title='bbox 849 2654 937 2703; x_wconf 79' lang='grc' dir='ltr'><strong>καὶ</strong></span> <span class='ocrx_word' id='word_1_338' title='bbox 960 2650 989 2708; x_wconf 79' lang='grc' dir='ltr'>ἡ</span> <span class='ocrx_word' id='word_1_339' title='bbox 1018 2653 1204 2704; x_wconf 81' lang='grc' dir='ltr'>σκοτία</span> <span class='ocrx_word' id='word_1_340' title='bbox 1230 2649 1356 2704; x_wconf 73' lang='grc' dir='ltr'><strong>αὖτό</strong></span> <span class='ocrx_word' id='word_1_341' title='bbox 1378 2647 1437 2704; x_wconf 69' lang='grc' dir='ltr'>οὐ</span> <span class='ocrx_word' id='word_1_342' title='bbox 1472 2649 1862 2725; x_wconf 72' lang='grc' dir='ltr'><strong>καταλαμϐάκει</strong></span> 
     </span>
    </p>
   </div>
   <div class='ocr_carea' id='block_1_34' title="bbox 1985 2643 3613 2725">
    <p class='ocr_par' dir='ltr' id='par_1_34' title="bbox 1985 2643 3613 2723">
     <span class='ocr_line' id='line_1_34' title="bbox 1985 2643 3613 2723; baseline 0.001 -17"><span class='ocrx_word' id='word_1_343' title='bbox 1985 2666 2068 2708; x_wconf 65' lang='lat' dir='ltr'><strong>inc</strong></span> <span class='ocrx_word' id='word_1_344' title='bbox 2116 2667 2238 2707; x_wconf 90' lang='lat' dir='ltr'><strong>non</strong></span> <span class='ocrx_word' id='word_1_345' title='bbox 2281 2655 2370 2708; x_wconf 91' lang='lat' dir='ltr'><strong>est</strong></span> <span class='ocrx_word' id='word_1_346' title='bbox 2429 2656 2708 2708; x_wconf 87' lang='lat' dir='ltr'><strong>nostrum</strong></span> <span class='ocrx_word' id='word_1_347' title='bbox 2747 2643 3082 2708; x_wconf 89' lang='lat' dir='ltr'><strong>ostendere.</strong></span> <span class='ocrx_word' id='word_1_348' title='bbox 3139 2650 3230 2706; x_wconf 79' lang='lat' dir='ltr'><strong>Ad</strong></span> <span class='ocrx_word' id='word_1_349' title='bbox 3261 2660 3613 2723; x_wconf 84' lang='lat' dir='ltr'><strong>supremam</strong></span> 
     </span>
    </p>
   </div>
   <div class='ocr_carea' id='block_1_35' title="bbox 234 2730 3617 2814">
    <p class='ocr_par' dir='ltr' id='par_1_35' title="bbox 234 2730 3617 2814">
     <span class='ocr_line' id='line_1_35' title="bbox 234 2730 3617 2814; baseline -0.002 -16"><span class='ocrx_word' id='word_1_350' title='bbox 234 2739 396 2798; x_wconf 90' lang='lat' dir='ltr'><strong>enim</strong></span> <span class='ocrx_word' id='word_1_351' title='bbox 411 2738 770 2813; x_wconf 89' lang='lat' dir='ltr'><strong>theologiam</strong></span> <span class='ocrx_word' id='word_1_352' title='bbox 783 2739 1484 2814; x_wconf 72' lang='lat' dir='ltr'><strong>pertinethaectractatio.</strong></span> <span class='ocrx_word' id='word_1_353' title='bbox 1530 2741 1797 2814; x_wconf 90' lang='lat' dir='ltr'><strong>Cumque</strong></span> <span class='ocrx_word' id='word_1_354' title='bbox 1821 2739 1884 2796; x_wconf 93' lang='lat' dir='ltr'><strong>in</strong></span> <span class='ocrx_word' id='word_1_355' title='bbox 1913 2738 2224 2813; x_wconf 90' lang='lat' dir='ltr'><strong>republica</strong></span> <span class='ocrx_word' id='word_1_356' title='bbox 2242 2739 2396 2797; x_wconf 87' lang='lat' dir='ltr'><strong>ﬁnes</strong></span> <span class='ocrx_word' id='word_1_357' title='bbox 2429 2737 2907 2814; x_wconf 82' lang='lat' dir='ltr'><strong>praestantissimi</strong></span> <span class='ocrx_word' id='word_1_358' title='bbox 2938 2740 3055 2796; x_wconf 88' lang='lat' dir='ltr'><strong>sint</strong></span> <span class='ocrx_word' id='word_1_359' title='bbox 3081 2735 3147 2792; x_wconf 82' lang='grc' dir='ltr'><strong>τοῖ</strong></span> <span class='ocrx_word' id='word_1_360' title='bbox 3183 2746 3284 2792; x_wconf 79' lang='grc' dir='ltr'>τῶν</span> <span class='ocrx_word' id='word_1_361' title='bbox 3306 2730 3617 2812; x_wconf 71' lang='grc' dir='ltr'><strong>ἀρχιτεκτόδ</strong></span> 
     </span>
    </p>
   </div>
   <div class='ocr_carea' id='block_1_36' title="bbox 232 2826 1860 2904">
    <p class='ocr_par' dir='ltr' id='par_1_36' title="bbox 232 2826 1860 2904">
     <span class='ocr_line' id='line_1_36' title="bbox 232 2826 1860 2904; baseline 0.001 -20"><span class='ocrx_word' id='word_1_362' title='bbox 232 2837 386 2885; x_wconf 80' lang='grc' dir='ltr'>νικῶν</span> <span class='ocrx_word' id='word_1_363' title='bbox 407 2830 551 2899; x_wconf 75' lang='grc' dir='ltr'>τέλη,</span> <span class='ocrx_word' id='word_1_364' title='bbox 579 2830 817 2904; x_wconf 89' lang='lat' dir='ltr'><strong>sintque</strong></span> <span class='ocrx_word' id='word_1_365' title='bbox 850 2826 1298 2904; x_wconf 71' lang='grc' dir='ltr'>Ἀρχιτεκτονικοὶ</span> <span class='ocrx_word' id='word_1_366' title='bbox 1327 2831 1742 2904; x_wconf 87' lang='lat' dir='ltr'><strong>imperatores,</strong></span> <span class='ocrx_word' id='word_1_367' title='bbox 1772 2845 1860 2902; x_wconf 62' lang='lat' dir='ltr'><strong>reg</strong></span> 
     </span>
    </p>
   </div>
   <div class='ocr_carea' id='block_1_37' title="bbox 1984 2826 3612 2904">
    <p class='ocr_par' dir='ltr' id='par_1_37' title="bbox 2012 2826 3612 2904">
     <span class='ocr_line' id='line_1_37' title="bbox 2012 2826 3612 2904; baseline -0.001 -18"><span class='ocrx_word' id='word_1_368' title='bbox 2012 2829 2314 2904; x_wconf 90' lang='lat' dir='ltr'><strong>principes</strong></span> <span class='ocrx_word' id='word_1_369' title='bbox 2380 2834 2436 2886; x_wconf 91' lang='lat' dir='ltr'><strong>et</strong></span> <span class='ocrx_word' id='word_1_370' title='bbox 2495 2826 2910 2902; x_wconf 87' lang='lat' dir='ltr'><strong>magistratus,</strong></span> <span class='ocrx_word' id='word_1_371' title='bbox 2968 2827 3303 2886; x_wconf 90' lang='lat' dir='ltr'><strong>videndum</strong></span> <span class='ocrx_word' id='word_1_372' title='bbox 3354 2833 3443 2885; x_wconf 88' lang='lat' dir='ltr'><strong>est</strong></span> <span class='ocrx_word' id='word_1_373' title='bbox 3492 2829 3612 2885; x_wconf 63' lang='lat' dir='ltr'><strong>ima</strong></span> 
     </span>
    </p>
   </div>
   <div class='ocr_carea' id='block_1_38' title="bbox 235 2911 1863 2996">
    <p class='ocr_par' dir='ltr' id='par_1_38' title="bbox 235 2918 1863 2996">
     <span class='ocr_line' id='line_1_38' title="bbox 235 2918 1863 2996; baseline -0.001 -18"><span class='ocrx_word' id='word_1_374' title='bbox 235 2921 449 2996; x_wconf 87' lang='lat' dir='ltr'><strong>primis</strong></span> <span class='ocrx_word' id='word_1_375' title='bbox 479 2922 538 2978; x_wconf 91' lang='lat' dir='ltr'><strong>et</strong></span> <span class='ocrx_word' id='word_1_376' title='bbox 563 2919 921 2989; x_wconf 89' lang='lat' dir='ltr'><strong>curandum,</strong></span> <span class='ocrx_word' id='word_1_377' title='bbox 953 2924 1019 2976; x_wconf 91' lang='lat' dir='ltr'><strong>ut</strong></span> <span class='ocrx_word' id='word_1_378' title='bbox 1048 2918 1342 2987; x_wconf 88' lang='lat' dir='ltr'><strong>educatio,</strong></span> <span class='ocrx_word' id='word_1_379' title='bbox 1375 2923 1617 2973; x_wconf 83' lang='grc' dir='ltr'>κοινωνία</span> <span class='ocrx_word' id='word_1_380' title='bbox 1637 2925 1694 2976; x_wconf 90' lang='lat' dir='ltr'><strong>et</strong></span> <span class='ocrx_word' id='word_1_381' title='bbox 1735 2920 1863 2976; x_wconf 75' lang='lat' dir='ltr'><strong>vitae</strong></span> 
     </span>
    </p>
   </div>
   <div class='ocr_carea' id='block_1_39' title="bbox 1984 2911 3612 2996">
    <p class='ocr_par' dir='ltr' id='par_1_39' title="bbox 1984 2911 3612 2996">
     <span class='ocr_line' id='line_1_39' title="bbox 1984 2911 3612 2996; baseline -0.004 -20"><span class='ocrx_word' id='word_1_382' title='bbox 1984 2920 2075 2977; x_wconf 66' lang='grc' dir='ltr'><strong>ιῑὶο</strong></span> <span class='ocrx_word' id='word_1_383' title='bbox 2131 2928 2230 2973; x_wconf 83' lang='grc' dir='ltr'>τῶν</span> <span class='ocrx_word' id='word_1_384' title='bbox 2291 2918 2733 2996; x_wconf 75' lang='grc' dir='ltr'>ἀρχιτεκτονικῶν</span> <span class='ocrx_word' id='word_1_385' title='bbox 2781 2913 3004 2996; x_wconf 77' lang='grc' dir='ltr'>ἀνδρῶν,</span> <span class='ocrx_word' id='word_1_386' title='bbox 3055 2911 3136 2976; x_wconf 80' lang='lat' dir='ltr'><strong>ad</strong></span> <span class='ocrx_word' id='word_1_387' title='bbox 3187 2916 3612 2993; x_wconf 66' lang='grc' dir='ltr'>ἀρχιτεκτονικόν</span> 
     </span>
    </p>
   </div>
   <div class='ocr_carea' id='block_1_40' title="bbox 234 3004 1862 3087">
    <p class='ocr_par' dir='ltr' id='par_1_40' title="bbox 234 3008 1862 3084">
     <span class='ocr_line' id='line_1_40' title="bbox 234 3008 1862 3084; baseline 0.001 -19"><span class='ocrx_word' id='word_1_388' title='bbox 234 3010 376 3074; x_wconf 72' lang='grc' dir='ltr'>τέλος</span> <span class='ocrx_word' id='word_1_389' title='bbox 405 3009 712 3067; x_wconf 79' lang='lat' dir='ltr'><strong>referatur.</strong></span> <span class='ocrx_word' id='word_1_390' title='bbox 748 3008 952 3076; x_wconf 87' lang='lat' dir='ltr'><strong>Qualis</strong></span> <span class='ocrx_word' id='word_1_391' title='bbox 985 3009 1147 3066; x_wconf 90' lang='lat' dir='ltr'><strong>enim</strong></span> <span class='ocrx_word' id='word_1_392' title='bbox 1174 3014 1263 3067; x_wconf 90' lang='lat' dir='ltr'><strong>est</strong></span> <span class='ocrx_word' id='word_1_393' title='bbox 1287 3010 1316 3070; x_wconf 87' lang='grc' dir='ltr'>ἡ</span> <span class='ocrx_word' id='word_1_394' title='bbox 1349 3013 1508 3084; x_wconf 76' lang='grc' dir='ltr'>σοφία</span> <span class='ocrx_word' id='word_1_395' title='bbox 1538 3010 1689 3066; x_wconf 90' lang='lat' dir='ltr'><strong>inter</strong></span> <span class='ocrx_word' id='word_1_396' title='bbox 1709 3025 1862 3067; x_wconf 52' lang='lat' dir='ltr'><strong>omni</strong></span> 
     </span>
    </p>
   </div>
   <div class='ocr_carea' id='block_1_41' title="bbox 1981 3004 3609 3087">
    <p class='ocr_par' dir='ltr' id='par_1_41' title="bbox 1981 3004 3609 3087">
     <span class='ocr_line' id='line_1_41' title="bbox 1981 3004 3609 3087; baseline -0.002 -23"><span class='ocrx_word' id='word_1_397' title='bbox 1981 3007 2257 3081; x_wconf 63' lang='lat' dir='ltr'><strong>ieientias,</strong></span> <span class='ocrx_word' id='word_1_398' title='bbox 2289 3009 2423 3067; x_wconf 88' lang='lat' dir='ltr'><strong>talis</strong></span> <span class='ocrx_word' id='word_1_399' title='bbox 2452 3011 2482 3070; x_wconf 83' lang='grc' dir='ltr'>ἡ</span> <span class='ocrx_word' id='word_1_400' title='bbox 2518 3013 2768 3087; x_wconf 77' lang='grc' dir='ltr'>φρόνησις</span> <span class='ocrx_word' id='word_1_401' title='bbox 2799 3009 2849 3063; x_wconf 80' lang='grc' dir='ltr'>ἐν</span> <span class='ocrx_word' id='word_1_402' title='bbox 2892 3012 3004 3070; x_wconf 80' lang='grc' dir='ltr'>ταῖς</span> <span class='ocrx_word' id='word_1_403' title='bbox 3040 3007 3335 3071; x_wconf 80' lang='grc' dir='ltr'><strong>πολιτικαῖς</strong></span> <span class='ocrx_word' id='word_1_404' title='bbox 3382 3004 3609 3083; x_wconf 74' lang='grc' dir='ltr'><strong>ἀρεταῖς.</strong></span> 
     </span>
    </p>
   </div>
   <div class='ocr_carea' id='block_1_42' title="bbox 238 3094 3612 3174">
    <p class='ocr_par' dir='ltr' id='par_1_42' title="bbox 238 3094 3612 3174">
     <span class='ocr_line' id='line_1_42' title="bbox 238 3094 3612 3174; baseline -0.001 -17"><span class='ocrx_word' id='word_1_405' title='bbox 238 3098 306 3157; x_wconf 86' lang='lat' dir='ltr'><strong>Et</strong></span> <span class='ocrx_word' id='word_1_406' title='bbox 330 3103 396 3157; x_wconf 91' lang='lat' dir='ltr'><strong>ut</strong></span> <span class='ocrx_word' id='word_1_407' title='bbox 411 3094 690 3174; x_wconf 65' lang='lat' dir='ltr'><strong>quaedam</strong></span> <span class='ocrx_word' id='word_1_408' title='bbox 713 3099 974 3156; x_wconf 70' lang='lat' dir='ltr'><strong>scientiae</strong></span> <span class='ocrx_word' id='word_1_409' title='bbox 1000 3104 1244 3172; x_wconf 90' lang='lat' dir='ltr'><strong>propter</strong></span> <span class='ocrx_word' id='word_1_410' title='bbox 1263 3098 1636 3157; x_wconf 88' lang='lat' dir='ltr'><strong>nobilitatem</strong></span> <span class='ocrx_word' id='word_1_411' title='bbox 1654 3103 1710 3156; x_wconf 90' lang='lat' dir='ltr'><strong>et</strong></span> <span class='ocrx_word' id='word_1_412' title='bbox 1736 3099 2182 3157; x_wconf 88' lang='lat' dir='ltr'><strong>accurationem</strong></span> <span class='ocrx_word' id='word_1_413' title='bbox 2199 3100 2396 3171; x_wconf 90' lang='lat' dir='ltr'><strong>magis</strong></span> <span class='ocrx_word' id='word_1_414' title='bbox 2421 3100 2716 3158; x_wconf 91' lang='lat' dir='ltr'><strong>accedunt</strong></span> <span class='ocrx_word' id='word_1_415' title='bbox 2737 3099 2815 3156; x_wconf 90' lang='lat' dir='ltr'><strong>ad</strong></span> <span class='ocrx_word' id='word_1_416' title='bbox 2839 3099 3200 3174; x_wconf 84' lang='lat' dir='ltr'><strong>sapientiam</strong></span> <span class='ocrx_word' id='word_1_417' title='bbox 3228 3095 3344 3166; x_wconf 89' lang='lat' dir='ltr'><strong>;ita</strong></span> <span class='ocrx_word' id='word_1_418' title='bbox 3364 3106 3612 3173; x_wconf 82' lang='lat' dir='ltr'><strong>queque</strong></span> 
     </span>
    </p>
   </div>
   <div class='ocr_carea' id='block_1_43' title="bbox 236 3184 1864 3267">
    <p class='ocr_par' dir='ltr' id='par_1_43' title="bbox 236 3186 1864 3263">
     <span class='ocr_line' id='line_1_43' title="bbox 236 3186 1864 3263; baseline -0.001 -16"><span class='ocrx_word' id='word_1_419' title='bbox 236 3190 397 3248; x_wconf 84' lang='lat' dir='ltr'><strong>artes</strong></span> <span class='ocrx_word' id='word_1_420' title='bbox 420 3189 703 3263; x_wconf 58' lang='lat' dir='ltr'><strong>quaedam</strong></span> <span class='ocrx_word' id='word_1_421' title='bbox 725 3194 781 3246; x_wconf 92' lang='lat' dir='ltr'><strong>et</strong></span> <span class='ocrx_word' id='word_1_422' title='bbox 801 3186 1082 3258; x_wconf 62' lang='lat' dir='ltr'><strong>scientias,</strong></span> <span class='ocrx_word' id='word_1_423' title='bbox 1109 3205 1372 3263; x_wconf 90' lang='lat' dir='ltr'><strong>quarum</strong></span> <span class='ocrx_word' id='word_1_424' title='bbox 1402 3205 1546 3246; x_wconf 90' lang='lat' dir='ltr'><strong>usus</strong></span> <span class='ocrx_word' id='word_1_425' title='bbox 1576 3190 1638 3246; x_wconf 90' lang='lat' dir='ltr'><strong>in</strong></span> <span class='ocrx_word' id='word_1_426' title='bbox 1666 3189 1864 3263; x_wconf 59' lang='lat' dir='ltr'><strong>repubi</strong></span> 
     </span>
    </p>
   </div>
   <div class='ocr_carea' id='block_1_44' title="bbox 1983 3184 3611 3267">
    <p class='ocr_par' dir='ltr' id='par_1_44' title="bbox 2003 3184 3611 3267">
     <span class='ocr_line' id='line_1_44' title="bbox 2003 3184 3611 3267; baseline -0.003 -20"><span class='ocrx_word' id='word_1_427' title='bbox 2003 3185 2281 3264; x_wconf 86' lang='lat' dir='ltr'><strong>cernitur,</strong></span> <span class='ocrx_word' id='word_1_428' title='bbox 2312 3191 2507 3262; x_wconf 90' lang='lat' dir='ltr'><strong>magis</strong></span> <span class='ocrx_word' id='word_1_429' title='bbox 2529 3186 2825 3248; x_wconf 86' lang='lat' dir='ltr'><strong>accedunt</strong></span> <span class='ocrx_word' id='word_1_430' title='bbox 2851 3191 2983 3264; x_wconf 84' lang='grc' dir='ltr'>πρὸς</span> <span class='ocrx_word' id='word_1_431' title='bbox 3003 3193 3097 3250; x_wconf 83' lang='grc' dir='ltr'>τὴν</span> <span class='ocrx_word' id='word_1_432' title='bbox 3155 3184 3611 3267; x_wconf 75' lang='grc' dir='ltr'><strong>ἀρχιτεκτονικὴν,</strong></span> 
     </span>
    </p>
   </div>
   <div class='ocr_carea' id='block_1_45' title="bbox 231 3274 1859 3357">
    <p class='ocr_par' dir='ltr' id='par_1_45' title="bbox 231 3274 1859 3354">
     <span class='ocr_line' id='line_1_45' title="bbox 231 3274 1859 3354; baseline -0.002 -19"><span class='ocrx_word' id='word_1_433' title='bbox 231 3278 444 3353; x_wconf 86' lang='lat' dir='ltr'><strong>quales</strong></span> <span class='ocrx_word' id='word_1_434' title='bbox 466 3283 606 3335; x_wconf 90' lang='lat' dir='ltr'><strong>sunt</strong></span> <span class='ocrx_word' id='word_1_435' title='bbox 633 3275 663 3336; x_wconf 79' lang='grc' dir='ltr'><strong>ἦ</strong></span> <span class='ocrx_word' id='word_1_436' title='bbox 700 3281 1046 3354; x_wconf 73' lang='grc' dir='ltr'>πρατήγική,</span> <span class='ocrx_word' id='word_1_437' title='bbox 1069 3278 1098 3336; x_wconf 84' lang='grc' dir='ltr'>ἡ</span> <span class='ocrx_word' id='word_1_438' title='bbox 1146 3274 1372 3354; x_wconf 75' lang='grc' dir='ltr'><strong>ἰατρική.</strong></span> <span class='ocrx_word' id='word_1_439' title='bbox 1417 3280 1566 3336; x_wconf 86' lang='lat' dir='ltr'><strong>Nam</strong></span> <span class='ocrx_word' id='word_1_440' title='bbox 1597 3319 1615 3350; x_wconf 84' lang='lat'><strong>,</strong></span> <span class='ocrx_word' id='word_1_441' title='bbox 1665 3281 1732 3335; x_wconf 75' lang='lat' dir='ltr'><strong>ut</strong></span> <span class='ocrx_word' id='word_1_442' title='bbox 1783 3278 1859 3336; x_wconf 81' lang='lat' dir='ltr'><strong>ait</strong></span> 
     </span>
    </p>
   </div>
   <div class='ocr_carea' id='block_1_46' title="bbox 1989 3274 3617 3357">
    <p class='ocr_par' dir='ltr' id='par_1_46' title="bbox 1989 3275 3617 3357">
     <span class='ocr_line' id='line_1_46' title="bbox 1989 3275 3617 3357; baseline -0.003 -20"><span class='ocrx_word' id='word_1_443' title='bbox 1989 3284 2127 3338; x_wconf 74' lang='lat' dir='ltr'><strong>ictor</strong></span> <span class='ocrx_word' id='word_1_444' title='bbox 2173 3285 2393 3349; x_wconf 88' lang='lat' dir='ltr'><strong>noster,</strong></span> <span class='ocrx_word' id='word_1_445' title='bbox 2452 3287 2588 3357; x_wconf 81' lang='grc' dir='ltr'><strong>τρεῖς</strong></span> <span class='ocrx_word' id='word_1_446' title='bbox 2639 3280 2904 3334; x_wconf 78' lang='grc' dir='ltr'>κοινωνίαι</span> <span class='ocrx_word' id='word_1_447' title='bbox 2950 3287 3022 3353; x_wconf 80' lang='grc' dir='ltr'>τῷ</span> <span class='ocrx_word' id='word_1_448' title='bbox 3071 3278 3296 3356; x_wconf 78' lang='grc' dir='ltr'>ἄρχοντι</span> <span class='ocrx_word' id='word_1_449' title='bbox 3351 3275 3617 3356; x_wconf 79' lang='grc' dir='ltr'><strong>ἁρμοδιώ-</strong></span> 
     </span>
    </p>
   </div>
   <div class='ocr_carea' id='block_1_47' title="bbox 232 3362 1860 3444">
    <p class='ocr_par' dir='ltr' id='par_1_47' title="bbox 232 3362 1860 3443">
     <span class='ocr_line' id='line_1_47' title="bbox 232 3362 1860 3443; baseline 0 -20"><span class='ocrx_word' id='word_1_450' title='bbox 232 3384 402 3442; x_wconf 75' lang='grc' dir='ltr'>τατοι,</span> <span class='ocrx_word' id='word_1_451' title='bbox 443 3363 744 3442; x_wconf 74' lang='grc' dir='ltr'><strong>φιλοσοφία,</strong></span> <span class='ocrx_word' id='word_1_452' title='bbox 777 3369 1047 3443; x_wconf 74' lang='grc' dir='ltr'><strong>στρατεία,</strong></span> <span class='ocrx_word' id='word_1_453' title='bbox 1119 3367 1350 3442; x_wconf 79' lang='grc' dir='ltr'>ἰατρικὴ,</span> <span class='ocrx_word' id='word_1_454' title='bbox 1419 3366 1548 3440; x_wconf 75' lang='grc' dir='ltr'><strong>μιτά</strong></span> <span class='ocrx_word' id='word_1_455' title='bbox 1605 3377 1707 3422; x_wconf 81' lang='grc' dir='ltr'>τῶν</span> <span class='ocrx_word' id='word_1_456' title='bbox 1767 3362 1860 3424; x_wconf 72' lang='grc' dir='ltr'>ἓδιι</span> 
     </span>
    </p>
   </div>
   <div class='ocr_carea' id='block_1_48' title="bbox 1987 3362 3615 3444">
    <p class='ocr_par' dir='ltr' id='par_1_48' title="bbox 1987 3363 3615 3444">
     <span class='ocr_line' id='line_1_48' title="bbox 1987 3363 3615 3444; baseline 0.006 -20"><span class='ocrx_word' id='word_1_457' title='bbox 1987 3379 2066 3424; x_wconf 78' lang='grc' dir='ltr'><strong>’ῶν</strong></span> <span class='ocrx_word' id='word_1_458' title='bbox 2104 3365 2298 3426; x_wconf 65' lang='lat' dir='ltr'><strong>micam.</strong></span> <span class='ocrx_word' id='word_1_459' title='bbox 2335 3371 2499 3427; x_wconf 85' lang='lat' dir='ltr'><strong>Idem</strong></span> <span class='ocrx_word' id='word_1_460' title='bbox 2551 3370 2734 3444; x_wconf 90' lang='lat' dir='ltr'><strong>paulo</strong></span> <span class='ocrx_word' id='word_1_461' title='bbox 2781 3374 2919 3428; x_wconf 88' lang='lat' dir='ltr'><strong>ante</strong></span> <span class='ocrx_word' id='word_1_462' title='bbox 2939 3369 3171 3428; x_wconf 83' lang='lat' dir='ltr'><strong>dixerat</strong></span> <span class='ocrx_word' id='word_1_463' title='bbox 3205 3387 3219 3428; x_wconf 92' lang='lat'><strong>:</strong></span> <span class='ocrx_word' id='word_1_464' title='bbox 3249 3363 3262 3387; x_wconf 76' lang='grc'><em>⁴</em></span> <span class='ocrx_word' id='word_1_465' title='bbox 3291 3375 3335 3424; x_wconf 95' lang='lat' dir='ltr'><strong>O</strong></span> <span class='ocrx_word' id='word_1_466' title='bbox 3363 3366 3615 3444; x_wconf 78' lang='grc' dir='ltr'><strong>βασιλεὺς</strong></span> 
     </span>
    </p>
   </div>
   <div class='ocr_carea' id='block_1_49' title="bbox 232 3453 3612 3533">
    <p class='ocr_par' dir='ltr' id='par_1_49' title="bbox 232 3453 3612 3533">
     <span class='ocr_line' id='line_1_49' title="bbox 232 3453 3612 3533; baseline 0 -21"><span class='ocrx_word' id='word_1_467' title='bbox 232 3454 292 3513; x_wconf 68' lang='grc' dir='ltr'>οὐ</span> <span class='ocrx_word' id='word_1_468' title='bbox 313 3466 545 3512; x_wconf 77' lang='grc' dir='ltr'>κοινωνεῖ</span> <span class='ocrx_word' id='word_1_469' title='bbox 579 3466 671 3511; x_wconf 81' lang='grc' dir='ltr'>τοῦ</span> <span class='ocrx_word' id='word_1_470' title='bbox 696 3454 954 3527; x_wconf 71' lang='grc' dir='ltr'>λιθοξοου,</span> <span class='ocrx_word' id='word_1_471' title='bbox 989 3455 1094 3511; x_wconf 75' lang='grc' dir='ltr'>ἀλλ’</span> <span class='ocrx_word' id='word_1_472' title='bbox 1136 3453 1478 3533; x_wconf 70' lang='grc' dir='ltr'><strong>ἀποδέχεται,</strong></span> <span class='ocrx_word' id='word_1_473' title='bbox 1513 3454 1647 3512; x_wconf 72' lang='grc' dir='ltr'>ὥστε</span> <span class='ocrx_word' id='word_1_474' title='bbox 1709 3462 1766 3512; x_wconf 82' lang='grc' dir='ltr'>τὸ</span> <span class='ocrx_word' id='word_1_475' title='bbox 1830 3456 2194 3533; x_wconf 78' lang='grc' dir='ltr'><strong>ἀποδέχεσθαι</strong></span> <span class='ocrx_word' id='word_1_476' title='bbox 2268 3465 2402 3522; x_wconf 82' lang='grc' dir='ltr'>τινὸς</span> <span class='ocrx_word' id='word_1_477' title='bbox 2463 3458 2595 3533; x_wconf 81' lang='grc' dir='ltr'>ἐστι,</span> <span class='ocrx_word' id='word_1_478' title='bbox 2647 3466 2737 3514; x_wconf 72' lang='grc' dir='ltr'><strong>καὶ</strong></span> <span class='ocrx_word' id='word_1_479' title='bbox 2811 3454 2904 3513; x_wconf 69' lang='grc' dir='ltr'><strong>οὐκ</strong></span> <span class='ocrx_word' id='word_1_480' title='bbox 2970 3455 3087 3521; x_wconf 75' lang='grc' dir='ltr'>ὅλης</span> <span class='ocrx_word' id='word_1_481' title='bbox 3152 3467 3246 3522; x_wconf 86' lang='grc' dir='ltr'>τῆς</span> <span class='ocrx_word' id='word_1_482' title='bbox 3322 3459 3612 3523; x_wconf 79' lang='grc' dir='ltr'>κοινωνίας·</span> 
     </span>
    </p>
   </div>
   <div class='ocr_carea' id='block_1_50' title="bbox 231 3545 1859 3624">
    <p class='ocr_par' dir='ltr' id='par_1_50' title="bbox 231 3547 1859 3623">
     <span class='ocr_line' id='line_1_50' title="bbox 231 3547 1859 3623; baseline -0.001 -20"><span class='ocrx_word' id='word_1_483' title='bbox 231 3547 361 3604; x_wconf 86' lang='grc' dir='ltr'><strong>ὅπου</strong></span> <span class='ocrx_word' id='word_1_484' title='bbox 399 3567 500 3623; x_wconf 72' lang='grc' dir='ltr'><strong>γαρ</strong></span> <span class='ocrx_word' id='word_1_485' title='bbox 522 3551 582 3601; x_wconf 86' lang='grc' dir='ltr'>τὸ</span> <span class='ocrx_word' id='word_1_486' title='bbox 613 3552 907 3602; x_wconf 80' lang='grc' dir='ltr'>κοινωνικὸν</span> <span class='ocrx_word' id='word_1_487' title='bbox 947 3548 1108 3622; x_wconf 82' lang='grc' dir='ltr'>ὄνομα</span> <span class='ocrx_word' id='word_1_488' title='bbox 1171 3553 1360 3620; x_wconf 80' lang='grc' dir='ltr'>κεῖται,</span> <span class='ocrx_word' id='word_1_489' title='bbox 1423 3557 1522 3602; x_wconf 85' lang='grc' dir='ltr'>τῶν</span> <span class='ocrx_word' id='word_1_490' title='bbox 1577 3554 1859 3604; x_wconf 82' lang='grc' dir='ltr'>κοινὼννου·</span> 
     </span>
    </p>
   </div>
   <div class='ocr_carea' id='block_1_51' title="bbox 1987 3545 3615 3624">
    <p class='ocr_par' dir='ltr' id='par_1_51' title="bbox 2019 3545 3615 3624">
     <span class='ocr_line' id='line_1_51' title="bbox 2019 3545 3615 3624; baseline 0.002 -21"><span class='ocrx_word' id='word_1_491' title='bbox 2019 3547 2288 3609; x_wconf 51' lang='lat' dir='ltr'><strong>animo“:</strong></span> <span class='ocrx_word' id='word_1_492' title='bbox 2329 3554 2649 3624; x_wconf 78' lang='grc' dir='ltr'><strong>συμφωνίαν.</strong></span> <span class='ocrx_word' id='word_1_493' title='bbox 2691 3551 2873 3608; x_wconf 90' lang='lat' dir='ltr'><strong>Porro</strong></span> <span class='ocrx_word' id='word_1_494' title='bbox 2925 3545 3220 3624; x_wconf 89' lang='lat' dir='ltr'><strong>sapientia</strong></span> <span class='ocrx_word' id='word_1_495' title='bbox 3280 3549 3615 3623; x_wconf 62' lang='lat' dir='ltr'><strong>prudentiae</strong></span> 
     </span>
    </p>
   </div>
   <div class='ocr_carea' id='block_1_52' title="bbox 229 3634 3598 3713">
    <p class='ocr_par' dir='ltr' id='par_1_52' title="bbox 229 3634 3598 3713">
     <span class='ocr_line' id='line_1_52' title="bbox 229 3634 3598 3713; baseline -0.002 -16"><span class='ocrx_word' id='word_1_496' title='bbox 229 3641 398 3697; x_wconf 85' lang='lat' dir='ltr'><strong>tanto</strong></span> <span class='ocrx_word' id='word_1_497' title='bbox 425 3643 686 3713; x_wconf 66' lang='lat' dir='ltr'><strong>praestat,</strong></span> <span class='ocrx_word' id='word_1_498' title='bbox 718 3643 947 3712; x_wconf 90' lang='lat' dir='ltr'><strong>quanto</strong></span> <span class='ocrx_word' id='word_1_499' title='bbox 977 3654 1148 3695; x_wconf 90' lang='lat' dir='ltr'><strong>mens</strong></span> <span class='ocrx_word' id='word_1_500' title='bbox 1177 3639 1416 3696; x_wconf 71' lang='lat' dir='ltr'><strong>animae.</strong></span> <span class='ocrx_word' id='word_1_501' title='bbox 1450 3638 1674 3696; x_wconf 89' lang='lat' dir='ltr'><strong>Idcirco</strong></span> <span class='ocrx_word' id='word_1_502' title='bbox 1705 3639 1884 3698; x_wconf 90' lang='lat' dir='ltr'><strong>etiam</strong></span> <span class='ocrx_word' id='word_1_503' title='bbox 1910 3639 2247 3698; x_wconf 82' lang='lat' dir='ltr'><strong>Aristoteles</strong></span> <span class='ocrx_word' id='word_1_504' title='bbox 2278 3645 2443 3697; x_wconf 82' lang='lat' dir='ltr'><strong>sexto</strong></span> <span class='ocrx_word' id='word_1_505' title='bbox 2465 3638 2545 3696; x_wconf 93' lang='lat' dir='ltr'><strong>De</strong></span> <span class='ocrx_word' id='word_1_506' title='bbox 2573 3638 2844 3696; x_wconf 89' lang='lat' dir='ltr'><strong>moribus</strong></span> <span class='ocrx_word' id='word_1_507' title='bbox 2885 3634 3085 3696; x_wconf 84' lang='lat' dir='ltr'><strong>divine</strong></span> <span class='ocrx_word' id='word_1_508' title='bbox 3115 3639 3262 3696; x_wconf 83' lang='lat' dir='ltr'><strong>dixit</strong></span> <span class='ocrx_word' id='word_1_509' title='bbox 3291 3653 3304 3696; x_wconf 90' lang='lat'><strong>:</strong></span> <span class='ocrx_word' id='word_1_510' title='bbox 3337 3637 3476 3693; x_wconf 79' lang='grc' dir='ltr'>Αλλὰ</span> <span class='ocrx_word' id='word_1_511' title='bbox 3493 3642 3598 3712; x_wconf 78' lang='grc' dir='ltr'><strong>μὴν</strong></span> 
     </span>
    </p>
   </div>
   <div class='ocr_carea' id='block_1_53' title="bbox 230 3724 3612 3807">
    <p class='ocr_par' dir='ltr' id='par_1_53' title="bbox 230 3724 3612 3807">
     <span class='ocr_line' id='line_1_53' title="bbox 230 3724 3612 3807; baseline -0.001 -24"><span class='ocrx_word' id='word_1_512' title='bbox 230 3724 357 3783; x_wconf 69' lang='grc' dir='ltr'><strong>οὐδὲ</strong></span> <span class='ocrx_word' id='word_1_513' title='bbox 387 3733 546 3803; x_wconf 80' lang='grc' dir='ltr'>κυρία</span> <span class='ocrx_word' id='word_1_514' title='bbox 575 3732 632 3801; x_wconf 73' lang='grc' dir='ltr'><strong>γέ</strong></span> <span class='ocrx_word' id='word_1_515' title='bbox 652 3728 761 3782; x_wconf 77' lang='grc' dir='ltr'>ἐστι</span> <span class='ocrx_word' id='word_1_516' title='bbox 789 3738 886 3791; x_wconf 86' lang='grc' dir='ltr'>τῆς</span> <span class='ocrx_word' id='word_1_517' title='bbox 919 3733 1102 3802; x_wconf 73' lang='grc' dir='ltr'>σοφίας</span> <span class='ocrx_word' id='word_1_518' title='bbox 1121 3726 1246 3782; x_wconf 64' lang='grc' dir='ltr'><strong>οὐδὶ</strong></span> <span class='ocrx_word' id='word_1_519' title='bbox 1299 3736 1392 3782; x_wconf 81' lang='grc' dir='ltr'>τοῦ</span> <span class='ocrx_word' id='word_1_520' title='bbox 1433 3727 1691 3803; x_wconf 79' lang='grc' dir='ltr'>βελτίονος</span> <span class='ocrx_word' id='word_1_521' title='bbox 1747 3736 1934 3807; x_wconf 79' lang='grc' dir='ltr'>μορίου</span> <span class='ocrx_word' id='word_1_522' title='bbox 1977 3727 2189 3804; x_wconf 77' lang='grc' dir='ltr'><strong>,ὥσπερ</strong></span> <span class='ocrx_word' id='word_1_523' title='bbox 2247 3725 2372 3783; x_wconf 65' lang='grc' dir='ltr'><strong>οὐδὲ</strong></span> <span class='ocrx_word' id='word_1_524' title='bbox 2431 3736 2528 3791; x_wconf 83' lang='grc' dir='ltr'>τῆς</span> <span class='ocrx_word' id='word_1_525' title='bbox 2583 3731 2759 3802; x_wconf 76' lang='grc' dir='ltr'><strong>ὑγείας</strong></span> <span class='ocrx_word' id='word_1_526' title='bbox 2824 3728 3055 3805; x_wconf 44' lang='grc' dir='ltr'><strong>ἰατρικὴ</strong></span> <span class='ocrx_word' id='word_1_527' title='bbox 3124 3727 3183 3783; x_wconf 77' lang='grc' dir='ltr'>οὐ</span> <span class='ocrx_word' id='word_1_528' title='bbox 3246 3747 3347 3803; x_wconf 70' lang='grc' dir='ltr'><strong>γαρ</strong></span> <span class='ocrx_word' id='word_1_529' title='bbox 3406 3737 3612 3804; x_wconf 81' lang='grc' dir='ltr'>χρῆται</span> 
     </span>
    </p>
   </div>
   <div class='ocr_carea' id='block_1_54' title="bbox 232 3817 1860 3892">
    <p class='ocr_par' dir='ltr' id='par_1_54' title="bbox 232 3817 1860 3892">
     <span class='ocr_line' id='line_1_54' title="bbox 232 3817 1860 3892; baseline 0.002 -19"><span class='ocrx_word' id='word_1_530' title='bbox 232 3817 392 3883; x_wconf 77' lang='grc' dir='ltr'>αὐτῆ,</span> <span class='ocrx_word' id='word_1_531' title='bbox 425 3817 534 3871; x_wconf 81' lang='grc' dir='ltr'>ἀλλ’</span> <span class='ocrx_word' id='word_1_532' title='bbox 560 3819 656 3892; x_wconf 77' lang='grc' dir='ltr'><strong>ὁρᾷ</strong></span> <span class='ocrx_word' id='word_1_533' title='bbox 684 3819 818 3881; x_wconf 85' lang='grc' dir='ltr'><strong>ὅπως</strong></span> <span class='ocrx_word' id='word_1_534' title='bbox 845 3822 1082 3891; x_wconf 69' lang='grc' dir='ltr'><strong>γένηται.</strong></span> <span class='ocrx_word' id='word_1_535' title='bbox 1114 3818 1335 3875; x_wconf 90' lang='lat' dir='ltr'><strong>Deinde</strong></span> <span class='ocrx_word' id='word_1_536' title='bbox 1365 3819 1860 3891; x_wconf 82' lang='lat' dir='ltr'><strong>subjicitverissiu</strong></span> 
     </span>
    </p>
   </div>
   <div class='ocr_carea' id='block_1_55' title="bbox 1983 3817 3611 3892">
    <p class='ocr_par' dir='ltr' id='par_1_55' title="bbox 1983 3818 3611 3892">
     <span class='ocr_line' id='line_1_55' title="bbox 1983 3818 3611 3892; baseline -0.002 -17"><span class='ocrx_word' id='word_1_537' title='bbox 1983 3835 1998 3876; x_wconf 89' lang='grc' dir='ltr'><strong>ι</strong></span> <span class='ocrx_word' id='word_1_538' title='bbox 2029 3819 2384 3876; x_wconf 89' lang='lat' dir='ltr'><strong>sententiam</strong></span> <span class='ocrx_word' id='word_1_539' title='bbox 2419 3832 2430 3875; x_wconf 86' lang='lat'><strong>:</strong></span> <span class='ocrx_word' id='word_1_540' title='bbox 2461 3818 2690 3881; x_wconf 76' lang='grc' dir='ltr'><strong>Ἐκείνης</strong></span> <span class='ocrx_word' id='word_1_541' title='bbox 2714 3818 2801 3872; x_wconf 75' lang='grc' dir='ltr'>οὖν</span> <span class='ocrx_word' id='word_1_542' title='bbox 2832 3819 2973 3873; x_wconf 61' lang='lat' dir='ltr'><strong>huc:</strong></span> <span class='ocrx_word' id='word_1_543' title='bbox 2995 3822 3238 3892; x_wconf 87' lang='lat' dir='ltr'><strong>(nempe</strong></span> <span class='ocrx_word' id='word_1_544' title='bbox 3281 3825 3377 3880; x_wconf 86' lang='grc' dir='ltr'>τῆς</span> <span class='ocrx_word' id='word_1_545' title='bbox 3401 3819 3611 3892; x_wconf 76' lang='grc' dir='ltr'>σοφὶας)</span> 
     </span>
    </p>
   </div>
   <div class='ocr_carea' id='block_1_56' title="bbox 235 3907 1863 3983">
    <p class='ocr_par' dir='ltr' id='par_1_56' title="bbox 235 3907 1863 3981">
     <span class='ocr_line' id='line_1_56' title="bbox 235 3907 1863 3981; baseline 0.003 -19"><span class='ocrx_word' id='word_1_546' title='bbox 235 3907 494 3963; x_wconf 73' lang='grc' dir='ltr'>ἐπιτάττει</span> <span class='ocrx_word' id='word_1_547' title='bbox 522 3949 541 3981; x_wconf 83' lang='grc'><strong>,</strong></span> <span class='ocrx_word' id='word_1_548' title='bbox 575 3907 682 3961; x_wconf 79' lang='grc' dir='ltr'><strong>ἀλλ’</strong></span> <span class='ocrx_word' id='word_1_549' title='bbox 706 3908 800 3960; x_wconf 75' lang='grc' dir='ltr'><strong>οὐκ</strong></span> <span class='ocrx_word' id='word_1_550' title='bbox 824 3907 1009 3968; x_wconf 74' lang='grc' dir='ltr'><strong>ἐκείνη.</strong></span> <span class='ocrx_word' id='word_1_551' title='bbox 1035 3908 1344 3966; x_wconf 88' lang='lat' dir='ltr'><strong>Postremo</strong></span> <span class='ocrx_word' id='word_1_552' title='bbox 1369 3908 1712 3968; x_wconf 89' lang='lat' dir='ltr'><strong>acutissime</strong></span> <span class='ocrx_word' id='word_1_553' title='bbox 1740 3909 1863 3967; x_wconf 90' lang='lat' dir='ltr'><strong>ludi</strong></span> 
     </span>
    </p>
   </div>
   <div class='ocr_carea' id='block_1_57' title="bbox 1990 3907 3618 3983">
    <p class='ocr_par' dir='ltr' id='par_1_57' title="bbox 1990 3907 3618 3983">
     <span class='ocr_line' id='line_1_57' title="bbox 1990 3907 3618 3983; baseline 0 -18"><span class='ocrx_word' id='word_1_554' title='bbox 1990 3914 2083 3965; x_wconf 92' lang='lat' dir='ltr'><strong>tur</strong></span> <span class='ocrx_word' id='word_1_555' title='bbox 2108 3909 2266 3981; x_wconf 90' lang='lat' dir='ltr'><strong>illos,</strong></span> <span class='ocrx_word' id='word_1_556' title='bbox 2300 3908 2351 3965; x_wconf 89' lang='lat' dir='ltr'><strong>si</strong></span> <span class='ocrx_word' id='word_1_557' title='bbox 2390 3908 2496 3982; x_wconf 92' lang='lat' dir='ltr'><strong>qui</strong></span> <span class='ocrx_word' id='word_1_558' title='bbox 2521 3908 2671 3966; x_wconf 86' lang='lat' dir='ltr'><strong>forte</strong></span> <span class='ocrx_word' id='word_1_559' title='bbox 2700 3908 3099 3983; x_wconf 89' lang='lat' dir='ltr'><strong>reperiantur,</strong></span> <span class='ocrx_word' id='word_1_560' title='bbox 3126 3907 3233 3982; x_wconf 91' lang='lat' dir='ltr'><strong>qui</strong></span> <span class='ocrx_word' id='word_1_561' title='bbox 3300 3907 3618 3965; x_wconf 90' lang='lat' dir='ltr'><strong>temerario</strong></span> 
     </span>
    </p>
   </div>
   <div class='ocr_carea' id='block_1_58' title="bbox 235 3993 1863 4074">
    <p class='ocr_par' dir='ltr' id='par_1_58' title="bbox 235 3995 1829 4071">
     <span class='ocr_line' id='line_1_58' title="bbox 235 3995 1829 4071; baseline 0.001 -18"><span class='ocrx_word' id='word_1_562' title='bbox 235 3995 465 4069; x_wconf 86' lang='lat' dir='ltr'><strong>judicio</strong></span> <span class='ocrx_word' id='word_1_563' title='bbox 493 3997 876 4071; x_wconf 87' lang='lat' dir='ltr'><strong>prudentiam</strong></span> <span class='ocrx_word' id='word_1_564' title='bbox 902 3997 1206 4071; x_wconf 60' lang='lat' dir='ltr'><strong>sapientiae</strong></span> <span class='ocrx_word' id='word_1_565' title='bbox 1245 3997 1510 4055; x_wconf 87' lang='lat' dir='ltr'><strong>audeant</strong></span> <span class='ocrx_word' id='word_1_566' title='bbox 1538 3997 1829 4056; x_wconf 83' lang='lat' dir='ltr'><strong>anteferre</strong></span> 
     </span>
    </p>
   </div>
   <div class='ocr_carea' id='block_1_59' title="bbox 1990 3993 3618 4074">
    <p class='ocr_par' dir='ltr' id='par_1_59' title="bbox 1990 3997 3618 4074">
     <span class='ocr_line' id='line_1_59' title="bbox 1990 3997 3618 4074; baseline -0.001 -23"><span class='ocrx_word' id='word_1_567' title='bbox 1990 4018 2038 4052; x_wconf 84' lang='grc' dir='ltr'><strong>τι</strong></span> <span class='ocrx_word' id='word_1_568' title='bbox 2067 3999 2262 4072; x_wconf 80' lang='grc' dir='ltr'>ὅμοιον,</span> <span class='ocrx_word' id='word_1_569' title='bbox 2285 3997 2501 4072; x_wconf 83' lang='lat' dir='ltr'><strong>inquit,</strong></span> <span class='ocrx_word' id='word_1_570' title='bbox 2541 3997 2637 4051; x_wconf 75' lang='grc' dir='ltr'>κᾶν</span> <span class='ocrx_word' id='word_1_571' title='bbox 2663 4001 2788 4062; x_wconf 78' lang='grc' dir='ltr'>εἴτις</span> <span class='ocrx_word' id='word_1_572' title='bbox 2827 4003 2921 4059; x_wconf 71' lang='grc' dir='ltr'>τὴν</span> <span class='ocrx_word' id='word_1_573' title='bbox 2950 3998 3220 4058; x_wconf 78' lang='grc' dir='ltr'>πολιτικὴν</span> <span class='ocrx_word' id='word_1_574' title='bbox 3264 4002 3389 4074; x_wconf 74' lang='grc' dir='ltr'><strong>φαίη</strong></span> <span class='ocrx_word' id='word_1_575' title='bbox 3430 3999 3618 4074; x_wconf 76' lang='grc' dir='ltr'>ἄρχειν</span> 
     </span>
    </p>
   </div>
   <div class='ocr_carea' id='block_1_60' title="bbox 238 4086 1866 4163">
    <p class='ocr_par' dir='ltr' id='par_1_60' title="bbox 238 4086 1819 4161">
     <span class='ocr_line' id='line_1_60' title="bbox 238 4086 1819 4161; baseline 0.003 -22"><span class='ocrx_word' id='word_1_576' title='bbox 238 4093 341 4139; x_wconf 81' lang='grc' dir='ltr'>τῶν</span> <span class='ocrx_word' id='word_1_577' title='bbox 373 4087 518 4156; x_wconf 75' lang='grc' dir='ltr'>θεῶν,</span> <span class='ocrx_word' id='word_1_578' title='bbox 545 4087 625 4141; x_wconf 80' lang='grc' dir='ltr'>ὅτι</span> <span class='ocrx_word' id='word_1_579' title='bbox 647 4086 914 4140; x_wconf 72' lang='grc' dir='ltr'>ἐπιτάττει</span> <span class='ocrx_word' id='word_1_580' title='bbox 936 4092 1054 4161; x_wconf 76' lang='grc' dir='ltr'><strong>περὶ</strong></span> <span class='ocrx_word' id='word_1_581' title='bbox 1073 4089 1242 4140; x_wconf 78' lang='grc' dir='ltr'>πάντα</span> <span class='ocrx_word' id='word_1_582' title='bbox 1264 4088 1330 4140; x_wconf 77' lang='grc' dir='ltr'>τὰ</span> <span class='ocrx_word' id='word_1_583' title='bbox 1357 4086 1406 4140; x_wconf 71' lang='grc' dir='ltr'>ἓν</span> <span class='ocrx_word' id='word_1_584' title='bbox 1427 4094 1489 4147; x_wconf 83' lang='grc' dir='ltr'>τῆ</span> <span class='ocrx_word' id='word_1_585' title='bbox 1523 4087 1686 4144; x_wconf 82' lang='grc' dir='ltr'><strong>πόλει.</strong></span> <span class='ocrx_word' id='word_1_586' title='bbox 1739 4089 1819 4145; x_wconf 82' lang='lat' dir='ltr'><strong>Ex</strong></span> 
     </span>
    </p>
   </div>
   <div class='ocr_carea' id='block_1_61' title="bbox 1992 4086 3620 4163">
    <p class='ocr_par' dir='ltr' id='par_1_61' title="bbox 1992 4088 3620 4163">
     <span class='ocr_line' id='line_1_61' title="bbox 1992 4088 3620 4163; baseline -0.001 -17"><span class='ocrx_word' id='word_1_587' title='bbox 1992 4091 2094 4146; x_wconf 73' lang='lat' dir='ltr'><strong>bus</strong></span> <span class='ocrx_word' id='word_1_588' title='bbox 2163 4088 2508 4160; x_wconf 88' lang='lat' dir='ltr'><strong>intelligitur</strong></span> <span class='ocrx_word' id='word_1_589' title='bbox 2558 4089 2920 4163; x_wconf 89' lang='lat' dir='ltr'><strong>sapientiam</strong></span> <span class='ocrx_word' id='word_1_590' title='bbox 2977 4107 3112 4147; x_wconf 89' lang='lat' dir='ltr'><strong>esse</strong></span> <span class='ocrx_word' id='word_1_591' title='bbox 3150 4089 3425 4160; x_wconf 86' lang='lat' dir='ltr'><strong>reginam</strong></span> <span class='ocrx_word' id='word_1_592' title='bbox 3490 4104 3620 4146; x_wconf 77' lang='lat' dir='ltr'><strong>om-</strong></span> 
     </span>
    </p>
   </div>
   <div class='ocr_carea' id='block_1_62' title="bbox 236 4175 3618 4253">
    <p class='ocr_par' dir='ltr' id='par_1_62' title="bbox 236 4175 3618 4253">
     <span class='ocr_line' id='line_1_62' title="bbox 236 4175 3618 4253; baseline 0 -19"><span class='ocrx_word' id='word_1_593' title='bbox 236 4176 410 4234; x_wconf 89' lang='lat' dir='ltr'><strong>nium</strong></span> <span class='ocrx_word' id='word_1_594' title='bbox 437 4175 846 4246; x_wconf 88' lang='lat' dir='ltr'><strong>scientiarum,</strong></span> <span class='ocrx_word' id='word_1_595' title='bbox 878 4177 1273 4250; x_wconf 88' lang='lat' dir='ltr'><strong>omniumque</strong></span> <span class='ocrx_word' id='word_1_596' title='bbox 1298 4177 1539 4248; x_wconf 89' lang='lat' dir='ltr'><strong>artium,</strong></span> <span class='ocrx_word' id='word_1_597' title='bbox 1567 4177 1898 4250; x_wconf 75' lang='lat' dir='ltr'><strong>praesertim</strong></span> <span class='ocrx_word' id='word_1_598' title='bbox 1927 4194 2069 4236; x_wconf 90' lang='lat' dir='ltr'><strong>cum</strong></span> <span class='ocrx_word' id='word_1_599' title='bbox 2093 4179 2416 4253; x_wconf 88' lang='lat' dir='ltr'><strong>prudentia</strong></span> <span class='ocrx_word' id='word_1_600' title='bbox 2436 4179 2570 4253; x_wconf 89' lang='lat' dir='ltr'><strong>ipsa</strong></span> <span class='ocrx_word' id='word_1_601' title='bbox 2589 4179 2745 4236; x_wconf 88' lang='lat' dir='ltr'><strong>illius</strong></span> <span class='ocrx_word' id='word_1_602' title='bbox 2773 4196 2961 4238; x_wconf 86' lang='lat' dir='ltr'><strong>causa</strong></span> <span class='ocrx_word' id='word_1_603' title='bbox 2984 4180 3192 4238; x_wconf 89' lang='lat' dir='ltr'><strong>omnia</strong></span> <span class='ocrx_word' id='word_1_604' title='bbox 3223 4179 3618 4236; x_wconf 86' lang='lat' dir='ltr'><strong>administret.</strong></span> 
     </span>
    </p>
   </div>
   <div class='ocr_carea' id='block_1_63' title="bbox 238 4262 1866 4346">
    <p class='ocr_par' dir='ltr' id='par_1_63' title="bbox 238 4262 1866 4343">
     <span class='ocr_line' id='line_1_63' title="bbox 238 4262 1866 4343; baseline 0 -23"><span class='ocrx_word' id='word_1_605' title='bbox 238 4265 466 4322; x_wconf 82' lang='lat' dir='ltr'><strong>Idcirco</strong></span> <span class='ocrx_word' id='word_1_606' title='bbox 495 4264 732 4323; x_wconf 86' lang='lat' dir='ltr'><strong>dicebat</strong></span> <span class='ocrx_word' id='word_1_607' title='bbox 767 4265 1128 4336; x_wconf 86' lang='lat' dir='ltr'><strong>Aristoteles,</strong></span> <span class='ocrx_word' id='word_1_608' title='bbox 1150 4265 1210 4320; x_wconf 85' lang='grc' dir='ltr'>Εἰ</span> <span class='ocrx_word' id='word_1_609' title='bbox 1259 4262 1326 4326; x_wconf 75' lang='grc' dir='ltr'><strong>δὴ</strong></span> <span class='ocrx_word' id='word_1_610' title='bbox 1381 4265 1514 4320; x_wconf 74' lang='grc' dir='ltr'>θεῖον</span> <span class='ocrx_word' id='word_1_611' title='bbox 1542 4267 1568 4318; x_wconf 87' lang='grc' dir='ltr'><strong><em>ὁ</em></strong></span> <span class='ocrx_word' id='word_1_612' title='bbox 1587 4273 1727 4330; x_wconf 83' lang='grc' dir='ltr'><strong>Νοῦς</strong></span> <span class='ocrx_word' id='word_1_613' title='bbox 1770 4271 1866 4343; x_wconf 81' lang='grc' dir='ltr'><strong>πρὸ</strong></span> 
     </span>
    </p>
   </div>
   <div class='ocr_carea' id='block_1_64' title="bbox 1992 4262 3620 4346">
    <p class='ocr_par' dir='ltr' id='par_1_64' title="bbox 1992 4267 3620 4346">
     <span class='ocr_line' id='line_1_64' title="bbox 1992 4267 3620 4346; baseline -0.001 -24"><span class='ocrx_word' id='word_1_614' title='bbox 1992 4271 2039 4322; x_wconf 74' lang='grc' dir='ltr'>ὸν</span> <span class='ocrx_word' id='word_1_615' title='bbox 2092 4270 2381 4346; x_wconf 80' lang='grc' dir='ltr'>ἄνθρωπον,</span> <span class='ocrx_word' id='word_1_616' title='bbox 2446 4273 2538 4322; x_wconf 77' lang='grc' dir='ltr'><strong>καὶ</strong></span> <span class='ocrx_word' id='word_1_617' title='bbox 2599 4270 2781 4323; x_wconf 77' lang='grc' dir='ltr'><strong>ὀκατά</strong></span> <span class='ocrx_word' id='word_1_618' title='bbox 2842 4273 2928 4323; x_wconf 82' lang='grc' dir='ltr'>τὸν</span> <span class='ocrx_word' id='word_1_619' title='bbox 2993 4277 3130 4324; x_wconf 75' lang='grc' dir='ltr'>Νοῦν</span> <span class='ocrx_word' id='word_1_620' title='bbox 3194 4267 3309 4343; x_wconf 82' lang='grc' dir='ltr'>βίος</span> <span class='ocrx_word' id='word_1_621' title='bbox 3355 4271 3480 4346; x_wconf 84' lang='grc' dir='ltr'>πρὸς</span> <span class='ocrx_word' id='word_1_622' title='bbox 3532 4272 3620 4322; x_wconf 74' lang='grc' dir='ltr'>τὸν</span> 
     </span>
    </p>
   </div>
   <div class='ocr_carea' id='block_1_65' title="bbox 240 4352 1868 4433">
    <p class='ocr_par' dir='ltr' id='par_1_65' title="bbox 240 4352 1868 4433">
     <span class='ocr_line' id='line_1_65' title="bbox 240 4352 1868 4433; baseline 0.004 -25"><span class='ocrx_word' id='word_1_623' title='bbox 240 4352 561 4430; x_wconf 75' lang='grc' dir='ltr'>ἀνθρωπινον</span> <span class='ocrx_word' id='word_1_624' title='bbox 594 4356 746 4418; x_wconf 73' lang='grc' dir='ltr'>θεῖος.</span> <span class='ocrx_word' id='word_1_625' title='bbox 770 4359 986 4412; x_wconf 83' lang='lat' dir='ltr'><strong>Verum</strong></span> <span class='ocrx_word' id='word_1_626' title='bbox 1017 4361 1219 4413; x_wconf 90' lang='lat' dir='ltr'><strong>tamen</strong></span> <span class='ocrx_word' id='word_1_627' title='bbox 1243 4356 1388 4413; x_wconf 91' lang='lat' dir='ltr'><strong>illud</strong></span> <span class='ocrx_word' id='word_1_628' title='bbox 1419 4362 1655 4414; x_wconf 88' lang='lat' dir='ltr'><strong>constat</strong></span> <span class='ocrx_word' id='word_1_629' title='bbox 1702 4358 1868 4433; x_wconf 90' lang='lat' dir='ltr'><strong>quod</strong></span> 
     </span>
    </p>
   </div>
   <div class='ocr_carea' id='block_1_66' title="bbox 1991 4352 3619 4433">
    <p class='ocr_par' dir='ltr' id='par_1_66' title="bbox 1991 4357 3619 4427">
     <span class='ocr_line' id='line_1_66' title="bbox 1991 4357 3619 4427; baseline 0 -13"><span class='ocrx_word' id='word_1_630' title='bbox 1991 4358 2279 4416; x_wconf 76' lang='lat' dir='ltr'><strong>:tissimus</strong></span> <span class='ocrx_word' id='word_1_631' title='bbox 2310 4361 2378 4416; x_wconf 79' lang='grc' dir='ltr'><strong>Μ.</strong></span> <span class='ocrx_word' id='word_1_632' title='bbox 2402 4357 2623 4415; x_wconf 87' lang='lat' dir='ltr'><strong>Tullius</strong></span> <span class='ocrx_word' id='word_1_633' title='bbox 2640 4357 2790 4415; x_wconf 85' lang='lat' dir='ltr'><strong>dixit</strong></span> <span class='ocrx_word' id='word_1_634' title='bbox 2824 4379 2837 4414; x_wconf 87' lang='lat'><strong>:</strong></span> <span class='ocrx_word' id='word_1_635' title='bbox 2871 4361 3092 4416; x_wconf 90' lang='lat' dir='ltr'><strong>Omnes</strong></span> <span class='ocrx_word' id='word_1_636' title='bbox 3135 4364 3314 4427; x_wconf 86' lang='lat' dir='ltr'><strong>artes,</strong></span> <span class='ocrx_word' id='word_1_637' title='bbox 3374 4373 3619 4414; x_wconf 83' lang='lat' dir='ltr'><strong>omnes-</strong></span> 
     </span>
    </p>
   </div>
   <div class='ocr_carea' id='block_1_67' title="bbox 239 4445 3622 4523">
    <p class='ocr_par' dir='ltr' id='par_1_67' title="bbox 239 4445 3622 4523">
     <span class='ocr_line' id='line_1_67' title="bbox 239 4445 3622 4523; baseline 0.001 -21"><span class='ocrx_word' id='word_1_638' title='bbox 239 4462 362 4520; x_wconf 89' lang='lat' dir='ltr'><strong>que</strong></span> <span class='ocrx_word' id='word_1_639' title='bbox 382 4445 681 4515; x_wconf 89' lang='lat' dir='ltr'><strong>scientias,</strong></span> <span class='ocrx_word' id='word_1_640' title='bbox 713 4446 1024 4503; x_wconf 90' lang='lat' dir='ltr'><strong>communi</strong></span> <span class='ocrx_word' id='word_1_641' title='bbox 1043 4447 1313 4520; x_wconf 91' lang='lat' dir='ltr'><strong>quodam</strong></span> <span class='ocrx_word' id='word_1_642' title='bbox 1344 4447 1893 4506; x_wconf 84' lang='lat' dir='ltr'><strong>societatisvinculo</strong></span> <span class='ocrx_word' id='word_1_643' title='bbox 1906 4448 2220 4506; x_wconf 88' lang='lat' dir='ltr'><strong>contineri.</strong></span> <span class='ocrx_word' id='word_1_644' title='bbox 2247 4450 2327 4504; x_wconf 79' lang='lat' dir='ltr'><strong>Ex</strong></span> <span class='ocrx_word' id='word_1_645' title='bbox 2344 4463 2468 4521; x_wconf 89' lang='lat' dir='ltr'><strong>quo</strong></span> <span class='ocrx_word' id='word_1_646' title='bbox 2499 4448 2724 4505; x_wconf 86' lang='lat' dir='ltr'><strong>exsistit</strong></span> <span class='ocrx_word' id='word_1_647' title='bbox 2739 4454 3005 4510; x_wconf 79' lang='grc' dir='ltr'>κοινωνίας</span> <span class='ocrx_word' id='word_1_648' title='bbox 3020 4448 3359 4523; x_wconf 86' lang='lat' dir='ltr'><strong>sapientum</strong></span> <span class='ocrx_word' id='word_1_649' title='bbox 3384 4448 3538 4506; x_wconf 86' lang='lat' dir='ltr'><strong>inter</strong></span> <span class='ocrx_word' id='word_1_650' title='bbox 3559 4459 3622 4505; x_wconf 77' lang='lat' dir='ltr'><strong>se</strong></span> 
     </span>
    </p>
   </div>
   <div class='ocr_carea' id='block_1_68' title="bbox 236 4532 3617 4612">
    <p class='ocr_par' dir='ltr' id='par_1_68' title="bbox 236 4532 3617 4612">
     <span class='ocr_line' id='line_1_68' title="bbox 236 4532 3617 4612; baseline 0.001 -21"><span class='ocrx_word' id='word_1_651' title='bbox 236 4534 506 4609; x_wconf 89' lang='lat' dir='ltr'><strong>itemque</strong></span> <span class='ocrx_word' id='word_1_652' title='bbox 535 4533 914 4609; x_wconf 75' lang='grc' dir='ltr'>ἐπιστημόνων,</span> <span class='ocrx_word' id='word_1_653' title='bbox 945 4534 1205 4610; x_wconf 90' lang='lat' dir='ltr'><strong>denique</strong></span> <span class='ocrx_word' id='word_1_654' title='bbox 1235 4536 1552 4607; x_wconf 84' lang='lat' dir='ltr'><strong>artiﬁcum,</strong></span> <span class='ocrx_word' id='word_1_655' title='bbox 1592 4537 1929 4595; x_wconf 89' lang='lat' dir='ltr'><strong>secundum</strong></span> <span class='ocrx_word' id='word_1_656' title='bbox 1959 4537 2106 4594; x_wconf 90' lang='lat' dir='ltr'><strong>illud</strong></span> <span class='ocrx_word' id='word_1_657' title='bbox 2140 4537 2307 4611; x_wconf 90' lang='lat' dir='ltr'><strong>quod</strong></span> <span class='ocrx_word' id='word_1_658' title='bbox 2337 4543 2430 4596; x_wconf 86' lang='lat' dir='ltr'><strong>est</strong></span> <span class='ocrx_word' id='word_1_659' title='bbox 2458 4539 2652 4609; x_wconf 89' lang='lat' dir='ltr'><strong>magis</strong></span> <span class='ocrx_word' id='word_1_660' title='bbox 2685 4543 2742 4595; x_wconf 91' lang='lat' dir='ltr'><strong>et</strong></span> <span class='ocrx_word' id='word_1_661' title='bbox 2772 4537 3020 4596; x_wconf 89' lang='lat' dir='ltr'><strong>minius.</strong></span> <span class='ocrx_word' id='word_1_662' title='bbox 3070 4541 3222 4596; x_wconf 88' lang='lat' dir='ltr'><strong>Nam</strong></span> <span class='ocrx_word' id='word_1_663' title='bbox 3267 4532 3617 4612; x_wconf 70' lang='lat' dir='ltr'><strong>reipublicw</strong></span> 
     </span>
    </p>
   </div>
   <div class='ocr_carea' id='block_1_69' title="bbox 241 4623 3622 4703">
    <p class='ocr_par' dir='ltr' id='par_1_69' title="bbox 241 4623 3622 4703">
     <span class='ocr_line' id='line_1_69' title="bbox 241 4623 3622 4703; baseline 0.002 -23"><span class='ocrx_word' id='word_1_664' title='bbox 241 4623 611 4696; x_wconf 85' lang='lat' dir='ltr'><strong>gubernator</strong></span> <span class='ocrx_word' id='word_1_665' title='bbox 634 4625 833 4698; x_wconf 91' lang='lat' dir='ltr'><strong>potius</strong></span> <span class='ocrx_word' id='word_1_666' title='bbox 853 4626 1345 4683; x_wconf 86' lang='lat' dir='ltr'><strong>communionem</strong></span> <span class='ocrx_word' id='word_1_667' title='bbox 1371 4642 1442 4683; x_wconf 89' lang='lat' dir='ltr'><strong>ac</strong></span> <span class='ocrx_word' id='word_1_668' title='bbox 1463 4626 1807 4684; x_wconf 87' lang='lat' dir='ltr'><strong>societatem</strong></span> <span class='ocrx_word' id='word_1_669' title='bbox 1826 4627 2000 4685; x_wconf 88' lang='lat' dir='ltr'><strong>inibit</strong></span> <span class='ocrx_word' id='word_1_670' title='bbox 2028 4644 2168 4684; x_wconf 91' lang='lat' dir='ltr'><strong>cum</strong></span> <span class='ocrx_word' id='word_1_671' title='bbox 2188 4627 2340 4685; x_wconf 86' lang='lat' dir='ltr'><strong>duce</strong></span> <span class='ocrx_word' id='word_1_672' title='bbox 2360 4631 2676 4696; x_wconf 82' lang='lat' dir='ltr'><strong>exercitus,</strong></span> <span class='ocrx_word' id='word_1_673' title='bbox 2707 4629 2804 4685; x_wconf 85' lang='lat' dir='ltr'><strong>vel</strong></span> <span class='ocrx_word' id='word_1_674' title='bbox 2820 4645 2961 4686; x_wconf 91' lang='lat' dir='ltr'><strong>cum</strong></span> <span class='ocrx_word' id='word_1_675' title='bbox 2985 4630 3222 4686; x_wconf 90' lang='lat' dir='ltr'><strong>medico</strong></span> <span class='ocrx_word' id='word_1_676' title='bbox 3271 4645 3458 4703; x_wconf 88' lang='lat' dir='ltr'><strong>quam</strong></span> <span class='ocrx_word' id='word_1_677' title='bbox 3480 4644 3622 4686; x_wconf 89' lang='lat' dir='ltr'><strong>cum</strong></span> 
     </span>
    </p>
   </div>
   <div class='ocr_carea' id='block_1_70' title="bbox 247 4713 3622 4793">
    <p class='ocr_par' dir='ltr' id='par_1_70' title="bbox 247 4713 3622 4793">
     <span class='ocr_line' id='line_1_70' title="bbox 247 4713 3622 4793; baseline 0.002 -25"><span class='ocrx_word' id='word_1_678' title='bbox 247 4713 527 4771; x_wconf 89' lang='lat' dir='ltr'><strong>cerdone.</strong></span> <span class='ocrx_word' id='word_1_679' title='bbox 555 4717 620 4772; x_wconf 87' lang='lat' dir='ltr'><strong>Et</strong></span> <span class='ocrx_word' id='word_1_680' title='bbox 647 4715 886 4788; x_wconf 83' lang='lat' dir='ltr'><strong>sapiens</strong></span> <span class='ocrx_word' id='word_1_681' title='bbox 905 4717 994 4771; x_wconf 91' lang='lat' dir='ltr'><strong>vir</strong></span> <span class='ocrx_word' id='word_1_682' title='bbox 1005 4731 1144 4772; x_wconf 91' lang='lat' dir='ltr'><strong>cum</strong></span> <span class='ocrx_word' id='word_1_683' title='bbox 1167 4715 1293 4772; x_wconf 89' lang='lat' dir='ltr'><strong>viro</strong></span> <span class='ocrx_word' id='word_1_684' title='bbox 1316 4715 1607 4789; x_wconf 89' lang='lat' dir='ltr'><strong>prudente</strong></span> <span class='ocrx_word' id='word_1_685' title='bbox 1634 4717 1832 4792; x_wconf 87' lang='lat' dir='ltr'><strong>potius</strong></span> <span class='ocrx_word' id='word_1_686' title='bbox 1850 4718 2341 4775; x_wconf 90' lang='lat' dir='ltr'><strong>communionem</strong></span> <span class='ocrx_word' id='word_1_687' title='bbox 2364 4719 2705 4788; x_wconf 89' lang='lat' dir='ltr'><strong>constituet,</strong></span> <span class='ocrx_word' id='word_1_688' title='bbox 2730 4732 2919 4793; x_wconf 90' lang='lat' dir='ltr'><strong>quam</strong></span> <span class='ocrx_word' id='word_1_689' title='bbox 2961 4736 3100 4776; x_wconf 92' lang='lat' dir='ltr'><strong>cum</strong></span> <span class='ocrx_word' id='word_1_690' title='bbox 3128 4719 3369 4777; x_wconf 85' lang='lat' dir='ltr'><strong>artiﬁce.</strong></span> <span class='ocrx_word' id='word_1_691' title='bbox 3395 4719 3622 4776; x_wconf 88' lang='lat' dir='ltr'><strong>Eodem</strong></span> 
     </span>
    </p>
   </div>
   <div class='ocr_carea' id='block_1_71' title="bbox 243 4803 3621 4881">
    <p class='ocr_par' dir='ltr' id='par_1_71' title="bbox 243 4803 3621 4881">
     <span class='ocr_line' id='line_1_71' title="bbox 243 4803 3621 4881; baseline 0 -19"><span class='ocrx_word' id='word_1_692' title='bbox 243 4803 434 4862; x_wconf 89' lang='lat' dir='ltr'><strong>modo</strong></span> <span class='ocrx_word' id='word_1_693' title='bbox 459 4804 534 4861; x_wconf 91' lang='lat' dir='ltr'><strong>de</strong></span> <span class='ocrx_word' id='word_1_694' title='bbox 549 4804 794 4878; x_wconf 89' lang='lat' dir='ltr'><strong>reliquis</strong></span> <span class='ocrx_word' id='word_1_695' title='bbox 811 4805 1101 4878; x_wconf 82' lang='lat' dir='ltr'><strong>judicand</strong></span> <span class='ocrx_word' id='word_1_696' title='bbox 1113 4820 1213 4861; x_wconf 90' lang='lat' dir='ltr'><strong>um</strong></span> <span class='ocrx_word' id='word_1_697' title='bbox 1237 4809 1342 4862; x_wconf 91' lang='lat' dir='ltr'><strong>est.</strong></span> <span class='ocrx_word' id='word_1_698' title='bbox 1364 4809 1658 4863; x_wconf 87' lang='lat' dir='ltr'><strong>Hactenus</strong></span> <span class='ocrx_word' id='word_1_699' title='bbox 1683 4807 1862 4881; x_wconf 89' lang='lat' dir='ltr'><strong>igitur</strong></span> <span class='ocrx_word' id='word_1_700' title='bbox 1885 4809 1962 4865; x_wconf 91' lang='lat' dir='ltr'><strong>de</strong></span> <span class='ocrx_word' id='word_1_701' title='bbox 2009 4809 2436 4865; x_wconf 89' lang='lat' dir='ltr'><strong>communione</strong></span> <span class='ocrx_word' id='word_1_702' title='bbox 2459 4808 2892 4865; x_wconf 82' lang='lat' dir='ltr'><strong>elementorum</strong></span> <span class='ocrx_word' id='word_1_703' title='bbox 2916 4815 2973 4866; x_wconf 90' lang='lat' dir='ltr'><strong>et</strong></span> <span class='ocrx_word' id='word_1_704' title='bbox 2991 4825 3195 4866; x_wconf 91' lang='lat' dir='ltr'><strong>rerum</strong></span> <span class='ocrx_word' id='word_1_705' title='bbox 3217 4825 3292 4866; x_wconf 81' lang='lat' dir='ltr'><strong>ex</strong></span> <span class='ocrx_word' id='word_1_706' title='bbox 3311 4808 3621 4865; x_wconf 90' lang='lat' dir='ltr'><strong>elementis</strong></span> 
     </span>
    </p>
   </div>
   <div class='ocr_carea' id='block_1_72' title="bbox 244 4893 3621 4969">
    <p class='ocr_par' dir='ltr' id='par_1_72' title="bbox 244 4893 3621 4969">
     <span class='ocr_line' id='line_1_72' title="bbox 244 4893 3621 4969; baseline 0 -17"><span class='ocrx_word' id='word_1_707' title='bbox 244 4893 721 4968; x_wconf 84' lang='lat' dir='ltr'><strong>compositarum</strong></span> <span class='ocrx_word' id='word_1_708' title='bbox 740 4901 920 4969; x_wconf 90' lang='lat' dir='ltr'><strong>atque</strong></span> <span class='ocrx_word' id='word_1_709' title='bbox 938 4894 1090 4951; x_wconf 90' lang='lat' dir='ltr'><strong>adeo</strong></span> <span class='ocrx_word' id='word_1_710' title='bbox 1112 4894 1187 4951; x_wconf 90' lang='lat' dir='ltr'><strong>de</strong></span> <span class='ocrx_word' id='word_1_711' title='bbox 1208 4895 1635 4952; x_wconf 89' lang='lat' dir='ltr'><strong>communione</strong></span> <span class='ocrx_word' id='word_1_712' title='bbox 1655 4896 2136 4954; x_wconf 88' lang='lat' dir='ltr'><strong>hominuminter</strong></span> <span class='ocrx_word' id='word_1_713' title='bbox 2155 4913 2238 4955; x_wconf 90' lang='lat' dir='ltr'><strong>se.</strong></span> <span class='ocrx_word' id='word_1_714' title='bbox 2253 4899 2547 4964; x_wconf 86' lang='lat' dir='ltr'><strong>Quoniam</strong></span> <span class='ocrx_word' id='word_1_715' title='bbox 2573 4903 2776 4955; x_wconf 87' lang='lat' dir='ltr'><strong>autem</strong></span> <span class='ocrx_word' id='word_1_716' title='bbox 2796 4915 2998 4956; x_wconf 88' lang='lat' dir='ltr'><strong>rerum</strong></span> <span class='ocrx_word' id='word_1_717' title='bbox 3012 4900 3164 4956; x_wconf 90' lang='lat' dir='ltr'><strong>inter</strong></span> <span class='ocrx_word' id='word_1_718' title='bbox 3190 4914 3254 4954; x_wconf 90' lang='lat' dir='ltr'><strong>se</strong></span> <span class='ocrx_word' id='word_1_719' title='bbox 3281 4896 3621 4954; x_wconf 86' lang='lat' dir='ltr'><strong>communi-</strong></span> 
     </span>
    </p>
   </div>
   <div class='ocr_carea' id='block_1_73' title="bbox 246 4984 3622 5061">
    <p class='ocr_par' dir='ltr' id='par_1_73' title="bbox 246 4984 3622 5061">
     <span class='ocr_line' id='line_1_73' title="bbox 246 4984 3622 5061; baseline 0 -18"><span class='ocrx_word' id='word_1_720' title='bbox 246 4984 405 5043; x_wconf 89' lang='lat' dir='ltr'><strong>catio</strong></span> <span class='ocrx_word' id='word_1_721' title='bbox 421 4984 680 5042; x_wconf 85' lang='lat' dir='ltr'><strong>maxime</strong></span> <span class='ocrx_word' id='word_1_722' title='bbox 701 4984 761 5041; x_wconf 91' lang='lat' dir='ltr'><strong>in</strong></span> <span class='ocrx_word' id='word_1_723' title='bbox 783 4984 1116 5056; x_wconf 89' lang='lat' dir='ltr'><strong>ﬁgurarum</strong></span> <span class='ocrx_word' id='word_1_724' title='bbox 1135 4984 1588 5042; x_wconf 89' lang='lat' dir='ltr'><strong>coordinatione</strong></span> <span class='ocrx_word' id='word_1_725' title='bbox 1602 4986 2200 5060; x_wconf 89' lang='lat' dir='ltr'><strong>cernitur,sciendum</strong></span> <span class='ocrx_word' id='word_1_726' title='bbox 2213 4994 2300 5044; x_wconf 89' lang='lat' dir='ltr'><strong>est</strong></span> <span class='ocrx_word' id='word_1_727' title='bbox 2317 4989 2578 5061; x_wconf 86' lang='lat' dir='ltr'><strong>ﬁguram</strong></span> <span class='ocrx_word' id='word_1_728' title='bbox 2594 4987 2992 5045; x_wconf 85' lang='lat' dir='ltr'><strong>orbicularem</strong></span> <span class='ocrx_word' id='word_1_729' title='bbox 3006 4987 3268 5045; x_wconf 80' lang='lat' dir='ltr'><strong>maxime</strong></span> <span class='ocrx_word' id='word_1_730' title='bbox 3290 5002 3622 5044; x_wconf 89' lang='lat' dir='ltr'><strong>accomom-</strong></span> 
     </span>
    </p>
   </div>
   <div class='ocr_carea' id='block_1_74' title="bbox 245 5072 3622 5150">
    <p class='ocr_par' dir='ltr' id='par_1_74' title="bbox 245 5072 3622 5150">
     <span class='ocr_line' id='line_1_74' title="bbox 245 5072 3622 5150; baseline -0.001 -20"><span class='ocrx_word' id='word_1_731' title='bbox 245 5072 458 5130; x_wconf 86' lang='lat' dir='ltr'><strong>datam</strong></span> <span class='ocrx_word' id='word_1_732' title='bbox 471 5088 602 5130; x_wconf 89' lang='lat' dir='ltr'><strong>esse</strong></span> <span class='ocrx_word' id='word_1_733' title='bbox 621 5073 700 5130; x_wconf 86' lang='lat' dir='ltr'><strong>ad</strong></span> <span class='ocrx_word' id='word_1_734' title='bbox 712 5073 1145 5130; x_wconf 89' lang='lat' dir='ltr'><strong>continendum</strong></span> <span class='ocrx_word' id='word_1_735' title='bbox 1159 5078 1216 5130; x_wconf 84' lang='lat' dir='ltr'><strong>et</strong></span> <span class='ocrx_word' id='word_1_736' title='bbox 1228 5074 1769 5147; x_wconf 89' lang='lat' dir='ltr'><strong>complectendum,</strong></span> <span class='ocrx_word' id='word_1_737' title='bbox 1791 5075 1932 5149; x_wconf 88' lang='lat' dir='ltr'><strong>quia</strong></span> <span class='ocrx_word' id='word_1_738' title='bbox 1944 5076 2231 5133; x_wconf 92' lang='lat' dir='ltr'><strong>nimirum</strong></span> <span class='ocrx_word' id='word_1_739' title='bbox 2253 5076 2628 5148; x_wconf 48' lang='lat' dir='ltr'><strong>exiomnibus</strong></span> <span class='ocrx_word' id='word_1_740' title='bbox 2641 5076 2856 5148; x_wconf 87' lang='lat' dir='ltr'><strong>ﬁguris</strong></span> <span class='ocrx_word' id='word_1_741' title='bbox 2885 5083 2974 5135; x_wconf 91' lang='lat' dir='ltr'><strong>est</strong></span> <span class='ocrx_word' id='word_1_742' title='bbox 2987 5075 3406 5150; x_wconf 88' lang='lat' dir='ltr'><strong>capacissima,</strong></span> <span class='ocrx_word' id='word_1_743' title='bbox 3429 5074 3622 5128; x_wconf 72' lang='grc' dir='ltr'><strong>ἀχλινε-</strong></span> 
     </span>
    </p>
   </div>
   <div class='ocr_carea' id='block_1_75' title="bbox 250 5162 1878 5237">
    <p class='ocr_par' dir='ltr' id='par_1_75' title="bbox 250 5162 1878 5237">
     <span class='ocr_line' id='line_1_75' title="bbox 250 5162 1878 5237; baseline 0.001 -19"><span class='ocrx_word' id='word_1_744' title='bbox 250 5165 418 5220; x_wconf 79' lang='grc' dir='ltr'>στοίτη</span> <span class='ocrx_word' id='word_1_745' title='bbox 447 5166 540 5215; x_wconf 71' lang='grc' dir='ltr'>καί</span> <span class='ocrx_word' id='word_1_746' title='bbox 569 5162 800 5235; x_wconf 75' lang='grc' dir='ltr'>μάλιστα</span> <span class='ocrx_word' id='word_1_747' title='bbox 826 5167 1129 5237; x_wconf 71' lang='grc' dir='ltr'><strong>τεταγμένη.</strong></span> <span class='ocrx_word' id='word_1_748' title='bbox 1169 5163 1395 5221; x_wconf 86' lang='lat' dir='ltr'><strong>Idcirco</strong></span> <span class='ocrx_word' id='word_1_749' title='bbox 1417 5163 1593 5221; x_wconf 90' lang='lat' dir='ltr'><strong>orbes</strong></span> <span class='ocrx_word' id='word_1_750' title='bbox 1619 5165 1878 5222; x_wconf 75' lang='lat' dir='ltr'><strong>ccelestes</strong></span> 
     </span>
    </p>
   </div>
   <div class='ocr_carea' id='block_1_76' title="bbox 1995 5162 3623 5237">
    <p class='ocr_par' dir='ltr' id='par_1_76' title="bbox 1995 5165 3623 5237">
     <span class='ocr_line' id='line_1_76' title="bbox 1995 5165 3623 5237; baseline -0.001 -15"><span class='ocrx_word' id='word_1_751' title='bbox 1995 5181 2068 5223; x_wconf 87' lang='lat' dir='ltr'><strong>ne</strong></span> <span class='ocrx_word' id='word_1_752' title='bbox 2093 5165 2520 5237; x_wconf 84' lang='lat' dir='ltr'><strong>ﬁgurationem</strong></span> <span class='ocrx_word' id='word_1_753' title='bbox 2533 5166 2824 5224; x_wconf 90' lang='lat' dir='ltr'><strong>obtinent.</strong></span> <span class='ocrx_word' id='word_1_754' title='bbox 2858 5166 3201 5224; x_wconf 88' lang='lat' dir='ltr'><strong>Secundum</strong></span> <span class='ocrx_word' id='word_1_755' title='bbox 3223 5165 3623 5223; x_wconf 87' lang='lat' dir='ltr'><strong>orbicularem</strong></span> 
     </span>
    </p>
   </div>
   <div class='ocr_carea' id='block_1_77' title="bbox 257 5251 3625 5329">
    <p class='ocr_par' dir='ltr' id='par_1_77' title="bbox 257 5251 3625 5329">
     <span class='ocr_line' id='line_1_77' title="bbox 257 5251 3625 5329; baseline -0 -17"><span class='ocrx_word' id='word_1_756' title='bbox 257 5251 684 5312; x_wconf 88' lang='lat' dir='ltr'><strong>constituimus</strong></span> <span class='ocrx_word' id='word_1_757' title='bbox 719 5253 1079 5326; x_wconf 88' lang='lat' dir='ltr'><strong>quadratam</strong></span> <span class='ocrx_word' id='word_1_758' title='bbox 1105 5253 1385 5324; x_wconf 87' lang='lat' dir='ltr'><strong>ﬁguram.</strong></span> <span class='ocrx_word' id='word_1_759' title='bbox 1419 5257 1484 5311; x_wconf 89' lang='lat' dir='ltr'><strong>In</strong></span> <span class='ocrx_word' id='word_1_760' title='bbox 1514 5255 1698 5311; x_wconf 89' lang='lat' dir='ltr'><strong>tertiis</strong></span> <span class='ocrx_word' id='word_1_761' title='bbox 1731 5254 1998 5312; x_wconf 89' lang='lat' dir='ltr'><strong>consistit</strong></span> <span class='ocrx_word' id='word_1_762' title='bbox 2027 5255 2396 5326; x_wconf 91' lang='lat' dir='ltr'><strong>triangulum</strong></span> <span class='ocrx_word' id='word_1_763' title='bbox 2425 5255 2857 5329; x_wconf 71' lang='lat' dir='ltr'><strong>aequilaterum.</strong></span> <span class='ocrx_word' id='word_1_764' title='bbox 2914 5255 3320 5324; x_wconf 87' lang='lat' dir='ltr'><strong>Quamobrem</strong></span> <span class='ocrx_word' id='word_1_765' title='bbox 3349 5254 3625 5312; x_wconf 90' lang='lat' dir='ltr'><strong>omnium</strong></span> 
     </span>
    </p>
   </div>
   <div class='ocr_carea' id='block_1_78' title="bbox 251 5339 3626 5420">
    <p class='ocr_par' dir='ltr' id='par_1_78' title="bbox 251 5339 3626 5420">
     <span class='ocr_line' id='line_1_78' title="bbox 251 5339 3626 5420; baseline 0.001 -22"><span class='ocrx_word' id='word_1_766' title='bbox 251 5339 700 5399; x_wconf 87' lang='lat' dir='ltr'><strong>mundanarum</strong></span> <span class='ocrx_word' id='word_1_767' title='bbox 719 5343 1048 5416; x_wconf 86' lang='lat' dir='ltr'><strong>ﬁgurarum</strong></span> <span class='ocrx_word' id='word_1_768' title='bbox 1073 5343 1424 5402; x_wconf 89' lang='lat' dir='ltr'><strong>orbicularis</strong></span> <span class='ocrx_word' id='word_1_769' title='bbox 1443 5343 1622 5415; x_wconf 90' lang='lat' dir='ltr'><strong>longe</strong></span> <span class='ocrx_word' id='word_1_770' title='bbox 1651 5349 1738 5402; x_wconf 91' lang='lat' dir='ltr'><strong>est</strong></span> <span class='ocrx_word' id='word_1_771' title='bbox 1758 5345 2246 5418; x_wconf 72' lang='lat' dir='ltr'><strong>p:aestantissima</strong></span> <span class='ocrx_word' id='word_1_772' title='bbox 2265 5351 2510 5419; x_wconf 86' lang='lat' dir='ltr'><strong>propter</strong></span> <span class='ocrx_word' id='word_1_773' title='bbox 2530 5361 2631 5403; x_wconf 90' lang='lat' dir='ltr'><strong>eas</strong></span> <span class='ocrx_word' id='word_1_774' title='bbox 2651 5362 2872 5403; x_wconf 90' lang='lat' dir='ltr'><strong>causas</strong></span> <span class='ocrx_word' id='word_1_775' title='bbox 2893 5361 3044 5420; x_wconf 90' lang='lat' dir='ltr'><strong>quas</strong></span> <span class='ocrx_word' id='word_1_776' title='bbox 3067 5345 3396 5415; x_wconf 90' lang='lat' dir='ltr'><strong>attulimus,</strong></span> <span class='ocrx_word' id='word_1_777' title='bbox 3415 5348 3473 5402; x_wconf 93' lang='lat' dir='ltr'><strong>et</strong></span> <span class='ocrx_word' id='word_1_778' title='bbox 3489 5359 3626 5417; x_wconf 85' lang='lat' dir='ltr'><strong>pro-</strong></span> 
     </span>
    </p>
   </div>
   <div class='ocr_carea' id='block_1_79' title="bbox 251 5430 3628 5508">
    <p class='ocr_par' dir='ltr' id='par_1_79' title="bbox 251 5430 3628 5508">
     <span class='ocr_line' id='line_1_79' title="bbox 251 5430 3628 5508; baseline 0.002 -22"><span class='ocrx_word' id='word_1_779' title='bbox 251 5435 384 5506; x_wconf 89' lang='lat' dir='ltr'><strong>pter</strong></span> <span class='ocrx_word' id='word_1_780' title='bbox 414 5430 564 5489; x_wconf 89' lang='lat' dir='ltr'><strong>alias</strong></span> <span class='ocrx_word' id='word_1_781' title='bbox 585 5431 787 5505; x_wconf 88' lang='lat' dir='ltr'><strong>plures</strong></span> <span class='ocrx_word' id='word_1_782' title='bbox 816 5449 969 5508; x_wconf 87' lang='lat' dir='ltr'><strong>quas</strong></span> <span class='ocrx_word' id='word_1_783' title='bbox 998 5433 1167 5492; x_wconf 87' lang='lat' dir='ltr'><strong>Plato</strong></span> <span class='ocrx_word' id='word_1_784' title='bbox 1193 5440 1250 5492; x_wconf 91' lang='lat' dir='ltr'><strong>et</strong></span> <span class='ocrx_word' id='word_1_785' title='bbox 1281 5434 1620 5492; x_wconf 81' lang='lat' dir='ltr'><strong>Aristoteles</strong></span> <span class='ocrx_word' id='word_1_786' title='bbox 1655 5433 1930 5492; x_wconf 72' lang='lat' dir='ltr'><strong>afferunt.</strong></span> <span class='ocrx_word' id='word_1_787' title='bbox 1953 5439 2028 5494; x_wconf 75' lang='lat' dir='ltr'><strong>At</strong></span> <span class='ocrx_word' id='word_1_788' title='bbox 2060 5435 2124 5493; x_wconf 91' lang='lat' dir='ltr'><strong>in</strong></span> <span class='ocrx_word' id='word_1_789' title='bbox 2154 5439 2288 5492; x_wconf 87' lang='lat' dir='ltr'><strong>ortu</strong></span> <span class='ocrx_word' id='word_1_790' title='bbox 2311 5451 2515 5492; x_wconf 91' lang='lat' dir='ltr'><strong>rerum</strong></span> <span class='ocrx_word' id='word_1_791' title='bbox 2544 5434 2680 5493; x_wconf 68' lang='lat' dir='ltr'><strong>aliae</strong></span> <span class='ocrx_word' id='word_1_792' title='bbox 2726 5435 2937 5508; x_wconf 80' lang='lat' dir='ltr'><strong>ﬁgurae</strong></span> <span class='ocrx_word' id='word_1_793' title='bbox 2967 5435 3192 5494; x_wconf 89' lang='lat' dir='ltr'><strong>habent</strong></span> <span class='ocrx_word' id='word_1_794' title='bbox 3216 5435 3423 5492; x_wconf 91' lang='lat' dir='ltr'><strong>locum</strong></span> <span class='ocrx_word' id='word_1_795' title='bbox 3479 5433 3628 5508; x_wconf 86' lang='lat' dir='ltr'><strong>quia</strong></span> 
     </span>
    </p>
   </div>
   <div class='ocr_carea' id='block_1_80' title="bbox 252 5519 3628 5600">
    <p class='ocr_par' dir='ltr' id='par_1_80' title="bbox 252 5519 3628 5600">
     <span class='ocr_line' id='line_1_80' title="bbox 252 5519 3628 5600; baseline 0.002 -24"><span class='ocrx_word' id='word_1_796' title='bbox 252 5519 380 5576; x_wconf 69' lang='grc' dir='ltr'>οὐού</span> <span class='ocrx_word' id='word_1_797' title='bbox 406 5528 468 5581; x_wconf 79' lang='grc' dir='ltr'>τῆ</span> <span class='ocrx_word' id='word_1_798' title='bbox 501 5526 699 5594; x_wconf 70' lang='grc' dir='ltr'>γενέσει</span> <span class='ocrx_word' id='word_1_799' title='bbox 719 5524 780 5580; x_wconf 91' lang='lat' dir='ltr'><strong>in</strong></span> <span class='ocrx_word' id='word_1_800' title='bbox 809 5523 1014 5598; x_wconf 76' lang='lat' dir='ltr'><strong>primis</strong></span> <span class='ocrx_word' id='word_1_801' title='bbox 1045 5525 1341 5582; x_wconf 79' lang='lat' dir='ltr'><strong>convenit.</strong></span> <span class='ocrx_word' id='word_1_802' title='bbox 1370 5522 1521 5592; x_wconf 88' lang='lat' dir='ltr'><strong>Quia</strong></span> <span class='ocrx_word' id='word_1_803' title='bbox 1547 5540 1692 5583; x_wconf 88' lang='lat' dir='ltr'><strong>vero</strong></span> <span class='ocrx_word' id='word_1_804' title='bbox 1718 5541 1813 5582; x_wconf 91' lang='lat' dir='ltr'><strong>res</strong></span> <span class='ocrx_word' id='word_1_805' title='bbox 1855 5524 1919 5582; x_wconf 90' lang='lat' dir='ltr'><strong>in</strong></span> <span class='ocrx_word' id='word_1_806' title='bbox 1979 5524 2301 5582; x_wconf 89' lang='lat' dir='ltr'><strong>orbiculari</strong></span> <span class='ocrx_word' id='word_1_807' title='bbox 2352 5524 2456 5583; x_wconf 88' lang='lat' dir='ltr'><strong>illa</strong></span> <span class='ocrx_word' id='word_1_808' title='bbox 2520 5525 2882 5597; x_wconf 86' lang='lat' dir='ltr'><strong>ﬁguratione</strong></span> <span class='ocrx_word' id='word_1_809' title='bbox 2945 5523 3404 5600; x_wconf 84' lang='lat' dir='ltr'><strong>quodammodo</strong></span> <span class='ocrx_word' id='word_1_810' title='bbox 3449 5539 3628 5582; x_wconf 87' lang='lat' dir='ltr'><strong>suam</strong></span> 
     </span>
    </p>
   </div>
   <div class='ocr_carea' id='block_1_81' title="bbox 249 5607 1877 5693">
    <p class='ocr_par' dir='ltr' id='par_1_81' title="bbox 249 5607 1877 5689">
     <span class='ocr_line' id='line_1_81' title="bbox 249 5607 1877 5689; baseline 0.002 -23"><span class='ocrx_word' id='word_1_811' title='bbox 249 5607 684 5685; x_wconf 87' lang='lat' dir='ltr'><strong>perfectionem</strong></span> <span class='ocrx_word' id='word_1_812' title='bbox 710 5611 1150 5686; x_wconf 83' lang='lat' dir='ltr'><strong>adipiscuntur,</strong></span> <span class='ocrx_word' id='word_1_813' title='bbox 1179 5613 1402 5674; x_wconf 89' lang='lat' dir='ltr'><strong>idcirco</strong></span> <span class='ocrx_word' id='word_1_814' title='bbox 1445 5613 1529 5673; x_wconf 90' lang='lat' dir='ltr'><strong>sic</strong></span> <span class='ocrx_word' id='word_1_815' title='bbox 1561 5614 1678 5670; x_wconf 79' lang='grc' dir='ltr'><strong>κατ’</strong></span> <span class='ocrx_word' id='word_1_816' title='bbox 1707 5612 1877 5689; x_wconf 51' lang='lat' dir='ltr'><strong>avdaci</strong></span> 
     </span>
    </p>
   </div>
   <div class='ocr_carea' id='block_1_82' title="bbox 1998 5607 3626 5693">
    <p class='ocr_par' dir='ltr' id='par_1_82' title="bbox 1998 5613 3626 5693">
     <span class='ocr_line' id='line_1_82' title="bbox 1998 5613 3626 5693; baseline 0.003 -25"><span class='ocrx_word' id='word_1_817' title='bbox 1998 5635 2010 5668; x_wconf 74' lang='grc' dir='ltr'><strong>ρ</strong></span> <span class='ocrx_word' id='word_1_818' title='bbox 2046 5623 2138 5680; x_wconf 82' lang='grc' dir='ltr'>τῆς</span> <span class='ocrx_word' id='word_1_819' title='bbox 2166 5619 2407 5691; x_wconf 72' lang='grc' dir='ltr'><strong>γενέσεως</strong></span> <span class='ocrx_word' id='word_1_820' title='bbox 2455 5614 2752 5676; x_wconf 86' lang='lat' dir='ltr'><strong>elementa</strong></span> <span class='ocrx_word' id='word_1_821' title='bbox 2815 5615 2950 5691; x_wconf 87' lang='lat' dir='ltr'><strong>ipsa</strong></span> <span class='ocrx_word' id='word_1_822' title='bbox 2978 5621 3037 5678; x_wconf 86' lang='lat' dir='ltr'><strong>et</strong></span> <span class='ocrx_word' id='word_1_823' title='bbox 3059 5632 3156 5677; x_wconf 89' lang='lat' dir='ltr'><strong>res</strong></span> <span class='ocrx_word' id='word_1_824' title='bbox 3183 5629 3320 5693; x_wconf 66' lang='lat' dir='ltr'><strong>qua</strong></span> <span class='ocrx_word' id='word_1_825' title='bbox 3365 5630 3442 5675; x_wconf 78' lang='lat' dir='ltr'><strong>ex</strong></span> <span class='ocrx_word' id='word_1_826' title='bbox 3504 5613 3626 5676; x_wconf 57' lang='lat' dir='ltr'><strong>ele‘</strong></span> 
     </span>
    </p>
   </div>
  </div>
