4124 6424
573 349 710 404 1263
1993 346 2201 402 ADDEI

2308 346 2355 399 ι.
3804 349 3936 408 1264-

565 469 780 526 mentis
800 472 1096 532 constant,
1118 468 1330 540 ﬁgurae
1349 469 1504 526 illius
1525 469 1876 527 orbicularis
1899 467 2306 541 praestantiam
2331 465 2550 522 imitari
2571 470 2886 523 conantur.
2917 467 3217 539 Superest,
3253 471 3316 523 ut
3340 466 3435 523 his
3457 467 3773 539 diligenter
3796 489 3931 532 con-

567 558 858 625 sideratis,
877 557 1215 625 videamus,
1242 558 1609 630 quibuscum
1639 560 1983 615 societatem
2009 558 2303 613 ineamus.
2328 556 2558 611 Clamat
2591 555 2886 628 sapientia
2917 573 2931 611 :
2959 555 3063 611 Fili
3097 556 3196 626 mi,
3226 555 3437 612 recede
3461 573 3498 613 a
3518 559 3824 619 malorum
3838 581 3930 622 or-

565 646 713 718 bita,
749 652 867 702 tere
888 647 1098 703 limina
1128 649 1466 720 sapientum
1502 666 1514 702 :
1543 654 1600 704 et
1629 647 2102 720 sapientissimus
2125 646 2338 701 Paulus
2363 662 2498 700 cum
2524 646 2846 701 Menandro
2869 647 3100 709 asserit.
3130 663 3456 718 pravorum
3501 653 3930 712 consuetudine

565 741 762 793 bonos
783 753 980 793 mores
1002 737 1319 810 depravari
1337 755 1407 794 ac
1431 739 1752 810 corrumpi.
1779 736 2186 803 Quamobrem
2207 736 2283 790 illi
2305 737 2406 808 qui
2429 737 2486 790 in
2511 736 2989 792 administranda
3004 736 3314 808 republica
3335 741 3477 794 sunt
3515 737 3930 814 ἀρχιτεκτονικαὶ

565 826 810 882 videant
836 843 974 883 cum
997 826 1218 898 quibus
1240 829 1729 883 communionem
1747 830 2133 894 constituant,
2155 841 2227 880 ne
2251 831 2396 880 torte
2424 827 2682 879 Nerones
2705 831 2761 879 et
2792 824 3153 894 Heliogabali
3176 824 3433 881 evadant
3457 843 3468 880 :
3499 843 3571 883 ac
3599 830 3794 887 verius
3820 835 3928 890 sint

566 921 837 972 monstra
853 933 1040 988 quam
1052 916 1346 972 homines.
1366 917 1629 989 Denique
1653 916 1869 986 singuli
1882 916 2158 971 homines
2184 915 2247 970 in
2267 913 2577 985 republica
2602 913 2814 968 eadem
2837 913 2965 969 haec
2983 918 3281 986 praecepta
3297 930 3407 986 pro
3431 931 3544 972 suo
3561 933 3780 988 genere
3803 923 3927 980 vitm

569 1021 638 1061 ac
665 1005 933 1062 instituto
963 1005 1275 1076 diligenter
1300 1005 1638 1076 observent,
1664 1012 1728 1060 ut
1753 1021 1961 1060 veram
1992 1005 2338 1060 beatitatem
2373 1002 2616 1058 tandem
2657 1017 2868 1057 omnes
2908 1018 3321 1075 assequamur.

1836 1264 2648 1388 SYNOPSIS

897 1528 1142 1626 SEU
1206 1528 1890 1625 REPETIT/E
1958 1528 2695 1624 SIGILLATIM
2760 1526 3606 1626 HYPOTHESES

1101 1779 1372 1910 SEX
1428 1777 2148 1910 THEODOBI
2203 1778 2615 1910 DUC/E
2690 1776 3399 1909 SERMONIS

1829 2048 2259 2116 AUCTORE
2306 2049 2654 2117 EODEM.

564 1145 3892 1183 Μ

1799 2392 2088 2482 ΡΒΙΜΙ
2148 2392 2673 2483 SERMONIS.

621 2604 688 2661 In
709 2603 906 2677 primo
933 2620 1208 2661 sermone
1240 2604 1499 2662 ostendit
1523 2605 1730 2662 omnia
1757 2623 1948 2662 unum
1969 2622 2098 2662 esse
2123 2611 2366 2679 propter
2385 2612 2685 2675 naturam,
2711 2623 2780 2663 ac
2813 2623 3018 2664 rursus
3063 2607 3302 2680 singula
3341 2609 3525 2665 dividi
3555 2611 3705 2668 inter
3733 2627 3816 2678 se,
3854 2629 3932 2670 ac

548 2694 823 2751 distribui
849 2696 906 2751 in
937 2700 1156 2752 natura
1188 2713 1201 2750 :
1231 2711 1341 2751 nec
1367 2712 1440 2751 ex
1478 2695 1856 2752 naturalibus
1879 2701 2045 2754 extra
2071 2703 2348 2753 naturam
2372 2713 2503 2752 esse
2525 2695 2887 2769 quidquam.
2920 2700 2996 2754 Ex
3021 2697 3241 2770 quibus
3272 2699 3616 2770 intelligitur
3636 2707 3928 2759 naturam

545 2800 679 2840 esse
717 2800 1106 2841 communem
1136 2785 1421 2842 omnibus
1449 2785 1628 2840 rebus
1663 2785 2060 2846 naturalibus.
2089 2791 2146 2841 et
2180 2787 2242 2841 in
2264 2802 2337 2842 ea
2363 2786 2702 2855 generalem
2734 2786 3223 2842 communicandi
3249 2789 3500 2845 modum
3559 2791 3739 2846 situm
3764 2807 3924 2848 esse.

545 2873 935 2947 Deindeintra
951 2879 1231 2930 naturam
1253 2873 1700 2930 distributiones
1713 2874 2214 2946 temperationum
2230 2877 2539 2942 consitere,
2556 2880 2611 2932 et
2635 2891 2740 2948 per
2763 2876 3225 2950 temperationes
3239 2878 3595 2935 secundario
3611 2880 3793 2936 modo
3816 2897 3924 2938 res

541 2963 693 3019 inter
714 2980 778 3019 se
800 2963 1268 3020 communicare.
1299 2963 1364 3018 Hi
1391 2963 1512 3018 duo
1531 2969 1671 3019 sunt
1691 2963 1857 3019 modi
1878 2963 2053 3019 nobis
2075 2964 2133 3019 in
2153 2965 2359 3036 primis
2380 2965 2767 3020 observandi.
2795 2965 2974 3022 Addit
3011 2973 3303 3039 praeterea
3327 2984 3432 3039 per
3456 2970 3926 3041 temperationes

541 3068 635 3108 res
661 3069 786 3108 non
817 3053 971 3109 uniri
992 3052 1286 3120 absolute,
1313 3051 1421 3108 sed
1446 3052 1778 3108 secundum
1796 3053 2186 3125 proprietates
2208 3055 2402 3124 magis
2436 3059 2742 3124 cognatas.
2771 3057 2834 3109 Et
2864 3055 3174 3127 quoniam,
3199 3061 3262 3111 ut
3295 3057 3377 3111 ait
3399 3059 3691 3125 Socrates,
3731 3057 3927 3134 Ὀμμα

538 3150 630 3202 τῆς
687 3142 865 3214 ψυχῆς
924 3144 1024 3195 ὑπὸ
1124 3151 1224 3194 τῶν
1316 3141 1480 3194 ἄλλων
1562 3138 1992 3214 ἐπιτηδευμάτων
2075 3141 2520 3216 ἀποτυφλούμενον
2583 3147 2672 3194 καὶ
2737 3146 3194 3216 κατορυττόμενον,
3262 3144 3362 3195 ὐπὸ
3427 3154 3526 3196 τῶν
3583 3149 3925 3219 μαθημάτων

541 3234 707 3303 μόνων
740 3229 1201 3302 ἆναζωπνρεῖσθαι
1231 3235 1320 3282 καὶ
1353 3229 1704 3304 ἆνεγείρεσθαι
1735 3230 1947 3302 πέφυκε,
1980 3231 2169 3286 ἱάοὶῐὊι

2305 3230 2492 3286 tendit
2520 3230 2581 3284 in
2632 3232 2900 3285 numeris
2960 3246 3030 3285 ac
3084 3230 3292 3298 ﬁguris
3364 3235 3686 3304 utrumque
3740 3251 3931 3292 com-

539 3319 891 3376 municandi
920 3320 1191 3376 modum.
1225 3319 1752 3386 Quemadmodum
1778 3321 1937 3375 enim
1978 3324 2035 3371 τὸ
2063 3339 2167 3392 σημ

2329 3319 2612 3373 referente
2647 3317 2869 3384 Proclo,
2901 3319 3075 3378 πάσης
3105 3316 3358 3389 ἐξηγῆται
3386 3324 3563 3392 σειρᾶς
3617 3325 3707 3372 καὶ
3737 3323 3939 3379 πάντα

542 3407 648 3461 ἑνοῖ
699 3411 765 3461 τὰ
823 3411 1050 3483 μεριστὰ
1112 3415 1202 3462 καὶ
1265 3413 1478 3481 συνέχει
1541 3414 1632 3461 καὶ
1697 3409 1859 3484 ὁρίζει
1923 3411 2018 3469 τὰς
2101 3404 2361 3480 προόδους
2427 3406 2596 3457 αὐτῶν
2659 3409 2745 3457 καὶ
2802 3407 3048 3480 παράγει,
3119 3411 3208 3458 καὶ
3274 3406 3644 3481 περιλαμϐάνει
3711 3429 3934 3465 παντα-

538 3495 718 3571 χόθεν,
743 3498 826 3555 ita
862 3499 1043 3554 etiam
1069 3514 1270 3554 rerum
1295 3498 1662 3554 naturalium
1684 3515 1895 3555 omnes
1926 3503 2122 3569 partes
2144 3501 2358 3551 natura
2379 3495 2525 3561 unit,
2544 3494 2806 3550 continet
2826 3500 2883 3550 et
2916 3496 3210 3551 terminat.
3270 3498 3336 3551 Et
3367 3502 3430 3552 ut
3460 3497 3718 3553 circulus
3748 3500 3934 3552 πολυ-

537 3591 724 3660 γωιίαν
754 3587 1016 3659 ﬁguram
1036 3587 1467 3661 complectitur,
1489 3588 1572 3645 ita
1599 3588 1777 3645 etiam
1799 3592 2016 3643 natura
2044 3601 2244 3640 rerum
2270 3583 2637 3640 naturalium
2662 3583 3106 3639 multitudinem
3124 3589 3180 3640 et
3232 3585 3584 3642 varietatem
3617 3588 3930 3648 continet.

1727 3747 2150 3840 SECUNDI
2209 3745 2728 3839 SERMUNIS.

609 3933 674 3986 In
700 3931 968 3988 secundo
982 3945 1258 3988 sermone
1277 3929 1352 3987 de
1364 3929 1800 3986 elementorum
1817 3927 2244 3984 communione
2267 3925 2408 3995 agit,
2431 3941 2616 3997 quam
2629 3923 2879 3996 quidem
2911 3924 3404 3980 communionem
3418 3939 3523 3979 seu
3554 3927 3736 3978 ἕνωσιν
3759 3926 3930 3998 ejus-

536 4022 704 4078 modi
729 4039 858 4078 esse
888 4023 1084 4087 docet,
1108 4025 1172 4078 ut
1201 4021 1272 4077 sit
1293 4021 1382 4080 ὄλη
1407 4028 1517 4082 τοῖς
1536 4020 1668 4081 ὅλοις
1695 4016 1730 4072 δ
1735 4019 1770 4072 ι’
1791 4019 1918 4072 ὅλων
1947 4024 2038 4072 καὶ
2061 4018 2154 4071 οὐκ

2301 4020 2400 4087 ἐσῳ
2428 4023 2596 4066 τινῶν.
2631 4013 2901 4070 Ostendit
2921 4013 3100 4069 etiam
3128 4013 3439 4085 quomodo
3463 4014 3802 4070 secundum
3828 4031 3929 4073 ra-

536 4112 726 4168 tiones
753 4112 1140 4169 harmonicas
1176 4111 1472 4167 elementa
1517 4109 1970 4166 communicent
2006 4110 2156 4163 inter
2184 4121 2266 4169 se,
2299 4120 2516 4176 nempe
2549 4102 2879 4158 secundum
2920 4101 3192 4173 dulplam
3214 4102 3528 4173 rationem,
3563 4103 3928 4175 sesquialte-

533 4216 666 4258 ram
702 4206 759 4257 et
781 4201 1234 4274 sesquitertiam.
1263 4200 1484 4257 Deinde
1508 4199 1720 4255 transit
1753 4197 1829 4252 ad
1870 4194 2355 4266 temperationes,
2388 4192 2820 4262 mistionesque
2854 4189 3093 4245 illarum
3133 4205 3335 4246 rerum
3384 4207 3519 4263 quae
3549 4206 3620 4246 ex
3648 4197 3928 4264 quatuor

533 4289 840 4346 elementis
859 4295 1154 4348 constant.
1186 4296 1266 4345 Ac
1286 4290 1552 4362 primum
1578 4287 1700 4355 agit
1729 4284 1803 4339 de
1833 4279 2356 4353 temperationibus
2378 4295 2510 4348 quae
2540 4281 2863 4333 cernuntur
2887 4279 2946 4332 in
2978 4277 3346 4345 inanimatis,
3379 4280 3524 4335 utin
3569 4280 3834 4337 metallis
3866 4287 3928 4339 et

531 4378 594 4434 in
619 4377 947 4451 lapidibus.
983 4378 1205 4436 Deinde
1235 4377 1450 4433 transit
1486 4373 1566 4429 ad
1590 4369 2052 4442 temperationes
2076 4367 2314 4420 illarum
2336 4381 2536 4419 rerum
2557 4379 2692 4436 quae
2718 4363 2939 4434 partim
2965 4366 3247 4421 animatae
3285 4369 3505 4440 partim
3558 4369 3925 4427 inanimum

531 4467 830 4534 videntur,
863 4467 1209 4542 cujusmodi
1239 4471 1381 4521 sunt
1411 4462 1652 4535 plantae.
1683 4457 1874 4512 Tertio
1927 4455 2007 4510 ad
2071 4453 2553 4524 temperationes,
2621 4466 2759 4523 quas
2789 4451 2852 4506 in
2881 4452 3248 4510 animalibus
3278 4462 3620 4530 cernuntur,
3652 4460 3923 4529 accedit,

1744 4615 2086 4706 TERTII
2145 4613 2674 4704 SERMONIS.

601 4812 740 4867 Cum
768 4810 955 4866 homo
980 4807 1053 4862 sit
1081 4794 1648 4876 prmstantissimum
1675 4794 1823 4852 illud
1845 4795 2090 4862 animal,
2122 4794 2186 4850 in
2215 4793 2383 4866 quod
2421 4809 2632 4849 omnes
2663 4793 3100 4850 communionis
3139 4795 3356 4853 modos
3384 4800 3603 4854 natura
3624 4799 3925 4868 contulit,

529 4915 728 4973 operae
745 4898 1002 4972 pretium
1017 4894 1127 4948 fuit
1137 4889 1212 4946 de
1229 4883 1762 4959 temperationibus
1774 4885 2087 4942 hominum
2119 4900 2317 4954 agere.
2347 4887 2465 4940 Has
2488 4884 2665 4954 igitur
2691 4882 2876 4973 hocin
2900 4883 3055 4940 libro
3071 4886 3518 4944 accuratissime
3536 4893 3883 4960 pertractat
3909 4909 3924 4947 :

528 4971 684 5061 quas
706 4984 1038 5052 nonaginta
1057 4981 1210 5035 duas
1227 4992 1356 5032 esse
1372 4973 1602 5037 asserit,
1627 4980 1838 5047 praeter
1857 4975 2193 5046 simplicem
2218 4974 2454 5030 etillam
2473 4989 2610 5046 quae
2659 4971 2916 5044 simplici
2961 4974 3302 5045 respondet.
3332 4975 3613 5044 Galenus,
3638 4977 3750 5035 lib.
3779 4995 3799 5035 ι
3828 4981 3930 5038 De

531 5085 778 5146 tempor.
805 5071 1104 5142 sapienter
1130 5070 1353 5137 monet,
1385 5081 1422 5122 a
1461 5064 1613 5120 bene
1636 5069 1963 5136 temperata
1984 5063 2403 5120 constitutione
2427 5062 2837 5134 incipiendum
2861 5077 3018 5132 esse,
3056 5063 3172 5119 nisi
3198 5064 3336 5136 quis
3355 5065 3494 5121 velit
3519 5066 3582 5121 in
3631 5082 3921 5125 errorem

517 5163 752 5229 induci.
768 5163 913 5215 Nam
929 5158 1128 5214 sicum
1147 5157 1300 5212 bene
1318 5158 1648 5227 temperata
1667 5153 1814 5210 alias
1833 5152 2295 5224 temperationes
2341 5151 2806 5223 comparaveris,
2829 5151 2993 5206 nullo
3016 5153 3257 5222 negotio
3269 5153 3436 5226 quod
3455 5154 3518 5210 in
3551 5156 3776 5228 quavis
3811 5172 3929 5214 ex-

526 5245 1538 5320 cedat,deﬁciatve,reperies.Quare
1565 5244 1759 5315 primo
1785 5242 1861 5298 de
1884 5242 1998 5297 illis
2026 5257 2163 5314 quae
2189 5246 2254 5296 ut
2283 5240 2629 5312 simpliciter
2658 5243 2998 5312 temperatas
3029 5247 3132 5298 aut
3159 5244 3570 5314 intemperata
3597 5246 3919 5302 constitu—

527 5344 720 5401 tiones
743 5338 1216 5404 considerantur,
1231 5334 1557 5392 dicendum
1585 5338 1691 5389 est.
1715 5331 1976 5403 Simplex
2008 5335 2096 5386 est
2117 5329 2380 5403 illa,qum
2401 5344 2598 5401 neque
2626 5328 3016 5386 intensionem
3032 5345 3228 5403 neque
3243 5332 3666 5390 remissionem
3695 5333 3927 5406 habet,

525 5427 952 5501 sequualiter
971 5426 1266 5484 habetilla
1276 5429 1505 5495 septem
1521 5427 1568 5478 A
1589 5425 1628 5477 Β
1659 5423 1721 5489 C,
1738 5426 2023 5502 praeterea
2036 5423 2075 5475 E
2101 5422 2138 5475 F
2155 5421 2196 5476 G
2230 5419 2298 5472 H.
2322 5418 2436 5474 Sed
2454 5417 2745 5489 quoniam
2765 5416 3064 5487 ejusmodi
3093 5421 3441 5478 constitutio
3468 5421 3933 5494 perfectissie

528 5516 778 5591 aequalis
812 5520 909 5573 vix
928 5516 1234 5588 reperitur,
1255 5514 1478 5570 idcirco
1491 5510 1966 5578 illaconstitutio,
1985 5525 2122 5582 qua:
2151 5507 2232 5565 ad
2257 5508 2414 5564 hanc
2434 5505 2865 5579 perfectissime
2893 5507 3190 5580 aequalem
3211 5509 3484 5582 proxime
3513 5511 3933 5578 accedet,erit

523 5608 587 5664 in
612 5605 820 5677 primis
838 5604 1137 5679 Optabilis.
1165 5602 1264 5659 Ille
1283 5598 1824 5672 temperatissimus
1845 5597 2031 5653 homo
2051 5601 2162 5663 est,
2184 5597 2380 5670 inquit
2399 5596 2676 5664 Calenus,
2694 5596 2799 5666 qui
2826 5597 3094 5668 corporis
3111 5597 3321 5655 habitu
3346 5599 3583 5656 medius
3629 5605 3722 5658 est
3748 5601 3933 5659 inter

529 5694 942 5771 gracilitatem,
975 5690 1454 5757 crassitudinem,
1474 5687 1774 5758 duritiem,
1798 5685 2132 5754 mollitiem,
2165 5685 2430 5758 itemque
2447 5684 2708 5741 calorem
2736 5689 2794 5740 et
2817 5683 3022 5756 frigus.
3046 5685 3212 5744 Idem
3256 5687 3460 5746 animo
3488 5703 3740 5764 quoque
3772 5705 3929 5748 me-
