4124 6402
228 308 372 370 1265
839 312 1193 368 THEODOBI
1217 314 1264 368 II
1296 313 1436 371 IMP.
1469 314 1561 368 DE
1586 312 1856 368 COMMUI‘

1991 313 2046 367 IE
2085 314 2460 374 NATURALI.
2491 349 2563 360 --
2590 316 2988 374 PRIEFATIO.
3482 321 3619 377 1266

221 439 365 496 dius
391 442 480 496 est
518 439 672 494 inter
696 438 1017 494 audaciam
1045 443 1100 494 et
1127 430 1424 505 timorem,
1453 437 1605 494 inter
1633 438 2110 495 misericordiam
2138 444 2193 495 et
2224 441 2536 498 invidiam.
2580 445 2676 498 Est
2717 444 2897 499 etiam
2929 442 3146 510 alacer,
3180 443 3465 516 φιλόφιλος,
3506 445 3618 500 hu-

218 545 447 586 manus
465 533 525 584 et
554 527 838 600 prudens,
871 533 927 582 et
955 528 1245 600 quoniam
1272 527 1640 600 comparatio
1661 528 1722 582 in
1738 528 1831 582 his
1849 530 2378 600 conjugationihus
2398 531 2600 588 locum
2622 533 3258 606 habet,circumspecte
3278 533 3612 590 videndum

218 623 333 692 est,
367 618 516 694 quid
540 633 680 674 cum
717 633 841 689 quo
879 617 1287 674 conferamus.

1433 848 1804 948 QUARTI
1865 849 2392 943 SERMONIS.

225 1085 522 1152 Quoniam
544 1083 832 1146 ἐπιτάσεως
855 1087 946 1135 καὶ
981 1081 1196 1142 ἀνέσεως
1234 1081 1321 1137 vis
1373 1096 1775 1154 permagnum
1817 1082 1853 1136 h

1968 1086 1998 1137 et
2053 1097 2236 1137 usum
2273 1083 2336 1138 in
2381 1082 2938 1154 conjugationibus,
2994 1084 3079 1140 uti
3124 1099 3308 1155 supra
3345 1084 3596 1142 demon-

222 1179 477 1230 stratum
499 1177 603 1244 est,
627 1174 690 1228 in
716 1173 826 1228 hoc
847 1177 1060 1244 quarto
1087 1187 1364 1226 sermone
1387 1171 1833 1227 accuratissime

1967 1171 2108 1228 obat
2144 1172 2378 1224 ἐπίτασιν
2400 1177 2489 1225 καὶ
2543 1172 2737 1236 ἄνεσιν,
2795 1173 2910 1228 hoc
2941 1177 3032 1229 est
3098 1173 3499 1230 intensionem
3525 1191 3595 1231 ac

220 1263 640 1319 remissionem
662 1277 790 1318 esse
837 1269 930 1313 τοῦ
955 1268 1128 1326 ποιοῦ,
1174 1275 1298 1316 non
1328 1265 1530 1316 autem
1579 1260 1758 1320 οὐσίας
1784 1281 1848 1314 δια

1964 1269 1982 1314 5
2008 1269 2195 1316 ποσοῦ.
2230 1259 2570 1334 Ἐπιδέχεται
2599 1259 2678 1331 δὲ,
2700 1263 2894 1336 inquit
2919 1263 3276 1335 Aristoteles,
3311 1267 3371 1316 τὸ
3402 1264 3592 1337 μᾶλλον

217 1357 302 1405 χοὶ
325 1356 383 1404 τὸ
413 1353 564 1411 ἧττον
585 1353 651 1404 τά
670 1371 782 1407 ποι.
809 1349 987 1402 λευκὸν
1016 1353 1117 1422 γάρ
1146 1349 1334 1421 μᾶλλον
1359 1354 1448 1400 καί
1479 1349 1632 1407 ἧττον
1677 1351 1839 1422 ἕτερον

1963 1371 2051 1425 pou
2101 1352 2301 1423 λέγεταε
2351 1395 2365 1419 ,
2422 1357 2531 1417 etc,
2583 1355 2646 1406 In
2697 1352 2812 1407 hoc
2865 1354 3046 1408 etiam
3089 1368 3366 1408 sermone
3418 1355 3591 1412 docet

213 1447 462 1515 propter
489 1441 839 1514 qualitatem
886 1456 979 1494 res
1027 1440 1143 1494 dici
1183 1439 1403 1494 similes
1450 1444 1506 1494 et
1557 1439 1841 1495 disemiles

1961 1447 2112 1512 )μοια
2159 1437 2218 1493 δὲ
2247 1462 2277 1499 η
2306 1440 2542 1514 ἀνόμοια,
2600 1441 2796 1513 inquit
2834 1441 3189 1512 Arsitoteles,
3252 1461 3388 1494 κατα
3426 1463 3589 1515 μονας

213 1533 313 1593 τοίς
341 1535 625 1591 ποιότητας
658 1530 878 1602 λέγεται·
918 1530 1094 1601 ὅμοιον
1131 1531 1233 1602 γὰρ
1263 1529 1430 1602 ἕτερον
1467 1529 1619 1603 ἑτέρῳ
1649 1531 1762 1580 κατ’
1803 1529 1896 1581 ἄλλ
1934 1527 2105 1599 οὐδὲν,
2140 1530 2247 1600 ἀλλ(
2303 1530 2334 1589 ἣ
2389 1531 2507 1584 καθ’
2532 1532 2708 1582 ὄποιὸν
2762 1531 2896 1587 ἐστι.
2936 1530 3047 1586 Sed
3086 1546 3382 1603 quorsum
3412 1532 3588 1588 hinc?

213 1620 509 1677 Nimirum
532 1625 594 1674 ut
622 1619 883 1674 sciamus
913 1618 1314 1673 intensionem
1346 1634 1415 1672 ac
1443 1618 1878 1684 remissionem,
1922 1619 2371 1675 similitudinem
2403 1635 2474 1676 ac
2512 1619 3061 1675 dissimilitudinem
3125 1619 3350 1676 habere
3379 1620 3582 1678 locum

208 1709 274 1766 in
302 1708 664 1765 enumeratis
689 1707 1234 1779 conjugationibus,
1267 1721 1390 1763 non
1419 1707 1649 1766 ratione
1679 1706 1836 1761 οὐσία

1950 1709 2021 1766 8d
2041 1709 2268 1767 ratione
2327 1716 2421 1764 τοῦ
2480 1715 2634 1764 ποιοῦ
2683 1717 2775 1769 τῆς
2803 1713 3104 1776 ποιότητος,
3175 1709 3342 1782 quod
3399 1711 3578 1768 etiam

213 1815 402 1874 supra
432 1798 804 1855 monuimus.

1433 2013 1770 2111 QUINTI
1829 2013 2352 2106 SERMONIS.

283 2272 347 2324 In
359 2267 568 2340 quinto
593 2281 866 2323 sermone
878 2264 1229 2338 gravissime
1245 2282 1314 2322 ac
1333 2265 1772 2338 sapientissime
1786 2265 2024 2321 disserit
2038 2265 2112 2321 de
2142 2265 2458 2321 hominum
2482 2263 3010 2320 communionibus
3023 2262 3173 2319 inter
3193 2278 3274 2318 se.
3292 2264 3576 2320 Convenit

205 2357 461 2428 homini,
499 2356 696 2430 inquit
733 2355 1009 2423 Galenus,
1050 2360 1115 2410 ut
1154 2355 1228 2411 sit
1267 2355 1761 2427 sapientissimus.
1795 2355 1949 2410 Alibi
1985 2355 2161 2411 docet
2199 2355 2352 2410 bene
2391 2359 2448 2411 et
2485 2355 2795 2427 aequaliter
2827 2358 3228 2425 temperatum
3261 2369 3390 2408 esse
3425 2369 3573 2426 pru-

207 2447 447 2503 dentem
461 2490 474 2503 .
496 2445 644 2501 Cum
661 2449 863 2502 autem
876 2444 1200 2500 similitudo
1212 2445 1713 2515 temperationum
1737 2444 2067 2514 conjungat
2083 2449 2138 2500 et
2159 2443 2461 2500 consociet
2478 2443 2754 2499 homines
2774 2442 2924 2499 inter
2953 2458 3035 2513 se,
3059 2458 3181 2512 quo
3201 2442 3574 2515 praestantior

202 2536 378 2592 fuerit
403 2534 790 2591 consociatio.
818 2537 994 2589 Porro
1023 2533 1120 2589 hic
1148 2549 1356 2588 rursus
1383 2533 1499 2588 duo
1515 2538 1654 2588 sunt
1667 2534 2155 2590 communicandi
2176 2534 2344 2589 modi
2367 2534 2542 2589 nobis
2563 2533 2875 2605 diligenter
2892 2532 3278 2589 observandi.
3305 2535 3468 2589 Unus
3484 2537 3573 2590 est

198 2628 337 2678 κατά
360 2629 455 2684 τήν
489 2629 692 2697 σοφίαν,
723 2623 870 2680 alter
884 2628 975 2680 est
1003 2625 1134 2676 κατά
1154 2628 1249 2681 τὴν
1279 2623 1546 2682 πολιτικὴν
1578 2627 1826 2696 φρόνησιν

1943 2624 2212 2680 iscrimen
2251 2624 2366 2679 hoc
2393 2622 2621 2679 elicitur
2651 2638 2723 2678 ex
2752 2622 3098 2678 discrimine
3124 2627 3310 2695 σοφὶας
3329 2629 3420 2676 καὶ
3453 2643 3571 2698 φρο-

196 2718 413 2782 νήσεως,
451 2713 617 2787 quod
638 2713 885 2787 quidem
924 2713 1248 2769 discrimen
1301 2729 1439 2768 cum
1479 2713 1683 2768 multis
1720 2713 1780 2768 in
1819 2713 1985 2779 locis,
2036 2717 2166 2769 tum
2195 2730 2255 2783 x,
2289 2715 2368 2768 De
2413 2712 2617 2779 moris,
2643 2711 2722 2768 ab
2773 2710 3080 2768 Aristotele
3105 2711 3447 2782 assignatur
3474 2711 3570 2768 his

194 2804 398 2861 verbis
434 2803 810 2864 εΣυνέζευκται
842 2798 901 2856 δὴ
938 2804 1336 2875 καὶὴφρόνησις
1365 2811 1428 2875 τῇ
1455 2810 1548 2855 τοῦ
1576 2803 1734 2864 ἧθους
1756 2800 1910 2876 ἁρετῆ
1948 2846 1962 2872 ,
1995 2807 2084 2854 καὶ
2123 2801 2254 2859 αὕτη
2287 2809 2350 2873 τῇ
2385 2805 2652 2874 φρονήσει,
2681 2803 2821 2873 ι’ἰπερ
2871 2802 2924 2854 αἱ
2977 2803 3067 2872 μὶν
3119 2807 3210 2860 τῆς
3272 2804 3568 2874 φρονήσεως

194 2893 365 2970 ἀρχαὶ
389 2891 526 2946 κατᾶ
556 2891 652 2954 τὰς
676 2894 863 2954 ὴθικάς
893 2891 1024 2944 εἰσιν
1047 2891 1253 2966 ἀρετὰς,
1288 2895 1346 2944 τὸ
1378 2888 1428 2944 δ’
1472 2891 1623 2965 ὀρθὸν
1651 2900 1755 2943 τῶν
1786 2894 1982 2950 ὴθῖκῶν
2003 2894 2138 2944 κατὰ
2167 2895 2260 2950 τὴν
2284 2895 2556 2963 φρόνησιν,
2589 2892 2938 2963 Συνηρτμέναι
2965 2885 3017 2941 δ’
3045 2885 3324 2952 αὖταιτοῖς
3353 2891 3566 2960 πάθεσι,

195 2987 287 3036 καὶ
322 2986 440 3057 περὶ
476 2984 535 3033 τὸ
569 2983 810 3035 σύνθετον
842 2983 903 3033 ἀν
934 2979 1050 3047 εἶεν,
1083 2983 1138 3033 αἰ
1168 2977 1228 3034 δὲ
1255 2989 1344 3034 τοῦ
1379 2980 1627 3033 συνθέτου
1660 2979 1840 3054 ἀρεταὶ
1871 2979 2220 3056 ἀνθρωπικαὶ,
2260 2984 2349 3032 καὶ
2376 2981 2401 3032 ὁ
2434 2978 2554 3052 βίος
2584 2976 2643 3032 δέ
2668 2980 2694 3032 ὁ
2719 2978 2836 3032 κατ’
2867 2978 3026 3040 αὐτὰς
3051 2984 3139 3032 καὶ
3169 2981 3198 3038 ἡ
3233 2975 3564 3052 εὐδαιμονιοι,

197 3076 230 3129 ὴ
259 3067 317 3124 δὲ
340 3078 431 3123 τοῦ
460 3073 568 3126 Νοῡ
593 3073 976 3144 κεχωρισμένη.
1005 3071 1086 3125 De
1117 3069 1541 3126 communione
1566 3069 1772 3142 politia
1793 3070 1825 3124 it

1939 3070 2144 3126 lAI‘iSi.
2177 3069 2283 3127 lib.
2306 3085 2399 3125 VIII
2439 3067 2730 3140 moribus,
2762 3084 2886 3140 quo
2907 3068 2968 3124 in
3005 3067 3138 3126 loco
3166 3070 3257 3129 τὰς
3293 3067 3567 3132 πολιτικὰς

193 3165 466 3222 κοινωνὶας
492 3160 609 3213 καθ’
636 3160 862 3219 ἱκαστην
892 3167 991 3213 τῶν
1020 3159 1290 3213 πολιτειῶν
1321 3159 1624 3229 eleganter
1653 3159 1949 3216 excendit.

1447 3391 1739 3483 SEXTI
1809 3389 2331 3485 SERMONIS.

260 3625 324 3682 In
352 3630 514 3683 sexto
543 3630 854 3699 comparat
883 3626 1192 3683 scientiam
1214 3641 1352 3682 cum
1382 3630 1529 3692 arte,
1566 3630 1623 3682 et
1651 3630 1932 3681 naturam
1962 3639 2100 3680 cum
2120 3623 2571 3697 temperatione,
2606 3624 2902 3697 docetque
2927 3628 3118 3682 artem
3143 3625 3223 3681 ad
3248 3624 3559 3683 scientiam

185 3717 433 3789 perinde
475 3732 538 3772 se
558 3716 782 3772 habere
798 3720 978 3788 atque
1003 3717 1499 3788 temperationem
1521 3715 1600 3771 ad
1612 3719 1910 3771 naturam.
1929 3716 2214 3770 Praeterea
2236 3717 2440 3768 monet
2459 3717 2740 3769 naturam
2762 3717 2819 3769 et
2837 3712 3149 3770 scientiam
3162 3729 3292 3770 esse
3309 3715 3442 3785 conj
3452 3730 3561 3770 un-

183 3805 431 3875 gendae,
459 3810 522 3861 ut
550 3805 794 3862 scientia
813 3810 1091 3861 naturam
1115 3805 1292 3878 quasi
1309 3804 1605 3860 informet.
1624 3804 1887 3876 Denique
1900 3802 2203 3858 constituit
2221 3802 2366 3864 τὰξιν
2393 3801 2748 3874 quamdam,
2762 3818 2836 3858 ex
2851 3817 2968 3874 qua
2985 3803 3314 3874 poterimus
3335 3818 3561 3873 cogno-

185 3907 347 3948 scere
367 3893 511 3949 illud
549 3893 714 3966 quod
736 3898 824 3950 est
854 3894 1047 3967 magis
1068 3901 1173 3950 aut
1205 3894 1402 3949 minus
1426 3897 1755 3965 τειαγμένον,
1785 3893 1901 3948 hoc
1931 3896 2035 3962 est,
2054 3891 2247 3960 magis
2260 3897 2364 3947 aut
2380 3891 2579 3947 minus
2612 3891 2949 3947 secundum
2969 3894 3251 3948 naturam
3281 3898 3339 3947 et
3369 3891 3557 3948 scien-

187 3981 353 4038 tiam.
371 3982 538 4047 Quod
577 3982 928 4056 utperﬁciat,
962 3984 1144 4040 utitur
1189 3983 1630 4038 mathematicis
1660 3982 1994 4051 ﬁgurarum
2007 3979 2896 4053 comparationibus,docetque
2915 3979 3175 4050 ﬁguram
3193 3980 3553 4052 sphaericam

185 4085 319 4127 esse
341 4086 526 4142 supra
547 4071 698 4128 alias
715 4088 926 4128 omnes
951 4076 1266 4144 τεταγμένην
1282 4071 1499 4127 deinde
1510 4071 1872 4143 quadratam
1895 4069 2175 4140 ﬁguram,
2195 4073 2498 4140 postremo
2512 4069 2882 4138 triangulum
2917 4069 3350 4142 aequilaterum.
3378 4071 3552 4136 Quod

184 4159 340 4229 igtur
365 4159 426 4215 in
447 4161 889 4218 mathematicis
902 4161 1134 4232 ﬁguris,
1156 4161 1446 4233 sphaerica
1473 4161 1691 4229 ﬁgura,
1706 4159 1765 4216 id
1779 4159 1934 4215 estin
1952 4157 2133 4214 rebus
2142 4157 2429 4213 humanis
2445 4157 2752 4230 sapientiae
2769 4157 3169 4230 etprudentiaa
3183 4174 3323 4214 cum
3338 4163 3556 4216 natura

186 4249 549 4320 conjunctio,
563 4250 865 4322 etquodin
880 4249 993 4305 illis
1005 4255 1061 4305 et
1078 4250 1374 4322 quadrata
1385 4249 1602 4320 ﬁgura,
1617 4249 1678 4305 in
1689 4249 1780 4305 his
1794 4253 1882 4304 est
1912 4248 2172 4304 scientiae
2195 4265 2334 4304 cum
2355 4254 2571 4304 natura
2599 4248 2734 4318 conj
2744 4249 2966 4305 unctio.
2988 4250 3290 4304 Postremo
3303 4247 3471 4321 quod
3488 4248 3552 4305 in

185 4337 298 4394 illis
329 4339 744 4412 requilaterum
783 4340 1167 4410 triangulum,
1199 4341 1293 4396 his
1323 4346 1414 4397 est
1434 4340 1574 4396 artis
1605 4356 1741 4396 cum
1764 4337 2300 4410 temperationibus
2321 4337 2696 4393 naturalibus
2721 4337 3084 4407 conjunctio.
3109 4339 3190 4394 De
3206 4338 3555 4410 praestantia

187 4427 494 4499 sphaericaa
523 4427 732 4497 ﬁguras
767 4430 896 4485 haec
934 4429 1291 4496 Aristoteles,
1324 4435 1448 4502 Περὶ
1477 4429 1695 4504 οὐρανοῦ
1729 4428 1800 4502 β’.

1922 4449 2004 4480 ταν
2037 4424 2103 4486 δὴ
2135 4435 2328 4500 σχῆμα
2368 4423 2610 4479 ἐπίπεδον
2641 4427 2670 4485 ἦ
2705 4426 3074 4501 εὐθύγραμμον
3107 4426 3244 4480 ἐστιν
3275 4430 3306 4486 ἦ
3343 4434 3550 4502 περιφε-

185 4519 512 4588 ρόγραμμον,
542 4520 630 4568 καὶ
657 4520 714 4568 τὸ
745 4519 834 4590 μὲν
864 4517 1230 4592 εὐθύγραμμον
1264 4519 1365 4570 ὐπὸ
1392 4518 1632 4571 πλειονων
1664 4523 1958 4591 περιέχεται
1976 4527 2248 4591 γραμμῶν,
2283 4521 2340 4570 τὸ
2381 4514 2440 4569 δὲ
2478 4521 2960 4591 περιφερόγραμμον
3008 4519 3108 4569 ὑπὸ
3139 4523 3282 4590 μιᾶς.
3316 4517 3459 4570 Ἐπεὶ
3493 4515 3552 4570 δὲ

189 4607 428 4678 πρότερον
448 4612 510 4663 τῆ
541 4607 759 4677 φύσειέν
791 4605 993 4678 ἑκάστῳ
1018 4610 1151 4678 γένει
1180 4613 1237 4658 τό
1278 4607 1325 4658 ἐν
1357 4615 1456 4658 τῶν
1487 4607 1684 4660 πολλῶν
1731 4613 1820 4660 καὶ
1847 4627 1903 4659 το
1943 4607 2135 4659 ἁπλουν
2181 4613 2272 4658 τοῦ
2328 4609 2594 4676 συνθέτου,
2652 4613 2855 4680 πρῶτον
2899 4604 2958 4658 ἂν
3013 4609 3090 4665 εἰη
3147 4615 3247 4659 τῶν
3285 4603 3546 4660 ἐπιπέδων

193 4695 482 4763 σχημάτων
531 4695 557 4746 ὁ
613 4693 817 4761 κύκλος,
866 4700 981 4750 etc.
1031 4694 1197 4760 Quod
1245 4696 1293 4749 si
1347 4696 1482 4766 quis
1539 4696 1798 4752 auctoris

1924 4696 2048 4752 )Stl‘i
2105 4695 2332 4752 factum
2385 4697 2542 4752 ausit
2599 4695 3036 4768 reprehendere
3101 4697 3270 4769 quod
3321 4696 3552 4754 mathe-

185 4782 405 4837 matica
434 4783 705 4855 physicis
737 4783 1089 4844 admisceat.
1121 4783 1509 4856 respondebit
1536 4784 1775 4840 Proclus

1923 4788 2004 4847 τὸς
2071 4781 2130 4837 δὲ
2152 4789 2246 4842 τὴν
2301 4789 2525 4857 φυσικὴν
2557 4787 2769 4858 θεωρίαν
2824 4788 2888 4839 τὰ
2917 4790 3143 4858 μέγιστα
3200 4785 3551 4858 συμϐάλλεται

185 4871 550 4943 μαθηματικὴ,
626 4878 720 4931 τήν
749 4893 803 4926 τε
862 4882 961 4926 τῶν
1023 4873 1186 4944 λογων
1253 4872 1490 4936 εὐταξίαν
1556 4873 1913 4946 ἀναφαίνουσα
1985 4875 2104 4927 καθ’
2171 4873 2232 4931 ἢν
2308 4870 2768 4950 δεδημιούργηται
2805 4879 2864 4928 τὸ
2925 4881 3048 4946 πᾶν,
3110 4880 3199 4928 καὶ
3271 4874 3548 4946 ἀναλογίαν

187 4961 281 5018 τήν
332 4962 505 5014 πάντα
563 4966 630 5014 τα
673 4961 721 5014 ἐν
775 4971 848 5035 τῷ
895 4968 1070 5035 κὸσμφ
1131 4958 1490 5028 συνδήσασαν,
1543 4964 1608 5024 ὥς
1651 4965 1751 5015 πού
1801 4983 1958 5036 φησιν
2011 4971 2253 5036 Τιμαίος,
2329 4969 2420 5016 καὶ
2494 4964 2616 5036 φίλα
2697 4967 2763 5016 τά
2854 4968 3135 5037 μαχόμενα
3210 4969 3301 5018 καὶ
3373 4983 3547 5039 προσ-

181 5050 352 5122 ἠγορα
395 5054 486 5103 καὶ
547 5054 798 5123 συμπαθῆ
848 5056 913 5105 τά
965 5049 1228 5106 διεστῶτα
1284 5057 1560 5110 ποιήσασα
1626 5057 1714 5105 καὶ
1750 5056 1816 5105 τὰ
1871 5053 2011 5106 ἁπλᾶ
2051 5059 2142 5106 καὶ
2197 5057 2514 5128 πρωτουργὰ
2567 5057 2814 5125 στοιχεῖα
2855 5059 2944 5107 καὶ
2993 5056 3160 5112 πάντη
3213 5061 3275 5127 τῇ
3337 5072 3545 5126 συμμε-

179 5143 302 5213 τρίᾳ
328 5145 419 5194 καὶ
446 5149 509 5200 τῆ
538 5139 742 5198 ἰσότητι
771 5146 1094 5216 συνεχόμενα
1126 5139 1366 5205 δείξασα.
1409 5143 1551 5208 Quae
1583 5158 1762 5214 porro
1792 5143 1807 5198 i

1919 5148 2172 5199 extremo
2207 5143 2362 5200 libro
2410 5143 2690 5199 dicuntur
2739 5148 2859 5220 περὶ
2895 5151 2992 5197 τοῦ
3029 5150 3382 5216 τριγωνισμοῦ
3429 5143 3547 5199 cir-

180 5227 318 5296 culi,
343 5244 467 5284 non
489 5245 738 5301 possum
758 5231 1000 5300 adduci,
1032 5237 1095 5288 ut
1124 5231 1367 5288 credam
1383 5231 1483 5286 illa
1503 5247 1640 5287 esse
1660 5233 1847 5287 nostri
1867 5234 2146 5298 auctoris,
2171 5249 2310 5288 cum
2339 5233 2482 5307 quia
2511 5237 2650 5290 sunt
2679 5241 2892 5306 praeter
2915 5233 3248 5290 institutam
3281 5233 3548 5304 disputa-

91 5391 99 5396 .
178 5317 401 5374 tionem
430 5319 660 5385 addita,
693 5326 820 5376 tum
849 5322 1032 5378 etiam
1061 5322 1205 5393 quia
1252 5328 1388 5376 sunt
1444 5321 1718 5392 puerilia.

1915 5342 1923 5377 ι
1985 5322 2172 5378 verba
2213 5324 2362 5390 haec,
2387 5325 2454 5375 τὰ
2498 5331 2624 5394 γοῦν
2678 5342 2762 5390 ατ,
2803 5343 2892 5393 τη,
2926 5323 3012 5390 ηϐ,
3055 5321 3150 5392 ϐω,
3182 5342 3277 5396 οχ,
3311 5342 3410 5395 χα,
3441 5327 3543 5395 τμή

175 5426 316 5478 ματα
339 5408 404 5460 τὰ
427 5406 486 5460 ἔτι
507 5415 596 5468 τῆς
624 5409 816 5462 κύκλου
853 5414 1118 5483 πιριφιίας
1139 5415 1230 5462 καὶ
1287 5419 1384 5462 τῶν
1444 5415 1708 5483 τριγώνων
1768 5409 1996 5482 πλευρων
2053 5415 2315 5483 γινόμενα,
2381 5414 2615 5464 ἔστωσαν
2647 5412 2741 5464 ἶσα
2795 5420 2902 5474 τοῖς
2928 5409 3059 5466 δυσὶ
3119 5419 3394 5486 τριγώνοις
3422 5409 3544 5472 τηὸ”

174 5494 310 5568 χωγ’
331 5497 474 5568 quid
509 5497 672 5553 aliud
692 5498 936 5562 habent,
969 5515 1156 5570 quam
1189 5498 1505 5572 αἱτημαλίαν
1535 5499 1735 5564 εὔηθες,
1761 5515 1798 5554 u

1916 5499 2102 5572 {uitur
2126 5500 2464 5556 Aristoteles
2481 5500 2508 5556 ?
2530 5490 2780 5557 Additur
2795 5501 3012 5559 deinde
3027 5502 3180 5559 ratio
3209 5519 3343 5575 quae
3372 5503 3544 5573 igna-

178 5585 530 5655 vumgingeni
542 5603 641 5642 um
654 5587 870 5658 arguit,
885 5583 1147 5661 δηλοίγάρ
1160 5588 1287 5641 αὐτὸ
1300 5593 1388 5640 καὶ
1413 5590 1441 5645 ἠ
1458 5589 1618 5646 aia-6n
1628 5605 1806 5657 σις,ου

1918 5588 2408 5646 lemonstratione
2429 5605 2584 5661 opus
2611 5587 2804 5645 fuerit.
2821 5591 3230 5656 Quamobrem
3241 5591 3420 5648 credo
3433 5607 3546 5663 ego

173 5674 528 5736 addita’esse
552 5675 656 5738 illa
675 5677 1297 5752 aGrnculoquodam;
1320 5677 1682 5751 quodetiam
1705 5677 1957 5750 quilibet
1983 5694 2057 5736 ex
2068 5683 2377 5736 contextus
2389 5679 2539 5737 serie
2569 5678 2735 5738 nullo
2745 5681 2989 5751 negotio
3010 5681 3305 5754 conjicere
3317 5685 3541 5754 potest,
