4124 6396
500 278 639 336 i267

1995 275 2355 336 ADDENDA.

3736 282 3884 340 {268

506 401 3879 437 Mm

1199 569 2047 690 ΘΕΟΔΩΡΟΥ
2123 573 2403 689 ΤΟΥ
2477 566 3163 691 ΛΑΣΚΑΡΙ

1098 817 1231 865 ΤΟΥ
1283 815 1439 865 ΥΙΟΥ
1488 813 1812 865 ΜΕΓΔΛΟΥ
1864 814 2188 866 ΒΛΣΙΛΕΩΣ
2248 816 2464 867 ΚΥΡΟΥ
2517 815 2822 868 ΙΩΑΝΝΟΥ
2875 818 3006 868 ΤΟΥ
3058 813 3282 868 ΔΟΥΚΛ

1195 1001 1508 1116 ΤΗΣ
1573 1001 2240 1116 ΦΥΣΙΚΗΣ
2306 1001 3176 1121 ΚΟΙΝΩΝΙΑΣ

1735 1244 2128 1336 ΛΟΓΟΣ
2169 1246 2657 1339 ΠΡΩΤΟΣ.

1419 1670 2186 1797 THEODOBI
2283 1674 2978 1802 LASCARIS

1263 1943 1423 2000 FILII
1483 1943 1698 2002 SUMMI
1755 1945 2222 2005 IMPERATORIS
2280 1946 2526 2006 DOMINI
2579 1947 2869 2006 JOANNIS
2927 1945 3135 2006 DUCE

1170 2139 1358 2253 DE
1435 2132 2192 2254 NATURALI
2269 2141 3207 2254 COMMUNIONE

1745 2377 2114 2471 SERMO
2172 2385 2600 2474 PRIMUS

581 2786 630 2841 α’
671 2784 758 2841 Ἐκ
823 2783 1019 2839 πολλῶν
1058 2785 1148 2858 μὶν
1193 2785 1516 2860 πραγμάτων
1561 2788 1653 2838 καὶ
1719 2783 1883 2848 ἄλλως
1964 2787 2170 2857 γνόντες

513 2878 849 2952 οἱᾶνθρωποι
887 2874 966 2928 ὃτι
1003 2878 1061 2928 τὸ
1084 2877 1236 2948 φύσει
1274 2882 1504 2948 κρεῖττον
1567 2881 1659 2928 τοῦ
1718 2877 1875 2942 θὶσει,
1925 2875 2172 2950 ὑπερέχει

508 2987 564 3023 τε
589 2971 679 3020 καὶ
713 2973 805 3020 τοῦ
841 2967 1010 3038 τύχη,
1070 2969 1160 3018 καὶ
1189 2963 1242 3030 ἐξ
1297 2965 1465 3026 αιὶτῶν
1531 2962 1599 3024 δὴ
1668 2973 1857 3024 νοῆσαι
1895 2961 2166 3037 δύνανται,

508 3057 577 3109 ὧν
617 3055 889 3128 ἐπείγομαι
983 3054 1125 3118 λεξαι
1217 3062 1325 3121 νῦν,
1385 3060 1474 3107 καὶ
1530 3054 1623 3106 οὐκ
1679 3055 1741 3107 ἄν
1808 3054 1974 3117 ἄλλως
2029 3058 2170 3128 ἔχειν

509 3150 628 3206 εἶπη
668 3165 746 3208 τις
773 3144 914 3198 τοῦτ’
987 3143 1113 3197 αὐτὸ
1156 3148 1186 3204 ἦ
1229 3147 1299 3206 ὡς
1356 3140 1386 3204 ἦ
1480 3148 1675 3218 φυσικὴ
1745 3141 2027 3198 ἀκολουθία
2081 3149 2171 3199 καὶ

511 3234 712 3297 ἀληθὴς
775 3239 1109 3307 παραστήσει
1217 3237 1441 3309 τήμερον
1509 3229 1578 3286 δι’
1644 3232 1789 3305 ἐμοῦ·
1856 3232 2014 3288 Ἔστι
2079 3237 2170 3307 μὲν

511 3332 599 3378 οὖν
629 3326 782 3397 φύσις
819 3326 910 3375 καὶ
947 3326 1153 3386 κίνησις
1206 3321 1254 3375 ἒν
1295 3330 1358 3382 τῆ
1419 3325 1590 3394 φύσει,
1647 3325 1894 3383 ὡσαύτως
1951 3319 2001 3376 δ’
2058 3325 2171 3376 ἔστι

509 3418 600 3466 καὶ
629 3415 902 3488 μερισμόςο
938 3415 1065 3485 πρὸς
1114 3414 1214 3485 γὰρ
1283 3411 1648 3486 Ἀριστοτέλην
1711 3416 1796 3465 καὶ
1858 3415 2169 3486 Πυθαγόραν

508 3507 597 3556 καὶ
664 3503 972 3577 Ἑρμογένην
1059 3505 1148 3553 καὶ
1223 3498 1459 3575 Ὅμηρον
1518 3509 1700 3563 κοινῶς
1766 3503 1796 3560 ἠ
1889 3498 2166 3575 διαίρεσις,

511 3592 683 3668 ὥσπερ
714 3595 804 3645 καὶ
841 3593 897 3644 αἱ
938 3595 1156 3664 στιγμαὶ
1229 3598 1537 3666 μετροῦνται
1609 3598 1854 3664 στιγμαῖς
1914 3597 2002 3644 καὶ
2065 3597 2171 3652 τοῖς

503 3679 756 3754 ἀριθμοῖς
821 3678 1054 3752 ἀριθμοί.
1123 3686 1196 3752 Τῇ
1285 3683 1374 3753 μὲν
1438 3682 1538 3756 γάρ
1600 3686 1804 3740 κινήσει
1868 3680 1970 3734 εἰσί
2037 3683 2166 3754 μέρη

508 3776 764 3831 κινήσεως
793 3775 883 3823 καὶ
918 3777 1021 3831 τοῖς
1059 3773 1239 3844 μέρεσι
1299 3767 1548 3845 διαφορά,
1584 3776 1674 3824 καὶ
1712 3770 1770 3824 οὐ
1831 3773 1976 3834 θέσις
2033 3768 2171 3824 ἐστὶν

511 3861 679 3915 αὐτῶν
709 3863 738 3920 ἡ
769 3860 1000 3930 ὀντότης,
1040 3858 1168 3913 ἀλλὰ
1195 3865 1410 3924 ποιότης
1464 3864 1494 3920 ἠ
1556 3865 1691 3915 κατὰ
1740 3865 1917 3935 φύσιν,
1996 3861 2170 3938 ὣσπερ

513 3948 638 4005 οὐδέ
663 3959 724 4024 τῇ
757 3953 909 4024 φύσει
947 3953 978 4010 ἡ
1021 3955 1246 4018 κίνησις,
1318 3949 1444 4004 ἄλλα
1507 3955 1563 4006 τὸ
1639 3950 1768 4005 εἶναι
1836 3950 2015 4027 ἀρχὴν
2082 3956 2172 4026 μὲν

509 4046 786 4112 κινήσεως,
827 4043 1090 4114 πιριὶχειν
1158 4037 1217 4094 δε
1281 4046 1371 4094 καὶ
1437 4042 1623 4117 ἄρχειν
1681 4047 1772 4095 καὶ
1835 4041 2002 4105 αὐτῆς
2043 4045 2172 4095 στοί-

514 4148 660 4193 σεως’
694 4135 784 4185 καὶ
823 4130 979 4203 φύσις
1006 4133 1096 4203 μὲν
1136 4127 1224 4183 οὖν
1280 4139 1411 4186 κινεί
1471 4134 1642 4185 πάντα
1709 4134 1776 4185 τὰ
1841 4129 2016 4192 ἁπλῶς
2081 4134 2172 4182 καὶ

510 4221 831 4289 καθέκαστα,
872 4216 1108 4280 ἰδιότησι
1150 4219 1284 4294 [καὶ]
1322 4229 1563 4297 μερισμῷ
1604 4221 1952 4273 συνάπτουσα
2019 4220 2171 4270 θάτεο

509 4306 734 4384 ρα,οἶον
764 4312 826 4363 ἄν
865 4309 1001 4385 ληφῇ
1062 4312 1176 4366 κατ’
1229 4309 1473 4371 ἰδιότητα
1533 4317 1768 4383 φυσικῶς
1819 4310 1976 4380 μὶρη,
2029 4306 2096 4365 ὡς
2121 4304 2172 4356 ἓν

506 4407 579 4473 τῷ
603 4404 732 4476 πυρὶ
790 4402 850 4456 τὸ
915 4404 1200 4455 καυπικόν
1260 4407 1351 4456 καὶ
1413 4399 1752 4473 φωτιστικὸν,
1814 4397 1905 4447 καὶ
1972 4394 2020 4445 ἑν
2061 4399 2171 4455 τοῖς

578 4582 636 4638 1.
666 4583 814 4640 Cum
829 4595 904 4638 ex
923 4580 1126 4638 multis
1153 4578 1284 4636 aliis
1313 4575 1494 4634 rebus
1512 4568 1850 4639 intelligunt
1867 4568 2168 4634 homines,

503 4671 652 4731 illud
675 4671 843 4747 quod
865 4676 1088 4730 natura
1115 4671 1203 4726 est
1220 4672 1279 4725 et
1301 4668 1555 4733 constat,
1579 4659 1768 4718 multo
1794 4659 2171 4734 prasstantius

502 4778 635 4820 esse
663 4777 734 4820 eo
759 4761 925 4836 quod
961 4757 1256 4833 positione
1279 4771 1350 4812 ac
1378 4753 1619 4810 fortuna
1638 4755 1893 4823 constat,
1939 4754 2068 4809 tum
2099 4767 2171 4809 ex

502 4852 576 4910 iis
603 4867 741 4927 quae
761 4851 957 4908 dicere
989 4843 1324 4918 aggredior,
1359 4847 1620 4918 possunt
1671 4841 2167 4899 animadvertere.

2280 2783 2451 2847 ἄλλοις
2488 2784 2556 2839 τὰ
2593 2789 2777 2843 οἰκεῖα.
2830 2790 3052 2863 Πότερον
3086 2794 3174 2842 οῦν
3209 2787 3303 2842 οὐκ
3343 2787 3488 2866 ἀρχὴ
3517 2795 3619 2843 τῶν
3659 2787 3898 2866 ἐνύδρων

2280 2877 2311 2934 ἠ
2341 2873 2485 2950 ἁρχὴ
2526 2883 2627 2929 τῶν
2699 2882 2990 2951 χερσαίων,
3055 2881 3172 2932 οὔτε
3238 2887 3329 2942 τῆς
3391 2882 3591 2933 έκείνων
3631 2886 3902 2946 κινώσιως

2280 2967 2311 3024 ἠ
2359 2974 2455 3028 τῆς
2518 2967 2711 3020 τούτων
2779 2973 3034 3030 κινήσεως
3099 2973 3244 3025 ικαὶ
3310 2974 3522 3043 πότερον
3590 2970 3681 3023 οὐκ
3745 2969 3898 3045 ἁρχὴ

2284 3061 2578 3128 σχήματων
2634 3075 2897 3131 γραμμαι.
2931 3054 3047 3110 οὐδ’
3083 3056 3225 3133 ἀρχὴ
3286 3078 3547 3132 σχηματα
3583 3067 3683 3112 τῶν
3713 3080 3904 3135 γραμ-

2279 3152 2408 3216 μῶν,
2450 3143 2578 3198 ἀλλά
2631 3153 2729 3198 τῶν
2796 3147 2949 3219 ἄμφω
3017 3151 3190 3219 στγμή
3256 3147 3314 3200 Ei.
3381 3143 3432 3199 δ’
3499 3147 3661 3210 οὕτως
3727 3147 3907 3222 ἐστὶν,

2281 3235 2386 3308 ἄρα
2445 3234 2476 3292 ἡ
2541 3233 2596 3286 ἐκ
2658 3242 2755 3294 τῆς
2822 3236 3024 3307 φύσεως
3088 3239 3297 3295 κίνησις
3364 3237 3414 3287 εν
3468 3242 3738 3308 γραμμαῖς
3798 3245 3912 3294 καὶ

2284 3326 2536 3395 σχήμασι
2568 3327 2788 3394 στιγμήθ
2822 3319 2946 3375 οὐδὲ
2979 3325 3081 3397 γὰρ
3138 3325 3254 3397 εἶμη
3288 3343 3365 3386 τις
3396 3325 3550 3397 φῦσιν
3592 3325 3908 3398 σχημάτων

2280 3412 2462 3475 αὐτὴν,
2536 3409 2665 3463 ἀλλᾶ
2737 3414 3037 3471 κινηθεῖσαν
3111 3413 3166 3478 εξ
3222 3415 3403 3486 ἀρχῆς
3472 3423 3718 3487 φυσικῆς.
3779 3421 3905 3470 Τῶν

2278 3499 2441 3553 ἄλλων
2475 3507 2563 3553 οῦν
2585 3499 2824 3554 ἁπάντων
2857 3504 3106 3566 ὡσαῦτως
3169 3501 3398 3576 ἐχόντων
3459 3507 3550 3556 καὶ
3585 3512 3684 3556 τῶν
3747 3511 3902 3578 πρώ-

2277 3609 2377 3644 των
2422 3587 2603 3666 ἆρχῶν
2664 3592 2860 3644 τούτων
2927 3591 3097 3646 οὐσῶν
3161 3597 3458 3668 γνωρίμων,
3500 3591 3672 3664 πολλῷ
3703 3593 3904 3666 μᾶλλον

2278 3683 2337 3733 τὸ
2369 3682 2506 3733 κατὰ
2560 3682 2734 3753 φύσιν,
2798 3687 3033 3755 κρεῖττον
3100 3683 3130 3741 ἠ
3199 3685 3357 3756 φύσις
3406 3681 3522 3745 ἣτις
3595 3683 3906 3756 ὑπερέκεινα

2279 3771 2484 3824 πάντων
2513 3768 2643 3837 ἐστὶ,
2684 3773 2756 3843 μὴ
2832 3769 3038 3833 ἐντελῶς
3103 3773 3174 3833 ὡς
3255 3769 3397 3846 ἁρχὴ
3473 3778 3631 3838 ποιεῖ,
3697 3773 3762 3825 τὰ
3786 3776 3910 3845 μετ’

2281 3858 2476 3919 εκείνην
2501 3862 2649 3934 ἡμῖν,
2682 3861 2763 3913 ὅτι
2826 3856 2885 3914 δε
2961 3859 3184 3914 ἐνταῦθα
3243 3864 3330 3912 καὶ
3395 3864 3613 3923 κίνησος
3675 3866 3767 3914 καὶ
3799 3882 3901 3935 με-

2281 3955 2474 4025 ρισμὸς
2549 3950 2621 4012 εἰς
2696 3945 2944 4026 διάφορα,
3008 3946 3293 4025 πρόδηλον.
3360 3949 3725 4023 Ἀριστοτέλην
3791 3955 3904 4028 γὰρ

2281 4046 2373 4094 καὶ
2404 4039 2642 4114 ’Όμηρον
2673 4036 2967 4094 δίαστέλλει
3022 4041 3160 4093 κατὰ
3222 4043 3311 4098 τὸν
3368 4041 3505 4115 ὤραν
3570 4041 3600 4099 ἠ
3666 4044 3903 4103 κίνησις.

2283 4131 2442 4205 εἰγοίρ
2495 4131 2524 4187 ἠ
2567 4143 2606 4186 a
2643 4132 2769 4201 πρὸς
2807 4133 2901 4188 τὴν
2939 4150 2973 4201 γ
3043 4125 3138 4182 διὰ
3173 4139 3267 4192 τῆς
3295 4127 3325 4181 6
3393 4125 3596 4202 διέλθῃ,
3660 4132 3822 4193 ὄντως
3850 4129 3904 4184 ἐν

2284 4223 2497 4288 συνεχεί
2523 4221 2729 4275 κινήσει
2769 4214 3064 4291 διέρχεται,
3103 4223 3192 4270 καὶ
3233 4213 3596 4272 διαστέλλὲται
3625 4222 3684 4272 τὸ
3713 4218 3904 4274 λοιπὸν

2281 4308 2312 4363 ἠ
2345 4317 2384 4359 a
2430 4307 2624 4373 στιγμὴ
2665 4305 2792 4376 πρὸς
2829 4307 2982 4373 τὴνγ
3049 4307 3194 4378 παρὰ
3253 4313 3343 4367 τῆς
3397 4305 3456 4380 β,
3526 4303 3599 4361 δι’
3637 4308 3702 4372 ἧς
3761 4312 3906 4364 κατὰ

2283 4393 2557 4462 συνέχειαν
2595 4393 2654 4443 τὸ
2695 4395 2923 4464 συμφυές
2961 4389 3104 4445 ἐστιν
3144 4393 3348 4459 αὐταῖς·
3389 4405 3544 4453 τοῦτο
3584 4393 3644 4454 δε
3684 4403 3906 4464 κίνησις

2278 4567 2414 4642 ipsa
2437 4567 2670 4638 entitas,
2703 4573 2769 4626 ut
2788 4568 2870 4627 ita
2902 4568 3123 4640 dicam,
3153 4588 3259 4648 per
3277 4591 3465 4649 quam
3487 4575 3581 4634 hae
3611 4592 3707 4634 res
3747 4584 3900 4638 sunt

2280 4665 2370 4718 est
2393 4657 2608 4734 positio
2629 4675 2799 4728 ;cum
2823 4660 3043 4733 positio
3065 4662 3138 4719 sit
3162 4665 3422 4737 qualitas
3433 4682 3571 4740 quae
3585 4683 3661 4726 ex
3675 4673 3908 4730 natura

2280 4755 2370 4808 est
2401 4767 2415 4806 :
2444 4763 2568 4806 non
2595 4764 2766 4807 secus
2783 4754 2964 4822 atque
2978 4750 3040 4808 id
3055 4753 3220 4826 quod
3249 4758 3338 4811 est
3365 4756 3749 4830 naturaipsa,
3771 4774 3904 4816 non

2279 4839 2538 4898 dicimus
2569 4854 2697 4897 esse
2724 4844 2980 4908 motum,
3015 4842 3121 4898 sed
3149 4849 3431 4902 naturam
3468 4845 3728 4904 dicimus
3757 4865 3902 4907 esse

501 4946 585 4999 Ac
606 4956 785 4999 nemo
815 4953 959 4994 sane
987 4936 1102 4991 hoc
1122 4934 1323 5005 ipsum
1348 4933 1514 4991 aliter
1544 4949 1609 4990 se
1647 4932 1870 4990 habere
1930 4932 2165 5003 dixerit,
2210 4955 2250 5010 Β
2279 4929 2643 5004 principium
2671 4934 2872 4986 motus
2903 4934 2960 4986 et
2988 4931 3204 5003 quietis
3233 4951 3246 4989 :
3279 4933 3360 4991 ita
3393 4939 3454 4991 ut
3483 4936 3793 4996 contineat
3819 4956 3895 4997 ac

501 5047 690 5105 quam
710 5043 846 5102 quae
860 5023 1044 5082 modo
1056 5023 1347 5081 naturalis
1365 5040 1436 5080 ac
1449 5039 1586 5080 vera
1612 5021 1956 5080 consecutio
1987 5021 2167 5078 hodie

497 5133 718 5192 perme
740 5113 1123 5172 manifestum
1170 5113 1493 5172 exhibebit.
1536 5118 1618 5178 Ac
1670 5112 1934 5186 primum
1997 5117 2164 5168 natu-

498 5223 634 5264 ram
659 5204 916 5261 dicimus
940 5219 1070 5262 esse
1099 5209 1155 5264 et
1181 5210 1412 5263 motum
1452 5204 1514 5261 in
1537 5207 1775 5271 natura,
1831 5201 2166 5274 eodemque

495 5295 683 5354 modo
711 5293 1193 5355 distributionem
1219 5311 1373 5354 esse.
1408 5299 1558 5353 Nam
1605 5291 1973 5363 Aristoteles,
2022 5293 2166 5348 Her-

495 5396 804 5453 mogenes,
836 5390 894 5443 et
920 5389 1208 5444 Homerus
1227 5385 1380 5444 inter
1445 5400 1508 5441 se
1569 5381 1881 5440 communi
1935 5380 2164 5438 ratione

490 5471 862 5546 dividuntur,
894 5476 1206 5550 quomodo
1228 5476 1408 5534 etiam
1425 5478 1654 5548 puncta
1665 5471 1905 5547 punctis
1925 5486 2163 5528 mensu-

486 5563 700 5621 rantur
742 5569 797 5624 et
852 5567 1090 5624 numeri
1144 5565 1434 5624 numeris.
1492 5566 1643 5621 Nam
1695 5560 1886 5618 motui
1956 5564 2161 5635 partes

485 5651 688 5712 motus
714 5653 1136 5732 assignantur;
1160 5659 1229 5718 et
1254 5641 1532 5731 partibus
1576 5650 1929 5722 discrimen,
1961 5664 2160 5725 neque

2279 5019 2672 5095 principatum
2690 5022 3105 5090 gerat.Natura
3120 5021 3299 5093 igitur
3314 5026 3714 5084 movetomnia
3729 5043 3905 5102 quaa-

2277 5124 2519 5183 cunque
2530 5113 2671 5166 sunt
2683 5108 3252 5186 absolute,adeoque
3266 5113 3590 5186 singularia
3601 5116 3736 5190 ipsa
3748 5135 3898 5192 pro-

2276 5198 2628 5275 prietatibus
2662 5213 2732 5256 ac
2762 5197 3176 5258 distributione
3215 5209 3578 5262 connectens
3605 5210 3887 5283 utraque.

2278 5291 2348 5346 Ut
2377 5288 2428 5344 si
2458 5286 2719 5360 exempli
2743 5287 3381 5362 gratiaproprietatum
3398 5299 3599 5367 partes
3627 5312 3887 5356 suman-

2276 5381 2371 5436 tur
2412 5395 2426 5445 ;
2452 5375 2661 5450 quales
2688 5381 2830 5434 sunt
2857 5376 2920 5433 in
2947 5377 3073 5448 igni
3086 5379 3298 5437 urendi
3319 5382 3724 5443 etillustrandi
3744 5403 3890 5460 pro-

2275 5469 2558 5542 prietates
2593 5485 2605 5524 :
2633 5471 2692 5524 et
2711 5466 2773 5524 in
2803 5466 2935 5524 aliis
2984 5484 3122 5542 quas
3151 5470 3422 5544 ipsorum
3453 5476 3694 5550 propria
3717 5483 3886 5537 sunt.

2277 5560 2484 5616 Utrum
2507 5557 2686 5630 igitur
2704 5556 3066 5632 principium
3084 5562 3446 5622 terrestrium
3467 5579 3593 5623 non
3611 5570 3700 5625 est
3710 5568 3888 5642 prin-

2273 5648 2501 5724 cipium
2519 5645 2879 5723 aquatilium
2913 5647 3228 5727 “temque
3263 5655 3468 5715 utrum
3503 5655 3876 5732 principium
