4124 6396
235 306 259 360 1
271 305 375 360 26.9

257 432 351 482 καὶ
381 427 546 503 ὠρικὴ
601 429 833 489 ποσότης
889 424 982 480 διὰ
1036 432 1286 492 κινήσεως
1337 451 1351 464 ο

257 516 348 571 οὖν
398 515 748 591 Ἀριστοτέλει
784 522 875 570 καὶ
925 517 1138 592 Ὁμήρῳ
1169 521 1304 572 κατὰ
1352 524 1560 578 κίνησιν
1598 523 1862 593 καιρικήν.

259 609 342 662 Ἐν
397 610 488 680 μεν
527 603 615 659 οὖν
650 614 714 680 τῇ
777 611 983 665 κινήσει
1042 607 1293 680 συνέχειά
1326 613 1408 670 τίς
1458 607 1569 661 ἐστι
1624 615 1864 681 μερισμῷ

255 696 750 768 καθυποϐαλλομένη
786 697 815 756 ἧ
844 701 1042 772 χρόνον
1070 698 1099 758 ἣ
1129 702 1325 773 τρόπου
1383 699 1412 758 ἦ
1475 702 1715 757 ποιότητι
1770 704 1863 751 τοῦ

255 792 580 863 κινουμένου,
639 786 746 840 οἷον
803 789 874 847 ὡς
937 794 1026 840 νοῦ
1099 791 1229 860 πρὸς
1295 791 1509 846 πτηνόν.
1549 788 1630 842 Ἐν
1687 785 1746 841 δὲ
1795 795 1858 861 τῇ

256 881 410 952 φύσει
439 880 691 952 μερισμοὶ
723 877 956 948 κράσεων
982 880 1117 930 κατὰ
1167 881 1226 930 1'6
1261 877 1382 931 ἄλλο
1411 897 1465 931 τε
1522 882 1612 931 καὶ
1663 876 1862 930 ἀλλοῖον

255 973 349 1022 καὶ
400 966 582 1030 ἄλλως.
634 967 716 1018 Ἐν
779 962 838 1019 δὲ
875 974 990 1028 ταῖς
1042 969 1291 1042 κράσεσιν
1349 967 1406 1020 οὐ
1462 964 1722 1039 διαίρεσις
1777 985 1863 1039 με·

255 1059 465 1132 ρισμός,
495 1059 560 1116 ὡς
587 1053 672 1108 ἐπὶ
722 1062 813 1115 τῆς
852 1057 1053 1128 φύσεως
1105 1063 1221 1118 ταῖς
1257 1057 1507 1130 κράσεσιν
1537 1058 1567 1116 ἡ
1603 1052 1861 1130 διαίρεσις

256 1149 532 1222 μερισμὸς,
602 1143 709 1197 ἀλλ’
773 1145 949 1205 ἓνωσις
1015 1149 1284 1218 μερισμός,
1344 1147 1370 1198 ὃ
1419 1166 1532 1199 τισι
1602 1153 1730 1218 φανῇ
1792 1147 1860 1206 ὡς

253 1240 429 1290 καινόν
481 1257 494 1270 ·
546 1238 616 1297 ὡς
666 1236 767 1310 γὰρ
835 1237 1091 1307 μερισμὸν
1150 1242 1249 1287 τῶν
1315 1237 1570 1288 συνθέτων
1638 1233 1694 1286 ἐκ
1757 1241 1858 1286 τῶν

253 1325 426 1380 ἁπλῶν
495 1327 520 1384 ὁ
581 1333 681 1377 τῶν
737 1332 960 1396 μερικῶν
1036 1325 1233 1392 ἓνωσις,
1314 1325 1446 1378 οὕτω
1503 1320 1570 1384 δὴ
1625 1328 1714 1377 καὶ
1757 1331 1857 1377 τῶν

251 1417 487 1492 κράσεων
550 1416 752 1484 ἓνωσις,
841 1410 1098 1488 διαίρεσις
1175 1415 1428 1486 κράσεων.
1485 1413 1706 1467 Ἐκεῖθεν
1753 1415 1855 1488 γὰρ

251 1507 283 1564 ἠ
312 1501 575 1578 διαίρεσις
602 1506 774 1564 κοινός
802 1505 1081 1576 μερισμός,
1113 1501 1352 1554 ἐνταυθοῖ
1401 1499 1459 1555 δὲ
1502 1504 1532 1561 ἡ
1596 1499 1858 1575 διαίρεσις

254 1594 457 1660 ἓνωσις,
499 1590 678 1652 ἐπειδὴ
718 1600 940 1666 μερικῶν
996 1593 1340 1664 ὑποκειμένων
1392 1591 1506 1645 ἐστὶ
1573 1587 1854 1666 διαίρεσις.

253 1682 384 1736 Ἀπὸ
414 1684 514 1756 γὰρ
547 1689 637 1735 τοῦ
675 1687 878 1755 πρώτου
931 1685 1198 1751 στοιχείου
1244 1700 1278 1733 α
1329 1681 1422 1741 ἕως
1477 1688 1569 1733 τοῦ
1621 1679 1853 1753 ἐσχάτου

253 1793 296 1826 ω
338 1775 560 1848 μερίζων
597 1791 676 1833 τις
714 1769 820 1843 οὐχ
886 1769 990 1822 ἑνοῖ
1043 1771 1111 1822 τὰ
1157 1773 1285 1842 μέρη
1314 1777 1377 1842 τῇ
1413 1767 1671 1842 διαιρέσει
1700 1790 1712 1802 ·
1744 1777 1855 1831 ταῖς
1910 1793 1952 1848 Β

250 1865 395 1936 τρισὶ
421 1857 480 1914 δὲ
513 1864 721 1935 μερίσιν
759 1861 804 1912 εἰ
835 1857 1076 1932 λάϐοιμεν
1130 1862 1298 1910 αὐτῶν
1327 1861 1600 1933 μερισμόν,
1663 1858 1853 1931 μᾶλλον

248 1958 348 2005 τῶν
393 1958 560 2025 μερῶν
609 1950 790 2002 ἕνωσιν
841 1948 1093 2021 λάϐωμεν,
1136 1949 1269 2001 ὥστε
1315 1949 1345 2006 ἡ
1391 1950 1479 2021 μεν
1526 1949 1676 2019 φύσει
1708 1943 1852 2000 διαί-

247 2059 393 2117 ρεσις
427 2039 628 2111 ἔνωσις,
663 2040 693 2097 ἡ
731 2034 790 2092 δὲ
828 2041 964 2090 κατά
991 2044 1179 2112 κρᾶσιν
1236 2038 1415 2098 ἔνωσις
1451 2036 1640 2109 μᾶλλον
1709 2033 1852 2089 διαί-

247 2149 414 2204 ρεσις.
468 2131 616 2182 Κατὰ
679 2130 836 2179 ταυτό
891 2134 1016 2200 γοῦν
1064 2129 1132 2178 τὰ
1206 2130 1356 2199 φύσει
1420 2123 1760 2200 διαιρούμενα
1815 2127 1845 2185 ἦ

248 2223 424 2292 χρόνῳ
450 2219 479 2278 ἦ
503 2221 645 2290 τόπῳ
671 2217 700 2276 ἦ
731 2236 992 2278 ποιότητι,
1029 2216 1086 2270 οῦ
1121 2218 1256 2268 κατά
1287 2218 1440 2288 φύσιν
1472 2212 1803 2288 διαιροῦνται
1832 2235 1845 2249 ο

249 2311 404 2382 φύσις
472 2309 573 2381 γὰρ
624 2313 732 2369 τοῖς
801 2313 932 2359 πᾶσι
987 2311 1154 2374 κοινὴ,
1210 2304 1338 2357 ἀλλὰ
1400 2307 1848 2377 κατὰίμερισμὸν

244 2398 501 2472 κράσεων,
552 2395 685 2453 πλὴν
740 2393 1013 2470 ἀρχούσης
1039 2403 1134 2458 τῆς
1195 2396 1394 2467 φύσεως
1421 2415 1434 2428 ο
1467 2393 1850 2467 συμϐάλλονται

245 2488 345 2560 γὰρ
402 2487 456 2537 αἱ
512 2486 723 2560 κράσεις
780 2486 846 2544 ὡς
883 2489 1094 2559 μερικαὶ
1137 2486 1322 2537 καθότι
1376 2485 1593 2559 κράσεις
1655 2485 1847 2559 κράσε-

248 2595 330 2629 σιν
369 2574 585 2650 ἐτέραις,
635 2569 815 2632 ἐπειδὴ
879 2579 968 2626 καὶ
1022 2573 1179 2626 αὗται
1247 2577 1477 2647 μερικαὶ,
1530 2572 1590 2626 οῦ
1637 2577 1740 2646 μὴν
1789 2570 1848 2627 δε

244 2670 436 2742 κρᾶσις
494 2670 642 2718 πᾶσα
693 2662 740 2716 ἐν
807 2664 950 2736 πάσῃ
1019 2664 1228 2739 κράσει.
1279 2667 1350 2717 T6
1437 2663 1540 2736 γὰρ
1592 2665 1848 2736 μουσικὸν

245 2757 488 2830 φυσικόν,
519 2756 576 2806 1'6
619 2756 950 2806 σκυτευτικόν
977 2751 1025 2804 ἐν
1063 2761 1126 2826 τῇ
1161 2755 1312 2825 φύσει
1345 2773 1358 2786 ·
1388 2755 1522 2806 ἔστω
1571 2757 1740 2805 τοίνυν
1785 2755 1845 2805 τὸ

247 2846 582 2900 σκυτευτικόν
607 2846 882 2916 μουσικόν,
911 2843 940 2902 ἦ
975 2843 1056 2895 ὅτι
1093 2844 1122 2901 ἡ
1167 2841 1444 2915 φιλοσοφία
1487 2849 1584 2904 τῆς
1623 2844 1844 2914 φύσεως,

246 2938 275 2994 ἡ
310 2937 522 2996 ποίησις
551 2931 606 2985 ἐκ
642 2940 739 2996 τῆς
787 2934 1006 3006 φύσεως.
1049 2930 1225 2985 Ἐστω
1264 2936 1434 2985 τοίνυν
1480 2929 1846 3005 Ἀρίστοτέλης

213 3203 521 3270 Praeterea,
563 3204 763 3256 utrum
781 3199 1114 3271 ﬁgurarum
1145 3199 1317 3256 lineae
1347 3215 1470 3255 non
1492 3202 1632 3255 sunt
1654 3199 1864 3272 princi-

211 3290 381 3364 pium
419 3305 653 3363 :neque
696 3288 906 3360 ﬁgura;
951 3289 1249 3346 linearum
1293 3293 1432 3345 sunt
1459 3289 1872 3362 principium?

210 3383 300 3436 An
320 3381 520 3454 potius
562 3379 860 3436 linearum
916 3394 987 3436 ac
1036 3377 1368 3452 ﬁgurarum
1431 3383 1725 3451 punctum
1781 3382 1873 3435 est

210 3469 621 3542 principium?
653 3468 823 3535 Quod
854 3467 903 3523 si
929 3467 1012 3524 ita
1081 3472 1212 3524 est:
1259 3472 1462 3524 utrum
1508 3470 1708 3524 motus
1772 3466 1869 3524 ille

209 3558 314 3632 qui
343 3575 379 3616 a
404 3561 621 3614 natura
651 3558 714 3613 in
741 3557 912 3613 lineis
938 3573 1008 3613 ac
1027 3555 1237 3627 ﬁguris
1262 3557 1510 3623 exsistit,
1541 3560 1634 3612 est
1678 3571 1868 3629 punc-

209 3653 337 3705 tum
361 3650 388 3705 ?
417 3650 605 3704 Nemo
630 3647 791 3704 enim
823 3646 1036 3703 dixerit
1054 3651 1346 3719 punctum
1383 3661 1515 3703 esse
1531 3645 1868 3716 ﬁgurarum

205 3741 513 3805 naturam,
541 3736 643 3792 sed
673 3736 872 3809 potius
902 3751 938 3793 a
965 3735 1222 3792 naturali
1270 3734 1565 3808 principio
1628 3737 1865 3792 motum

203 3826 517 3884 habuisse.
541 3825 688 3882 Cum
728 3825 906 3895 igitur
935 3824 1142 3882 omnia
1183 3824 1302 3880 alia
1342 3823 1555 3880 eodem
1593 3823 1778 3880 modo
1800 3839 1864 3880 se

205 3914 487 3982 habeant,
528 3919 584 3971 et
609 3915 739 3970 hmo
768 3914 1063 3987 principia
1083 3913 1200 3970 sint
1223 3913 1504 3970 omnibus
1550 3915 1696 3969 nota
1716 3927 1863 3969 sane

208 4008 424 4061 natura
455 4005 617 4076 (cum
650 4003 728 4060 sit
750 4019 822 4060 eo
850 4003 1016 4077 quod
1063 4007 1152 4060 est
1200 4019 1273 4059 ex
1315 4003 1449 4076 ipsa
1485 4001 1676 4058 multo
1715 4017 1863 4074 prae~

205 4094 470 4166 stantior,
485 4093 711 4168 quippe
740 4110 876 4166 quae
904 4096 1118 4166 praeter
1138 4092 1450 4162 omniasit)
1473 4107 1597 4148 non
1625 4090 1861 4163 vulgari

201 4183 388 4242 modo
413 4183 590 4241 nobis
628 4183 730 4240 illa
752 4200 890 4256 quae
921 4187 1060 4240 sunt
1085 4182 1240 4239 infra
1271 4199 1354 4250 se,
1387 4188 1678 4254 tanquam
1699 4181 1859 4255 prin-

201 4273 428 4347 cipium
459 4278 517 4330 et
545 4289 728 4330 causa
757 4272 953 4328 eﬁicit.
997 4272 1170 4339 Quod
1199 4277 1399 4330 autem
1428 4271 1490 4328 in
1549 4275 1766 4328 natura
1787 4271 1859 4328 sit

201 4367 402 4419 motus
431 4367 489 4419 et
517 4361 862 4419 distributio
888 4362 948 4418 in
970 4378 1043 4418 ea.
1071 4377 1210 4435 quae
1239 4362 1396 4418 inter
1425 4377 1487 4418 se
1551 4359 1854 4428 differunt,

199 4452 428 4510 nemini
463 4457 553 4508 est
606 4452 955 4509 obscurum.
1010 4454 1195 4508 Motus
1262 4451 1421 4508 enim
1481 4449 1585 4522 qui
1636 4449 1700 4506 in
1740 4449 1856 4506 hoc

198 4547 468 4615 tempore
498 4541 810 4598 conﬁcitur
835 4540 1140 4610 distinguit
1166 4540 1532 4598 Aristotelem
1558 4540 1624 4597 'et
1647 4543 1856 4596 Home-

201 4648 364 4689 rum.
401 4635 550 4690 Nam
582 4632 630 4688 si
649 4636 851 4688 motus
880 4648 915 4689 a
947 4631 1027 4687 ad
1047 4636 1279 4688 motum
1310 4647 1340 4688 ο
1396 4647 1504 4704 per
1553 4635 1789 4687 motum
1821 4630 1854 4686 ὁ

201 4721 524 4795 perveniat,
555 4722 803 4778 omnino
834 4720 1182 4779 continuata
1204 4719 1621 4793 progressione
1652 4724 1854 4777 motus

200 4810 530 4868 conficitur.
577 4813 642 4867 Et
695 4826 904 4867 rursus
955 4812 1249 4883 punctum
1287 4825 1326 4866 a
1380 4809 1766 4882 distinguitur
1820 4824 1855 4866 a

197 4905 424 4975 puncto
450 4916 482 4958 c
508 4916 615 4974 per
640 4903 934 4973 punctum
974 4899 1006 4955 ὁ
1027 4914 1134 4972 per
1154 4897 1319 4972 quod
1367 4901 1612 4971 propter
1667 4899 1854 4956 conti-

196 4990 550 5048 nuationem
581 4989 704 5046 duo
732 4993 998 5047 extrema
1050 4988 1202 5044 inter
1251 5004 1314 5045 se
1361 4988 1683 5044 cohaerent.
1732 4987 1856 5044 Hoc

196 5068 400 5137 autem
427 5083 519 5136 est
540 5084 741 5136 motus
760 5083 818 5136 et
844 5079 1010 5135 horai
1044 5078 1348 5150 quantitas
1375 5077 1435 5134 in
1450 5081 1637 5133 motu.
1660 5079 1855 5143 Quare

197 5169 526 5227 discrimen
551 5169 860 5226 intercedit
885 5168 1038 5224 inter
1071 5167 1446 5225 Aristotelem
1458 5170 1515 5223 et
1532 5169 1856 5224 Homerum

195 5262 442 5333 propter
469 5267 704 5316 motum
746 5262 1228 5331 temporaneum.
1262 5260 1358 5313 Est
1386 5257 1566 5328 igitur
1583 5257 1646 5314 in
1687 5261 1856 5315 motu

196 5349 560 5407 cohaerentia
597 5349 878 5422 quaedam
917 5365 1054 5422 quae
1085 5347 1400 5419 subjicitur
1454 5347 1852 5414 distinctioni,

197 5443 302 5498 aut
329 5440 642 5512 temporis,
672 5444 778 5497 aut
807 5439 993 5506 modi,
1023 5439 1272 5509 autejus
1287 5438 1452 5512 quod
1485 5438 1855 5512 exqualitate

196 5533 494 5599 movetur,
514 5529 680 5585 verbi
719 5529 930 5602 gratia,
955 5532 1019 5584 ut
1063 5528 1111 5584 si
1165 5532 1397 5584 motum
1454 5529 1670 5585 mentis
1715 5544 1854 5586 cum

197 5621 367 5679 motu
397 5617 609 5677 alatilis
633 5617 977 5678 confera.In
1000 5620 1220 5676 natura
1231 5633 1376 5676 vero
1404 5617 1855 5677 distributiones

1113 301 1471 362 THEODORI
1499 303 1547 359 Il
1574 301 1714 360 IMP.
1747 302 2328 368 DECOMMUNIONE
2386 310 2530 371 ΝΑΤ
2622 313 2758 372 ALL

3506 312 3647 369 1270

1414 426 1646 503 διαφορὰ
1693 433 1865 481 τοίνυν
1925 430 1973 484 Α
2027 430 2281 509 Ὄμηρος,
2304 436 2334 496 ἦ
2367 437 2447 491 ὅτι
2493 438 2524 497 ἡ
2553 440 2778 498 κίνησις.
2809 435 2889 490 Ἐν
2918 441 2980 508 τῇ
3015 435 3168 508 φύσει
3203 434 3235 494 ἡ
3300 433 3491 498 στάσις
3535 443 3628 498 τῆς

2030 524 2231 594 φύσεως
2259 546 2271 560 ·
2302 528 2434 580 ἔστω
2459 528 2564 601 ἄρα
2591 529 2621 586 ἡ
2657 529 2848 588 στάσις
2865 529 3068 587 κίνησις
3092 546 3107 559 ·
3132 527 3245 596 ἔχει
3267 521 3327 577 δε
3356 521 3626 587 ἀδυνάτως

2029 609 2158 665 εἶναι
2188 614 2322 668 αὑτά
2363 636 2377 651 ·
2419 615 2589 677 ἁπλῶς
2625 618 2724 689 ’γὰρ
2765 616 2820 667 αἱ
2870 616 3079 688 κράσεις
3110 613 3350 666 ἑνοῦσθαι
3407 614 3624 683 ἄτοπον,

2030 698 2179 766 ἰδίως
2233 699 2292 757 δέ
2343 725 2402 777 ’γε
2440 706 2732 781 εὑρίσκεται
2766 726 2778 738 ·
2807 702 3043 757 ἑνωτικὸν
3071 705 3173 774 γὰρ
3231 701 3279 754 ἓν
3313 701 3506 778 ἑτέρου,
3565 707 3624 755 τὸ

2024 790 2202 845 λευκόν
2265 812 2319 847 τε
2357 798 2446 847 καὶ
2489 798 2548 846 τό
2601 793 2802 860 ξανθὸν,
2857 797 2947 846 καὶ
2993 794 3052 844 τὸ
3091 794 3354 864 μουσικόν,
3383 794 3624 862 συγγενὲς

2022 888 2115 941 τοῦ
2169 881 2481 958 ἀριθμητοῦ,
2549 888 2638 937 καὶ
2694 886 2752 936 τὸ
2810 881 3083 956 φιλόσοφον
3144 887 3235 935 τοῦ
3303 881 3618 953 θεολογικοῦ,

2023 974 2192 1024 καὶτὸ
2217 976 2488 1032 ποιητικὸν
2540 979 2632 1026 τοῦ
2682 973 2985 1048 ῥητορικοῦ,
3044 975 3130 1025 καὶ
3182 973 3212 1028 ἠ
3273 973 3462 1032 στάσις
3523 976 3621 1024 τοῦ

2024 1068 2368 1136 σωφρονικοῦ,
2428 1065 2518 1116 καὶ
2573 1068 2665 1115 τοῦ
2722 1058 2973 1136 ἀνδρικοῦ
3008 1062 3038 1119 ἡ
3098 1063 3328 1127 κίνησις,
3370 1061 3620 1122 ὡσαύτως

2019 1154 2110 1203 καὶ
2139 1151 2166 1202 6
2216 1153 2438 1223 κναφεὺς
2499 1157 2594 1205 τοῦ
2645 1153 2894 1217 σκυτέως,
2942 1152 3034 1202 καὶ
3079 1148 3243 1201 ἄλλων
3301 1146 3452 1218 ἄλλα,
3504 1148 3620 1202 κατ’

2023 1235 2264 1297 ἰδιότητα
2297 1247 2520 1312 συγγενῆ
2531 1281 2544 1296 .

2091 1326 2166 1401 β’.
2196 1329 2294 1381 Δύο
2322 1336 2447 1400 γοῦν
2473 1331 2524 1382 οἱ
2575 1328 2804 1382 ἐνωτικοὶ
2831 1329 3017 1404 τρόποι
3042 1348 3054 1362 ο
3089 1328 3115 1380 6
3145 1327 3282 1380 κατὰ
3328 1329 3482 1399 φύσιν
3530 1329 3622 1380 καὶ

2018 1417 2044 1469 ὁ
2075 1419 2211 1470 κατὰ
2241 1423 2451 1490 κρᾶσιν.
2497 1421 2673 1479 Κοινός
2736 1413 2824 1470 οὖν
2853 1419 3057 1470 πάντων
3086 1417 3113 1468 6
3149 1415 3220 1479 εἷς
3267 1437 3281 1450 ο
3313 1423 3622 1469 κοινωνοῦσι

2017 1507 2116 1580 ’γὰρ
2143 1508 2336 1576 πάντα,
2393 1507 2514 1560 ὅταν
2545 1507 2611 1568 εἰς
2663 1511 2751 1565 τὴν
2790 1510 3047 1565 ποιότητα
3093 1505 3420 1577 ἀναχθῶσιν,
3461 1503 3492 1564 ἢ
3553 1503 3622 1565 εἰς

2017 1598 2112 1653 τὴν
2151 1594 2354 1662 οὐσίαν,
2387 1596 2418 1655 ᾖ
2461 1595 2532 1658 εἰς
2557 1598 2615 1648 τό
2645 1591 2804 1666 εἶδος,
2841 1595 2871 1655 ἡ
2903 1593 2970 1656 εἰς
3016 1598 3110 1653 τὴν
3139 1593 3286 1663 ὕλην,
3330 1593 3360 1652 ἦ
3407 1592 3477 1656 εἰς
3523 1597 3620 1652 τὴν

2019 1686 2172 1755 φύσιν
2211 1688 2401 1758 κυρίως
2454 1703 2508 1737 τε
2557 1688 2649 1736 καὶ
2703 1683 3007 1749 καθολικῶς,
3065 1681 3193 1735 ἀλλὰ
3251 1689 3474 1756 μερικῶς
3527 1686 3619 1736 καὶ

2020 1769 2168 1836 ἰδίως
2217 1779 2308 1827 καὶ
2357 1774 2416 1827 οὐ
2481 1776 2668 1836 καθότι
2712 1777 2946 1842 ποιότης,
2988 1773 3016 1832 ἣ
3091 1773 3277 1824 καθότι
3334 1771 3509 1838 οὐσία,
3582 1771 3614 1832 ἦ

2015 1864 2200 1915 καθότι
2226 1859 2386 1929 εἶδος,
2419 1862 2448 1922 ἣ
2481 1865 2668 1916 καθότι
2705 1861 2799 1920 ὕλη
2832 1861 2955 1932 ἑνοῖ,
3013 1860 3142 1914 ἀλλὰ
3180 1862 3368 1914 καθότι
3411 1865 3465 1913 τί
3516 1880 3620 1914 τινι

2017 1950 2386 2024 συμϐάλλεται,
2445 1956 2536 2004 καὶ
2583 1953 2651 2004 τὰ
2716 1958 2961 2024 στοιχεῖα
3029 1952 3214 2004 καθότι
3265 1957 3362 2012 τῆς
3416 1951 3619 2023 φύσεως

2012 2048 2340 2109 κοινωνοῦσι,
2369 2043 2542 2094 καὶτὸ
2573 2038 2719 2116 ὕδωρ
2753 2040 2810 2092 οὐ
2852 2043 3046 2113 φθείρει
3075 2043 3135 2093 τὸ
3200 2047 3327 2113 πῦρ,
3383 2042 3501 2092 οὔτε
3551 2042 3620 2093 τὰ

2012 2129 2143 2184 ἄλλα
2169 2133 2235 2184 τὰ
2263 2135 2335 2204 μὴ
2373 2132 2663 2206 ὁμότροπα,
2705 2132 2786 2184 ὃτι
2843 2127 2902 2182 δὲ
2951 2134 3081 2203 πυρὶ
3133 2135 3329 2204 μερικῷ
3386 2126 3637 2203 ἕκρεύσει

2011 2216 2155 2295 ὕδωρ
2188 2218 2236 2273 ἓν
2293 2220 2434 2291 αὐτῷ
2495 2223 2704 2294 μερικόν
2735 2222 2906 2294 κάρτα
2951 2220 3145 2293 φθείρει
3182 2217 3306 2271 αῦτό
3355 2238 3368 2252 ο
3402 2220 3468 2270 τὰ
3511 2219 3617 2289 ’γὰρ

2011 2308 2214 2362 ἐναντία
2249 2316 2358 2374 τοῖς
2383 2308 2667 2383 ἑναντίφοις
2694 2311 3010 2382 φθείρονται,
3041 2309 3182 2362 ἔστιν
3233 2307 3363 2362 ὅπου
3420 2302 3481 2362 δι
3524 2309 3618 2361 καὶ

2008 2399 2076 2452 τὰ
2152 2401 2404 2472 φάρμακα
2454 2399 2570 2452 κατ’
2640 2394 2885 2458 ἰδιότητα
2935 2401 3184 2470 σωμάτων
3241 2403 3331 2450 καὶ
3382 2399 3616 2471 κράσεων

2009 2495 2264 2542 κοινωνεῖν
2297 2508 2350 2542 τε
2377 2492 2468 2542 καὶ
2507 2487 2734 2560 ὠφελεῖν,
2765 2495 2867 2541 ποῦ
2919 2484 2980 2540 δε
3029 2491 3120 2540 καὶ
3175 2489 3396 2560 φθείρειν
3429 2484 3524 2539 διὰ
3558 2489 3615 2540 τό

2009 2577 2136 2630 αὐτό
2189 2577 2239 2630 ἓν
2295 2576 2498 2639 ἐκείνοις
2582 2576 2850 2634 ἀνοίκειον.
2887 2575 3068 2650 Ὀμως
3125 2581 3216 2630 καὶ
3253 2579 3301 2630 ἓν
3353 2574 3616 2649 μετάλλοις

2008 2670 2250 2719 κοινωνία
2300 2668 2615 2740 εὑρίσκεται,
2693 2663 2742 2719 ἄν
2820 2664 2995 2728 ἄλλοις
3047 2662 3109 2718 δε
3159 2669 3251 2717 καὶ
3307 2661 3611 2734 διάστασις,

2008 2759 2183 2809 καινὸν
2214 2753 2273 2809 δὲ
2301 2755 2395 2808 οὐκ
2425 2752 2510 2826 ἧν,
2542 2757 2680 2831 εἴπερ
2710 2757 2802 2808 καὶ
2847 2757 2911 2808 τὰ
2957 2752 3006 2806 ἐν
3033 2762 3095 2827 τῇ
3135 2761 3353 2828 γραμμῇ
3417 2761 3614 2827 σημεῖα

2009 2844 2067 2898 οὐ
2122 2847 2454 2898 παντάπασιν
2512 2843 2743 2898 ἐνοῦνται
2789 2845 2926 2897 κατὰ
3005 2847 3280 2915 συνέχειαν
3324 2864 3338 2876 ·
3380 2845 3438 2896 τό
3503 2846 3606 2914 γὰρ

2008 2943 2209 3008 πρῶτον
2239 2941 2311 3006 τῷ
2343 2938 2504 3008 τρίτῳ
2533 2933 2639 3007 οὐχ
2668 2933 2868 2987 ἐνοῦταί
2897 2932 2942 2986 εἰ
2966 2937 3038 3006 μὴ
3074 2929 3168 2986 διὰ
3195 2939 3287 2985 τοῦ
3340 2927 3608 3006 δευτέρου,

218 3114 421 3168 motus
445 3110 681 3167 illorum
720 3113 959 3167 nonest
993 3109 1355 3183 principium
1377 3113 1578 3166 motus
1607 3109 1871 3168 horum?
1912 3145 1952 3200 α
1981 3113 2594 3186 temperamentorum
2610 3110 3076 3168 exsistuntexeo
3090 3109 3256 3182 quod
3277 3109 3560 3177 estaliud,
3580 3112 3640 3168 et

1981 3219 2056 3260 ex
2083 3217 2154 3260 eo
2181 3202 2348 3275 quod
2361 3203 2450 3258 est
2471 3200 2764 3257 dissimile
2792 3200 3084 3274 :itemque
3097 3199 3229 3256 aliis
3243 3200 3463 3258 modis.
3481 3205 3553 3257 At
3573 3201 3636 3258 in

1981 3289 2516 3366 temperationibus
2527 3289 2741 3346 divisio
2754 3305 2875 3346 non
2889 3293 2977 3346 est
2991 3289 3328 3346 distributio
3339 3290 3496 3362 (utin
3520 3306 3635 3347 na-

1980 3387 2115 3440 tura
2141 3382 2244 3439 illa
2262 3379 2766 3454 temperationum
2795 3379 3012 3436 divisio
3023 3380 3509 3453 estdistributio),
3529 3381 3636 3439 sed

1978 3471 2464 3544 distributioipsa
2475 3470 2935 3538 estcommunio,
2949 3469 3116 3543 quod
3131 3469 3491 3543 quibusdam
3506 3475 3634 3527 tan-

1975 3577 2164 3634 quam
2194 3559 3208 3631 absurdumvideripossit.Utenim
3253 3559 3628 3630 singulorum

1978 3667 2086 3708 seu
2096 3649 2548 3724 particularium
2561 3648 2910 3706 communio
2928 3651 3017 3705 est
3027 3648 3368 3706 distributio
3381 3649 3624 3706 illorum

1973 3739 2450 3813 compositorum
2461 3754 2597 3811 quae
2609 3754 2680 3794 ex
2695 3738 3066 3810 simplicibus
3079 3742 3374 3810 constant,
3415 3740 3629 3798 eodem

1971 3830 2157 3888 modo
2170 3828 2518 3886 communio
2530 3827 3017 3901 temperationum
3034 3832 3121 3885 est
3140 3828 3629 3902 temperationum

1971 3919 2206 3977 divisio.
2259 3917 2378 3974 Illic
2441 3917 2604 3973 enim
2659 3916 2876 3974 divisio
2925 3920 3013 3973 est
3055 3918 3394 3974 communis
3435 3917 3629 3976 distri-

1970 4007 2159 4076 butio,
2190 4005 2289 4062 hic
2318 4020 2460 4061 vero
2484 4004 2619 4078 ipsa
2647 4004 2860 4063 divisio
2908 4010 2997 4062 est
3059 4007 3434 4080 communio,
3487 4023 3628 4066 cum

1969 4097 2210 4171 proprie
2239 4093 2372 4165 subj
2381 4096 2648 4150 ectorum
2662 4094 3115 4167 particularium
3131 4095 3207 4152 sit
3225 4095 3460 4153 divisio.
3475 4099 3627 4155 Nam

1969 4202 2006 4243 a
2029 4185 2226 4259 primo
2251 4183 2546 4240 elemento
2579 4198 2617 4239 a
2647 4199 2840 4256 usque
2887 4183 2968 4241 ad
3018 4188 3354 4241 extremum
3406 4206 3467 4254 ω,
3521 4187 3628 4260 qui

1966 4273 2286 4345 distribuit,
2316 4287 2438 4328 non
2460 4271 2592 4328 unit
2623 4277 2827 4344 partes
2855 4272 3182 4330 dividendo
3220 4291 3235 4341 ;
3260 4279 3320 4330 at
3353 4275 3404 4331 si
3444 4276 3624 4333 trium

1967 4364 2230 4438 partium
2258 4361 2737 4419 distributionem
2771 4363 3087 4431 sumimus,
3116 4364 3314 4436 potius
3362 4367 3623 4438 partium

1965 4453 2254 4510 unionem
2293 4450 2612 4508 sumimus.
2679 4453 2873 4517 Quare
2911 4451 3125 4509 divisio
3181 4453 3283 4510 illa
3329 4470 3466 4528 quae
3519 4471 3626 4512 na-

1965 4546 2112 4599 turae
2140 4541 2372 4598 ratione
2397 4539 2774 4596 constituitur
2827 4545 2914 4597 est
2957 4542 3121 4598 unio.
3170 4545 3242 4599 At
3297 4542 3433 4616 ipse.
3484 4544 3622 4601 unio

1965 4648 2102 4705 quae
2131 4631 2200 4688 ﬁt
2212 4629 2547 4687 secundum
2567 4629 3062 4702 temperationem
3075 4633 3375 4705 estpotius
3408 4632 3622 4690 divisio

1964 4726 2046 4779 Ex
2063 4736 2185 4795 quo
2196 4718 2542 4790 intelligitur
2555 4718 2656 4776 illa
2667 4735 2803 4792 quae
2815 4724 3033 4778 natura
3045 4726 3184 4778 sunt
3219 4726 3276 4779 et
3315 4726 3617 4794 constant,

1963 4827 2104 4868 cum
2119 4809 2489 4876 dividuntur,
2503 4809 3014 4882 tempore,modo,
3039 4814 3142 4867 aut
3161 4811 3470 4883 qualitate,
3496 4827 3620 4869 non

1963 4898 2151 4956 dividi
2191 4896 2828 4956 secundumnaturam
2852 4899 3023 4973 (nam
3065 4898 3350 4956 omnibus
3402 4903 3622 4958 natura

1963 4986 2306 5046 communis
2325 4987 2460 5059 est),
2485 4985 2594 5043 sed
2617 4987 2953 5044 secundum
2970 4987 3450 5045 distributionem
3475 4991 3621 5046 tem-

1962 5077 2367 5152 perationum,
2397 5079 2613 5134 natura
2639 5079 2873 5134 tantum
2898 5077 3306 5150 principatum
3353 5081 3619 5147 gerente.

1962 5171 2114 5225 Nam
2143 5165 2530 5224 conferuntur
2552 5167 3016 5240 temperationes
3044 5170 3111 5222 ut
3143 5166 3532 5240 particulares
3548 5185 3620 5226 eo

1963 5256 2130 5332 quod
2168 5254 2520 5329 temperatio
2546 5271 2685 5312 cum
2715 5255 2844 5312 aliis
2889 5255 3425 5330 temperationibus
3455 5273 3622 5314 com-

1962 5347 2223 5422 ponitur,
2248 5345 2746 5418 quandoquidem
2773 5349 2831 5402 et
2849 5345 2996 5418 ipsw
3028 5350 3171 5404 sunt
3199 5347 3620 5420 particulares,

1966 5441 2180 5494 Verum
2207 5450 2332 5492 non
2363 5435 2561 5492 omnis
2591 5435 2944 5508 temperatio
2975 5451 3116 5492 cum
3167 5436 3334 5493 omni
3385 5441 3620 5512 tempe-

1963 5527 2212 5584 ratione.
2248 5527 2396 5582 Nam
2425 5525 2590 5597 quod
2617 5524 2918 5581 musicum
2953 5528 3042 5582 est
3065 5525 3128 5582 in
3179 5529 3416 5600 natura,
3468 5533 3622 5587 esset

1931 5631 2208 5691 quoque
2235 5613 3040 5676 coriariuminnatura:esto
3077 5616 3258 5691 igitur
3300 5619 3622 5680 coriarium
