4124 6400
496 321 628 376 1271

2011 309 2369 370 ΛΒΒΕΝΒΛ.

3768 322 3922 376 1272

521 447 771 505 ὡσαύτως
799 446 890 494 καὶ
946 442 1014 493 τὰ
1059 439 1196 510 ἑξῆς,
1250 438 1281 499 ἣ
1324 444 1519 511 καὶτῷ
1551 447 1741 513 στερεῷ
1779 437 1823 491 εἰ
1870 436 1930 490 ού
1984 438 2122 489 κατὰ
2176 436 2226 488 Α
2277 439 2345 490 τὰ
2392 440 2541 513 ἔτερα
2588 449 2720 518 μέρη
2760 452 2853 499 τοῦ
2910 442 3072 497 κύϐου
3126 441 3331 495 εὐθειῶν
3383 449 3638 516 γραμμῶν
3689 443 3896 497 εὐθεῖαι

521 536 675 606 φύσιν
731 537 883 604 μόνον
938 530 1170 583 ίνοῦνται
1230 532 1294 581 τὰ
1340 528 1502 581 αὐτοῦ
1575 531 1796 601 πέρατα,
1856 527 1985 580 ἀλλά
2030 531 2121 578 καὶ

519 625 655 675 κατὰ
704 626 894 695 κρᾶσιν
929 640 941 653 ο
973 622 1004 678 ἡ
1062 622 1165 693 γὰρ
1194 626 1286 671 τοῦ
1340 617 1500 671 κύϐου
1535 622 1784 690 συνέχεια
1846 619 1981 669 κατὰ
2029 619 2119 689 μὲν

518 714 611 773 τὰς
651 709 941 782 ἕπιφανείας
962 709 1022 763 ού
1053 713 1273 781 φυσικὴ,
1306 707 1421 759 κατ’
1454 706 1674 782 ἀριθμὸν
1719 703 1779 761 δι
1810 703 2121 759 συνδίδεται

518 807 777 872 φυσικῶς.

588 889 657 960 γ’.
745 890 957 946 Τεθήτω
1035 894 1159 958 γοῦν
1232 886 1348 949 ἑξὰς
1397 885 1445 939 ἄν
1501 886 1663 957 αὐτῷ,
1727 887 1979 948 ὡσαύτως
2030 890 2121 938 καὶ

519 975 731 1049 ὀγδοὰς,
776 980 907 1030 ἔστω
961 973 1021 1030 δὲ
1066 980 1155 1029 καὶ
1188 983 1402 1049 σημεῖον
1442 976 1515 1038 εἰς
1541 975 1569 1028 ὃ
1616 974 1880 1049 ἀφορῶσιν
1916 974 2120 1029 ἅπασαι

519 1070 575 1118 αἱ
595 1071 857 1139 γραμμαὶ,
889 1067 945 1117 αἶ
973 1083 1027 1119 τε
1058 1064 1159 1117 ἀπὸ
1202 1072 1303 1116 τῶν
1342 1064 1578 1132 κλίσεων,
1634 1070 1723 1117 καὶ
1753 1066 1807 1117 αἱ
1860 1063 1961 1117 ἀπὸ
2019 1072 2119 1116 τῶν

516 1158 645 1209 ’ίσων
667 1164 923 1229 γραμμῶν
964 1175 977 1189 ·
1011 1148 1234 1226 ἀχθήτω
1289 1153 1391 1206 ἀπὸ
1444 1162 1535 1215 τῆς
1591 1174 1624 1207 α
1678 1154 1895 1217 κλίσεως
1952 1154 2122 1207 εὐθεῖα

517 1250 737 1319 γραμμή
780 1245 850 1307 εἰς
881 1248 940 1297 τὸ
971 1242 1007 1317 β
1042 1251 1279 1316 σημεῖον,
1316 1247 1567 1306 ὡσαύτως
1606 1250 1695 1297 καὶ
1748 1244 1895 1320 ἑτέρα
1947 1245 2121 1299 εύθεία

515 1338 732 1409 γραμμὴ
802 1333 904 1387 ἀπὸ
985 1341 1085 1386 τῶν
1135 1332 1183 1386 ἓν
1236 1340 1298 1405 τῇ
1352 1333 1484 1391 αὐτῆ
1545 1332 1813 1407 ἐπιφανείᾳ
1882 1334 2116 1403 κλίσεων,

517 1428 681 1495 ἤγουν
718 1431 810 1484 τῆς
838 1445 871 1495 ’γ
904 1443 925 1476 ε
956 1423 988 1485 ζ
1017 1421 1101 1476 hri.
1129 1426 1188 1475 τὸ
1218 1423 1346 1475 αὐτὸ
1396 1421 1432 1496 β
1465 1431 1681 1496 σημεῖον

518 1512 674 1567 αὐτὸν
746 1513 897 1584 λόγον
976 1511 1299 1584 ἀχθήτωσαν
1378 1517 1469 1565 καὶ
1522 1510 1578 1563 ἑκ
1630 1520 1732 1564 τῶν
1796 1513 1975 1586 ἐτέρων
2026 1522 2119 1567 τοῦ

516 1601 679 1654 κύϐου
732 1610 897 1676 μερῶν
961 1601 1156 1654 εὐθεῖαι
1218 1605 1463 1676 γραμμαὶ
1508 1604 1638 1675 πρὸς
1680 1605 1738 1654 τὸ
1786 1601 1822 1673 β
1881 1610 2118 1675 σημεῖον,

517 1689 961 1765 ἀριθμηθήτωσαν
1042 1694 1097 1742 αἱ
1159 1694 1399 1763 γραμμαὶ
1471 1696 1640 1744 πᾶσαι
1686 1696 1777 1744 καὶ
1826 1695 2119 1752 συντεθήτω

514 1783 733 1843 ταύταις
812 1785 903 1833 καὶ
979 1782 1039 1832 τὸ
1116 1786 1331 1852 σημεῖον
1409 1784 1500 1832 καὶ
1569 1786 1860 1839 ποιήσουσι
1932 1783 2119 1836 κύκλον

516 1868 805 1941 ἇεανάγκης
859 1889 873 1903 ο
913 1868 1068 1921 πάλιν
1099 1867 1320 1941 ἀχθήτω
1368 1866 1471 1921 ἀπὸ
1512 1876 1602 1930 τῆς
1657 1889 1690 1920 κ
1737 1878 1986 1944 γραμμῆς
2038 1870 2120 1924 hri

514 1962 574 2012 τὸ
718 1965 931 2031 σημεῖον
974 1957 1147 2010 εὐθεῖα
1192 1961 1433 2032 γραμμὴ,
1490 1958 1741 2020 ὡσαύτως
1794 1958 2117 2031 ἀχθὴτωσαν

515 2052 606 2100 καὶ
643 2048 814 2119 ἕτεραι
855 2051 1098 2118 γραμμαὶ
1161 2046 1356 2099 εύθεῖαι
1420 2048 1523 2099 ἀπὸ
1568 2047 1670 2099 τῶν
1734 2047 1785 2100 ἓν
1846 2056 1919 2120 τῷ
1974 2050 2117 2120 αὐτῷ

515 2140 659 2211 μέρει
697 2135 905 2188 εὐθειῶν
959 2143 1215 2211 γραμμῶν
1255 2142 1410 2209 τριῶν
1470 2144 1560 2197 τῆς
1608 2136 1658 2206 λ,
1704 2156 1762 2209 μ,
1822 2160 1871 2207 ν,
1924 2138 2008 2192 hri
2055 2142 2114 2191 τό

517 2223 554 2299 β
587 2232 823 2298 σημεῖον.
851 2224 1072 2297 Ὁμοίως
1108 2231 1236 2295 γοῦν
1275 2223 1600 2295 ἀχθήτωσαν
1656 2231 1744 2279 καὶ
1796 2225 1851 2279 ἔκ
1905 2235 2005 2279 τῶν
2043 2228 2114 2291 εἰς

1747 1445 1760 1459 ·
1822 1427 1959 1477 κατά
2031 1429 2118 1479 τὸν

483 2402 782 2460 musicum
813 2406 958 2473 ;aut
980 2401 1042 2457 id
1062 2401 1228 2474 quod
1254 2406 1347 2457 est
1368 2400 1753 2474 philosophia
1804 2404 1864 2459 in
1903 2409 2138 2475 natura,

484 2495 611 2547 esto
641 2491 841 2564 poesis
864 2491 925 2546 in
952 2495 1170 2547 natura
1205 2508 1219 2546 :
1252 2495 1377 2547 esto
1424 2491 1605 2561 igitur
1658 2492 1997 2549 Aristoteles
2030 2497 2141 2549 Ho-

490 2594 692 2639 merus
720 2598 739 2653 ;
772 2581 1060 2654 autquod
1092 2586 1183 2637 est
1207 2587 1406 2637 motus
1422 2581 1483 2637 in
1504 2583 1928 2654 natura,quies
1956 2583 2017 2639 in
2040 2598 2142 2641 na-

490 2677 645 2738 tura,
686 2677 813 2727 esto
846 2670 1025 2740 igitur
1052 2671 1222 2743 quies
1260 2675 1480 2727 motus.
1510 2674 1643 2727 Haec
1673 2678 1872 2728 autem
1902 2671 2144 2730 ﬁerine-

481 2767 731 2835 qneunt.
745 2765 887 2819 Nam
899 2759 1172 2817 absolute
1184 2760 1635 2833 temperationes
1648 2762 1802 2817 uniri
1814 2761 2141 2819 absurdum

481 2856 598 2909 est.
634 2850 1055 2908 Atsecundum
1080 2851 1473 2923 proprietates
1494 2851 1610 2907 hoc
1629 2850 1757 2907 ﬁeri
1812 2853 2131 2924 reperitur.

481 2943 631 2998 Nam
652 2956 844 2997 unum
873 2939 1119 2996 uniendi
1144 2938 1386 2995 alterius
1407 2940 1531 2996 vim
1570 2940 1772 3007 habet,
1819 2946 1884 2997 ut
1930 2941 2138 2998 album

480 3035 538 3086 et
578 3030 829 3095 ﬂavum,
862 3036 919 3085 et
946 3028 1113 3102 quod
1138 3033 1229 3084 est
1276 3029 1576 3085 musicum
1604 3034 1691 3085 est
1716 3034 2035 3100 cognatum
2089 3032 2140 3088 ei
2172 3056 2211 3111 ρ

481 3120 645 3191 quod
673 3124 761 3175 est
788 3116 1185 3186 numerabile,
1220 3120 1277 3173 et
1306 3117 1693 3190 philosophia
1724 3118 2059 3189 theologiaa,
2084 3125 2142 3176 et

481 3207 717 3280 poetica
746 3208 857 3264 arti
881 3205 1140 3263 dicendi.
1171 3210 1227 3262 et
1264 3206 1664 3278 tranquillitas
1709 3209 2136 3279 temperantia,

482 3301 540 3352 et
553 3296 750 3352 fortitu
760 3295 885 3352 dini
898 3300 1116 3351 motus.
1138 3294 1485 3367 Eodemque
1508 3295 1691 3351 modo
1702 3292 1848 3351 fullo
1861 3296 2137 3365 coriario,

481 3391 540 3442 et
564 3385 692 3443 aliis
722 3384 839 3442 alia
886 3388 1130 3458 propter
1188 3384 1613 3457 proprietatem
1667 3390 1809 3441 sunt
1858 3391 2135 3457 cognata.

552 3478 611 3532 2.
647 3477 839 3541 Quare
862 3473 987 3529 duo
1016 3478 1155 3530 sunt
1192 3473 1359 3530 modi
1402 3472 1667 3545 uniendl,
1732 3490 1891 3530 unus
1928 3475 2033 3548 qui
2052 3482 2143 3536 est

484 3556 818 3612 secundum
837 3561 1135 3626 naturam,
1160 3554 1307 3611 alter
1326 3554 1432 3628 qui
1453 3557 1542 3611 est
1564 3555 1899 3612 secundum
1911 3560 2141 3629 tempe-

479 3646 795 3702 rationem.
837 3647 988 3701 Nam
1021 3644 1692 3701 omniacommunicant
1720 3645 1875 3702 inter
1912 3663 1978 3703 se
1998 3660 2139 3703 cum

478 3740 861 3803 revocantur,
893 3738 998 3790 aut
1016 3733 1095 3789 ad
1125 3732 1502 3806 qualitatem,
1534 3738 1639 3790 aut
1664 3737 1742 3790 ad
1795 3735 2135 3803 essentiam,

483 3829 588 3881 aut
614 3823 692 3880 ad
720 3823 1000 3892 formam,
1033 3826 1137 3879 aut
1166 3822 1245 3879 ad
1270 3828 1573 3893 naturam,
1604 3823 1787 3896 idque
1834 3824 2140 3898 praecipue

483 3919 664 3986 atque
693 3912 986 3969 universe.
1032 3916 1104 3969 At
1159 3912 1496 3968 secundum
1547 3915 1937 3986 proprietates
1994 3914 2142 3972 alter

483 4010 573 4061 est
591 4003 811 4060 modus
864 4021 878 4072 ;
922 4018 1120 4075 neque
1161 4002 1321 4059 enim
1368 4002 1465 4059 hic
1522 4004 1652 4062 unit
1701 4004 2052 4062 naturaliter
2085 4010 2144 4062 et

482 4093 778 4158 universe,
844 4092 949 4147 sed
1019 4091 1457 4164 particulariter
1506 4098 1565 4150 et
1631 4093 1894 4168 proprie,
1942 4108 2141 4165 neque

483 4188 782 4255 quatenus
806 4180 1084 4252 qualitas,
1119 4187 1223 4237 aut
1240 4187 1545 4255 quatenus
1558 4184 1839 4251 essentia,
1867 4186 1973 4237 aut
1986 4195 2139 4252 qua-

486 4274 659 4326 tenus
671 4268 985 4337 forma,aut
995 4273 1296 4341 quatenus
1312 4271 1559 4328 materia
1573 4270 1829 4339 unit,sed
1841 4273 2139 4339 quatenus

486 4358 712 4431 aliquid
741 4374 880 4413 cum
903 4357 1106 4431 aliquo
1131 4361 1534 4432 componitur.
1575 4360 1936 4427 Quanquam
1956 4354 2137 4409 etiam

486 4448 783 4505 elementa
812 4448 1042 4504 ratione
1070 4456 1299 4506 natura
1330 4449 1480 4504 inter
1499 4462 1562 4501 se
1586 4442 2056 4506 communicant,
2081 4446 2139 4497 et

488 4553 650 4611 aqua
661 4554 781 4594 non
794 4538 1424 4607 interimitignem,nec
1438 4532 1713 4590 interimit
1725 4530 1841 4586 alia
1856 4544 1992 4601 quas
2012 4544 2137 4585 non

488 4627 902 4700 suntejusdem
914 4627 1089 4685 modi.
1100 4626 1213 4683 Sed
1224 4639 1353 4680 cum
1364 4636 1504 4694 pars
1516 4635 1691 4691 aqua:
1703 4618 1902 4675 obruit
1913 4624 2138 4690 partem

487 4717 812 4788 ignis,tunc
825 4733 964 4791 pars
979 4717 1077 4773 illa
1089 4728 1264 4784 aquae
1274 4708 1544 4766 interimit
1556 4713 1779 4780 partem
1794 4707 1950 4766 illam
1963 4709 2136 4779 ignis;

486 4806 947 4865 contrariaenim
960 4799 1269 4860 contrariis
1281 4797 1979 4856 interimuntur.Fitetiam
1994 4815 2141 4855 non-

486 4912 802 4970 nunquam
816 4895 1223 4967 utpharmaca
1234 4890 1479 4958 propter
1489 4888 1909 4959 proprietatem
1931 4904 2136 4961 corpo-

486 5002 621 5043 rum
635 4992 693 5041 et
706 4980 1211 5056 temperationum
1226 4976 1675 5034 communicent
1688 4978 1842 5033 inter
1854 4993 1918 5033 se
1929 4984 2139 5050 etpro-

487 5075 751 5144 sint,non
759 5088 834 5127 nu
842 5081 1059 5140 nquam
1072 5063 1239 5119 etiam
1255 5062 1590 5122 interimant
1601 5072 1844 5140 propter
1854 5067 2140 5123 diversam

484 5165 760 5236 ipsorum
787 5159 940 5214 inter
968 5172 1029 5211 se
1050 5154 1494 5227 proprietatem.
1552 5156 1829 5213 Similiter
1867 5158 2049 5213 etiam
2079 5157 2139 5212 in

486 5249 741 5309 metallis
778 5244 1244 5301 communicatio
1274 5246 1583 5317 reperitur,
1606 5246 1665 5302 in
1689 5246 1821 5303 aliis
1866 5261 2009 5301 vero
2022 5245 2137 5300 dis-

485 5337 812 5412 crepantia.
838 5336 1010 5403 Quod
1054 5340 1210 5392 certe
1265 5350 1387 5392 non
1441 5341 1531 5392 est
1566 5351 1814 5406 novum,
1860 5336 2133 5408 quando-

484 5427 733 5501 quidem
758 5426 941 5484 necin
956 5427 1348 5499 lineapuncta
1359 5426 1566 5482 omnia
1578 5426 1863 5482 omnibus
1896 5425 2133 5497 punctis

2276 536 2519 603 ’γραμμαὶ
2544 533 2630 587 ἐπὶ
2664 533 2791 608 τὸβ
2848 540 3083 607 σημεῖον,
3144 530 3592 605 ἀριθμηθὴτωσαν
3639 538 3730 586 καὶ
3792 535 3897 586 αὗ-

2277 634 2365 669 ται
2413 626 2584 674 πᾶσαι
2640 628 2731 677 καὶ
2793 624 3089 681 πντεθὴτω
3122 623 3339 683 ταύταις
3385 624 3474 672 καὶ
3526 624 3582 673 τὸ
3644 629 3895 694 σημεῖον,

2277 712 2369 759 καὶ
2453 716 2778 769 πονήσουσιν
2839 710 2893 776 ἕξ
2958 710 3185 783 ἀνάγκης
3263 712 3352 762 καὶ
3422 705 3582 762 αὗται
3675 710 3894 767 κύκλον.

2278 794 2423 851 Ἐπεὶ
2448 795 2508 852 δὲ
2534 798 2589 853 ἕκ
2616 802 2821 855 πάντων
2859 809 2960 854 τῶν
2998 808 3091 853 τοῦ
3121 798 3282 852 κύϐου
3321 806 3488 875 μερῶν
3543 801 3598 852 αἱ
3652 804 3783 875 πρὸς
3830 806 3898 855 τό

2281 884 2317 958 β
2350 896 2564 960 σημεῖον
2618 890 2810 944 εὐθεῖαι
2848 893 3089 963 γραμμαὶ
3143 891 3236 942 σὺν
3276 896 3348 961 τῷ
3375 892 3577 961 σημείῳ
3609 888 3684 952 εἰς
3744 889 3896 943 ἀπα-

2276 978 2531 1049 ρίθμησιν
2602 980 2854 1039 κυκλικὴν
2925 978 3281 1052 ἀναφέρονται,
3359 979 3501 1030 ἔστιν
3575 979 3682 1053 ἄρα
3750 982 3893 1033 κατά

2277 1064 2497 1142 ἀριθμὸν
2537 1068 2610 1130 εἰς
2636 1071 2724 1122 τὸν
2778 1068 2935 1122 κύϐον
2987 1071 3182 1141 φυσικὴ
3245 1070 3493 1139 συνέχεια
3542 1073 3643 1119 τῶν
3692 1076 3887 1142 μερῶν.

2273 1158 2538 1228 Τμηθήτω
2607 1165 2732 1230 ’γοῦν
2802 1162 2892 1210 καὶ
2956 1157 3030 1220 εἰς
3105 1156 3403 1229 ἐπιφανείας
3455 1157 3481 1208 ὁ
3547 1156 3729 1223 κύϐος,
3794 1162 3887 1211 καὶ

2277 1247 2411 1297 ἔστω
2494 1246 2611 1309 ἑξὰς
2665 1249 2695 1305 ἡ
2774 1243 3018 1307 ἐπίπεδος
3075 1244 3364 1319 ἐπιφάνεια,
3442 1250 3533 1299 καὶ
3583 1246 3884 1299 πολλαπλα-

2280 1336 2554 1393 σιασθήτω
2611 1337 2636 1387 ὁ
2692 1334 2909 1411 ἀριθμὸς
2955 1339 3045 1387 καὶ
3085 1334 3238 1387 πάλιν
3275 1333 3440 1387 πολλά
3491 1333 3883 1393 πλασιασθήτω

2277 1424 2446 1488 οὗτος,
2476 1429 2566 1477 καὶ
2593 1427 2928 1500 εὑρεθήσεται
2959 1428 3027 1486 ὡς
3054 1425 3079 1476 ὁ
3111 1444 3144 1475 α
3192 1426 3322 1498 πρὸς
3350 1425 3437 1476 τὸν
3470 1421 3528 1497 β,
3584 1424 3609 1475 ὁ
3656 1422 3689 1496 β
3740 1426 3881 1498 πρὸς

2275 1517 2364 1565 τὸν
2415 1535 2449 1585 γ
2492 1535 2506 1547 ο
2568 1515 2898 1588 εὑρίσκονται
2982 1513 3086 1587 ἄρα
3144 1516 3235 1565 καὶ
3292 1511 3408 1564 κατ’
3460 1511 3753 1585 ἐπιφανείας
3808 1511 3887 1573 εἰς

2278 1602 2641 1679 ἀπαρίθμησιν
2671 1603 2921 1661 κυκλικὴν
2973 1609 3170 1673 συνεχῆ
3204 1603 3270 1654 τὰ
3317 1604 3448 1676 μέρη
3512 1605 3694 1656 αὑτοῦ.
3740 1601 3888 1655 Ἐπεὶ

2279 1688 2339 1746 δε
2394 1694 2448 1745 αἱ
2495 1694 2630 1745 κατὰ
2670 1696 2864 1755 παντὸς
2918 1695 3105 1766 μέρους
3157 1690 3317 1743 αὐτοῦ
3372 1689 3618 1765 ἁρμονίαι
3674 1689 3887 1765 ἀριθμῷ

2277 1781 2351 1844 είς
2428 1781 2613 1834 κύκλον
2702 1779 3003 1853 ἀνάγονται,
3077 1781 3103 1832 ὁ
3178 1776 3239 1832 δε
3302 1779 3486 1840 κύκλος
3535 1786 3638 1831 τῶν
3718 1779 3890 1834 ἄλλων

2279 1873 2572 1945 σχημάτων
2626 1876 2977 1945 φυσικώτερος
3056 1874 3147 1922 καὶ
3200 1865 3619 1943 μονοειδέστερος
3672 1873 3763 1923 καὶ
3824 1870 3890 1923 οὐ

2275 1964 2460 2035 μικτὸς
2488 1963 2578 2013 καὶ
2607 1958 2802 2021 ἁπλοῦς
2851 1962 2942 2012 καὶ
2971 1957 3026 2011 ἐκ
3082 1966 3248 2033 μερῶν
3303 1957 3361 2011 ού
3412 1956 3635 2022 πολλῶν,
3682 1957 3887 2031 ἀνάγκη

2272 2056 2422 2104 πᾶσα
2491 2049 2605 2102 κατ’
2664 2047 2884 2123 ἀριθμὸν
2954 2053 3181 2121 φυσικὴν
3227 2054 3359 2100 νοεῖν
3427 2051 3522 2106 τήν
3577 2054 3671 2100 τοῦ
3720 2047 3889 2102 κύϐου

2275 2142 2573 2211 συνέχειαν,
2602 2137 2709 2192 ἕπει
2737 2138 2807 2199 εἰς
2826 2137 3044 2199 κύκλους
3076 2136 3340 2209 ἀνάγεται.

2324 2224 2397 2284 δ’.
2438 2229 2768 2301 Θεωρηθήτω
2795 2232 2922 2297 γοῦν
2956 2227 3217 2279 καὶκατὰ
3263 2232 3503 2297 συνεχεῖς
3559 2223 3885 2298 ἐπιφανείας,

2248 2404 2540 2462 uniuntur
2566 2420 2674 2478 per
2688 2404 3219 2461 continuationem.
3237 2405 3389 2460 Nam
3417 2402 3683 2476 primum
3735 2404 3919 2461 tertio

2248 2510 2372 2551 non
2429 2495 2650 2565 unitur,
2700 2494 2817 2550 nisi
2872 2486 2980 2566 per
3022 2492 3405 2564 secundum;
3456 2493 3672 2551 eodem
3720 2495 3917 2551 modo

2250 2580 2431 2641 etiam
2456 2583 2708 2657 reliqua,
2725 2583 2992 2639 utetiam
3019 2582 3079 2638 in
3093 2582 3307 2647 solido,
3336 2582 3637 2657 siquidem
3671 2598 3797 2639 non
3822 2599 3918 2640 se-

2249 2673 2514 2729 cundum
2536 2676 2817 2730 naturam
2835 2671 2871 2728 d
2882 2675 3127 2728 untaxat
3139 2672 3330 2745 ipsius
3346 2671 3581 2729 termini
3596 2672 3913 2747 uniuntur,

2248 2762 2456 2817 verum
2478 2762 2658 2818 etiam
2688 2760 3025 2817 secundum
3053 2762 3568 2833 temperationem.
3588 2763 3737 2819 Nam
3765 2761 3916 2819 cubi

2248 2851 2641 2923 continuatio,
2674 2850 2884 2907 habita
2912 2851 3143 2907 ratione
3166 2850 3643 2922 superﬁcierum,
3675 2865 3797 2908 non
3818 2854 3916 2908 est

2247 2939 2561 3005 naturalis,
2580 2939 2686 2996 sed
2697 2939 2991 2996 beneﬁcio
3012 2939 3250 2996 numeri
3267 2939 3520 2995 vincitur
3530 2939 3914 2997 naturaliter.

2321 3035 2377 3087 3.
2417 3034 2677 3087 Ponatur
2706 3030 2886 3101 igitur
2903 3029 3249 3085 senariusin
3280 3029 3458 3095 cubo,
3486 3028 3701 3085 eodem
3717 3028 3912 3087 modo

2248 3116 2595 3176 octonarius
2624 3119 2723 3189 (1).
2751 3120 2890 3173 Esto
2915 3133 3056 3173 vero
3085 3118 3266 3173 etiam
3294 3122 3587 3188 punctum
3635 3118 3711 3172 ad
3734 3118 3920 3190 quod

2247 3207 2578 3265 referantur
2594 3221 2805 3263 omnes
2816 3205 3002 3274 lineae,
3020 3210 3140 3260 tam
3154 3219 3291 3277 quae
3301 3204 3380 3260 ab
3412 3202 3923 3262 inclinationibus

2249 3297 2633 3368 angulorum,
2648 3309 2833 3367 quam
2857 3308 2993 3362 quas
3020 3292 3098 3348 ab
3110 3291 3448 3364 aequalibus
3471 3291 3641 3347 lineis
3669 3290 3928 3351 ducun-

2249 3389 2363 3441 tur.
2388 3385 2648 3440 Ducatur
2677 3381 2753 3438 ab
2775 3395 2813 3438 α
2842 3379 3243 3436 inclinationis
3293 3379 3516 3450 angulo
3553 3379 3712 3436 linea
3738 3386 3922 3441 recta.

2247 3473 2306 3528 in
2338 3473 2371 3527 ὁ
2402 3474 2714 3543 punctum,
2757 3468 2971 3525 eodem
3029 3467 3214 3524 modo
3239 3468 3369 3524 alias
3407 3473 3582 3524 rectae
3625 3467 3801 3524 lineae
3829 3470 3920 3527 ab

2246 3560 2377 3617 aliis
2398 3558 2800 3616 inclinationis
2825 3556 3061 3627 angulis
3094 3572 3232 3630 qum
3290 3561 3430 3613 sunt
3472 3556 3535 3613 in
3566 3556 3915 3629 superﬁcie,

2247 3663 2467 3723 nempe
2494 3647 2573 3704 ab
2601 3662 2632 3704 c
2663 3663 2694 3705 e
2716 3647 2835 3719 fin
2864 3647 3027 3702 idem
3040 3649 3334 3718 punctum
3361 3645 3413 3701 ὁ.
3440 3645 3920 3703 Eademratione

2247 3739 2545 3797 ducantur
2565 3736 2697 3794 alite
2731 3740 2908 3793 rectm
2924 3735 3096 3792 lineae
3108 3735 3187 3792 ab
3203 3735 3335 3792 aliis
3374 3734 3513 3791 cubi
3553 3734 3834 3808 partibus
3852 3735 3920 3793 in

2250 3833 2544 3904 punctum
2578 3827 2631 3884 b.
2665 3824 3469 3884 Numerenturomneslineae
3504 3829 3562 3880 et
3595 3840 3734 3879 cum
3751 3824 3907 3897 ipsis

2247 3926 2543 3994 punctum
2571 3917 2753 3973 etiam
2775 3918 3339 3987 componatur,sane
3356 3914 3695 3969 necessario
3713 3913 3909 3971 circu-

2247 4008 2377 4065 lum
2396 4006 2902 4064 eﬂicient.Rursus
2922 4005 3177 4059 ducatur
3190 4002 3349 4059 linea
3364 4006 3525 4058 recta
3546 4018 3582 4059 a
3601 4002 3764 4060 linea
3780 4005 3822 4060 lc
3850 4006 3911 4062 in

2248 4102 2543 4169 punctum
2558 4096 2610 4151 b.
2629 4094 2851 4149 Eodem
2864 4092 3359 4148 mododucantur
3372 4092 3554 4147 etiam
3591 4089 3723 4147 alim
3736 4098 3918 4151 rectae

2248 4184 2423 4240 lineae
2462 4200 2496 4240 a
2544 4183 2734 4239 tribus
2787 4182 2958 4236 lineis
2998 4181 3172 4236 rectis
3223 4195 3359 4252 quae
3401 4185 3538 4237 sunt
3602 4180 3664 4236 in
3691 4181 3914 4240 eadem

2249 4277 2441 4341 parte,
2471 4284 2691 4341 nempe
2716 4270 2796 4324 ab
2831 4270 2854 4323 ι
2872 4284 2930 4322 m
2960 4284 3001 4322 η
3031 4268 3090 4322 in
3104 4274 3398 4339 punctum
3419 4270 3474 4325 b.
3510 4270 3916 4329 Consimiliter

2247 4356 2427 4425 igitur
2455 4372 2493 4412 a
2528 4355 2772 4426 reliquis
2800 4353 2972 4409 lineis
3021 4353 3388 4427 reliquarum
3459 4357 3596 4414 cubi
3640 4361 3911 4431 partium

2248 4444 2423 4499 lineae
2448 4448 2621 4499 rectm
2646 4442 2946 4499 ducantur
2969 4441 3030 4498 in
3072 4442 3105 4498 b
3150 4450 3462 4516 punctum.
3506 4449 3915 4507 Numerentur

2248 4532 2429 4589 etiam
2482 4531 2577 4588 hae
2607 4546 2819 4588 omnes
2856 4535 2913 4588 et
2967 4547 3102 4587 cum
3148 4532 3241 4589 his
3270 4539 3562 4605 punctum
3622 4544 3911 4611 ponatur,

2248 4621 2589 4678 necessario
2652 4634 2898 4692 quoque
3014 4620 3304 4678 circulum
3390 4622 3664 4682 efﬁcient.
3756 4630 3912 4685 Cum

2249 4713 2429 4784 igitur
2458 4712 2537 4769 ab
2565 4710 2852 4769 omnibus
2877 4711 3017 4768 cubi
3047 4714 3319 4784 partibus
3342 4713 3514 4771 lineas
3545 4716 3745 4773 ductas
3786 4718 3852 4775 in
3878 4720 3913 4775 ὁ

2250 4806 2545 4875 punctum
2566 4799 2900 4856 referantur
2922 4801 3001 4857 ad
3036 4801 3386 4858 circnlarem
3399 4806 3913 4875 numerationem,

2253 4892 2526 4963 sequitur
2538 4906 2669 4946 esse
2681 4890 2741 4944 in
2755 4889 2932 4957 cubo,
2948 4895 3191 4962 propter
3202 4905 3547 4955 numerum,
3561 4894 3914 4953 naturalem

2251 4980 2514 5053 partium
2545 4977 3078 5035 continuationem.
3109 4980 3349 5035 Secetur
3376 4980 3556 5038 etiam
3621 4983 3820 5040 cubus
3849 4985 3915 5042 in

2252 5067 2622 5142 superﬁcies,
2666 5072 2721 5123 et
2788 5072 2914 5123 esto
2976 5068 3249 5123 senarius
3302 5068 3485 5140 plana
3531 5072 3914 5144 superficies,

2251 5156 2797 5229 multiplicetnrque
2825 5171 3134 5224 numerus,
3192 5172 3401 5214 rursus
3430 5161 3533 5232 qui
3556 5161 3697 5217 inde
3714 5161 3914 5220 factus

2253 5252 2340 5303 est
2360 5245 2804 5318 multiplicetur,
2835 5245 3081 5301 tandem
3111 5247 3474 5318 reperiemus
3495 5254 3558 5305 ut
3614 5264 3911 5309 numerus

2254 5352 2294 5393 a
2328 5336 2403 5391 ad
2434 5336 2543 5391 bse
2564 5333 2997 5397 habet,itabad
3015 5351 3053 5407 g
3078 5350 3142 5392 se
3192 5335 3436 5393 habere.
3486 5341 3913 5413 Comperimus

2253 5426 2434 5496 igitur
2479 5423 2990 5481 continuationem
3080 5425 3331 5497 partium
3378 5427 3517 5483 cubi
3567 5428 3769 5487 referri
3828 5434 3911 5490 ad

555 5571 631 5641 (1)
654 5572 875 5653 Nempe
906 5571 1098 5653 seggies
1123 5585 1223 5626 sex
1257 5569 1470 5651 sexies,
1497 5574 1600 5653 aut
1627 5569 1811 5653 octies
1853 5575 1987 5627 octo
2012 5569 2215 5639 octies,
2244 5567 2328 5625 ita
2364 5573 2427 5625 ut
2464 5567 2737 5625 senarius
2761 5573 2866 5625 aut
2893 5569 3234 5625 octonarius
3282 5568 3356 5653 sit
3393 5586 3551 5628 unus
3606 5588 3681 5629 ex
3710 5574 3909 5631 tribus

482 5642 751 5710 numeris
780 5641 854 5699 ex
882 5641 1103 5717 quibus
1134 5641 1405 5698 senarius
1430 5645 1682 5717 constat.
