  <div class='ocr_page' id='page_1' title='image "/cluster/home/n/w/nwhite01/storage/ocr_20150623/140/coo.31924054870450/646.png"; bbox 0 0 4124 6396; ppageno 0'>
   <div class='ocr_carea' id='block_1_1' title="bbox 315 320 453 379">
    <p class='ocr_par' dir='ltr' id='par_1_1' title="bbox 315 320 453 379">
     <span class='ocr_line' id='line_1_1' title="bbox 315 320 453 379; baseline 0.007 -1"><span class='ocrx_word' id='word_1_1' title='bbox 315 320 453 379; x_wconf 78' lang='grc'><strong>1273</strong></span> 
     </span>
    </p>
   </div>
   <div class='ocr_carea' id='block_1_2' title="bbox 1184 324 2791 385">
    <p class='ocr_par' dir='ltr' id='par_1_2' title="bbox 1184 324 2791 385">
     <span class='ocr_line' id='line_1_2' title="bbox 1184 324 2791 385; baseline 0.002 -4"><span class='ocrx_word' id='word_1_2' title='bbox 1184 325 1538 382; x_wconf 80' lang='lat' dir='ltr'><strong>THEODORI</strong></span> <span class='ocrx_word' id='word_1_3' title='bbox 1568 328 1615 381; x_wconf 86' lang='lat' dir='ltr'><strong>II</strong></span> <span class='ocrx_word' id='word_1_4' title='bbox 1656 324 1795 382; x_wconf 84' lang='lat' dir='ltr'><strong>1MP.</strong></span> <span class='ocrx_word' id='word_1_5' title='bbox 1826 326 1917 381; x_wconf 88' lang='lat' dir='ltr'><strong>DE</strong></span> <span class='ocrx_word' id='word_1_6' title='bbox 1949 324 2405 383; x_wconf 79' lang='lat' dir='ltr'><strong>COMMUNIONE</strong></span> <span class='ocrx_word' id='word_1_7' title='bbox 2437 324 2791 385; x_wconf 77' lang='lat' dir='ltr'><strong>NATURALI</strong></span> 
     </span>
    </p>
   </div>
   <div class='ocr_carea' id='block_1_3' title="bbox 3530 332 3666 389">
    <p class='ocr_par' dir='ltr' id='par_1_3' title="bbox 3530 332 3666 389">
     <span class='ocr_line' id='line_1_3' title="bbox 3530 332 3666 389; baseline 0.007 -1"><span class='ocrx_word' id='word_1_8' title='bbox 3530 332 3666 389; x_wconf 75' lang='grc'><strong>1274</strong></span> 
     </span>
    </p>
   </div>
   <div class='ocr_carea' id='block_1_4' title="bbox 313 446 3672 529">
    <p class='ocr_par' dir='ltr' id='par_1_4' title="bbox 313 446 3672 529">
     <span class='ocr_line' id='line_1_4' title="bbox 313 446 3672 529; baseline 0.003 -30"><span class='ocrx_word' id='word_1_9' title='bbox 313 446 357 499; x_wconf 84' lang='grc' dir='ltr'>εἰ</span> <span class='ocrx_word' id='word_1_10' title='bbox 386 447 541 500; x_wconf 81' lang='grc' dir='ltr'>αὑταὶ</span> <span class='ocrx_word' id='word_1_11' title='bbox 572 448 703 521; x_wconf 85' lang='grc' dir='ltr'>πρὸς</span> <span class='ocrx_word' id='word_1_12' title='bbox 742 446 895 507; x_wconf 76' lang='grc' dir='ltr'>αὐτὸς</span> <span class='ocrx_word' id='word_1_13' title='bbox 932 446 1178 509; x_wconf 79' lang='grc' dir='ltr'>ἀλληλαις</span> <span class='ocrx_word' id='word_1_14' title='bbox 1233 453 1508 521; x_wconf 79' lang='grc' dir='ltr'><strong>συνέχειαν</strong></span> <span class='ocrx_word' id='word_1_15' title='bbox 1560 452 1774 522; x_wconf 80' lang='grc' dir='ltr'>ἔχουσι,</span> <span class='ocrx_word' id='word_1_16' title='bbox 1823 454 1912 502; x_wconf 86' lang='grc' dir='ltr'>καὶ</span> <span class='ocrx_word' id='word_1_17' title='bbox 1969 452 2016 505; x_wconf 79' lang='grc' dir='ltr'><strong>Α</strong></span> <span class='ocrx_word' id='word_1_18' title='bbox 2073 452 2353 523; x_wconf 84' lang='grc' dir='ltr'>τετμσὴθω</span> <span class='ocrx_word' id='word_1_19' title='bbox 2385 448 2758 527; x_wconf 80' lang='grc' dir='ltr'>ἐνδεκαμερῶς,</span> <span class='ocrx_word' id='word_1_20' title='bbox 2791 454 2951 527; x_wconf 74' lang='grc' dir='ltr'>ᾒγουν</span> <span class='ocrx_word' id='word_1_21' title='bbox 2980 454 3010 513; x_wconf 81' lang='grc' dir='ltr'><strong>ἠ</strong></span> <span class='ocrx_word' id='word_1_22' title='bbox 3040 452 3190 528; x_wconf 82' lang='grc' dir='ltr'>αβγ</span> <span class='ocrx_word' id='word_1_23' title='bbox 3232 450 3269 508; x_wconf 82' lang='grc' dir='ltr'><em>δ</em></span> <span class='ocrx_word' id='word_1_24' title='bbox 3321 473 3345 508; x_wconf 89' lang='grc' dir='ltr'><strong>ε</strong></span> <span class='ocrx_word' id='word_1_25' title='bbox 3383 454 3433 526; x_wconf 83' lang='grc' dir='ltr'><strong>ζ,</strong></span> <span class='ocrx_word' id='word_1_26' title='bbox 3484 461 3672 529; x_wconf 78' lang='grc' dir='ltr'>τετμή-</span> 
     </span>
    </p>
   </div>
   <div class='ocr_carea' id='block_1_5' title="bbox 309 536 1907 611">
    <p class='ocr_par' dir='ltr' id='par_1_5' title="bbox 309 536 1907 611">
     <span class='ocr_line' id='line_1_5' title="bbox 309 536 1907 611; baseline 0.002 -22"><span class='ocrx_word' id='word_1_27' title='bbox 309 538 509 608; x_wconf 85' lang='grc' dir='ltr'>ὁποίαν,</span> <span class='ocrx_word' id='word_1_28' title='bbox 538 540 628 589; x_wconf 83' lang='grc' dir='ltr'>καὶ</span> <span class='ocrx_word' id='word_1_29' title='bbox 683 544 813 597; x_wconf 87' lang='grc' dir='ltr'>πῶς.</span> <span class='ocrx_word' id='word_1_30' title='bbox 868 536 1044 590; x_wconf 84' lang='grc' dir='ltr'><strong>Ἔστω</strong></span> <span class='ocrx_word' id='word_1_31' title='bbox 1100 543 1270 590; x_wconf 79' lang='grc' dir='ltr'><strong>τοίνυν</strong></span> <span class='ocrx_word' id='word_1_32' title='bbox 1302 560 1334 591; x_wconf 93' lang='grc' dir='ltr'><strong>α</strong></span> <span class='ocrx_word' id='word_1_33' title='bbox 1362 538 1397 611; x_wconf 81' lang='grc' dir='ltr'>β</span> <span class='ocrx_word' id='word_1_34' title='bbox 1427 560 1459 610; x_wconf 99' lang='lat'><strong>7</strong></span> <span class='ocrx_word' id='word_1_35' title='bbox 1489 536 1523 591; x_wconf 79' lang='grc' dir='ltr'><em>ὃ</em></span> <span class='ocrx_word' id='word_1_36' title='bbox 1554 559 1575 592; x_wconf 89' lang='grc' dir='ltr'><strong>ε</strong></span> <span class='ocrx_word' id='word_1_37' title='bbox 1598 540 1630 600; x_wconf 79' lang='grc' dir='ltr'><strong><em>ζ</em></strong></span> <span class='ocrx_word' id='word_1_38' title='bbox 1650 542 1676 592; x_wconf 87' lang='grc' dir='ltr'><strong><em>ὁ</em></strong></span> <span class='ocrx_word' id='word_1_39' title='bbox 1730 539 1907 603; x_wconf 88' lang='grc' dir='ltr'>κύϐος,</span> 
     </span>
    </p>
   </div>
   <div class='ocr_carea' id='block_1_6' title="bbox 307 625 1910 701">
    <p class='ocr_par' dir='ltr' id='par_1_6' title="bbox 307 625 1910 701">
     <span class='ocr_line' id='line_1_6' title="bbox 307 625 1910 701; baseline 0.001 -22"><span class='ocrx_word' id='word_1_40' title='bbox 307 625 596 685; x_wconf 81' lang='grc' dir='ltr'>ἆπλωθήτω</span> <span class='ocrx_word' id='word_1_41' title='bbox 624 626 652 684; x_wconf 81' lang='grc' dir='ltr'><em>ὴ</em></span> <span class='ocrx_word' id='word_1_42' title='bbox 683 646 716 678; x_wconf 89' lang='grc' dir='ltr'><strong>α</strong></span> <span class='ocrx_word' id='word_1_43' title='bbox 748 627 836 687; x_wconf 82' lang='grc' dir='ltr'>ἕως</span> <span class='ocrx_word' id='word_1_44' title='bbox 873 634 964 687; x_wconf 85' lang='grc' dir='ltr'>τῆς</span> <span class='ocrx_word' id='word_1_45' title='bbox 985 626 1228 701; x_wconf 80' lang='grc' dir='ltr'><strong>ἑκατέρας</strong></span> <span class='ocrx_word' id='word_1_46' title='bbox 1268 627 1427 689; x_wconf 75' lang='grc' dir='ltr'>αὐτῆς</span> <span class='ocrx_word' id='word_1_47' title='bbox 1489 627 1525 701; x_wconf 84' lang='grc' dir='ltr'>β</span> <span class='ocrx_word' id='word_1_48' title='bbox 1571 648 1625 681; x_wconf 85' lang='grc' dir='ltr'><strong>τε</strong></span> <span class='ocrx_word' id='word_1_49' title='bbox 1672 634 1762 681; x_wconf 83' lang='grc' dir='ltr'>καὶ</span> <span class='ocrx_word' id='word_1_50' title='bbox 1815 637 1910 690; x_wconf 82' lang='grc' dir='ltr'>τῆς</span> 
     </span>
    </p>
   </div>
   <div class='ocr_carea' id='block_1_7' title="bbox 303 711 1908 790">
    <p class='ocr_par' dir='ltr' id='par_1_7' title="bbox 303 711 1908 790">
     <span class='ocr_line' id='line_1_7' title="bbox 303 711 1908 790; baseline -0.001 -21"><span class='ocrx_word' id='word_1_51' title='bbox 303 737 359 789; x_wconf 84' lang='lat'><strong>7,</strong></span> <span class='ocrx_word' id='word_1_52' title='bbox 387 721 475 769; x_wconf 84' lang='grc' dir='ltr'>καὶ</span> <span class='ocrx_word' id='word_1_53' title='bbox 504 716 535 775; x_wconf 80' lang='grc' dir='ltr'><strong>ἠ</strong></span> <span class='ocrx_word' id='word_1_54' title='bbox 571 711 607 768; x_wconf 87' lang='grc' dir='ltr'><em>δ</em></span> <span class='ocrx_word' id='word_1_55' title='bbox 632 718 875 790; x_wconf 80' lang='grc' dir='ltr'>πρόςτὴν</span> <span class='ocrx_word' id='word_1_56' title='bbox 903 714 939 788; x_wconf 87' lang='grc' dir='ltr'><strong><em>β</em></strong></span> <span class='ocrx_word' id='word_1_57' title='bbox 968 735 1023 768; x_wconf 83' lang='grc' dir='ltr'><strong>τε</strong></span> <span class='ocrx_word' id='word_1_58' title='bbox 1052 721 1141 769; x_wconf 87' lang='grc' dir='ltr'>καὶ</span> <span class='ocrx_word' id='word_1_59' title='bbox 1167 720 1260 775; x_wconf 79' lang='grc' dir='ltr'><strong>την</strong></span> <span class='ocrx_word' id='word_1_60' title='bbox 1290 738 1347 789; x_wconf 89' lang='lat'><strong>7,</strong></span> <span class='ocrx_word' id='word_1_61' title='bbox 1378 722 1467 770; x_wconf 84' lang='grc' dir='ltr'>καὶ</span> <span class='ocrx_word' id='word_1_62' title='bbox 1498 717 1527 776; x_wconf 82' lang='grc' dir='ltr'><strong>ἠ</strong></span> <span class='ocrx_word' id='word_1_63' title='bbox 1553 737 1574 770; x_wconf 83' lang='grc' dir='ltr'><strong>ε</strong></span> <span class='ocrx_word' id='word_1_64' title='bbox 1622 720 1754 789; x_wconf 86' lang='grc' dir='ltr'>πρός</span> <span class='ocrx_word' id='word_1_65' title='bbox 1814 721 1908 776; x_wconf 85' lang='grc' dir='ltr'>τήν</span> 
     </span>
    </p>
   </div>
   <div class='ocr_carea' id='block_1_8' title="bbox 302 802 1909 879">
    <p class='ocr_par' dir='ltr' id='par_1_8' title="bbox 302 802 1909 879">
     <span class='ocr_line' id='line_1_8' title="bbox 302 802 1909 879; baseline 0.001 -21"><span class='ocrx_word' id='word_1_66' title='bbox 302 826 337 858; x_wconf 96' lang='grc' dir='ltr'><strong>α</strong></span> <span class='ocrx_word' id='word_1_67' title='bbox 368 804 404 878; x_wconf 84' lang='grc' dir='ltr'>β</span> <span class='ocrx_word' id='word_1_68' title='bbox 433 827 465 877; x_wconf 85' lang='lat'><strong>7</strong></span> <span class='ocrx_word' id='word_1_69' title='bbox 499 802 553 876; x_wconf 83' lang='grc' dir='ltr'><strong>δ,</strong></span> <span class='ocrx_word' id='word_1_70' title='bbox 583 809 672 857; x_wconf 80' lang='grc' dir='ltr'>καὶ</span> <span class='ocrx_word' id='word_1_71' title='bbox 703 807 734 863; x_wconf 84' lang='grc' dir='ltr'>ἡ</span> <span class='ocrx_word' id='word_1_72' title='bbox 768 805 1016 878; x_wconf 79' lang='grc' dir='ltr'>ζόμοίως</span> <span class='ocrx_word' id='word_1_73' title='bbox 1042 810 1169 879; x_wconf 87' lang='grc' dir='ltr'>πρὸς</span> <span class='ocrx_word' id='word_1_74' title='bbox 1192 810 1282 865; x_wconf 80' lang='grc' dir='ltr'>τὴν</span> <span class='ocrx_word' id='word_1_75' title='bbox 1312 826 1346 858; x_wconf 87' lang='grc' dir='ltr'><strong>α</strong></span> <span class='ocrx_word' id='word_1_76' title='bbox 1385 805 1479 879; x_wconf 80' lang='grc' dir='ltr'><strong>βγ</strong></span> <span class='ocrx_word' id='word_1_77' title='bbox 1509 803 1545 859; x_wconf 84' lang='grc' dir='ltr'><em>δ</em></span> <span class='ocrx_word' id='word_1_78' title='bbox 1604 829 1616 842; x_wconf 80' lang='lat'><strong>&#39;</strong></span> <span class='ocrx_word' id='word_1_79' title='bbox 1678 806 1909 860; x_wconf 81' lang='grc' dir='ltr'>ἕνούνται</span> 
     </span>
    </p>
   </div>
   <div class='ocr_carea' id='block_1_9' title="bbox 300 891 1909 967">
    <p class='ocr_par' dir='ltr' id='par_1_9' title="bbox 300 891 1909 967">
     <span class='ocr_line' id='line_1_9' title="bbox 300 891 1909 967; baseline 0 -20"><span class='ocrx_word' id='word_1_80' title='bbox 300 902 426 967; x_wconf 76' lang='grc' dir='ltr'>γοῦν</span> <span class='ocrx_word' id='word_1_81' title='bbox 451 894 609 947; x_wconf 80' lang='grc' dir='ltr'>αὗται</span> <span class='ocrx_word' id='word_1_82' title='bbox 634 896 767 967; x_wconf 85' lang='grc' dir='ltr'>πρὸς</span> <span class='ocrx_word' id='word_1_83' title='bbox 795 896 891 955; x_wconf 78' lang='grc' dir='ltr'><strong>τὰς</strong></span> <span class='ocrx_word' id='word_1_84' title='bbox 912 894 1122 963; x_wconf 78' lang='grc' dir='ltr'><strong>κλίσεις,</strong></span> <span class='ocrx_word' id='word_1_85' title='bbox 1158 897 1213 948; x_wconf 84' lang='grc' dir='ltr'>αἱ</span> <span class='ocrx_word' id='word_1_86' title='bbox 1259 891 1319 949; x_wconf 70' lang='grc' dir='ltr'><strong>δὲ</strong></span> <span class='ocrx_word' id='word_1_87' title='bbox 1373 897 1535 957; x_wconf 75' lang='grc' dir='ltr'>θέσεις</span> <span class='ocrx_word' id='word_1_88' title='bbox 1560 901 1649 949; x_wconf 81' lang='grc' dir='ltr'>καὶ</span> <span class='ocrx_word' id='word_1_89' title='bbox 1702 897 1909 960; x_wconf 81' lang='grc' dir='ltr'>ἑνὼσεις</span> 
     </span>
    </p>
   </div>
   <div class='ocr_carea' id='block_1_10' title="bbox 302 982 1906 1058">
    <p class='ocr_par' dir='ltr' id='par_1_10' title="bbox 302 982 1906 1058">
     <span class='ocr_line' id='line_1_10' title="bbox 302 982 1906 1058; baseline 0.001 -22"><span class='ocrx_word' id='word_1_90' title='bbox 302 984 465 1037; x_wconf 74' lang='grc' dir='ltr'>αὐτῶν</span> <span class='ocrx_word' id='word_1_91' title='bbox 487 982 824 1054; x_wconf 69' lang='grc' dir='ltr'>οἰκυκλικαὶ,</span> <span class='ocrx_word' id='word_1_92' title='bbox 858 982 1032 1058; x_wconf 81' lang='grc' dir='ltr'>ὥσπερ</span> <span class='ocrx_word' id='word_1_93' title='bbox 1082 989 1172 1036; x_wconf 83' lang='grc' dir='ltr'>καὶ</span> <span class='ocrx_word' id='word_1_94' title='bbox 1226 984 1310 1037; x_wconf 71' lang='grc' dir='ltr'>ἐπὶ</span> <span class='ocrx_word' id='word_1_95' title='bbox 1362 993 1459 1036; x_wconf 88' lang='grc' dir='ltr'>τῶν</span> <span class='ocrx_word' id='word_1_96' title='bbox 1516 986 1906 1058; x_wconf 83' lang='grc' dir='ltr'>ἀριθμηθεισῶν</span> 
     </span>
    </p>
   </div>
   <div class='ocr_carea' id='block_1_11' title="bbox 300 1073 1902 1148">
    <p class='ocr_par' dir='ltr' id='par_1_11' title="bbox 300 1073 1902 1148">
     <span class='ocr_line' id='line_1_11' title="bbox 300 1073 1902 1148; baseline 0.003 -22"><span class='ocrx_word' id='word_1_97' title='bbox 300 1081 551 1148; x_wconf 71' lang='grc' dir='ltr'>γραμμῶν</span> <span class='ocrx_word' id='word_1_98' title='bbox 594 1073 723 1125; x_wconf 77' lang='grc' dir='ltr'><strong>ἀλλά</strong></span> <span class='ocrx_word' id='word_1_99' title='bbox 785 1078 1169 1147; x_wconf 68' lang='grc' dir='ltr'>γεγωνιωμέναι</span> <span class='ocrx_word' id='word_1_100' title='bbox 1230 1080 1320 1127; x_wconf 84' lang='grc' dir='ltr'>καὶ</span> <span class='ocrx_word' id='word_1_101' title='bbox 1376 1075 1575 1138; x_wconf 88' lang='grc' dir='ltr'>κλίσεις</span> <span class='ocrx_word' id='word_1_102' title='bbox 1629 1078 1856 1148; x_wconf 82' lang='grc' dir='ltr'>ἔχουσαι</span> <span class='ocrx_word' id='word_1_103' title='bbox 1890 1121 1902 1132; x_wconf 93' lang='grc'><strong>.</strong></span> 
     </span>
    </p>
   </div>
   <div class='ocr_carea' id='block_1_12' title="bbox 302 1161 1905 1235">
    <p class='ocr_par' dir='ltr' id='par_1_12' title="bbox 302 1161 1905 1235">
     <span class='ocr_line' id='line_1_12' title="bbox 302 1161 1905 1235; baseline -0.001 -17"><span class='ocrx_word' id='word_1_104' title='bbox 302 1162 331 1221; x_wconf 78' lang='grc' dir='ltr'><strong>ἠ</strong></span> <span class='ocrx_word' id='word_1_105' title='bbox 365 1168 410 1218; x_wconf 82' lang='grc' dir='ltr'><strong>Α</strong></span> <span class='ocrx_word' id='word_1_106' title='bbox 438 1166 540 1235; x_wconf 77' lang='grc' dir='ltr'><strong>γὰρ</strong></span> <span class='ocrx_word' id='word_1_107' title='bbox 562 1162 653 1220; x_wconf 82' lang='grc' dir='ltr'><strong>ὅλη</strong></span> <span class='ocrx_word' id='word_1_108' title='bbox 682 1164 775 1224; x_wconf 80' lang='grc' dir='ltr'>ἕως</span> <span class='ocrx_word' id='word_1_109' title='bbox 800 1161 922 1225; x_wconf 79' lang='grc' dir='ltr'>ὅλης</span> <span class='ocrx_word' id='word_1_110' title='bbox 944 1171 1034 1226; x_wconf 75' lang='grc' dir='ltr'><strong>τῆς</strong></span> <span class='ocrx_word' id='word_1_111' title='bbox 1062 1170 1113 1223; x_wconf 89' lang='grc' dir='ltr'><strong>Β,</strong></span> <span class='ocrx_word' id='word_1_112' title='bbox 1143 1169 1233 1217; x_wconf 86' lang='grc' dir='ltr'>καὶ</span> <span class='ocrx_word' id='word_1_113' title='bbox 1272 1164 1403 1223; x_wconf 75' lang='grc' dir='ltr'>αὕτη</span> <span class='ocrx_word' id='word_1_114' title='bbox 1482 1168 1574 1227; x_wconf 79' lang='grc' dir='ltr'>ἕως</span> <span class='ocrx_word' id='word_1_115' title='bbox 1641 1165 1764 1226; x_wconf 86' lang='grc' dir='ltr'>ὅλης</span> <span class='ocrx_word' id='word_1_116' title='bbox 1814 1185 1905 1226; x_wconf 88' lang='grc' dir='ltr'><strong>της</strong></span> 
     </span>
    </p>
   </div>
   <div class='ocr_carea' id='block_1_13' title="bbox 304 1251 1902 1323">
    <p class='ocr_par' dir='ltr' id='par_1_13' title="bbox 304 1251 1902 1323">
     <span class='ocr_line' id='line_1_13' title="bbox 304 1251 1902 1323; baseline 0.001 -20"><span class='ocrx_word' id='word_1_117' title='bbox 304 1257 359 1319; x_wconf 88' lang='grc' dir='ltr'><strong>Γ,</strong></span> <span class='ocrx_word' id='word_1_118' title='bbox 393 1257 482 1304; x_wconf 82' lang='grc' dir='ltr'>καὶ</span> <span class='ocrx_word' id='word_1_119' title='bbox 504 1252 637 1311; x_wconf 78' lang='grc' dir='ltr'>αὕτη</span> <span class='ocrx_word' id='word_1_120' title='bbox 667 1252 761 1314; x_wconf 77' lang='grc' dir='ltr'>ἕως</span> <span class='ocrx_word' id='word_1_121' title='bbox 788 1251 909 1312; x_wconf 84' lang='grc' dir='ltr'>ὅλης</span> <span class='ocrx_word' id='word_1_122' title='bbox 940 1261 1031 1313; x_wconf 84' lang='grc' dir='ltr'>τῆς</span> <span class='ocrx_word' id='word_1_123' title='bbox 1066 1260 1122 1323; x_wconf 84' lang='grc' dir='ltr'><strong>Δ,</strong></span> <span class='ocrx_word' id='word_1_124' title='bbox 1164 1259 1253 1305; x_wconf 87' lang='grc' dir='ltr'>καὶ</span> <span class='ocrx_word' id='word_1_125' title='bbox 1288 1255 1317 1313; x_wconf 81' lang='grc' dir='ltr'>ἡ</span> <span class='ocrx_word' id='word_1_126' title='bbox 1380 1261 1419 1307; x_wconf 86' lang='grc' dir='ltr'><strong>Ε</strong></span> <span class='ocrx_word' id='word_1_127' title='bbox 1448 1255 1542 1315; x_wconf 77' lang='grc' dir='ltr'>ἕως</span> <span class='ocrx_word' id='word_1_128' title='bbox 1605 1254 1729 1307; x_wconf 82' lang='grc' dir='ltr'>ὅλων</span> <span class='ocrx_word' id='word_1_129' title='bbox 1802 1263 1902 1307; x_wconf 88' lang='grc' dir='ltr'>τῶν</span> 
     </span>
    </p>
   </div>
   <div class='ocr_carea' id='block_1_14' title="bbox 303 1342 1905 1414">
    <p class='ocr_par' dir='ltr' id='par_1_14' title="bbox 303 1342 1905 1414">
     <span class='ocr_line' id='line_1_14' title="bbox 303 1342 1905 1414; baseline 0.001 -19"><span class='ocrx_word' id='word_1_130' title='bbox 303 1347 344 1395; x_wconf 81' lang='grc' dir='ltr'><strong>Δ</strong></span> <span class='ocrx_word' id='word_1_131' title='bbox 374 1347 561 1407; x_wconf 89' lang='grc' dir='ltr'><strong>ΒΓΔ,</strong></span> <span class='ocrx_word' id='word_1_132' title='bbox 603 1346 694 1393; x_wconf 82' lang='grc' dir='ltr'>καὶ</span> <span class='ocrx_word' id='word_1_133' title='bbox 746 1343 777 1400; x_wconf 78' lang='grc' dir='ltr'><em>ἡ</em></span> <span class='ocrx_word' id='word_1_134' title='bbox 838 1348 878 1394; x_wconf 89' lang='grc' dir='ltr'><strong>Ζ</strong></span> <span class='ocrx_word' id='word_1_135' title='bbox 933 1343 1124 1414; x_wconf 83' lang='grc' dir='ltr'>ὁμοίως</span> <span class='ocrx_word' id='word_1_136' title='bbox 1177 1344 1266 1404; x_wconf 79' lang='grc' dir='ltr'>ἕως</span> <span class='ocrx_word' id='word_1_137' title='bbox 1320 1342 1446 1395; x_wconf 70' lang='grc' dir='ltr'>ὅλων</span> <span class='ocrx_word' id='word_1_138' title='bbox 1508 1343 1673 1397; x_wconf 77' lang='grc' dir='ltr'>αὐτῶν</span> <span class='ocrx_word' id='word_1_139' title='bbox 1724 1351 1764 1397; x_wconf 84' lang='grc' dir='ltr'><strong>Α</strong></span> <span class='ocrx_word' id='word_1_140' title='bbox 1802 1349 1905 1396; x_wconf 85' lang='grc' dir='ltr'><strong>ΒΓ</strong></span> 
     </span>
    </p>
   </div>
   <div class='ocr_carea' id='block_1_15' title="bbox 299 1429 1900 1505">
    <p class='ocr_par' dir='ltr' id='par_1_15' title="bbox 299 1429 1900 1505">
     <span class='ocr_line' id='line_1_15' title="bbox 299 1429 1900 1505; baseline 0.001 -22"><span class='ocrx_word' id='word_1_141' title='bbox 299 1437 356 1485; x_wconf 93' lang='grc' dir='ltr'><strong>Δ.</strong></span> <span class='ocrx_word' id='word_1_142' title='bbox 419 1436 659 1484; x_wconf 76' lang='grc' dir='ltr'><strong>Φαίνεται</strong></span> <span class='ocrx_word' id='word_1_143' title='bbox 731 1438 858 1501; x_wconf 70' lang='grc' dir='ltr'>γοῦν</span> <span class='ocrx_word' id='word_1_144' title='bbox 924 1429 979 1483; x_wconf 72' lang='grc' dir='ltr'>ἔκ</span> <span class='ocrx_word' id='word_1_145' title='bbox 1052 1435 1239 1484; x_wconf 89' lang='grc' dir='ltr'>τούτου</span> <span class='ocrx_word' id='word_1_146' title='bbox 1311 1434 1391 1485; x_wconf 90' lang='grc' dir='ltr'><strong>ὅτι</strong></span> <span class='ocrx_word' id='word_1_147' title='bbox 1465 1432 1719 1485; x_wconf 79' lang='grc' dir='ltr'>ἅπτονται</span> <span class='ocrx_word' id='word_1_148' title='bbox 1789 1436 1900 1505; x_wconf 73' lang='grc' dir='ltr'>μὲν,</span> 
     </span>
    </p>
   </div>
   <div class='ocr_carea' id='block_1_16' title="bbox 299 1516 1901 1596">
    <p class='ocr_par' dir='ltr' id='par_1_16' title="bbox 299 1516 1901 1596">
     <span class='ocr_line' id='line_1_16' title="bbox 299 1516 1901 1596; baseline 0.002 -25"><span class='ocrx_word' id='word_1_149' title='bbox 299 1516 366 1579; x_wconf 81' lang='grc' dir='ltr'><strong>εἰς</strong></span> <span class='ocrx_word' id='word_1_150' title='bbox 398 1518 579 1581; x_wconf 77' lang='grc' dir='ltr'>ἑαυτὰς</span> <span class='ocrx_word' id='word_1_151' title='bbox 606 1516 665 1573; x_wconf 66' lang='grc' dir='ltr'><strong>δὲ</strong></span> <span class='ocrx_word' id='word_1_152' title='bbox 694 1516 873 1573; x_wconf 84' lang='grc' dir='ltr'>διόλου</span> <span class='ocrx_word' id='word_1_153' title='bbox 929 1519 987 1573; x_wconf 83' lang='grc' dir='ltr'><strong>ού</strong></span> <span class='ocrx_word' id='word_1_154' title='bbox 1056 1525 1364 1596; x_wconf 83' lang='grc' dir='ltr'>στρέφονται</span> <span class='ocrx_word' id='word_1_155' title='bbox 1418 1522 1679 1585; x_wconf 78' lang='grc' dir='ltr'><strong>κυκλικῶς</strong></span> <span class='ocrx_word' id='word_1_156' title='bbox 1735 1525 1901 1575; x_wconf 83' lang='grc' dir='ltr'>εἱτουν</span> 
     </span>
    </p>
   </div>
   <div class='ocr_carea' id='block_1_17' title="bbox 298 1608 1899 1683">
    <p class='ocr_par' dir='ltr' id='par_1_17' title="bbox 298 1608 1899 1683">
     <span class='ocr_line' id='line_1_17' title="bbox 298 1608 1899 1683; baseline 0.003 -25"><span class='ocrx_word' id='word_1_157' title='bbox 298 1615 552 1680; x_wconf 87' lang='grc' dir='ltr'>φυσικῶς.</span> <span class='ocrx_word' id='word_1_158' title='bbox 596 1609 957 1681; x_wconf 81' lang='grc' dir='ltr'>Τμηθήτωσαν</span> <span class='ocrx_word' id='word_1_159' title='bbox 1011 1616 1139 1680; x_wconf 74' lang='grc' dir='ltr'>γοῦν</span> <span class='ocrx_word' id='word_1_160' title='bbox 1201 1612 1255 1661; x_wconf 83' lang='grc' dir='ltr'>αἱ</span> <span class='ocrx_word' id='word_1_161' title='bbox 1309 1610 1599 1683; x_wconf 78' lang='grc' dir='ltr'><strong>ἐπιφάνειαι</strong></span> <span class='ocrx_word' id='word_1_162' title='bbox 1654 1608 1729 1663; x_wconf 84' lang='grc' dir='ltr'><strong>δι’</strong></span> <span class='ocrx_word' id='word_1_163' title='bbox 1780 1611 1899 1664; x_wconf 83' lang='grc' dir='ltr'>ὅλου</span> 
     </span>
    </p>
   </div>
   <div class='ocr_carea' id='block_1_18' title="bbox 924 1432 1719 1485">
    <p class='ocr_par' dir='ltr' id='par_1_18' title="bbox 924 1432 1719 1485">
     <span class='ocr_line' id='line_1_18' title="bbox 924 1432 1719 1485; baseline 0.003 -2"><span class='ocrx_word' id='word_1_164' title='bbox 924 1432 979 1483; x_wconf 69' lang='grc' dir='ltr'>ἐκ</span> <span class='ocrx_word' id='word_1_165' title='bbox 1052 1435 1239 1484; x_wconf 89' lang='grc' dir='ltr'>τούτου</span> <span class='ocrx_word' id='word_1_166' title='bbox 1311 1434 1391 1485; x_wconf 90' lang='grc' dir='ltr'><strong>ὅτι</strong></span> <span class='ocrx_word' id='word_1_167' title='bbox 1465 1432 1719 1485; x_wconf 79' lang='grc' dir='ltr'>ἅπτονται</span> 
     </span>
    </p>
   </div>
   <div class='ocr_carea' id='block_1_19' title="bbox 295 1696 1899 1773">
    <p class='ocr_par' dir='ltr' id='par_1_19' title="bbox 295 1696 1899 1773">
     <span class='ocr_line' id='line_1_19' title="bbox 295 1696 1899 1773; baseline 0.003 -24"><span class='ocrx_word' id='word_1_168' title='bbox 295 1704 484 1749; x_wconf 85' lang='grc' dir='ltr'>τούτου</span> <span class='ocrx_word' id='word_1_169' title='bbox 514 1696 674 1750; x_wconf 91' lang='grc' dir='ltr'>κύϐου</span> <span class='ocrx_word' id='word_1_170' title='bbox 720 1701 952 1769; x_wconf 78' lang='grc' dir='ltr'><strong>πάχους,</strong></span> <span class='ocrx_word' id='word_1_171' title='bbox 1008 1704 1098 1751; x_wconf 82' lang='grc' dir='ltr'>καὶ</span> <span class='ocrx_word' id='word_1_172' title='bbox 1161 1699 1604 1773; x_wconf 75' lang='grc' dir='ltr'>συλληφθὴτωσαν</span> <span class='ocrx_word' id='word_1_173' title='bbox 1649 1704 1792 1754; x_wconf 83' lang='grc' dir='ltr'>καπὰ</span> <span class='ocrx_word' id='word_1_174' title='bbox 1840 1704 1899 1754; x_wconf 90' lang='grc' dir='ltr'><strong>τό</strong></span> 
     </span>
    </p>
   </div>
   <div class='ocr_carea' id='block_1_20' title="bbox 296 1784 1899 1863">
    <p class='ocr_par' dir='ltr' id='par_1_20' title="bbox 296 1784 1899 1863">
     <span class='ocr_line' id='line_1_20' title="bbox 296 1784 1899 1863; baseline 0.003 -26"><span class='ocrx_word' id='word_1_175' title='bbox 296 1784 544 1857; x_wconf 72' lang='grc' dir='ltr'>ἀνάλογον</span> <span class='ocrx_word' id='word_1_176' title='bbox 595 1785 770 1848; x_wconf 80' lang='grc' dir='ltr'>ἑξίσου</span> <span class='ocrx_word' id='word_1_177' title='bbox 820 1786 911 1839; x_wconf 72' lang='grc' dir='ltr'><strong>ὅλα</strong></span> <span class='ocrx_word' id='word_1_178' title='bbox 960 1790 1027 1839; x_wconf 84' lang='grc' dir='ltr'><strong>τὰ</strong></span> <span class='ocrx_word' id='word_1_179' title='bbox 1077 1792 1331 1861; x_wconf 78' lang='grc' dir='ltr'>τμήματα</span> <span class='ocrx_word' id='word_1_180' title='bbox 1374 1810 1387 1823; x_wconf 79' lang='grc' dir='ltr'><strong>ο</strong></span> <span class='ocrx_word' id='word_1_181' title='bbox 1446 1788 1725 1843; x_wconf 78' lang='grc' dir='ltr'>ἐκτέθειται</span> <span class='ocrx_word' id='word_1_182' title='bbox 1776 1799 1899 1863; x_wconf 75' lang='grc' dir='ltr'>γοῦν</span> 
     </span>
    </p>
   </div>
   <div class='ocr_carea' id='block_1_21' title="bbox 291 1871 1894 1953">
    <p class='ocr_par' dir='ltr' id='par_1_21' title="bbox 291 1871 1894 1953">
     <span class='ocr_line' id='line_1_21' title="bbox 291 1871 1894 1953; baseline 0.002 -24"><span class='ocrx_word' id='word_1_183' title='bbox 291 1875 323 1934; x_wconf 80' lang='grc' dir='ltr'><strong>ἠ</strong></span> <span class='ocrx_word' id='word_1_184' title='bbox 357 1878 405 1929; x_wconf 87' lang='grc' dir='ltr'><strong>Α</strong></span> <span class='ocrx_word' id='word_1_185' title='bbox 437 1871 808 1949; x_wconf 82' lang='grc' dir='ltr'>διάμετροςτῇ</span> <span class='ocrx_word' id='word_1_186' title='bbox 844 1881 901 1944; x_wconf 89' lang='grc' dir='ltr'><em>Γ,</em></span> <span class='ocrx_word' id='word_1_187' title='bbox 944 1882 1036 1929; x_wconf 81' lang='grc' dir='ltr'>καὶ</span> <span class='ocrx_word' id='word_1_188' title='bbox 1075 1879 1105 1936; x_wconf 83' lang='grc' dir='ltr'><strong>ἠ</strong></span> <span class='ocrx_word' id='word_1_189' title='bbox 1153 1884 1190 1931; x_wconf 93' lang='grc' dir='ltr'>Β</span> <span class='ocrx_word' id='word_1_190' title='bbox 1225 1886 1288 1952; x_wconf 73' lang='grc' dir='ltr'>τῇ</span> <span class='ocrx_word' id='word_1_191' title='bbox 1333 1886 1389 1948; x_wconf 89' lang='grc' dir='ltr'><strong>Δ,</strong></span> <span class='ocrx_word' id='word_1_192' title='bbox 1430 1885 1519 1932; x_wconf 79' lang='grc' dir='ltr'>καὶ</span> <span class='ocrx_word' id='word_1_193' title='bbox 1561 1881 1589 1938; x_wconf 80' lang='grc' dir='ltr'><strong>ἠ</strong></span> <span class='ocrx_word' id='word_1_194' title='bbox 1634 1887 1671 1933; x_wconf 87' lang='grc' dir='ltr'><strong>Ε</strong></span> <span class='ocrx_word' id='word_1_195' title='bbox 1704 1888 1766 1953; x_wconf 79' lang='grc' dir='ltr'>τῇ</span> <span class='ocrx_word' id='word_1_196' title='bbox 1810 1887 1849 1933; x_wconf 90' lang='grc' dir='ltr'><strong>Ζ</strong></span> <span class='ocrx_word' id='word_1_197' title='bbox 1880 1902 1894 1914; x_wconf 87' lang='grc'><strong>·</strong></span> 
     </span>
    </p>
   </div>
   <div class='ocr_carea' id='block_1_22' title="bbox 290 1966 1899 2043">
    <p class='ocr_par' dir='ltr' id='par_1_22' title="bbox 290 1966 1899 2043">
     <span class='ocr_line' id='line_1_22' title="bbox 290 1966 1899 2043; baseline 0.004 -26"><span class='ocrx_word' id='word_1_198' title='bbox 290 1967 422 2018; x_wconf 73' lang='grc' dir='ltr'>ἔστω</span> <span class='ocrx_word' id='word_1_199' title='bbox 459 1967 637 2037; x_wconf 74' lang='grc' dir='ltr'><strong>γοῦνή</strong></span> <span class='ocrx_word' id='word_1_200' title='bbox 676 1968 808 2037; x_wconf 81' lang='grc' dir='ltr'>μετὰ</span> <span class='ocrx_word' id='word_1_201' title='bbox 881 1966 975 2025; x_wconf 86' lang='grc' dir='ltr'>τήν</span> <span class='ocrx_word' id='word_1_202' title='bbox 1044 1972 1084 2019; x_wconf 81' lang='grc' dir='ltr'><strong>Δ</strong></span> <span class='ocrx_word' id='word_1_203' title='bbox 1152 1975 1215 2039; x_wconf 77' lang='grc' dir='ltr'><strong>Η,</strong></span> <span class='ocrx_word' id='word_1_204' title='bbox 1275 1973 1364 2021; x_wconf 86' lang='grc' dir='ltr'>καὶ</span> <span class='ocrx_word' id='word_1_205' title='bbox 1419 1970 1450 2027; x_wconf 83' lang='grc' dir='ltr'>ἡ</span> <span class='ocrx_word' id='word_1_206' title='bbox 1513 1972 1647 2043; x_wconf 82' lang='grc' dir='ltr'>μετὰ</span> <span class='ocrx_word' id='word_1_207' title='bbox 1709 1975 1805 2029; x_wconf 79' lang='grc' dir='ltr'>τὴν</span> <span class='ocrx_word' id='word_1_208' title='bbox 1860 1976 1899 2024; x_wconf 94' lang='grc' dir='ltr'>Γ</span> 
     </span>
    </p>
   </div>
   <div class='ocr_carea' id='block_1_23' title="bbox 292 2056 1894 2131">
    <p class='ocr_par' dir='ltr' id='par_1_23' title="bbox 292 2056 1894 2131">
     <span class='ocr_line' id='line_1_23' title="bbox 292 2056 1894 2131; baseline 0.004 -25"><span class='ocrx_word' id='word_1_209' title='bbox 292 2062 357 2121; x_wconf 90' lang='grc' dir='ltr'><strong>Θ,</strong></span> <span class='ocrx_word' id='word_1_210' title='bbox 386 2059 477 2107; x_wconf 82' lang='grc' dir='ltr'>καὶ</span> <span class='ocrx_word' id='word_1_211' title='bbox 514 2056 545 2113; x_wconf 81' lang='grc' dir='ltr'><strong>ἠ</strong></span> <span class='ocrx_word' id='word_1_212' title='bbox 588 2057 719 2127; x_wconf 85' lang='grc' dir='ltr'>μετὰ</span> <span class='ocrx_word' id='word_1_213' title='bbox 758 2059 851 2114; x_wconf 81' lang='grc' dir='ltr'>τὴν</span> <span class='ocrx_word' id='word_1_214' title='bbox 914 2061 952 2108; x_wconf 90' lang='grc' dir='ltr'>Β</span> <span class='ocrx_word' id='word_1_215' title='bbox 1017 2061 1062 2125; x_wconf 86' lang='grc' dir='ltr'><strong>Ι,</strong></span> <span class='ocrx_word' id='word_1_216' title='bbox 1131 2061 1222 2110; x_wconf 85' lang='grc' dir='ltr'>καὶ</span> <span class='ocrx_word' id='word_1_217' title='bbox 1280 2060 1310 2116; x_wconf 83' lang='grc' dir='ltr'>ἡ</span> <span class='ocrx_word' id='word_1_218' title='bbox 1378 2061 1510 2131; x_wconf 82' lang='grc' dir='ltr'>μετὰ</span> <span class='ocrx_word' id='word_1_219' title='bbox 1564 2063 1660 2117; x_wconf 79' lang='grc' dir='ltr'>τὴν</span> <span class='ocrx_word' id='word_1_220' title='bbox 1726 2067 1761 2112; x_wconf 86' lang='grc' dir='ltr'><strong>Δ</strong></span> <span class='ocrx_word' id='word_1_221' title='bbox 1832 2067 1894 2128; x_wconf 82' lang='grc' dir='ltr'><strong>Κ,</strong></span> 
     </span>
    </p>
   </div>
   <div class='ocr_carea' id='block_1_24' title="bbox 288 2144 1896 2219">
    <p class='ocr_par' dir='ltr' id='par_1_24' title="bbox 288 2144 1896 2219">
     <span class='ocr_line' id='line_1_24' title="bbox 288 2144 1896 2219; baseline 0.005 -25"><span class='ocrx_word' id='word_1_222' title='bbox 288 2144 601 2216; x_wconf 71' lang='grc' dir='ltr'>καὶἠμετὰι</span> <span class='ocrx_word' id='word_1_223' title='bbox 631 2148 790 2201; x_wconf 69' lang='grc' dir='ltr'>τήνΕ</span> <span class='ocrx_word' id='word_1_224' title='bbox 832 2150 899 2211; x_wconf 85' lang='grc' dir='ltr'><strong>Λ,</strong></span> <span class='ocrx_word' id='word_1_225' title='bbox 957 2149 1048 2197; x_wconf 83' lang='grc' dir='ltr'>καὶ</span> <span class='ocrx_word' id='word_1_226' title='bbox 1118 2147 1145 2204; x_wconf 71' lang='grc' dir='ltr'>ἡ</span> <span class='ocrx_word' id='word_1_227' title='bbox 1209 2149 1337 2219; x_wconf 82' lang='grc' dir='ltr'>μετὰ</span> <span class='ocrx_word' id='word_1_228' title='bbox 1399 2152 1494 2206; x_wconf 78' lang='grc' dir='ltr'>τὴν</span> <span class='ocrx_word' id='word_1_229' title='bbox 1554 2154 1594 2200; x_wconf 91' lang='grc' dir='ltr'><strong>Ζ</strong></span> <span class='ocrx_word' id='word_1_230' title='bbox 1666 2155 1737 2215; x_wconf 89' lang='grc' dir='ltr'><strong>Μ,</strong></span> <span class='ocrx_word' id='word_1_231' title='bbox 1806 2155 1896 2203; x_wconf 83' lang='grc' dir='ltr'>καὶ</span> 
     </span>
    </p>
   </div>
   <div class='ocr_carea' id='block_1_25' title="bbox 291 2230 1894 2308">
    <p class='ocr_par' dir='ltr' id='par_1_25' title="bbox 291 2230 1894 2308">
     <span class='ocr_line' id='line_1_25' title="bbox 291 2230 1894 2308; baseline 0.004 -24"><span class='ocrx_word' id='word_1_232' title='bbox 291 2230 446 2284; x_wconf 82' lang='grc' dir='ltr'>πάλιν</span> <span class='ocrx_word' id='word_1_233' title='bbox 477 2234 506 2291; x_wconf 82' lang='grc' dir='ltr'><strong>ἠ</strong></span> <span class='ocrx_word' id='word_1_234' title='bbox 540 2233 783 2304; x_wconf 76' lang='grc' dir='ltr'>μετάτὴν</span> <span class='ocrx_word' id='word_1_235' title='bbox 815 2240 857 2286; x_wconf 88' lang='grc' dir='ltr'><strong><em>Η</em></strong></span> <span class='ocrx_word' id='word_1_236' title='bbox 914 2240 974 2301; x_wconf 82' lang='grc' dir='ltr'><strong>Ε,</strong></span> <span class='ocrx_word' id='word_1_237' title='bbox 1037 2239 1127 2287; x_wconf 86' lang='grc' dir='ltr'>καὶ</span> <span class='ocrx_word' id='word_1_238' title='bbox 1170 2237 1200 2294; x_wconf 81' lang='grc' dir='ltr'>ἡ</span> <span class='ocrx_word' id='word_1_239' title='bbox 1262 2238 1394 2308; x_wconf 85' lang='grc' dir='ltr'>μετὰ</span> <span class='ocrx_word' id='word_1_240' title='bbox 1440 2240 1535 2295; x_wconf 78' lang='grc' dir='ltr'>τὴν</span> <span class='ocrx_word' id='word_1_241' title='bbox 1593 2245 1637 2290; x_wconf 88' lang='grc' dir='ltr'><strong>Θ</strong></span> <span class='ocrx_word' id='word_1_242' title='bbox 1693 2239 1752 2308; x_wconf 87' lang='grc' dir='ltr'><strong>Ξ,</strong></span> <span class='ocrx_word' id='word_1_243' title='bbox 1804 2243 1894 2291; x_wconf 87' lang='grc' dir='ltr'>καὶ</span> 
     </span>
    </p>
   </div>
   <div class='ocr_carea' id='block_1_26' title="bbox 291 2322 1890 2396">
    <p class='ocr_par' dir='ltr' id='par_1_26' title="bbox 291 2322 1890 2396">
     <span class='ocr_line' id='line_1_26' title="bbox 291 2322 1890 2396; baseline 0.006 -25"><span class='ocrx_word' id='word_1_244' title='bbox 291 2322 322 2378; x_wconf 81' lang='grc' dir='ltr'><strong><em>ἡ</em></strong></span> <span class='ocrx_word' id='word_1_245' title='bbox 376 2324 511 2393; x_wconf 87' lang='grc' dir='ltr'>μετὰ</span> <span class='ocrx_word' id='word_1_246' title='bbox 551 2325 645 2380; x_wconf 76' lang='grc' dir='ltr'>τὴν</span> <span class='ocrx_word' id='word_1_247' title='bbox 707 2327 727 2376; x_wconf 90' lang='grc' dir='ltr'>Ι</span> <span class='ocrx_word' id='word_1_248' title='bbox 778 2328 841 2391; x_wconf 88' lang='grc' dir='ltr'><strong>Ο,</strong></span> <span class='ocrx_word' id='word_1_249' title='bbox 902 2327 992 2375; x_wconf 84' lang='grc' dir='ltr'>καὶ</span> <span class='ocrx_word' id='word_1_250' title='bbox 1047 2343 1073 2382; x_wconf 79' lang='grc' dir='ltr'><strong>η</strong></span> <span class='ocrx_word' id='word_1_251' title='bbox 1120 2326 1250 2396; x_wconf 85' lang='grc' dir='ltr'>μετὰ</span> <span class='ocrx_word' id='word_1_252' title='bbox 1295 2329 1388 2382; x_wconf 78' lang='grc' dir='ltr'>τὴν</span> <span class='ocrx_word' id='word_1_253' title='bbox 1458 2331 1499 2380; x_wconf 82' lang='grc' dir='ltr'>Κ</span> <span class='ocrx_word' id='word_1_254' title='bbox 1566 2332 1631 2393; x_wconf 87' lang='grc' dir='ltr'><strong>Π,</strong></span> <span class='ocrx_word' id='word_1_255' title='bbox 1696 2331 1787 2379; x_wconf 82' lang='grc' dir='ltr'>καὶ</span> <span class='ocrx_word' id='word_1_256' title='bbox 1861 2330 1890 2386; x_wconf 81' lang='grc' dir='ltr'>ἡ</span> 
     </span>
    </p>
   </div>
   <div class='ocr_carea' id='block_1_27' title="bbox 288 2412 1895 2485">
    <p class='ocr_par' dir='ltr' id='par_1_27' title="bbox 288 2412 1895 2485">
     <span class='ocr_line' id='line_1_27' title="bbox 288 2412 1895 2485; baseline 0.005 -23"><span class='ocrx_word' id='word_1_257' title='bbox 288 2412 536 2482; x_wconf 81' lang='grc' dir='ltr'>μετὰτὴν</span> <span class='ocrx_word' id='word_1_258' title='bbox 594 2417 642 2464; x_wconf 86' lang='grc' dir='ltr'><strong>Λ</strong></span> <span class='ocrx_word' id='word_1_259' title='bbox 708 2412 768 2478; x_wconf 83' lang='grc' dir='ltr'><strong>Ρ,</strong></span> <span class='ocrx_word' id='word_1_260' title='bbox 834 2413 975 2471; x_wconf 84' lang='grc' dir='ltr'><strong>καὶή</strong></span> <span class='ocrx_word' id='word_1_261' title='bbox 1046 2415 1177 2485; x_wconf 81' lang='grc' dir='ltr'>μετὰ</span> <span class='ocrx_word' id='word_1_262' title='bbox 1238 2418 1333 2471; x_wconf 77' lang='grc' dir='ltr'>τὴν</span> <span class='ocrx_word' id='word_1_263' title='bbox 1399 2422 1451 2468; x_wconf 80' lang='lat' dir='ltr'><strong><em>M</em></strong></span> <span class='ocrx_word' id='word_1_264' title='bbox 1524 2423 1558 2468; x_wconf 88' lang='grc' dir='ltr'><strong>Σ</strong></span> <span class='ocrx_word' id='word_1_265' title='bbox 1619 2436 1631 2449; x_wconf 91' lang='grc'><strong>·</strong></span> <span class='ocrx_word' id='word_1_266' title='bbox 1695 2418 1895 2475; x_wconf 88' lang='grc' dir='ltr'>τεθητω</span> 
     </span>
    </p>
   </div>
   <div class='ocr_carea' id='block_1_28' title="bbox 286 2499 1895 2577">
    <p class='ocr_par' dir='ltr' id='par_1_28' title="bbox 286 2499 1895 2577">
     <span class='ocr_line' id='line_1_28' title="bbox 286 2499 1895 2577; baseline 0.004 -25"><span class='ocrx_word' id='word_1_267' title='bbox 286 2506 411 2572; x_wconf 74' lang='grc' dir='ltr'>γοῦν</span> <span class='ocrx_word' id='word_1_268' title='bbox 449 2502 480 2559; x_wconf 77' lang='grc' dir='ltr'>ἡ</span> <span class='ocrx_word' id='word_1_269' title='bbox 537 2520 571 2553; x_wconf 88' lang='grc' dir='ltr'><strong>α</strong></span> <span class='ocrx_word' id='word_1_270' title='bbox 610 2502 743 2573; x_wconf 86' lang='grc' dir='ltr'>πρός</span> <span class='ocrx_word' id='word_1_271' title='bbox 796 2505 891 2559; x_wconf 79' lang='grc' dir='ltr'>τὴν</span> <span class='ocrx_word' id='word_1_272' title='bbox 956 2499 992 2571; x_wconf 85' lang='grc' dir='ltr'>β</span> <span class='ocrx_word' id='word_1_273' title='bbox 1048 2522 1082 2575; x_wconf 93' lang='lat'><strong>7</strong></span> <span class='ocrx_word' id='word_1_274' title='bbox 1124 2500 1442 2575; x_wconf 82' lang='grc' dir='ltr'>ἐπιφάνειαν,</span> <span class='ocrx_word' id='word_1_275' title='bbox 1502 2507 1780 2577; x_wconf 72' lang='grc' dir='ltr'><strong>τετμήσθω</strong></span> <span class='ocrx_word' id='word_1_276' title='bbox 1835 2502 1895 2559; x_wconf 73' lang='grc' dir='ltr'>δε</span> 
     </span>
    </p>
   </div>
   <div class='ocr_carea' id='block_1_29' title="bbox 286 2585 1893 2668">
    <p class='ocr_par' dir='ltr' id='par_1_29' title="bbox 286 2585 1893 2668">
     <span class='ocr_line' id='line_1_29' title="bbox 286 2585 1893 2668; baseline 0.004 -27"><span class='ocrx_word' id='word_1_277' title='bbox 286 2585 663 2666; x_wconf 75' lang='grc' dir='ltr'>ἕνδεκαμερῶς,</span> <span class='ocrx_word' id='word_1_278' title='bbox 691 2592 937 2653; x_wconf 80' lang='grc' dir='ltr'><strong>ὡσαύτως</strong></span> <span class='ocrx_word' id='word_1_279' title='bbox 966 2611 1057 2643; x_wconf 88' lang='grc' dir='ltr'><strong>και</strong></span> <span class='ocrx_word' id='word_1_280' title='bbox 1086 2594 1115 2650; x_wconf 80' lang='grc' dir='ltr'>ἡ</span> <span class='ocrx_word' id='word_1_281' title='bbox 1178 2588 1213 2645; x_wconf 87' lang='grc' dir='ltr'><em>δ</em></span> <span class='ocrx_word' id='word_1_282' title='bbox 1275 2597 1403 2668; x_wconf 85' lang='grc' dir='ltr'>πρός</span> <span class='ocrx_word' id='word_1_283' title='bbox 1458 2600 1553 2654; x_wconf 71' lang='grc' dir='ltr'>τὴν</span> <span class='ocrx_word' id='word_1_284' title='bbox 1602 2615 1635 2648; x_wconf 93' lang='grc' dir='ltr'><strong>α</strong></span> <span class='ocrx_word' id='word_1_285' title='bbox 1676 2617 1709 2668; x_wconf 92' lang='lat'><strong>7</strong></span> <span class='ocrx_word' id='word_1_286' title='bbox 1776 2594 1893 2649; x_wconf 73' lang='grc' dir='ltr'>ἔπι-</span> 
     </span>
    </p>
   </div>
   <div class='ocr_carea' id='block_1_30' title="bbox 288 2673 1894 2760">
    <p class='ocr_par' dir='ltr' id='par_1_30' title="bbox 288 2673 1894 2760">
     <span class='ocr_line' id='line_1_30' title="bbox 288 2673 1894 2760; baseline 0.004 -29"><span class='ocrx_word' id='word_1_287' title='bbox 288 2680 497 2751; x_wconf 86' lang='grc' dir='ltr'>φάνειαν</span> <span class='ocrx_word' id='word_1_288' title='bbox 528 2673 875 2754; x_wconf 73' lang='grc' dir='ltr'>ενδικαμερῶς</span> <span class='ocrx_word' id='word_1_289' title='bbox 903 2679 1121 2757; x_wconf 77' lang='grc' dir='ltr'>ἑκατέρα</span> <span class='ocrx_word' id='word_1_290' title='bbox 1156 2701 1211 2736; x_wconf 86' lang='grc' dir='ltr'><strong>τε</strong></span> <span class='ocrx_word' id='word_1_291' title='bbox 1265 2688 1357 2737; x_wconf 85' lang='grc' dir='ltr'>καὶ</span> <span class='ocrx_word' id='word_1_292' title='bbox 1406 2683 1643 2760; x_wconf 76' lang='grc' dir='ltr'>ἑκατέρα,</span> <span class='ocrx_word' id='word_1_293' title='bbox 1699 2686 1894 2758; x_wconf 84' lang='grc' dir='ltr'>ὁμοίως</span> 
     </span>
    </p>
   </div>
   <div class='ocr_carea' id='block_1_31' title="bbox 256 2903 1919 2981">
    <p class='ocr_par' dir='ltr' id='par_1_31' title="bbox 256 2903 1919 2981">
     <span class='ocr_line' id='line_1_31' title="bbox 256 2903 1919 2981; baseline 0.002 -21"><span class='ocrx_word' id='word_1_294' title='bbox 256 2903 735 2960; x_wconf 82' lang='lat' dir='ltr'><strong>numerationem</strong></span> <span class='ocrx_word' id='word_1_295' title='bbox 760 2904 1134 2972; x_wconf 87' lang='lat' dir='ltr'><strong>circularem,</strong></span> <span class='ocrx_word' id='word_1_296' title='bbox 1156 2907 1339 2963; x_wconf 88' lang='lat' dir='ltr'><strong>etiam</strong></span> <span class='ocrx_word' id='word_1_297' title='bbox 1360 2908 1693 2965; x_wconf 88' lang='lat' dir='ltr'><strong>secundum</strong></span> <span class='ocrx_word' id='word_1_298' title='bbox 1711 2924 1919 2981; x_wconf 90' lang='lat' dir='ltr'><strong>super-</strong></span> 
     </span>
    </p>
   </div>
   <div class='ocr_carea' id='block_1_32' title="bbox 2076 537 3671 617">
    <p class='ocr_par' dir='ltr' id='par_1_32' title="bbox 2076 537 3671 617">
     <span class='ocr_line' id='line_1_32' title="bbox 2076 537 3671 617; baseline 0.004 -25"><span class='ocrx_word' id='word_1_299' title='bbox 2076 542 2183 593; x_wconf 89' lang='grc' dir='ltr'><strong>σθω</strong></span> <span class='ocrx_word' id='word_1_300' title='bbox 2216 537 2275 593; x_wconf 75' lang='grc' dir='ltr'><strong>δὲ</strong></span> <span class='ocrx_word' id='word_1_301' title='bbox 2305 540 2609 616; x_wconf 78' lang='grc' dir='ltr'>ἔννεαμερῶς</span> <span class='ocrx_word' id='word_1_302' title='bbox 2638 544 2777 601; x_wconf 88' lang='grc' dir='ltr'><strong>καιὴ</strong></span> <span class='ocrx_word' id='word_1_303' title='bbox 2809 563 2838 602; x_wconf 87' lang='grc' dir='ltr'><strong>η</strong></span> <span class='ocrx_word' id='word_1_304' title='bbox 2901 544 2927 596; x_wconf 88' lang='grc' dir='ltr'><strong>θ</strong></span> <span class='ocrx_word' id='word_1_305' title='bbox 2970 566 2987 595; x_wconf 94' lang='grc' dir='ltr'><strong>ι</strong></span> <span class='ocrx_word' id='word_1_306' title='bbox 3031 564 3063 595; x_wconf 92' lang='grc' dir='ltr'><strong>κ</strong></span> <span class='ocrx_word' id='word_1_307' title='bbox 3099 544 3128 595; x_wconf 93' lang='grc' dir='ltr'><strong>λ</strong></span> <span class='ocrx_word' id='word_1_308' title='bbox 3173 565 3231 616; x_wconf 91' lang='grc' dir='ltr'>μ,</span> <span class='ocrx_word' id='word_1_309' title='bbox 3281 546 3559 617; x_wconf 77' lang='grc' dir='ltr'>τετμήσθω</span> <span class='ocrx_word' id='word_1_310' title='bbox 3612 542 3671 599; x_wconf 71' lang='grc' dir='ltr'><strong>δὲ</strong></span> 
     </span>
    </p>
   </div>
   <div class='ocr_carea' id='block_1_33' title="bbox 2072 625 3670 705">
    <p class='ocr_par' dir='ltr' id='par_1_33' title="bbox 2072 625 3670 705">
     <span class='ocr_line' id='line_1_33' title="bbox 2072 625 3670 705; baseline 0.003 -24"><span class='ocrx_word' id='word_1_311' title='bbox 2072 625 2370 703; x_wconf 80' lang='grc' dir='ltr'>ἐπταμερῶς</span> <span class='ocrx_word' id='word_1_312' title='bbox 2401 650 2490 682; x_wconf 90' lang='grc' dir='ltr'><strong>και</strong></span> <span class='ocrx_word' id='word_1_313' title='bbox 2515 633 2545 689; x_wconf 83' lang='grc' dir='ltr'><strong>ἠ</strong></span> <span class='ocrx_word' id='word_1_314' title='bbox 2577 631 2652 695; x_wconf 85' lang='grc' dir='ltr'>νξ</span> <span class='ocrx_word' id='word_1_315' title='bbox 2682 651 2707 684; x_wconf 97' lang='grc' dir='ltr'><strong>ο</strong></span> <span class='ocrx_word' id='word_1_316' title='bbox 2728 652 2767 684; x_wconf 90' lang='grc' dir='ltr'>π</span> <span class='ocrx_word' id='word_1_317' title='bbox 2809 653 2838 705; x_wconf 92' lang='grc' dir='ltr'><strong>ρ</strong></span> <span class='ocrx_word' id='word_1_318' title='bbox 2885 652 2936 699; x_wconf 92' lang='grc' dir='ltr'>σ,</span> <span class='ocrx_word' id='word_1_319' title='bbox 2984 652 3074 685; x_wconf 89' lang='grc' dir='ltr'><strong>και</strong></span> <span class='ocrx_word' id='word_1_320' title='bbox 3127 632 3467 692; x_wconf 58' lang='grc' dir='ltr'>ὼωθὴτωσαν</span> <span class='ocrx_word' id='word_1_321' title='bbox 3519 634 3670 697; x_wconf 79' lang='grc' dir='ltr'>αὖθις</span> 
     </span>
    </p>
   </div>
   <div class='ocr_carea' id='block_1_34' title="bbox 2070 718 3670 797">
    <p class='ocr_par' dir='ltr' id='par_1_34' title="bbox 2070 718 3670 797">
     <span class='ocr_line' id='line_1_34' title="bbox 2070 718 3670 797; baseline 0.006 -27"><span class='ocrx_word' id='word_1_322' title='bbox 2070 722 2206 771; x_wconf 85' lang='grc' dir='ltr'>κατὰ</span> <span class='ocrx_word' id='word_1_323' title='bbox 2234 722 2293 771; x_wconf 93' lang='grc' dir='ltr'><strong>τό</strong></span> <span class='ocrx_word' id='word_1_324' title='bbox 2315 718 2561 772; x_wconf 83' lang='grc' dir='ltr'>ἁνάπολιν</span> <span class='ocrx_word' id='word_1_325' title='bbox 2587 721 2615 780; x_wconf 77' lang='grc' dir='ltr'>ἡ</span> <span class='ocrx_word' id='word_1_326' title='bbox 2648 741 2673 771; x_wconf 92' lang='grc' dir='ltr'><strong>ν</strong></span> <span class='ocrx_word' id='word_1_327' title='bbox 2698 736 2720 776; x_wconf 84' lang='grc'><strong>,⁸</strong></span> <span class='ocrx_word' id='word_1_328' title='bbox 2753 741 2785 773; x_wconf 91' lang='grc' dir='ltr'><strong>σ</strong></span> <span class='ocrx_word' id='word_1_329' title='bbox 2884 721 2955 784; x_wconf 60' lang='grc' dir='ltr'>ξε</span> <span class='ocrx_word' id='word_1_330' title='bbox 2992 742 3020 797; x_wconf 84' lang='grc' dir='ltr'><strong>ρ</strong></span> <span class='ocrx_word' id='word_1_331' title='bbox 3143 741 3169 774; x_wconf 90' lang='grc' dir='ltr'><strong>ο</strong></span> <span class='ocrx_word' id='word_1_332' title='bbox 3203 738 3225 778; x_wconf 80' lang='grc'><strong>,⁸</strong></span> <span class='ocrx_word' id='word_1_333' title='bbox 3270 742 3311 774; x_wconf 84' lang='grc' dir='ltr'><strong>π</strong></span> <span class='ocrx_word' id='word_1_334' title='bbox 3440 742 3470 781; x_wconf 79' lang='grc' dir='ltr'><strong>η</strong></span> <span class='ocrx_word' id='word_1_335' title='bbox 3492 740 3513 777; x_wconf 78' lang='grc'><strong>,⁸</strong></span> <span class='ocrx_word' id='word_1_336' title='bbox 3556 744 3596 796; x_wconf 83' lang='grc' dir='ltr'><strong>μ</strong></span> 
     </span>
    </p>
   </div>
   <div class='ocr_carea' id='block_1_35' title="bbox 2072 805 3670 883">
    <p class='ocr_par' dir='ltr' id='par_1_35' title="bbox 2072 805 3670 883">
     <span class='ocr_line' id='line_1_35' title="bbox 2072 805 3670 883; baseline 0.003 -22"><span class='ocrx_word' id='word_1_337' title='bbox 2072 809 2100 861; x_wconf 89' lang='grc' dir='ltr'><strong>θ</strong></span> <span class='ocrx_word' id='word_1_338' title='bbox 2129 823 2152 864; x_wconf 89' lang='grc'><strong>.·</strong></span> <span class='ocrx_word' id='word_1_339' title='bbox 2177 808 2271 865; x_wconf 86' lang='grc' dir='ltr'><strong>λ.·.’</strong></span> <span class='ocrx_word' id='word_1_340' title='bbox 2302 828 2316 860; x_wconf 85' lang='grc' dir='ltr'><strong>ι</strong></span> <span class='ocrx_word' id='word_1_341' title='bbox 2341 824 2363 865; x_wconf 88' lang='grc'><strong>.’</strong></span> <span class='ocrx_word' id='word_1_342' title='bbox 2392 828 2423 860; x_wconf 91' lang='grc' dir='ltr'><strong>κ</strong></span> <span class='ocrx_word' id='word_1_343' title='bbox 2537 828 2571 861; x_wconf 91' lang='grc' dir='ltr'><strong>α</strong></span> <span class='ocrx_word' id='word_1_344' title='bbox 2595 825 2617 865; x_wconf 82' lang='grc'><strong>,⁸</strong></span> <span class='ocrx_word' id='word_1_345' title='bbox 2646 831 2679 882; x_wconf 87' lang='lat'><strong>7</strong></span> <span class='ocrx_word' id='word_1_346' title='bbox 2782 808 2819 883; x_wconf 85' lang='grc' dir='ltr'><em>β</em></span> <span class='ocrx_word' id='word_1_347' title='bbox 2847 826 2870 867; x_wconf 89' lang='grc'><strong>.·</strong></span> <span class='ocrx_word' id='word_1_348' title='bbox 2899 805 2934 863; x_wconf 83' lang='grc' dir='ltr'><em>δ</em></span> <span class='ocrx_word' id='word_1_349' title='bbox 2953 829 2999 868; x_wconf 87' lang='lat'><strong>:.&#39;</strong></span> <span class='ocrx_word' id='word_1_350' title='bbox 3028 830 3051 863; x_wconf 91' lang='grc' dir='ltr'><strong>ε</strong></span> <span class='ocrx_word' id='word_1_351' title='bbox 3082 826 3107 868; x_wconf 88' lang='lat'><strong>.&#39;</strong></span> <span class='ocrx_word' id='word_1_352' title='bbox 3158 810 3208 878; x_wconf 80' lang='grc' dir='ltr'><strong>ζ,</strong></span> <span class='ocrx_word' id='word_1_353' title='bbox 3248 831 3340 864; x_wconf 88' lang='grc' dir='ltr'><strong>και</strong></span> <span class='ocrx_word' id='word_1_354' title='bbox 3383 816 3670 871; x_wconf 77' lang='grc' dir='ltr'>συνέστηκε</span> 
     </span>
    </p>
   </div>
   <div class='ocr_carea' id='block_1_36' title="bbox 2068 887 3669 975">
    <p class='ocr_par' dir='ltr' id='par_1_36' title="bbox 2068 887 3669 975">
     <span class='ocr_line' id='line_1_36' title="bbox 2068 887 3669 975; baseline 0.003 -27"><span class='ocrx_word' id='word_1_355' title='bbox 2068 897 2221 949; x_wconf 83' lang='grc' dir='ltr'>πάλιν</span> <span class='ocrx_word' id='word_1_356' title='bbox 2251 900 2277 949; x_wconf 88' lang='grc' dir='ltr'>ὁ</span> <span class='ocrx_word' id='word_1_357' title='bbox 2333 900 2546 971; x_wconf 79' lang='grc' dir='ltr'>τμηθεὶς</span> <span class='ocrx_word' id='word_1_358' title='bbox 2602 898 2755 960; x_wconf 88' lang='grc' dir='ltr'>κύϐος</span> <span class='ocrx_word' id='word_1_359' title='bbox 2795 903 3097 973; x_wconf 82' lang='grc' dir='ltr'>τεμνόμενος</span> <span class='ocrx_word' id='word_1_360' title='bbox 3126 921 3137 933; x_wconf 91' lang='grc'><strong>·</strong></span> <span class='ocrx_word' id='word_1_361' title='bbox 3178 887 3300 975; x_wconf 64' lang='grc' dir='ltr'>’ἄρα</span> <span class='ocrx_word' id='word_1_362' title='bbox 3344 899 3501 964; x_wconf 77' lang='grc' dir='ltr'>κύϐος</span> <span class='ocrx_word' id='word_1_363' title='bbox 3536 902 3669 975; x_wconf 80' lang='grc' dir='ltr'>εὑρί-</span> 
     </span>
    </p>
   </div>
   <div class='ocr_carea' id='block_1_37' title="bbox 2071 989 3669 1062">
    <p class='ocr_par' dir='ltr' id='par_1_37' title="bbox 2071 989 3669 1062">
     <span class='ocr_line' id='line_1_37' title="bbox 2071 989 3669 1062; baseline 0.001 -23"><span class='ocrx_word' id='word_1_364' title='bbox 2071 1006 2248 1039; x_wconf 82' lang='grc' dir='ltr'>σκεται</span> <span class='ocrx_word' id='word_1_365' title='bbox 2268 1007 2358 1038; x_wconf 89' lang='grc' dir='ltr'><strong>και</strong></span> <span class='ocrx_word' id='word_1_366' title='bbox 2394 990 2753 1061; x_wconf 84' lang='grc' dir='ltr'>συντιθέμενος</span> <span class='ocrx_word' id='word_1_367' title='bbox 2782 993 2872 1041; x_wconf 90' lang='grc' dir='ltr'>καὶ</span> <span class='ocrx_word' id='word_1_368' title='bbox 2903 989 3186 1062; x_wconf 84' lang='grc' dir='ltr'>ἐνούμινος,</span> <span class='ocrx_word' id='word_1_369' title='bbox 3230 1009 3320 1041; x_wconf 90' lang='grc' dir='ltr'><strong>και</strong></span> <span class='ocrx_word' id='word_1_370' title='bbox 3370 989 3524 1042; x_wconf 87' lang='grc' dir='ltr'>πάλιν</span> <span class='ocrx_word' id='word_1_371' title='bbox 3581 992 3669 1041; x_wconf 88' lang='grc' dir='ltr'>κύ-</span> 
     </span>
    </p>
   </div>
   <div class='ocr_carea' id='block_1_38' title="bbox 2069 1072 3668 1152">
    <p class='ocr_par' dir='ltr' id='par_1_38' title="bbox 2069 1072 3668 1152">
     <span class='ocr_line' id='line_1_38' title="bbox 2069 1072 3668 1152; baseline 0.003 -26"><span class='ocrx_word' id='word_1_372' title='bbox 2069 1072 2152 1136; x_wconf 87' lang='grc' dir='ltr'><strong>ϐος</strong></span> <span class='ocrx_word' id='word_1_373' title='bbox 2177 1076 2492 1152; x_wconf 74' lang='grc' dir='ltr'>εὑρίσκεται.</span> <span class='ocrx_word' id='word_1_374' title='bbox 2520 1076 2608 1138; x_wconf 85' lang='grc' dir='ltr'>Ὠς</span> <span class='ocrx_word' id='word_1_375' title='bbox 2632 1080 2732 1151; x_wconf 75' lang='grc' dir='ltr'>γὰρ</span> <span class='ocrx_word' id='word_1_376' title='bbox 2765 1080 2794 1137; x_wconf 84' lang='grc' dir='ltr'>ἡ</span> <span class='ocrx_word' id='word_1_377' title='bbox 2829 1098 2863 1130; x_wconf 88' lang='grc' dir='ltr'><strong>α</strong></span> <span class='ocrx_word' id='word_1_378' title='bbox 2892 1077 2928 1151; x_wconf 87' lang='grc' dir='ltr'><em>β</em></span> <span class='ocrx_word' id='word_1_379' title='bbox 2950 1099 2983 1151; x_wconf 89' lang='lat'><strong>7</strong></span> <span class='ocrx_word' id='word_1_380' title='bbox 3007 1074 3042 1131; x_wconf 76' lang='grc' dir='ltr'><em>ὃ</em></span> <span class='ocrx_word' id='word_1_381' title='bbox 3067 1098 3088 1131; x_wconf 84' lang='grc' dir='ltr'><strong>ε</strong></span> <span class='ocrx_word' id='word_1_382' title='bbox 3110 1078 3142 1140; x_wconf 79' lang='grc' dir='ltr'><strong><em>ξ</em></strong></span> <span class='ocrx_word' id='word_1_383' title='bbox 3169 1083 3296 1152; x_wconf 91' lang='grc' dir='ltr'>πρός</span> <span class='ocrx_word' id='word_1_384' title='bbox 3326 1083 3419 1138; x_wconf 82' lang='grc' dir='ltr'>τὴν</span> <span class='ocrx_word' id='word_1_385' title='bbox 3447 1099 3476 1137; x_wconf 80' lang='grc' dir='ltr'><strong>η</strong></span> <span class='ocrx_word' id='word_1_386' title='bbox 3521 1080 3549 1132; x_wconf 92' lang='grc' dir='ltr'><strong>θ</strong></span> <span class='ocrx_word' id='word_1_387' title='bbox 3577 1100 3594 1130; x_wconf 97' lang='grc' dir='ltr'><strong>ι</strong></span> <span class='ocrx_word' id='word_1_388' title='bbox 3636 1098 3668 1131; x_wconf 92' lang='grc' dir='ltr'><strong>κ</strong></span> 
     </span>
    </p>
   </div>
   <div class='ocr_carea' id='block_1_39' title="bbox 2066 1162 3670 1242">
    <p class='ocr_par' dir='ltr' id='par_1_39' title="bbox 2066 1162 3670 1242">
     <span class='ocr_line' id='line_1_39' title="bbox 2066 1162 3670 1242; baseline 0.002 -27"><span class='ocrx_word' id='word_1_389' title='bbox 2066 1162 2094 1215; x_wconf 91' lang='grc' dir='ltr'><strong>λ</strong></span> <span class='ocrx_word' id='word_1_390' title='bbox 2131 1186 2189 1237; x_wconf 82' lang='grc' dir='ltr'>μ,</span> <span class='ocrx_word' id='word_1_391' title='bbox 2217 1164 2426 1226; x_wconf 76' lang='grc' dir='ltr'>ούτωςὴ</span> <span class='ocrx_word' id='word_1_392' title='bbox 2457 1185 2486 1222; x_wconf 81' lang='grc' dir='ltr'><strong>η</strong></span> <span class='ocrx_word' id='word_1_393' title='bbox 2523 1166 3078 1240; x_wconf 80' lang='grc' dir='ltr'>θικλμπρόςτὴνν</span> <span class='ocrx_word' id='word_1_394' title='bbox 3110 1165 3307 1242; x_wconf 87' lang='grc' dir='ltr'>ξοπρ</span> <span class='ocrx_word' id='word_1_395' title='bbox 3350 1187 3402 1234; x_wconf 90' lang='grc' dir='ltr'>σ,</span> <span class='ocrx_word' id='word_1_396' title='bbox 3454 1167 3670 1240; x_wconf 82' lang='grc' dir='ltr'>ἑκατέρα</span> 
     </span>
    </p>
   </div>
   <div class='ocr_carea' id='block_1_40' title="bbox 2065 1253 3669 1329">
    <p class='ocr_par' dir='ltr' id='par_1_40' title="bbox 2065 1253 3669 1329">
     <span class='ocr_line' id='line_1_40' title="bbox 2065 1253 3669 1329; baseline 0.003 -25"><span class='ocrx_word' id='word_1_397' title='bbox 2065 1259 2160 1314; x_wconf 87' lang='grc' dir='ltr'>τῆς</span> <span class='ocrx_word' id='word_1_398' title='bbox 2193 1253 2435 1328; x_wconf 79' lang='grc' dir='ltr'>ἑκατέρας</span> <span class='ocrx_word' id='word_1_399' title='bbox 2462 1256 2730 1329; x_wconf 74' lang='grc' dir='ltr'>ὑπεροχὴν</span> <span class='ocrx_word' id='word_1_400' title='bbox 2771 1254 3015 1328; x_wconf 74' lang='grc' dir='ltr'>ἀνάλογον</span> <span class='ocrx_word' id='word_1_401' title='bbox 3072 1258 3296 1329; x_wconf 78' lang='grc' dir='ltr'>ἔχουσα.</span> <span class='ocrx_word' id='word_1_402' title='bbox 3354 1257 3417 1310; x_wconf 78' lang='lat' dir='ltr'><strong>Ei</strong></span> <span class='ocrx_word' id='word_1_403' title='bbox 3459 1253 3517 1309; x_wconf 67' lang='grc' dir='ltr'><strong>δὲ</strong></span> <span class='ocrx_word' id='word_1_404' title='bbox 3578 1276 3669 1309; x_wconf 90' lang='grc' dir='ltr'><strong>και</strong></span> 
     </span>
    </p>
   </div>
   <div class='ocr_carea' id='block_1_41' title="bbox 2066 1343 3668 1416">
    <p class='ocr_par' dir='ltr' id='par_1_41' title="bbox 2066 1343 3668 1416">
     <span class='ocr_line' id='line_1_41' title="bbox 2066 1343 3668 1416; baseline 0.002 -21"><span class='ocrx_word' id='word_1_405' title='bbox 2066 1347 2139 1405; x_wconf 72' lang='grc' dir='ltr'>εὶς</span> <span class='ocrx_word' id='word_1_406' title='bbox 2166 1343 2368 1404; x_wconf 83' lang='grc' dir='ltr'>πλείους</span> <span class='ocrx_word' id='word_1_407' title='bbox 2416 1346 2581 1416; x_wconf 83' lang='grc' dir='ltr'>τομὰς</span> <span class='ocrx_word' id='word_1_408' title='bbox 2619 1348 2648 1403; x_wconf 82' lang='grc' dir='ltr'><strong>ἤ</strong></span> <span class='ocrx_word' id='word_1_409' title='bbox 2694 1344 2926 1407; x_wconf 76' lang='grc' dir='ltr'>ἐλάττους</span> <span class='ocrx_word' id='word_1_410' title='bbox 2989 1348 3124 1398; x_wconf 86' lang='grc' dir='ltr'>κατὰ</span> <span class='ocrx_word' id='word_1_411' title='bbox 3178 1350 3272 1405; x_wconf 80' lang='grc' dir='ltr'>τὴν</span> <span class='ocrx_word' id='word_1_412' title='bbox 3330 1346 3493 1404; x_wconf 74' lang='grc' dir='ltr'>αὐτὴν</span> <span class='ocrx_word' id='word_1_413' title='bbox 3548 1344 3668 1398; x_wconf 80' lang='grc' dir='ltr'>ἀνα-</span> 
     </span>
    </p>
   </div>
   <div class='ocr_carea' id='block_1_42' title="bbox 2063 1430 3667 1508">
    <p class='ocr_par' dir='ltr' id='par_1_42' title="bbox 2063 1430 3667 1508">
     <span class='ocr_line' id='line_1_42' title="bbox 2063 1430 3667 1508; baseline 0.002 -25"><span class='ocrx_word' id='word_1_414' title='bbox 2063 1430 2241 1504; x_wconf 67' lang='grc' dir='ltr'>λογίαν</span> <span class='ocrx_word' id='word_1_415' title='bbox 2273 1434 2345 1495; x_wconf 78' lang='grc' dir='ltr'><strong>εἰς</strong></span> <span class='ocrx_word' id='word_1_416' title='bbox 2380 1441 2620 1506; x_wconf 84' lang='grc' dir='ltr'>συνεχεῖς</span> <span class='ocrx_word' id='word_1_417' title='bbox 2659 1433 2954 1507; x_wconf 81' lang='grc' dir='ltr'>ἐπιφανείάς</span> <span class='ocrx_word' id='word_1_418' title='bbox 3005 1439 3180 1508; x_wconf 76' lang='grc' dir='ltr'>τέμνεν</span> <span class='ocrx_word' id='word_1_419' title='bbox 3219 1454 3300 1497; x_wconf 92' lang='grc' dir='ltr'><strong>τις</strong></span> <span class='ocrx_word' id='word_1_420' title='bbox 3358 1438 3446 1487; x_wconf 91' lang='grc' dir='ltr'><strong>τόν</strong></span> <span class='ocrx_word' id='word_1_421' title='bbox 3510 1433 3667 1488; x_wconf 87' lang='grc' dir='ltr'>κύϐον</span> 
     </span>
    </p>
   </div>
   <div class='ocr_carea' id='block_1_43' title="bbox 2063 1522 3665 1599">
    <p class='ocr_par' dir='ltr' id='par_1_43' title="bbox 2063 1522 3665 1599">
     <span class='ocr_line' id='line_1_43' title="bbox 2063 1522 3665 1599; baseline 0.001 -25"><span class='ocrx_word' id='word_1_422' title='bbox 2063 1524 2391 1597; x_wconf 82' lang='grc' dir='ltr'>πειράσεται,</span> <span class='ocrx_word' id='word_1_423' title='bbox 2458 1526 2525 1576; x_wconf 81' lang='grc' dir='ltr'>τὰ</span> <span class='ocrx_word' id='word_1_424' title='bbox 2581 1523 2717 1576; x_wconf 83' lang='grc' dir='ltr'>αύτὰ</span> <span class='ocrx_word' id='word_1_425' title='bbox 2762 1543 2852 1577; x_wconf 91' lang='grc' dir='ltr'><strong>και</strong></span> <span class='ocrx_word' id='word_1_426' title='bbox 2907 1525 3052 1585; x_wconf 81' lang='grc' dir='ltr'>οὗτος</span> <span class='ocrx_word' id='word_1_427' title='bbox 3097 1526 3276 1599; x_wconf 77' lang='grc' dir='ltr'>εὑρὼν,</span> <span class='ocrx_word' id='word_1_428' title='bbox 3332 1522 3487 1576; x_wconf 83' lang='grc' dir='ltr'>κύϐον</span> <span class='ocrx_word' id='word_1_429' title='bbox 3536 1524 3665 1576; x_wconf 81' lang='grc' dir='ltr'>εἶναι</span> 
     </span>
    </p>
   </div>
   <div class='ocr_carea' id='block_1_44' title="bbox 2063 1630 2413 1668">
    <p class='ocr_par' dir='ltr' id='par_1_44' title="bbox 2063 1630 2413 1668">
     <span class='ocr_line' id='line_1_44' title="bbox 2063 1630 2413 1668; baseline 0.014 -5"><span class='ocrx_word' id='word_1_430' title='bbox 2063 1630 2201 1665; x_wconf 82' lang='grc' dir='ltr'>εασει</span> <span class='ocrx_word' id='word_1_431' title='bbox 2237 1632 2413 1668; x_wconf 88' lang='grc' dir='ltr'>αυτον.</span> 
     </span>
    </p>
   </div>
   <div class='ocr_carea' id='block_1_45' title="bbox 2132 1699 3660 1775">
    <p class='ocr_par' dir='ltr' id='par_1_45' title="bbox 2132 1699 3660 1775">
     <span class='ocr_line' id='line_1_45' title="bbox 2132 1699 3660 1775; baseline -0.001 -20"><span class='ocrx_word' id='word_1_432' title='bbox 2132 1701 2187 1757; x_wconf 81' lang='grc' dir='ltr'><strong>ε’.</strong></span> <span class='ocrx_word' id='word_1_433' title='bbox 2221 1699 2483 1775; x_wconf 84' lang='grc' dir='ltr'>Ἐδείχθη</span> <span class='ocrx_word' id='word_1_434' title='bbox 2522 1711 2649 1775; x_wconf 72' lang='grc' dir='ltr'>γοῦν</span> <span class='ocrx_word' id='word_1_435' title='bbox 2698 1706 2871 1767; x_wconf 85' lang='grc' dir='ltr'>καθὼς</span> <span class='ocrx_word' id='word_1_436' title='bbox 2928 1700 3036 1757; x_wconf 75' lang='grc' dir='ltr'>ἴδει</span> <span class='ocrx_word' id='word_1_437' title='bbox 3088 1702 3137 1755; x_wconf 78' lang='grc' dir='ltr'>ἐν</span> <span class='ocrx_word' id='word_1_438' title='bbox 3186 1712 3260 1775; x_wconf 86' lang='grc' dir='ltr'>τῷ</span> <span class='ocrx_word' id='word_1_439' title='bbox 3315 1702 3458 1774; x_wconf 86' lang='grc' dir='ltr'>κύϐῳ</span> <span class='ocrx_word' id='word_1_440' title='bbox 3506 1700 3660 1763; x_wconf 79' lang='grc' dir='ltr'>διττὴ</span> 
     </span>
    </p>
   </div>
   <div class='ocr_carea' id='block_1_46' title="bbox 2064 1786 3663 1865">
    <p class='ocr_par' dir='ltr' id='par_1_46' title="bbox 2064 1786 3663 1865">
     <span class='ocr_line' id='line_1_46' title="bbox 2064 1786 3663 1865; baseline 0 -23"><span class='ocrx_word' id='word_1_441' title='bbox 2064 1795 2333 1863; x_wconf 84' lang='grc' dir='ltr'>συνέχεια,</span> <span class='ocrx_word' id='word_1_442' title='bbox 2386 1794 2415 1850; x_wconf 78' lang='grc' dir='ltr'><strong>ἠ</strong></span> <span class='ocrx_word' id='word_1_443' title='bbox 2470 1794 2607 1845; x_wconf 85' lang='grc' dir='ltr'>κατὰ</span> <span class='ocrx_word' id='word_1_444' title='bbox 2651 1792 2837 1845; x_wconf 87' lang='grc' dir='ltr'>κύκλον</span> <span class='ocrx_word' id='word_1_445' title='bbox 2896 1812 2983 1845; x_wconf 89' lang='grc' dir='ltr'><strong>και</strong></span> <span class='ocrx_word' id='word_1_446' title='bbox 3036 1794 3067 1852; x_wconf 76' lang='grc' dir='ltr'>ἡ</span> <span class='ocrx_word' id='word_1_447' title='bbox 3140 1786 3400 1865; x_wconf 75' lang='grc' dir='ltr'>ἑξάεδρος.</span> <span class='ocrx_word' id='word_1_448' title='bbox 3486 1788 3663 1844; x_wconf 79' lang='grc' dir='ltr'>Ἔστω</span> 
     </span>
    </p>
   </div>
   <div class='ocr_carea' id='block_1_47' title="bbox 2059 1877 3664 1956">
    <p class='ocr_par' dir='ltr' id='par_1_47' title="bbox 2059 1877 3664 1956">
     <span class='ocr_line' id='line_1_47' title="bbox 2059 1877 3664 1956; baseline 0.001 -25"><span class='ocrx_word' id='word_1_449' title='bbox 2059 1887 2183 1951; x_wconf 72' lang='grc' dir='ltr'>γοῦν</span> <span class='ocrx_word' id='word_1_450' title='bbox 2214 1881 2243 1939; x_wconf 82' lang='grc' dir='ltr'><strong>ἠ</strong></span> <span class='ocrx_word' id='word_1_451' title='bbox 2278 1883 2413 1933; x_wconf 84' lang='grc' dir='ltr'>κατὰ</span> <span class='ocrx_word' id='word_1_452' title='bbox 2432 1882 2618 1934; x_wconf 87' lang='grc' dir='ltr'>κύκλον</span> <span class='ocrx_word' id='word_1_453' title='bbox 2658 1902 2748 1934; x_wconf 91' lang='grc' dir='ltr'><strong>και</strong></span> <span class='ocrx_word' id='word_1_454' title='bbox 2786 1881 3052 1956; x_wconf 80' lang='grc' dir='ltr'>ἆριθμητὴ</span> <span class='ocrx_word' id='word_1_455' title='bbox 3096 1884 3315 1954; x_wconf 82' lang='grc' dir='ltr'>φυσικὴ,</span> <span class='ocrx_word' id='word_1_456' title='bbox 3356 1882 3387 1939; x_wconf 72' lang='grc' dir='ltr'><strong>ἦ</strong></span> <span class='ocrx_word' id='word_1_457' title='bbox 3431 1877 3492 1934; x_wconf 71' lang='grc' dir='ltr'><strong>δέ</strong></span> <span class='ocrx_word' id='word_1_458' title='bbox 3528 1881 3664 1933; x_wconf 82' lang='grc' dir='ltr'>κατὰ</span> 
     </span>
    </p>
   </div>
   <div class='ocr_carea' id='block_1_48' title="bbox 3383 1972 3660 2046">
    <p class='ocr_par' dir='ltr' id='par_1_48' title="bbox 3383 1972 3660 2046">
     <span class='ocr_line' id='line_1_48' title="bbox 3383 1972 3660 2046; baseline 0 -24"><span class='ocrx_word' id='word_1_459' title='bbox 3383 1991 3396 2005; x_wconf 77' lang='grc' dir='ltr'><strong>ο</strong></span> <span class='ocrx_word' id='word_1_460' title='bbox 3447 1972 3504 2023; x_wconf 83' lang='grc' dir='ltr'>αἶ</span> <span class='ocrx_word' id='word_1_461' title='bbox 3557 1972 3660 2046; x_wconf 73' lang='grc' dir='ltr'><strong>’γὰρ</strong></span> 
     </span>
    </p>
   </div>
   <div class='ocr_carea' id='block_1_49' title="bbox 2057 2057 3663 2133">
    <p class='ocr_par' dir='ltr' id='par_1_49' title="bbox 2057 2057 3663 2133">
     <span class='ocr_line' id='line_1_49' title="bbox 2057 2057 3663 2133; baseline 0.002 -23"><span class='ocrx_word' id='word_1_462' title='bbox 2057 2062 2267 2133; x_wconf 83' lang='grc' dir='ltr'>κράσεις</span> <span class='ocrx_word' id='word_1_463' title='bbox 2348 2066 2556 2133; x_wconf 81' lang='grc' dir='ltr'>μικταὶ,</span> <span class='ocrx_word' id='word_1_464' title='bbox 2651 2063 2718 2114; x_wconf 81' lang='grc' dir='ltr'><strong>τὰ</strong></span> <span class='ocrx_word' id='word_1_465' title='bbox 2811 2057 2871 2115; x_wconf 66' lang='grc' dir='ltr'><strong>δὲ</strong></span> <span class='ocrx_word' id='word_1_466' title='bbox 2960 2064 3320 2133; x_wconf 70' lang='grc' dir='ltr'>γεγωνιωμὲνα</span> <span class='ocrx_word' id='word_1_467' title='bbox 3401 2064 3663 2133; x_wconf 76' lang='grc' dir='ltr'>σχήματα</span> 
     </span>
    </p>
   </div>
   <div class='ocr_carea' id='block_1_50' title="bbox 2057 2146 3660 2223">
    <p class='ocr_par' dir='ltr' id='par_1_50' title="bbox 2057 2146 3660 2223">
     <span class='ocr_line' id='line_1_50' title="bbox 2057 2146 3660 2223; baseline 0 -22"><span class='ocrx_word' id='word_1_468' title='bbox 2057 2151 2279 2223; x_wconf 79' lang='grc' dir='ltr'>ἔμφασιν</span> <span class='ocrx_word' id='word_1_469' title='bbox 2343 2149 2532 2222; x_wconf 73' lang='grc' dir='ltr'>έχουσι</span> <span class='ocrx_word' id='word_1_470' title='bbox 2599 2150 2815 2223; x_wconf 80' lang='grc' dir='ltr'>μιζιως,</span> <span class='ocrx_word' id='word_1_471' title='bbox 2877 2147 2970 2203; x_wconf 85' lang='grc' dir='ltr'>διὰ</span> <span class='ocrx_word' id='word_1_472' title='bbox 3020 2157 3172 2203; x_wconf 83' lang='grc' dir='ltr'>τοῦτο</span> <span class='ocrx_word' id='word_1_473' title='bbox 3228 2152 3287 2202; x_wconf 87' lang='grc' dir='ltr'><strong>τό</strong></span> <span class='ocrx_word' id='word_1_474' title='bbox 3340 2156 3432 2202; x_wconf 86' lang='grc' dir='ltr'>τοῦ</span> <span class='ocrx_word' id='word_1_475' title='bbox 3499 2146 3660 2201; x_wconf 84' lang='grc' dir='ltr'>κύϐου</span> 
     </span>
    </p>
   </div>
   <div class='ocr_carea' id='block_1_51' title="bbox 2059 2234 3663 2313">
    <p class='ocr_par' dir='ltr' id='par_1_51' title="bbox 2059 2234 3663 2313">
     <span class='ocr_line' id='line_1_51' title="bbox 2059 2234 3663 2313; baseline 0 -23"><span class='ocrx_word' id='word_1_476' title='bbox 2059 2247 2253 2311; x_wconf 85' lang='grc' dir='ltr'>σχῆμα</span> <span class='ocrx_word' id='word_1_477' title='bbox 2300 2241 2481 2292; x_wconf 82' lang='grc' dir='ltr'>καθότι</span> <span class='ocrx_word' id='word_1_478' title='bbox 2542 2243 2923 2313; x_wconf 72' lang='grc' dir='ltr'>γεγωνιωμένον</span> <span class='ocrx_word' id='word_1_479' title='bbox 2975 2242 3180 2313; x_wconf 89' lang='grc' dir='ltr'>μικτόν.</span> <span class='ocrx_word' id='word_1_480' title='bbox 3235 2237 3295 2293; x_wconf 84' lang='grc' dir='ltr'><strong>Εἰ</strong></span> <span class='ocrx_word' id='word_1_481' title='bbox 3345 2234 3396 2291; x_wconf 85' lang='grc' dir='ltr'><em>δ’</em></span> <span class='ocrx_word' id='word_1_482' title='bbox 3423 2239 3505 2291; x_wconf 89' lang='grc' dir='ltr'><strong>ὅτι</strong></span> <span class='ocrx_word' id='word_1_483' title='bbox 3570 2257 3663 2290; x_wconf 86' lang='grc' dir='ltr'><strong>και</strong></span> 
     </span>
    </p>
   </div>
   <div class='ocr_carea' id='block_1_52' title="bbox 2055 2328 3662 2401">
    <p class='ocr_par' dir='ltr' id='par_1_52' title="bbox 2055 2328 3662 2401">
     <span class='ocr_line' id='line_1_52' title="bbox 2055 2328 3662 2401; baseline 0.001 -22"><span class='ocrx_word' id='word_1_484' title='bbox 2055 2335 2206 2380; x_wconf 78' lang='grc' dir='ltr'>τοῦτο</span> <span class='ocrx_word' id='word_1_485' title='bbox 2236 2336 2333 2391; x_wconf 85' lang='grc' dir='ltr'>τῆς</span> <span class='ocrx_word' id='word_1_486' title='bbox 2389 2332 2587 2401; x_wconf 89' lang='grc' dir='ltr'>φύσεως</span> <span class='ocrx_word' id='word_1_487' title='bbox 2652 2348 2743 2381; x_wconf 86' lang='grc' dir='ltr'><strong>και</strong></span> <span class='ocrx_word' id='word_1_488' title='bbox 2809 2328 2834 2381; x_wconf 87' lang='grc' dir='ltr'>ὀ</span> <span class='ocrx_word' id='word_1_489' title='bbox 2899 2328 3086 2391; x_wconf 88' lang='grc' dir='ltr'>κύκλος</span> <span class='ocrx_word' id='word_1_490' title='bbox 3141 2334 3236 2391; x_wconf 82' lang='grc' dir='ltr'>τῆς</span> <span class='ocrx_word' id='word_1_491' title='bbox 3304 2330 3507 2401; x_wconf 82' lang='grc' dir='ltr'>φύσεως</span> <span class='ocrx_word' id='word_1_492' title='bbox 3570 2346 3662 2380; x_wconf 85' lang='grc' dir='ltr'><strong>και</strong></span> 
     </span>
    </p>
   </div>
   <div class='ocr_carea' id='block_1_53' title="bbox 2055 2413 3660 2491">
    <p class='ocr_par' dir='ltr' id='par_1_53' title="bbox 2055 2413 3660 2491">
     <span class='ocr_line' id='line_1_53' title="bbox 2055 2413 3660 2491; baseline 0.001 -24"><span class='ocrx_word' id='word_1_493' title='bbox 2055 2424 2312 2470; x_wconf 86' lang='grc' dir='ltr'>κοινωνεῖν</span> <span class='ocrx_word' id='word_1_494' title='bbox 2387 2417 2500 2470; x_wconf 88' lang='grc' dir='ltr'>κατ’</span> <span class='ocrx_word' id='word_1_495' title='bbox 2574 2418 2700 2491; x_wconf 76' lang='grc' dir='ltr'>αὐτὸ</span> <span class='ocrx_word' id='word_1_496' title='bbox 2778 2416 2899 2491; x_wconf 56' lang='lat' dir='ltr'><strong>sin:</strong></span> <span class='ocrx_word' id='word_1_497' title='bbox 2975 2413 3184 2476; x_wconf 81' lang='grc' dir='ltr'>δηλαδὴ</span> <span class='ocrx_word' id='word_1_498' title='bbox 3278 2434 3360 2479; x_wconf 89' lang='grc' dir='ltr'><strong>τις</strong></span> <span class='ocrx_word' id='word_1_499' title='bbox 3464 2415 3660 2487; x_wconf 75' lang='grc' dir='ltr'>στέρξω</span> 
     </span>
    </p>
   </div>
   <div class='ocr_carea' id='block_1_54' title="bbox 2334 2504 3659 2580">
    <p class='ocr_par' dir='ltr' id='par_1_54' title="bbox 2334 2504 3659 2580">
     <span class='ocr_line' id='line_1_54' title="bbox 2334 2504 3659 2580; baseline -0.001 -22"><span class='ocrx_word' id='word_1_500' title='bbox 2334 2504 2384 2558; x_wconf 80' lang='grc' dir='ltr'>ἓν</span> <span class='ocrx_word' id='word_1_501' title='bbox 2449 2508 2549 2580; x_wconf 80' lang='grc' dir='ltr'>γὰρ</span> <span class='ocrx_word' id='word_1_502' title='bbox 2616 2513 2679 2579; x_wconf 76' lang='grc' dir='ltr'><strong>τῇ</strong></span> <span class='ocrx_word' id='word_1_503' title='bbox 2772 2510 2925 2579; x_wconf 87' lang='grc' dir='ltr'>φύσει</span> <span class='ocrx_word' id='word_1_504' title='bbox 2999 2507 3187 2559; x_wconf 87' lang='grc' dir='ltr'>καθότι</span> <span class='ocrx_word' id='word_1_505' title='bbox 3272 2512 3371 2568; x_wconf 83' lang='grc' dir='ltr'>τῆς</span> <span class='ocrx_word' id='word_1_506' title='bbox 3458 2508 3659 2579; x_wconf 83' lang='grc' dir='ltr'>φύσεως</span> 
     </span>
    </p>
   </div>
   <div class='ocr_carea' id='block_1_55' title="bbox 2056 2592 3660 2668">
    <p class='ocr_par' dir='ltr' id='par_1_55' title="bbox 2056 2592 3660 2668">
     <span class='ocr_line' id='line_1_55' title="bbox 2056 2592 3660 2668; baseline -0.001 -21"><span class='ocrx_word' id='word_1_507' title='bbox 2056 2594 2288 2647; x_wconf 83' lang='grc' dir='ltr'>ἐνοῦνται</span> <span class='ocrx_word' id='word_1_508' title='bbox 2315 2595 2542 2661; x_wconf 81' lang='grc' dir='ltr'>ἅπαντα,</span> <span class='ocrx_word' id='word_1_509' title='bbox 2572 2603 2747 2667; x_wconf 85' lang='grc' dir='ltr'>ῶσπερ</span> <span class='ocrx_word' id='word_1_510' title='bbox 2805 2616 2897 2647; x_wconf 86' lang='grc' dir='ltr'><strong>και</strong></span> <span class='ocrx_word' id='word_1_511' title='bbox 2952 2595 3020 2657; x_wconf 88' lang='grc' dir='ltr'><strong>εἰς</strong></span> <span class='ocrx_word' id='word_1_512' title='bbox 3061 2599 3120 2648; x_wconf 91' lang='grc' dir='ltr'><strong>τό</strong></span> <span class='ocrx_word' id='word_1_513' title='bbox 3172 2602 3386 2668; x_wconf 85' lang='grc' dir='ltr'>σημεῖον</span> <span class='ocrx_word' id='word_1_514' title='bbox 3453 2596 3508 2647; x_wconf 86' lang='grc' dir='ltr'>αἱ</span> <span class='ocrx_word' id='word_1_515' title='bbox 3559 2592 3660 2646; x_wconf 84' lang='grc' dir='ltr'><strong>ἀπὸ</strong></span> 
     </span>
    </p>
   </div>
   <div class='ocr_carea' id='block_1_56' title="bbox 2054 2682 3662 2759">
    <p class='ocr_par' dir='ltr' id='par_1_56' title="bbox 2054 2682 3662 2759">
     <span class='ocr_line' id='line_1_56' title="bbox 2054 2682 3662 2759; baseline -0.002 -22"><span class='ocrx_word' id='word_1_516' title='bbox 2054 2691 2149 2746; x_wconf 85' lang='grc' dir='ltr'>τῆς</span> <span class='ocrx_word' id='word_1_517' title='bbox 2211 2688 2538 2759; x_wconf 77' lang='grc' dir='ltr'>περιφερείας</span> <span class='ocrx_word' id='word_1_518' title='bbox 2584 2684 2675 2737; x_wconf 83' lang='grc' dir='ltr'><strong>τού</strong></span> <span class='ocrx_word' id='word_1_519' title='bbox 2728 2683 2921 2743; x_wconf 83' lang='grc' dir='ltr'>κύκλου</span> <span class='ocrx_word' id='word_1_520' title='bbox 2989 2688 3229 2757; x_wconf 78' lang='grc' dir='ltr'>γραμμαὶ</span> <span class='ocrx_word' id='word_1_521' title='bbox 3293 2682 3662 2757; x_wconf 81' lang='grc' dir='ltr'>εἰσερχομεναι</span> 
     </span>
    </p>
   </div>
   <div class='ocr_carea' id='block_1_57' title="bbox 2057 1969 3330 2048">
    <p class='ocr_par' dir='ltr' id='par_1_57' title="bbox 2057 1969 3330 2048">
     <span class='ocr_line' id='line_1_57' title="bbox 2057 1969 3330 2048; baseline 0.001 -26"><span class='ocrx_word' id='word_1_522' title='bbox 2057 1973 2114 2023; x_wconf 93' lang='grc' dir='ltr'><strong>τό</strong></span> <span class='ocrx_word' id='word_1_523' title='bbox 2176 1969 2299 2023; x_wconf 83' lang='grc' dir='ltr'>ἄλλο</span> <span class='ocrx_word' id='word_1_524' title='bbox 2366 1979 2559 2045; x_wconf 81' lang='grc' dir='ltr'>σχῆμα</span> <span class='ocrx_word' id='word_1_525' title='bbox 2614 1974 2751 2025; x_wconf 82' lang='grc' dir='ltr'>κατὰ</span> <span class='ocrx_word' id='word_1_526' title='bbox 2804 1979 2992 2048; x_wconf 88' lang='grc' dir='ltr'>κρᾶσιν</span> <span class='ocrx_word' id='word_1_527' title='bbox 3048 1991 3138 2024; x_wconf 91' lang='grc' dir='ltr'><strong>και</strong></span> <span class='ocrx_word' id='word_1_528' title='bbox 3188 1970 3330 2040; x_wconf 82' lang='grc' dir='ltr'>μίξιν</span> 
     </span>
    </p>
   </div>
   <div class='ocr_carea' id='block_1_58' title="bbox 2056 2505 2265 2557">
    <p class='ocr_par' dir='ltr' id='par_1_58' title="bbox 2056 2505 2265 2557">
     <span class='ocr_line' id='line_1_58' title="bbox 2056 2505 2265 2557; baseline 0 0"><span class='ocrx_word' id='word_1_529' title='bbox 2056 2505 2183 2557; x_wconf 82' lang='grc' dir='ltr'>αύτό</span> <span class='ocrx_word' id='word_1_530' title='bbox 2252 2528 2265 2539; x_wconf 91' lang='grc'><strong>·</strong></span> 
     </span>
    </p>
   </div>
   <div class='ocr_carea' id='block_1_59' title="bbox 2026 2904 3683 2980">
    <p class='ocr_par' dir='ltr' id='par_1_59' title="bbox 2026 2904 3683 2980">
     <span class='ocr_line' id='line_1_59' title="bbox 2026 2904 3683 2980; baseline 0 -19"><span class='ocrx_word' id='word_1_531' title='bbox 2026 2904 2223 2978; x_wconf 81' lang='lat' dir='ltr'><strong>ipsam</strong></span> <span class='ocrx_word' id='word_1_532' title='bbox 2251 2922 2273 2962; x_wconf 80' lang='grc' dir='ltr'><strong>ι</strong></span> <span class='ocrx_word' id='word_1_533' title='bbox 2297 2905 2483 2963; x_wconf 87' lang='lat' dir='ltr'><strong>altera</strong></span> <span class='ocrx_word' id='word_1_534' title='bbox 2502 2922 2563 2978; x_wconf 82' lang='lat' dir='ltr'><strong>p,</strong></span> <span class='ocrx_word' id='word_1_535' title='bbox 2577 2910 2713 2979; x_wconf 92' lang='lat' dir='ltr'><strong>post</strong></span> <span class='ocrx_word' id='word_1_536' title='bbox 2737 2905 2934 2980; x_wconf 83' lang='lat' dir='ltr'><strong>ipsam</strong></span> <span class='ocrx_word' id='word_1_537' title='bbox 2952 2907 2991 2961; x_wconf 78' lang='lat' dir='ltr'><strong>lc</strong></span> <span class='ocrx_word' id='word_1_538' title='bbox 3024 2905 3212 2963; x_wconf 88' lang='lat' dir='ltr'><strong>altera</strong></span> <span class='ocrx_word' id='word_1_539' title='bbox 3238 2922 3297 2978; x_wconf 89' lang='lat' dir='ltr'><strong>q,</strong></span> <span class='ocrx_word' id='word_1_540' title='bbox 3330 2908 3462 2977; x_wconf 88' lang='lat' dir='ltr'><strong>post</strong></span> <span class='ocrx_word' id='word_1_541' title='bbox 3484 2904 3683 2977; x_wconf 83' lang='lat' dir='ltr'><strong>ipsam</strong></span> 
     </span>
    </p>
   </div>
   <div class='ocr_carea' id='block_1_60' title="bbox 257 2991 3686 3070">
    <p class='ocr_par' dir='ltr' id='par_1_60' title="bbox 257 2991 3686 3070">
     <span class='ocr_line' id='line_1_60' title="bbox 257 2991 3686 3070; baseline 0.001 -23"><span class='ocrx_word' id='word_1_542' title='bbox 257 2991 450 3047; x_wconf 81' lang='lat' dir='ltr'><strong>ﬁcies.</strong></span> <span class='ocrx_word' id='word_1_543' title='bbox 482 2992 777 3057; x_wconf 85' lang='lat' dir='ltr'><strong>Quoniam</strong></span> <span class='ocrx_word' id='word_1_544' title='bbox 809 2998 1010 3051; x_wconf 90' lang='lat' dir='ltr'><strong>autem</strong></span> <span class='ocrx_word' id='word_1_545' title='bbox 1027 2994 1356 3051; x_wconf 73' lang='lat' dir='ltr'><strong>harmoniaa</strong></span> <span class='ocrx_word' id='word_1_546' title='bbox 1370 2996 1630 3069; x_wconf 90' lang='lat' dir='ltr'><strong>partium</strong></span> <span class='ocrx_word' id='word_1_547' title='bbox 1643 2997 1916 3053; x_wconf 91' lang='lat' dir='ltr'><strong>omnium</strong></span> <span class='ocrx_word' id='word_1_548' title='bbox 1948 3013 1990 3070; x_wconf 72' lang='grc' dir='ltr'><em>ε</em></span> <span class='ocrx_word' id='word_1_549' title='bbox 2029 2995 2263 3052; x_wconf 73' lang='lat' dir='ltr'><strong>[altera</strong></span> <span class='ocrx_word' id='word_1_550' title='bbox 2289 3012 2344 3065; x_wconf 80' lang='grc' dir='ltr'>ν,</span> <span class='ocrx_word' id='word_1_551' title='bbox 2382 3000 2519 3068; x_wconf 91' lang='lat' dir='ltr'><strong>post</strong></span> <span class='ocrx_word' id='word_1_552' title='bbox 2539 2996 2740 3068; x_wconf 85' lang='lat' dir='ltr'><strong>ipsam</strong></span> <span class='ocrx_word' id='word_1_553' title='bbox 2770 3012 2829 3052; x_wconf 92' lang='lat' dir='ltr'><strong>m</strong></span> <span class='ocrx_word' id='word_1_554' title='bbox 2854 2994 3037 3052; x_wconf 89' lang='lat' dir='ltr'><strong>altera</strong></span> <span class='ocrx_word' id='word_1_555' title='bbox 3066 3010 3115 3064; x_wconf 74' lang='grc' dir='ltr'>ε,</span> <span class='ocrx_word' id='word_1_556' title='bbox 3146 3000 3281 3068; x_wconf 90' lang='lat' dir='ltr'><strong>post</strong></span> <span class='ocrx_word' id='word_1_557' title='bbox 3305 2994 3504 3067; x_wconf 89' lang='lat' dir='ltr'><strong>ipsam</strong></span> <span class='ocrx_word' id='word_1_558' title='bbox 3531 3010 3574 3050; x_wconf 84' lang='grc' dir='ltr'><strong>η</strong></span> <span class='ocrx_word' id='word_1_559' title='bbox 3604 2991 3686 3051; x_wconf 86' lang='lat' dir='ltr'><strong>al-</strong></span> 
     </span>
    </p>
   </div>
   <div class='ocr_carea' id='block_1_61' title="bbox 263 3078 1915 3155">
    <p class='ocr_par' dir='ltr' id='par_1_61' title="bbox 263 3078 1915 3155">
     <span class='ocr_line' id='line_1_61' title="bbox 263 3078 1915 3155; baseline 0.005 -21"><span class='ocrx_word' id='word_1_560' title='bbox 263 3078 400 3135; x_wconf 89' lang='lat' dir='ltr'><strong>cubi</strong></span> <span class='ocrx_word' id='word_1_561' title='bbox 432 3087 675 3153; x_wconf 83' lang='lat' dir='ltr'><strong>propter</strong></span> <span class='ocrx_word' id='word_1_562' title='bbox 720 3098 1042 3139; x_wconf 86' lang='lat' dir='ltr'><strong>numerum</strong></span> <span class='ocrx_word' id='word_1_563' title='bbox 1078 3083 1157 3140; x_wconf 91' lang='lat' dir='ltr'><strong>ad</strong></span> <span class='ocrx_word' id='word_1_564' title='bbox 1210 3084 1500 3141; x_wconf 84' lang='lat' dir='ltr'><strong>circulum</strong></span> <span class='ocrx_word' id='word_1_565' title='bbox 1560 3086 1915 3155; x_wconf 88' lang='lat' dir='ltr'><strong>referuntur,</strong></span> 
     </span>
    </p>
   </div>
   <div class='ocr_carea' id='block_1_62' title="bbox 261 3168 1917 3244">
    <p class='ocr_par' dir='ltr' id='par_1_62' title="bbox 261 3168 1917 3244">
     <span class='ocr_line' id='line_1_62' title="bbox 261 3168 1917 3244; baseline 0.004 -20"><span class='ocrx_word' id='word_1_566' title='bbox 261 3168 517 3225; x_wconf 87' lang='lat' dir='ltr'><strong>circulus</strong></span> <span class='ocrx_word' id='word_1_567' title='bbox 529 3185 670 3227; x_wconf 87' lang='lat' dir='ltr'><strong>vero</strong></span> <span class='ocrx_word' id='word_1_568' title='bbox 683 3172 955 3228; x_wconf 90' lang='lat' dir='ltr'><strong>omnium</strong></span> <span class='ocrx_word' id='word_1_569' title='bbox 971 3172 1215 3228; x_wconf 88' lang='lat' dir='ltr'><strong>aliarum</strong></span> <span class='ocrx_word' id='word_1_570' title='bbox 1228 3173 1550 3244; x_wconf 82' lang='lat' dir='ltr'><strong>ﬁgurarum</strong></span> <span class='ocrx_word' id='word_1_571' title='bbox 1564 3176 1917 3232; x_wconf 84' lang='lat' dir='ltr'><strong>estmaxime</strong></span> 
     </span>
    </p>
   </div>
   <div class='ocr_carea' id='block_1_63' title="bbox 257 3258 1919 3337">
    <p class='ocr_par' dir='ltr' id='par_1_63' title="bbox 257 3258 1919 3337">
     <span class='ocr_line' id='line_1_63' title="bbox 257 3258 1919 3337; baseline 0.002 -23"><span class='ocrx_word' id='word_1_572' title='bbox 257 3258 547 3315; x_wconf 83' lang='lat' dir='ltr'><strong>naturalis</strong></span> <span class='ocrx_word' id='word_1_573' title='bbox 602 3261 990 3334; x_wconf 84' lang='lat' dir='ltr'><strong>maximeque</strong></span> <span class='ocrx_word' id='word_1_574' title='bbox 1063 3261 1403 3334; x_wconf 78' lang='lat' dir='ltr'><strong>uniformis,</strong></span> <span class='ocrx_word' id='word_1_575' title='bbox 1442 3280 1636 3337; x_wconf 91' lang='lat' dir='ltr'><strong>neque</strong></span> <span class='ocrx_word' id='word_1_576' title='bbox 1697 3265 1919 3321; x_wconf 80' lang='lat' dir='ltr'><strong>mixtus</strong></span> 
     </span>
    </p>
   </div>
   <div class='ocr_carea' id='block_1_64' title="bbox 257 3347 1919 3424">
    <p class='ocr_par' dir='ltr' id='par_1_64' title="bbox 257 3347 1919 3424">
     <span class='ocr_line' id='line_1_64' title="bbox 257 3347 1919 3424; baseline 0.004 -20"><span class='ocrx_word' id='word_1_577' title='bbox 257 3352 366 3416; x_wconf 86' lang='lat' dir='ltr'><strong>est,</strong></span> <span class='ocrx_word' id='word_1_578' title='bbox 396 3347 504 3403; x_wconf 85' lang='lat' dir='ltr'><strong>sed</strong></span> <span class='ocrx_word' id='word_1_579' title='bbox 545 3347 799 3421; x_wconf 84' lang='lat' dir='ltr'><strong>simplex</strong></span> <span class='ocrx_word' id='word_1_580' title='bbox 856 3353 913 3407; x_wconf 88' lang='lat' dir='ltr'><strong>et</strong></span> <span class='ocrx_word' id='word_1_581' title='bbox 932 3366 1004 3406; x_wconf 83' lang='lat' dir='ltr'><strong>ex</strong></span> <span class='ocrx_word' id='word_1_582' title='bbox 1061 3351 1335 3423; x_wconf 86' lang='lat' dir='ltr'><strong>partibus</strong></span> <span class='ocrx_word' id='word_1_583' title='bbox 1373 3368 1496 3409; x_wconf 91' lang='lat' dir='ltr'><strong>non</strong></span> <span class='ocrx_word' id='word_1_584' title='bbox 1552 3353 1776 3424; x_wconf 88' lang='lat' dir='ltr'><strong>multis,</strong></span> <span class='ocrx_word' id='word_1_585' title='bbox 1830 3358 1919 3410; x_wconf 90' lang='lat' dir='ltr'><strong>est</strong></span> 
     </span>
    </p>
   </div>
   <div class='ocr_carea' id='block_1_65' title="bbox 256 3438 1917 3512">
    <p class='ocr_par' dir='ltr' id='par_1_65' title="bbox 256 3438 1917 3512">
     <span class='ocr_line' id='line_1_65' title="bbox 256 3438 1917 3512; baseline 0.004 -19"><span class='ocrx_word' id='word_1_586' title='bbox 256 3438 507 3494; x_wconf 91' lang='lat' dir='ltr'><strong>omnino</strong></span> <span class='ocrx_word' id='word_1_587' title='bbox 533 3453 781 3495; x_wconf 90' lang='lat' dir='ltr'><strong>necesse</strong></span> <span class='ocrx_word' id='word_1_588' title='bbox 811 3440 1150 3497; x_wconf 90' lang='lat' dir='ltr'><strong>secundum</strong></span> <span class='ocrx_word' id='word_1_589' title='bbox 1198 3457 1545 3512; x_wconf 86' lang='lat' dir='ltr'><strong>numerum,</strong></span> <span class='ocrx_word' id='word_1_590' title='bbox 1578 3443 1917 3501; x_wconf 85' lang='lat' dir='ltr'><strong>naturalem</strong></span> 
     </span>
    </p>
   </div>
   <div class='ocr_carea' id='block_1_66' title="bbox 252 3526 1917 3604">
    <p class='ocr_par' dir='ltr' id='par_1_66' title="bbox 252 3526 1917 3604">
     <span class='ocr_line' id='line_1_66' title="bbox 252 3526 1917 3604; baseline 0.002 -20"><span class='ocrx_word' id='word_1_591' title='bbox 252 3526 580 3598; x_wconf 84' lang='lat' dir='ltr'><strong>intelligere</strong></span> <span class='ocrx_word' id='word_1_592' title='bbox 602 3527 742 3584; x_wconf 87' lang='lat' dir='ltr'><strong>cubi</strong></span> <span class='ocrx_word' id='word_1_593' title='bbox 780 3529 1312 3595; x_wconf 80' lang='lat' dir='ltr'><strong>continuationem,</strong></span> <span class='ocrx_word' id='word_1_594' title='bbox 1354 3534 1604 3604; x_wconf 88' lang='lat' dir='ltr'><strong>quando</strong></span> <span class='ocrx_word' id='word_1_595' title='bbox 1630 3533 1917 3589; x_wconf 88' lang='lat' dir='ltr'><strong>nimirum</strong></span> 
     </span>
    </p>
   </div>
   <div class='ocr_carea' id='block_1_67' title="bbox 253 3615 1530 3679">
    <p class='ocr_par' dir='ltr' id='par_1_67' title="bbox 253 3615 1530 3679">
     <span class='ocr_line' id='line_1_67' title="bbox 253 3615 1530 3679; baseline 0.003 -5"><span class='ocrx_word' id='word_1_596' title='bbox 253 3615 334 3674; x_wconf 87' lang='lat' dir='ltr'><strong>ad</strong></span> <span class='ocrx_word' id='word_1_597' title='bbox 387 3615 591 3672; x_wconf 90' lang='lat' dir='ltr'><strong>circuli</strong></span> <span class='ocrx_word' id='word_1_598' title='bbox 648 3617 1159 3674; x_wconf 85' lang='lat' dir='ltr'><strong>continuationem</strong></span> <span class='ocrx_word' id='word_1_599' title='bbox 1188 3626 1530 3679; x_wconf 88' lang='lat' dir='ltr'><strong>revocatur.</strong></span> 
     </span>
    </p>
   </div>
   <div class='ocr_carea' id='block_1_68' title="bbox 320 3706 1916 3768">
    <p class='ocr_par' dir='ltr' id='par_1_68' title="bbox 320 3706 1916 3768">
     <span class='ocr_line' id='line_1_68' title="bbox 320 3706 1916 3768; baseline 0.003 -5"><span class='ocrx_word' id='word_1_600' title='bbox 320 3709 373 3763; x_wconf 73' lang='grc'><strong>4.</strong></span> <span class='ocrx_word' id='word_1_601' title='bbox 408 3707 541 3762; x_wconf 86' lang='lat' dir='ltr'><strong>Jam</strong></span> <span class='ocrx_word' id='word_1_602' title='bbox 568 3722 710 3762; x_wconf 87' lang='lat' dir='ltr'><strong>vero</strong></span> <span class='ocrx_word' id='word_1_603' title='bbox 731 3706 1183 3764; x_wconf 87' lang='lat' dir='ltr'><strong>consideremus</strong></span> <span class='ocrx_word' id='word_1_604' title='bbox 1224 3709 1402 3765; x_wconf 89' lang='lat' dir='ltr'><strong>etiam</strong></span> <span class='ocrx_word' id='word_1_605' title='bbox 1443 3710 1668 3767; x_wconf 89' lang='lat' dir='ltr'><strong>cubum</strong></span> <span class='ocrx_word' id='word_1_606' title='bbox 1704 3727 1916 3768; x_wconf 91' lang='lat' dir='ltr'><strong>secun-</strong></span> 
     </span>
    </p>
   </div>
   <div class='ocr_carea' id='block_1_69' title="bbox 251 3793 1919 3871">
    <p class='ocr_par' dir='ltr' id='par_1_69' title="bbox 251 3793 1919 3871">
     <span class='ocr_line' id='line_1_69' title="bbox 251 3793 1919 3871; baseline 0.004 -21"><span class='ocrx_word' id='word_1_607' title='bbox 251 3793 401 3852; x_wconf 92' lang='lat' dir='ltr'><strong>dum</strong></span> <span class='ocrx_word' id='word_1_608' title='bbox 427 3794 743 3851; x_wconf 89' lang='lat' dir='ltr'><strong>continuas</strong></span> <span class='ocrx_word' id='word_1_609' title='bbox 775 3794 1146 3868; x_wconf 88' lang='lat' dir='ltr'><strong>superﬁcies,</strong></span> <span class='ocrx_word' id='word_1_610' title='bbox 1179 3813 1255 3853; x_wconf 91' lang='lat' dir='ltr'><strong>an</strong></span> <span class='ocrx_word' id='word_1_611' title='bbox 1287 3798 1439 3871; x_wconf 67' lang='lat' dir='ltr'><strong>ipsa:</strong></span> <span class='ocrx_word' id='word_1_612' title='bbox 1466 3799 1620 3856; x_wconf 90' lang='lat' dir='ltr'><strong>inter</strong></span> <span class='ocrx_word' id='word_1_613' title='bbox 1650 3816 1711 3855; x_wconf 93' lang='lat' dir='ltr'><strong>se</strong></span> <span class='ocrx_word' id='word_1_614' title='bbox 1732 3800 1919 3857; x_wconf 83' lang='lat' dir='ltr'><strong>conti-</strong></span> 
     </span>
    </p>
   </div>
   <div class='ocr_carea' id='block_1_70' title="bbox 252 3883 1916 3961">
    <p class='ocr_par' dir='ltr' id='par_1_70' title="bbox 252 3883 1916 3961">
     <span class='ocr_line' id='line_1_70' title="bbox 252 3883 1916 3961; baseline 0.004 -23"><span class='ocrx_word' id='word_1_615' title='bbox 252 3883 611 3941; x_wconf 86' lang='lat' dir='ltr'><strong>nuationem</strong></span> <span class='ocrx_word' id='word_1_616' title='bbox 640 3883 932 3954; x_wconf 85' lang='lat' dir='ltr'><strong>habeant,</strong></span> <span class='ocrx_word' id='word_1_617' title='bbox 952 3889 1009 3942; x_wconf 85' lang='lat' dir='ltr'><strong>et</strong></span> <span class='ocrx_word' id='word_1_618' title='bbox 1038 3885 1281 3958; x_wconf 87' lang='lat' dir='ltr'><strong>qualem</strong></span> <span class='ocrx_word' id='word_1_619' title='bbox 1309 3892 1366 3943; x_wconf 92' lang='lat' dir='ltr'><strong>et</strong></span> <span class='ocrx_word' id='word_1_620' title='bbox 1422 3888 1755 3961; x_wconf 90' lang='lat' dir='ltr'><strong>quomodo.</strong></span> <span class='ocrx_word' id='word_1_621' title='bbox 1780 3891 1916 3945; x_wconf 87' lang='lat' dir='ltr'><strong>Esto</strong></span> 
     </span>
    </p>
   </div>
   <div class='ocr_carea' id='block_1_71' title="bbox 255 3972 1916 4049">
    <p class='ocr_par' dir='ltr' id='par_1_71' title="bbox 255 3972 1916 4049">
     <span class='ocr_line' id='line_1_71' title="bbox 255 3972 1916 4049; baseline 0.001 -23"><span class='ocrx_word' id='word_1_622' title='bbox 255 3973 436 4042; x_wconf 76' lang='lat' dir='ltr'><strong>igitur</strong></span> <span class='ocrx_word' id='word_1_623' title='bbox 473 3988 509 4030; x_wconf 91' lang='lat' dir='ltr'><strong>a</strong></span> <span class='ocrx_word' id='word_1_624' title='bbox 544 3972 577 4028; x_wconf 87' lang='lat' dir='ltr'><strong>b</strong></span> <span class='ocrx_word' id='word_1_625' title='bbox 599 3988 629 4030; x_wconf 90' lang='lat' dir='ltr'><strong>e</strong></span> <span class='ocrx_word' id='word_1_626' title='bbox 658 3973 699 4029; x_wconf 89' lang='lat' dir='ltr'><strong>d</strong></span> <span class='ocrx_word' id='word_1_627' title='bbox 718 3989 747 4030; x_wconf 93' lang='lat' dir='ltr'><strong>e</strong></span> <span class='ocrx_word' id='word_1_628' title='bbox 770 3975 811 4044; x_wconf 83' lang='lat' dir='ltr'><strong><em>f</em></strong></span> <span class='ocrx_word' id='word_1_629' title='bbox 830 3973 1042 4031; x_wconf 91' lang='lat' dir='ltr'><strong>cubus.</strong></span> <span class='ocrx_word' id='word_1_630' title='bbox 1070 3975 1317 4031; x_wconf 86' lang='lat' dir='ltr'><strong>Uniatur</strong></span> <span class='ocrx_word' id='word_1_631' title='bbox 1347 3977 1691 4049; x_wconf 87' lang='lat' dir='ltr'><strong>superﬁcies</strong></span> <span class='ocrx_word' id='word_1_632' title='bbox 1724 3993 1759 4034; x_wconf 74' lang='grc' dir='ltr'><strong>α</strong></span> <span class='ocrx_word' id='word_1_633' title='bbox 1787 3992 1916 4033; x_wconf 90' lang='lat' dir='ltr'><strong>cum</strong></span> 
     </span>
    </p>
   </div>
   <div class='ocr_carea' id='block_1_72' title="bbox 257 4062 1915 4139">
    <p class='ocr_par' dir='ltr' id='par_1_72' title="bbox 257 4062 1915 4139">
     <span class='ocr_line' id='line_1_72' title="bbox 257 4062 1915 4139; baseline 0.003 -23"><span class='ocrx_word' id='word_1_634' title='bbox 257 4065 533 4135; x_wconf 88' lang='lat' dir='ltr'><strong>utraque,</strong></span> <span class='ocrx_word' id='word_1_635' title='bbox 565 4062 844 4136; x_wconf 88' lang='lat' dir='ltr'><strong>nempe,b</strong></span> <span class='ocrx_word' id='word_1_636' title='bbox 875 4068 929 4119; x_wconf 92' lang='lat' dir='ltr'><strong>et</strong></span> <span class='ocrx_word' id='word_1_637' title='bbox 959 4079 991 4119; x_wconf 88' lang='lat' dir='ltr'><strong>c</strong></span> <span class='ocrx_word' id='word_1_638' title='bbox 1013 4076 1038 4136; x_wconf 88' lang='lat'><em>;</em></span> <span class='ocrx_word' id='word_1_639' title='bbox 1064 4063 1205 4120; x_wconf 87' lang='lat' dir='ltr'><strong>item</strong></span> <span class='ocrx_word' id='word_1_640' title='bbox 1244 4065 1286 4120; x_wconf 88' lang='lat' dir='ltr'><strong>d</strong></span> <span class='ocrx_word' id='word_1_641' title='bbox 1336 4081 1476 4122; x_wconf 92' lang='lat' dir='ltr'><strong>cum</strong></span> <span class='ocrx_word' id='word_1_642' title='bbox 1509 4067 1542 4122; x_wconf 91' lang='lat' dir='ltr'><strong><em>b</em></strong></span> <span class='ocrx_word' id='word_1_643' title='bbox 1573 4071 1629 4122; x_wconf 92' lang='lat' dir='ltr'><strong>et</strong></span> <span class='ocrx_word' id='word_1_644' title='bbox 1658 4082 1689 4123; x_wconf 89' lang='lat' dir='ltr'><strong>c</strong></span> <span class='ocrx_word' id='word_1_645' title='bbox 1721 4080 1745 4139; x_wconf 86' lang='lat'><strong>,&#39;</strong></span> <span class='ocrx_word' id='word_1_646' title='bbox 1774 4067 1915 4122; x_wconf 88' lang='lat' dir='ltr'><strong>item</strong></span> 
     </span>
    </p>
   </div>
   <div class='ocr_carea' id='block_1_73' title="bbox 254 4152 1918 4226">
    <p class='ocr_par' dir='ltr' id='par_1_73' title="bbox 254 4152 1918 4226">
     <span class='ocr_line' id='line_1_73' title="bbox 254 4152 1918 4226; baseline 0.002 -18"><span class='ocrx_word' id='word_1_647' title='bbox 254 4166 285 4208; x_wconf 91' lang='lat' dir='ltr'><strong>e</strong></span> <span class='ocrx_word' id='word_1_648' title='bbox 314 4168 454 4207; x_wconf 91' lang='lat' dir='ltr'><strong>cum</strong></span> <span class='ocrx_word' id='word_1_649' title='bbox 478 4167 516 4208; x_wconf 90' lang='lat' dir='ltr'><strong>a</strong></span> <span class='ocrx_word' id='word_1_650' title='bbox 544 4152 577 4207; x_wconf 83' lang='grc' dir='ltr'><strong>ό</strong></span> <span class='ocrx_word' id='word_1_651' title='bbox 604 4168 636 4209; x_wconf 85' lang='lat' dir='ltr'><strong>c</strong></span> <span class='ocrx_word' id='word_1_652' title='bbox 661 4153 721 4221; x_wconf 84' lang='lat' dir='ltr'><strong>d,</strong></span> <span class='ocrx_word' id='word_1_653' title='bbox 754 4152 1224 4226; x_wconf 80' lang='lat' dir='ltr'><strong>itemquefcum</strong></span> <span class='ocrx_word' id='word_1_654' title='bbox 1263 4170 1300 4212; x_wconf 88' lang='lat' dir='ltr'><strong>a</strong></span> <span class='ocrx_word' id='word_1_655' title='bbox 1341 4156 1373 4211; x_wconf 82' lang='grc' dir='ltr'><strong>ό</strong></span> <span class='ocrx_word' id='word_1_656' title='bbox 1396 4171 1427 4212; x_wconf 86' lang='lat' dir='ltr'><strong>c</strong></span> <span class='ocrx_word' id='word_1_657' title='bbox 1455 4156 1497 4212; x_wconf 89' lang='lat' dir='ltr'><strong>d</strong></span> <span class='ocrx_word' id='word_1_658' title='bbox 1524 4172 1573 4213; x_wconf 89' lang='lat' dir='ltr'><strong>e.</strong></span> <span class='ocrx_word' id='word_1_659' title='bbox 1623 4157 1918 4213; x_wconf 86' lang='lat' dir='ltr'><strong>Uniuntur</strong></span> 
     </span>
    </p>
   </div>
   <div class='ocr_carea' id='block_1_74' title="bbox 254 4240 1919 4311">
    <p class='ocr_par' dir='ltr' id='par_1_74' title="bbox 254 4240 1919 4311">
     <span class='ocr_line' id='line_1_74' title="bbox 254 4240 1919 4311; baseline 0.003 -15"><span class='ocrx_word' id='word_1_660' title='bbox 254 4240 437 4310; x_wconf 80' lang='lat' dir='ltr'><strong>igitur</strong></span> <span class='ocrx_word' id='word_1_661' title='bbox 474 4240 534 4296; x_wconf 92' lang='lat' dir='ltr'><strong>in</strong></span> <span class='ocrx_word' id='word_1_662' title='bbox 558 4241 795 4311; x_wconf 80' lang='lat' dir='ltr'><strong>angulis</strong></span> <span class='ocrx_word' id='word_1_663' title='bbox 851 4241 1334 4302; x_wconf 88' lang='lat' dir='ltr'><strong>inclinationum.</strong></span> <span class='ocrx_word' id='word_1_664' title='bbox 1386 4244 1540 4301; x_wconf 90' lang='lat' dir='ltr'><strong>Situs</strong></span> <span class='ocrx_word' id='word_1_665' title='bbox 1569 4262 1709 4301; x_wconf 91' lang='lat' dir='ltr'><strong>vero</strong></span> <span class='ocrx_word' id='word_1_666' title='bbox 1740 4250 1797 4301; x_wconf 91' lang='lat' dir='ltr'><strong>et</strong></span> <span class='ocrx_word' id='word_1_667' title='bbox 1822 4261 1919 4300; x_wconf 90' lang='lat' dir='ltr'><strong>co-</strong></span> 
     </span>
    </p>
   </div>
   <div class='ocr_carea' id='block_1_75' title="bbox 259 4330 1917 4404">
    <p class='ocr_par' dir='ltr' id='par_1_75' title="bbox 259 4330 1917 4404">
     <span class='ocr_line' id='line_1_75' title="bbox 259 4330 1917 4404; baseline 0.004 -19"><span class='ocrx_word' id='word_1_668' title='bbox 259 4330 599 4402; x_wconf 89' lang='lat' dir='ltr'><strong>pulationes</strong></span> <span class='ocrx_word' id='word_1_669' title='bbox 625 4331 895 4404; x_wconf 79' lang='lat' dir='ltr'><strong>ipsarum</strong></span> <span class='ocrx_word' id='word_1_670' title='bbox 916 4347 1040 4388; x_wconf 95' lang='lat' dir='ltr'><strong>non</strong></span> <span class='ocrx_word' id='word_1_671' title='bbox 1080 4340 1219 4389; x_wconf 87' lang='lat' dir='ltr'><strong>sunt</strong></span> <span class='ocrx_word' id='word_1_672' title='bbox 1248 4333 1653 4402; x_wconf 87' lang='lat' dir='ltr'><strong>circulares,ut</strong></span> <span class='ocrx_word' id='word_1_673' title='bbox 1679 4352 1814 4391; x_wconf 89' lang='lat' dir='ltr'><strong>cum</strong></span> <span class='ocrx_word' id='word_1_674' title='bbox 1839 4336 1917 4391; x_wconf 90' lang='lat' dir='ltr'><strong>ad</strong></span> 
     </span>
    </p>
   </div>
   <div class='ocr_carea' id='block_1_76' title="bbox 258 4419 1919 4494">
    <p class='ocr_par' dir='ltr' id='par_1_76' title="bbox 258 4419 1919 4494">
     <span class='ocr_line' id='line_1_76' title="bbox 258 4419 1919 4494; baseline 0.004 -19"><span class='ocrx_word' id='word_1_675' title='bbox 258 4435 582 4476; x_wconf 90' lang='lat' dir='ltr'><strong>numerum</strong></span> <span class='ocrx_word' id='word_1_676' title='bbox 600 4419 792 4476; x_wconf 84' lang='lat' dir='ltr'><strong>lineas</strong></span> <span class='ocrx_word' id='word_1_677' title='bbox 830 4421 1285 4494; x_wconf 88' lang='lat' dir='ltr'><strong>revocabamus,</strong></span> <span class='ocrx_word' id='word_1_678' title='bbox 1315 4423 1419 4478; x_wconf 91' lang='lat' dir='ltr'><strong>sed</strong></span> <span class='ocrx_word' id='word_1_679' title='bbox 1446 4425 1510 4479; x_wconf 90' lang='lat' dir='ltr'><strong>in</strong></span> <span class='ocrx_word' id='word_1_680' title='bbox 1539 4424 1793 4494; x_wconf 86' lang='lat' dir='ltr'><strong>angulos</strong></span> <span class='ocrx_word' id='word_1_681' title='bbox 1823 4441 1919 4481; x_wconf 87' lang='lat' dir='ltr'><strong>re-</strong></span> 
     </span>
    </p>
   </div>
   <div class='ocr_carea' id='block_1_77' title="bbox 260 4507 1918 4580">
    <p class='ocr_par' dir='ltr' id='par_1_77' title="bbox 260 4507 1918 4580">
     <span class='ocr_line' id='line_1_77' title="bbox 260 4507 1918 4580; baseline 0.004 -16"><span class='ocrx_word' id='word_1_682' title='bbox 260 4507 550 4580; x_wconf 88' lang='lat' dir='ltr'><strong>diguntur</strong></span> <span class='ocrx_word' id='word_1_683' title='bbox 615 4514 671 4566; x_wconf 92' lang='lat' dir='ltr'><strong>et</strong></span> <span class='ocrx_word' id='word_1_684' title='bbox 718 4508 1134 4566; x_wconf 87' lang='lat' dir='ltr'><strong>inclinationes</strong></span> <span class='ocrx_word' id='word_1_685' title='bbox 1185 4512 1429 4569; x_wconf 90' lang='lat' dir='ltr'><strong>habent.</strong></span> <span class='ocrx_word' id='word_1_686' title='bbox 1490 4516 1639 4569; x_wconf 88' lang='lat' dir='ltr'><strong>Nam</strong></span> <span class='ocrx_word' id='word_1_687' title='bbox 1704 4518 1827 4571; x_wconf 88' lang='lat' dir='ltr'><strong>tota</strong></span> <span class='ocrx_word' id='word_1_688' title='bbox 1881 4530 1918 4571; x_wconf 89' lang='lat' dir='ltr'><strong>a</strong></span> 
     </span>
    </p>
   </div>
   <div class='ocr_carea' id='block_1_78' title="bbox 259 4598 1917 4676">
    <p class='ocr_par' dir='ltr' id='par_1_78' title="bbox 259 4598 1917 4676">
     <span class='ocr_line' id='line_1_78' title="bbox 259 4598 1917 4676; baseline 0.005 -24"><span class='ocrx_word' id='word_1_689' title='bbox 259 4613 453 4672; x_wconf 89' lang='lat' dir='ltr'><strong>usque</strong></span> <span class='ocrx_word' id='word_1_690' title='bbox 493 4598 571 4656; x_wconf 89' lang='lat' dir='ltr'><strong>ad</strong></span> <span class='ocrx_word' id='word_1_691' title='bbox 607 4604 791 4655; x_wconf 89' lang='lat' dir='ltr'><strong>totam</strong></span> <span class='ocrx_word' id='word_1_692' title='bbox 826 4600 858 4656; x_wconf 87' lang='lat' dir='ltr'><strong><em>b</em></strong></span> <span class='ocrx_word' id='word_1_693' title='bbox 884 4600 1183 4672; x_wconf 88' lang='lat' dir='ltr'><strong>pertingit,</strong></span> <span class='ocrx_word' id='word_1_694' title='bbox 1208 4607 1265 4657; x_wconf 91' lang='lat' dir='ltr'><strong>et</strong></span> <span class='ocrx_word' id='word_1_695' title='bbox 1290 4602 1419 4658; x_wconf 62' lang='lat' dir='ltr'><strong>haec</strong></span> <span class='ocrx_word' id='word_1_696' title='bbox 1451 4619 1637 4676; x_wconf 91' lang='lat' dir='ltr'><strong>usque</strong></span> <span class='ocrx_word' id='word_1_697' title='bbox 1702 4603 1781 4659; x_wconf 90' lang='lat' dir='ltr'><strong>ad</strong></span> <span class='ocrx_word' id='word_1_698' title='bbox 1829 4608 1917 4661; x_wconf 89' lang='lat' dir='ltr'><strong>to-</strong></span> 
     </span>
    </p>
   </div>
   <div class='ocr_carea' id='block_1_79' title="bbox 260 4687 1917 4766">
    <p class='ocr_par' dir='ltr' id='par_1_79' title="bbox 260 4687 1917 4766">
     <span class='ocr_line' id='line_1_79' title="bbox 260 4687 1917 4766; baseline 0.005 -25"><span class='ocrx_word' id='word_1_699' title='bbox 260 4690 384 4743; x_wconf 87' lang='lat' dir='ltr'><strong>tam</strong></span> <span class='ocrx_word' id='word_1_700' title='bbox 415 4688 626 4759; x_wconf 85' lang='lat' dir='ltr'><strong>c,item</strong></span> <span class='ocrx_word' id='word_1_701' title='bbox 656 4687 784 4745; x_wconf 67' lang='lat' dir='ltr'><strong>haec</strong></span> <span class='ocrx_word' id='word_1_702' title='bbox 816 4704 1009 4762; x_wconf 90' lang='lat' dir='ltr'><strong>usque</strong></span> <span class='ocrx_word' id='word_1_703' title='bbox 1061 4689 1141 4746; x_wconf 91' lang='lat' dir='ltr'><strong>ad</strong></span> <span class='ocrx_word' id='word_1_704' title='bbox 1171 4696 1355 4748; x_wconf 90' lang='lat' dir='ltr'><strong>totam</strong></span> <span class='ocrx_word' id='word_1_705' title='bbox 1388 4693 1447 4759; x_wconf 78' lang='grc' dir='ltr'>ά,</span> <span class='ocrx_word' id='word_1_706' title='bbox 1482 4699 1535 4749; x_wconf 85' lang='lat' dir='ltr'><strong>et</strong></span> <span class='ocrx_word' id='word_1_707' title='bbox 1561 4709 1591 4750; x_wconf 89' lang='lat' dir='ltr'><strong>e</strong></span> <span class='ocrx_word' id='word_1_708' title='bbox 1621 4710 1810 4766; x_wconf 91' lang='lat' dir='ltr'><strong>usque</strong></span> <span class='ocrx_word' id='word_1_709' title='bbox 1838 4692 1917 4750; x_wconf 92' lang='lat' dir='ltr'><strong>ad</strong></span> 
     </span>
    </p>
   </div>
   <div class='ocr_carea' id='block_1_80' title="bbox 258 4778 1917 4851">
    <p class='ocr_par' dir='ltr' id='par_1_80' title="bbox 258 4778 1917 4851">
     <span class='ocr_line' id='line_1_80' title="bbox 258 4778 1917 4851; baseline 0.004 -20"><span class='ocrx_word' id='word_1_710' title='bbox 258 4780 413 4833; x_wconf 88' lang='lat' dir='ltr'><strong>totas</strong></span> <span class='ocrx_word' id='word_1_711' title='bbox 442 4794 479 4835; x_wconf 89' lang='lat' dir='ltr'><strong>a</strong></span> <span class='ocrx_word' id='word_1_712' title='bbox 511 4778 544 4833; x_wconf 91' lang='lat' dir='ltr'><strong><em>b</em></strong></span> <span class='ocrx_word' id='word_1_713' title='bbox 575 4795 605 4834; x_wconf 89' lang='lat' dir='ltr'><strong>c</strong></span> <span class='ocrx_word' id='word_1_714' title='bbox 631 4778 691 4849; x_wconf 78' lang='grc' dir='ltr'>ά,</span> <span class='ocrx_word' id='word_1_715' title='bbox 714 4778 854 4835; x_wconf 93' lang='lat' dir='ltr'><strong>item</strong></span> <span class='ocrx_word' id='word_1_716' title='bbox 874 4780 916 4850; x_wconf 93' lang='grc' dir='ltr'><strong>Γ</strong></span> <span class='ocrx_word' id='word_1_717' title='bbox 956 4794 1148 4851; x_wconf 85' lang='lat' dir='ltr'><strong>usque</strong></span> <span class='ocrx_word' id='word_1_718' title='bbox 1200 4780 1277 4835; x_wconf 91' lang='lat' dir='ltr'><strong>ad</strong></span> <span class='ocrx_word' id='word_1_719' title='bbox 1302 4785 1457 4837; x_wconf 89' lang='lat' dir='ltr'><strong>totas</strong></span> <span class='ocrx_word' id='word_1_720' title='bbox 1486 4797 1523 4838; x_wconf 90' lang='lat' dir='ltr'><strong>a</strong></span> <span class='ocrx_word' id='word_1_721' title='bbox 1562 4782 1594 4837; x_wconf 88' lang='lat' dir='ltr'><strong>b</strong></span> <span class='ocrx_word' id='word_1_722' title='bbox 1624 4798 1656 4839; x_wconf 77' lang='grc' dir='ltr'><strong>ο</strong></span> <span class='ocrx_word' id='word_1_723' title='bbox 1681 4784 1722 4838; x_wconf 90' lang='lat' dir='ltr'><strong>d</strong></span> <span class='ocrx_word' id='word_1_724' title='bbox 1755 4798 1803 4840; x_wconf 91' lang='lat' dir='ltr'><strong>e.</strong></span> <span class='ocrx_word' id='word_1_725' title='bbox 1837 4785 1917 4838; x_wconf 85' lang='lat' dir='ltr'><strong>Ex</strong></span> 
     </span>
    </p>
   </div>
   <div class='ocr_carea' id='block_1_81' title="bbox 256 4866 1916 4942">
    <p class='ocr_par' dir='ltr' id='par_1_81' title="bbox 256 4866 1916 4942">
     <span class='ocr_line' id='line_1_81' title="bbox 256 4866 1916 4942; baseline 0.003 -20"><span class='ocrx_word' id='word_1_726' title='bbox 256 4881 381 4940; x_wconf 92' lang='lat' dir='ltr'><strong>quo</strong></span> <span class='ocrx_word' id='word_1_727' title='bbox 406 4866 752 4937; x_wconf 89' lang='lat' dir='ltr'><strong>intelligitur</strong></span> <span class='ocrx_word' id='word_1_728' title='bbox 781 4866 945 4941; x_wconf 90' lang='lat' dir='ltr'><strong>ipsas</strong></span> <span class='ocrx_word' id='word_1_729' title='bbox 976 4883 1037 4923; x_wconf 92' lang='lat' dir='ltr'><strong>se</strong></span> <span class='ocrx_word' id='word_1_730' title='bbox 1065 4868 1217 4924; x_wconf 87' lang='lat' dir='ltr'><strong>inter</strong></span> <span class='ocrx_word' id='word_1_731' title='bbox 1249 4885 1311 4925; x_wconf 91' lang='lat' dir='ltr'><strong>se</strong></span> <span class='ocrx_word' id='word_1_732' title='bbox 1351 4874 1615 4942; x_wconf 89' lang='lat' dir='ltr'><strong>tangere,</strong></span> <span class='ocrx_word' id='word_1_733' title='bbox 1669 4872 1775 4927; x_wconf 91' lang='lat' dir='ltr'><strong>sed</strong></span> <span class='ocrx_word' id='word_1_734' title='bbox 1802 4872 1916 4928; x_wconf 89' lang='lat' dir='ltr'><strong>hoc</strong></span> 
     </span>
    </p>
   </div>
   <div class='ocr_carea' id='block_1_82' title="bbox 254 4954 1915 5017">
    <p class='ocr_par' dir='ltr' id='par_1_82' title="bbox 254 4954 1915 5017">
     <span class='ocr_line' id='line_1_82' title="bbox 254 4954 1915 5017; baseline 0.003 -6"><span class='ocrx_word' id='word_1_735' title='bbox 254 4954 442 5012; x_wconf 91' lang='lat' dir='ltr'><strong>modo</strong></span> <span class='ocrx_word' id='word_1_736' title='bbox 462 4954 542 5012; x_wconf 90' lang='lat' dir='ltr'><strong>ad</strong></span> <span class='ocrx_word' id='word_1_737' title='bbox 576 4955 928 5013; x_wconf 86' lang='lat' dir='ltr'><strong>circularem</strong></span> <span class='ocrx_word' id='word_1_738' title='bbox 985 4958 1441 5015; x_wconf 87' lang='lat' dir='ltr'><strong>conversionem</strong></span> <span class='ocrx_word' id='word_1_739' title='bbox 1471 4965 1528 5017; x_wconf 91' lang='lat' dir='ltr'><strong>et</strong></span> <span class='ocrx_word' id='word_1_740' title='bbox 1578 4959 1915 5017; x_wconf 88' lang='lat' dir='ltr'><strong>naturalem</strong></span> 
     </span>
    </p>
   </div>
   <div class='ocr_carea' id='block_1_83' title="bbox 254 5044 1914 5121">
    <p class='ocr_par' dir='ltr' id='par_1_83' title="bbox 254 5044 1914 5121">
     <span class='ocr_line' id='line_1_83' title="bbox 254 5044 1914 5121; baseline 0.004 -21"><span class='ocrx_word' id='word_1_741' title='bbox 254 5044 753 5102; x_wconf 87' lang='lat' dir='ltr'><strong>communionem</strong></span> <span class='ocrx_word' id='word_1_742' title='bbox 805 5061 929 5102; x_wconf 91' lang='lat' dir='ltr'><strong>non</strong></span> <span class='ocrx_word' id='word_1_743' title='bbox 958 5047 1244 5103; x_wconf 90' lang='lat' dir='ltr'><strong>revocari.</strong></span> <span class='ocrx_word' id='word_1_744' title='bbox 1273 5048 1554 5105; x_wconf 89' lang='lat' dir='ltr'><strong>Secentur</strong></span> <span class='ocrx_word' id='word_1_745' title='bbox 1602 5049 1782 5121; x_wconf 88' lang='lat' dir='ltr'><strong>itigur</strong></span> <span class='ocrx_word' id='word_1_746' title='bbox 1816 5066 1914 5105; x_wconf 89' lang='lat' dir='ltr'><strong>su-</strong></span> 
     </span>
    </p>
   </div>
   <div class='ocr_carea' id='block_1_84' title="bbox 253 5133 1911 5208">
    <p class='ocr_par' dir='ltr' id='par_1_84' title="bbox 253 5133 1911 5208">
     <span class='ocr_line' id='line_1_84' title="bbox 253 5133 1911 5208; baseline 0.003 -20"><span class='ocrx_word' id='word_1_747' title='bbox 253 5133 529 5206; x_wconf 84' lang='lat' dir='ltr'><strong>perﬁcies</strong></span> <span class='ocrx_word' id='word_1_748' title='bbox 551 5149 657 5206; x_wconf 92' lang='lat' dir='ltr'><strong>per</strong></span> <span class='ocrx_word' id='word_1_749' title='bbox 678 5138 863 5191; x_wconf 88' lang='lat' dir='ltr'><strong>totam</strong></span> <span class='ocrx_word' id='word_1_750' title='bbox 883 5133 1021 5190; x_wconf 90' lang='lat' dir='ltr'><strong>cubi</strong></span> <span class='ocrx_word' id='word_1_751' title='bbox 1046 5134 1443 5207; x_wconf 80' lang='lat' dir='ltr'><strong>altitudinem,</strong></span> <span class='ocrx_word' id='word_1_752' title='bbox 1458 5142 1513 5193; x_wconf 90' lang='lat' dir='ltr'><strong>et</strong></span> <span class='ocrx_word' id='word_1_753' title='bbox 1538 5137 1911 5208; x_wconf 84' lang='lat' dir='ltr'><strong>colligantur,</strong></span> 
     </span>
    </p>
   </div>
   <div class='ocr_carea' id='block_1_85' title="bbox 258 5221 1917 5300">
    <p class='ocr_par' dir='ltr' id='par_1_85' title="bbox 258 5221 1917 5300">
     <span class='ocr_line' id='line_1_85' title="bbox 258 5221 1917 5300; baseline 0.005 -25"><span class='ocrx_word' id='word_1_754' title='bbox 258 5221 482 5292; x_wconf 63' lang='lat' dir='ltr'><strong>aequali</strong></span> <span class='ocrx_word' id='word_1_755' title='bbox 502 5221 890 5294; x_wconf 88' lang='lat' dir='ltr'><strong>proportione</strong></span> <span class='ocrx_word' id='word_1_756' title='bbox 906 5222 1247 5291; x_wconf 86' lang='lat' dir='ltr'><strong>observata,</strong></span> <span class='ocrx_word' id='word_1_757' title='bbox 1272 5241 1482 5281; x_wconf 90' lang='lat' dir='ltr'><strong>omnes</strong></span> <span class='ocrx_word' id='word_1_758' title='bbox 1501 5227 1777 5283; x_wconf 91' lang='lat' dir='ltr'><strong>sectionis</strong></span> <span class='ocrx_word' id='word_1_759' title='bbox 1805 5242 1917 5300; x_wconf 90' lang='lat' dir='ltr'><strong>par</strong></span> 
     </span>
    </p>
   </div>
   <div class='ocr_carea' id='block_1_86' title="bbox 256 5310 1915 5383">
    <p class='ocr_par' dir='ltr' id='par_1_86' title="bbox 256 5310 1915 5383">
     <span class='ocr_line' id='line_1_86' title="bbox 256 5310 1915 5383; baseline 0.004 -17"><span class='ocrx_word' id='word_1_760' title='bbox 256 5313 366 5366; x_wconf 90' lang='lat' dir='ltr'><strong>tes.</strong></span> <span class='ocrx_word' id='word_1_761' title='bbox 402 5310 721 5383; x_wconf 82' lang='lat' dir='ltr'><strong>Expositus</strong></span> <span class='ocrx_word' id='word_1_762' title='bbox 751 5316 840 5368; x_wconf 90' lang='lat' dir='ltr'><strong>est</strong></span> <span class='ocrx_word' id='word_1_763' title='bbox 863 5311 1043 5383; x_wconf 91' lang='lat' dir='ltr'><strong>igitur</strong></span> <span class='ocrx_word' id='word_1_764' title='bbox 1072 5319 1126 5369; x_wconf 91' lang='lat' dir='ltr'><strong>et</strong></span> <span class='ocrx_word' id='word_1_765' title='bbox 1179 5313 1515 5371; x_wconf 88' lang='lat' dir='ltr'><strong>substratus</strong></span> <span class='ocrx_word' id='word_1_766' title='bbox 1563 5314 1853 5373; x_wconf 92' lang='lat' dir='ltr'><strong>diameter</strong></span> <span class='ocrx_word' id='word_1_767' title='bbox 1877 5332 1915 5372; x_wconf 89' lang='lat' dir='ltr'><strong>a</strong></span> 
     </span>
    </p>
   </div>
   <div class='ocr_carea' id='block_1_87' title="bbox 256 5398 1915 5477">
    <p class='ocr_par' dir='ltr' id='par_1_87' title="bbox 256 5398 1915 5477">
     <span class='ocr_line' id='line_1_87' title="bbox 256 5398 1915 5477; baseline 0.005 -23"><span class='ocrx_word' id='word_1_768' title='bbox 256 5398 376 5473; x_wconf 90' lang='lat' dir='ltr'><strong>ipsi</strong></span> <span class='ocrx_word' id='word_1_769' title='bbox 402 5416 452 5469; x_wconf 88' lang='lat' dir='ltr'><strong>c,</strong></span> <span class='ocrx_word' id='word_1_770' title='bbox 485 5403 543 5457; x_wconf 92' lang='lat' dir='ltr'><strong>et</strong></span> <span class='ocrx_word' id='word_1_771' title='bbox 572 5399 605 5455; x_wconf 88' lang='lat' dir='ltr'><strong>b</strong></span> <span class='ocrx_word' id='word_1_772' title='bbox 625 5399 739 5473; x_wconf 90' lang='lat' dir='ltr'><strong>ipsi</strong></span> <span class='ocrx_word' id='word_1_773' title='bbox 763 5401 824 5469; x_wconf 91' lang='lat' dir='ltr'><strong>d,</strong></span> <span class='ocrx_word' id='word_1_774' title='bbox 838 5400 1064 5473; x_wconf 86' lang='lat' dir='ltr'><strong>eteipsi</strong></span> <span class='ocrx_word' id='word_1_775' title='bbox 1075 5402 1127 5472; x_wconf 86' lang='grc' dir='ltr'><em>Γ.</em></span> <span class='ocrx_word' id='word_1_776' title='bbox 1145 5405 1283 5459; x_wconf 89' lang='lat' dir='ltr'><strong>Esto</strong></span> <span class='ocrx_word' id='word_1_777' title='bbox 1308 5402 1487 5473; x_wconf 88' lang='lat' dir='ltr'><strong>igitur</strong></span> <span class='ocrx_word' id='word_1_778' title='bbox 1500 5410 1634 5477; x_wconf 89' lang='lat' dir='ltr'><strong>post</strong></span> <span class='ocrx_word' id='word_1_779' title='bbox 1656 5406 1847 5477; x_wconf 89' lang='lat' dir='ltr'><strong>ipsam</strong></span> <span class='ocrx_word' id='word_1_780' title='bbox 1876 5422 1915 5463; x_wconf 90' lang='lat' dir='ltr'><strong>a</strong></span> 
     </span>
    </p>
   </div>
   <div class='ocr_carea' id='block_1_88' title="bbox 258 5488 1911 5566">
    <p class='ocr_par' dir='ltr' id='par_1_88' title="bbox 258 5488 1911 5566">
     <span class='ocr_line' id='line_1_88' title="bbox 258 5488 1911 5566; baseline 0.004 -22"><span class='ocrx_word' id='word_1_781' title='bbox 258 5488 445 5546; x_wconf 91' lang='lat' dir='ltr'><strong>altera</strong></span> <span class='ocrx_word' id='word_1_782' title='bbox 457 5491 517 5557; x_wconf 85' lang='grc' dir='ltr'><strong>Ιι,</strong></span> <span class='ocrx_word' id='word_1_783' title='bbox 544 5505 656 5563; x_wconf 91' lang='lat' dir='ltr'><strong>pos</strong></span> <span class='ocrx_word' id='word_1_784' title='bbox 681 5490 876 5563; x_wconf 88' lang='lat' dir='ltr'><strong>ipsam</strong></span> <span class='ocrx_word' id='word_1_785' title='bbox 900 5506 931 5547; x_wconf 78' lang='grc' dir='ltr'><strong>ε</strong></span> <span class='ocrx_word' id='word_1_786' title='bbox 952 5490 1139 5547; x_wconf 89' lang='lat' dir='ltr'><strong>altera</strong></span> <span class='ocrx_word' id='word_1_787' title='bbox 1151 5492 1208 5561; x_wconf 84' lang='lat' dir='ltr'><strong>k,</strong></span> <span class='ocrx_word' id='word_1_788' title='bbox 1230 5498 1369 5565; x_wconf 92' lang='lat' dir='ltr'><strong>post</strong></span> <span class='ocrx_word' id='word_1_789' title='bbox 1394 5495 1587 5566; x_wconf 84' lang='lat' dir='ltr'><strong>ipsam</strong></span> <span class='ocrx_word' id='word_1_790' title='bbox 1614 5494 1646 5549; x_wconf 89' lang='lat' dir='ltr'><strong><em>b</em></strong></span> <span class='ocrx_word' id='word_1_791' title='bbox 1668 5495 1853 5552; x_wconf 85' lang='lat' dir='ltr'><strong>altera</strong></span> <span class='ocrx_word' id='word_1_792' title='bbox 1869 5496 1911 5562; x_wconf 75' lang='grc' dir='ltr'><strong>ἰ,</strong></span> 
     </span>
    </p>
   </div>
   <div class='ocr_carea' id='block_1_89' title="bbox 257 5577 1918 5658">
    <p class='ocr_par' dir='ltr' id='par_1_89' title="bbox 257 5577 1918 5658">
     <span class='ocr_line' id='line_1_89' title="bbox 257 5577 1918 5658; baseline 0.004 -24"><span class='ocrx_word' id='word_1_793' title='bbox 257 5581 399 5650; x_wconf 89' lang='lat' dir='ltr'><strong>post</strong></span> <span class='ocrx_word' id='word_1_794' title='bbox 426 5577 623 5652; x_wconf 89' lang='lat' dir='ltr'><strong>ipsam</strong></span> <span class='ocrx_word' id='word_1_795' title='bbox 653 5581 696 5635; x_wconf 86' lang='lat' dir='ltr'><strong>d</strong></span> <span class='ocrx_word' id='word_1_796' title='bbox 722 5577 907 5636; x_wconf 88' lang='lat' dir='ltr'><strong>altera</strong></span> <span class='ocrx_word' id='word_1_797' title='bbox 947 5581 989 5647; x_wconf 81' lang='grc' dir='ltr'>ι,</span> <span class='ocrx_word' id='word_1_798' title='bbox 1016 5596 1129 5652; x_wconf 88' lang='lat' dir='ltr'><strong>pos</strong></span> <span class='ocrx_word' id='word_1_799' title='bbox 1151 5580 1347 5654; x_wconf 91' lang='lat' dir='ltr'><strong>ipsam</strong></span> <span class='ocrx_word' id='word_1_800' title='bbox 1380 5598 1410 5639; x_wconf 91' lang='lat' dir='ltr'><strong>e</strong></span> <span class='ocrx_word' id='word_1_801' title='bbox 1453 5582 1642 5640; x_wconf 88' lang='lat' dir='ltr'><strong>altera</strong></span> <span class='ocrx_word' id='word_1_802' title='bbox 1668 5601 1746 5655; x_wconf 89' lang='lat' dir='ltr'><strong>m,</strong></span> <span class='ocrx_word' id='word_1_803' title='bbox 1778 5591 1918 5658; x_wconf 90' lang='lat' dir='ltr'><strong>post</strong></span> 
     </span>
    </p>
   </div>
   <div class='ocr_carea' id='block_1_90' title="bbox 253 5666 1917 5752">
    <p class='ocr_par' dir='ltr' id='par_1_90' title="bbox 253 5666 1917 5752">
     <span class='ocr_line' id='line_1_90' title="bbox 253 5666 1917 5752; baseline 0.004 -23"><span class='ocrx_word' id='word_1_804' title='bbox 253 5666 458 5744; x_wconf 88' lang='lat' dir='ltr'><strong>ipsam</strong></span> <span class='ocrx_word' id='word_1_805' title='bbox 467 5669 509 5740; x_wconf 88' lang='grc' dir='ltr'><strong>Γ</strong></span> <span class='ocrx_word' id='word_1_806' title='bbox 522 5667 708 5727; x_wconf 87' lang='lat' dir='ltr'><strong>altera</strong></span> <span class='ocrx_word' id='word_1_807' title='bbox 727 5684 793 5736; x_wconf 83' lang='grc' dir='ltr'>η,</span> <span class='ocrx_word' id='word_1_808' title='bbox 813 5684 1022 5733; x_wconf 83' lang='lat' dir='ltr'><strong>rursus</strong></span> <span class='ocrx_word' id='word_1_809' title='bbox 1050 5674 1189 5743; x_wconf 88' lang='lat' dir='ltr'><strong>post</strong></span> <span class='ocrx_word' id='word_1_810' title='bbox 1204 5670 1408 5752; x_wconf 86' lang='lat' dir='ltr'><strong>ipsam</strong></span> <span class='ocrx_word' id='word_1_811' title='bbox 1432 5672 1473 5730; x_wconf 85' lang='grc' dir='ltr'>Ιι</span> <span class='ocrx_word' id='word_1_812' title='bbox 1492 5671 1677 5732; x_wconf 90' lang='lat' dir='ltr'><strong>altera</strong></span> <span class='ocrx_word' id='word_1_813' title='bbox 1701 5690 1755 5745; x_wconf 89' lang='grc' dir='ltr'>ο,</span> <span class='ocrx_word' id='word_1_814' title='bbox 1776 5675 1917 5747; x_wconf 81' lang='lat' dir='ltr'><strong>post</strong></span> 
     </span>
    </p>
   </div>
   <div class='ocr_carea' id='block_1_91' title="bbox 2026 3082 3684 3158">
    <p class='ocr_par' dir='ltr' id='par_1_91' title="bbox 2026 3082 3684 3158">
     <span class='ocr_line' id='line_1_91' title="bbox 2026 3082 3684 3158; baseline -0.002 -17"><span class='ocrx_word' id='word_1_815' title='bbox 2026 3089 2210 3141; x_wconf 83' lang='lat' dir='ltr'><strong>terat.</strong></span> <span class='ocrx_word' id='word_1_816' title='bbox 2247 3089 2601 3157; x_wconf 88' lang='lat' dir='ltr'><strong>Apponatur</strong></span> <span class='ocrx_word' id='word_1_817' title='bbox 2628 3084 2808 3155; x_wconf 84' lang='lat' dir='ltr'><strong>igitur</strong></span> <span class='ocrx_word' id='word_1_818' title='bbox 2836 3084 2972 3158; x_wconf 89' lang='lat' dir='ltr'><strong>ipsa</strong></span> <span class='ocrx_word' id='word_1_819' title='bbox 2991 3099 3027 3141; x_wconf 88' lang='lat' dir='ltr'><strong>a</strong></span> <span class='ocrx_word' id='word_1_820' title='bbox 3059 3082 3394 3157; x_wconf 83' lang='lat' dir='ltr'><strong>superﬁciei</strong></span> <span class='ocrx_word' id='word_1_821' title='bbox 3423 3084 3455 3140; x_wconf 88' lang='lat' dir='ltr'><strong>b</strong></span> <span class='ocrx_word' id='word_1_822' title='bbox 3486 3099 3518 3140; x_wconf 90' lang='lat' dir='ltr'><strong>c</strong></span> <span class='ocrx_word' id='word_1_823' title='bbox 3538 3098 3563 3141; x_wconf 85' lang='lat'><strong>.&#39;</strong></span> <span class='ocrx_word' id='word_1_824' title='bbox 3593 3098 3684 3139; x_wconf 87' lang='lat' dir='ltr'><strong>se-</strong></span> 
     </span>
    </p>
   </div>
   <div class='ocr_carea' id='block_1_92' title="bbox 2027 3172 3685 3248">
    <p class='ocr_par' dir='ltr' id='par_1_92' title="bbox 2027 3172 3685 3248">
     <span class='ocr_line' id='line_1_92' title="bbox 2027 3172 3685 3248; baseline -0.001 -18"><span class='ocrx_word' id='word_1_825' title='bbox 2027 3185 2192 3231; x_wconf 79' lang='lat' dir='ltr'><strong>cetur</strong></span> <span class='ocrx_word' id='word_1_826' title='bbox 2221 3190 2363 3231; x_wconf 88' lang='lat' dir='ltr'><strong>vero</strong></span> <span class='ocrx_word' id='word_1_827' title='bbox 2382 3174 2443 3230; x_wconf 89' lang='lat' dir='ltr'><strong>in</strong></span> <span class='ocrx_word' id='word_1_828' title='bbox 2473 3173 2755 3230; x_wconf 91' lang='lat' dir='ltr'><strong>undecim</strong></span> <span class='ocrx_word' id='word_1_829' title='bbox 2794 3178 3013 3248; x_wconf 90' lang='lat' dir='ltr'><strong>partes.</strong></span> <span class='ocrx_word' id='word_1_830' title='bbox 3038 3173 3262 3232; x_wconf 89' lang='lat' dir='ltr'><strong>Eodem</strong></span> <span class='ocrx_word' id='word_1_831' title='bbox 3285 3172 3467 3230; x_wconf 91' lang='lat' dir='ltr'><strong>modo</strong></span> <span class='ocrx_word' id='word_1_832' title='bbox 3485 3173 3625 3246; x_wconf 89' lang='lat' dir='ltr'><strong>ipsa</strong></span> <span class='ocrx_word' id='word_1_833' title='bbox 3642 3172 3685 3229; x_wconf 88' lang='lat' dir='ltr'><strong>d</strong></span> 
     </span>
    </p>
   </div>
   <div class='ocr_carea' id='block_1_93' title="bbox 2029 3261 3686 3337">
    <p class='ocr_par' dir='ltr' id='par_1_93' title="bbox 2029 3261 3686 3337">
     <span class='ocr_line' id='line_1_93' title="bbox 2029 3261 3686 3337; baseline 0.001 -19"><span class='ocrx_word' id='word_1_834' title='bbox 2029 3263 2363 3336; x_wconf 84' lang='lat' dir='ltr'><strong>superﬁciei</strong></span> <span class='ocrx_word' id='word_1_835' title='bbox 2383 3279 2421 3320; x_wconf 89' lang='lat' dir='ltr'><strong>a</strong></span> <span class='ocrx_word' id='word_1_836' title='bbox 2446 3278 2485 3319; x_wconf 91' lang='lat' dir='ltr'><strong>a</strong></span> <span class='ocrx_word' id='word_1_837' title='bbox 2522 3267 2883 3336; x_wconf 88' lang='lat' dir='ltr'><strong>apponatur,</strong></span> <span class='ocrx_word' id='word_1_838' title='bbox 2912 3268 2970 3321; x_wconf 92' lang='lat' dir='ltr'><strong>et</strong></span> <span class='ocrx_word' id='word_1_839' title='bbox 2995 3263 3365 3337; x_wconf 91' lang='lat' dir='ltr'><strong>reliquarum</strong></span> <span class='ocrx_word' id='word_1_840' title='bbox 3403 3261 3686 3337; x_wconf 72' lang='lat' dir='ltr'><strong>quaelibet</strong></span> 
     </span>
    </p>
   </div>
   <div class='ocr_carea' id='block_1_94' title="bbox 2029 3350 3683 3425">
    <p class='ocr_par' dir='ltr' id='par_1_94' title="bbox 2029 3350 3683 3425">
     <span class='ocr_line' id='line_1_94' title="bbox 2029 3350 3683 3425; baseline 0.001 -18"><span class='ocrx_word' id='word_1_841' title='bbox 2029 3351 2215 3409; x_wconf 88' lang='lat' dir='ltr'><strong>altera</strong></span> <span class='ocrx_word' id='word_1_842' title='bbox 2244 3352 2408 3409; x_wconf 90' lang='lat' dir='ltr'><strong>alteri</strong></span> <span class='ocrx_word' id='word_1_843' title='bbox 2435 3352 2712 3425; x_wconf 90' lang='lat' dir='ltr'><strong>apposita</strong></span> <span class='ocrx_word' id='word_1_844' title='bbox 2735 3352 3004 3409; x_wconf 88' lang='lat' dir='ltr'><strong>similiter</strong></span> <span class='ocrx_word' id='word_1_845' title='bbox 3042 3356 3273 3410; x_wconf 87' lang='lat' dir='ltr'><strong>secetur</strong></span> <span class='ocrx_word' id='word_1_846' title='bbox 3308 3351 3370 3409; x_wconf 93' lang='lat' dir='ltr'><strong>in</strong></span> <span class='ocrx_word' id='word_1_847' title='bbox 3398 3350 3683 3409; x_wconf 89' lang='lat' dir='ltr'><strong>undecim</strong></span> 
     </span>
    </p>
   </div>
   <div class='ocr_carea' id='block_1_95' title="bbox 2026 3441 3683 3514">
    <p class='ocr_par' dir='ltr' id='par_1_95' title="bbox 2026 3441 3683 3514">
     <span class='ocr_line' id='line_1_95' title="bbox 2026 3441 3683 3514; baseline -0.001 -16"><span class='ocrx_word' id='word_1_848' title='bbox 2026 3447 2226 3514; x_wconf 89' lang='lat' dir='ltr'><strong>partes</strong></span> <span class='ocrx_word' id='word_1_849' title='bbox 2249 3456 2470 3514; x_wconf 89' lang='lat' dir='ltr'><strong>nempe</strong></span> <span class='ocrx_word' id='word_1_850' title='bbox 2509 3457 2545 3498; x_wconf 92' lang='lat' dir='ltr'><strong>a</strong></span> <span class='ocrx_word' id='word_1_851' title='bbox 2569 3442 2599 3497; x_wconf 90' lang='lat' dir='ltr'><strong>b</strong></span> <span class='ocrx_word' id='word_1_852' title='bbox 2636 3458 2667 3499; x_wconf 88' lang='lat' dir='ltr'><strong>c</strong></span> <span class='ocrx_word' id='word_1_853' title='bbox 2694 3442 2737 3498; x_wconf 87' lang='lat' dir='ltr'><strong>d</strong></span> <span class='ocrx_word' id='word_1_854' title='bbox 2759 3457 2789 3499; x_wconf 87' lang='lat' dir='ltr'><strong>e</strong></span> <span class='ocrx_word' id='word_1_855' title='bbox 2815 3442 2867 3512; x_wconf 88' lang='grc' dir='ltr'><em>Γ.</em></span> <span class='ocrx_word' id='word_1_856' title='bbox 2910 3441 3134 3499; x_wconf 92' lang='lat' dir='ltr'><strong>Deinde</strong></span> <span class='ocrx_word' id='word_1_857' title='bbox 3164 3443 3205 3499; x_wconf 82' lang='grc' dir='ltr'>Ιι</span> <span class='ocrx_word' id='word_1_858' title='bbox 3242 3443 3327 3513; x_wconf 80' lang='lat' dir='ltr'><strong>iﬂ</strong></span> <span class='ocrx_word' id='word_1_859' title='bbox 3357 3443 3380 3499; x_wconf 88' lang='grc' dir='ltr'><strong>ι</strong></span> <span class='ocrx_word' id='word_1_860' title='bbox 3424 3458 3483 3500; x_wconf 85' lang='lat' dir='ltr'><strong>m</strong></span> <span class='ocrx_word' id='word_1_861' title='bbox 3511 3458 3554 3498; x_wconf 81' lang='grc' dir='ltr'><strong>η</strong></span> <span class='ocrx_word' id='word_1_862' title='bbox 3584 3456 3683 3497; x_wconf 79' lang='lat' dir='ltr'><strong>se—</strong></span> 
     </span>
    </p>
   </div>
   <div class='ocr_carea' id='block_1_96' title="bbox 2027 3531 3683 3605">
    <p class='ocr_par' dir='ltr' id='par_1_96' title="bbox 2027 3531 3683 3605">
     <span class='ocr_line' id='line_1_96' title="bbox 2027 3531 3683 3605; baseline 0.001 -19"><span class='ocrx_word' id='word_1_863' title='bbox 2027 3536 2236 3587; x_wconf 90' lang='lat' dir='ltr'><strong>centur</strong></span> <span class='ocrx_word' id='word_1_864' title='bbox 2263 3531 2323 3587; x_wconf 90' lang='lat' dir='ltr'><strong>in</strong></span> <span class='ocrx_word' id='word_1_865' title='bbox 2363 3547 2576 3588; x_wconf 86' lang='lat' dir='ltr'><strong>novem</strong></span> <span class='ocrx_word' id='word_1_866' title='bbox 2602 3536 2823 3605; x_wconf 90' lang='lat' dir='ltr'><strong>partes.</strong></span> <span class='ocrx_word' id='word_1_867' title='bbox 2867 3532 3178 3589; x_wconf 89' lang='lat' dir='ltr'><strong>Postremo</strong></span> <span class='ocrx_word' id='word_1_868' title='bbox 3215 3548 3249 3589; x_wconf 94' lang='lat' dir='ltr'><strong>o</strong></span> <span class='ocrx_word' id='word_1_869' title='bbox 3282 3548 3328 3603; x_wconf 74' lang='grc' dir='ltr'><strong>ρ</strong></span> <span class='ocrx_word' id='word_1_870' title='bbox 3352 3548 3389 3604; x_wconf 82' lang='lat' dir='ltr'><strong>q</strong></span> <span class='ocrx_word' id='word_1_871' title='bbox 3419 3548 3453 3588; x_wconf 80' lang='grc' dir='ltr'><strong>ν</strong></span> <span class='ocrx_word' id='word_1_872' title='bbox 3474 3547 3502 3588; x_wconf 78' lang='grc' dir='ltr'><strong>,ς</strong></span> <span class='ocrx_word' id='word_1_873' title='bbox 3533 3536 3555 3586; x_wconf 84' lang='grc' dir='ltr'><strong>ι</strong></span> <span class='ocrx_word' id='word_1_874' title='bbox 3594 3546 3683 3588; x_wconf 89' lang='lat' dir='ltr'><strong>se-</strong></span> 
     </span>
    </p>
   </div>
   <div class='ocr_carea' id='block_1_97' title="bbox 2028 3620 3682 3693">
    <p class='ocr_par' dir='ltr' id='par_1_97' title="bbox 2028 3620 3682 3693">
     <span class='ocr_line' id='line_1_97' title="bbox 2028 3620 3682 3693; baseline 0.001 -18"><span class='ocrx_word' id='word_1_875' title='bbox 2028 3625 2237 3676; x_wconf 89' lang='lat' dir='ltr'><strong>centur</strong></span> <span class='ocrx_word' id='word_1_876' title='bbox 2260 3620 2322 3675; x_wconf 90' lang='lat' dir='ltr'><strong>in</strong></span> <span class='ocrx_word' id='word_1_877' title='bbox 2352 3625 2581 3692; x_wconf 88' lang='lat' dir='ltr'><strong>septem</strong></span> <span class='ocrx_word' id='word_1_878' title='bbox 2606 3626 2806 3686; x_wconf 88' lang='lat' dir='ltr'><strong>partes</strong></span> <span class='ocrx_word' id='word_1_879' title='bbox 2836 3636 2907 3678; x_wconf 91' lang='lat' dir='ltr'><strong>ac</strong></span> <span class='ocrx_word' id='word_1_880' title='bbox 2945 3620 3020 3676; x_wconf 91' lang='lat' dir='ltr'><strong>de</strong></span> <span class='ocrx_word' id='word_1_881' title='bbox 3072 3621 3304 3693; x_wconf 89' lang='lat' dir='ltr'><strong>integro</strong></span> <span class='ocrx_word' id='word_1_882' title='bbox 3352 3635 3682 3691; x_wconf 79' lang='lat' dir='ltr'><strong>coagmen-</strong></span> 
     </span>
    </p>
   </div>
   <div class='ocr_carea' id='block_1_98' title="bbox 2025 3708 3681 3783">
    <p class='ocr_par' dir='ltr' id='par_1_98' title="bbox 2025 3708 3681 3783">
     <span class='ocr_line' id='line_1_98' title="bbox 2025 3708 3681 3783; baseline 0 -18"><span class='ocrx_word' id='word_1_883' title='bbox 2025 3712 2223 3766; x_wconf 89' lang='lat' dir='ltr'><strong>tentur</strong></span> <span class='ocrx_word' id='word_1_884' title='bbox 2242 3709 2386 3781; x_wconf 67' lang='lat' dir='ltr'><strong>ipsae</strong></span> <span class='ocrx_word' id='word_1_885' title='bbox 2412 3714 2612 3781; x_wconf 89' lang='lat' dir='ltr'><strong>partes</strong></span> <span class='ocrx_word' id='word_1_886' title='bbox 2644 3708 2800 3766; x_wconf 89' lang='lat' dir='ltr'><strong>facto</strong></span> <span class='ocrx_word' id='word_1_887' title='bbox 2822 3708 2987 3767; x_wconf 89' lang='lat' dir='ltr'><strong>initio</strong></span> <span class='ocrx_word' id='word_1_888' title='bbox 3011 3725 3048 3765; x_wconf 89' lang='lat' dir='ltr'><strong>a</strong></span> <span class='ocrx_word' id='word_1_889' title='bbox 3077 3709 3413 3783; x_wconf 86' lang='lat' dir='ltr'><strong>postremis,</strong></span> <span class='ocrx_word' id='word_1_890' title='bbox 3444 3714 3681 3768; x_wconf 87' lang='lat' dir='ltr'><strong>contra-</strong></span> 
     </span>
    </p>
   </div>
   <div class='ocr_carea' id='block_1_99' title="bbox 2024 3797 3678 3871">
    <p class='ocr_par' dir='ltr' id='par_1_99' title="bbox 2024 3797 3678 3871">
     <span class='ocr_line' id='line_1_99' title="bbox 2024 3797 3678 3871; baseline 0 -17"><span class='ocrx_word' id='word_1_891' title='bbox 2024 3797 2680 3857; x_wconf 88' lang='lat' dir='ltr'><strong>rioetinversoordine.</strong></span> <span class='ocrx_word' id='word_1_892' title='bbox 2715 3798 2724 3869; x_wconf 98' lang='lat'><strong><em>|</em></strong></span> <span class='ocrx_word' id='word_1_893' title='bbox 2757 3805 2860 3855; x_wconf 63' lang='grc' dir='ltr'><strong>ολ.</strong></span> <span class='ocrx_word' id='word_1_894' title='bbox 2896 3798 2905 3871; x_wconf 92' lang='lat'><strong><em>|</em></strong></span> <span class='ocrx_word' id='word_1_895' title='bbox 2935 3814 3051 3868; x_wconf 85' lang='lat' dir='ltr'><strong>p.s.</strong></span> <span class='ocrx_word' id='word_1_896' title='bbox 3084 3798 3095 3870; x_wconf 88' lang='lat' dir='ltr'>l</span> <span class='ocrx_word' id='word_1_897' title='bbox 3136 3814 3258 3869; x_wconf 82' lang='lat' dir='ltr'><strong>p.r.</strong></span> <span class='ocrx_word' id='word_1_898' title='bbox 3293 3799 3302 3869; x_wconf 87' lang='grc' dir='ltr'><strong>Ι</strong></span> <span class='ocrx_word' id='word_1_899' title='bbox 3347 3799 3472 3855; x_wconf 83' lang='grc' dir='ltr'>Ιι.η.</span> <span class='ocrx_word' id='word_1_900' title='bbox 3508 3798 3519 3871; x_wconf 94' lang='lat'><strong><em>|</em></strong></span> <span class='ocrx_word' id='word_1_901' title='bbox 3551 3800 3678 3855; x_wconf 68' lang='lat' dir='ltr'><strong>11m.</strong></span> 
     </span>
    </p>
   </div>
   <div class='ocr_carea' id='block_1_100' title="bbox 2054 3885 3680 3960">
    <p class='ocr_par' dir='ltr' id='par_1_100' title="bbox 2054 3885 3680 3960">
     <span class='ocr_line' id='line_1_100' title="bbox 2054 3885 3680 3960; baseline 0 -18"><span class='ocrx_word' id='word_1_902' title='bbox 2054 3886 2065 3960; x_wconf 71' lang='grc' dir='ltr'><strong>Ι</strong></span> <span class='ocrx_word' id='word_1_903' title='bbox 2134 3886 2261 3943; x_wconf 82' lang='grc' dir='ltr'>Ιι.ι</span> <span class='ocrx_word' id='word_1_904' title='bbox 2317 3888 2327 3957; x_wconf 92' lang='lat'><strong><em>|</em></strong></span> <span class='ocrx_word' id='word_1_905' title='bbox 2385 3902 2517 3944; x_wconf 88' lang='lat' dir='ltr'><strong>a.c.</strong></span> <span class='ocrx_word' id='word_1_906' title='bbox 2575 3902 2585 3957; x_wconf 81' lang='grc' dir='ltr'><strong>ι</strong></span> <span class='ocrx_word' id='word_1_907' title='bbox 2648 3886 2794 3957; x_wconf 86' lang='lat' dir='ltr'><strong>b,d.</strong></span> <span class='ocrx_word' id='word_1_908' title='bbox 2851 3887 2862 3959; x_wconf 95' lang='lat'><strong><em>|</em></strong></span> <span class='ocrx_word' id='word_1_909' title='bbox 2912 3902 2960 3944; x_wconf 89' lang='lat' dir='ltr'><strong>e.</strong></span> <span class='ocrx_word' id='word_1_910' title='bbox 2983 3888 3347 3960; x_wconf 83' lang='lat' dir='ltr'><strong>f.—Atque</strong></span> <span class='ocrx_word' id='word_1_911' title='bbox 3374 3887 3459 3944; x_wconf 90' lang='lat' dir='ltr'><strong>ita</strong></span> <span class='ocrx_word' id='word_1_912' title='bbox 3486 3885 3680 3943; x_wconf 89' lang='lat' dir='ltr'><strong>cubus</strong></span> 
     </span>
    </p>
   </div>
   <div class='ocr_carea' id='block_1_101' title="bbox 2026 3976 3682 4049">
    <p class='ocr_par' dir='ltr' id='par_1_101' title="bbox 2026 3976 3682 4049">
     <span class='ocr_line' id='line_1_101' title="bbox 2026 3976 3682 4049; baseline 0 -16"><span class='ocrx_word' id='word_1_913' title='bbox 2026 3983 2222 4033; x_wconf 87' lang='lat' dir='ltr'><strong>sectus</strong></span> <span class='ocrx_word' id='word_1_914' title='bbox 2293 3976 2599 4032; x_wconf 89' lang='lat' dir='ltr'><strong>restitutus</strong></span> <span class='ocrx_word' id='word_1_915' title='bbox 2637 3982 2742 4033; x_wconf 89' lang='lat' dir='ltr'><strong>est.</strong></span> <span class='ocrx_word' id='word_1_916' title='bbox 2786 3980 2935 4035; x_wconf 89' lang='lat' dir='ltr'><strong>Cum</strong></span> <span class='ocrx_word' id='word_1_917' title='bbox 2972 3976 3150 4049; x_wconf 88' lang='lat' dir='ltr'><strong>igitur</strong></span> <span class='ocrx_word' id='word_1_918' title='bbox 3183 3982 3440 4043; x_wconf 88' lang='lat' dir='ltr'><strong>secatur,</strong></span> <span class='ocrx_word' id='word_1_919' title='bbox 3489 3976 3682 4033; x_wconf 90' lang='lat' dir='ltr'><strong>cubus</strong></span> 
     </span>
    </p>
   </div>
   <div class='ocr_carea' id='block_1_102' title="bbox 2024 4067 3677 4139">
    <p class='ocr_par' dir='ltr' id='par_1_102' title="bbox 2024 4067 3677 4139">
     <span class='ocr_line' id='line_1_102' title="bbox 2024 4067 3677 4139; baseline -0.001 -16"><span class='ocrx_word' id='word_1_920' title='bbox 2024 4067 2336 4138; x_wconf 89' lang='lat' dir='ltr'><strong>reperitur,</strong></span> <span class='ocrx_word' id='word_1_921' title='bbox 2351 4070 2556 4122; x_wconf 92' lang='lat' dir='ltr'><strong>etcum</strong></span> <span class='ocrx_word' id='word_1_922' title='bbox 2571 4067 3018 4139; x_wconf 90' lang='lat' dir='ltr'><strong>componituret</strong></span> <span class='ocrx_word' id='word_1_923' title='bbox 3038 4070 3514 4138; x_wconf 86' lang='lat' dir='ltr'><strong>coagmentatur,</strong></span> <span class='ocrx_word' id='word_1_924' title='bbox 3544 4081 3677 4123; x_wconf 89' lang='lat' dir='ltr'><strong>rur-</strong></span> 
     </span>
    </p>
   </div>
   <div class='ocr_carea' id='block_1_103' title="bbox 2027 4154 3679 4227">
    <p class='ocr_par' dir='ltr' id='par_1_103' title="bbox 2027 4154 3679 4227">
     <span class='ocr_line' id='line_1_103' title="bbox 2027 4154 3679 4227; baseline 0.001 -16"><span class='ocrx_word' id='word_1_925' title='bbox 2027 4172 2129 4211; x_wconf 90' lang='lat' dir='ltr'><strong>sus</strong></span> <span class='ocrx_word' id='word_1_926' title='bbox 2144 4154 2335 4211; x_wconf 88' lang='lat' dir='ltr'><strong>cubus</strong></span> <span class='ocrx_word' id='word_1_927' title='bbox 2347 4156 2658 4227; x_wconf 87' lang='lat' dir='ltr'><strong>reperitur.</strong></span> <span class='ocrx_word' id='word_1_928' title='bbox 2682 4157 2751 4212; x_wconf 94' lang='lat' dir='ltr'><strong>Ut</strong></span> <span class='ocrx_word' id='word_1_929' title='bbox 2763 4171 2801 4212; x_wconf 92' lang='lat' dir='ltr'><strong>a</strong></span> <span class='ocrx_word' id='word_1_930' title='bbox 2813 4155 2846 4210; x_wconf 90' lang='lat' dir='ltr'><strong>b</strong></span> <span class='ocrx_word' id='word_1_931' title='bbox 2862 4156 3024 4227; x_wconf 66' lang='grc' dir='ltr'>σάς]</span> <span class='ocrx_word' id='word_1_932' title='bbox 3040 4172 3103 4212; x_wconf 91' lang='lat' dir='ltr'><strong>se</strong></span> <span class='ocrx_word' id='word_1_933' title='bbox 3130 4154 3316 4213; x_wconf 89' lang='lat' dir='ltr'><strong>habet</strong></span> <span class='ocrx_word' id='word_1_934' title='bbox 3326 4155 3404 4211; x_wconf 90' lang='lat' dir='ltr'><strong>ad</strong></span> <span class='ocrx_word' id='word_1_935' title='bbox 3423 4156 3463 4212; x_wconf 87' lang='grc' dir='ltr'>Ιι</span> <span class='ocrx_word' id='word_1_936' title='bbox 3478 4156 3601 4212; x_wconf 70' lang='lat' dir='ltr'><strong>itm</strong></span> <span class='ocrx_word' id='word_1_937' title='bbox 3614 4171 3679 4227; x_wconf 83' lang='grc' dir='ltr'>η,</span> 
     </span>
    </p>
   </div>
   <div class='ocr_carea' id='block_1_104' title="bbox 2028 4243 3681 4318">
    <p class='ocr_par' dir='ltr' id='par_1_104' title="bbox 2028 4243 3681 4318">
     <span class='ocr_line' id='line_1_104' title="bbox 2028 4243 3681 4318; baseline 0 -17"><span class='ocrx_word' id='word_1_938' title='bbox 2028 4245 2113 4301; x_wconf 91' lang='lat' dir='ltr'><strong>sic</strong></span> <span class='ocrx_word' id='word_1_939' title='bbox 2140 4244 2175 4300; x_wconf 90' lang='lat' dir='ltr'><strong>h</strong></span> <span class='ocrx_word' id='word_1_940' title='bbox 2206 4245 2229 4299; x_wconf 76' lang='grc' dir='ltr'><strong><em>ἱ</em></strong></span> <span class='ocrx_word' id='word_1_941' title='bbox 2255 4245 2291 4301; x_wconf 84' lang='lat' dir='ltr'><em>k</em></span> <span class='ocrx_word' id='word_1_942' title='bbox 2322 4244 2417 4300; x_wconf 82' lang='lat' dir='ltr'><strong>lm</strong></span> <span class='ocrx_word' id='word_1_943' title='bbox 2440 4243 2575 4299; x_wconf 85' lang='lat' dir='ltr'><strong>nad</strong></span> <span class='ocrx_word' id='word_1_944' title='bbox 2599 4244 2683 4299; x_wconf 84' lang='lat' dir='ltr'><strong>ob</strong></span> <span class='ocrx_word' id='word_1_945' title='bbox 2710 4261 2801 4316; x_wconf 81' lang='lat' dir='ltr'><strong>qr</strong></span> <span class='ocrx_word' id='word_1_946' title='bbox 2830 4251 2915 4301; x_wconf 82' lang='lat' dir='ltr'><strong>st:</strong></span> <span class='ocrx_word' id='word_1_947' title='bbox 2945 4245 3030 4300; x_wconf 92' lang='lat' dir='ltr'><strong>sic</strong></span> <span class='ocrx_word' id='word_1_948' title='bbox 3056 4248 3119 4301; x_wconf 89' lang='lat' dir='ltr'><strong>ut</strong></span> <span class='ocrx_word' id='word_1_949' title='bbox 3148 4244 3334 4301; x_wconf 88' lang='lat' dir='ltr'><strong>altera</strong></span> <span class='ocrx_word' id='word_1_950' title='bbox 3354 4260 3496 4318; x_wconf 92' lang='lat' dir='ltr'><strong>pars</strong></span> <span class='ocrx_word' id='word_1_951' title='bbox 3517 4243 3681 4301; x_wconf 91' lang='lat' dir='ltr'><strong>alieri</strong></span> 
     </span>
    </p>
   </div>
   <div class='ocr_carea' id='block_1_105' title="bbox 1946 4333 3679 4423">
    <p class='ocr_par' dir='ltr' id='par_1_105' title="bbox 1946 4333 3679 4423">
     <span class='ocr_line' id='line_1_105' title="bbox 1946 4333 3679 4423; baseline -0.001 -33"><span class='ocrx_word' id='word_1_952' title='bbox 1946 4370 1990 4423; x_wconf 70' lang='grc' dir='ltr'>ο</span> <span class='ocrx_word' id='word_1_953' title='bbox 2029 4351 2166 4390; x_wconf 91' lang='lat' dir='ltr'><strong>cum</strong></span> <span class='ocrx_word' id='word_1_954' title='bbox 2190 4334 2574 4407; x_wconf 88' lang='lat' dir='ltr'><strong>proportione</strong></span> <span class='ocrx_word' id='word_1_955' title='bbox 2599 4333 2868 4389; x_wconf 86' lang='lat' dir='ltr'><strong>excellat.</strong></span> <span class='ocrx_word' id='word_1_956' title='bbox 2894 4334 3065 4400; x_wconf 87' lang='lat' dir='ltr'><strong>Quod</strong></span> <span class='ocrx_word' id='word_1_957' title='bbox 3079 4334 3345 4423; x_wconf 80' lang='lat' dir='ltr'><strong>siquisin</strong></span> <span class='ocrx_word' id='word_1_958' title='bbox 3361 4333 3565 4423; x_wconf 84' lang='lat' dir='ltr'><strong>plures</strong></span> <span class='ocrx_word' id='word_1_959' title='bbox 3589 4350 3679 4390; x_wconf 74' lang='lat' dir='ltr'><strong>se~</strong></span> 
     </span>
    </p>
   </div>
   <div class='ocr_carea' id='block_1_106' title="bbox 2028 4417 3677 4493">
    <p class='ocr_par' dir='ltr' id='par_1_106' title="bbox 2028 4417 3677 4493">
     <span class='ocr_line' id='line_1_106' title="bbox 2028 4417 3677 4493; baseline -0.002 -15"><span class='ocrx_word' id='word_1_960' title='bbox 2028 4427 2254 4478; x_wconf 77' lang='lat' dir='ltr'><strong>ctiones</strong></span> <span class='ocrx_word' id='word_1_961' title='bbox 2285 4422 2682 4482; x_wconf 85' lang='lat' dir='ltr'><strong>autminores,</strong></span> <span class='ocrx_word' id='word_1_962' title='bbox 2699 4422 3025 4479; x_wconf 88' lang='lat' dir='ltr'><strong>observata</strong></span> <span class='ocrx_word' id='word_1_963' title='bbox 3035 4421 3249 4479; x_wconf 91' lang='lat' dir='ltr'><strong>eadem</strong></span> <span class='ocrx_word' id='word_1_964' title='bbox 3267 4417 3677 4493; x_wconf 90' lang='lat' dir='ltr'><strong>proportione,</strong></span> 
     </span>
    </p>
   </div>
   <div class='ocr_carea' id='block_1_107' title="bbox 2027 4508 3679 4584">
    <p class='ocr_par' dir='ltr' id='par_1_107' title="bbox 2027 4508 3679 4584">
     <span class='ocr_line' id='line_1_107' title="bbox 2027 4508 3679 4584; baseline -0.002 -16"><span class='ocrx_word' id='word_1_965' title='bbox 2027 4511 2253 4569; x_wconf 88' lang='lat' dir='ltr'><strong>cubum</strong></span> <span class='ocrx_word' id='word_1_966' title='bbox 2293 4526 2494 4566; x_wconf 87' lang='lat' dir='ltr'><strong>secare</strong></span> <span class='ocrx_word' id='word_1_967' title='bbox 2522 4509 2910 4567; x_wconf 89' lang='lat' dir='ltr'><strong>incontinuas</strong></span> <span class='ocrx_word' id='word_1_968' title='bbox 2953 4510 3302 4584; x_wconf 85' lang='lat' dir='ltr'><strong>superﬁcies</strong></span> <span class='ocrx_word' id='word_1_969' title='bbox 3339 4508 3679 4578; x_wconf 89' lang='lat' dir='ltr'><strong>conabitur,</strong></span> 
     </span>
    </p>
   </div>
   <div class='ocr_carea' id='block_1_108' title="bbox 2026 4598 3535 4672">
    <p class='ocr_par' dir='ltr' id='par_1_108' title="bbox 2026 4598 3535 4672">
     <span class='ocr_line' id='line_1_108' title="bbox 2026 4598 3535 4672; baseline -0.003 -15"><span class='ocrx_word' id='word_1_970' title='bbox 2026 4600 2121 4657; x_wconf 91' lang='lat' dir='ltr'><strong>hic</strong></span> <span class='ocrx_word' id='word_1_971' title='bbox 2140 4599 2358 4656; x_wconf 89' lang='lat' dir='ltr'><strong>ilsdem</strong></span> <span class='ocrx_word' id='word_1_972' title='bbox 2388 4599 2635 4672; x_wconf 87' lang='lat' dir='ltr'><strong>repertis</strong></span> <span class='ocrx_word' id='word_1_973' title='bbox 2660 4617 2673 4667; x_wconf 92' lang='lat'><strong>;</strong></span> <span class='ocrx_word' id='word_1_974' title='bbox 2697 4600 2901 4671; x_wconf 90' lang='lat' dir='ltr'><strong>ipsum</strong></span> <span class='ocrx_word' id='word_1_975' title='bbox 2931 4600 3083 4657; x_wconf 87' lang='lat' dir='ltr'><strong>sinet</strong></span> <span class='ocrx_word' id='word_1_976' title='bbox 3122 4616 3251 4657; x_wconf 90' lang='lat' dir='ltr'><strong>esse</strong></span> <span class='ocrx_word' id='word_1_977' title='bbox 3290 4598 3535 4655; x_wconf 89' lang='lat' dir='ltr'><strong>cubum.</strong></span> 
     </span>
    </p>
   </div>
   <div class='ocr_carea' id='block_1_109' title="bbox 2100 4685 3679 4762">
    <p class='ocr_par' dir='ltr' id='par_1_109' title="bbox 2100 4685 3679 4762">
     <span class='ocr_line' id='line_1_109' title="bbox 2100 4685 3679 4762; baseline -0.002 -17"><span class='ocrx_word' id='word_1_978' title='bbox 2100 4694 2150 4745; x_wconf 88' lang='lat'><strong>5.</strong></span> <span class='ocrx_word' id='word_1_979' title='bbox 2182 4688 2575 4745; x_wconf 87' lang='lat' dir='ltr'><strong>Probavimus</strong></span> <span class='ocrx_word' id='word_1_980' title='bbox 2604 4686 2804 4758; x_wconf 88' lang='lat' dir='ltr'><strong>igitur,</strong></span> <span class='ocrx_word' id='word_1_981' title='bbox 2837 4694 2901 4744; x_wconf 91' lang='lat' dir='ltr'><strong>ut</strong></span> <span class='ocrx_word' id='word_1_982' title='bbox 2924 4689 3259 4762; x_wconf 81' lang='lat' dir='ltr'><strong>oportebat,</strong></span> <span class='ocrx_word' id='word_1_983' title='bbox 3291 4688 3355 4744; x_wconf 90' lang='lat' dir='ltr'><strong>in</strong></span> <span class='ocrx_word' id='word_1_984' title='bbox 3384 4686 3542 4744; x_wconf 89' lang='lat' dir='ltr'><strong>cubo</strong></span> <span class='ocrx_word' id='word_1_985' title='bbox 3567 4685 3679 4742; x_wconf 92' lang='lat' dir='ltr'><strong>du-</strong></span> 
     </span>
    </p>
   </div>
   <div class='ocr_carea' id='block_1_110' title="bbox 2024 4776 3680 4851">
    <p class='ocr_par' dir='ltr' id='par_1_110' title="bbox 2024 4776 3680 4851">
     <span class='ocr_line' id='line_1_110' title="bbox 2024 4776 3680 4851; baseline -0.001 -17"><span class='ocrx_word' id='word_1_986' title='bbox 2024 4777 2243 4851; x_wconf 89' lang='lat' dir='ltr'><strong>plicem</strong></span> <span class='ocrx_word' id='word_1_987' title='bbox 2263 4794 2394 4833; x_wconf 91' lang='lat' dir='ltr'><strong>esse</strong></span> <span class='ocrx_word' id='word_1_988' title='bbox 2416 4776 2948 4847; x_wconf 89' lang='lat' dir='ltr'><strong>continuationem,</strong></span> <span class='ocrx_word' id='word_1_989' title='bbox 2988 4778 3336 4836; x_wconf 88' lang='lat' dir='ltr'><strong>circularem</strong></span> <span class='ocrx_word' id='word_1_990' title='bbox 3376 4793 3583 4843; x_wconf 90' lang='lat' dir='ltr'><strong>unam,</strong></span> <span class='ocrx_word' id='word_1_991' title='bbox 3624 4778 3680 4833; x_wconf 88' lang='lat' dir='ltr'><strong>et</strong></span> 
     </span>
    </p>
   </div>
   <div class='ocr_carea' id='block_1_111' title="bbox 2026 4865 3679 4937">
    <p class='ocr_par' dir='ltr' id='par_1_111' title="bbox 2026 4865 3679 4937">
     <span class='ocr_line' id='line_1_111' title="bbox 2026 4865 3679 4937; baseline -0.003 -13"><span class='ocrx_word' id='word_1_992' title='bbox 2026 4867 2277 4924; x_wconf 91' lang='lat' dir='ltr'><strong>alteram</strong></span> <span class='ocrx_word' id='word_1_993' title='bbox 2305 4866 2695 4923; x_wconf 83' lang='lat' dir='ltr'><strong>hexaedram.</strong></span> <span class='ocrx_word' id='word_1_994' title='bbox 2720 4868 2858 4923; x_wconf 85' lang='lat' dir='ltr'><strong>Esto</strong></span> <span class='ocrx_word' id='word_1_995' title='bbox 2883 4867 3061 4937; x_wconf 89' lang='lat' dir='ltr'><strong>igitur</strong></span> <span class='ocrx_word' id='word_1_996' title='bbox 3092 4867 3380 4925; x_wconf 89' lang='lat' dir='ltr'><strong>naturalis</strong></span> <span class='ocrx_word' id='word_1_997' title='bbox 3417 4865 3517 4922; x_wconf 90' lang='lat' dir='ltr'><strong>illa</strong></span> <span class='ocrx_word' id='word_1_998' title='bbox 3542 4879 3679 4937; x_wconf 80' lang='lat' dir='ltr'><strong>quae</strong></span> 
     </span>
    </p>
   </div>
   <div class='ocr_carea' id='block_1_112' title="bbox 2025 4956 3678 5031">
    <p class='ocr_par' dir='ltr' id='par_1_112' title="bbox 2025 4956 3678 5031">
     <span class='ocr_line' id='line_1_112' title="bbox 2025 4956 3678 5031; baseline -0.004 -17"><span class='ocrx_word' id='word_1_999' title='bbox 2025 4963 2116 5014; x_wconf 91' lang='lat' dir='ltr'><strong>est</strong></span> <span class='ocrx_word' id='word_1_1000' title='bbox 2135 4956 2439 5013; x_wconf 89' lang='lat' dir='ltr'><strong>circularis</strong></span> <span class='ocrx_word' id='word_1_1001' title='bbox 2466 4961 2522 5013; x_wconf 94' lang='lat' dir='ltr'><strong>et</strong></span> <span class='ocrx_word' id='word_1_1002' title='bbox 2545 4956 2959 5025; x_wconf 84' lang='lat' dir='ltr'><strong>numerabilis,</strong></span> <span class='ocrx_word' id='word_1_1003' title='bbox 2986 4963 3047 5014; x_wconf 90' lang='lat' dir='ltr'><strong>at</strong></span> <span class='ocrx_word' id='word_1_1004' title='bbox 3074 4956 3174 5013; x_wconf 92' lang='lat' dir='ltr'><strong>illa</strong></span> <span class='ocrx_word' id='word_1_1005' title='bbox 3189 4973 3327 5031; x_wconf 68' lang='lat' dir='ltr'><strong>qum</strong></span> <span class='ocrx_word' id='word_1_1006' title='bbox 3354 4960 3441 5012; x_wconf 89' lang='lat' dir='ltr'><strong>est</strong></span> <span class='ocrx_word' id='word_1_1007' title='bbox 3471 4969 3678 5011; x_wconf 89' lang='lat' dir='ltr'><strong>secun-</strong></span> 
     </span>
    </p>
   </div>
   <div class='ocr_carea' id='block_1_113' title="bbox 2025 5038 3681 5116">
    <p class='ocr_par' dir='ltr' id='par_1_113' title="bbox 2025 5038 3681 5116">
     <span class='ocr_line' id='line_1_113' title="bbox 2025 5038 3681 5116; baseline -0.002 -13"><span class='ocrx_word' id='word_1_1008' title='bbox 2025 5046 2173 5103; x_wconf 91' lang='lat' dir='ltr'><strong>dum</strong></span> <span class='ocrx_word' id='word_1_1009' title='bbox 2199 5046 2380 5103; x_wconf 90' lang='lat' dir='ltr'><strong>aliam</strong></span> <span class='ocrx_word' id='word_1_1010' title='bbox 2410 5046 2671 5116; x_wconf 88' lang='lat' dir='ltr'><strong>ﬁguram</strong></span> <span class='ocrx_word' id='word_1_1011' title='bbox 2694 5051 2821 5103; x_wconf 91' lang='lat' dir='ltr'><strong>esto</strong></span> <span class='ocrx_word' id='word_1_1012' title='bbox 2853 5046 3221 5103; x_wconf 89' lang='lat' dir='ltr'><strong>continuatio</strong></span> <span class='ocrx_word' id='word_1_1013' title='bbox 3252 5038 3681 5115; x_wconf 83' lang='lat' dir='ltr'><strong>coagmentata</strong></span> 
     </span>
    </p>
   </div>
   <div class='ocr_carea' id='block_1_114' title="bbox 2024 5130 3675 5208">
    <p class='ocr_par' dir='ltr' id='par_1_114' title="bbox 2024 5130 3675 5208">
     <span class='ocr_line' id='line_1_114' title="bbox 2024 5130 3675 5208; baseline -0.003 -15"><span class='ocrx_word' id='word_1_1014' title='bbox 2024 5141 2080 5193; x_wconf 92' lang='lat' dir='ltr'><strong>et</strong></span> <span class='ocrx_word' id='word_1_1015' title='bbox 2100 5135 2305 5193; x_wconf 83' lang='lat' dir='ltr'><strong>mixta.</strong></span> <span class='ocrx_word' id='word_1_1016' title='bbox 2338 5138 2487 5192; x_wconf 86' lang='lat' dir='ltr'><strong>Nam</strong></span> <span class='ocrx_word' id='word_1_1017' title='bbox 2509 5135 2969 5208; x_wconf 88' lang='lat' dir='ltr'><strong>temperationes</strong></span> <span class='ocrx_word' id='word_1_1018' title='bbox 2990 5140 3129 5192; x_wconf 87' lang='lat' dir='ltr'><strong>sunt</strong></span> <span class='ocrx_word' id='word_1_1019' title='bbox 3155 5135 3375 5191; x_wconf 66' lang='lat' dir='ltr'><strong>mixtae.</strong></span> <span class='ocrx_word' id='word_1_1020' title='bbox 3401 5136 3579 5190; x_wconf 91' lang='lat' dir='ltr'><strong>Porro</strong></span> <span class='ocrx_word' id='word_1_1021' title='bbox 3609 5130 3675 5187; x_wconf 89' lang='lat' dir='ltr'><strong>ﬁ-</strong></span> 
     </span>
    </p>
   </div>
   <div class='ocr_carea' id='block_1_115' title="bbox 2024 5219 3675 5297">
    <p class='ocr_par' dir='ltr' id='par_1_115' title="bbox 2024 5219 3675 5297">
     <span class='ocr_line' id='line_1_115' title="bbox 2024 5219 3675 5297; baseline -0.002 -17"><span class='ocrx_word' id='word_1_1022' title='bbox 2024 5240 2187 5297; x_wconf 62' lang='lat' dir='ltr'><strong>gurae</strong></span> <span class='ocrx_word' id='word_1_1023' title='bbox 2213 5223 2447 5295; x_wconf 90' lang='lat' dir='ltr'><strong>angulis</strong></span> <span class='ocrx_word' id='word_1_1024' title='bbox 2498 5222 2763 5296; x_wconf 72' lang='lat' dir='ltr'><strong>praeditae</strong></span> <span class='ocrx_word' id='word_1_1025' title='bbox 2804 5223 3104 5279; x_wconf 84' lang='lat' dir='ltr'><strong>mixtionis</strong></span> <span class='ocrx_word' id='word_1_1026' title='bbox 3141 5222 3366 5280; x_wconf 89' lang='lat' dir='ltr'><strong>habent</strong></span> <span class='ocrx_word' id='word_1_1027' title='bbox 3391 5219 3675 5295; x_wconf 91' lang='lat' dir='ltr'><strong>speciem.</strong></span> 
     </span>
    </p>
   </div>
   <div class='ocr_carea' id='block_1_116' title="bbox 2025 5309 3674 5385">
    <p class='ocr_par' dir='ltr' id='par_1_116' title="bbox 2025 5309 3674 5385">
     <span class='ocr_line' id='line_1_116' title="bbox 2025 5309 3674 5385; baseline -0.004 -15"><span class='ocrx_word' id='word_1_1028' title='bbox 2025 5313 2433 5380; x_wconf 86' lang='lat' dir='ltr'><strong>Quamobrem</strong></span> <span class='ocrx_word' id='word_1_1029' title='bbox 2472 5312 2669 5382; x_wconf 84' lang='lat' dir='ltr'><strong>ﬁgura</strong></span> <span class='ocrx_word' id='word_1_1030' title='bbox 2706 5312 2936 5385; x_wconf 87' lang='lat' dir='ltr'><strong>cubica,</strong></span> <span class='ocrx_word' id='word_1_1031' title='bbox 2979 5317 3279 5384; x_wconf 89' lang='lat' dir='ltr'><strong>quatenus</strong></span> <span class='ocrx_word' id='word_1_1032' title='bbox 3319 5317 3407 5368; x_wconf 92' lang='lat' dir='ltr'><strong>est</strong></span> <span class='ocrx_word' id='word_1_1033' title='bbox 3438 5309 3674 5382; x_wconf 89' lang='lat' dir='ltr'><strong>angulis</strong></span> 
     </span>
    </p>
   </div>
   <div class='ocr_carea' id='block_1_117' title="bbox 2022 5399 3677 5478">
    <p class='ocr_par' dir='ltr' id='par_1_117' title="bbox 2022 5399 3677 5478">
     <span class='ocr_line' id='line_1_117' title="bbox 2022 5399 3677 5478; baseline -0.002 -20"><span class='ocrx_word' id='word_1_1034' title='bbox 2022 5403 2291 5478; x_wconf 66' lang='lat' dir='ltr'><strong>praedita,</strong></span> <span class='ocrx_word' id='word_1_1035' title='bbox 2326 5401 2640 5457; x_wconf 85' lang='lat' dir='ltr'><strong>estmixta.</strong></span> <span class='ocrx_word' id='word_1_1036' title='bbox 2666 5401 2834 5467; x_wconf 87' lang='lat' dir='ltr'><strong>Quod</strong></span> <span class='ocrx_word' id='word_1_1037' title='bbox 2858 5402 2905 5455; x_wconf 92' lang='lat' dir='ltr'><strong>si</strong></span> <span class='ocrx_word' id='word_1_1038' title='bbox 2930 5402 3067 5474; x_wconf 91' lang='lat' dir='ltr'><strong>quis</strong></span> <span class='ocrx_word' id='word_1_1039' title='bbox 3083 5402 3245 5458; x_wconf 92' lang='lat' dir='ltr'><strong>dicat</strong></span> <span class='ocrx_word' id='word_1_1040' title='bbox 3264 5406 3320 5457; x_wconf 93' lang='lat' dir='ltr'><strong>et</strong></span> <span class='ocrx_word' id='word_1_1041' title='bbox 3348 5401 3464 5458; x_wconf 90' lang='lat' dir='ltr'><strong>hoc</strong></span> <span class='ocrx_word' id='word_1_1042' title='bbox 3492 5406 3547 5457; x_wconf 90' lang='lat' dir='ltr'><strong>et</strong></span> <span class='ocrx_word' id='word_1_1043' title='bbox 3568 5399 3677 5455; x_wconf 92' lang='lat' dir='ltr'><strong>cir-</strong></span> 
     </span>
    </p>
   </div>
   <div class='ocr_carea' id='block_1_118' title="bbox 2024 5489 3675 5564">
    <p class='ocr_par' dir='ltr' id='par_1_118' title="bbox 2024 5489 3675 5564">
     <span class='ocr_line' id='line_1_118' title="bbox 2024 5489 3675 5564; baseline -0.003 -14"><span class='ocrx_word' id='word_1_1044' title='bbox 2024 5494 2227 5550; x_wconf 89' lang='lat' dir='ltr'><strong>culum</strong></span> <span class='ocrx_word' id='word_1_1045' title='bbox 2256 5509 2384 5549; x_wconf 91' lang='lat' dir='ltr'><strong>esse</strong></span> <span class='ocrx_word' id='word_1_1046' title='bbox 2402 5497 2651 5556; x_wconf 70' lang='lat' dir='ltr'><strong>naturae,</strong></span> <span class='ocrx_word' id='word_1_1047' title='bbox 2677 5489 2932 5564; x_wconf 90' lang='lat' dir='ltr'><strong>ideoque</strong></span> <span class='ocrx_word' id='word_1_1048' title='bbox 2954 5491 3106 5548; x_wconf 90' lang='lat' dir='ltr'><strong>inter</strong></span> <span class='ocrx_word' id='word_1_1049' title='bbox 3123 5508 3184 5547; x_wconf 91' lang='lat' dir='ltr'><strong>se</strong></span> <span class='ocrx_word' id='word_1_1050' title='bbox 3205 5491 3675 5555; x_wconf 86' lang='lat' dir='ltr'><strong>communicare,</strong></span> 
     </span>
    </p>
   </div>
   <div class='ocr_carea' id='block_1_119' title="bbox 2022 5581 3677 5655">
    <p class='ocr_par' dir='ltr' id='par_1_119' title="bbox 2022 5581 3677 5655">
     <span class='ocr_line' id='line_1_119' title="bbox 2022 5581 3677 5655; baseline -0.002 -15"><span class='ocrx_word' id='word_1_1051' title='bbox 2022 5584 2145 5640; x_wconf 78' lang='lat' dir='ltr'><strong>rion</strong></span> <span class='ocrx_word' id='word_1_1052' title='bbox 2158 5583 2424 5655; x_wconf 86' lang='lat' dir='ltr'><strong>rejiciam</strong></span> <span class='ocrx_word' id='word_1_1053' title='bbox 2444 5600 2456 5651; x_wconf 91' lang='lat'>;</span> <span class='ocrx_word' id='word_1_1054' title='bbox 2473 5581 2683 5637; x_wconf 89' lang='lat' dir='ltr'><strong>namin</strong></span> <span class='ocrx_word' id='word_1_1055' title='bbox 2696 5585 2913 5638; x_wconf 89' lang='lat' dir='ltr'><strong>natura</strong></span> <span class='ocrx_word' id='word_1_1056' title='bbox 2940 5585 3003 5637; x_wconf 89' lang='lat' dir='ltr'><strong>ut</strong></span> <span class='ocrx_word' id='word_1_1057' title='bbox 3023 5586 3162 5637; x_wconf 88' lang='lat' dir='ltr'><strong>sunt</strong></span> <span class='ocrx_word' id='word_1_1058' title='bbox 3182 5586 3433 5650; x_wconf 69' lang='lat' dir='ltr'><strong>naturae,</strong></span> <span class='ocrx_word' id='word_1_1059' title='bbox 3460 5582 3677 5638; x_wconf 90' lang='lat' dir='ltr'><strong>uniun-</strong></span> 
     </span>
    </p>
   </div>
   <div class='ocr_carea' id='block_1_120' title="bbox 2022 5669 3677 5754">
    <p class='ocr_par' dir='ltr' id='par_1_120' title="bbox 2022 5669 3677 5754">
     <span class='ocr_line' id='line_1_120' title="bbox 2022 5669 3677 5754; baseline -0.002 -23"><span class='ocrx_word' id='word_1_1060' title='bbox 2022 5672 2118 5731; x_wconf 68' lang='grc' dir='ltr'><strong>ιω</strong></span> <span class='ocrx_word' id='word_1_1061' title='bbox 2146 5672 2373 5743; x_wconf 87' lang='lat' dir='ltr'><strong>omnia,</strong></span> <span class='ocrx_word' id='word_1_1062' title='bbox 2412 5669 2935 5754; x_wconf 81' lang='lat' dir='ltr'><strong>quemadmodum</strong></span> <span class='ocrx_word' id='word_1_1063' title='bbox 2958 5671 3021 5728; x_wconf 91' lang='lat' dir='ltr'><strong>in</strong></span> <span class='ocrx_word' id='word_1_1064' title='bbox 3047 5670 3269 5730; x_wconf 91' lang='lat' dir='ltr'><strong>circulo</strong></span> <span class='ocrx_word' id='word_1_1065' title='bbox 3298 5687 3511 5731; x_wconf 90' lang='lat' dir='ltr'><strong>omnes</strong></span> <span class='ocrx_word' id='word_1_1066' title='bbox 3539 5687 3677 5745; x_wconf 78' lang='lat' dir='ltr'><strong>quae</strong></span> 
     </span>
    </p>
   </div>
  </div>
