4124 6388
260 329 402 387 i277

1137 319 1494 380 THEODORI
1532 319 1579 376 Il
1617 317 1757 379 IMP.
1796 315 1889 380 DE
1928 313 2394 375 COMMUNIONE
2432 314 2802 377 NATULALI.

3548 317 3688 378 1278

254 451 414 515 ἄλλος
493 454 595 513 πᾶς
659 449 730 513 εἷς
805 449 894 506 τὸν
958 450 1243 522 πεφυκότα.
1306 449 1409 504 Καὶ
1458 448 1643 500 καθότι
1697 443 1788 536 μὶγ
1835 448 1923 536 οὖν
1954 442 2002 496 Α
2032 461 2197 522 οὔσης
2277 463 2366 514 καὶ
2439 459 2498 514 οὔ
2541 467 2748 534 μικτῆς,
2823 458 2996 532 πολλῷ
3075 459 3265 534 μᾶλλον
3331 461 3426 514 τὰν
3472 462 3689 536 κράσεις

255 544 447 604 πάντες
471 542 692 616 μονάσιν
745 539 849 598 εἰσί
876 559 931 596 τε
985 543 1076 593 καὶ
1132 547 1426 612 γεννῶνται,
1476 539 1694 610 ἔχουσιν
1744 533 1812 597 εἰς
1861 535 1921 588 τὸ

262 641 369 689 τῶν
414 631 647 706 ἀριθμῶν
703 633 859 704 χύμα
909 633 998 690 τήν
1051 629 1253 698 ἕνωσιν,
1314 629 1395 683 ὄτι
1461 623 1521 682 δε
1571 623 1924 698 διακριθέντες

259 722 412 780 ἄλλοι
449 721 624 785 ἄλλοις
652 720 904 792 ἕνοῦνται,
931 725 1018 775 καὶ
1049 719 1225 782 ἄλλοις
1283 720 1465 794 ἕτεροι,
1528 720 1616 771 καὶ
1669 715 1730 769 οῦ
1813 733 1922 773 κοι-

261 820 517 870 νωνοῦσιν
543 814 610 874 ὡς
636 814 900 888 τύχωσιν,
941 809 1030 865 ἀπ’
1073 809 1302 870 ἀλλήλων
1350 808 1576 885 ἕναργῶς
1629 804 1922 881 διακέκρινσ-

263 923 358 960 ται
386 903 538 958 ταῦθ’
589 903 670 957 ὅτι
695 905 785 956 καὶ
839 903 976 957 κατὰ
1025 903 1180 975 φύσιν
1233 904 1324 956 καὶ
1379 906 1568 975 κρᾶσιν
1616 901 1853 971 γίγνεται
1903 917 1918 934 ο

267 993 340 1056 εἰς
380 994 482 1068 γὰρ
528 997 622 1053 την
672 997 884 1069 πρώτην
924 989 1119 1051 ἐκείνην
1168 994 1344 1064 πηγὴν
1389 989 1621 1045 ένοῦνται
1666 987 1872 1043 ἅπαντα
1902 1006 1918 1024 ο

267 1080 630 1158 διακρίνονται
662 1079 722 1137 δὲ
773 1081 862 1136 ἀπ’
912 1081 1140 1142 ἀλλήλων
1191 1082 1310 1137 ὅταν
1358 1079 1412 1145 ἐξ
1467 1079 1660 1144 ἆκείνης
1716 1077 1912 1135 ποικιλ·

267 1177 402 1229 ϐῶσι
426 1177 518 1228 καὶ
544 1172 779 1227 σταλῶσι
808 1176 940 1247 πρός
966 1175 1242 1248 μερισμόν.

336 1262 401 1326 ζ’.
438 1262 500 1318 Ἠ
528 1267 621 1338 μεν
669 1258 756 1317 οὖν
817 1271 880 1336 τῇ
929 1265 1081 1336 φύσει
1134 1263 1368 1316 συνοῦσᾶ
1411 1263 1696 1320 συνακτική
1758 1260 1919 1333 ἰσχὺς

258 1351 438 1413 διήκει
511 1358 602 1407 καὶ
682 1353 776 1415 ἕως
865 1360 968 1404 τῶν
1080 1351 1402 1406 λεπτοτάτων
1489 1359 1592 1405 τῶν
1683 1351 1918 1425 κράσεων

255 1450 546 1520 μερισμῶν,
634 1444 849 1515 συνάγει
903 1437 964 1496 δε
1033 1441 1186 1496 πάλιν
1239 1444 1308 1506 ὡς
1368 1439 1569 1516 ἀρχικὴ
1646 1443 1713 1494 τὰ
1785 1443 1916 1515 μέρη

263 1535 334 1596 εἰς
385 1538 445 1588 τό
497 1533 742 1608 καθόλου,
801 1536 832 1593 ἦ
881 1537 972 1587 καὶ
1015 1541 1130 1596 ταῖς
1184 1535 1435 1608 κράσεσιν
1493 1532 1660 1586 οἰκεία
1713 1527 1919 1594 ἰδιότης

260 1622 506 1700 ἕκατίρας
593 1622 681 1677 ἀπ’
756 1621 986 1682 ἀλλήλων
1051 1626 1274 1697 μερίζει,
1343 1622 1444 1676 ἑνοῖ
1497 1619 1556 1676 δε
1607 1621 1723 1676 κατ’
1785 1619 1919 1676 ἰδιό-

257 1734 400 1775 τητα
466 1722 708 1789 μερικῶς.
789 1712 1019 1787 Ἔχουσι
1095 1709 1155 1768 δε
1229 1714 1294 1768 τὰ
1341 1713 1529 1787 μερικὰ
1583 1711 1633 1766 ἕν
1685 1720 1919 1790 μερικοῖς

261 1805 597 1880 πολοτρόπως
632 1808 727 1863 τὴν
780 1804 980 1873 ἕνωσιν,
1031 1805 1204 1880 ὥσπερ
1269 1807 1358 1858 καὶ
1415 1801 1464 1857 ἓν
1513 1811 1585 1876 τῷ
1639 1809 1765 1879 Περὶ
1820 1803 1920 1876 ψυ-
1951 1813 1990 1867 Β
2025 1815 2178 1863 τοῦτο
2197 1813 2289 1862 καὶ
2328 1811 2474 1885 παρὰ
2499 1811 2654 1882 φύσιν
2703 1808 2870 1864 ἐκεῖνα
2921 1809 3168 1868 κέκληται
3215 1829 3228 1843 ο

262 1905 374 1971 χῆς
427 1894 786 1970 ’Δριστοτίλης
827 1900 1032 1968 μνήμην
1081 1897 1211 1950 εἶναι
1262 1901 1420 1964 ποιεῖ,
1489 1897 1579 1948 καί
1630 1913 1691 1967 γε
1753 1893 1920 1955 ἁπλῆν

261 1989 461 2048 ταύτην
508 1989 750 2060 νομίζων,
817 1984 1176 2048 πολυπλόκους
1237 1987 1330 2051 τὰς
1388 1988 1677 2058 φαντασίας
1733 1983 1924 2059 ὀνομάσ-

266 2079 346 2141 ζει
400 2075 581 2138 αὐτῆς.
650 2075 714 2130 Εἰ
751 2078 842 2149 μεν
882 2072 969 2132 οὖν
1035 2083 1097 2149 τῇ
1155 2074 1289 2149 ἁπλῇ
1349 2074 1503 2149 ψυχῇ
1548 2077 1637 2136 τὰς
1688 2079 1924 2140 κινήσεις

264 2166 620 2228 πολυπλόκους
706 2173 918 2240 νοοῦμεν
994 2163 1144 2234 εἶναι,
1221 2170 1311 2219 καὶ
1369 2164 1758 2238 συμϐάλλεσθαι
1829 2169 1922 2240 μὲν

264 2257 423 2320 ἄλλας
477 2258 606 2332 πρόν
686 2255 863 2323 ἄλλας,
925 2255 1100 2330 ἑτέρας
1161 2251 1221 2309 δέ
1265 2258 1389 2332 πρὸς
1427 2255 1619 2330 ἑτὶρας,
1673 2260 1763 2310 καὶ
1816 2255 1922 2329 οὐχ

261 2345 434 2410 ἁπλῶς
472 2348 554 2404 ὅτι
599 2352 702 2412 πᾶς
751 2345 935 2409 ἑαυτῆς
989 2345 1232 2402 ἕνοῦσθαι
1278 2353 1459 2410 κοινῶς
1509 2349 1599 2400 καί
1653 2365 1713 2419 γε
1748 2351 1923 2421 νοερᾶς

257 2580 462 2640 mitem
487 2595 846 2638 numerum:
911 2582 968 2637 et
1020 2579 1272 2653 quilibet
1323 2580 1476 2638 alius
1536 2595 1825 2639 numerus
1854 2581 1916 2639 in

259 2687 445 2747 quem
466 2675 682 2728 natura
723 2670 1048 2744 propagari
1078 2674 1134 2728 et
1188 2671 1344 2728 uniri
1387 2674 1631 2745 potest.
1687 2675 1751 2729 Et
1773 2688 1921 2746 quo-

259 2763 428 2820 niam
457 2777 672 2818 omnes
699 2777 773 2818 ex
812 2761 1142 2818 unitatibus
1192 2763 1486 2819 exsistunt
1515 2767 1572 2820 et
1622 2763 1914 2833 oriuntur,

257 2852 397 2911 ideo
412 2851 686 2910 omnium
709 2851 1010 2926 copulatio
1042 2851 1396 2909 universalis
1427 2851 1506 2908 ad
1525 2867 1919 2910 numerorum

261 2942 491 3004 ﬂumen
511 2957 774 3016 perenne
800 2946 1133 2998 revocatur.
1180 2945 1261 2999 Eo
1301 2947 1501 3000 autem
1553 2943 1721 3016 quod
1751 2958 1918 3017 sepa-

267 3034 378 3090 rati
435 3031 534 3089 alii
589 3031 669 3089 ab
724 3031 858 3089 aliis
915 3031 1199 3090 uniantur
1243 3031 1421 3089 etiam
1462 3032 1560 3090 alii
1609 3050 1748 3090 cum
1787 3033 1917 3091 aliis

264 3137 376 3181 nec
404 3120 756 3196 copulentur
785 3137 924 3180 eum
955 3121 1342 3196 quibuslibet,
1377 3139 1414 3180 a
1443 3138 1505 3180 se
1531 3122 1684 3180 inter
1704 3139 1767 3180 se
1792 3139 1916 3182 ma-

261 3212 472 3270 nifeste
499 3211 762 3269 distincti
794 3215 951 3269 sunt.
984 3214 1102 3269 Hoc
1132 3217 1333 3269 autem
1365 3212 1501 3270 ideo
1547 3213 1615 3272 ﬁt
1667 3212 1834 3288 quod
1863 3217 1920 3272 et

261 3302 598 3359 secundum
626 3305 910 3359 naturam
934 3305 992 3360 et
1050 3301 1385 3360 secundum
1417 3303 1918 3377 temperationem

259 3392 545 3450 uniantur
576 3409 590 3461 ;
621 3407 765 3448 nam
793 3392 855 3448 in
887 3392 1150 3466 primum
1180 3391 1350 3449 illum
1376 3392 1603 3449 fontem
1632 3392 1921 3450 uniuntur

261 3482 484 3539 omnia.
527 3483 952 3539 Discernuntur
995 3497 1140 3539 vero
1183 3482 1333 3540 inter
1391 3499 1454 3540 se
1493 3500 1634 3541 cum
1666 3500 1703 3540 a
1757 3484 1920 3541 fonte

257 3571 358 3627 illo
413 3569 679 3644 profecta
733 3571 1082 3628 varietatem
1143 3572 1465 3646 acquirunt
1519 3577 1578 3630 et
1619 3572 1681 3629 in
1720 3571 1920 3630 distri-

260 3658 572 3717 butionem
629 3659 894 3716 veniunt.

332 3754 386 3806 7.
420 3749 515 3805 Vis
553 3748 732 3820 igitur
767 3749 1095 3823 copulandi
1132 3766 1270 3823 quae
1309 3754 1598 3824 perpetuo
1635 3753 1920 3808 naturam

267 3837 602 3905 comitatur,
633 3845 904 3912 permeat
940 3839 1421 3896 distributionem
1452 3840 1633 3897 etiam
1672 3838 1750 3897 ad
1783 3840 1922 3896 sub-

270 3927 577 3985 tilissimas
661 3944 852 4002 usque
910 3931 1398 4002 temperationes.
1458 3932 1682 3988 Rursus
1720 3935 1922 3986 autem

273 4020 337 4073 ut
359 4017 633 4091 princeps
697 4034 881 4075 causa
945 4023 1183 4075 revocat
1269 4023 1466 4092 partes
1513 4019 1592 4074 ad
1638 4019 1923 4075 unionem

271 4106 688 4165 universalem.
729 4111 801 4164 At
859 4107 949 4163 vis
1032 4108 1411 4181 proprietatis
1487 4107 1794 4181 utriusque
1847 4107 1925 4164 si-

271 4196 520 4268 gillatim
577 4201 780 4271 partes
833 4198 984 4254 inter
1041 4215 1104 4254 se
1168 4199 1499 4268 distinguit.
1535 4197 1787 4271 Copulat
1822 4214 1926 4256 au—

269 4293 390 4346 tem
413 4287 851 4361 particulariter
880 4289 1212 4346 secundum
1255 4289 1698 4364 proprietatem.
1741 4289 1925 4347 Parti-

269 4377 498 4435 cularia
550 4394 694 4435 vero
746 4379 806 4435 in
859 4379 1315 4453 particularibus
1372 4381 1555 4437 variis
1585 4379 1784 4437 modis
1820 4379 1926 4436 ba-

2034 545 2339 623 δοξάσωμεν
2397 554 2467 624 μὴ
2551 549 2796 604 ἐνοῦσθαι
2886 557 3090 617 κοινῶς,
3178 549 3285 603 ἀλλ’
3357 547 3526 617 ἰδίως,
3592 553 3686 615 τὰς

2029 645 2122 694 καὶ
2177 640 2302 699 ὕλην
2357 641 2586 716 ἐχούσας
2638 645 2728 695 καὶ
2779 636 2957 696 διόλου
3010 643 3222 714 μικτὰς,
3275 642 3410 695 κατὰ
3460 645 3518 696 τὸ
3557 639 3689 698 εἶναι

2029 734 2242 806 κράσεις
2274 733 2456 795 αὐτὰς.
2487 732 2546 787 Εἰ
2589 734 2692 806 γὰρ
2731 737 2822 786 καὶ
2869 739 3060 806 κρᾶσις
3109 737 3182 806 μὴ
3241 734 3446 805 ἔχουσα
3501 733 3681 809 εὑρεθῇ

2029 821 2177 887 ὕλην,
2212 820 2322 874 ἀλλ’
2384 817 2472 876 οὖν
2532 825 2623 875 καὶ
2683 821 2815 882 αὐτὴ
2857 823 3042 876 καθότι
3079 823 3303 898 κράσεσι
3353 826 3444 876 καὶ
3493 821 3687 897 ἑτέραις

2031 907 2091 966 δε
2115 915 2186 985 μὴ
2233 911 2628 986 συμϐάλλεσθαι
2687 931 2700 947 ο
2757 915 2989 988 περιόντι
3043 913 3144 986 γὰρ
3200 913 3338 964 θέσει
3383 915 3688 985 καταγίνον-

2030 1020 2117 1055 ται
2194 1003 2488 1077 πράγματι,
2563 1005 2737 1055 καίτοι
2795 998 2891 1055 διὰ
2945 1009 3098 1056 τοῦτο
3151 1003 3288 1054 κατὰ
3341 1005 3436 1061 τὴν
3495 1005 3685 1074 σχέσιν

2030 1089 2264 1166 ἀφορῶσι
2298 1101 2393 1155 τῆς
2447 1092 2638 1155 οἰκείας
2689 1094 2856 1167 ὁρμῆς
2890 1112 2903 1126 ι
2959 1091 3220 1166 πολυμερῆ
3271 1093 3370 1167 γὰρ
3444 1093 3514 1144 τὰ
3551 1093 3688 1146 κατὰ

2027 1187 2216 1256 κρᾶσιν
2295 1181 2574 1256 τελούμενα
2623 1182 2703 1236 ὅτι
2774 1184 2830 1236 αἱ
2899 1183 3112 1257 κράσεις
3179 1180 3485 1256 πολυμερείς
3569 1181 3683 1234 κατ’

2028 1269 2356 1326 ἐπισύνθεσιν
2391 1314 2403 1328 ,
2437 1271 2492 1324 αἰ
2520 1273 2611 1345 μὶν
2648 1275 2749 1348 γὰρ
2819 1271 3070 1341 ἐνοῦνται,
3121 1273 3176 1324 αἱ
3229 1267 3290 1325 δὲ
3346 1269 3689 1330 ἁνοικειότητι

2029 1357 2420 1416 διαστέλλονται
2460 1401 2471 1413 .
2505 1365 2623 1436 περὶ
2677 1365 2778 1438 γὰρ
2834 1365 2928 1421 τὴν
2974 1361 3047 1423 εἰς
3092 1362 3372 1420 κοινότητα
3444 1358 3690 1420 ἰδιότητα

2027 1449 2085 1503 οὐ
2111 1449 2262 1522 λόγος
2290 1450 2496 1519 αὐταῖς,
2531 1449 2639 1503 ἀλλ’
2686 1451 2758 1514 εἰς
2812 1447 3061 1510 ἰδιότητα
3111 1451 3137 1502 ὁ
3198 1452 3389 1512 σκοπός
3433 1449 3543 1503 ἐπεὶ
3597 1454 3688 1504 καὶ

2027 1539 2086 1593 οὐ
2113 1542 2297 1594 καθότι
2325 1539 2470 1594 ἒνὲνὶ
2519 1540 2651 1595 τέλει
2681 1539 2942 1618 ἀφορῶσιν
2991 1539 3124 1613 όμοῦ
3171 1560 3183 1574 ·
3244 1541 3354 1593 ἔστι
3399 1541 3502 1617 γὰρ
3556 1540 3686 1593 ὅπου

2025 1632 2114 1684 καὶ
2163 1629 2332 1704 φαῦλα
2386 1630 2504 1690 τέλη
2568 1630 2775 1684 τελοῦσι
2857 1637 3094 1704 μιγεῖσαι
3156 1631 3391 1705 κράσεις,
3446 1632 3478 1688 ἠ
3535 1632 3688 1703 φύσις

2029 1716 2089 1775 δε
2147 1715 2298 1773 οὐδὲν
2373 1719 2445 1782 εἰς
2501 1719 2730 1796 αἰσχρὸν
2783 1717 3031 1794 ἀφορῶσα
3082 1719 3223 1782 τέλος
3298 1718 3533 1778 ἐποίησε.
3591 1721 3690 1774 Διὰ

3285 1811 3345 1861 τὸ
3403 1805 3464 1862 δὲ
3513 1807 3686 1863 πλεῖον

2028 1906 2264 1972 μιγεῖσαι
2304 1902 2520 1974 κράσεις
2577 1901 2729 1954 αῖσια
2800 1899 2918 1958 τέλη
2976 1899 3203 1966 τελοῦσι,
3263 1895 3570 1974 Παράδοξον
3628 1895 3688 1952 δὲ

2031 1984 2267 2043 δοκεῐται
2338 1996 2449 2051 ταῖς
2505 1989 2619 2043 κατ’
2682 1985 2928 2048 ἰδιότητα
2972 1991 3196 2065 κράσεσι
3249 1991 3589 2062 μιγνυμέναις
3651 1989 3682 2048 ἡ

2027 2087 2129 2133 τῶν
2164 2077 2347 2152 ἑτέρων
2395 2081 2630 2153 κράσεων
2680 2080 2860 2141 ἓνωσις
2923 2099 2938 2114 ο
2995 2076 3166 2153 ἀφορᾷ
3219 2081 3318 2152 γὰρ
3373 2076 3592 2131 ἕκαστον
3622 2076 3691 2139 εἰς

2029 2171 2125 2228 τὴν
2161 2175 2256 2222 τοῦ
2307 2166 2554 2241 ἄγγιστου
2603 2169 2786 2223 ἕνωσιν
2825 2189 2839 2204 ο
2893 2169 3204 2241 συνάγονται
3253 2170 3357 2240 γὰρ
3405 2167 3594 2241 μᾶλλον
3622 2169 3700 2220 τὰ·

2031 2258 2188 2330 ὅμοια
2213 2258 2242 2318 ἣ
2275 2258 2344 2311 τὰ
2373 2256 2612 2332 ἀνόμοια,
2643 2259 2724 2312 ὅτι
2753 2261 2812 2311 τὸ
2841 2260 3087 2330 συγγενὶς
3133 2257 3266 2317 ἕλκει
3313 2259 3372 2312 τὸ
3421 2261 3684 2329 συγγενές.

2031 2352 2259 2424 Πότερον
2290 2344 2378 2404 οὖν
2409 2347 2584 2414 ἁπλῶς
2610 2350 2641 2409 ἡ
2674 2350 2832 2428 φύσις
2868 2352 3150 2410 ποιήσασα
3206 2344 3414 2409 δηλαδή
3447 2348 3543 2411 τὰς
3589 2345 3689 2426 ἀρσ-

2027 2583 2411 2657 perationum
2473 2583 2651 2656 igitur
2686 2586 2906 2641 natura
2941 2582 3072 2655 fert,
3112 2585 3181 2640 ut
3218 2598 3358 2639 cum
3399 2584 3689 2655 tempera-

2026 2673 2294 2730 tionibus
2323 2673 2702 2747 copulentur,
2741 2688 2940 2748 neque
2978 2689 3118 2729 cum
3157 2672 3406 2729 diversis
3445 2686 3692 2744 compo-

2027 2767 2268 2821 nantur.
2309 2766 2456 2821 Nam
2497 2764 2583 2821 rei
2620 2763 2830 2838 positas
2870 2761 3177 2820 exsistenti
3217 2761 3514 2829 accidunt,
3555 2760 3690 2818 licet

2027 2853 2206 2910 etiam
2237 2868 2274 2910 a
2308 2869 2373 2910 re
2432 2853 2750 2911 discedant
2813 2868 2924 2926 pro
2978 2852 3209 2910 ratione
3269 2849 3689 2926 propensionis

2027 2941 2307 3017 propriae.
2351 2945 2500 3000 Nam
2558 2941 2911 3016 multiplicia
2937 2946 3230 3016 suntquae
3259 2956 3367 3014 per
3395 2945 3690 3012 tempera-

2028 3033 2254 3092 tionem
2319 3033 2784 3105 constituuntur,
2854 3047 2925 3090 eo
2992 3031 3159 3106 quod
3225 3029 3688 3104 temperationes

1961 3114 2002 3170 C
2029 3123 2210 3181 etiam
2236 3121 2355 3181 sint
2386 3122 2766 3197 multiplices,
2807 3128 3049 3198 propter
3088 3119 3536 3198 compositionis
3574 3118 3688 3178 ad-

2029 3213 2337 3272 ditionem.
2399 3213 2544 3270 Alias
2583 3213 2761 3284 igitur
2798 3213 3108 3282 uniuntur,
3150 3213 3274 3270 alia:
3313 3214 3559 3285 propter
3595 3211 3686 3268 di-

2027 3319 2266 3361 versam
2304 3303 2731 3377 proprietatem
2787 3303 3208 3376 sejunguntur.
3269 3305 3418 3360 Nam
3476 3303 3690 3374 praeter

2027 3393 2193 3450 illam
2251 3393 2594 3464 generalem
2669 3392 2915 3450 uniendi
2986 3392 3282 3450 rationem
3334 3389 3688 3464 temperatio

2030 3497 2207 3538 suam
2233 3498 2495 3556 quasque
2535 3483 2963 3555 proprietatem
3019 3482 3304 3555 sequitur,
3377 3495 3513 3536 cum
3565 3493 3689 3536 non

2030 3586 2267 3644 semper
2293 3571 2372 3628 ad
2405 3587 2594 3628 unum
2632 3571 2818 3628 ﬁnem
2880 3571 3061 3628 simul
3092 3571 3426 3641 dirigantur
3459 3574 3689 3640 tempe-

2029 3661 2307 3718 rationes.
2344 3661 2427 3717 Fit
2464 3660 2625 3718 enim
2665 3677 2826 3735 saepe
2860 3665 2925 3718 ut
2961 3660 3428 3734 temperationes
3467 3657 3688 3731 permi-
3753 3667 3756 3670 ’

2031 3754 2134 3807 staa
2161 3749 2370 3807 effecta
2395 3749 2558 3808 mala
2610 3750 2808 3807 edant.
2852 3754 2922 3807 At
2970 3756 3186 3806 natura
3224 3763 3542 3821 nunquam
3573 3745 3688 3804 sibi

2029 3841 2343 3915 proposuit
2367 3845 2538 3913 turpe
2592 3840 2821 3915 aliquid
2877 3840 3282 3898 efﬁciendum.
3333 3837 3558 3894 Idcirco
3587 3835 3690 3893 illa

2030 3936 2248 4007 praeter
2266 3936 2544 3988 naturam
2571 3931 2728 3988 facta
2749 3931 3047 3988 dicuntur.
3088 3931 3316 4004 Saepius
3375 3944 3514 3985 vero
3541 3931 3687 3990 tem-

2033 4021 2371 4095 perationes
2392 4023 2692 4094 permistis
2723 4037 3044 4094 prosperos
3097 4035 3408 4077 successus
3462 4017 3689 4075 habue-

2031 4115 2189 4168 runt.
2241 4111 2424 4167 Porro
2474 4110 2643 4183 quod
2712 4111 3176 4184 temperationes
3235 4109 3493 4164 diversae
3547 4121 3685 4161 cum

2029 4199 2567 4271 temperationibus
2626 4200 2959 4256 secundum
3025 4197 3452 4272 proprietatem
3493 4194 3686 4251 mistis

2030 4291 2315 4348 uniantur
2343 4289 2688 4347 incredibile
2716 4291 2971 4350 videtur.
3003 4295 3148 4347 Nam
3207 4287 3689 4362 unumquodque

2029 4397 2170 4438 cum
2200 4381 2475 4454 proximo
2499 4380 2767 4454 copulari
2820 4381 2988 4438 solet.
3044 4381 3245 4437 Potius
3267 4378 3426 4436 enim
3468 4375 3684 4432 similia.

269 4466 879 4541 bentcopulationem
913 4473 977 4526 ut
1041 4469 1222 4526 etiam
1279 4470 1339 4526 in
1369 4469 1536 4528 libris
1600 4471 1686 4526 De
1719 4469 1925 4527 anima
1957 4481 2000 4536 1)
2030 4487 2216 4545 quam
2246 4469 2560 4527 dissimilia
2589 4470 3098 4542 conglutinantur,
3150 4469 3294 4542 quia
3319 4467 3381 4525 id
3407 4466 3573 4541 quod
3599 4469 3691 4523 est

271 4557 608 4614 Aristoteles
640 4558 832 4614 tradit.
870 4560 936 4614 Et
966 4575 1104 4615 cum
1137 4559 1472 4633 simplicem
1504 4559 1774 4616 animam
1804 4575 1925 4616 cre-

273 4645 373 4703 dat
399 4662 552 4718 esse,
587 4651 788 4706 tamen
818 4647 1167 4720 multiplicia
1195 4648 1384 4722 ipsius
1408 4649 1537 4707 visa
1556 4665 1924 4706 commemo-

272 4739 379 4794 rat.
414 4737 471 4796 Si
507 4737 687 4808 igitur
724 4737 977 4811 simplici
1045 4738 1265 4796 animaa
1305 4738 1664 4812 multiplices
1724 4743 1924 4796 motus

269 4825 460 4885 inesse
482 4827 892 4899 intelligimus,
948 4832 1005 4885 et
1055 4827 1206 4885 alios
1250 4843 1388 4885 cum
1422 4827 1551 4886 aliis
1615 4829 1918 4903 componi,

269 4920 326 4974 et
386 4918 658 4974 diversos
747 4934 888 4976 cum
975 4918 1249 4987 diversis,
1316 4933 1513 4992 neque
1575 4919 1926 4993 simpliciter

267 5007 445 5078 uniri,
476 5009 756 5081 quamvis
786 5008 924 5082 ipsa
953 5008 1024 5066 sit
1062 5009 1415 5080 intelligens,
1444 5008 1794 5083 nullamque
1821 5007 1925 5066 ad-

269 5097 612 5156 mistionem
631 5098 799 5164 ferat,
832 5099 1021 5157 multo
1038 5101 1234 5171 magis
1262 5100 1602 5158 existimare
1631 5100 1926 5158 debemus

269 5189 732 5262 temperationes
770 5189 873 5247 illo
898 5190 1206 5247 communi
1243 5189 1428 5246 modo
1463 5205 1586 5246 non
1615 5189 1791 5261 uniri,
1819 5189 1925 5247 sed

269 5277 574 5352 peculiari,
615 5295 754 5336 cum
783 5279 1115 5354 praesertim
1137 5283 1194 5336 et
1230 5279 1545 5337 materiam
1582 5279 1848 5337 habeant
1869 5285 1926 5338 et

268 5368 505 5442 penitus
571 5369 1024 5442 permistionem
1089 5370 1420 5445 suscipiant
1481 5385 1553 5428 eo
1616 5369 1783 5444 quod
1809 5370 1926 5429 sint

270 5459 754 5532 temperationes.
782 5463 930 5518 Nam
957 5459 1211 5518 etiamisi
1251 5460 1425 5518 detur
1463 5459 1668 5534 aliqua
1701 5463 1925 5534 tempe-

272 5547 419 5605 ratio
480 5564 616 5622 quae
682 5549 998 5608 materiam
1056 5565 1180 5607 non
1239 5549 1445 5620 habet,
1500 5553 1925 5608 verumtamen

270 5636 414 5713 quia
433 5639 788 5714 temperatio
824 5641 932 5714 est,
974 5637 1404 5701 admistionem
1441 5639 1708 5715 suscipit.
1749 5641 1922 5699 Tem-

2031 4559 2302 4631 ejusdem
2360 4558 2593 4630 generis
2647 4559 2886 4616 attrahit
2942 4559 3124 4617 etiam
3180 4557 3327 4615 illud
3383 4554 3548 4631 quod
3602 4557 3692 4611 est

2031 4649 2304 4720 ejusdem
2340 4647 2591 4720 generis.
2634 4651 2837 4705 Utrum
2878 4649 3077 4720 igitur,
3118 4664 3257 4706 cum
3286 4651 3504 4704 natura
3522 4643 3691 4720 prin-

2031 4739 2189 4813 cipia
2220 4737 2516 4812 simplicia
2545 4738 2978 4805 constituisset,
3011 4743 3067 4795 et
3103 4737 3183 4795 ad
3221 4737 3568 4794 mistionem
3603 4749 3692 4790 se-

2033 4829 2301 4888 cundum
2342 4829 2838 4902 temperationem
2889 4829 3182 4902 principia
3217 4827 3319 4885 illa
3357 4825 3691 4883 concurris-

2033 4923 2187 4989 sent,
2229 4922 2605 4976 attraxerunt
2640 4917 2786 4974 illud
2824 4917 2990 4992 quod
3029 4917 3263 4974 misceri
3292 4914 3541 4990 potuit?
3564 4917 3692 4970 Non

2033 5009 2194 5066 enim
2246 5007 2392 5064 illud
2449 5005 2614 5080 quod
2663 5007 2908 5083 nullum
2965 5005 3212 5062 omnino
3264 5004 3538 5061 habitum
3601 5005 3693 5059 est

2033 5099 2425 5155 consecutum
2483 5095 2898 5168 turpissimum
2955 5095 3179 5168 aliquid
3233 5093 3344 5149 sibi
3384 5092 3686 5165 proponit.

2034 5189 2200 5244 Esset
2223 5185 2384 5242 enim
2408 5189 2669 5242 erratum
2693 5200 2764 5242 ac
2786 5185 3075 5257 probrum
3097 5187 3350 5240 naturae.
3366 5185 3692 5254 Postquam

2033 5277 2212 5348 igitur
2239 5274 2388 5332 illud
2420 5273 2589 5348 quod
2618 5290 2741 5331 non
2781 5279 2907 5331 crat
2935 5290 3067 5330 esse
3094 5273 3271 5347 coepit
3307 5276 3366 5329 et
3411 5270 3689 5328 habitum

2033 5368 2322 5440 adeptum
2361 5369 2468 5433 est,
2527 5365 2728 5422 statim
2768 5364 3056 5421 diffusum
3093 5364 3156 5421 in
3184 5363 3453 5420 diversas
3490 5365 3693 5436 partes

2031 5457 2195 5515 varie
2231 5458 2520 5530 permeat,
2587 5459 2766 5528 atque
2827 5453 3048 5512 idcirco
3102 5454 3232 5512 aliis
3295 5445 3588 5511 uniuntur
3643 5455 3701 5511 et

2032 5547 2286 5605 diversis
2316 5545 2608 5609 diversas,
2633 5559 2757 5601 non
2787 5547 2991 5601 tamen
3010 5561 3151 5602 cum
3180 5545 3463 5602 omnibus
3489 5544 3697 5602 omnia

2031 5635 2335 5698 Facultate
2351 5634 2535 5710 igitur
2549 5633 2755 5695 omnia
2775 5639 2914 5695 sunt
2933 5650 3126 5694 unum
3144 5635 3208 5695 in
3229 5638 3472 5716 natura,
3488 5633 3594 5693 sed
3608 5648 3696 5691 se-
