4130 6414
241 311 270 366 1
280 309 383 370 281

1173 308 1530 368 THEODORI
1563 308 1629 364 II.
1661 307 1756 364 DE
1785 304 2252 370 OOMMUNIONE
2279 307 2655 368 NATURALI.

3499 310 3636 374 me:

272 433 460 493 συνέϐη
480 437 574 487 καὶ
599 435 819 496 ταύταις
844 437 1029 506 οχίσις
1057 452 1113 488 τε
1139 439 1230 488 καὶ
1282 431 1586 495 διάστασις.
1646 437 1869 506 Πότερον
1927 466 1972 513 Α
2032 451 2120 484 και
2189 441 2470 506 πανταχοῦ
2529 454 2621 488 και
2693 435 2800 508 οὐχ
2845 437 2912 497 ὡς
2973 440 3160 510 μερικη
3214 444 3466 512 μερικοῖς,
3525 437 3633 492 ἀλλ’

271 522 358 578 οὖν
398 523 447 576 ἓν
485 530 558 594 τῷ
609 524 804 586 ταύτας
860 524 1168 596 μερίζεσθαι
1228 523 1534 583 συνεισῆλθε
1578 531 1639 595 τῇ
1703 523 1871 574 αὐτῶν

273 611 532 690 διαιρέσει
557 615 616 664 τὸ
650 611 845 683 ἀγαθόν
892 632 983 664 και
1023 617 1083 664 1'6
1112 618 1406 688 χείριστον,
1439 618 1496 665 1'6
1547 616 1729 685 μικτόν
1782 631 1871 662 και

269 704 328 753 1'6
401 696 718 766 στασιῶδες,
808 708 1023 754 κακεῖνα
1095 706 1154 754 1'6
1204 701 1466 754 ποικίλλον
1541 701 1868 773 εἰσήγαγον;

270 792 534 861 πεφύκασι
587 793 688 861 γὰρ
746 788 1026 842 ποικῦιλειν
1080 794 1144 842 1'61
1195 793 1333 863 μέσα
1387 792 1444 842 αἱ
1504 789 1868 852 ἐναντιότητες,

271 883 445 954 ὥσπερ
485 900 576 932 και
621 878 704 932 ἐπὶ
728 888 828 932 τῶν
858 883 1170 953 σχημάτων.
1198 880 1255 933 Ἡ
1286 884 1385 954 γὰρ
1445 878 1728 941 διάστασις
1771 890 1871 932 τῶν

275 973 419 1023 θείων
477 989 568 1021 και
618 988 717 1021 των
783 967 1112 1043 ἀνθρωπίνων
1167 967 1302 1022 οὖσα
1356 970 1540 1034 πολλὴ,
1597 970 1759 1028 αὐτήν
1813 966 1872 1022 δὲ

273 1054 450 1117 ἐπειδὴ
545 1053 640 1110 διὰ
717 1060 881 1129 μέσον
933 1061 1068 1118 τινὸς
1105 1058 1437 1132 ἁρμοσθῆναι
1516 1061 1582 1120 ὡς
1633 1061 1872 1112 ὁπωσοῦν

274 1146 467 1223 ἀρχὴν,
519 1150 578 1200 τὸ
629 1151 788 1220 μέσον
846 1150 1040 1199 τούτων
1090 1147 1194 1210 ἕξις
1245 1147 1499 1202 ἐποίκιλλε
1549 1158 1874 1224 τετραμερῶς

271 1257 360 1288 και
396 1235 701 1309 πολυμερῶς
744 1257 757 1269 ·
806 1237 836 1294 ἠ
891 1239 992 1311 γὰρ
1019 1243 1110 1288 τοῦ
1144 1239 1380 1290 τοιούτου
1425 1241 1642 1314 στέρησι
1672 1237 1874 1309 ἀγαθοῦ

270 1331 364 1384 τὴν
394 1325 496 1389 ἕξιν
535 1327 724 1400 ἔφερεν,
757 1324 892 1383 αὕτη
959 1321 1018 1378 δὲ
1061 1330 1156 1393 τὴν
1216 1326 1499 1396 ποικιλίαν,
1549 1331 1605 1380 1'6
1639 1327 1873 1380 ποικιλον

270 1417 336 1467 τὰ
364 1420 646 1488 σχήματα,
699 1419 789 1467 καὶ
835 1421 1003 1467 ταῦτα
1053 1419 1147 1472 τὴν
1199 1416 1400 1483 ἕνωσιν,
1453 1417 1588 1469 ὥστε
1641 1413 1736 1469 διὰ
1780 1424 1874 1470 τοῦ

273 1507 436 1576 μέσου
476 1523 529 1556 τε
551 1508 641 1557 καὶ
667 1501 904 1556 ποικίλου
939 1506 1005 1556 1'61
1039 1498 1300 1556 διεστῶτα
1355 1504 1704 1564 συνήλθοσαν.
1767 1513 1876 1569 Τῆς

274 1596 364 1666 μὲν
418 1589 504 1645 οὖν
569 1591 828 1654 ποικιλίας
877 1595 1074 1645 τούτων
1129 1598 1219 1646 καὶ
1271 1601 1368 1653 τῆς
1424 1593 1648 1656 ἑνώσεως
1693 1595 1874 1670 ἐτέρων

271 1682 434 1754 λόγων
475 1680 617 1754 λόγοι
669 1683 858 1754 ἔχουσι
943 1686 1038 1740 τὴν
1127 1679 1418 1752 ἀπόδειξιν,

271 1773 504 1845 κράσεων
530 1772 554 1823 ὁ
576 1779 664 1823 νῦν
689 1775 884 1832 σκοπός
911 1768 1246 1846 ἐφαρμόδιος.

1503 1689 1622 1758 περὶ
1663 1682 1723 1737 δὲ
1774 1693 1874 1737 τῶν

338 1948 414 2024 β’.
473 1953 757 2024 Διῄρηνται
811 1955 937 2022 γοῦν
1003 1951 1060 2002 αἱ
1102 1950 1312 2025 κράσεις
1363 1949 1465 2003 ἀπὸ
1518 1959 1611 2013 τῆς
1676 1953 1874 2024 φύσεως

264 2046 337 2111 τῷ
393 2044 571 2113 τρόπῳ
641 2038 694 2092 ὃν
736 2043 858 2112 πρὶν
911 2041 1140 2111 εἴπομεν,
1194 2039 1352 2092 αὗται
1404 2036 1464 2094 6“:
1509 2045 1875 2114 μεμονωμένως

266 2128 462 2202 οἰμῶσι
513 2147 603 2181 και
658 2131 954 2201 μίγνυνται.
1008 2132 1305 2202 Θεωρητίον
1360 2136 1486 2200 γοῦν
1542 2129 1702 2191 αὐτὰς
1756 2131 1875 2183 καθ’

267 2217 428 2279 αὐτὰς
462 2218 598 2280 ὅπως
624 2216 730 2270 εἰσί
766 2236 821 2271 τε
873 2237 964 2270 και
994 2225 1324 2274 κοινωνοῦσι.
1387 2224 1551 2271 Τοῦτο
1602 2214 1662 2272 δὲ
1715 2218 1876 2280 οὕτως

269 2305 330 2358 ἂν
360 2308 539 2382 εὑρεθῇ
576 2327 589 2339 ·
624 2304 994 2370 ἒξπασθέντων
1051 2315 1148 2359 τῶν
1205 2311 1485 2378 στοιχείων
1542 2326 1596 2360 τε
1647 2327 1738 2360 και
1785 2316 1877 2370 τῆς

269 2399 488 2470 φύσεως,
519 2417 610 2450 και
639 2397 669 2456 ἡ
698 2399 788 2470 μεν
815 2393 902 2449 οὖν
948 2399 1106 2471 φύσις
1143 2401 1288 2456 κοινὴ
1346 2403 1480 2450 πᾶσι
1527 2418 1618 2451 και
1670 2401 1875 2452 πάντων

270 2494 640 2561 κατηγορεῖται
704 2505 796 2538 και
849 2489 1258 2558 γνωματεύεται,
1340 2507 1431 2539 και
1487 2491 1694 2561 κέντρον
1748 2509 1876 2541 παν-

271 2582 476 2649 ταχόσε
505 2577 802 2650 εὑρίσκεται
837 2595 928 2628 και
958 2574 1102 2651 ἀρχὴ
1157 2596 1248 2628 και
1301 2579 1472 2648 πηγὴ,
1527 2596 1618 2628 και
1656 2596 1736 2628 τοι
1785 2597 1876 2629 και

271 2685 370 2717 των
400 2666 570 2740 ἄκρων
601 2663 690 2724 ὅλη
725 2661 905 2718 διόλου
931 2663 1046 2718 ἐστί
1066 2684 1157 2717 και
1207 2673 1308 2716 τῶν
1345 2670 1648 2738 μεσοτήτων
1682 2667 1877 2738 ὁμοίως

247 2883 405 2947 sunt,
435 2879 737 2936 interdum
751 2879 933 2936 etiam
955 2879 1343 2950 conveniunt,
1387 2895 1462 2936 ex
1487 2895 1559 2936 eo
1587 2880 1656 2936 ﬁt
1682 2885 1746 2937 ut
1767 2895 1905 2937 con-

246 2969 600 3025 venientiam
614 2985 683 3026 ac
695 2968 1040 3026 distantiam
1054 2969 1166 3025 illis
1179 2969 1451 3026 accidere
1466 2969 1908 3026 animadverta—

2033 524 2104 584 ὡς
2128 524 2333 576 πάντων
2358 527 2527 589 κοινὴ,
2561 525 2616 576 αἱ
2663 520 2722 578 δὲ
2771 527 2982 596 κράσεις
3029 525 3081 579 ἐν
3133 531 3224 598 μιν
3276 535 3340 600 τῇ
3381 529 3534 600 φύσει
3571 529 3638 588 ὡς

2033 631 2124 664 και
2152 614 2216 664 τὰ
2241 621 2506 684 στοιχεῖα,
2562 611 2687 667 ἕπόιν
2755 611 2815 666 6“:
2861 615 3176 669 ποικιλθῶσι
3225 617 3426 690 ῥέποιεν
3483 617 3556 680 εἰς
3609 617 3637 669 ὅ

2032 704 2324 773 πεφύκασιν
2383 701 2601 769 ἑκάστη,
2670 704 2840 764 καθὼς
2888 709 3214 779 προείρηται.
3264 706 3387 760 Εἰσί
3435 701 3496 760 δὲ
3546 724 3638 762 και

2033 793 2241 864 κράσεις
2270 795 2342 863 μὴ
2376 791 2572 859 ὑλικαί,
2629 793 2815 854 αἵτινες
2843 795 2980 846 κατὰ
3001 797 3088 846 τόν
3127 794 3283 848 αὐτόν
3343 795 3494 866 λόγον
3546 815 3638 848 και

2034 880 2187 934 αὐταί
2214 889 2523 942 κοινωνοῦσι
2575 888 2674 944 τῆς
2729 885 2926 954 φύσεως
2959 904 2972 916 ·
3007 883 3051 936 εἰ
3092 886 3191 956 γὰρ
3219 903 3312 936 και
3356 884 3508 938 αὗται
3559 889 3632 956 μὴ

2034 971 2230 1038 ύλικαί,
2288 970 2398 1023 ἀλλ’
2453 967 2540 1024 οὖν
2595 973 2678 1024 ὃτι
2733 975 2945 1046 κράσεις
2991 977 3199 1045 μικταί,
3247 975 3420 1036 καθὼς
3465 972 3512 1026 ἐν
3563 981 3638 1046 τῷ

2032 1064 2264 1134 προτέρῳ
2303 1063 2508 1135 εἴρηται
2544 1059 2679 1132 λόγῳ
2721 1082 2734 1094 ·
2795 1062 2902 1114 οἷον
2949 1063 3021 1126 ὥς
3082 1063 3169 1115 ἐπί
3223 1070 3324 1116 τῶν
3370 1071 3639 1136 μουσικῶν

2033 1149 2312 1222 ἁρμονιῶν,
2366 1148 2451 1202 ἐπί
2497 1157 2596 1202 τῶν
2645 1169 2939 1222 σχηματων
2991 1159 3091 1204 τῶν
3144 1159 3362 1222 νοητῶν,
3414 1150 3499 1204 ἐπί
3538 1159 3639 1204 τῶν

2037 1241 2271 1311 σχέσεων
2321 1246 2422 1290 τῶν
2493 1257 2549 1290 τε
2623 1238 2984 1312 ἀριθμητικῶν
3033 1259 3124 1292 και
3181 1247 3282 1292 τῶν
3349 1239 3514 1294 ἄλλων
3569 1240 3640 1293 ὧν

2035 1330 2262 1400 εἴπομεν.
2324 1329 2391 1380 Αἱ
2421 1323 2472 1380 δ’
2525 1327 2701 1380 ὑλικαί
2752 1329 2965 1400 κράσεις
3022 1348 3114 1381 και
3160 1328 3318 1382 αύται
3365 1336 3428 1402 τῇ
3485 1331 3644 1404 ὁμοίᾳ

2035 1417 2180 1480 τάξει
2220 1424 2528 1470 κοινωνοῦσι
2579 1424 2674 1478 τῆς
2721 1419 2918 1490 φύσεως
2965 1436 3057 1472 και
3092 1419 3416 1492 μερίζονται,
3479 1421 3547 1472 1'61
3580 1415 3641 1474 δὴ

2039 1514 2284 1579 στοιχεῖα
2339 1506 2433 1558 οὐκ
2490 1505 2690 1578 ἀλόγως
2744 1513 3078 1560 κοινωνοῦσιν
3130 1507 3315 1571 αὐτῆς,
3374 1527 3467 1560 και
3507 1511 3640 1581 πρὸς

2037 1595 2196 1649 ἑαυτὰ
2228 1600 2375 1668 πηγὴ
2423 1599 2564 1662 ὄντα,
2629 1614 2722 1648 και
2748 1614 2831 1648 τοι
2877 1603 2976 1648 τῶν
3028 1597 3284 1670 κράσεων,
3345 1594 3474 1649 ἀλλὰ
3520 1593 3639 1650 καθ’

2036 1685 2350 1758 ἁρμονικοὺς
2417 1684 2603 1757 λόγους
2681 1681 3046 1752 διπλασίονας,
3119 1684 3396 1758 ἡμιολίους
3436 1703 3494 1739 τε
3549 1705 3642 1748 και

2037 1773 2330 1849 ἐπιτρίτους
2371 1795 2384 1807 '
2416 1776 2587 1826 πάντα
2642 1775 2744 1846 γὰρ
2789 1775 2856 1826 1'61
2900 1773 3018 1826 καθ’
3058 1775 3194 1826 αὑτὰ
3245 1775 3501 1848 ἡνωμένα,
3549 1794 3643 1828 και

2036 1867 2108 1936 μὴ
2166 1859 2219 1916 δ’
2283 1862 2468 1933 ἄλλων,
2534 1862 2786 1920 κυκλικὴν
2838 1866 2932 1921 τὴν
2990 1867 3294 1938 συστροφὴν
3350 1865 3570 1934 ἔχουσιν
3623 1881 3638 1898 ο

2036 1956 2260 2011 ἤνωνται
2309 1955 2412 2028 γὰρ
2445 1971 2538 2005 και
2588 1954 2656 2004 1'61
2706 1958 2800 2003 τῶν
2857 1953 3113 2024 σωμάτων
3165 1955 3295 2025 μίρη
3341 1971 3439 2004 και
3488 1951 3642 2024 μέλη,

2034 2043 2102 2094 τά
2126 2061 2182 2096 τε
2230 2049 2331 2094 τῶν
2362 2039 2588 2112 ἀψύχων
2635 2059 2726 2092 και
2759 2047 2859 2092 τῶν
2907 2039 3189 2112 ἐμψύχων,
3245 2038 3354 2092 ἀλλ’
3405 2039 3464 2092 ού
3520 2041 3641 2093 καθ’

2037 2129 2174 2183 αὐτὰ
2208 2133 2334 2205 πρὸς
2381 2129 2517 2182 αὐτὰ
2563 2128 2658 2182 ὅλα
2712 2135 2818 2190 τοῖς
2861 2128 3002 2191 ὅλοις
3047 2129 3229 2182 ἕνωσιν
3277 2130 3490 2201 ἔχουσι,
3553 2125 3648 2182 διὰ

2036 2228 2137 2273 τῶν
2191 2224 2363 2292 μέσων
2413 2215 2473 2272 6“:
2520 2217 2757 2271 ἑνοῡνται
2807 2219 2875 2271 τὰ
2928 2219 3276 2293 παρεκάτερα,
3334 2219 3365 2276 ἡ
3433 2213 3494 2272 6":
3544 2225 3647 2270 τῶν

2041 2313 2322 2382 στοιχείων
2376 2309 2556 2369 ἕνωσις
2593 2307 2653 2360 ού
2684 2309 2926 2376 τοιαύτη,
2968 2305 3077 2360 ἀλλ’
3107 2306 3197 2366 ὅλη
3239 2312 3343 2368 τοῖς
3381 2305 3515 2368 ὅλοις
3571 2302 3646 2359 δι’

2037 2398 2164 2452 ὅλων
2193 2417 2284 2451 και
2310 2396 2405 2450 ούκ
2456 2396 2507 2450 ἐν
2560 2399 2706 2471 μέσῳ
2755 2404 2922 2452 τινῶν.
2969 2394 3127 2449 Ἐστι
3167 2392 3227 2449 δὲ
3278 2415 3368 2448 και
3396 2395 3541 2459 τάξις
3597 2397 3647 2448 ἐν

2038 2487 2211 2548 αὐτοῖς
2252 2488 2388 2538 κατά
2424 2506 2480 2539 τε
2529 2488 2586 2538 τὸ
2635 2486 2740 2537 ἄνω
2793 2504 2885 2537 και
2925 2488 2984 2537 1'6
3023 2486 3188 2554 κάτω,
3246 2487 3306 2536 1'6
3349 2483 3540 2556 μᾶλλόν
3591 2503 3650 2537 τε

2036 2597 2124 2628 και
2170 2579 2229 2628 τὸ
2261 2575 2435 2646 ἦττον,
2467 2577 2526 2626 1'6
2554 2576 2740 2641 ποσόν,
2777 2576 2836 2626 τὸ
2889 2578 3081 2646 κοῦφόν
3133 2591 3187 2626 τε
3237 2593 3329 2625 και
3368 2571 3520 2648 βαρῖ,
3557 2591 3653 2626 και

2034 2667 2169 2719 κατὰ
2362 2667 2422 2717 τὸ
2493 2663 2600 2716 ἄνω
2667 2681 2758 2715 και
2821 2663 2983 2732 κάτω,
3051 2681 3142 2714 και
3190 2661 3325 2723 αὐτη
3397 2657 3552 2722 δηλοί
3613 2663 3646 2720 ἦ

2015 2879 2132 2937 bus
2161 2879 2506 2947 misceatur,
2549 2878 2655 2934 sed
2675 2878 3026 2936 utomnium
3051 2876 3678 2949 communis.Tempe‘-

2015 2969 2276 3024 rationes
2306 2973 2509 3024 autem
2548 2967 2681 3024 aliae
2709 2967 2958 3039 quidem
2973 2970 3360 3037 suntnatura,
3411 2971 3477 3022 ut
3497 2965 3680 3022 etiam

252 3073 410 3112 mus.
436 3059 834 3129 Utrumigitur
849 3074 988 3114 cum
1015 3057 1582 3128 dividerentur,una
1601 3076 1742 3116 cum
1758 3059 1908 3115 divi-
1941 3095 1984 3149 ο
2018 3057 2330 3113 elementa.
2361 3059 2686 3129 Postquam
2713 3071 2856 3112 vero
2880 3055 3230 3112 varietatem
3258 3057 3672 3127 susceperunt,

254 3147 422 3202 sione
442 3147 708 3218 ipsarum
719 3148 1018 3220 irrepserit
1030 3148 1261 3204 bonum
1277 3154 1330 3204 et
1345 3147 1588 3220 malum,
1635 3148 1910 3220 proclivi—

252 3240 341 3290 tas
368 3236 446 3292 ad
486 3236 848 3303 mistionem,
883 3242 938 3293 et
964 3236 1304 3310 proclivitas
1338 3237 1419 3293 ad
1480 3238 1908 3307 secessionem,

251 3328 335 3384 ita
363 3331 424 3382 ut
453 3327 804 3383 varietatem
834 3326 1179 3383 induxerint
1215 3329 1244 3384 7
1282 3330 1430 3383 Nam
1463 3328 1913 3384 contrarietates

255 3416 450 3472 solent
472 3416 844 3473 intermediis
880 3417 1234 3473 varietatem
1261 3416 1496 3486 aﬂ‘erre,
1538 3422 1603 3473 ut
1646 3417 1827 3474 etiam
1849 3417 1918 3472 ﬁt

252 3506 312 3561 in
341 3505 572 3575 ﬁguris,
607 3505 754 3562 Cum
775 3504 935 3562 enim
953 3505 1610 3577 distantiapositionum
1645 3513 1700 3562 et
1717 3522 1917 3563 rerum

253 3595 664 3652 humanarum
699 3596 860 3666 (quas
885 3609 1114 3664 magna
1135 3593 1245 3666 est)
1266 3595 1623 3652 intermedio
1648 3596 1918 3668 quodam

253 3688 412 3741 esset
436 3681 781 3755 copulanda
823 3700 836 3738 :
887 3682 1108 3738 harum
1159 3682 1514 3739 intermedio
1573 3687 1920 3740 varietatem

254 3771 714 3846 quadruplicem
753 3771 1030 3844 adeoque
1056 3771 1449 3844 multiplicem
1483 3771 1766 3828 habilitas
1779 3788 1920 3829 con-

257 3861 492 3918 ciliavit.
527 3863 678 3917 Nam
717 3860 850 3916 talis
880 3860 1026 3916 boni
1064 3860 1324 3933 privatio
1362 3860 1738 3917 habilitatem
1771 3866 1922 3916 attu-

258 3949 344 4015 lit,
369 3949 649 4006 habilitas
683 3965 823 4005 vero
835 3951 1186 4007 varietatem
1211 3969 1230 4021 ;
1260 3951 1520 4006 varietas
1543 3953 1744 4006 autem
1767 3949 1922 4020 ﬁgu-

260 4054 383 4109 ras,
399 4043 455 4096 et
467 4038 678 4108 ﬁgurae
691 4038 1160 4111 copulationem.
1178 4038 1585 4104 Quamobrem
1610 4055 1747 4111 quae
1771 4039 1924 4095 inter

261 4144 323 4184 se
363 4126 1377 4194 multumdistabant,intercedente
1418 4126 1838 4200 aliquomedio
1867 4133 1925 4210 et

257 4218 426 4274 vario
447 4229 802 4274 convenere.
831 4217 1110 4273 Rationes
1137 4221 1339 4272 autem
1356 4216 1661 4272 varietatis
1702 4216 1923 4272 horum

260 4312 318 4363 et
353 4305 752 4379 copulationis
778 4304 896 4362 alio
948 4305 1010 4361 in
1061 4305 1195 4362 loco
1251 4304 1509 4378 aliisque
1547 4306 1924 4375 argumentis

260 4394 768 4452 demonstrantur.
816 4396 985 4451 Nunc
1040 4409 1184 4450 vero
1255 4394 1626 4451 tractationis
1647 4393 1799 4450 ordo
1832 4409 1924 4450 re-

260 4485 539 4558 quiritut,
568 4483 1093 4557 quemadmodum
1108 4484 1486 4557 propositum
1509 4487 1600 4540 est
1615 4483 1815 4548 nobis,
1848 4483 1926 4541 de

263 4573 800 4647 temperationibus
825 4573 1124 4630 dicamus.

340 4756 398 4809 2.
431 4753 736 4809 Dictinctaa
753 4755 893 4808 sunt
927 4751 1107 4822 igitur
1128 4750 1589 4823 temperationes
1620 4766 1658 4808 a
1709 4752 1928 4808 natura

271 4841 456 4900 modo
484 4858 670 4915 quem
701 4847 838 4899 ante
851 4841 1132 4898 diximus.
1151 4845 1303 4913 ipsae
1317 4846 1518 4896 autem
1532 4840 1812 4898 solitaria
1831 4841 1925 4897 in-

269 4932 467 4990 ferunt
503 4949 566 4990 se
594 4937 651 4988 et
691 4932 1038 4990 miscentur.
1093 4933 1240 4989 Sunt
1290 4931 1470 5001 igitur
1529 4931 1676 5004 ipsas
1715 4945 1823 5004 per
1859 4945 1927 4988 se

270 5037 550 5079 seorsum
563 5021 1018 5079 considerandas
1031 5035 1155 5093 quo
1171 5020 1358 5077 modo
1366 5019 1656 5077 exsistant
1668 5024 1728 5076 et
1747 5035 1931 5093 copu-

267 5111 484 5168 lentur.
514 5113 634 5168 Hoc
673 5116 877 5168 autem
906 5109 1156 5167 inveniri
1184 5109 1401 5182 poterit
1455 5109 1504 5164 si
1546 5109 1841 5166 elementa
1869 5113 1930 5166 et

269 5206 558 5259 naturam
585 5201 939 5275 perscrutati
969 5200 1279 5257 fuerimus.
1319 5203 1402 5255 Ac
1428 5203 1647 5256 natura
1679 5199 1929 5273 quidem

272 5291 674 5348 communiter
699 5296 757 5348 et
784 5290 1470 5355 deomnibusdicitur,et
1488 5289 1661 5360 quasi
1678 5304 1926 5360 gnomo-

271 5379 454 5438 nibus
481 5380 959 5438 circumdaturet
970 5379 1376 5452 undequaque
1389 5384 1660 5435 centrum
1699 5393 1930 5435 essere-

275 5469 518 5541 peritur,
553 5468 918 5542 principium
939 5473 996 5525 et
1013 5467 1170 5537 fons,
1198 5467 1334 5523 licet
1369 5465 1544 5522 etiam
1573 5469 1698 5523 tota
1712 5481 1821 5539 per
1835 5469 1932 5522 to-

277 5564 370 5614 tas
393 5559 816 5628 extremitates,
850 5557 1190 5615 medietates
1202 5569 1537 5627 omnesque
1548 5555 1704 5612 adeo
1730 5559 1934 5628 partes

345 5645 676 5716 diffundat,
691 5662 890 5721 neque
904 5651 970 5706 ut
980 5644 1354 5720 particularis
1370 5659 1511 5702 cum
1555 5643 1932 5716 particulati-

2017 3147 2077 3202 in
2090 3146 2235 3202 illud
2260 3145 2605 3202 inﬂuuntad
2619 3145 2786 3217 quod
2797 3149 2952 3217 apta;
2974 3149 3251 3217 nataeque
3281 3147 3438 3215 sunt,
3463 3159 3679 3216 quem-

2020 3234 2346 3290 admodum
2375 3238 2510 3290 ante
2536 3233 2756 3289 dictum
2778 3236 2888 3289 est.
2958 3234 3120 3290 Sunt.
3144 3237 3346 3288 autem
3396 3232 3681 3305 quaedam

2020 3323 2484 3395 temperationes
2498 3336 2620 3378 non
2635 3322 2964 3378 materiatae
2975 3336 3113 3394 quas
3125 3321 3425 3394 exieadem
3450 3320 3682 3377 ratione

2021 3411 2168 3484 ipsas
2191 3425 2438 3483 quoque
2467 3414 2749 3466 naturam
2774 3409 3152 3482 participant.
3206 3409 3491 3476 Quamvis
3519 3409 3683 3466 enim

2025 3501 2143 3556 sint
2183 3500 2451 3556 materiei
2487 3503 2780 3572 expertes,
2816 3499 2960 3572 quia
2997 3504 3202 3556 tamen
3224 3503 3365 3555 sunt
3392 3503 3686 3570 tempera-

2025 3589 2238 3656 tiones,
2273 3593 2412 3644 sunt
2476 3587 2857 3644 admistionis
2897 3587 3239 3660 participes,
3297 3591 3364 3643 ut
3411 3587 3591 3644 etiam
3619 3587 3686 3644 in

2027 3678 2224 3751 priore
2241 3691 2517 3734 sermone
2528 3677 2870 3746 docuimus,
2883 3676 2978 3749 cuj
2987 3676 3228 3733 usmodi
3248 3679 3392 3732 sunt
3414 3675 3477 3732 in
3499 3674 3693 3732 musis

2032 3768 2116 3824 cis
2143 3766 2575 3837 instrumentis,
2607 3766 2669 3823 in
2695 3767 2907 3838 ﬁguris
2935 3781 3072 3840 qua
3087 3766 3204 3822 sub
3233 3765 3687 3837 intelligentiam

2032 3856 2278 3922 cadunt,
2309 3856 2372 3912 in
2402 3855 2961 3928 comparationibus
3029 3854 3416 3912 arithmeticis
3465 3859 3523 3912 et
3558 3853 3690 3912 aliis

2031 3944 2212 4000 rebus
2237 3959 2502 4016 quarum
2531 3943 2943 4000 meminimus.
2991 3946 3172 4000 Porro
3226 3941 3693 4015 temperationes

2033 4034 2362 4091 materiatae
2387 4033 2568 4090 etiam
2607 4033 2757 4104 ipsas
2787 4033 3003 4090 eadem
3033 4032 3264 4090 ratione
3313 4047 3453 4088 cum
3468 4035 3693 4090 natura

2033 4122 2527 4178 communionem
2585 4121 2814 4178 habent
2855 4126 2914 4179 et
2964 4121 3419 4195 dispartiuntur.
3468 4124 3542 4178 At
3570 4120 3689 4178 ele-

2032 4215 2239 4268 menta
2300 4225 2426 4267 non
2499 4210 2731 4283 absque
2809 4210 3039 4268 ratione
3085 4209 3449 4283 participant
3499 4209 3688 4278 illam,

2033 4300 2254 4358 etiamsi
2282 4299 2524 4357 sibisint
2540 4299 2676 4356 fons
2693 4303 2750 4357 et
2795 4299 2966 4370 origo
2996 4299 3500 4373 temperationum
3535 4314 3549 4367 ;
3583 4297 3693 4356 sed

2034 4389 2395 4464 participant
2419 4388 2756 4445 secundum
2766 4387 3156 4445 harmonicas
3176 4388 3440 4445 rationes
3469 4403 3692 4461 nempe

2034 4479 2274 4552 duplas,
2305 4477 2726 4550 sesquialteras
2770 4482 2829 4534 et
2850 4477 3280 4551 sesquitertias.
3347 4480 3499 4534 Nam
3522 4491 3690 4550 quas-'-

2034 4583 2273 4641 cunque
2297 4583 2405 4640 per
2441 4581 2504 4623 se
2515 4566 2806 4623 uniuntur
2836 4571 2894 4623 et
2917 4582 3043 4624 non
3054 4581 3162 4639 per
3177 4566 3318 4633 alia,
3332 4566 3690 4623 circularem

2033 4656 2495 4715 conversionem
2523 4654 2769 4725 habent,
2796 4655 2980 4712 unitas
3004 4655 3167 4712 enim
3236 4659 3378 4712 sunt
3423 4654 3693 4728 corporis

2033 4750 2258 4821 partes,
2282 4749 2341 4802 et
2366 4743 2645 4801 membra
2671 4749 2796 4802 tam
2816 4744 3224 4802 animatorum
3292 4759 3484 4817 quam
3502 4743 3692 4800 inani.

2035 4840 2360 4903 matorum,
2384 4833 2491 4890 sed
2519 4849 2644 4890 non
2665 4834 2799 4907 ipsa
2825 4849 2934 4906 per
2953 4849 3020 4890 se
3044 4837 3170 4890 tota
3194 4849 3333 4889 cum
3343 4834 3482 4889 totis
3523 4831 3695 4889 unita

2038 4930 2196 4992 sunt,
2216 4923 2844 4980 sedintercedentibus
2867 4923 3085 4980 mediis
3095 4923 3248 4980 inter
3259 4937 3322 4978 se
3334 4921 3503 4978 unita
3527 4926 3686 4989 sunt,

2039 5019 2108 5072 At
2127 5014 2560 5071 elementorum
2580 5013 2930 5070 communio
2966 5027 3090 5069 non
3121 5015 3208 5068 est
3245 5010 3398 5080 talis,
3446 5009 3551 5066 sed
3565 5013 3694 5068 tota

2037 5104 2174 5162 totis
2199 5118 2310 5176 per
2326 5105 2456 5158 tota
2467 5100 2652 5157 nullis
2665 5099 3169 5158 intercedentibus
3180 5097 3395 5156 mediis
3423 5097 3696 5155 adunata

2040 5197 2203 5250 sunt.
2229 5193 2329 5248 Est
2363 5189 2546 5246 etiam
2570 5189 2722 5247 ordo
2749 5190 2813 5247 in
2840 5189 2934 5246 his
2961 5188 3298 5246 secundum
3321 5185 3694 5260 superiorem

2039 5287 2098 5340 et
2114 5279 2454 5338 inferiorem
2482 5277 2707 5347 locum,
2733 5277 2798 5335 id
2815 5278 2982 5352 quod
3019 5282 3108 5335 est
3135 5276 3333 5348 magis
3380 5281 3437 5333 et
3456 5275 3684 5345 minus,

2041 5368 2377 5429 secundum
2392 5367 2812 5441 quantitatem,
2824 5367 3146 5436 levitatem,
3159 5372 3216 5424 et
3227 5366 3598 5439 gravitatem,
3612 5365 3698 5423 Ae

2041 5461 2194 5520 ordo
2213 5457 2458 5532 quidem
2479 5456 2818 5514 secundum
2857 5457 3227 5530 superiorem
3284 5455 3696 5514 etinferiorem

2042 5551 2242 5609 locum
2259 5546 2580 5606 manifeste
2597 5547 2874 5604 cernitur.
2904 5550 3055 5605 Nam
3105 5545 3262 5618 ignis
3313 5560 3560 5602 sursum
3573 5543 3699 5602 fer-

2044 5645 2162 5713 tur,
2185 5638 2327 5698 huic
2350 5636 2662 5710 subjicitur
2687 5651 2812 5703 aer,
2830 5652 2995 5711 aqua
3011 5638 3212 5710 magis
3228 5635 3462 5696 accedit
3477 5634 3560 5694 ad
3578 5638 3698 5694 ter-
