4130 6396
256 347 392 408 1285

1143 343 1503 405 111130110111
1542 341 1588 398 ιι
1625 338 1761 396 IMP.
1803 315 1894 390 DE
1933 317 2396 390 COMMUNIONE
2433 335 2785 396 NATURALI

3539 335 3678 402 1286

249 477 462 547 κύκλου,
507 473 678 538 ὶξίσου
714 472 918 544 ἔχοντες
966 461 1060 530 τὴν
1113 467 1419 538 διάστασιν,
1479 470 1549 531 ὡς
1605 467 1631 519 6
1688 469 1728 517 Α
1783 458 1908 547 πρᾷς
1936 458 1985 513 Α
2017 453 2175 536 ⁴Ἔστι
2226 465 2352 530 γοῦν
2410 467 2652 535 συγγενὲς
2699 462 2891 537 μᾶλλον
2933 465 2992 516 16
3032 460 3176 538 ὕδωρ
3232 459 3325 518 διὰ
3368 470 3539 520 ταῦτα
3585 475 3679 530 τῆς

249 570 338 620 τόν
378 573 416 618 Β
446 545 533 637 Ῠτῇ
575 560 877 634 διαστάσει,
929 561 955 613 6
1015 566 1052 612 Γ
1104 562 1228 634 πρὸς
1276 563 1363 613 τόν
1420 566 1474 614 Δ.
1512 553 1796 629 Ἐ’γκείσθω
1851 545 1910 602 δε

247 661 339 709 καὶ
391 662 462 726 τῷ
515 656 708 728 κέντρῳ
751 653 808 704 16
869 656 930 707 Φ.
982 649 1232 722 Ἀχθὴτω
1289 644 1376 702 οὖν
1432 650 1458 702 6
1497 655 1538 702 Υ
1590 646 1774 718 τομεύς
1817 641 1910 692 καὶ

249 744 586 808 ἕξισασθὴτω
615 749 687 811 τῷ
719 747 776 813 Γ,
818 745 909 793 καί
947 741 973 792 ὁ
1014 747 1054 794 Α
1093 747 1166 811 τῷ
1204 747 1264 807 Υ,
1295 743 1386 792 καὶ
1442 739 1468 791 6
1517 744 1561 791 Π
1604 743 1674 790 τῶ
1717 739 1779 804 Α,
1819 733 1910 784 καὶ

250 835 622 909 εὑρεθήσονται
674 831 700 883 6
753 833 842 903 μὶν
894 837 934 883 Υ
975 836 1067 881 τού
1121 833 1158 880 Γ
1208 824 1510 898 διπλάσιος,
1561 828 1586 879 6
1643 821 1702 878 δὲ
1741 829 1782 877 Α
1816 826 1908 874 τοῦ

249 931 291 977 Υ
337 921 593 996 ἡμιόλιος,
648 921 674 974 6
723 914 781 973 δε
836 925 882 972 Π
912 925 1004 972 τού
1062 924 1103 972 Α
1142 915 1418 992 ἐπίτριτος.
1464 917 1674 976 Τεθητω
1716 917 1843 986 γοῦν
1882 909 1908 962 6

252 1015 343 1084 μὲν
391 1009 522 1064 εἶναι
573 1018 668 1082 γῆ,
719 1008 745 1061 6
778 1005 837 1062 δὲ
867 1004 1034 1082 ὕδωρ,
1087 1007 1114 1059 6
1146 1003 1206 1060 δὲ
1245 1006 1367 1081 ἀὴρ,
1410 1007 1436 1060 6
1482 1003 1542 1060 δὲ
1591 1011 1718 1080 πῦρ,
1757 1005 1816 1054 16
1849 997 1909 1053 δε

254 1107 293 1156 Φ
349 1105 556 1175 κέντρον
610 1101 701 1153 καὶ
754 1100 926 1171 φύσις.
971 1097 1032 1150 Εἰ
1077 1103 1201 1169 γοῦν
1260 1098 1340 1149 ὅτι
1405 1097 1458 1149 αἰ
1523 1097 1660 1148 κατὰ
1719 1091 1907 1144 κύκλον

248 1195 492 1266 τέσσαρες
539 1193 692 1264 τομοὶ
731 1191 860 1263 πρὸς
916 1191 974 1241 τὸ
1034 1194 1072 1242 Φ
1129 1188 1498 1256 συνάπτονται,
1553 1189 1583 1245 ἡ
1628 1181 1805 1238 διόλου
1848 1178 1908 1235 δε

249 1285 447 1354 συναφὴ
540 1277 729 1340 κύκλος
814 1277 976 1345 ἐστὶν,
1055 1275 1285 1330 ἑνοῦνται
1360 1279 1465 1350 ἄρα
1535 1274 1656 1328 καθ’
1725 1272 1907 1326 ἕνωσιν

245 1373 466 1443 φυσικὴν
498 1370 528 1428 ἡ
587 1375 626 1421 Γ
664 1374 706 1420 Υ
748 1373 788 1420 Α
821 1373 865 1419 Π
894 1369 1026 1443 πρὸς
1075 1370 1171 1425 τὴν
1221 1373 1260 1420 Φ
1291 1382 1305 1398 °
1365 1368 1446 1419 ὃτι
1485 1361 1544 1418 δὲ
1590 1358 1907 1439 τετραδικῶς

241 1459 545 1532 μερίζονται
611 1457 642 1516 ἢ
709 1461 1050 1532 τριγωνικῶς,
1116 1455 1146 1515 ἦ
1202 1455 1292 1516 τὰς
1338 1457 1429 1528 μὲν
1487 1455 1702 1527 μείζους
1752 1468 1906 1524 περι-

240 1555 404 1621 φερῶς
484 1547 721 1618 ἔχουσιν,
791 1544 994 1606 εύθείως
1071 1539 1130 1597 δι
1193 1546 1290 1607 τὰς
1353 1543 1601 1616 πλαγίας,
1672 1546 1906 1615 φαίνεται

240 1637 324 1688 ὅτι
390 1639 482 1688 καὶ
529 1637 743 1705 κράσεις
800 1632 960 1697 ὃντως
1020 1633 1345 1708 χωρίζονται
1418 1635 1676 1707 κράσεων,
1731 1630 1903 1693 καθὼς

236 1729 330 1779 καὶ
387 1727 454 1778 τὰ
483 1725 556 1788 εἰς
603 1727 725 1787 τούς
775 1730 813 1777 Γ
857 1728 898 1777 Υ
932 1730 969 1778 Α
1025 1730 1067 1777 II
1118 1727 1249 1798 μέρη
1283 1723 1638 1777 ποικίλλονται
1668 1743 1682 1757 ο
1734 1723 1764 1780 ἡ
1799 1723 1901 1794 γὰρ

2019 552 2142 618 γῆς,
2191 551 2281 600 καὶ
2321 549 2381 603 ού
2432 555 2491 604 τό
2521 560 2647 627 πῦρ,
2681 554 2750 615 ὡς
2801 556 2890 606 καὶ
2937 554 2963 606 6
2994 551 3094 629 ἆὴρ
3126 559 3219 606 τοῦ
3247 557 3414 631 πυρὸς
3460 555 3675 629 μᾶλλον,

2020 635 2110 687 καὶ
2167 633 2273 708 οὐχ
2328 638 2359 696 ἡ
2400 646 2493 712 γῆ,
2529 644 2621 694 καὶ
2669 643 2728 694 τό
2760 637 2904 716 ὕδωρ
2952 649 3045 695 τοῦ
3103 641 3270 716 ἀέρος,
3324 649 3414 698 καὶ
3469 644 3530 698 ού
3582 652 3676 699 τού¹

2019 725 2205 796 πυρὸς,
2249 729 2338 779 καὶ
2380 729 2406 780 ὁ
2439 727 2538 806 ἀὴρ
2595 737 2688 784 τοῦ
2719 728 2931 799 ὕδατος,
2984 736 3074 785 καὶ
3104 733 3164 787 ού
3193 741 3291 795 τῆς
3344 741 3466 807 γῆς,
3520 735 3586 796 ὡς
3614 737 3674 788 τὸ

2021 807 2266 886 ἀνάλογον
2323 814 2372 867 ἐν
2423 826 2539 881 ταῖς
2592 826 2686 874 τοῦ
2742 819 2934 875 κύκλου
2991 817 3226 876 δείκνυσι
3265 827 3495 898 μοίραις.
3551 827 3672 878 Κίν-

2019 917 2139 974 τρον
2193 906 2295 980 γὰρ
2346 917 2612 982 παντεχοῡ
2668 927 2723 964 τε
2787 915 2878 964 καὶ
2936 909 2988 974 ἐξ
3052 910 3284 984 ἀνάγκης
3325 911 3439 966 έστὶ
3489 916 3547 966 τὸ
3610 919 3672 984 Ψ,

2018 998 2186 1044 ταῦτα
2234 991 2295 1047 δέ
2326 994 2470 1050 ἐστιν
2501 997 2549 1052 ἓν
2579 995 2652 1053 δι’
2685 999 2838 1054 αλλου
2869 1005 2958 1054 καὶ
2987 1000 3037 1054 ἲν
3086 1000 3259 1076 ἑτέρῳ,
3312 1007 3396 1054 καὶ
3443 1005 3674 1075 γειτνιά-

2021 1079 2108 1140 ζον
2134 1085 2266 1158 πρὸς
2293 1085 2415 1139 ἄλλο
2449 1103 2462 1118 ·
2511 1091 2648 1142 κατά
2695 1093 2754 1143 τό
2810 1089 3000 1163 μᾶλλόν
3029 1107 3085 1143 τε
3131 1094 3304 1144 καὶτὸ
3335 1091 3509 1161 ἧττον,
3542 1093 3672 1165 ὁμοῦ

2020 1166 2080 1223 δὲ
2133 1175 2269 1228 κατὰ
2319 1181 2413 1236 τὴν
2474 1186 2566 1231 τοῦ
2620 1185 2658 1234 Φ
2707 1181 2888 1234 ἕνωσιν
2947 1189 3170 1254 συγγενῆ
3229 1189 3413 1245 κοινῶς
3468 1182 3674 1236 ἅπαντα

2015 1262 2230 1335 κράσεις
2284 1284 2340 1319 τε
2389 1271 2476 1320 καὶ
2525 1277 2788 1341 στοιχεῖα,
2839 1271 2977 1323 κατὰ
3023 1269 3082 1324 δε
3119 1273 3210 1334 τὰς
3243 1274 3406 1346 τομὰς
3444 1275 3533 1326 καὶ
3583 1274 3673 1334 τὰς

2018 1351 2185 1415 θέσεις
2237 1355 2559 1430 μερίζονται.
2606 1356 2818 1419 Ἐπειδὴ
2862 1356 2922 1413 δε
2977 1366 3078 1413 πᾶν
3134 1368 3290 1434 σῶμα
3333 1365 3670 1436 κεχωρισμέ-

2013 1458 2097 1493 νον
2149 1439 2204 1494 ἐκ
2242 1452 2340 1496 τῶν
2397 1445 2574 1523 ἐτέρων
2630 1450 2884 1522 σωμάτων
2936 1454 3027 1503 καὶ
3067 1445 3243 1504 εἰδοπε
3270 1455 3546 1524 ποιημένον
3579 1455 3671 1506 καὶ

2013 1533 2086 1602 μὴ
2119 1533 2188 1594 ὡς
2213 1532 2308 1592 ύλη
2339 1539 2630 1610 νοούμενον,
2671 1537 2780 1590 ἀλλ’
2815 1539 2969 1613 ἄμφω
3000 1539 3054 1592 ὃν
3087 1542 3182 1593 σύν
3207 1548 3279 1613 τῷ
3317 1537 3447 1594 εῖδει
3477 1561 3491 1575 ο
3533 1540 3670 1595 οὕτω

2012 1619 2114 1695 γὰρ
2154 1625 2245 1674 καί
2296 1641 2348 1676 τι
2400 1625 2650 1700 νομισθῇ,
2699 1631 2790 1680 καὶ
2839 1627 2946 1700 ούχ
2999 1627 3172 1692 ἁπλῶς
3220 1628 3315 1689 ὕλη
3379 1631 3614 1704 θεωρηθῇ
3648 1643 3664 1662 ⁶

2012 1711 2072 1761 τὸ
2109 1719 2270 1784 τριχῆ
2305 1717 2442 1788 φέρει
2471 1711 2781 1785 διαστατόν,
2838 1724 2992 1771 τοῦτο
3044 1714 3103 1772 δὲ
3129 1727 3285 1794 τριῶν
3316 1715 3488 1773 δεῖται
3545 1716 3669 1774 δια-

241 1817 372 1890 πρός
427 1817 485 1866 τὸ
546 1819 584 1868 Φ
625 1817 813 1886 σχέσις
860 1812 1110 1871 καθολικὴ
1168 1814 1257 1874 ἕως
1312 1820 1412 1866 τῶν
1465 1809 1668 1865 ἔνδοθεν
1707 1815 1974 1884 τομέωνΒ
2016 1801 2289 1890 στάσεωνι
2331 1804 2450 1880 ὅπερ
2519 1804 2574 1869 ἐξ
2639 1804 2874 1879 ἀνάγκης
2928 1805 3256 1882 ἀποτέλεσμά
3316 1807 3430 1862 ἔστι
3479 1816 3572 1863 τοῦ
3628 1815 3668 1863 Γ

240 1903 677 1977 ἐσχηματισμένη
721 1898 923 1966 διόλου,
956 1901 986 1961 ἡ
1041 1898 1101 1956 δε
1131 1901 1178 1955 ἐν
1214 1910 1286 1974 τῷ
1341 1909 1380 1956 Φ
1427 1906 1629 1975 συναφὴ
1686 1898 1896 1977 ἀμερὴς,

239 1995 303 2054 ὡς
364 1992 425 2045 ἂν
475 1995 694 2066 εἴποιμι,
756 1991 838 2044 ὃτι
889 1992 1034 2045 ἐστὶν
1086 1991 1189 2045 οἷον
1238 1991 1293 2044 ἐκ
1360 1994 1630 2068 τεσσάρων
1671 1994 1900 2064 σημείων

240 2084 500 2156 ἁπτομένη
568 2088 662 2136 τοῦ
705 2081 754 2134 ἐν
802 2089 874 2155 τῷ
926 2083 1119 2156 κέντρῳ
1177 2089 1236 2151 Φ,
1303 2085 1436 2135 ὥστε
1495 2083 1524 2141 ἡ
1585 2084 1674 2156 μὲν
1726 2078 1899 2153 κύκλῳ

239 2178 330 2226 καὶ
385 2173 416 2233 ἠ
464 2171 640 2248 πόρῥω
692 2175 825 2245 πρὸς
875 2175 933 2224 16
973 2176 1011 2225 Φ
1071 2177 1262 2244 σχέσις
1319 2169 1750 2245 ἐσχηματισμὲνη
1809 2173 1900 2223 καὶ

239 2266 336 2332 τίς,
395 2262 425 2321 ἡ
497 2257 556 2314 δὲ
624 2264 824 2334 συναφὴ
886 2256 1067 2320 ἐπειδὴ
1135 2262 1184 2314 ἓν
1242 2267 1486 2334 στιγμοῖς
1549 2258 1742 2337 ἀμερής
1807 2263 1898 2313 καὶ

237 2349 538 2411 ἀσύνθετος.
595 2348 906 2426 Εὑρίσκεται
943 2358 1066 2423 γοῦν
1123 2351 1203 2402 ὅτι
1259 2349 1307 2402 ἐν
1343 2356 1414 2422 τῷ
1464 2357 1502 2406 Φ
1550 2353 1616 2404 τὰ
1653 2356 1899 2422 στοιχεῖα

239 2441 578 2513 στηρίζονται
615 2443 706 2492 καὶ
754 2435 1082 2512 λαμϐάνουσι
1130 2438 1308 2515 πόῤῥω
1358 2443 1450 2499 τὴν
1491 2440 1731 2493 σύνθεσιν
1761 2441 1896 2492 κατά

233 2529 493 2602 συζυγίας
547 2531 680 2604 πρὸς
738 2528 804 2582 τὰ
855 2529 974 2589 τέλη
1031 2527 1220 2597 αὐτῶν,
1272 2531 1342 2591 ὡς
1395 2531 1449 2582 αἱ
1495 2531 1545 2582 ἐν
1596 2537 1668 2601 τῷ
1722 2527 1893 2601 κύκλῳ

230 2621 460 2691 κείμεναι
518 2624 700 2693 μοῖραι
763 2619 817 2670 αἱ
880 2618 1107 2692 μείζονες
1169 2621 1303 2694 πρὸς
1356 2621 1452 2681 τὰς
1511 2619 1772 2692 μείζονας,
1839 2617 1894 2671 αἱ

228 2704 450 2778 πλαγίαι
524 2709 655 2782 πρὰς
726 2710 822 2768 τὰς
896 2707 1140 2780 πλαγίας,
1203 2712 1294 2760 καὶ
1369 2707 1535 2770 οὕτως
1613 2709 1894 2783 κραθεῖσαε

230 2794 386 2849 αὗται
438 2797 493 2849 αἱ
550 2799 720 2850 εὐθεῖα
781 2798 912 2868 μετὰ
965 2801 1060 2857 τὴν
1111 2805 1210 2850 τῶν
1275 2807 1558 2874 περιφερῶν
1616 2800 1892 2870 σχηματί-

234 2890 433 2953 ζονται,
466 2886 685 2960 ἑκάτερα
734 2890 862 2963 πρὸς
916 2890 975 2940 τὸ
1019 2895 1115 2948 τῆς
1154 2887 1400 2962 ἑκατέρας
1445 2883 1699 2962 ἁρμόδιον
1756 2889 1893 2942 κατὰ

232 2979 324 3034 τὴν
379 2983 477 3038 τῆς
525 2978 821 3049 ἐπιστήμης
880 2973 1169 3041 ἀπόδειξιν.
1228 2980 1404 3050 Τούτῳ
1455 2974 1523 3037 δὴ
1588 2985 1660 3049 τῷ
1715 2981 1890 3050 τρόπῳ

234 3068 324 3118 καὶ
408 3071 575 3118 ταῦτα
646 3067 834 3139 ὁμοίως
927 3067 1152 3121 ἐνοῦνταί
1224 3083 1279 3121 τε
1351 3071 1442 3121 καὶ
1513 3067 1886 3124 ποικίλλονται.

229 3295 441 3369 quaain
457 3295 694 3370 U,quod
707 3296 866 3354 estin
877 3297 1891 3366 centro,coh12rent.Quarecircula-

229 3385 312 3442 ris
330 3384 432 3442 illa
450 3389 630 3460 atque
651 3401 682 3443 e
698 3385 1034 3460 longinquo
1051 3387 1300 3446 reducta
1316 3389 1734 3448 convenientia
1751 3406 1890 3446 cum

225 3472 676 3544 N,estﬂgurata
705 3480 762 3533 et
790 3475 1512 3550 particularis.Copulatio
1529 3494 1672 3536 vero
1701 3495 1892 3552 quan-

223 3560 553 3637 doquidem
582 3565 645 3621 in
668 3569 908 3638 punctis
931 3567 1313 3636 consistit,est
1339 3567 1646 3625 individua
1672 3573 1729 3624 et
1755 3569 1891 3626 sim-

219 3653 804 3727 plex.Comperimus
840 3655 1019 3728 igitur
1048 3656 1344 3713 elementa
1373 3657 1626 3715 fundata
1655 3674 1783 3714 esse
1819 3675 1890 3715 ac

220 3743 344 3802 ﬁxa
369 3744 431 3800 in
465 3749 669 3801 centro
697 3747 761 3813 N,
797 3761 866 3803 ac
896 3745 956 3801 in
991 3745 1235 3803 remotis
1264 3745 1444 3803 etiam
1475 3747 1748 3820 partibus
1787 3748 1889 3806 ad-

221 3833 458 3891 mittere
487 3835 988 3908 compositionem
1041 3853 1182 3894 cum
1213 3836 1493 3892 extremis
1525 3835 1648 3892 suis
1678 3850 1889 3892 secun-

225 3921 374 3979 dum
403 3923 882 3996 conjugationes,
897 3942 1021 3983 non
1049 3927 1219 3983 aliter
1239 3930 1439 4000 partes
1462 3929 1641 3998 atque
1672 3940 1810 3998 qua:
1826 3925 1890 3983 in

232 4011 451 4069 circulo
489 4015 874 4085 assignantur
904 4015 1166 4089 majores
1197 4032 1334 4072 cum
1363 4015 1719 4088 majoribus,
1745 4015 1891 4072 obli-

233 4115 369 4174 quae
409 4118 548 4160 cum
579 4102 860 4177 obliquis,
895 4110 1075 4179 atque
1116 4106 1196 4163 ita
1229 4106 1381 4162 inter
1416 4121 1477 4161 se
1510 4104 1691 4161 simul
1740 4107 1890 4162 tem-

232 4195 457 4264 peratae
487 4197 664 4250 rectae
713 4210 851 4250 cum
899 4195 1290 4252 circularibus
1342 4194 1697 4267 figurantur,
1739 4193 1892 4252 inter

235 4297 301 4338 se
339 4283 759 4340 convenienter
814 4285 1148 4341 secundum
1203 4285 1464 4342 scientiae
1515 4284 1890 4342 demonstra-

241 4371 484 4428 tionem.
542 4375 661 4430 lloc
706 4371 888 4444 igitur
939 4375 1123 4431 modo
1173 4379 1229 4432 et
1274 4375 1404 4431 haec
1437 4372 1702 4431 similiter
1739 4374 1891 4434 inter

234 4476 298 4516 se
327 4461 618 4541 uniuntur
647 4478 716 4520 ac
747 4463 1094 4520 varietatem
1124 4462 1466 4537 acquirunt.
1494 4465 1688 4530 Quare
1727 4479 1890 4539 aqua

2010 1895 2052 1942 Υ
2089 1895 2130 1944 Α
2188 1897 2232 1944 Π
2271 1889 2588 1966 ἀναγκαίως,
2619 1899 2676 1948 τὸ
2724 1903 2766 1951 Υ
2813 1903 2907 1950 τοῦ
2959 1903 2998 1950 Γ
3039 1895 3168 1951 εἶναι
3221 1895 3522 1969 διπλάσιον,
3584 1899 3668 1954 ἵνα

2010 1978 2476 2053 προσλαμϐάνοντα
2523 1991 2692 2038 ταῦτα
2732 1989 2822 2039 καὶ
2877 1989 2938 2040 τὸ
2992 1992 3033 2040 Α
3092 1993 3135 2040 Π
3172 1986 3387 2042 τελῶσιν
3436 1990 3565 2062 ὁμοῦ
3599 1991 3668 2044 τὰ

2009 2071 2330 2137 καθέκαστα,
2387 2077 2478 2126 καὶ
2514 2083 2718 2147 πρῶτον
2753 2078 2844 2149 μὲν
2887 2075 2976 2128 οὖν
3037 2078 3229 2150 σχῆμά
3284 2076 3398 2131 ἐστι
3450 2082 3510 2131 τό
3556 2081 3669 2155 τρία

2007 2178 2190 2231 γωνον.
2226 2158 2437 2222 Ἐπειδὴ
2487 2159 2545 2218 δὲ
2575 2165 2600 2216 6
2647 2160 2743 2218 δύο
2796 2174 2888 2227 τῆς
2914 2162 3141 2239 μονάδος
3179 2163 3482 2235 διπλάσιος,
3522 2169 3553 2227 ἡ
3605 2163 3667 2222 δε

2009 2251 2169 2321 μονάς
2222 2268 2277 2303 τε
2318 2255 2409 2305 καὶ
2463 2253 2494 2311 ἡ
2549 2248 2678 2316 δυὰς
2730 2251 2929 2328 τριάδα
2981 2254 3237 2324 τελοῦσιν,
3292 2255 3347 2310 ἐκ
3400 2265 3495 2320 τῆς
3543 2259 3663 2310 τού-

2005 2353 2104 2390 των
2153 2340 2439 2402 συνθέσεὼς
2480 2339 2534 2405 ἐξ
2586 2340 2812 2416 ἀνάγκης
2867 2343 3008 2399 ἐστὶν
3045 2347 3076 2407 ἡ
3121 2349 3289 2420 τριὰς,
3341 2347 3372 2406 ἡ
3433 2343 3494 2400 δὲ
3520 2348 3665 2420 τριὰς

2007 2428 2121 2499 ἔχει
2153 2436 2344 2502 μῆκος,
2399 2427 2564 2504 βάθος
2621 2438 2712 2487 καὶ
2770 2433 3010 2499 πλάτος·
3069 2439 3160 2489 καὶ
3209 2434 3375 2509 βάθος
3432 2439 3523 2510 μεν
3569 2440 3664 2496 τὴν

2003 2515 2213 2590 μονάδα
2281 2523 2520 2595 πυθμένα
2593 2519 2756 2577 οὖσαν
2809 2528 3003 2588 παντὸς
3066 2524 3312 2600 ἀριθμοῦ,
3373 2534 3539 2600 μῆκος
3604 2523 3666 2581 δι

2002 2611 2097 2667 τὴν
2155 2603 2336 2663 δυάδα
2385 2631 2401 2647 ο
2466 2621 2672 2687 πρῶτος
2737 2615 2840 2689 γὰρ
2905 2619 2998 2669 καὶ
3057 2615 3372 2690 ἑτερομήκης
3432 2615 3573 2670 ἔστὶν
3627 2618 3658 2676 ἡ

2005 2693 2177 2758 δυάς·
2236 2698 2426 2763 πλάτος
2492 2699 2552 2755 δε
2600 2701 2784 2762 ἑαυτήν
2815 2722 2830 2739 ⁸
2897 2704 2967 2768 εἷς
3021 2704 3310 2778 τούμφανὲς
3360 2707 3460 2780 γὰρ
3523 2709 3662 2782 φέρει

2002 2788 2068 2838 τὰ
2099 2790 2380 2861 σχήματα.
2441 2789 2592 2844 Οὕτω
2639 2801 2766 2866 γοῦν
2821 2796 2958 2848 κατὰ
3012 2791 3160 2869 λόγον
3191 2795 3268 2868 (1)
3311 2797 3661 2869 σπερματικόν

2003 2873 2430 2950 ἀναλογιζόμενον
2507 2877 2788 2936 διπλάσιον
2869 2887 2957 2937 καὶ
3023 2886 3084 2938 τὸ
3146 2881 3292 2959 ὕδωρ
3369 2883 3662 2959 ἀναγκαίως

2001 2973 2092 3027 τῆς
2159 2975 2258 3038 γῆς
2317 2965 2410 3021 διὰ
2465 2978 2634 3025 ταῦτα
2690 2970 2906 3044 ίγένετο,
2974 2977 3062 3027 καὶ
3108 2972 3423 3034 ἐπετέθησαν
3470 2975 3662 3052 θάτερα

1999 3057 2312 3111 ὑποκεῖσθαι
2357 3065 2515 3114 παντὶ
2555 3069 2746 3137 στερεῷ
2794 3081 2849 3116 τε
2886 3063 2962 3137 (2)
3015 3067 3104 3118 καὶ
3145 3065 3293 3138 πάσῃ
3349 3072 3412 3140 τῇ
3457 3063 3536 3121 ἐπ’
3569 3065 3661 3122 αύ-

1999 3291 2506 3359 untur.Quoniam
2523 3297 2728 3352 autem
2749 3309 2930 3353 omne
2959 3310 3182 3370 corpus
3205 3301 3557 3372 separatum
3579 3301 3658 3362 ab

1999 3379 2132 3437 aliis
2155 3382 2510 3454 corporibus
2539 3383 2738 3442 forma
2765 3384 3082 3459 prmditum
3102 3391 3208 3459 est,
3235 3401 3432 3463 neque
3447 3395 3512 3449 ut
3533 3406 3661 3452 ma-

2003 3470 2147 3527 teria
2167 3471 2533 3544 intelligitur,
2567 3473 2674 3530 sed
2695 3477 3018 3548 utrumque
3040 3479 3132 3534 est
3160 3493 3297 3534 cum
3318 3478 3517 3538 forma
3545 3481 3657 3554 (sio

1998 3559 2160 3616 enim
2172 3560 2401 3634 aliquid
2419 3578 2554 3619 esse
2568 3563 3096 3636 putabilur,etnon
3111 3566 3382 3625 absolute
3394 3573 3460 3627 ut
3473 3575 3660 3629 mate-

1997 3651 2086 3706 ria
2107 3651 2559 3710 consideratum
2588 3654 2806 3726 fuerit),
2832 3654 2948 3711 hoc
2979 3661 3182 3712 autem
3204 3662 3336 3729 eget
3355 3658 3543 3716 tribus
3564 3661 3659 3718 in-

1997 3739 2256 3796 tervallis
2284 3742 2390 3814 qui
2411 3743 2751 3801 necessario
2773 3743 3017 3802 effectus
3037 3750 3128 3802 est
3151 3746 3367 3806 horum
3399 3748 3662 3808 elemen.

2002 3834 2198 3888 torum
2236 3834 2278 3888 T
2307 3833 2356 3889 Μ
2384 3837 2473 3890 ΑΙ
2502 3852 2514 3890 :
2554 3831 2691 3892 ideo
2724 3851 2872 3892 sane
2901 3851 3148 3894 necesse
3177 3841 3266 3896 est
3296 3843 3360 3896 ut
3388 3842 3438 3897 M
3466 3839 3658 3914 ipsius

1997 3924 2040 3978 T
2071 3921 2142 3978 sit
2169 3921 2446 3995 duplum,
2469 3927 2536 3980 ut
2563 3925 2890 3999 assumptis
2921 3941 3126 3982 secum
3149 3930 3198 3983 Α
3234 3927 3257 3983 I
3296 3928 3557 3988 efﬁciant
3584 3931 3657 3988 si-

1998 4009 2128 4068 mul
2157 4011 2501 4083 singularia.
2534 4018 2612 4070 Ac
2641 4015 2838 4088 prima
2861 4015 3108 4089 quidem
3133 4015 3332 4089 ﬁgura
3357 4024 3444 4077 est
3469 4020 3656 4078 trian-

1999 4102 2229 4173 gulum.
2260 4102 2559 4168 Quoniam
2580 4109 2782 4161 autem
2803 4103 2926 4162 duo
2948 4110 3086 4163 sunt
3107 4106 3351 4164 unitatis
3375 4108 3653 4183 duplum,

1999 4198 2198 4250 unitas
2222 4209 2362 4251 vero
2391 4199 2445 4250 et
2472 4193 2788 4252 binaribus
2807 4211 3097 4253 numerus
3124 4197 3239 4255 tria
3262 4198 3656 4273 eﬁiciunt,ne-

1999 4280 2258 4338 cessario
2280 4297 2353 4338 ex
2371 4282 2593 4340 harum
2613 4285 3050 4358 compositione
3072 4291 3306 4345 constat
3334 4291 3651 4351 ternarius.

1998 4370 2312 4430 Ternarius
2343 4376 2544 4429 autem
2572 4371 2756 4430 habet
2782 4372 3243 4449 longitudinem,
3278 4377 3655 4440 altitudinem

1998 4466 2058 4517 et
2073 4461 2561 4520 latitudinem.Ac
2587 4461 2964 4522 altitudinem
2985 4463 3233 4538 quidem
3251 4467 3436 4526 habet
3455 4472 3655 4530 unita-

230 4551 428 4621 magis
473 4556 731 4623 cognata
756 4557 844 4609 est
871 4557 1038 4609 terrae
1085 4570 1274 4626 quam
1319 4555 1494 4625 ignis,
1547 4557 1604 4612 et
1633 4570 1734 4611 aer
1763 4555 1888 4627 igni
1920 4543 1963 4598 D
1999 4559 2117 4611 tem
2133 4571 2264 4627 quae
2282 4552 2940 4612 velutifundamentum
2957 4555 3649 4637 estcujuslibetnumeri;

229 4640 426 4711 magis
457 4658 644 4712 quam
677 4646 1100 4716 terra,etaqua
1127 4643 1250 4700 aeri
1270 4644 1506 4716 magnis
1527 4659 1713 4717 quam
1737 4644 1882 4717 igni,

229 4733 289 4784 et
304 4744 403 4786 aer
414 4747 588 4805 aquae
605 4733 790 4803 magis
807 4748 984 4806 quam
1009 4738 1386 4806 terrte,quem
1395 4734 1729 4791 admodum
1746 4751 1881 4807 pro-

220 4820 420 4893 portio
439 4822 502 4880 in
529 4823 731 4880 circuli
757 4823 1025 4897 partibus
1054 4823 1595 4898 ostendit.Semper
1620 4823 1780 4882 enim
1805 4842 1877 4883 ac

220 4912 562 4970 necessario
613 4920 885 4972 centrum
928 4919 1016 4971 est
1048 4916 1108 4970 U.
1141 4914 1256 4970 Illae
1289 4930 1427 4971 vero
1482 4919 1682 4987 partes
1735 4921 1876 4974 sunt

217 5017 414 5060 unum
444 5019 551 5076 per
589 5003 754 5060 aliud
783 5009 840 5060 et
867 5005 928 5060 in
949 5005 1155 5074 altero,
1186 5010 1244 5061 et
1279 5005 1770 5078 appropinquant
1797 5006 1876 5064 ad

214 5090 384 5148 aliud
407 5092 743 5150 secundum
772 5093 920 5150 illud
947 5095 1113 5167 quod
1139 5099 1227 5150 est
1250 5094 1444 5163 magis
1467 5111 1536 5151 ac
1564 5095 1786 5165 minus,
1803 5096 1876 5152 si-

211 5181 349 5252 mul
361 5197 502 5239 vero
515 5183 1433 5257 proptercopulationeminipso
1449 5185 1491 5240 U
1506 5185 1712 5241 omnia
1725 5201 1872 5243 com-

210 5271 390 5326 muni
409 5273 640 5330 ratione
671 5279 814 5331 sunt
829 5278 1110 5345 cognata.
1136 5275 1616 5347 Temperationes
1641 5292 1781 5333 vero
1803 5293 1873 5334 ac

205 5358 510 5418 elementa
525 5363 862 5420 secundum
875 5379 972 5421 sec
981 5363 1168 5422 tiones
1183 5369 1238 5422 et
1250 5365 1576 5438 positiones
1593 5365 1872 5425 distribu-

1992 4643 2434 4716 longitudinem
2463 4659 2626 4717 vero,
2658 4639 2963 4702 binarium
2985 4662 3309 4705 numerum
3332 4649 3496 4722 (nam
3530 4653 3652 4725 pri-

1990 4752 2128 4792 mus
2151 4749 2442 4790 numerus
2469 4749 2542 4790 ex
2571 4733 2759 4791 altera
2787 4738 2957 4806 parte
2985 4735 3204 4809 longus
3227 4743 3316 4795 est
3333 4737 3646 4812 binarius);

1985 4826 2365 4898 latitudinem
2411 4839 2554 4882 vero
2585 4824 2870 4896 seipsum.
2917 4827 3064 4882 Nam
3096 4827 3159 4882 in
3196 4826 3394 4885 lucem
3423 4828 3650 4902 profert

1984 4916 2360 4987 ﬁguras.Hoc
2379 4913 2559 4983 igitur
2580 4910 2765 4970 modo
2793 4913 3128 4970 secundum
3146 4914 3442 4972 rationem
3466 4917 3544 4974 ad
3563 4918 3646 4990 gia

1987 4989 2297 5077 gnendum
2315 5002 2797 5076 progredientem
2813 5003 3120 5076 proportio
3147 5019 3315 5077 aquae
3331 5019 3470 5062 cum
3487 4989 3644 5065 terra

1986 5098 2346 5168 comparata
2373 5092 2717 5150 necessario
2757 5093 2924 5166 dupli
2961 5093 3254 5150 rationem
3280 5093 3527 5166 obtinet,
3559 5100 3642 5155 at-

1983 5202 2101 5269 que
2118 5185 2240 5241 duo
2261 5182 2492 5254 reliqua
2507 5181 2754 5254 insuper
2773 5181 2980 5240 addita
2997 5187 3136 5240 sunt
3157 5187 3220 5239 ut
3241 5187 3396 5240 esset
3416 5185 3582 5257 quod
3602 5202 3642 5244 a

1982 5280 2200 5333 natura
2223 5273 2700 5331 substerneretur
2726 5269 3144 5346 compositioni
3166 5273 3361 5330 omnis
3394 5274 3568 5332 solidi
3584 5279 3642 5334 et
3721 5343 3726 5348 _

1984 5365 2253 5439 corporis
2283 5367 2341 5422 et
2368 5361 2568 5419 omnis
2597 5361 2661 5418 in
2696 5357 2829 5435 ipso
2877 5361 3215 5436 superﬁciei
3265 5367 3446 5438 atque
3483 5363 3638 5424 adeo

274 5617 352 5705 αἱ
382 5619 550 5705 {ida/0;
582 5622 951 5705 σπερματικὸς,
965 5620 1129 5705 ratio
1149 5621 1238 5705 ad‘
1253 5621 1628 5705 gignendum
1657 5625 1910 5705 progred

2003 5642 2071 5700 IS,
2085 5643 2224 5705 quea
2252 5619 2316 5686 in
2335 5619 2758 5702 progressione
2781 5629 3178 5704 numerorum
3194 5621 3630 5688 consideratur.

274 5688 356 5765 (2)
382 5688 539 5768 Lego
560 5688 724 5752 παντϊ
745 5688 945 5772 στερεῷ
967 5712 1023 5753 τε
1049 5699 1138 5755 καὶ
1174 5688 1381 5773 σώματι
1403 5701 1493 5756 καὶ
1521 5688 1680 5776 πάσῄ
1695 5688 1878 5776 τῇνίτι)
1908 5688 2100 5761 αὐτῶν.
