2065 3229
234 164 304 193 1287

1001 155 1180 188 ΑΠΒΕΝῧΑ.

228 231 280 254 τῶν
306 226 440 263 ὶπιφανιίᾳ
453 228 498 252 καὶ
527 227 630 260 σώματι
648 226 694 250 καὶ
712 225 791 260 μήκει
814 224 890 249 παντὶ
908 222 981 273 παρὰ
1006 225 1054 252 τῆς
1068 223 1210 259 Ακὺκλον,
1226 223 1365 253 διπλάσιοι
1388 227 1413 253 οἱ
1437 229 1459 255 Υ
1483 226 1640 264 ὑπάρχουσι
1665 229 1765 263 τομεῖς,
1793 227 1841 260 καὶ
1866 226 1958 273 ξιξ-ξος

230 273 338 312 φύσεως.
368 272 416 297 Διὰ
441 274 517 296 τοῦτο
547 271 632 295 τοίνυν
660 272 707 294 τοῦ
736 271 754 294 Γ
781 270 878 304 τομέως
905 266 973 293 ἐστὶν
1000 267 1013 292 6
1040 270 1061 293 Υ

229 315 377 350 διπλάσιος,
410 315 434 341 ἓν
469 313 499 341 δὲ
521 316 567 340 καὶ
595 312 644 340 δύο
671 315 741 350 τρία,
762 315 807 339 καὶ
837 311 909 350 ὕδωρ
934 313 987 349 ἄρα
1014 314 1060 338 καὶ

228 362 243 390 ἠ
278 365 311 396 γῆ
346 364 414 398 τρεῖς
438 357 545 396 μερίδες
577 358 641 385 εἰσὶν
671 357 844 394 ἐξισούμεναι,
874 357 899 383 ἔν
927 357 966 387 αἶς
993 358 1059 394 πρός

229 408 276 435 τὴν
302 409 347 432 τοῦ
377 408 476 432 σκοποῦ
504 403 662 439 ἐντελέχειαν
692 403 807 429 ίνοῠνται
828 404 873 427 καὶ
890 402 905 430 ἡ
923 405 944 428 Α
961 405 993 435 Π,
1013 404 1059 428 καὶ

229 451 332 478 τελοῦσι
344 452 378 477 τὰ
396 450 423 481 ἐξ
437 450 535 476 αὐτῶν.
561 448 640 474 Πάλιν
654 446 744 477 ἐπειδή
771 449 806 478 ὡς
824 446 962 484 ύποϐάθρα
975 450 1059 473 ταῦτα

229 495 355 525 ἐτέθησαν
382 497 427 521 καὶ
456 495 488 524 ὡς
515 493 563 522 ὕλη
586 495 734 529 παχυτέρα,
761 492 777 528 ᾖ
808 501 855 518 συν
886 491 995 527 ἁγονται
1013 493 1058 517 καὶ

228 541 262 567 τὰ
299 541 388 577 ἕτερα,
437 538 584 574 ἀναγκαίως
625 537 695 568 λέξαι
732 538 870 571 κατεπειγό
907 536 974 571 μεθα
1011 535 1057 562 αύ-

227 589 277 612 τῶν
307 587 353 614 τήν
392 585 570 620 συνάθροισιν,
603 582 670 608 οὕτω
706 583 757 618 γὰρ
795 583 840 607 καὶ
866 582 911 611 τὰς
936 581 1056 617 κράσεις,

229 631 272 656 ἵνα
300 632 432 666 νοήσωμεν
460 633 516 658 πῶς
545 628 640 663 ἔχουσι
668 629 715 656 τὴν
746 626 782 657 εἰς
819 625 929 656 ἀλλήλας
959 627 1057 660 συγγί-

228 685 307 703 νειαν.

263 718 296 755 γ’.
323 720 373 745 Καὶ
397 719 437 744 ὃτι
455 719 500 754 μεν
521 715 565 743 οὖν
594 718 623 742 τό
653 720 674 742 Υ
698 719 744 742 τοῦ
773 718 792 741 Γ
818 713 970 746 διπλάσιον,
993 713 1057 740 ἀλλὰ

227 766 272 790 καὶ
295 765 324 789 τὸ
340 767 360 790 Δ
388 766 469 789 τοῡΥ
484 761 612 798 ἡμιόλιον,
632 761 756 790 ὡσαύτως
781 762 826 786 καὶ
852 761 881 785 τὸ
911 763 933 786 ΙΙ
962 762 1008 785 τοῦ
1035 762 1056 785 Δ

228 808 369 845 ἐπίτριτον,
399 807 489 837 ἀληθές
505 817 511 823 ·
538 807 553 835 ἠ
583 807 634 843 γὰρ
661 806 813 841 καταγραφὴ
840 807 886 830 τοῦ
916 806 1056 840 σχήματος

228 856 272 881 καὶ
290 852 374 891 ῥᾳδία
388 855 432 879 καὶ
458 852 587 888 ἀναγκαία
606 853 651 877 καὶ
669 850 716 876 οὐκ
741 849 825 879 ἄλλως
851 850 953 885 ἔχουσά
973 848 1054 882 ἐστιν,

228 900 284 927 ἣτιν
319 900 387 925 κατὰ
415 900 444 925 τὸ
482 899 588 932 συνεχὲς
614 897 697 922 ποσόν
734 896 961 931 καταμετρουμένη
999 892 1093 927 δει-Β

228 945 311 970 κνύειν
334 942 445 970 δύναται
476 944 521 972 τὴν
546 941 667 971 ἀλήθειαν
688 942 734 966 καὶ⁵
766 942 813 969 τὴν
842 944 888 970 τῆς
924 948 1057 974 στοιχεια-

227 992 277 1019 κῆς
302 988 366 1018 ὕλης
399 990 481 1025 φέρειν
507 988 544 1017 εἰς
574 986 634 1022 ὄψιν
672 985 821 1020 ἀναλογίαν,
854 986 902 1013 τήν
934 986 993 1020 περὶ
1027 984 1057 1009 τὸ

229 1034 321 1067 ποσὸν,
350 1035 396 1059 καὶ
421 1033 462 1058 ὅτι
490 1031 653 1066 ἁλληλουχία
680 1030 796 1067 ὑπάρχει
828 1028 852 1054 ἐν
882 1028 963 1064 αὐτῷ.
988 1028 1058 1054 Ἐπεὶ

230 1075 261 1104 δέ
286 1079 331 1103 καὶ
355 1076 383 1103 Ex
403 1074 624 1113 παραδειγμάτων
650 1074 691 1101 ἐπὶ
713 1076 741 1100 τὸ
767 1075 923 1110 σαφέστερον
950 1071 992 1099 δεῖ
1015 1081 1057 1098 επ-

230 1123 302 1158 άτειν
340 1122 408 1158 ἡμᾶς
444 1122 478 1147 τὰ
513 1122 642 1156 νοήματα,
681 1117 809 1154 δείξομεν.
840 1117 928 1144 Ἔστω
962 1115 991 1143 δὲ
1028 1118 1057 1142 τὸ

229 1164 400 1204 παράδειγμα
427 1165 509 1195 οὕτως
526 1175 533 1181 ·
557 1163 629 1190 ”Ητω
649 1165 661 1189 6
690 1164 735 1199 μὲν
762 1165 781 1188 Γ
805 1163 897 1198 τομεύς
922 1162 1023 1196 πεντὰς,
1045 1162 1057 1187 6

230 1209 261 1239 δί
281 1215 301 1238 Υ
316 1209 392 1240 δεκάς
408 1221 415 1227 ·
441 1212 592 1247 περιέχεται
615 1212 678 1244 γοῦν
707 1208 719 1233 6
739 1210 758 1234 Γ
773 1208 823 1233 ὑπὸ
842 1208 885 1232 τὸν
910 1210 929 1233 Υ
946 1217 952 1222 ·
981 1207 1059 1232 ἔστω-

230 1265 279 1282 σαν
305 1253 336 1282 δι
356 1257 400 1281 καὶ
424 1255 449 1281 οἱ
461 1255 542 1292 ἕτεροι
565 1257 632 1291 τρεῖς
650 1256 669 1279 Γ
684 1250 816 1287 πεντάδες,
834 1252 858 1277 οἱ
878 1249 907 1277 δὲ
933 1255 953 1277 Υ
982 1248 1060 1277 δεκά-

231 1299 282 1331 δες.
301 1300 332 1327 Εἰ
359 1300 411 1335 ἄρα
438 1298 576 1329 διπλάσιος
602 1299 614 1325 6
643 1302 662 1324 Υ
689 1301 734 1323 τοῦ
758 1300 785 1332 Γ,
813 1298 857 1322 καὶ
883 1297 908 1322 οἱ
931 1297 1013 1333 ἕτεροι
1040 1299 1060 1322 Υ

229 1349 279 1371 τῶν
307 1345 397 1383 ἑτέρων
424 1347 443 1370 Γ
467 1342 615 1378 διπλάσιοι,
643 1342 664 1369 εἰ
686 1340 716 1368 δὲ
736 1346 785 1368 τῶν
808 1342 860 1379 ἄρα
887 1342 1014 1377 τεττάρων
1041 1343 1060 1366 Γ

229 1391 327 1426 τομίων
362 1393 412 1416 τῶν
446 1390 644 1424 συναπτομένων
676 1389 722 1413 καὶ
751 1387 894 1413 ποιούντων
933 1387 978 1412 τὸν
1008 1386 1060 1411 ἔσω

229 1543 435 1581 longitudinis.
457 1542 661 1577 Quamobrem
686 1539 808 1569 sector-is
834 1540 855 1567 T
883 1538 994 1574 duplus
1015 1540 1060 1566 est

229 1577 326 1618 sector
340 1590 374 1617 Μ.
389 1590 425 1616 At
448 1595 543 1616 unum
565 1589 594 1614 et
607 1586 669 1614 duo
683 1587 753 1613 sunt
778 1584 843 1612 tria.
860 1585 957 1617 Quare
977 1591 1057 1619 aqua
1071 1577 1092 1605 Ο

230 1636 259 1662 et
273 1636 351 1662 terra
360 1634 430 1661 sunt
443 1635 501 1660 tres
519 1630 670 1667 particulae
684 1637 753 1666 qua:
771 1630 969 1665 exaequantur
982 1627 1058 1655 inter

229 1686 272 1712 se,
287 1677 318 1706 in
331 1676 442 1714 quibus
457 1676 497 1704 ad
512 1675 596 1711 scopi
614 1676 712 1703 actum
725 1676 753 1701 et
764 1672 978 1710 perfectionem
991 1675 1014 1699 A
1030 1673 1058 1700 et

231 1724 242 1750 l
260 1721 414 1755 uniuntur,
431 1723 458 1749 et
472 1728 540 1757 quae
563 1727 599 1747 ex
626 1727 657 1746 se
675 1718 737 1746 ﬁeri
751 1719 889 1755 possunt,
906 1716 1052 1745 efﬁciunt.

229 1768 342 1795 Rursus
354 1765 501 1803 quoniam
514 1764 564 1792 illa
579 1767 611 1792 ut
620 1763 819 1792 fundamenta
832 1762 930 1798 posita
947 1764 1018 1789 sunt
1031 1763 1058 1789 et

229 1814 262 1839 ut
276 1811 402 1840 materia
416 1810 519 1838 rudior
533 1817 568 1838 ac
581 1807 754 1845 impolitior,
767 1815 830 1844 qua
844 1807 935 1835 etiam
951 1808 1058 1835 caetera

229 1857 460 1892 congregantur,
467 1854 644 1882 necessitate
657 1853 746 1889 quasi
754 1851 951 1888 compellente
959 1850 999 1880 ad
1009 1858 1057 1879 ex-

228 1900 405 1939 ponendam
418 1899 537 1928 illorum
553 1897 759 1927 collectionem
776 1899 804 1925 et
818 1896 1057 1925 conciliationem

228 1948 332 1974 nostra
355 1944 476 1973 festinat
496 1943 601 1972 oratio.
618 1944 678 1971 Hac
700 1942 780 1970 enim
794 1941 908 1969 ratione
921 1940 1057 1975 intelligi-

228 1998 297 2019 mus
322 1998 384 2026 quo
397 1991 485 2026 pacto
508 1987 741 2024 temperationes
754 1987 830 2015 inter
846 1994 878 2014 se
899 1986 1056 2022 cognatio-

227 2043 298 2064 nem
309 2032 454 2063 habeant.

264 2127 291 2154 3.
308 2122 440 2161 Duplum
454 2123 543 2159 igitur
560 2129 627 2151 esse
642 2123 667 2150 Μ
680 2121 775 2159 ipsius
789 2120 819 2156 Τ,
833 2121 862 2148 et
875 2121 900 2147 A
920 2117 1016 2156 ipsius
1035 2119 1056 2146 T

229 2177 295 2199 esse
308 2167 549 2205 sesquialterum,
565 2170 594 2196 et
604 2174 668 2196 esse
685 2164 907 2203 sesquitertium
920 2162 1017 2200 ipsius
1033 2165 1055 2191 Α

229 2221 297 2243 vere
322 2213 438 2242 dicitur.
455 2215 530 2242 Nam
544 2212 704 2250 descriptio
717 2210 824 2246 ﬁgura:
848 2206 943 2236 facilis
965 2209 1009 2235 est
1027 2210 1055 2235 et

227 2259 396 2288 necessaria
410 2265 508 2296 neque
523 2257 607 2287 aliter
622 2264 654 2285 se
666 2253 768 2286 habet,
783 2253 871 2289 cujus
886 2251 1054 2280 secundum
1068 2251 1091 2278 D

227 2303 427 2341 Quantitatem
438 2302 614 2332 continuam
627 2298 777 2340 dlinensio
788 2295 944 2326 veritatem
954 2298 1054 2325 osten-

228 2345 299 2378 dere
304 2351 403 2386 potest
410 2347 440 2377 et
447 2353 561 2385 ponere
566 2346 606 2375 ob
614 2343 719 2374 oculos
725 2341 915 2372 elementaris
923 2341 1056 2370 materiae

228 2393 456 2431 proportionem
470 2393 550 2429 (quae
571 2392 602 2420 in
616 2388 783 2426 quantitate
797 2387 896 2424 posita
912 2386 965 2422 est)
979 2388 1006 2415 et
1024 2386 1056 2414 in

227 2438 294 2475 ipso
305 2439 420 2476 quanto
430 2436 561 2476 partium
569 2431 945 2464 cohmrentiumﬂuoniam
955 2433 1055 2459 autem

230 2472 373 2512 adhibitis
385 2472 531 2521 exemplis
554 2477 665 2508 clarius
685 2476 833 2514 explicare
856 2484 913 2504 nos
928 2477 1060 2516 oportet,

229 2521 435 2562 Ostendemus.
442 2519 511 2556 τέω
521 2531 593 2554 vero
603 2521 775 2559 exemplum
786 2521 867 2550 hunc
877 2521 907 2549 in
917 2522 1056 2551 modum.

229 2568 274 2613 Sit
285 2567 382 2613 sfecto'r
389 2565 412 2601 1"
420 2569 577 2613 quinm-ius
591 2575 746 2602 numerus,
762 2569 859 2595 sector
868 2568 893 2595 Μ
903 2566 1056 2613 denarius.

230 2611 402 2654 dontith
426 2611 518 2653 igitur
541 2615 570 2643 et
597 2614 749 2642 coercetur
776 2614 873 2641 sector
889 2613 911 2640 T
928 2612 995 2649 ipso
1014 2612 1053 2641 Μ.

307 2661 397 2700 etiam
409 2654 459 2689 alii
474 2662 533 2688 tres
548 2659 569 2687 T
582 2657 712 2695 quinarii
727 2659 756 2686 et
769 2656 818 2686 alii
840 2658 900 2685 tres
919 2658 943 2685 Μ
962 2656 1057 2685 dena-

228 2695 365 2743 ’δι-80
378 2705 404 2734 si
415 2707 442 2734 Μ
457 2707 553 2734 sector
568 2705 611 2732 est
623 2702 734 2739 duplus
748 2702 843 2739 ipsius
852 2703 884 2736 T,
901 2701 951 2730 alii
966 2701 1057 2730 etiam

230 2752 360 2780 sectores
386 2752 411 2780 Μ
425 2752 512 2778 erunt
525 2748 610 2786 dupli
622 2750 772 2776 sectorum
786 2748 817 2775 T.
833 2746 863 2775 Si
873 2746 964 2782 igitur
981 2754 1056 2783 qua-

230 2796 299 2834 tuor
313 2798 465 2827 sectorum
485 2796 506 2824 T
520 2794 751 2831 conjunctorum
765 2794 795 2820 et
808 2791 980 2834 interiorem
998 2791 1057 2819 cir-

230 2829 334 2872 culum
347 2840 541 2872 efﬁcientium
552 2829 682 2869 sectores
694 2836 721 2867 Μ
732 2838 803 2866 sunt
816 2829 912 2873 dupli,
928 2833 1058 2864 circulus

1114 271 1176 300 τοὺς
1248 275 1336 307 τομαῖς
1354 272 1407 309 ἄρα
1429 271 1523 303 κύκλος
1538 258 1668 308 ’περιέχει
1695 258 1740 298 τὸν

1114 318 1202 350 τομεῖς
1235 315 1327 342 κύκλον
1361 318 1429 343 κατὰ
1460 316 1535 353 λόγον
1565 317 1610 342 τὸν
1637 313 1808 357 διπλασίονα,

1114 358 1185 396 ὕδωρ
1215 359 1267 396 ἀρα
1296 363 1415 398 περιέχει
1447 364 1535 388 πᾶσαν
1558 363 1605 390 τὴν
1632 364 1682 397 γῆν
1708 362 1777 388 κατά

1114 402 1282 439 διπλασίονα,
1308 405 1460 442 ἐξογκοῦται
1487 408 1515 432 τὸ
1541 406 1631 432 λοιπὸν
1656 406 1669 431 6
1688 406 1740 432 ὑπὸ
1768 407 1831 438 τοὺς
1903 411 1957 440 1'9-

1113 452 1170 485 μεῖς
1210 450 1312 481 κύκλος.
1355 451 1522 487 Ἀναχθῶμεν
1566 454 1629 487 γοῦν
1675 453 1720 476 καί
1766 450 1802 482 εἰς
1849 445 1953 491 ἕτερὸν.

1112 493 1198 520 ’Ἐστω
1225 497 1310 521 τοίνυν
1343 498 1388 521 καί
1415 496 1428 521 6
1447 499 1467 522 Υ
1494 497 1587 531 τομεὺς
1617 492 1707 527 δεκὰς,
1729 496 1742 521 6
1762 493 1793 522 δὶ
1812 497 1833 522 Δ
1860 505 1952 532 πυτς-

1112 537 1248 572 καιδεκάς,
1271 541 1423 576 περιέχεται
1441 543 1503 575 γοῦν
1523 541 1535 566 6
1560 544 1580 566 Υ
1605 540 1655 566 ὑπὸ
1681 541 1724 566 τὸν
1752 543 1773 567 Δ
1789 551 1796 557 ·
1826 541 1951 577 Earum

1113 581 1143 609 δέ
1170 586 1215 609 καί
1246 585 1271 610 οἱ
1290 584 1371 621 ἕτεροι
1394 588 1462 621 τρεῖς
1493 588 1581 621 τομεῖς
1602 587 1623 611 Υ
1654 576 1776 619 δεκάδες,
1808 586 1834 612 οἱ
1862 582 1894 613 δί

1111 626 1352 660 πεντεκαιδεκάδες.
1382 629 1413 655 Εἰ
1447 629 1499 665 ἄρα
1525 629 1646 665 ἡμιόλιος
1669 630 1691 656 Δ.
1717 626 1765 656 Tot?
1791 633 1821 665 Υ,
1923 630 1950 665 εἰ

1111 672 1190 709 ἕτεροι
1204 675 1223 698 Α
1239 677 1288 699 τῶν
1310 677 1331 700 Υ
1354 673 1471 710 ἡμιόλιοι
1487 684 1493 690 ·
1521 664 1549 699 air
1570 671 1602 700 δί
1626 677 1676 700 τῶν
1701 674 1756 712 ἄρα

1111 719 1207 753 τομίων
1235 722 1284 744 τῶν
1319 720 1517 754 συναπτομένων
1550 720 1596 744 καί
1627 719 1771 745 ποιούντων
1843 717 1945 746 κύκλου

1111 761 1227 797 ἡμιόλιοι
1257 763 1282 788 οἱ
1313 765 1332 788 Α
1362 767 1448 799 τομεῖς
1470 764 1626 800 ὑπάρχουσι
1652 764 1697 789 καί
1728 764 1742 790 ὁ
1767 754 1818 790 ὗπδ
1836 763 1897 795 τοὺς
1921 764 1950 791 Α

1110 810 1198 843 ’νομεῖς
1224 808 1276 844 ἄρα
1308 807 1401 838 κύκλος
1431 810 1549 845 περιέχει
1577 809 1621 834 τὸν
1644 809 1695 834 ὑπο
1722 809 1785 840 τοὺς
1807 811 1828 835 Υ
1857 810 1952 845 rapti;

1110 852 1202 877 κύκλον
1240 853 1309 878 κατά
1344 852 1420 888 λόγον
1458 854 1501 878 τὸν
1532 852 1663 888 ἡμιόλιον,
1696 854 1742 879 καί
1772 846 1787 879 6
1815 851 1866 890 ἀήρ

1112 897 1229 932 περιέχει
1255 898 1284 922 τὸ
1313 894 1385 933 ὕδωρ
1410 899 1461 923 πᾶν
1482 898 1550 923 κατὰ
1572 896 1648 933 λόγον
1670 898 1714 923 τὸν
1738 896 1857 933 ἡμιόλιον
1875 907 1883 914 ·
1905 895 1951 930 ii-

1111 944 1235 976 ογκοῡται
1271 943 1356 967 τοίνυν
1400 942 1414 970 ἡ
1462 932 1618 977 στοιχειακῆ
1667 932 1782 982 ξιρμονία

1111 984 1267 1022 Μεταϐῶμεν
1299 988 1344 1012 καί
1367 987 1430 1023 πρὸς
1455 988 1497 1012 τὸν
1525 985 1589 1023 ἀέρα
1617 983 1748 1017 δικαίως·
1784 986 1852 1013 ἔσται
1880 989 1950 1023 γοῦν

1110 1032 1155 1055 καί
1182 1030 1261 1060 οὕτως
1292 1031 1305 1056 6
1325 1033 1345 1056 A
1365 1032 1466 1066 τομεύς,
1492 1028 1703 1064 πεντεκαιδεκόκ,
1730 1031 1743 1057 6
1765 1027 1797 1057 δέ
1825 1033 1848 1058 [Ι

1112 1075 1171 1108 σὰς,
1196 1077 1346 1111 περιέχεται
1370 1079 1431 1111 γοῦν
1460 1075 1473 1101 6
1501 1077 1521 1101 A
1546 1076 1596 1102 ὑπὸ
1623 1078 1669 1102 τοῦ
1695 1078 1717 1102 Π
1734 1083 1741 1090 ·
1769 1070 1891 1113 ἴστωσαν

1111 1121 1156 1144 καί
1186 1120 1211 1145 οἱ.
1228 1109 1318 1156 ’ἕτεροι
1345 1109 1412 1156 τρεῖς
1445 1123 1535 1156 τομεῖς
1569 1123 1591 1147 Α
1627 1109 1875 1152 πεντεκαιδαάδεςο

1112 1164 1164 1199 ἄρα
1194 1162 1323 1200 ἐπίτριτος
1353 1165 1366 1190 6
1396 1167 1417 1190 II
1444 1168 1491 1190 τοῦ
1520 1167 1551 1200 Α,
1581 1166 1627 1190 καί
1653 1165 1679 1191 οἱ
1704 1164 1787 1202 ἕτεροι
1806 1167 1830 1195 ΙΙ
1849 1167 1904 1191 τεη

1112 1207 1260 1245 ἐπὶτριτοι·
1289 1209 1311 1234 εἰ
1340 1207 1371 1234 δέ
1396 1213 1446 1234 τῶν
1476 1209 1529 1245 ἄρα
1560 1209 1688 1246 τεττάρων
1716 1211 1737 1236 Δ
1769 1210 1868 1246 regis»;
1894 1206 1952 1244 τοῖς

1113 1254 1310 1289 συναπτομένων
1343 1256 1388 1279 καί
1421 1254 1563 1279 ποιούντων
1591 1255 1635 1280 τὸν
1662 1255 1683 1280 Δ
1716 1252 1810 1280 κύκλον
1844 1251 1952 1292 ἕπετρεν

1111 1306 1153 1323 τοι
1168 1298 1192 1323 οἱ
1216 1301 1235 1323 ll
1252 1301 1338 1333 τομείς
1358 1298 1522 1335 ὑπάρχουσι,
1545 1300 1591 1324 καί
1615 1298 1628 1324 6
1654 1298 1705 1324 ὑπὸ
1729 1296 1789 1329 τούς
1815 1296 1839 1324 II

1113 1341 1166 1378 ἄρα
1183 1340 1277 1372 κύκλος
1306 1334 1425 1378 περιέχει
1449 1343 1492 1368 τὸν
1521 1342 1571 1368 ὑπὸ
1594 1343 1658 1373 τοὺς
1682 1344 1702 1367 Δ
1731 1345 1820 1379 τομᾳῖς
1850 1334 1951 1376 κύκλοῤ

1113 1387 1181 1412 κατὰ
1207 1385 1282 1422 λόγον
1310 1385 1450 1423 ἐπίτριτον,
1472 1388 1518 1413 καί
1544 1388 1574 1412 τὸ
1593 1390 1645 1424 πῦρ
1675 1386 1729 1424 ἄρα
1756 1387 1874 1425 περιήχει

1112 1549 1184 1576 ergo
1198 1542 1249 1578 qui
1265 1550 1301 1569 ex
1314 1542 1481 1570 sectoribus
1490 1543 1516 1571 Μ
1526 1543 1654 1578 constat,
1669 1542 1804 1571 continet
1816 1543 1847 1571 et
1859 1546 1948 1571 eou-

1110 1589 1156 1614 cet
1166 1586 1312 1614 circulum
1323 1587 1376 1623 qui
1389 1594 1425 1614 ex
1438 1586 1631 1615 sectoribusT
1642 1589 1760 1615 constat
1771 1586 1948 1615 secundum

1110 1631 1258 1658 rationem
1285 1631 1421 1668 duplam.
1437 1634 1523 1668 Aqua
1543 1639 1615 1668 ergo
1630 1630 1867 1671 comprehendit
1882 1639 1950 1661 suo

1111 1674 1228 1703 ambitu
1242 1677 1337 1704 totam
1347 1678 1456 1704 terram
1466 1675 1634 1704 secundum
1645 1672 1788 1704 rationem
1797 1672 1950 1711 duplam;

1111 1718 1223 1746 Exinde
1244 1719 1355 1747 molem
1372 1719 1499 1756 acquirit
1511 1719 1640 1748 circulus
1654 1719 1705 1758 qui
1720 1726 1756 1748 ex
1773 1718 1952 1758 sectoribus

1110 1764 1132 1791 Τ
1145 1765 1270 1792 constat.
1287 1754 1470 1792 Provehatur
1487 1764 1577 1792 etiam
1592 1754 1792 1793 consideratio
1816 1761 1885 1792 hac
1903 1754 1952 1796 ad

1110 1808 1238 1836 alterum
1252 1808 1408 1836 circulum.
1425 1809 1493 1836 Esto
1516 1808 1606 1844 igitur
1632 1810 1730 1837 sector
1743 1807 1770 1837 Ι
1786 1804 1950 1843 denarius,

1112 1855 1208 1880 sector
1218 1860 1289 1881 vero
1300 1855 1323 1881 A
1336 1853 1566 1889 quindenarius.
1588 1852 1763 1882 Continstur
1776 1852 1868 1889 igitur
1882 1856 1954 1882 seb-

1111 1899 1157 1925 tor
1172 1897 1197 1925 M
1212 1897 1268 1925 sub
1284 1899 1396 1925 sectore
1415 1899 1449 1925 Α.
1464 1897 1530 1925 Sint
1546 1898 1637 1926 etiam
1662 1897 1713 1926 alii
1728 1895 1788 1926 tres
1813 1891 1954 1934 sectores

1111 1942 1136 1969 M
1147 1942 1271 1975 denarii,
1282 1944 1310 1970 et
1324 1941 1373 1970 alii
1384 1944 1441 1970 tres
1454 1941 1655 1979 quindenarii.
1673 1942 1702 1971 Si
1712 1942 1802 1978 igitur
1811 1944 1835 1970 Δ.
1845 1941 1954 1972 secto!

1111 1986 1288 2023 sesquialter
1302 1988 1347 2014 est
1360 1986 1454 2024 ipsius
1475 1986 1599 2015 sectaris
1612 1987 1638 2016 Π
1654 1995 1662 2015 :
1678 1985 1728 2015 alii
1742 1990 1867 2024 quoque
1882 1988 1951 2016 seo-

1109 2033 1189 2059 tores
1209 2033 1233 2059 Α
1260 2033 1347 2059 erunt
1371 2030 1558 2068 sesquialteri
1585 2033 1736 2060 sectorum
1755 2026 1791 2060 It.
1807 2025 1837 2060 Si
1851 2027 1950 2067 ίεηιιίι

1110 2078 1240 2103 sectores
1267 2080 1288 2103 A
1315 2078 1384 2104 sunt
1404 2075 1590 2112 sesquialteri
1611 2078 1721 2112 quator
1743 2072 1900 2104 sectorum
1915 2069 1947 2105 ἢ

1108 2120 1339 2156 conjunctorum
1354 2122 1383 2148 et
1395 2119 1540 2148 circulum
1555 2121 1580 2149 tl
1592 2120 1795 2152 efﬁcientium.
1809 2115 1947 2149 οἰκειίῶ

1108 2171 1179 2199 ergo
1193 2164 1244 2200 qui
1256 2172 1293 2192 ex
1307 2167 1436 2201 quatuor
1451 2164 1616 2193 sectoribus
1630 2166 1653 2193 Α
1667 2165 1795 2199 constat,
1802 2165 1947 2202 comprs-

1107 2208 1211 2237 hendit
1234 2209 1350 2237 ambitu
1370 2217 1425 2238 suo
1445 2209 1592 2238 circulum
1606 2210 1660 2246 qui
1674 2216 1711 2238 ex
1725 2204 1901 2238 sectoride
1917 2203 1946 2243 ι

1109 2255 1226 2282 constat
1248 2253 1417 2282 secundum
1442 2254 1591 2283 rationem
1620 2250 1949 2291 sesquialterum!“

1108 2305 1180 2333 ergo
1195 2298 1423 2335 comprehendit
1440 2305 1496 2327 suo
1508 2297 1625 2327 ambitu
1638 2298 1812 2327 universam

1111 2342 1279 2371 secundum
1305 2343 1420 2371 ratione
1444 2341 1682 2380 sesquialterum.
1712 2342 1825 2371 Exinde

1110 2387 1221 2416 molem
1232 2387 1358 2424 acquirit
1373 2385 1563 2416 elementaris
1573 2387 1743 2416 harmonia.
1753 2384 1869 2416 Ordine

1109 2435 1300 2461 transeamus
1310 2431 1350 2460 ad
1360 2440 1471 2461 aerem.
1489 2433 1558 2460 Esto
1568 2431 1658 2467 igitur
1673 2432 1764 2460 etiam
1776 2431 1828 2460 hic
1837 2433 1863 2461 Ᾱ
1876 2427 1947 2462 iss»

1110 2480 1166 2511 tor,
1181 2477 1408 2513 quindenarius,
1422 2479 1520 2506 sector
1532 2483 1605 2505 vero
1620 2477 1631 2504 l
1645 2476 1827 2506 vicenarius.
1840 2474 1949 2508 οοαιιι

1109 2524 1198 2551 netur
1210 2522 1300 2557 igitur
1311 2524 1410 2551 sector
1423 2524 1447 2550 Α
1461 2521 1518 2550 sub
1533 2523 1650 2551 sectore
1662 2523 1684 2550 l.
1699 2521 1765 2551 Sint
1777 2518 1872 2552 dum
1891 2516 1950 2557 III}

1110 2570 1169 2596 tres
1193 2556 1323 2596 sectores
1339 2569 1359 2595 A
1376 2565 1576 2604 quindenarii.
1592 2566 1621 2595 Si
1639 2566 1732 2603 igitur
1749 2567 1851 2596 sector
1863 2562 1879 2597 ῐ
1892 2556 1950 2597 ἃ

1111 2611 1317 2648 sesquitertius
1330 2611 1451 2640 sectaris
1464 2613 1499 2644 Α,
1513 2610 1563 2640 alii
1576 2615 1700 2648 quoque
1713 2612 1775 2640 tres
1787 2608 1949 2642 ΜΞ

1110 2656 1199 2685 trium
1214 2658 1361 2685 sectorum
1385 2658 1409 2684 Α
1434 2658 1504 2684 sunt
1517 2655 1705 2692 sesquitertii.
1723 2655 1751 2686 Si
1773 2658 1849 2693 ergo
1863 2654 1947 2696 qui

1110 2703 1178 2730 tuor
1192 2703 1321 2730 sectores
1335 2703 1346 2730 Ι
1360 2703 1430 2730 sunt
1443 2700 1623 2736 sesquitertii
1639 2702 1772 2738 quatior

1111 2748 1134 2774 A
1149 2746 1380 2782 conjunctorum
1403 2748 1433 2775 et
1451 2745 1596 2774 circulum
1608 2747 1633 2774 Α
1646 2745 1863 2782 efﬁcientium;
1882 2746 1948 2776 cir-

1111 2790 1196 2819 culus
1209 2799 1332 2830 quoque
1345 2791 1398 2828 qui
1410 2799 1448 2819 ex
1461 2790 1626 2833 sectoribus
1637 2792 1787 2832 lqconstat,

1109 2828 1225 2865 hendit
1238 2828 1294 2867 suo
1314 2835 1432 2866 ambitu
1449 2830 1597 2865 circulum
1611 2830 1666 2874 qui
1681 2828 1905 2877 eam
1919 2838 1950 2877 ιιι

1631 3209 1712 3212 μ
