4130 6406
294 327 433 392 1289

287 461 416 536 άίρα
466 456 603 511 κατά
655 450 806 530 λόγον
869 456 1150 532 ἐπίτριτον,
1203 459 1294 508 καὶ
1354 450 1574 527 ἐδείχθη
1631 450 1734 528 ἆρα
1790 450 1838 504 ἐν
1876 452 2023 522 τῷΑ

284 553 534 625 γραφέντι
600 553 792 620 τουτῳὶ
1065 551 1289 607 ποσότης
1352 549 1443 598 καὶ
1513 547 1704 617 σχίσις
1759 541 1787 600 ἠ
1848 550 1949 595 τῶν

289 643 568 712 στοιχείων
595 643 685 690 καὶ
741 639 771 697 ἡ
822 641 948 714 πρὸς
999 637 1132 691 αὐτὰ
1173 641 1277 710 ἱκαὶ
1332 638 1420 697 τὰς
1474 636 1688 709 κράσεις
1724 640 1816 694 τῆς
1855 634 1947 705 φύ-

289 749 414 791 σεως
466 732 668 800 ἔνωσις,
735 725 808 781 δι’
843 729 910 780 ὧν
953 731 1012 781 τὸ
1053 734 1152 782 πᾶν
1191 731 1316 787 ἔστη
1365 728 1511 800 παρά
1554 732 1646 777 τοῦ
1689 729 1947 798 Δημιουρ-

283 827 381 894 γοῦ
419 825 510 873 καὶ
540 819 708 872 αὐτῶν
739 823 828 872 καὶ
852 825 943 881 τῆς
965 823 1180 892 φύσεως.

361 905 427 966 δ’.
467 907 588 961 Ὀτι
619 904 678 961 δί
713 927 793 970 τις
839 911 898 961 1'6
946 914 984 962 Φ
1033 906 1081 960 ἐν
1129 915 1201 978 τῷ
1243 910 1436 981 κέντρῳ
1491 903 1778 977 ἐγκείμενον
1814 903 1945 976 ὁρῶν

286 1003 360 1072 μὴ
434 997 756 1057 ἀπατηθήτω
830 999 908 1050 ὃτι
963 1005 1026 1071 τῇ
1083 992 1413 1069 γεωδεστίρᾳ
1457 995 1617 1069 μοίρᾳ
1667 1001 1762 1056 τῆς
1818 991 1946 1054 ὕλης

287 1092 381 1147 τὴν
433 1090 588 1162 φύσιν
645 1085 833 1160 μᾶλλον
895 1085 1290 1160 ᾠκειωσάμεθα,
1353 1089 1531 1138 νοείτω
1596 1078 1657 1136 6'1
1731 1082 1810 1135 ὅτι
1848 1085 1942 1140 τὴν

285 1185 382 1232 τῶν
441 1176 568 1230 ὅλων
635 1181 916 1250 στοιχείων
991 1180 1081 1229 καὶ
1148 1177 1381 1249 κράσεων
1453 1175 1722 1247 μεσότητα
1809 1169 1939 1243 αὐτῇ

284 1261 730 1341 ἀφωσιωσάμεθα.
802 1270 1115 1340 Πανταχόσε
1201 1269 1290 1318 καὶ
1371 1266 1470 1338 γὰρ
1546 1267 1636 1316 καὶ
1703 1267 1945 1333 στοιχεῖα

284 1361 375 1410 καὶ
399 1357 610 1430 κράσεις
656 1359 747 1408 καὶ
801 1357 970 1427 φύσις.
1037 1361 1204 1408 Ὅπου
1257 1355 1359 1427 γὰρ
1418 1355 1594 1426 φύσις,
1641 1355 1732 1403 καὶ
1783 1353 1942 1422 μέση,

285 1448 415 1500 ὅπου
443 1442 503 1500 6‘1
558 1452 803 1519 στοιχεῖα
844 1448 935 1498 καὶ
1001 1447 1232 1519 κράσεις,
1287 1441 1392 1497 ἐκεῖ
1457 1445 1546 1495 καὶ
1611 1443 1786 1514 φύσις,
1814 1441 1943 1493 ὅπου

285 1538 500 1609 κράσεις
530 1533 633 1609 ἆρα
663 1539 753 1589 καὶ
795 1541 1059 1607 στοιχεῖα,
1100 1536 1214 1587 ἔστι
1256 1537 1348 1586 καὶ
1402 1534 1561 1605 μέση,
1609 1532 1691 1584 ὅτι
1720 1534 1810 1583 καὶ
1849 1531 1944 1602 φύ-

291 1644 392 1686 σις.
427 1631 742 1679 Κοινωνοῦσι
803 1620 864 1678 6‘s
917 1629 1008 1676 καὶ
1067 1623 1391 1698 χωρίζονται
1427 1629 1595 1675 ταῦτα
1643 1622 1815 1674 πάντα
1855 1617 1944 1671 ἀπ’

287 1712 537 1784 ἀλλήλων,
600 1715 732 1767 κατά
795 1717 854 1766 τὸ
905 1711 1094 1787 μᾶλλον
1151 1715 1240 1765 κὰὶ
1288 1713 1464 1785 ἦττον,
1520 1713 1611 1764 καὶ
1651 1717 1714 1783 τῇ
1779 1708 1946 1780 οἰκείᾳ

1175 325 1533 387 rasonom
1573 326 1620 383 ιι
1655 326 1792 383 IMP.
1833 313 1926 381 DE
1965 310 2434 383 couuUNIONE
2475 324 2847 386 NATURALI.

3581 334 3724 393 1290

2129 448 2184 517 ε’,
2225 448 2366 504 Ἐπεὶ
2419 448 2480 505 6‘1
2530 449 2631 504 κάκ
2677 459 2771 525 τῇς
2832 453 3028 524 φύσεως
3079 450 3181 505 κάκ
3227 460 3330 507 τῶν
3379 461 3656 529 στοιχείων
3685 461 3718 518 ἡ

2055 539 2196 613 μίξις
2248 543 2524 612 ἔγνωσται,
2584 545 2672 594 καὶ
2730 544 2789 593 τὸ
2850 541 3082 595 ποικίλον
3135 541 3315 616 ἐφανη,
3384 550 3474 598 καὶ
3520 549 3587 599 1'61
3622 552 3720 620 μέ-

2054 649 2121 703 ρη
2180 631 2238 682 ού
2295 640 2476 693 κοινῶς
2543 631 2942 704 ὑπελείφθησαν,
3007 653 3074 685 τα
3127 633 3278 688 εύθέα
3328 655 3383 688 τε
3439 640 3529 690 καὶ
3577 657 3720 714 περι-

2057 726 2206 792 φερῇ,
2251 721 2318 773 τά
2353 724 2412 773 1'6
2468 723 2652 791 μικτὸν
2706 717 3088 780 δηλοποιοῦντα
3153 723 3456 799 εἰλικρινῶς,
3511 726 3623 779 ἀλλ’
3669 726 3719 780 ἓν

2055 808 2274 861 ἕκαστον
2334 813 2461 882 ποίᾳ
2525 814 2628 862 τινὶ
2695 814 2882 882 σχέσει
2925 814 3050 884 πρός
3094 810 3235 880 ἄλλο,
3295 812 3418 867 ἄλλο
3481 835 3537 868 τε
3589 817 3719 889 πρὸς

2055 897 2289 972 ἑκατερον
2345 900 2464 953 καθ’
2517 901 2697 954 ἕνωσιν
2747 905 2838 954 καὶ
2897 897 3181 954 διαστασιν
3229 905 3298 965 ὡς
3353 906 3545 976 ἔχουσι
3619 907 3719 958 ἁπ-

2057 983 2400 1060 εδείχθησαν,
2451 987 2674 1062 ἀχθητω
2723 994 2812 1042 καὶ
2851 993 2982 1064 πρὸς
3021 992 3088 1044 τὰ
3143 994 3275 1064 μετά
3311 994 3376 1045 1'61
3408 1000 3652 1066 στοιχεῖα
3689 995 3716 1046 ὁ

2054 1075 2224 1150 λόγος,
2297 1082 2458 1152 ἤγουν
2519 1077 2602 1132 ἐπὶ
2653 1081 2746 1142 τὰς
2803 1099 3034 1155 κράσεις.
3109 1087 3211 1135 Καὶ
3274 1083 3372 1158 γὰρ
3456 1087 3547 1136 καὶ
3607 1091 3720 1145 τοῖς

2057 1173 2346 1240 στοιχείοις
2397 1167 2574 1232 αὐτοῖς
2623 1174 2808 1242 κρᾶσις
2864 1169 3221 1244 προσαλληλα,
3294 1175 3380 1226 καὶ
3433 1181 3496 1246 τῇ
3565 1175 3722 1246 φύσει

2057 1253 2353 1329 ἀπεδείχθη
2387 1259 2556 1320 καθώς
2614 1257 2778 1330 ἔστιν,
2839 1262 3004 1312 εἵτουν
3063 1257 3248 1329 διπλῆ,
3294 1263 3431 1315 κατὰ
3474 1280 3526 1316 τε
3553 1266 3644 1322 τὴν
3667 1261 3718 1315 ἐν

2057 1351 2348 1419 στοιχείοις
2403 1353 2492 1400 καὶ
2558 1352 2651 1408 τὴν
2697 1347 2748 1400 ἐν
2798 1367 3068 1423 κρασεσιν.
3119 1349 3260 1404 Ἐπεὶ
3290 1347 3350 1405 6'1
3381 1352 3412 1410 ἡ
3443 1359 3542 1405 τῶν
3577 1371 3720 1405 στοι-

2054 1441 2214 1510 χείων
2264 1434 2529 1501 ἀπόδειξις
2584 1440 2643 1490 τὸ
2695 1438 2929 1492 ποικίλον
2993 1443 3084 1493 καὶ
3131 1442 3190 1493 τὸ
3243 1439 3559 1517 ἀμφιρῥεπες
3627 1445 3720 1495 καὶ

2054 1529 2114 1579 1'6
2176 1521 2485 1600 ίδιόρνθμον
2549 1529 2745 1580 τούτων
2802 1523 3060 1596 ἀπέδειξε,
3125 1533 3215 1583 καὶ
3272 1529 3367 1582 ούκ
3431 1531 3492 1582 οἶν
3556 1527 3719 1592 ἄλλως

2055 1617 2197 1687 ἔχειν
2254 1615 2410 1669 αὐτὸν
2455 1616 2590 1670 αὐτα
2645 1636 2727 1679 τις
2774 1620 2916 1691 εἰπῃ,
2969 1621 3015 1670 εἰ
3077 1621 3148 1691 μὴ
3210 1619 3379 1690 φιλίας
3435 1622 3465 1678 ἦ
3525 1624 3615 1673 καὶ
3643 1623 3718 1672 νίς

2054 1723 2147 1766 κης
2207 1703 2368 1773 ἐστὶν,
2443 1707 2700 1778 ἔγνωσται
2762 1706 2986 1780 ἐναργῶς
3049 1708 3079 1766 ἡ
3151 1707 3390 1767 ἀλήθεια.
3459 1708 3536 1761 Οὐ
3611 1710 3713 1784 γὰρ

289 1799 599 1878 ίδιορνθμίᾳ
651 1807 740 1856 καὶ
803 1810 866 1875 τῇ
929 1809 1122 1875 φυσικῇ
1184 1798 1436 1869 ἰδιότητι,
1505 1795 1573 1851 ὧν
1624 1802 1855 1858 καὶτοῖς
1889 1794 1942 1850 εὖ
1974 1811 2015 1866 Β
2055 1796 2168 1848 ἔστι
2207 1812 2258 1848 τι
2294 1797 2432 1847 κοιτά
2487 1799 2705 1869 κόσμον,
2765 1794 2886 1870 ὅπερ
2945 1795 3004 1848 ού
3059 1804 3158 1848 τῶν
3205 1799 3478 1872 τεττάρων.
3527 1801 3598 1851 Εἰ
3655 1794 3717 1851 δέ

287 1898 536 1966 φρονοῦσι
561 1893 916 1964 περατουμένη
979 1891 1010 1949 ἡ
1069 1893 1262 1962 γνῶσίς
1323 1888 1483 1944 ἐστιν.
1537 1887 1808 1949 Ὡσαύτως
1853 1890 1945 1939 καὶ

282 1981 378 2033 οὐκ
431 1979 666 2044 ἂξέτᾶσις
735 1983 942 2042 τούτοις
1016 1987 1116 2032 τῶν
1173 1975 1568 2032 ύποδιπλασίων
1628 1972 1945 2030 116116111161-

285 2074 412 2125 σίων
475 2074 565 2123 καὶ
633 2069 882 2142 ἡμιολίων
942 2072 1034 2122 καὶ
1095 2067 1378 2144 ἐπιτρίτων
1457 2066 1742 2139 ἀναλογιῶν
1817 2064 1946 2128 ὅλως

282 2164 581 2233 γενήσεται,
639 2157 769 2212 ἀλλὰ
818 2161 954 2212 κατά
1008 2161 1068 2211 1'6
1120 2166 1216 2222 τῆς
1260 2167 1362 2232 γῆς
1417 2160 1662 2230 στεγανόν
1700 2155 1834 2228 ἄγαν
1886 2159 1945 2210 τὸ

284 2245 434 2322 ὕδωρ
481 2252 569 2302 τὸν
635 2245 916 2303 διπλασιον
973 2247 1122 2321 λόγον
1173 2251 1314 2321 ἔχειν
1359 2253 1636 2318 νοήσουσι,
1702 2243 1796 2301 διὰ
1849 2251 1944 2307 τὴν

284 2337 420 2411 ἄγαν
486 2340 681 2401 ταύτης
752 2337 1096 2411 σνμπίλησιν·
1165 2345 1229 2411 τῇ
1305 2335 1558 2411 ἀναλογίᾳ
1623 2333 1682 2390 δι
1755 2337 1946 2410 ὁμοίως

282 2433 375 2482 καὶ
425 2435 534 2491 τοῖς
596 2427 782 2504 ἑτέροις
838 2416 1289 2503 ἀναλογισάμενοι,
1352 2431 1418 2491 ὦς
1484 2425 1596 2482 ἔστι
1646 2430 1704 2482 τὸ
1769 2425 1948 2481 61116116-

282 2536 398 2590 γον,
441 2514 713 2572 διοίσουσι
769 2523 859 2572 καὶ
916 2518 1010 2572 ούκ
1067 2517 1430 2591 ἀπατηθῶσιν,
1479 2520 1548 2582 ὡς
1586 2519 1636 2572 οἱ
1663 2537 1829 2578 παντη
1863 2515 1947 2570 ἀν·

285 2611 474 2667 επιστὴ
481 2625 649 2681 μονες.

286 2751 522 2808 constat
549 2749 885 2808 secundum
927 2750 1224 2809 rationem
1258 2750 1724 2818 sesquitertiam.
1786 2749 1947 2823 Ignis

285 2851 431 2910 ergo
462 2838 922 2913 comprehendit
947 2839 1059 2898 sub
1081 2857 1144 2898 se
1166 2857 1368 2899 aerem
1407 2841 1742 2898 secundum
1771 2839 1946 2898 ratio-

284 2943 429 2986 nem
474 2929 940 3003 sesquitertiam.
996 2931 1248 2988 Ostensa
1293 2935 1380 2988 est
1427 2947 1570 3002 ergo
1611 2931 1674 2988 in
1703 2931 1818 2988 hoc
1848 2930 1946 2989 de-

287 3017 512 3091 scripto
528 3017 749 3076 circulo
766 3017 1198 3077 elementorum
1210 3019 1516 3093 quantitas
1528 3024 1585 3077 et
1599 3020 1948 3078 convenien-

289 3105 373 3164 tia
403 3123 417 3175 ;
447 3105 706 3180 itemque
737 3109 1082 3166 communio
1123 3115 1355 3167 natura:
1399 3125 1538 3166 cum
1581 3109 1694 3166 illis
1723 3113 1780 3167 et
1807 3127 1948 3168 cum

284 3195 1070 3271 temperationibus,quibus
1083 3197 1585 3256 intercedentibus
1598 3198 1947 3258 universum

281 3283 402 3342 hoc
430 3285 509 3343 ab
531 3286 756 3359 Opiﬁce
787 3302 1048 3358 summo,
1090 3287 1168 3345 ab
1197 3287 1344 3362 ipsis
1372 3293 1430 3346 et
1444 3292 1661 3347 natura
1677 3291 1946 3348 constru-

284 3378 450 3432 ctum
481 3380 594 3434 est.

357 3467 408 3520 4.
455 3464 570 3522 Sed
593 3479 670 3521 ne
709 3463 859 3523 forte
879 3466 1015 3539 quis
1027 3481 1239 3524 .errore
1265 3467 1539 3541 capiatur
1568 3466 1782 3525 videns
1811 3469 1855 3525 U
1883 3468 1946 3525 in

282 3556 490 3610 centro
518 3553 808 3627 positum,
836 3555 1002 3628 quod
1030 3555 1306 3613 videlicet
1327 3555 1522 3626 magis
1543 3559 1801 3614 terrestri
1821 3574 1946 3615 ma-

281 3643 447 3701 terim
465 3644 726 3716 portioni
743 3649 1023 3702 naturam
1044 3646 1246 3718 potius
1261 3646 1948 3717 assignaverimus,sciat

281 3747 399 3789 nos
425 3732 845 3790 universorum
880 3734 1315 3792 elementorum
1357 3740 1415 3792 et
1439 3736 1946 3809 temperationum

283 3822 672 3880 medietatem
694 3828 926 3881 natura:
941 3824 1248 3882 detulisse.
1279 3829 1430 3884 Nam
1452 3841 1947 3900 quoquoversum

289 3917 546 3984 spectes,
568 3912 885 3978 elementa,
907 3915 1259 3988 temperatio
1295 3920 1352 3972 et
1389 3920 1609 3972 natura
1638 3915 1822 3972 rebus
1860 3917 1948 3972 in-

291 4002 564 4060 sunt.Ubi
585 4003 747 4060 enim
769 4003 1096 4076 natura,ibi
1116 4004 1296 4062 etiam
1319 4010 1410 4062 est
1426 4005 1628 4063 media
1645 4024 1663 4079 ;
1683 4006 1786 4062 ubi
1803 4021 1948 4064 vero

287 4090 586 4150 elementa
601 4096 656 4151 et
676 4094 1278 4167 temperationesjllic
1297 4095 1479 4152 etiam
1499 4100 1732 4153 natura.
1757 4097 1950 4162 Quare

284 4180 638 4255 ubicunque
685 4183 1149 4256 temperationes
1204 4185 1344 4241 sunt
1393 4189 1450 4242 et
1477 4184 1792 4257 elementa,
1832 4183 1950 4242 illic

286 4273 472 4330 etiam
501 4277 744 4331 interest
771 4273 972 4331 media
1011 4289 1122 4331 nec
1158 4274 1340 4332 aliam
1379 4273 1458 4332 ob
1498 4289 1948 4349 causamquam

284 4362 436 4436 quia
454 4367 543 4419 est
557 4363 1260 4422 natura.Communicant
1276 4368 1478 4423 autem
1499 4365 1628 4422 haec
1645 4365 1850 4424 omnia
1865 4364 1950 4422 in-

285 4457 380 4510 ter
400 4467 461 4508 se
482 4455 539 4508 et
560 4458 917 4525 separantur
938 4469 974 4509 a
993 4470 1056 4510 se
1080 4453 1234 4510 inter
1253 4454 1677 4524 se,secundum
1695 4453 1758 4511 id
1783 4455 1950 4528 quod

2054 1887 2247 1938 τούτων
2277 1886 2346 1947 ὡς
2401 1892 2570 1937 ταῦτα
2621 1887 2781 1938 ἔστιν·
2843 1884 2886 1937 εἰ
2933 1881 2983 1938 δ’
3037 1886 3108 1947 ὡς
3159 1894 3328 1940 ταῦτα
3383 1887 3546 1954 ἔστιν,
3586 1887 3716 1960 ούχί

2055 1972 2243 2026 ἐνιαίόν
2313 1972 2478 2044 ἐστιν,
2537 1973 2616 2027 ὃτι
2675 1981 2844 2028 ταῦτα
2888 1977 3054 2048 μικτά
3118 1978 3250 2051 πρὸς
3299 1975 3452 2031 αύτά.
3514 1972 3715 2037 Μηδείς

2055 2060 2115 2117 6‘s
2166 2071 2282 2117 νοῦν
2337 2068 2428 2117 καὶ
2491 2063 2677 2137 ψυχὴν
2739 2067 2769 2124 ἣ
2835 2066 2902 2118 τὰ
2959 2066 3116 2138 ὅμοια
3182 2066 3514 2139 σοφιζόμενος
3548 2085 3717 2142 παρα-

2055 2151 2214 2227 ϐάλλῃ
2291 2160 2395 2214 τοῖς
2455 2151 2768 2227 λεγομένοις,
2845 2159 2933 2208 καὶ
3015 2152 3224 2208 ἀπατῶν
3300 2160 3394 2216 τὴν
3454 2153 3712 2223 ἀλήθειαν,

2054 2242 2244 2317 μᾶλλον
2276 2238 2335 2296 δὲ
2363 2242 2563 2295 ἑαυτὸν·
2618 2247 2678 2296 τό
2731 2245 2832 2317 γὰρ
2883 2242 3066 2317 λίχνον
3113 2249 3204 2298 καὶ
3247 2246 3277 2304 ἡ
3324 2243 3592 2318 βασκανία
3627 2264 3722 2298 κι-

2054 2338 2130 2384 νεί
2181 2330 2254 2394 εἰς
2318 2333 2436 2393 τοὺς
2485 2327 2740 2394 ἀναιδεῖς.
2793 2335 2973 2386 Μικτά
3030 2339 3157 2404 γοῦν
3221 2334 3290 2386 1'61
3349 2340 3534 2410 πρῶτα
3591 2336 3718 2387 καθα

2056 2425 2317 2480 εστηκότα
2362 2426 2452 2475 καὶ
2502 2423 2569 2474 τά
2623 2418 2862 2498 δεύτερα,
2930 2425 3095 2476 εἶτουν
3152 2424 3209 2476 αἱ
3255 2425 3464 2497 κράσεις
3506 2443 3716 2497 μικται,

2057 2507 2219 2570 διπλῆ
2254 2506 2314 2564 6's
2358 2517 2466 2574 τοῖς
2513 2511 2645 2584 μετά
2684 2513 2754 2564 1'61
2807 2518 3055 2585 στοιχεῖα
3103 2513 3134 2571 ἡ
3186 2518 3399 2587 κρᾶσις,
3438 2514 3520 2566 ὅτι
3549 2520 3720 2566 ταῦτα

2057 2597 2216 2654 διττὰ
2251 2599 2474 2674 ἔμψυχά
2519 2619 2574 2654 τε
2619 2620 2710 2653 και
2765 2596 2978 2675 ἀψυχα,
3039 2621 3129 2656 και
3171 2601 3325 2657 πάλιν
3354 2611 3465 2666 πῶς
3494 2603 3718 2678 ἔμψυχα

2056 2744 2168 2804 stio
2200 2749 2381 2819 atque
2405 2745 2660 2802 varietas
2691 2745 2933 2818 cognita
2959 2750 3014 2804 et
3035 2746 3356 2806 manifesta
3394 2746 3571 2806 nobis
3587 2764 3720 2805 exs.

2055 2833 2184 2904 titit,
2201 2839 2256 2893 et
2283 2839 2486 2908 partes
2509 2848 2632 2892 non
2649 2832 3002 2905 generaliter
3020 2833 3332 2895 subducta:
3355 2841 3515 2905 sunt,
3543 2841 3717 2895 rectae

2056 2925 2343 2982 nimirum
2376 2931 2433 2981 et
2459 2924 2735 2981 rotundae
2763 2940 2898 2998 quae
2920 2924 3064 2982 illud
3095 2924 3264 2999 quod
3295 2926 3718 2985 admistionem

2057 3015 2358 3088 suscipere
2387 3017 2585 3089 potest
2603 3015 2920 3071 manifeste
2947 3015 3294 3086 ostendunt,
3320 3016 3427 3073 sed
3457 3016 3720 3087 singilla-

2054 3106 2163 3162 tim
2176 3105 2723 3162 demonstravrmus
2737 3103 2900 3178 quali
2914 3105 3220 3162 habiiitate
3233 3106 3719 3180 unumquodque

1979 3170 2020 3232 (ἶ
2033 3191 2044 3220 ⁸
2056 3194 2135 3252 ad
2149 3193 2312 3251 aliud
2325 3198 2380 3252 et
2397 3193 2556 3252 aliud
2576 3193 2653 3251 ad
2675 3170 3001 3268 utrumque
3017 3195 3132 3252 hoc
3145 3199 3202 3252 et
3215 3195 3361 3253 illud
3381 3170 3719 3254 secundum

2055 3283 2498 3359 copulationem
2520 3288 2576 3341 et
2591 3284 2941 3341 distantiam
2963 3285 3034 3343 sit
3051 3285 3394 3360 praeditum,
3415 3286 3545 3358 jam
3573 3300 3718 3344 con-

2054 3379 2316 3432 vertatur
2333 3379 2540 3432 nostra
2587 3374 2774 3431 oratio
2819 3373 2901 3431 ad
2951 3374 3052 3433 illa
3095 3390 3232 3448 quae
3257 3375 3556 3434 elementa
3584 3376 3721 3450 ipsa

2055 3462 2328 3538 proxime
2353 3468 2938 3538 sequuntur,nempe
2957 3463 3035 3521 ad
3057 3467 3546 3538 temperationes.
3567 3469 3714 3524 Nam

2055 3569 2194 3626 quae
2216 3551 2290 3608 sit
2327 3553 2678 3625 temperatio
2727 3553 3163 3610 elementorum
3211 3555 3363 3612 inter
3401 3571 3484 3623 se,
3511 3558 3568 3612 et
3593 3570 3718 3628 quo

2055 3645 2232 3714 pacto
2254 3641 2332 3698 ad
2359 3641 2852 3698 communionem
2880 3647 3112 3700 naturae
3141 3649 3497 3700 revocentur
3523 3648 3718 3700 osten-

2056 3731 2278 3787 dimus.
2301 3731 2526 3803 Nempe
2552 3730 2777 3804 duplex
2816 3737 2903 3788 est
2945 3731 3164 3800 mistio,
3200 3746 3325 3790 una
3345 3747 3482 3807 quas
3513 3732 3575 3790 in
3605 3730 3721 3791 elei

2057 3819 2273 3876 mentis
2302 3820 2583 3889 cernitur,
2617 3819 2802 3878 altera
2849 3835 2986 3894 quae
3035 3821 3096 3878 in
3141 3821 3709 3895 temperationibus.

2057 3909 2355 3976 Quoniam
2377 3914 2576 3966 autem
2591 3911 2730 3967 ciun
2750 3909 2825 3966 de
2846 3909 3152 3968 elementis
3164 3899 3717 3983 diceremusﬁarie‘

2055 4004 2241 4058 tatem
2263 4004 2319 4056 et
2339 4000 2806 4072 propensionem
2827 3999 2888 4057 in
2908 4005 3228 4075 utramque
3244 4007 3564 4074 partem,et
3581 4017 3716 4075 pro‘

2056 4090 2254 4164 priam
2283 4089 2767 4148 constitutionem
2787 4090 3026 4148 illorum
3051 4092 3720 4160 demonstravimus,se-

2058 4194 2176 4252 que
2199 4178 2582 4236 hocinﬁciari
2605 4179 2930 4254 quisquam
2961 4182 3154 4254 possit
3175 4181 3288 4239 nisi
3324 4187 3500 4241 sectae
3538 4181 3717 4240 alicui

2058 4267 2334 4326 addictus
2362 4273 2466 4326 aut
2484 4269 2881 4327 contentionis
2904 4269 3104 4328 studio
3122 4271 3720 4345 adductus,superest

2058 4363 2125 4416 ut
2141 4358 2443 4417 veritatem
2467 4357 2784 4416 manifeste
2823 4359 3001 4418 nobis
3037 4362 3346 4433 cognitam
3376 4375 3506 4420 esse
3532 4363 3720 4421 fatea-I

2058 4465 2215 4506 mur.
2243 4447 2395 4506 Nihil
2421 4448 2582 4505 enim
2613 4453 2704 4507 est
2732 4449 2793 4506 in
2841 4449 2958 4507 hoc
3001 4451 3256 4521 mundo,
3300 4452 3466 4526 quod
3496 4467 3622 4509 non
3653 4465 3723 4509 ex

283 4545 380 4598 est
405 4541 602 4612 magis
628 4546 684 4599 et
710 4541 925 4610 minus,
951 4542 1214 4616 itemque
1240 4558 1350 4602 sua
1380 4543 1667 4617 peculiari
1688 4558 1950 4618 prOpen-
1983 4534 2028 4590 D
2059 4543 2319 4613 quatuor
2349 4544 2578 4597 constet
2601 4538 2932 4599 elementis.
2965 4541 3138 4608 Quod
3160 4541 3208 4599 si
3234 4557 3307 4600 ex
3321 4543 3415 4600 bis
3441 4547 3721 4601 constant

287 4629 461 4686 sione
481 4635 538 4687 et
569 4630 828 4689 naturali
857 4630 1505 4705 proprietate,quarum
1527 4632 1774 4706 quidem
1801 4632 1950 4691 atie-

287 4717 559 4777 ctionum
589 4720 849 4792 cognitio
868 4720 1040 4777 ﬁnita
1075 4725 1167 4777 est
1187 4721 1577 4794 sapientibus.
1602 4725 1717 4780 Nec
1735 4722 1951 4780 eodem

287 4822 532 4882 semper
547 4809 732 4867 modo
748 4809 1107 4880 investigare
1130 4809 1325 4867 solent
1357 4812 1778 4884 proportiones
1811 4810 1953 4868 sub-

283 4891 527 4965 duplas,
559 4892 802 4967 duplas,
833 4894 1255 4969 sesquialteras
1284 4899 1342 4952 et
1385 4894 1814 4968 sesquitertias,
1847 4895 1954 4953 sed

281 4996 400 5057 pro
428 4996 655 5056 magna
681 4988 850 5041 terrae
867 4983 1184 5042 solididate
1205 4997 1432 5058 aquam
1452 4984 1678 5042 habere
1700 4984 1953 5059 duplam

279 5071 583 5130 rationem
609 5073 950 5146 intelligunt
978 5079 1223 5148 propter
1242 5074 1496 5132 nimiam
1535 5073 1691 5132 illius
1734 5075 1955 5133 consti-

281 5162 619 5237 pationem.
654 5163 1052 5221 Consimiliter
1081 5163 1143 5221 in
1172 5163 1302 5222 aliis
1323 5168 1602 5222 accurate
1623 5164 1959 5240 proportio-

282 5251 517 5312 tionem
562 5254 1026 5327 perpendentes,
1076 5254 1244 5328 quod
1297 5268 1506 5313 revera
1535 5254 1961 5312 convenienter

279 5341 631 5416 respondet,
670 5343 1094 5415 assignabunt,
1135 5361 1247 5403 nec
1279 5344 1342 5402 in
1371 5359 1635 5403 errorem
1672 5343 1958 5418 incident,

280 5437 354 5492 ut
384 5429 465 5488 illi
497 5432 600 5506 qui
637 5447 893 5507 prorsus
924 5433 1118 5506 ignari
1141 5438 1300 5493 sunt.

367 5521 420 5580 Β.
465 5520 766 5590 Quoniam
789 5529 991 5583 autem
1011 5539 1086 5583 ex
1120 5531 1340 5585 natura
1354 5529 1412 5585 et
1431 5540 1504 5584 ex
1522 5524 1826 5584 elementis
1850 5525 1960 5584 mi-

2059 4643 2196 4702 qute
2223 4633 2362 4686 sunt
2387 4628 2450 4686 in
2479 4629 2976 4700 mundo,singula
2993 4645 3116 4688 non
3136 4629 3392 4703 aliter,se
3408 4631 3724 4690 habebunt

2061 4723 2241 4791 atque
2266 4718 2399 4790 ipsa
2425 4717 2754 4786 elementa;
2781 4719 2949 4794 quod
2975 4719 3024 4778 si
3043 4735 3163 4779 non
3198 4721 3628 4793 aliter,nullum
3651 4726 3725 4778 ex

2063 4807 2316 4877 singulis
2355 4809 2808 4881 compositionis
2843 4813 2902 4866 et
2940 4807 3322 4868 admistionis
3348 4826 3558 4884 expers
3590 4810 3722 4881 erit,

2063 4913 2202 4955 cum
2233 4896 2526 4955 elementa
2550 4899 2688 4972 ipsa
2711 4898 2865 4957 inter
2889 4913 2952 4956 se
2981 4900 3329 4958 mistionem
3359 4900 3715 4974 suscipiant.

2065 4989 2250 5046 Nemo
2281 5002 2423 5045 vero
2452 4986 2566 5044 illis
2604 5004 2742 5062 qua
2762 4989 2924 5048 dicta
2949 4996 3088 5048 sunt
3119 5007 3156 5048 a
3177 4991 3353 5049 nobis
3382 4990 3594 5048 callide
3615 5006 3725 5065 ops

2065 5082 2255 5151 ponat
2279 5077 2489 5134 mentis
2518 5082 2576 5134 et
2595 5078 2782 5136 animi
2803 5078 3268 5152 copulationem,
3290 5080 3600 5138 veritatem
3629 5080 3728 5154 ip:

2068 5181 2202 5224 sam
2223 5171 2326 5224 aut
2355 5168 2556 5240 potius
2591 5167 2858 5241 seipsum
2885 5169 3209 5244 decipiens.
3243 5173 3391 5227 Nam
3413 5169 3724 5243 petulanti;

2069 5261 2126 5314 et
2153 5254 2636 5330 livorimpellunt
2657 5257 3060 5332 impudentes.
3083 5259 3520 5318 Admistionem
3550 5258 3730 5332 igitur

2071 5346 2407 5419 suscipiunt
2436 5345 2732 5421 principia
2760 5346 2858 5404 illa
2891 5363 2998 5405 seu
3029 5349 3345 5420 elementa,
3377 5355 3432 5408 et
3461 5349 3729 5408 secundo

2069 5435 2203 5496 loco
2219 5434 2690 5510 concreta,quod
2709 5437 2857 5494 nihil
2878 5437 3043 5496 aliud
3063 5444 3152 5496 est
3165 5438 3362 5497 dicere
3383 5453 3572 5515 quam
3587 5445 3734 5498 tem-

2071 5527 2414 5600 perationes
2438 5525 2679 5585 misceri
2717 5541 2901 5602 posse
2931 5529 3029 5603 (ι).
3063 5529 3162 5589 Est
3187 5535 3388 5591 autem
3407 5530 3470 5590 in
3497 5530 3569 5589 iis
3592 5537 3733 5606 quin

362 5646 444 5723 (ί)
479 5650 544 5711 In
560 5649 891 5727 Epicureos
918 5650 1037 5742 hoc
1059 5651 1216 5713 dixit
1243 5652 1350 5728 qui
1376 5653 1658 5719 animum
1683 5658 1874 5730 κρᾶσιν
1903 5667 2043 5716 esse
2074 5651 2379 5718 dicebant.

699 5777 928 5842 mmor.
965 5777 1067 5841 Gn.
1107 5776 1256 5843 CXL.

3253 5781 3336 5853 Μ
