4130 6414
264 367 405 428 i293

1145 361 1501 422 THEODORI
1541 365 1584 418 Il
1626 365 1757 420 IMP.
1803 364 1890 418 DE
1929 362 2386 420 COMMUNIONE
2425 363 2798 421 NATURALI.

3545 369 3684 424 1294

262 500 578 569 τουργοῦντο
641 495 733 544 καὶ
793 489 1092 565 ἰκοίρπιυον,
1175 505 1252 550 τις
1309 487 1359 542 δ’
1422 489 1571 551 ἄλλος
1631 493 1748 562 εἴπῃ
1817 490 1922 562 οῦχ
1954 496 1999 548 Α
2032 491 2280 562 φυτοῖς.ἡ
2320 490 2421 563 γὰρ
2464 485 2662 549 ἰδιότης
2708 494 2922 561 μίγνυσι
2969 499 3031 565 τῇ
3099 494 3283 568 κράσει
3341 499 3530 565 κρᾶσιν
3595 495 3685 544 καὶ

265 591 346 640 ὅτι
383 587 574 657 κρᾶσίς
626 580 766 634 ἔστιν
829 579 1025 645 αὐτοῖς,
1063 581 1107 631 εἰ
1171 583 1243 651 μὴ
1286 579 1311 630 ὁ
1349 587 1532 640 κοινῶς
1606 585 1920 654 φυτουργεῖ-

268 676 396 728 σθαι
451 678 622 724 ταῦτα
673 669 832 740 λέγων
881 672 1188 740 πανταχόσε
1225 672 1315 720 καί
1356 671 1663 744 σπείρεσθαι
1705 688 1717 737 ;
1758 675 1923 720 Τοῦτο

269 761 330 817 δὲ
395 769 497 816 τῶν
559 756 829 812 ἂδυνατων
897 756 1058 812 ἐστίν.
1130 757 1354 810 Ἀθετεῖν
1417 755 1476 810 δὲ
1540 763 1630 811 καὶ
1684 763 1778 817 τὴν
1825 766 1923 810 τῶν

271 847 680 912 ’Δσκληπιοίδων
739 853 932 922 τέχνην
1001 851 1027 900 ό
1095 855 1331 908 τοιοῦτος
1396 850 1649 922 ὁρίζεται,
1713 849 1773 908 ἦν
1833 853 1924 902 καὶ

272 945 554 1018 φαρμάκων
618 943 905 997 συνίστησι
968 937 1166 998 πλῆθος
1226 940 1281 990 ἔκ
1345 957 1399 990 τε
1467 945 1564 990 τῶν
1641 941 1920 1010 φυομένων,

274 1037 329 1086 ἔκ
387 1051 442 1085 τε
495 1029 776 1105 μετάλλων,
831 1031 887 1081 ἔκ
950 1047 1003 1082 τε
1061 1037 1160 1080 τῶν
1228 1033 1654 1100 συγκιρνῶμένων
1719 1029 1923 1081 πολυει-

277 1121 382 1177 δῶν
454 1139 510 1174 τε
580 1125 670 1173 καὶ
730 1118 1131 1172 πολυκευάστων
1195 1116 1287 1171 διὰ
1352 1126 1442 1179 τῆς
1516 1119 1676 1179 αὐτῆς
1740 1115 1927 1171 ἁποδεὶ

277 1213 418 1277 ξεως.
474 1218 656 1266 Ταῦτα
704 1212 808 1284 γὰρ
856 1209 1028 1262 πάντα
1081 1211 1315 1284 κράσεων
1375 1206 1632 1282 διαφορὰς
1687 1211 1923 1281 ἔχουσιν·

275 1305 410 1355 οὕτω
473 1303 574 1374 γὰρ
640 1304 732 1352 καὶ
801 1300 850 1350 οἱ
913 1303 1119 1360 παίονες
1198 1297 1392 1372 ἑκάστῃ
1469 1303 1605 1369 νόσῳ
1663 1301 1720 1350 τὸ
1801 1300 1931 1372 πρὸς

278 1390 582 1444 ἀντίστασιν
683 1390 876 1441 τούτων
973 1388 1047 1449 εἰς
1170 1386 1431 1449 ἀναίρεσιν
1539 1389 1726 1446 ταύτης
1841 1385 1929 1439 ἒπ-

278 1484 492 1554 άγουσι,
532 1483 622 1532 καὶ
686 1477 744 1531 οῦ
809 1483 979 1530 πᾶσαι
1039 1479 1106 1529 τὰ
1165 1479 1332 1529 πάντα
1392 1481 1560 1529 καίτοι
1625 1478 1748 1528 ὄντα
1813 1472 1932 1528 διά-

281 1589 439 1644 φορα.
478 1567 814 1631 Ἑξετάζουσι
871 1562 930 1618 δὲ
985 1569 1076 1617 καὶ
1137 1568 1271 1617 οἶνον
1321 1568 1452 1639 πρὸς
1507 1571 1640 1617 οἶνον
1678 1570 1768 1617 καὶ
1805 1567 1934 1637 πρὸς

280 1658 450 1711 ἔλαιον
515 1656 704 1726 τλαιον,
764 1658 855 1707 καί
913 1657 1040 1729 πρὸς
1105 1658 1306 1728 ὀπώραν
1347 1653 1574 1728 ὀπώραν,
1615 1658 1706 1706 καὶ
1739 1657 1936 1727 καρπόν

280 1750 413 1822 πρὸς
463 1748 683 1820 καρπὸν,
739 1749 828 1796 καὶ
889 1741 1221 1806 ἕξετάσαντες
1273 1741 1422 1804 αὖθις
1475 1745 1811 1815 προσάγουσι
1877 1745 1936 1793 τό

1170 1386 1431 1461 ἁναίρεσιν

280 1834 618 1904 κατάλληλον,
677 1838 768 1886 καὶ
823 1835 884 1885 τὸ
938 1832 1238 1907 ἂπροσφυες
1300 1831 1629 1885 ἀποσείονται
1684 1839 1749 1904 τῇ
1816 1835 1938 1892 τέως
1974 1861 2018 1915 Β

279 1929 436 1996 νόσῳ,
501 1927 629 1998 πρὸς
701 1922 861 1981 οἷλλην
925 1939 1078 1974 νοσον
1144 1921 1498 1994 ἆφοσιοῦντες.
1549 1921 1610 1976 Εἰ
1675 1927 1746 1994 μὴ
1813 1929 1939 1993 γοῦν

279 2019 471 2088 κρᾶσις
523 2009 584 2072 ἦν
643 2011 692 2064 ἓν
747 2013 942 2074 αὑτοῖς,
998 2010 1092 2064 οὐκ
1129 2012 1192 2063 ἄν
1228 2013 1442 2083 ὑπῆρχε
1478 2015 1568 2063 καὶ
1629 2007 1856 2079 ἰδιότης,
1897 2013 1941 2063 εἰ

284 2099 344 2156 δὲ
409 2106 480 2176 μὴ
549 2097 771 2168 ἰδιότης,
841 2100 936 2152 οῦκ
1001 2102 1065 2152 οἶν
1133 2099 1498 2152 συνεϐάλλοντο
1561 2107 1667 2160 πῶς
1727 2102 1816 2172 μὲν
1874 2098 1942 2159 εἰς

283 2211 421 2255 τινα,
455 2189 634 2245 διόλου
663 2187 724 2244 δέ
769 2207 829 2262 γε
876 2189 943 2250 εἰς
1007 2189 1160 2258 ἄλλα,
1210 2195 1302 2242 καὶ
1349 2189 1440 2242 οῦκ
1488 2186 1634 2261 εἶχον
1664 2196 1943 2263 πορσφυώς

286 2289 394 2344 πῶς
458 2299 549 2355 μεν
585 2299 746 2348 τισιν,
813 2278 983 2339 ἄλλοις
1019 2298 1073 2331 τε
1110 2278 1320 2340 τελέως·
1389 2284 1542 2330 τοῦτο
1606 2273 1665 2330 δέ
1726 2276 1939 2347 ὀὶτοπον⁷

286 2373 330 2422 εί
395 2375 485 2423 καὶ
545 2389 626 2432 τις
688 2373 807 2443 περὶ
870 2370 1057 2420 τούτου
1136 2365 1417 2431 ἀνθέξεται.
1493 2369 1590 2420 Διὰ
1668 2374 1829 2419 ταῦτα
1894 2370 1943 2418 οί

288 2459 457 2535 ἰατροὶ
515 2461 582 2512 τὰ
620 2457 914 2517 κατάλληλα
977 2459 1320 2532 πράττουσιν.
1390 2456 1527 2508 Ἀλλ’
1580 2459 1694 2509 ἔστι
1758 2462 1944 2531 κρᾶσις

283 2553 376 2603 καὶ
445 2547 653 2611 ἰδιότης
717 2551 766 2602 ἓν
832 2567 888 2601 τε
951 2547 1138 2616 λίθοις,
1211 2549 1260 2600 ἓν
1321 2567 1376 2600 τε
1431 2547 1720 2620 μετάλλοις,
1777 2547 1827 2598 ἰν
1891 2564 1946 2598 τε

287 2725 599 2783 constituit
607 2723 942 2782 convellere
953 2723 1437 2794 Asclepiadarum
1452 2728 1634 2782 artem
1649 2740 1784 2798 quae
1797 2739 1922 2780 com
1931 2753 1952 2764 -

287 2815 459 2888 ponit
497 2814 966 2888 pharmacorum
1019 2813 1460 2870 multitudinem
1508 2829 1582 2869 ex
1610 2813 1851 2886 plantis,
1879 2827 1949 2868 ex

289 2901 534 2960 metallis
551 2907 608 2959 et
618 2918 692 2958 ex
704 2902 1165 2958 multiformibus
1179 2900 1613 2975 multipliciterq
1623 2917 1694 2958 ue
1711 2916 1953 2974 compa-

292 2991 434 3047 ratis
445 2989 978 3063 temperationibus
989 2990 1142 3047 inter
1156 3006 1220 3047 se
1235 2991 1533 3063 permistis
1549 3005 1656 3062 per
1668 2989 1949 3045 eamdem

294 3079 1018 3136 demonstrationemﬁaac
1031 3081 1191 3135 enim
1205 3080 1412 3136 omnia
1426 3083 1530 3136 tem
1538 3078 1950 3152 perationibus

293 3167 591 3224 differunt.
605 3175 754 3226 Nam
771 3173 827 3225 et
851 3168 966 3225 hoc
981 3169 1167 3226 modo
1199 3169 1413 3225 medici
1430 3169 1598 3242 quod
1623 3168 1948 3240 unicuique

2033 577 2259 652 χωρίζει
2318 583 2503 648 κρᾶσιν
2553 576 2607 628 ἐκ
2659 581 2912 649 κράσεως,
2976 582 3024 632 οἰ
3079 585 3176 657 γὰρ
3245 585 3454 656 κράσεις
3505 581 3554 634 ἐν
3621 589 3682 652 τῇ

2033 671 2205 740 φύσει,
2271 672 2360 718 καὶ
2420 668 2498 718 ὅτι
2566 666 2618 728 ἐξ
2678 669 2871 729 ἐκείνης
2927 680 3234 722 κοινωνοῦσι
3293 673 3432 723 καθὰ
3495 673 3689 722 καὶτὰ

2035 762 2277 826 στοιχεῖα
2305 772 2318 786 ⁸
2359 757 2388 813 ἡ
2435 751 2637 817 ἰδιότης
2677 753 2738 808 δὲ
2775 763 2867 816 τὴν
2921 759 3089 811 αὐτῶν
3129 779 3195 820 εις
3268 763 3522 832 μερισμόν
3565 757 3704 811 δια-ε

2036 844 2226 897 στέλλει
2286 848 2586 902 κοινότητα.
2655 846 2814 904 πολλὴ
2873 850 2975 921 γὰρ
3030 850 3060 906 ἡ
3129 845 3330 910 ἰδιότης
3393 854 3482 900 καὶ
3523 845 3704 900 δυνα-’

2035 935 2301 1004 μικωτάτη
2361 937 2451 984 καὶ
2513 935 2804 1006 θαυμασία,
2870 941 2960 988 καὶ
3015 937 3073 988 οῦ
3136 942 3286 1008 μόνον
3352 941 3468 997 τοὺς
3520 937 3692 997 λίθους

2035 1020 2090 1073 ἐκ
2144 1030 2244 1073 τῶν
2310 1021 2591 1094 μετάλλων,
2671 1029 2759 1076 καὶ
2825 1024 2879 1075 ἐκ
2943 1033 3043 1076 τῶν
3111 1025 3290 1094 ἑτέρων
3368 1028 3521 1094 φυτὰ,
3599 1031 3690 1077 καὶ

2036 1109 2091 1161 ἐκ
2157 1118 2326 1182 φυτῶν
2394 1112 2459 1162 τὰ
2516 1111 2759 1183 ζωόφυτα
2798 1110 3109 1180 διαστέλλει,
3175 1111 3268 1166 διά
3305 1133 3359 1166 τε
3417 1119 3509 1172 τὴν
3571 1121 3695 1186 κρᾶ-

2039 1218 2122 1252 σιν
2160 1204 2254 1257 τὴν
2294 1197 2342 1251 ἐν
2403 1207 2474 1269 τῷ
2513 1204 2647 1270 γένει
2708 1200 2817 1263 ἐνὸς
2880 1201 3102 1255 ἑκάστου
3167 1204 3322 1274 οὗπερ
3392 1199 3531 1264 εἶδός
3587 1202 3697 1255 ἐστι

2038 1293 2128 1340 καὶ
2165 1293 2260 1346 τὴν
2300 1289 2473 1349 αὐτοῖς
2535 1297 2793 1342 συνοῦσαν
2859 1291 3019 1363 ἰσχὺν
3060 1293 3130 1354 εἰς
3161 1297 3217 1344 τό
3283 1289 3526 1367 διαιρεῖν,
3569 1292 3697 1344 ἀλλὰ

2040 1383 2131 1428 καὶ
2171 1379 2264 1438 ἔως
2300 1385 2392 1429 τοῦ
2445 1376 2691 1450 ἐμψύχου
2741 1375 2916 1438 διήκει
2971 1381 3106 1441 ζωόν
3160 1381 3251 1432 καί
3306 1381 3538 1452 λογικοῦ.
3599 1388 3701 1434 Καὶ

2044 1467 2124 1520 ὃτι
2188 1470 2278 1539 μὲν
2353 1467 2440 1518 οὖν
2494 1473 2580 1520 καί
2650 1477 2804 1520 τοῦτο

2671 1029 2759 1076 καὶ
2825 1024 2879 1075 ἐκ
2943 1033 3043 1076 τῶν
3111 1025 3290 1100 ἑτέρων
3368 1028 3521 1097 φυτὰ,

2903 1473 3089 1522 καθότι
3157 1471 3286 1530 ζῶον

2049 1553 2420 1608 συνιδιοῦσθαι
2499 1559 2566 1609 τὰ
2624 1567 2724 1610 τῶν
2787 1559 2950 1610 ἄλλων

3390 1477 3706 1545 παραχωρεῖ

3046 1557 3334 1632 ἰδιώματα,
3415 1559 3701 1632 πρόδηλον,

2045 1645 2246 1716 λογικόν
2271 1641 2330 1696 δὲ
2357 1649 2531 1696 καίτοι
2581 1647 2634 1697 ὃν
2681 1654 2855 1714 τοῦτο,
2893 1648 2951 1699 οῦ
3013 1653 3188 1699 καινόν
3222 1666 3234 1678 ·
3267 1653 3326 1700 τὸ
3360 1644 3419 1700 δὲ
3458 1654 3546 1700 καὶ
3577 1649 3704 1700 αὐτὸ

2048 1738 2119 1796 εἰς
2175 1733 2301 1785 αὐτὸ
2365 1731 2460 1786 διὰ
2520 1737 2713 1795 ταύτης
2769 1733 3096 1808 διαιρεῖσθαι
3152 1743 3242 1788 καὶ
3315 1737 3558 1789 ἑνοῦσθαι
3593 1756 3710 1788 και-

2046 1826 2150 1889 νὸν,
2184 1824 2305 1896 ὅπερ
2348 1823 2478 1881 αὐτὴ
2547 1820 2748 1884 ἰδιότης
2812 1823 3104 1896 ἐργάζεται.
3154 1828 3230 1878 Τὰ
3263 1829 3365 1898 γὰρ
3406 1835 3504 1876 τῶν
3560 1845 3710 1878 στοι-

2048 1917 2208 1984 χείων
2248 1916 2378 1984 μετὰ
2415 1917 2509 1971 τὴν
2548 1915 2704 1986 φῦσιν
2745 1917 2876 1966 εἰσίν
2918 1917 3047 1967 εἰσὶν
3092 1912 3375 1986 ἰδιώματα,
3407 1918 3472 1967 τά
3512 1913 3571 1968 δὲ
3608 1924 3709 1967 τῶν

2049 2004 2281 2076 κράσεων
2311 2007 2400 2054 καὶ
2431 2001 2479 2053 ἓν
2527 2010 2638 2064 τοῖς
2689 2009 2976 2075 στοιχείοις
3043 2009 3131 2056 καὶ
3193 2008 3321 2076 μετά
3390 2013 3490 2056 τῶν
3559 2024 3710 2057 στοι-

2050 2090 2322 2164 χείων,τὰ
2377 2087 2436 2144 δὲ
2491 2099 2588 2144 τῶν
2641 2102 2829 2164 χυμῶν
2887 2095 3014 2164 μετά
3062 2101 3161 2144 τῶν
3209 2095 3440 2168 κράσεων
3490 2099 3580 2145 καὶ
3619 2096 3711 2154 ἕως

2050 2188 2150 2231 τῶν
2185 2184 2348 2247 ζώων,
2409 2182 2437 2238 ἡ
2507 2177 2711 2241 ἰδιότης
2766 2178 2826 2233 δέ
2874 2201 2933 2253 γε
2994 2189 3290 2254 πανταχοῦ.
3339 2179 3563 2244 Ἰδιότης
3608 2181 3710 2256 γὰρ

2051 2272 2267 2321 κατὰτὸ
2323 2269 2512 2342 μᾶλλον
2571 2273 2854 2342 ἧνωσεγῆν
2919 2276 3005 2323 καὶ
3067 2268 3234 2346 ὕδωρ,
3275 2279 3378 2345 πῦρ
3437 2278 3527 2324 καὶ
3562 2271 3709 2345 ἀέρα,

2051 2355 2196 2431 ὕδωρ
2254 2376 2310 2410 τε
2369 2363 2458 2410 καὶ
2505 2357 2631 2433 ἀέρα
2704 2359 2733 2417 ἢ
2799 2367 2898 2431 ’γῆν
2964 2364 3053 2411 καὶ
3113 2358 3259 2433 ἀέρα,
3330 2367 3433 2432 πῦρ
3498 2379 3552 2412 τε
3625 2365 3717 2412 καὶ

2052 2443 2221 2519 ὕδωρ,
2261 2449 2391 2521 ἅπερ
2431 2447 2525 2500 ὂλα
2589 2445 2662 2500 δι’
2703 2448 2830 2500 ὃλων
2894 2448 3144 2515 ἐνουνται,
3203 2449 3260 2500 οὐ
3318 2452 3454 2510 τινὸς
3495 2445 3588 2501 διὰ
3619 2449 3716 2520 μὲ-

2055 2555 2144 2590 σον
2173 2534 2282 2588 ἀλλ’
2325 2535 2458 2588 αὐτὰ
2495 2533 2530 2588 δ
2537 2537 2571 2588 ι’
2611 2538 2780 2589 αὐτῶν
2836 2539 2955 2590 καθ’
3021 2539 3172 2601 αὐτὰ,
3251 2541 3386 2591 κατὰ
3421 2543 3477 2591 τὸ
3523 2537 3720 2610 μᾶλλόν

2059 2720 2167 2782 est,
2183 2719 2243 2771 et
2252 2729 2360 2787 per
2375 2715 2495 2771 vim
2515 2713 2826 2788 illam‘quas
2839 2716 2995 2774 valet
3006 2717 3080 2773 ad
3097 2716 3482 2773 dividendum
3495 2735 3506 2784 ;
3519 2732 3724 2772 verum

2058 2806 2237 2863 etiam
2269 2804 2404 2860 ideo
2430 2805 2756 2875 magnavis
2778 2805 3156 2878 preprietatis
3181 2806 3345 2878 quod
3377 2806 3452 2862 ad
3492 2806 3724 2862 anima-

2060 2900 2185 2952 tum
2229 2897 2407 2950 etiam
2435 2897 2492 2948 et
2510 2893 2758 2949 rationis
2788 2895 3087 2966 particeps
3146 2894 3372 2951 animal
3404 2894 3720 2966 pertineat.

2058 2989 2138 3040 Ac
2157 2981 2305 3038 illud
2329 2980 2577 3055 quidem
2599 2983 2984 3039 manifestum
3022 2989 3128 3049 est.
3158 2999 3265 3058 per
3295 2985 3723 3057 proprietatem

2055 3072 2211 3129 efﬁci
2243 3076 2306 3128 ut
2326 3071 2580 3128 aliorum
2594 3073 2986 3144 proprietates
3015 3074 3394 3145 cepulentur,
3420 3089 3543 3130 non
3571 3076 3719 3146 quia

2057 3163 2172 3218 sint
2197 3161 2500 3223 animalia,
2528 3177 2787 3233 cumque
2818 3178 2941 3218 non
2967 3163 3093 3218 sine
3116 3163 3343 3219 ratione
3397 3163 3556 3218 istud
3588 3165 3715 3234 ﬁat,

290 3257 506 3314 morbo
535 3256 769 3314 obsistit
785 3272 857 3313 ex
883 3257 997 3313 illis
1017 3257 1301 3314 selectum
1319 3257 1610 3314 adhibent
1630 3261 1693 3313 ut
1711 3256 1950 3313 tollatur
1982 3252 2020 3307 C
2055 3267 2279 3308 novum
2299 3250 2486 3306 videri
2499 3265 2621 3306 non
2644 3255 2858 3322 potest.
2877 3251 3096 3307 Verum
3111 3253 3313 3324 ipsum
3339 3253 3400 3308 in
3432 3267 3493 3309 se
3527 3252 3716 3308 dividi

289 3345 562 3403 morbus.
597 3348 726 3402 Non
768 3345 1006 3401 cuilibet
1055 3345 1270 3402 morbo
1307 3345 1592 3418 quaelibet
1634 3345 1944 3411 adhibent,

289 3435 560 3508 quamvis
581 3435 1010 3508 temperatione
1026 3433 1322 3490 diﬂerenti
1350 3435 1470 3490 sint
1497 3435 1768 3506 praedita.
1798 3437 1946 3489 Nam

287 3540 414 3597 qua
428 3539 491 3581 re
511 3523 956 3580 diﬁ‘eratvinum
970 3540 1007 3579 a
1019 3523 1379 3589 vino,oleum
1391 3523 1470 3579 ab
1487 3522 1900 3595 oleo,pomum
1913 3539 1949 3577 a

288 3629 488 3686 pomo,
511 3612 739 3668 fructus
763 3628 799 3668 a
819 3611 1013 3668 fructu
1030 3612 1342 3682 diligenter
1360 3612 1742 3682 investigent.
1759 3616 1948 3683 Atque

286 3705 370 3759 ita
398 3718 460 3759 re
481 3701 796 3774 diligenter
824 3715 1091 3773 expensa
1138 3701 1340 3758 statim
1379 3701 1742 3756 conveniens
1781 3700 1950 3757 adhi-

289 3791 435 3848 bent
461 3790 818 3857 remedium,
849 3796 907 3846 et
933 3789 1100 3862 quod
1131 3805 1253 3845 non
1281 3794 1374 3845 est
1400 3795 1610 3862 aptum
1641 3792 1951 3845 removent

294 3879 631 3952 apraasenti
661 3878 875 3934 morbo
895 3882 953 3934 et
981 3878 1080 3934 alii
1110 3878 1325 3934 morbo
1378 3878 1682 3934 destinant
1715 3895 1727 3932 :
1755 3879 1949 3943 Quare

299 3969 348 4022 si
379 3968 727 4040 temperatio
743 3967 856 4023 illis
885 3983 1006 4024 non
1027 3968 1269 4035 inesset,
1300 3982 1496 4039 neque
1526 3968 1706 4023 etiam
1731 3967 1952 4022 inesset

297 4058 650 4130 proprietas.
693 4057 865 4123 Quod
906 4057 954 4112 si
993 4057 1331 4130 proprietas
1369 4057 1627 4124 abesset,
1668 4072 1790 4112 non
1817 4071 1950 4128 pos-

293 4151 428 4203 sent
446 4146 736 4220 prodesse
768 4146 1070 4219 aliquibus
1092 4147 1338 4219 quidem
1380 4145 1790 4218 aliquomodo,
1819 4146 1948 4202 aliis

293 4249 438 4292 vero
456 4237 714 4308 penitus,
729 4251 838 4291 nec
857 4241 995 4308 apte
1024 4241 1539 4307 congruenterque
1565 4235 1953 4290 convenirent

289 4325 595 4398 aliquibus
623 4325 870 4398 quidem
900 4324 1102 4397 aliquo
1119 4325 1322 4396 modo,
1350 4323 1480 4380 aliis
1503 4339 1646 4380 vero
1671 4324 1948 4396 perfecte.

292 4412 648 4469 Absurdum
665 4427 808 4468 vero
833 4411 1028 4481 fuerit,
1055 4413 1105 4468 si
1119 4414 1255 4485 quis
1271 4413 1635 4486 pertinacius
1662 4413 1778 4468 hac
1798 4412 1873 4468 de
1889 4428 1951 4468 re

293 4502 657 4560 contendere
685 4501 844 4558 velit.
877 4502 1102 4559 Idcirco
1128 4503 1347 4559 medici
1377 4518 1536 4576 saepe
1561 4503 1712 4559 inter
1735 4519 1799 4557 se
1828 4517 1952 4558 cer-

2056 3340 2268 3396 eadem
2299 3341 2355 3395 vi
2384 3345 2442 3396 et
2461 3340 3022 3406 uniri,hocdemum
3046 3357 3272 3397 novum
3303 3347 3412 3408 est,
3443 3343 3609 3414 quod
3632 3348 3718 3398 ta-

2053 3446 2192 3485 men
2221 3429 2436 3485 eadem
2470 3435 2801 3502 proprietas
2827 3429 3004 3485 efﬁcit
3032 3437 3088 3486 et
3117 3436 3374 3502 praestat.
3403 3435 3553 3489 Nam
3581 3449 3718 3504 pro-

2054 3520 2333 3592 prietates
2355 3519 2788 3576 elementorum
2819 3526 2958 3576 sunt
2988 3526 3205 3577 natura
3235 3522 3618 3594 posteriores.
3651 3529 3723 3580 At

2057 3610 2564 3681 temperationum
2592 3609 2983 3682 proprietates
3004 3616 3059 3666 et
3079 3611 3137 3665 in
3165 3611 3477 3666 elementis
3505 3616 3721 3668 etcum

2056 3698 2364 3755 elementis
2397 3703 2553 3754 sunt.
2593 3701 2984 3771 Proprietates
3044 3716 3183 3757 vero
3227 3700 3555 3756 bumorum
3584 3705 3725 3757 sunt

2059 3803 2196 3843 cum
2226 3787 2762 3860 temperationibus
2789 3794 2969 3860 atque
2994 3789 3146 3844 adeo
3163 3805 3302 3844 cum
3327 3789 3716 3845 animalibus.

2058 3876 2388 3949 Proprietas
2402 3877 2662 3949 denique
2673 3883 2760 3933 est
2777 3878 3020 3950 ubique.
3042 3882 3177 3934 Nam
3191 3879 3523 3950 proprietas
3536 3894 3720 3935 secun

2058 3967 2205 4021 dum
2233 3965 2293 4020 id
2314 3965 2479 4037 quod
2497 3971 2588 4022 est
2608 3968 2802 4036 magis
2828 3966 3134 4039 copulabit
3151 3972 3372 4023 terram
3391 3973 3446 4023 et
3466 3983 3714 4039 aquam,

2058 4055 2258 4124 ignem
2286 4059 2342 4110 et
2367 4069 2590 4122 aerem,
2620 4071 2842 4127 aquam
2859 4062 3298 4129 etaerem,quae
3319 4057 3564 4128 quidem
3594 4061 3718 4112 tota

2061 4161 2196 4199 cum
2225 4145 2360 4199 totis
2383 4144 2741 4216 copulantur
2767 4145 3338 4200 nullointercedente
3362 4146 3580 4212 medio,
3611 4161 3716 4200 seu

2060 4235 2193 4306 ipsa
2215 4249 2420 4289 secum
2441 4250 2548 4306 per
2574 4234 2980 4290 secundumid
3007 4235 3171 4307 quod
3203 4236 3395 4305 magis
3426 4240 3514 4291 est
3531 4241 3588 4291 et
3608 4235 3717 4290 mi-

2061 4340 2196 4380 nus.
2213 4326 2425 4394 Magna
2438 4323 2716 4393 estigitur
2729 4325 3107 4396 proprietatis
3124 4325 3212 4379 vis
3228 4324 3566 4380 etfacultas.
3583 4328 3717 4380 Haec

2063 4415 2209 4468 enim
2225 4413 2466 4485 proprio
2481 4413 2654 4468 modo
2667 4427 2769 4485 per
2781 4414 3234 4486 temperationes
3244 4415 3428 4470 univit
3441 4414 3719 4469 elementa

2061 4519 2192 4558 cum
2216 4501 2628 4569 animantibus,
2661 4503 3138 4576 quandoquidem
3181 4506 3632 4576 temperationes
3663 4510 3720 4560 et

292 4597 427 4649 tant
449 4596 506 4648 et
533 4591 766 4648 diverse
807 4591 1077 4647 miscent.
1124 4591 1427 4664 Quidquid
1457 4597 1664 4648 contra
1689 4592 1789 4648 illa
1817 4606 1952 4664 quae
1984 4616 2028 4668 Β
2061 4593 2346 4648 elementa
2377 4591 3310 4664 lapidibus,metallis,velleribus
3323 4599 3378 4648 et
3400 4593 3721 4665 plantisin-

297 4679 563 4736 diximus
583 4679 884 4749 aﬁ'eratur,
913 4685 1001 4736 est
1020 4681 1372 4752 temperatio
1398 4685 1578 4753 atque
1619 4680 1952 4752 proprietas

299 4768 364 4824 in
381 4768 705 4843 lapidibus,
735 4769 988 4824 metallis
1027 4772 1085 4824 et
1122 4769 1362 4840 plantis.
1405 4772 1554 4825 Nam
1576 4770 1952 4841 temperatio-

299 4873 440 4914 nem
469 4875 609 4915 cum
632 4857 1061 4931 temperatione
1093 4858 1302 4914 miscet
1326 4858 1678 4930 proprietas,
1712 4858 1950 4914 eadem—

296 4963 416 5021 que
448 4953 688 5021 separat
710 4948 1204 5020 temperationem
1226 4963 1262 5003 a
1311 4947 1761 5019 temperatione.
1787 4951 1952 5004 Tem-

294 5037 636 5112 perationes
647 5038 800 5093 enim
826 5041 962 5093 sunt
973 5037 1034 5092 in
1046 5041 1261 5093 natura
1276 5053 1289 5091 :
1304 5037 1582 5108 quoniam
1595 5037 1956 5110 participant

294 5126 462 5182 illam
485 5127 1078 5200 communicantque,
1093 5126 1615 5199 quemadmodum
1632 5127 1810 5183 etiam
1843 5127 1957 5183 ele-

295 5220 526 5274 menta.
559 5216 672 5273 Sed
688 5215 1022 5288 proprietas
1039 5216 1536 5272 communitatem
1564 5215 1732 5272 illam
1744 5216 1955 5273 distra-

300 5304 392 5362 bit
413 5304 474 5360 in
487 5311 689 5377 partes
699 5345 712 5359 .
727 5309 938 5377 Magna
950 5307 1109 5362 enim
1123 5311 1212 5362 est
1223 5306 1601 5379 proprietatis
1614 5307 1708 5363 vis
1729 5312 1786 5363 et
1798 5307 1957 5363 miri-

301 5393 441 5465 ﬁca,
468 5410 605 5468 quas
635 5411 760 5453 non
790 5395 989 5452 solum
1013 5395 1244 5468 lapides
1264 5411 1302 5452 a
1357 5395 1612 5452 metallis
1634 5400 1690 5452 et
1714 5397 1955 5468 plantas

303 5482 385 5542 ab
414 5483 568 5557 aliis,
597 5489 655 5541 et
682 5500 720 5543 a
755 5483 978 5557 plantis
1023 5484 1126 5542 illa
1174 5500 1312 5559 quas
1368 5485 1557 5542 Graeci
1594 5484 1834 5558 ξωόφυτα
1857 5501 1959 5558 ap-

301 5572 550 5646 pellant,
601 5578 845 5647 separat
890 5589 1000 5648 per
1045 5574 1539 5648 temperationem
1579 5591 1721 5648 quin
1780 5577 1871 5632 est
1896 5574 1959 5630 in

302 5661 782 5738 uinuseujusque
806 5664 895 5722 rei
920 5677 1159 5736 genere,
1183 5665 1359 5737 cujus
1412 5664 1703 5723 nimirum
1731 5664 1961 5738 species

2063 4685 2376 4738 sunt.Nam
2389 4683 2591 4738 ubiest
2606 4683 2945 4754 temperatio
2958 4683 3040 4739 ibi
3055 4684 3233 4739 etiam
3250 4689 3388 4738 sunt
3401 4684 3718 4751 elementa,

2061 4770 2340 4842 quoniam
2357 4771 2417 4826 in
2429 4787 2552 4842 quo
2564 4771 2919 4827 elementain
2932 4787 3002 4827 eo
3015 4772 3338 4828 etiamsunt
3354 4773 3722 4843 temperatio~

2062 4875 2185 4914 nes.
2209 4862 2406 4931 Porro,
2426 4860 2508 4915 uti
2527 4860 2808 4928 diximus,
2831 4860 3053 4933 duplex
3072 4866 3158 4916 est
3185 4862 3564 4932 temperatio;
3596 4876 3718 4917 una

2063 4948 2370 5004 elementis
2387 4949 2559 5020 inest,
2584 4951 2709 5005 haec
2727 4949 2886 5005 enim
2907 4951 2967 5005 in
2986 4965 3112 5005 sese
3129 4951 3280 5004 inter
3300 4967 3363 5004 se
3383 4950 3719 5021 suscipiunt

2063 5038 2507 5103 admistionem,
2530 5038 2716 5094 altera
2733 5039 2982 5108 singulis
2999 5055 3134 5111 quae
3146 5055 3218 5094 ex
3235 5038 3560 5107 elementis,
3578 5055 3716 5094 con-

2064 5132 2242 5195 stant,
2269 5127 2413 5198 quia
2429 5128 2562 5198 ipsa
2579 5144 2823 5200 quoque
2841 5128 3076 5199 singula
3093 5144 3164 5183 ex
3187 5128 3512 5196 elementis,
3536 5129 3717 5184 inter-

2063 5215 2413 5272 cedentibus
2442 5218 2992 5290 temperationibus,
3027 5223 3162 5272 sunt
3193 5218 3547 5288 composita.
3581 5221 3720 5290 Ipsa

2063 5321 2205 5362 vero
2234 5306 2565 5377 proprietas
2593 5322 2732 5362 cum
2763 5307 3006 5378 proprio
3036 5311 3094 5362 et
3129 5307 3414 5379 peculiari
3446 5307 3630 5363 modo
3659 5308 3723 5363 in

2066 5394 2428 5451 animalibus
2457 5395 2752 5451 elementa
2784 5401 3193 5468 temperasset,
3226 5397 3287 5452 in
3311 5413 3513 5453 rerum
3545 5402 3722 5454 natu-

2064 5501 2199 5540 ram
2214 5484 2314 5540 illa
2330 5483 2632 5556 produxit,
2657 5489 2837 5557 atque
2864 5484 2976 5540 illis
3001 5485 3350 5548 essentiam,
3386 5487 3727 5550 materiam,

2066 5575 2340 5647 inquam,
2372 5573 2558 5631 dedit.
2582 5575 2810 5630 Etenim
2835 5574 2966 5632 aliis
2989 5591 3099 5648 per
3119 5577 3584 5648 temperationes
3607 5576 3734 5632 vel-

2069 5664 2156 5721 uti
2170 5663 2550 5734 fonsetorigo
2570 5662 2867 5721 clemente
2911 5665 3223 5722 exsistunt.
3246 5668 3400 5722 Nam
3429 5669 3730 5737 tempera-
