4130 6402
335 329 471 384 1297

332 448 555 522 δέδωκε,
614 449 849 524 κράσεων
927 447 986 503 δί
1055 446 1312 523 ἰδιωμασι
1363 450 1607 511 ποικίλως
1671 449 1986 525 ἓκραθησαν.

331 541 413 594 Ἐν
452 542 554 616 γὰρ
609 547 671 611 τῇ
729 542 883 612 φύσει
941 541 1254 610 συνάγονται
1310 540 1498 606 πάντα,
1553 540 1620 602 ὣς
1682 538 1732 591 ἐν
1795 543 1988 611 κέντρῳ

329 649 384 682 τε
439 634 530 682 καὶ
585 627 756 704 ἀρχῇ,
816 627 1118 703 μερίζονται
1195 626 1254 681 δὲ
1307 627 1396 680 ἀπ’
1469 628 1696 687 ἀλλήλων
1746 624 1838 680 διὰ
1888 635 1988 680 τῶν

328 719 563 793 κράσεων
618 737 632 751 ο
691 719 826 768 οὕτω
871 720 973 792 γὰρ
1026 722 1116 769 xui
1172 714 1421 790 διχόνοια
1473 720 1673 779 τούτοις
1726 722 1816 770 καὶ
1875 714 1991 769 διά-

329 828 464 883 φορα
517 808 585 860 τὰ
645 808 929 879 ὁρμήματά
986 824 998 836 ·
1032 810 1091 860 τὸ
1142 810 1242 881 γὰρ
1297 811 1554 880 μάχιμον,
1590 811 1646 860 τὸ
1696 807 1990 860 πλεονεκτι-

329 903 439 966 κὸν,
525 901 614 952 τὸν
667 895 1009 954 ἀκοινώνητον
1087 903 1176 951 καὶ
1231 901 1298 951 τὰ
1374 899 1520 971 ἔτερα
1593 901 1807 970 φύσεως,
1880 905 1992 958 πῶς

333 985 479 1040 δοκεί
525 990 556 1045 ἡ
617 985 666 1039 ἕν
718 985 859 1057 αὐτῷ
902 989 1106 1058 ἔχουσα
1159 991 1249 1039 καὶ
1305 989 1610 1058 συνάγουσα
1660 992 1750 1039 καὶ
1805 987 1992 1039 ἐνοῦσα

329 1079 496 1131 πάντα
571 1077 847 1149 μάχεσθαι
898 1080 988 1128 καὶ
1043 1077 1354 1130 πλεονεκτεῖν
1420 1082 1510 1130 xui
1580 1081 1651 1149 μὴ
1735 1084 1988 1129 κοινωνεῖν

329 1170 631 1241 προτρέπειν
711 1164 844 1218 αὑτά
903 1181 916 1232 ;
967 1163 1252 1219 Ἀδύνατον
1324 1187 1336 1200 ·
1398 1164 1526 1218 ἀλλὰ
1595 1172 1762 1219 ταῦτα
1820 1167 1992 1218 πάντα

325 1261 415 1308 καὶ
467 1258 533 1308 τὰ
572 1253 731 1307 πλείω
792 1256 986 1306 τούτων
1039 1262 1139 1307 τῶν
1190 1257 1423 1329 κράσεων
1469 1277 1482 1289 ·
1531 1258 1686 1328 φύσις
1751 1259 1842 1307 καὶ
1890 1257 1988 1327 γὰρ

328 1341 480 1398 οὐδὲν
552 1343 619 1404 εἰς
676 1348 812 1404 τέλος
869 1348 1026 1395 κακὸν
1097 1342 1328 1416 ἐποίησε,
1399 1346 1570 1396 πάντα
1650 1341 1709 1397 δὲ
1776 1363 1837 1416 γε
1902 1347 1992 1395 καὶ

326 1433 439 1486 λίαν
486 1433 655 1493 καλῶς
704 1432 777 1494 εἰς
820 1435 880 1484 τὸ
935 1431 1062 1484 εἶναι
1120 1439 1444 1508 παρήγαγεν,
1515 1433 1570 1486 ἐκ
1623 1441 1716 1494 τῆς
1780 1437 1992 1506 πρώτης

327 1523 418 1594 καὶ
489 1525 676 1593 κυρίας
752 1522 956 1573 πάντων
1037 1520 1213 1594 ἀρχῆς
1269 1521 1505 1574 λαϐοῦσα
1593 1527 1688 1579 τὴν
1746 1517 1988 1593 δύναμιν.

327 1591 388 1661 Ἠ
475 1604 534 1662 δε
589 1617 688 1660 τῶν
733 1611 967 1684 κράσεων
1031 1610 1286 1680 ποικιλία,
1344 1618 1562 1683 μιγεῖσα
1617 1618 1679 1683 τῇ·
1739 1607 1989 1679 ἰδιότητι,

331 1696 496 1751 πολλὰ
544 1700 610 1750 τὰ
661 1702 732 1770 μὴ
779 1700 1048 1774 ὁμότροπα
1090 1703 1230 1773 ἔφερε
1289 1721 1302 1734 ο
1349 1704 1678 1773 καινοτομίαι
1722 1702 1824 1772 γὰρ
1880 1705 1992 1759 ταῖς

331 1789 554 1860 κράσεσι
631 1789 1062 1860 συνυπάρχουσιν
1133 1791 1338 1863 ἄπειροι
1396 1811 1408 1824 ·
1459 1791 1665 1864 ἄπειροι
1752 1791 1854 1862 γὰρ
1935 1790 1990 1840 αἱ

330 1877 564 1949 κράσεις,
632 1880 720 1928 καὶ
784 1879 952 1938 καθὼς
1000 1879 1064 1929 τὰ
1121 1885 1367 1951 στοιχεῖα
1407 1881 1552 1953 παρὰ
1611 1887 1706 1940 τῆς
1761 1880 1983 1951 φύσεως,

327 1964 518 2038 οἷπειρα
570 1961 628 2017 δὲ
654 1985 720 2017 τα
754 1964 933 2018 ἐκτῶν
984 1973 1282 2038 στοιχείων,
1340 1969 1472 2020 οὕτω
1525 1964 1594 2026 δὴ
1632 1971 1723 2019 καὶ
1765 1969 1985 2040 κράσεις

329 2052 515 2117 ἕντοῖς
574 2057 879 2126 στοιχείοις,
935 2057 1127 2131 ἄπειρα
1177 2053 1237 2109 δε
1286 2059 1350 2110 τὰ
1391 2065 1490 2109 τῶν
1544 2057 1776 2132 κράσεων
1842 2053 1986 2109 ἰδιώ-

330 2163 492 2216 ματα.
543 2145 638 2196 Διὰ
692 2150 844 2197 τοῦτο
898 2149 988 2197 καὶ
1074 2144 1122 2196 ἐν
1203 2146 1493 2219 μετάλλοις,
1555 2152 1645 2200 καὶ
1693 2145 1741 2198 ἓν
1800 2145 1988 2214 λίθοις,

334 2237 425 2285 καὶ
477 2231 527 2285 ἓν
581 2238 780 2305 φυτοῖς,
838 2237 929 2286 καὶ
989 2242 1224 2308 τροφαῖς,
1279 2241 1369 2288 καὶ
1423 2235 1471 2288 ἐν
1517 2243 1736 2310 χυμοῖς,
1792 2239 1882 2288 καὶ
1939 2233 1988 2286 ἐν

332 2322 483 2383 ζώοις
550 2323 580 2380 ἠ
672 2330 770 2374 τῶν
855 2325 1088 2396 κράσεων
1176 2323 1388 2398 ἀπειρία
1468 2325 1630 2392 ἔστιν,
1711 2327 1819 2385 ἣτις
1900 2328 1990 2376 καὶ

329 2409 580 2464 ποικίλλει
643 2410 944 2485 πολυμερῶς
1011 2414 1076 2464 τά
1151 2432 1204 2466 τε
1258 2419 1498 2487 σώματα,
1555 2416 1622 2466 τά
1693 2433 1748 2467 τε
1828 2415 1989 2489 ὀρμη-

329 2520 490 2574 ματα,
585 2501 650 2552 τά
731 2520 784 2554 τε
852 2499 1136 2575 ἰδιώματα,
1220 2505 1312 2566 τάς
1368 2523 1422 2556 τε
1479 2502 1751 2576 ἐνεργείας,
1825 2506 1889 2555 τά
1936 2521 1992 2554 τε

329 2594 588 2664 νοήματα,
655 2593 750 2652 τὰς
829 2611 882 2644 τε
931 2596 1166 2664 σχέσεις,
1229 2595 1295 2646 τά
1347 2613 1399 2646 τε
1458 2598 1733 2666 σχήματα,
1792 2595 1883 2654 τάς
1934 2613 1990 2646 τε

332 2680 498 2755 ῥοπὰς
537 2683 626 2732 καὶ
655 2680 770 2734 καθ’
819 2680 936 2745 ἑξῆς
964 2681 1184 2754 ἅπαντα,
1244 2687 1334 2735 καὶ
1389 2685 1603 2755 συνάγει
1673 2679 1767 2736 διὰ
1824 2688 1991 2736 ταῦτα

334 2889 491 2942 sunt.
525 2887 676 2942 Nam
699 2883 991 2941 innatura
1011 2883 1589 2958 omniacopulantur
1621 2887 1988 2958 tanquamin

335 2978 539 3031 centro
564 2989 632 3031 ac
665 2974 980 3047 principio,
1015 2973 1124 3030 sed
1154 2973 1273 3030 alia
1332 2975 1411 3031 ab
1453 2974 1582 3032 aliis
1632 2980 1990 3047 separantur

339 3079 442 3136 per
472 3063 948 3136 temperationes.
981 3064 1129 3118 Hinc
1159 3063 1320 3120 enim
1345 3064 1566 3133 ingenii
1631 3069 1688 3120 et
1732 3079 1988 3138 propen-

339 3152 521 3208 sionis
549 3153 610 3208 in
634 3152 814 3208 rebus
843 3151 1178 3209 diversitas.
1201 3155 1349 3209 Nam
1388 3153 1554 3226 quod
1598 3154 1660 3209 in
1701 3154 1882 3209 rebus
1903 3157 1990 3210 est

335 3240 678 3314 proclivitas
707 3241 786 3298 ad
815 3241 1199 3309 discordiam,
1234 3242 1313 3298 ad
1328 3243 1706 3314 superiorum
1725 3243 1988 3315 partium

335 3331 800 3401 aﬂ'ectationem,
836 3333 914 3388 ad
931 3333 1374 3390 distinctionem
1394 3337 1450 3390 et
1469 3334 1586 3391 alia
1609 3333 1845 3402 similia,
1875 3334 1989 3390 hoc

332 3426 489 3478 certe
507 3426 736 3479 naturae
755 3438 878 3479 non
899 3423 1545 3491 esttribuendum.Quo
1568 3428 1763 3496 pacto,
1780 3439 1989 3496 quaeso

332 3515 552 3568 natura
581 3527 718 3584 quae
749 3512 809 3567 in
844 3528 908 3567 se
934 3512 1390 3585 comprehendit
1419 3517 1476 3568 et
1518 3513 1738 3583 colligit
1785 3513 1991 3568 omnia

271 3670 278 3676 ι
332 3605 391 3656 et
419 3600 703 3656 omnibus
725 3600 827 3657 dat
855 3603 1194 3671 essentiam,
1227 3601 1415 3657 videri
1445 3602 1634 3674 possit
1685 3601 1989 3674 impellere

331 3689 542 3746 omnia
570 3690 650 3745 ad
674 3690 1058 3762 discordiam,
1090 3691 1169 3747 ad
1201 3692 1578 3762 superiorum
1609 3691 1871 3764 partium
1898 3691 1991 3747 af-

333 3779 715 3835 fectationem
743 3784 801 3836 et
827 3780 1290 3852 disjunctionem
1315 3781 1343 3835 7
1373 3783 1492 3837 Hoc
1524 3784 1678 3836 certe
1727 3780 1857 3837 ﬁeri
1891 3796 1991 3836 ne—

337 3868 484 3940 quit.
510 3869 624 3925 Sed
652 3870 764 3926 ista
791 3873 846 3925 et
890 3870 1017 3925 istis
1068 3870 1244 3943 plura
1292 3870 1408 3926 alia
1457 3870 1991 3942 temperationibus

342 3961 484 4011 sunt
509 3956 849 4013 tribuenda.
871 3957 1098 4014 Etenim
1117 3962 1333 4014 natura
1357 3958 1668 4030 proposito
1692 3959 1812 4014 ﬁne
1829 3957 1991 4014 malo

338 4044 486 4101 nihil
516 4061 788 4118 unquam
826 4046 1020 4102 facere
1051 4063 1340 4118 aggressa
1364 4051 1471 4116 est,
1507 4047 1614 4104 sed
1635 4047 1842 4104 omnia
1865 4047 1995 4119 pul-

338 4134 542 4190 chrius
579 4151 767 4208 quam
790 4134 906 4192 dici
930 4136 1119 4207 possit
1147 4137 1206 4192 in
1234 4136 1429 4192 lucem
1498 4136 1703 4202 edidit,
1751 4142 1996 4209 accepta

336 4223 629 4281 nimirum
655 4225 934 4281 facultate
966 4241 1003 4281 a
1033 4225 1227 4297 primo
1247 4225 1346 4282 illo
1377 4229 1432 4282 et
1461 4226 1766 4299 praecipuo
1792 4242 1992 4282 rerum

336 4312 617 4369 omnium
645 4313 1498 4386 principio.Temperationum
1522 4319 1724 4371 autem
1737 4314 1992 4371 varietas

334 4417 480 4457 cum
520 4403 878 4475 proprietate
908 4403 1104 4469 mista,
1139 4419 1262 4459 non
1275 4403 1452 4459 unius
1478 4402 1805 4476 similisque
1825 4403 1992 4460 modi

332 4507 434 4546 res
463 4491 683 4549 multas
712 4492 913 4549 edidit.
945 4495 1093 4549 Nam
1139 4495 1598 4566 temperationes
1629 4510 1835 4550 secum
1867 4497 1991 4550 tra-

331 4581 489 4636 hunt
512 4597 750 4654 semper
773 4581 1040 4639 infinitas
1068 4599 1270 4639 rerum
1308 4599 1604 4640 novarum
1630 4584 1987 4640 molitiones.

339 4670 668 4728 Suntenim
693 4671 938 4728 inﬁnitae
978 4674 1460 4744 temperationes.
1493 4677 1556 4730 Et
1597 4674 1992 4746 quemadmo—

335 4757 486 4815 dum
517 4761 811 4818 elementa
837 4778 873 4818 a
897 4767 1110 4818 natura
1124 4763 1431 4832 exsistunt,
1463 4762 1571 4818 sed
1610 4761 1991 4820 suntintinita

332 4866 478 4923 quae
508 4867 580 4906 ex
608 4850 914 4908 elementis
932 4856 1396 4924 componuntur,
1413 4852 1493 4909 ita
1506 4851 1685 4908 etiam
1701 4857 1990 4923 tempera-

331 4940 532 4997 tiones
563 4944 703 4998 sunt
730 4941 792 4996 in
822 4942 1148 5013 elementis,
1194 4940 1298 4998 sed
1321 4945 1459 4998 sunt
1484 4941 1732 4997 inﬁnitae
1765 4945 1990 5013 tempe-

330 5030 642 5087 rationum
671 5031 1085 5103 proprietates.
1111 5030 1334 5086 Idcirco
1363 5031 1420 5086 in
1454 5029 1729 5097 metallis,
1775 5028 1990 5102 lapidi-

329 5120 479 5186 bus,
511 5119 753 5192 plantis,
777 5120 1096 5185 alimentis,
1128 5120 1476 5177 humoribus
1518 5124 1574 5176 et
1626 5119 1991 5177 animalibus

330 5209 586 5266 inﬁnitae
621 5215 760 5268 sunt
791 5211 1252 5284 temperationes
1266 5227 1398 5284 quas
1428 5211 1771 5267 varietatem
1794 5208 1991 5265 multi-

331 5301 557 5378 plicem
589 5303 848 5359 afferunt
863 5301 1237 5375 corporibus,
1262 5300 1991 5358 incitationibusvolunta-

330 5391 460 5462 riis,
493 5391 976 5464 proprietatibus,
1005 5391 1362 5461 actionibus,
1387 5391 1988 5464 apprehensionibus,

330 5483 770 5550 habilitatibus,
802 5481 1030 5552 ﬁguris,
1059 5481 1588 5555 propensionihus,
1642 5485 1699 5536 et
1747 5480 1992 5553 reliquis

332 5574 646 5632 omnibus.
673 5576 1044 5646 QuaprOpter
1067 5572 1527 5643 temperationes
1549 5573 1894 5629 varietatem
1931 5574 1992 5630 in

331 5679 544 5726 rerum
574 5669 856 5722 naturam
885 5662 1290 5732 introducunt,
1324 5667 1381 5720 et
1409 5662 1752 5743 uniusmodi
1790 5677 1991 5720 rerum

1210 325 1564 381 THEODORI
1601 324 1648 380 ΙΙ
1689 326 1820 383 IMP.
1854 327 1945 381 DE
2005 324 2459 382 COMMUNIONE
2510 326 2890 384 NATURALI.

3629 325 3764 380 1'298

2101 452 2160 501 τὸ
2210 447 2463 514 ποικίλον,
2494 452 2584 502 καὶ
2623 447 2792 521 ἐξάγει
2834 451 2894 502 τὸ
2960 449 3169 503 ἐνιαῖον.
3223 448 3282 502 Εἰ
3318 449 3418 521 γὰρ
3463 449 3532 508 ὡς
3585 444 3632 498 ἐν
3695 455 3758 519 τῇ

2103 541 2276 612 φύσει,
2369 540 2446 590 ὅτι
2524 546 2618 600 τῆς
2703 542 2902 611 φύσεως
2964 538 3213 610 ἑνοῦνται,
3293 537 3494 596 ἐνιαίως
3558 536 3766 588 ἅπαντα

2102 631 2368 703 ὑπῆρχον,
2401 633 2490 680 καὶ
2521 629 2571 680 ἐν
2609 637 2725 690 ταῖς
2779 631 3003 702 κράσεσι
3057 631 3192 681 κατὰ
3244 631 3398 701 φύσιν
3449 625 3509 678 ἂν
3579 628 3767 699 ἔπρατ-

2465 714 2526 769 δέ
2575 736 2635 788 γε
2702 717 3033 769 ποικίλλουσι
3089 725 3257 769 ταῦτα
3310 718 3543 790 κράσεις,
3600 712 3765 766 πολλὰ

2107 808 2504 878 συνεισάγονται
2579 807 2752 859 οἶτοπα
2838 811 2928 858 καὶ
3000 805 3300 880 ἁπροσφυῆ,
3363 803 3527 856 πολλα
3594 799 3653 854 δὲ
3700 822 3760 873 γε

2101 736 2210 781 τον,
2286 719 2367 769 ὅτι

2101 900 2194 947 καὶ
2284 893 2544 967 ἀναγκαῖα
2606 900 2697 949 καὶ
2756 904 3023 969 προσφυῇ,
3107 898 3238 948 ὥστε
3289 897 3347 946 τὸ
3426 895 3560 944 κατα
3609 893 3764 964 φύσιν

2103 985 2400 1057 τελούμενον
2457 984 2615 1038 ἐκεῖνο
2671 990 2762 1037 καὶ
2851 985 3150 1058 ἀναγκαῖον,
3208 989 3264 1037 τὸ
3320 981 3380 1036 δὲ
3433 984 3570 1035 κατὰ
3641 987 3766 1055 κρᾶ-

2107 1094 2190 1127 σιν
2245 1071 2339 1127 διὰ
2401 1077 2458 1127 τὸ
2511 1074 2774 1127 ποικίλλον
2841 1075 2934 1127 οὐκ
2995 1074 3074 1128 ἀεὶ
3137 1073 3434 1145 ἀναγκαῖον.
3491 1071 3626 1123 Ἀλλ’
3682 1071 3766 1122 ὅτε

3121 1163 3331 1237 φυλάξει
3378 1165 3436 1214 τὸ
3483 1161 3621 1223 τέλος
3672 1167 3763 1212 τοῦ

2105 1256 2432 1328 πράγματος,
2493 1254 2560 1315 εἰς
2617 1254 2642 1306 ὂ
2697 1251 2968 1306 ἀπιδοῦσα
3005 1257 3036 1313 ἡ
3088 1257 3265 1326 φύσις,
3323 1259 3476 1305 τοῦτο
3523 1251 3765 1322 γενέσθαι

2104 1169 2194 1216 καὶ
2227 1164 2357 1223 αύτὴ
2401 1167 2432 1223 ἡ
2480 1171 2664 1240 κρᾶσις
2722 1164 2984 1237 εἰλικρινὲς
3047 1187 3059 1198 ·

2107 1343 2339 1402 ἐκίνησεν
2393 1349 2544 1397 αἴσια
2591 1344 2707 1403 τέλη
2749 1344 2897 1414 τελεῖ,
2948 1345 3069 1397 ὅταν
3127 1341 3186 1396 δὲ
3236 1348 3354 1405 ταῖς
3411 1339 3764 1414 ἱδιοτροπίαις

2109 1431 2274 1506 ἀπίδῃ
2349 1437 2436 1484 καὶ
2523 1432 2654 1506 λάϐῃ
2729 1432 2914 1486 ἐκεῖθεν
2996 1438 3090 1491 τὴν
3169 1437 3382 1504 σχέσιν,
3437 1429 3764 1505 παρεκκλίνει

2107 1530 2198 1574 τοῦ
2270 1519 2495 1584 δέοντος.
2552 1520 2757 1583 Μηδεὶς
2806 1520 2865 1575 δὲ
2931 1525 3256 1575 ὑποτοπάσει
3313 1523 3392 1573 ὅτι
3446 1523 3499 1572 αἱ
3547 1521 3762 1593 κράσεις

2109 1613 2236 1684 ούχὶ
2311 1620 2403 1674 τῆς
2478 1615 2674 1685 φύσεώς
2743 1613 2844 1665 εἰσι
2919 1613 3149 1686 (λέγομεν
3205 1614 3268 1672 ὡς
3323 1609 3370 1663 ἐν
3422 1619 3494 1681 τῷ
3549 1606 3762 1684 διέρχε-

2109 1703 2235 1754 σθαι
2294 1705 2413 1762 τούς
2458 1699 2627 1760 τῆσδε
2669 1702 2870 1774 λόγους)
2904 1723 2917 1736 ο
2972 1710 3122 1756 τοῦτο
3170 1704 3272 1774 γὰρ
3327 1701 3517 1752 άτοπον
3578 1719 3590 1732 ·
3650 1706 3760 1760 πῶς

2104 1794 2206 1864 γὰρ
2284 1791 2343 1844 ού
2390 1795 2533 1868 παρὰ
2573 1801 2662 1854 τῆς
2710 1795 2912 1864 φύσεως
2983 1794 3078 1854 τὰς
3121 1793 3336 1865 κράσεις
3386 1792 3526 1860 ἔχειν
3578 1790 3759 1860 ὡρμή-

2107 1900 2267 1954 σαμεν
2335 1879 2396 1932 ἂν
2478 1881 2634 1934 εἰπεῖν
2691 1887 2785 1940 τὴν
2847 1881 3120 1948 όντότητα,
3191 1883 3280 1941 τὰς
3327 1882 3520 1952 μικτὰς
3575 1882 3646 1950 μὴ
3704 1874 3760 1927 ἐκ

2103 1979 2194 2032 τῆς
2276 1971 2440 2032 ἁπλῆς
2486 1989 2498 2026 :
2551 1971 2822 2044 Ἀπαγέτω
2892 1973 2918 2024 ό
2988 1975 3152 2033 οὕτως
3204 1969 3487 2030 ἀπατηθεὶς
3557 1971 3616 2019 τὸ
3675 1964 3758 2018 ἀν-

2104 2063 2506 2132 επιστημονικὸν
2577 2065 2668 2113 καὶ
2736 2060 2988 2136 ἐρευνάτω
3060 2063 3119 2112 τὸ
3188 2057 3388 2120 ἀληθές.
3458 2055 3593 2110 ’Δλλ’
3654 2055 3754 2108 εἰσὶ

2101 2151 2336 2225 κράσεις,
2371 2151 2484 2202 ἔστι
2533 2146 2592 2202 δὲ
2659 2153 2747 2202 καὶ
2822 2152 2996 2222 φύσις,
3052 2151 3298 2209 ὡσαύτως
3365 2143 3423 2200 δὲ
3476 2167 3566 2198 και
3621 2164 3759 2198 στοι-

2100 2246 2226 2310 χεῖα
2291 2259 2303 2272 ·
2365 2242 2570 2312 κέντρον
2636 2240 2737 2312 γὰρ
2821 2243 2911 2291 xui
3005 2238 3148 2312 ἁρχὴ
3221 2240 3373 2308 φύσις
3422 2235 3756 2306 ἁπανταχοῦ,

2100 2334 2270 2380 ταῦτα
2327 2323 2385 2381 δί
2424 2329 2592 2386 πάντη
2635 2333 2752 2403 περὶ
2809 2327 2971 2386 αὐτὴν
3029 2330 3099 2390 ὡς
3147 2326 3194 2378 ἐν
3258 2326 3328 2379 ἐνὶ
3372 2326 3500 2396 ἡλίῳ
3545 2321 3759 2396 ἀτμίδες

2291 2259 2303 2272 ·
2365 2242 2570 2313 κέντρον
2636 2240 2737 2314 γὰρ
2821 2243 2911 2291 xui

2100 2415 2155 2479 ἐξ
2202 2418 2490 2491 ὑγρότητος
2539 2419 2569 2476 ἢ
2623 2417 2838 2490 αὐχμοῦ
2897 2416 3260 2493 ἀνερχόμεναι,
3322 2417 3555 2468 κάκεῖθεν
3607 2411 3760 2475 αὖθις

2101 2503 2461 2578 διαλυόμεναι,

2100 2598 2264 2656 οὕτως
2344 2597 2688 2666 πεμπόμεναι,
2787 2599 2878 2646 καὶ

2103 2685 2318 2756 κράσεις
2394 2686 2496 2757 γὰρ
2589 2687 2800 2756 σχέσεις
2869 2687 2958 2737 καὶ
3026 2680 3350 2757 ἱδιοτροπίαι
3435 2682 3538 2736 εἰσί
3602 2701 3755 2752 τινες,

2561 2510 2651 2558 καὶ
2735 2509 2865 2581 πρὸς
2936 2509 3123 2581 μικρὸν
3208 2508 3574 2577 συναγόμεναι,
3669 2508 3758 2556 καὶ

2970 2599 3222 2646 ποιοῦσαι
3293 2600 3444 2647 τοῦτο
3523 2591 3620 2648 ἀεί.
3693 2595 3758 2646 Αἰ

2107 2886 2587 2943 constitutionem
2604 2887 2866 2958 ejiciunt.
2899 2885 3142 2956 Si,enim
3155 2890 3222 2942 ut
3244 2885 3306 2941 in
3326 2889 3562 2954 natura,
3582 2885 3757 2956 cujus

2105 2977 2336 3034 ratione
2374 2992 2470 3033 res
2510 2992 2722 3033 omnes
2737 2976 3428 3033 naturalesunicomodo
3446 2976 3755 3043 uniuntur,

2106 3066 2475 3134 exsisterent,
2498 3066 2557 3122 in
2607 3064 3140 3138 temperationibus
3195 3065 3374 3122 etiam
3423 3064 3758 3120 secundum

2105 3159 2387 3212 naturam
2415 3160 2680 3224 egerent.
2710 3155 2822 3212 Sed
2843 3155 2988 3227 quia
3015 3154 3365 3210 varietatem
3389 3153 3503 3209 illis
3536 3158 3761 3225 tempe-

2105 3244 2367 3300 rationes
2399 3243 2913 3312 afferunt,idcirco
2929 3242 3114 3298 multa
3156 3241 3764 3298 introducunturino-

2107 3334 2276 3390 sitate
2303 3336 2360 3389 et
2389 3333 2604 3400 aliena,
2636 3332 2826 3389 multa
2840 3348 3083 3406 quoque
3103 3332 3443 3388 necessaria
3456 3335 3760 3387 etnaturae

2108 3423 2520 3491 congruentia.
2554 3423 2744 3486 Quare
2775 3421 3072 3495 quidquid
3124 3421 3459 3478 secundum
3483 3425 3762 3476 naturam

2109 3510 2380 3578 efﬁcitur,
2405 3510 2551 3566 illud
2577 3511 2756 3567 etiam
2779 3516 2867 3567 est
2894 3511 3330 3579 necessarium;
3357 3510 3462 3565 sed
3486 3509 3652 3580 quod
3675 3525 3764 3564 se-

2108 3600 2378 3656 cundum
2410 3600 2904 3672 temperationem
2936 3599 3206 3668 efﬁcitur,
3234 3605 3477 3672 propter
3509 3598 3761 3654 varieta-

2107 3695 2230 3748 tem
2260 3706 2383 3746 non
2413 3695 2503 3746 est
2532 3705 2770 3762 semper
2796 3691 3221 3746 necessarium.
3259 3689 3373 3746 Sed
3401 3689 3598 3760 siipsa
3620 3694 3764 3744 tem-

2106 3780 2337 3853 peratio
2373 3780 2674 3836 sincerum
2701 3781 2784 3836 rei
2813 3780 2995 3836 tinem
3026 3782 3238 3846 servat,
3281 3779 3358 3835 ad
3389 3793 3571 3850 quem
3600 3792 3766 3850 spec-

2107 3877 2241 3929 tans
2257 3875 2472 3927 natura
2483 3874 2547 3926 ut
2563 3886 2656 3926 res
2675 3875 3106 3942 procrearetur,
3119 3868 3279 3925 viam
3293 3885 3466 3925 suam
3479 3884 3765 3940 exprom-

2109 3961 2248 4034 psit,
2284 3965 2422 4016 tunc
2446 3959 2585 4015 felix
2614 3959 2699 4015 rei
2729 3961 2920 4015 exitus
2953 3958 3101 4015 solet
3139 3959 3420 4014 exsistere
3476 3977 3489 4026 ;
3543 3958 3636 4013 sin
3684 3958 3765 4014 ad

2110 4066 2250 4106 suas
2275 4049 2668 4122 proprietates
2699 4063 2764 4103 se
2795 4048 3173 4114 convertit,et
3201 4047 3360 4102 illinc
3394 4047 3763 4103 habilitatem

2114 4142 2360 4212 accepit,
2393 4143 2536 4195 tunc
2563 4154 2600 4194 a
2628 4141 2788 4194 recto
2817 4137 3127 4193 deﬂectere
3160 4136 3325 4193 solet.
3383 4140 3570 4193 Nemo
3620 4151 3764 4191 vero

2110 4228 2405 4285 existimet
2441 4227 2503 4284 in
2529 4227 2623 4282 his
2681 4226 3051 4299 explicandis
3099 4242 3210 4281 nos
3245 4226 3440 4282 dicere
3470 4231 3761 4297 tempera-

2109 4318 2300 4375 tiones
2324 4331 2448 4373 non
2505 4331 2635 4371 esse
2691 4321 2941 4370 naturae.
3001 4317 3118 4370 Hoc
3168 4314 3326 4370 enim
3371 4321 3524 4370 esset
3557 4315 3764 4370 absur-

2109 4406 2280 4463 dum.
2317 4404 2632 4472 Quomodo
2665 4404 3761 4477 enimtemperationesidquodsunta

2108 4500 2327 4552 natura
2353 4493 2576 4551 habere
2622 4509 2842 4564 negare
2888 4509 3208 4565 possemus
3259 4494 3287 4550 ?
3326 4493 3574 4565 perinde
3618 4509 3688 4550 ac
3714 4493 3763 4548 si

2108 4585 2444 4641 diceremus
2474 4582 2935 4655 temperationes
2961 4599 3097 4654 quas
3129 4581 3552 4638 admistionem
3579 4583 3764 4637 susci-

2109 4674 2281 4747 piunt
2307 4689 2378 4728 ex
2410 4672 2663 4745 simplici
2693 4687 2815 4728 non
2834 4672 3087 4744 misceri.
3155 4673 3266 4737 Qui
3295 4673 3410 4728 hoc
3459 4671 3641 4728 modo
3663 4672 3764 4727 de-

2109 4767 2318 4834 ceptus
2347 4766 2435 4817 est
2466 4761 2710 4833 abjiciat
2739 4761 3147 4831 ignorantiam
3165 4765 3530 4818 etscrutetur
3549 4760 3764 4816 verita-

2109 4856 2248 4908 tem.
2281 4850 2399 4907 Sed
2427 4856 2568 4906 sunt
2595 4851 3080 4923 temperationes,
3147 4855 3237 4906 est.
3289 4851 3468 4907 etiam
3524 4853 3759 4920 natura,

2109 4940 2496 4998 consimiliter
2520 4940 2699 4996 etiam
2742 4945 2884 4996 sunt
2947 4940 3260 4996 elementa.
3312 4943 3534 4995 Natura
3599 4938 3762 4994 enim

2109 5036 2380 5088 centrum
2421 5035 2509 5087 est
2537 5035 2594 5086 et
2621 5030 3006 5103 principium,
3033 5045 3418 5101 quocumque
3451 5036 3501 5086 te
3539 5033 3760 5097 vertas,

2109 5121 2208 5178 illa
2242 5137 2384 5178 vero
2416 5122 2620 5178 omnia
2643 5125 2784 5176 sunt
2808 5120 2966 5176 circa
3011 5120 3208 5189 ipsam
3255 5136 3267 5174 :
3310 5133 3432 5174 non
3479 5134 3651 5174 secus
3678 5121 3762 5175 at-

2109 5227 2227 5284 que
2255 5212 2317 5268 in
2338 5227 2461 5267 uno
2490 5211 2611 5267 sol’e
2633 5210 2784 5266 radii
2807 5211 2911 5282 qui
2950 5226 3020 5265 ex
3049 5209 3320 5274 humore,
3379 5211 3485 5263 aut
3513 5223 3760 5280 vapore,

2113 5306 2216 5358 aut
2251 5307 2401 5356 aestu
2427 5299 2613 5357 exorti
2637 5315 2879 5355 sursum
2931 5314 3136 5354 versus
3183 5297 3436 5353 tendunt
3502 5301 3559 5353 et
3601 5295 3762 5352 illinc

2110 5406 2318 5447 rursus
2381 5390 2770 5463 dissipantur,
2833 5387 3248 5461 paulatimque
3304 5387 3664 5458 colliguntur
3705 5391 3763 5444 et

2109 5497 2318 5538 rursus
2341 5481 2656 5537 mittuntur
2682 5484 2862 5552 atque
2889 5494 3127 5550 semper
3153 5478 3270 5533 hoc
3306 5476 3491 5533 modo
3544 5477 3764 5534 iteran-

2111 5576 2229 5628 tur.
2256 5573 2402 5628 Sunt
2426 5571 2586 5628 enim
2617 5571 2901 5642 quasdam
2919 5569 3402 5642 temperationes,
3424 5567 3763 5625 habilitates

2111 5667 2169 5721 et
2192 5662 2605 5737 proprietates,
2637 5675 2744 5734 per
2769 5676 2924 5734 quas
2960 5659 3252 5718 uniuntur
3278 5658 3478 5717 omnia
3533 5674 3645 5731 pro
3690 5673 3762 5713 eo
