4130 6414
308 331 440 387 1301

303 454 396 526 ψιν
451 451 752 514 δύσληπτον
812 462 924 528 καὶ,
985 457 1287 518 συλλήϐδην
1325 459 1613 534 περιλαϐὼν
1675 463 1820 524 εἴπω,
1871 462 1958 510 τὸν

305 545 423 598 ὅλον
491 555 584 607 τῆς
646 551 1001 618 πραγματείας
1060 552 1252 600 σκοπὸν
1319 533 1676 623 σπερματικῶς
1737 547 1952 620 ἀναμνη-
1991 533 2038 584 Α
2069 556 2336 628 ρούμεναι,
2395 551 2534 610 ἐκτὸς
2612 559 2705 612 τῆς
2795 549 2990 609 ἁπλῆς.

304 637 506 706 μονεὺει
562 638 663 709 πρὸ
741 643 834 688 τοῦ
887 636 1056 696 τέλους
1125 645 1214 698 τῆς
1267 643 1678 710 παραγματείας·
1720 640 1832 708 ἔχει
1901 634 1962 692 δι

305 723 470 786 οὑτως
498 726 688 781 πάντα.
727 724 888 777 Ἑπτά
945 745 1096 777 τινων
1149 729 1304 778 ὅντων
1360 734 1456 779 τῶν
1507 725 1555 778 ἐν
1615 729 1738 798 ἡμῖν
1795 733 1961 799 μερῶν

308 813 365 865 ἐκ
391 812 578 884 ψυχῆς
612 809 855 871 δηλονότι
909 818 1000 867 καὶ
1023 814 1166 883 ὗλης,
1198 816 1292 868 οὐχ
1333 816 1537 874 ἰσότητι
1599 835 1732 867 πασι
1795 817 1962 866 ταῦτά

305 901 460 969 εἰσιν,
503 902 614 954 ἀλλ’
688 905 880 974 ἔχοντα
939 902 1134 964 δινήσεις
1185 909 1276 956 καὶ
1333 905 1592 966 ἐπιτάσεις
1637 904 1682 956 ἐν
1725 909 1957 977 ατὸμοις,

307 989 518 1044 αὑτὰὲν
547 996 695 1065 τρισὶ
731 997 821 1044 καὶ
877 990 1008 1045 δέκα
1069 995 1348 1065 συζυγίαις
1385 995 1704 1069 μερίζονται,
1765 995 1820 1046 αἱ
1870 1000 1961 1047 καὶ

310 1087 414 1140 τοῖς
476 1085 684 1155 μέρεσιν
785 1083 1181 1154 ἀριθμηθεῖσαι,
1301 1083 1576 1142 ἐννήκοντα
1677 1088 1805 1158 πρὸς
1897 1092 1958 1142 τῆ

311 1166 490 1242 τριάδι
527 1174 817 1241 ’γίγνονται⁸
866 1168 1193 1244 διαιροῦνται
1246 1170 1304 1225 δε
1357 1175 1513 1226 αὗται
1566 1173 1638 1234 εἰς
1703 1179 1963 1246 τέσσαρας

307 1257 476 1321 τάξεις
508 1257 605 1311 ἀνὰ
651 1266 789 1331 τρεῖς
845 1259 1002 1312 οὖσαι
1032 1267 1129 1333 μία
1157 1261 1378 1331 ἑκάστη,
1403 1263 1469 1314 ὧν
1527 1268 1624 1335 μία
1659 1267 1748 1335 μεν
1802 1263 1961 1331 ἁπλῆ,

309 1349 366 1400 αἱ
392 1343 440 1400 δ’
467 1347 619 1401 ἄλλαι
639 1347 931 1401 ἑλλείπουσί
983 1369 1036 1402 τε
1078 1355 1166 1402 καὶ
1241 1351 1595 1419 ἐπιτείνονται,
1656 1358 1747 1406 καὶ
1810 1362 1963 1406 τοῦτο

785 1080 1181 1154 ἀριθμηθεῖσαι,

309 1432 385 1490 δι’
444 1435 570 1488 ὅλων
613 1437 802 1494 αὐτῶν.
874 1445 975 1492 Καὶ
1019 1439 1152 1498 ἁπλῆ
1209 1443 1298 1512 μὲν
1361 1441 1448 1494 οὖν
1515 1443 1656 1495 ἐστιν
1707 1448 1820 1505 ἣτις
1875 1450 1964 1498 καὶ

311 1529 442 1596 μόνη
475 1524 636 1594 ἐστὶν,
667 1529 696 1584 ἠ
747 1526 922 1590 ἐξίσου
979 1533 1064 1580 καὶ
1119 1533 1184 1582 τὰ
1227 1530 1356 1582 ἑπτα
1411 1534 1636 1603 ἔχουσα,
1698 1533 1802 1585 οἷον
1853 1538 1966 1586 τὸα

313 1611 436 1685 βγ,
487 1634 578 1666 και
632 1612 777 1678 οὗθις
831 1621 889 1670 τὸ
942 1638 962 1671 ε
1020 1622 1048 1683 ζ
1107 1638 1136 1676 η
1187 1622 1235 1672 θ·
1289 1619 1526 1684 ἐπίτασις
1581 1625 1682 1696 γὰρ
1728 1621 1777 1674 ἐν
1830 1623 1959 1682 αὐτῆ

310 1702 406 1756 οὑκ
453 1706 594 1755 ἔστιν
639 1706 742 1756 οὔτ’
794 1707 985 1771 ἄνεσις,
1040 1715 1153 1770 ταῖς
1210 1705 1269 1761 δε
1326 1712 1456 1780 μετὰ
1524 1714 1718 1768 ταύτην
1768 1714 1964 1775 πάσαις

307 1811 398 1844 και
475 1791 737 1854 ἐπιτάσεις
799 1796 1129 1867 εὑρίσκονται
1207 1818 1297 1850 και
1366 1797 1584 1861 ἀνέσεις.
1671 1803 1767 1852 Διά
1811 1808 1964 1854 τοῦτο

305 1900 396 1932 και
443 1881 517 1942 εὶς
560 1881 756 1945 πλῆθος
825 1891 888 1942 τῆ
951 1893 1050 1936 τῶν
1133 1888 1453 1958 μεταθέσεων
1534 1897 1803 1962 προχωρεῖ
1856 1910 1961 1942 κοι-
2003 1875 2042 1929 Β
2073 1891 2330 1952 ταθὲσεως
2409 1887 2620 1950 ἕναλλὰξ

303 1973 481 2041 νωνίᾳ·
542 1971 664 2024 ὅταν
738 1974 840 2045 γὰρ
884 1974 911 2024 ὁ
962 1975 1232 2046 καθαρμὸς
1279 1974 1326 2026 ἐν
1382 1975 1587 2033 ἰσότητι
1633 1981 1692 2029 τὸ
1746 1999 1779 2029 α
1830 1977 1864 2050 β
1929 2000 1962 2050 σγ

301 2060 404 2130 εχῇ
443 2079 533 2114 και
565 2064 624 2112 τὸ
698 2079 718 2114 ε
797 2065 824 2124 ζ
878 2082 908 2120 η
960 2064 1009 2130 6,
1093 2059 1543 2123 διπλασιασθῆναι
1617 2067 1675 2118 οὑ
1744 2064 1968 2128 δύνηται

304 2150 442 2200 κατά
470 2168 530 2220 γε
585 2146 909 2224 ἰδιοτροπίαν
966 2154 1102 2223 τινα,
1155 2153 1200 2205 εἰ
1246 2158 1317 2225 μή
1372 2155 1451 2206 ὅτι
1499 2156 1569 2216 ὡς
1628 2157 1821 2228 ἄτομον
1876 2173 1966 2212 και

307 2239 490 2308 μονὰς,
547 2257 638 2290 και
685 2238 835 2290 ἄλλον
878 2241 1147 2313 καθαρμὸν
1193 2239 1292 2303 ἕξει
1341 2244 1534 2314 ὅμοιον,
1583 2252 1651 2295 ῶν
1715 2246 1809 2297 οὑκ
1853 2249 1966 2300 ἔστι

305 2322 576 2398 διαιφορά.
612 2324 775 2380 Ὀταν
829 2324 888 2380 δε
952 2329 1217 2401 ὑφειμένον
1269 2332 1319 2382 ἔν
1373 2333 1473 2401 εχη
1525 2341 1622 2384 τῶν
1668 2339 1963 2408 γραφέντων

307 2421 584 2486 στοιχείων
633 2417 658 2468 ὁ
703 2417 894 2490 ἕτερος,
945 2416 1228 2489 ἆξανάγκης
1266 2425 1447 2492 προσω
1501 2424 1616 2493 ἔχει
1676 2427 1743 2475 τὰ
1793 2425 1958 2500 ἔτερα,

301 2524 394 2556 και
441 2501 549 2563 ἤδη
612 2502 847 2579 διαφέρει
901 2508 1166 2579 καθαρμὸς
1204 2517 1296 2560 τοῦ
1349 2511 1641 2584 καθαρμοῦ,
1709 2532 1798 2565 και
1847 2518 1960 2566 τού-

300 2613 393 2646 του
447 2597 738 2666 7ινομίνου,
807 2603 896 2648 τοῦ
959 2599 1331 2668 μετατίθεσθαι
1411 2601 1527 2652 καθ’

315 2689 559 2752 στοιχεῖα
630 2703 720 2734 και
785 2684 1072 2749 ἐπιτάσεις,

1623 2602 1828 2673 ὑφέσεις
1895 2607 1961 2657 τὰ

1124 332 1479 391 ΤΗΕΟΒΟΒΙ
1510 334 1558 389 ΙΙ
1591 335 1730 390 IMP.
1757 333 1848 388 DE
1888 331 2352 388 COHMUNIONE
2381 327 2758 386 NATURALI.

1153 2683 1501 2758 τρισκαίδεκα
1586 2695 1757 2742 πᾶσαι
1837 2697 1957 2762 γενή
1970 2724 1985 2733 ο

3587 323 3724 382 1302

2072 479 2251 513 σονται
2307 463 2582 530 συζυγίαι,
2636 458 3079 528 ἇννενηκονταχῶς
3133 455 3265 528 πρὸς
3309 454 3379 504 τὰ
3427 448 3525 502 δύο
3583 445 3726 501 διαι-

3094 549 3195 598 Καὶ
3250 548 3432 616 πρώτη
3486 544 3577 614 μὲν
3637 536 3726 592 οὑν

2071 645 2273 702 πάντως
2301 642 2440 693 ἐστὶν
2468 642 2498 698 ἡ
2529 638 2688 706 ἁπλῆ,
2733 634 2839 691 εἶτα
2895 640 2964 698 ὡς
3020 634 3068 687 ἐν
3121 634 3265 695 τάξει
3321 634 3376 686 αἱ
3423 632 3554 703 μετὰ
3605 631 3729 682 ταὺ-

2070 753 2184 790 τηνο
2240 728 2456 804 δευτέρα
2511 726 2570 781 δὲ
2628 727 2774 790 τάξις
2820 736 2920 779 τῶν
2966 724 3230 794 συζυγιῶν
3279 723 3310 780 ἡ
3362 722 3430 773 τὰ
3469 723 3592 793 τρία
3637 722 3730 771 καὶ

2071 827 2191 894 τρία
2223 824 2446 893 ἔχουσα,
2468 821 2536 871 τὰ
2563 821 2654 891 μεν
2680 838 2714 869 α
2749 815 2785 889 β
2813 837 2848 887 σγ
2894 817 3086 877 πάντα,
3137 820 3236 864 τῶν
3265 807 3324 862 δὲ
3355 829 3376 862 ε
3400 809 3433 870 ζ
3489 828 3519 867 η
3582 810 3610 861 θ
3660 808 3730 860 τὰ

2070 916 2210 985 τρία,
2263 911 2532 981 ὑφειμένου
2590 914 2681 959 τοῦ
2741 904 2844 966 ἐνὸς
2897 901 3162 969 δηλονότι,
3235 897 3454 950 ὧντινων
3529 915 3550 949 ε
3604 895 3636 957 ξ
3693 915 3725 954 η

2073 1003 2101 1053 6
2155 1004 2247 1059 τὴν
2317 997 2497 1068 ὕφεσιν
2608 993 2820 1056 ὶναλλὰξ
2926 994 3132 1064 θέμενος
3205 990 3412 1059 εὑρήσω
3475 988 3728 1057 τέτταρας

2075 1071 3728 1159 συζυγίαςαβγιξηαβγξηθαβγ

2073 1199 2104 1237 η
2157 1179 2183 1230 6
2243 1196 2265 1228 ε
2334 1195 2367 1228 α
2424 1173 2460 1247 β
2514 1195 2548 1244 γ
2597 1193 2620 1226 ε
2669 1175 2695 1224 6
2749 1169 2889 1232 ζαῖ
2943 1167 3258 1241 διαφέρουσι
3309 1174 3371 1225 τῆ
3430 1164 3726 1236 μεταθέσει.

2077 1269 2224 1323 Καθὰ
2275 1268 2374 1339 γὰρ
2424 1267 2453 1322 ἠ
2495 1269 2674 1336 πρώτη
2730 1264 2860 1336 πρὸς
2929 1264 3024 1318 τὴν
3077 1255 3346 1330 δευτέραν,
3405 1258 3435 1313 ἥ
3491 1255 3522 1311 ἡ
3577 1255 3724 1325 τρίτη

2071 1361 2201 1431 πρὸς
2243 1361 2339 1414 τὴν
2391 1356 2642 1423 ὑτάστην,
2694 1352 2830 1405 οὑτω
2878 1347 2946 1409 δη
3003 1353 3094 1400 καὶ
3139 1351 3198 1399 τὸ
3255 1345 3312 1398 ἐκ
3362 1352 3454 1406 τῆς
3503 1343 3734 1402 ὑστάτης

2071 1447 2259 1521 κραθὲν
2303 1445 2495 1514 ἄτομον
2562 1443 2694 1514 πρὸς
2752 1442 2808 1492 τὸ
2861 1438 2916 1492 ἐκ
2967 1445 3064 1498 τῆς
3119 1439 3332 1510 πρώτης
3384 1451 3439 1485 τε
3498 1434 3590 1483 καὶ
3639 1437 3732 1521 τῆς

2071 1539 2272 1608 τρίτης,
2324 1537 2414 1584 καὶ
2479 1537 2632 1582 τοῦτο
2691 1537 2792 1582 τῶν
2857 1528 3113 1599 τεττάρων
3197 1525 3386 1576 κοινόν.
3453 1521 3600 1574 Μετὰ
3672 1514 3732 1574 δε

2071 1604 2268 1681 ταύτην
2314 1625 2464 1696 τρίτη
2545 1619 2694 1682 τάξις
2763 1625 2862 1670 τῶν
2944 1615 3208 1685 συζυσγιῶν
3256 1617 3286 1670 ἡ
3343 1613 3409 1664 τὰ
3468 1628 3593 1684 τρια
3632 1604 3732 1662 δύο

2073 1717 2298 1785 ἔχουσα,
2335 1713 2401 1763 τὰ
2447 1713 2537 1782 μεν
2586 1729 2619 1760 α
2667 1706 2776 1780 βγ
2830 1708 3018 1773 πάντα,
3071 1711 3171 1757 τῶν
3229 1698 3288 1754 δι
3345 1721 3366 1754 ε
3423 1701 3456 1761 ζ
3497 1720 3527 1760 η
3585 1701 3613 1753 θ
3665 1700 3734 1752 τὰ

2075 1801 2194 1871 δύο,
2221 1810 2322 1854 τῶν
2367 1797 2464 1852 δύο
2523 1799 2704 1871 ὕφεσιν
2757 1799 3096 1868 πασχόντων,
3146 1793 3300 1845 ἅτινα
3355 1786 3451 1843 διὰ
3503 1798 3601 1856 τῆς
3648 1807 3734 1861 με-

2727 1884 3078 1957 ποιησάμενος
3182 1883 3388 1956 εὑρήσω
3472 1878 3732 1950 συζυγίαν

2079 1965 3730 2048 θέσειτελείαναβγεξαβγζηαβγη

2080 2058 3519 2140 θαβγθεαβγειεαβγζθαῖ
3607 2052 3734 2110 δια-

2077 2161 2292 2232 φέρουσι
2343 2162 2407 2213 τῆ
2487 2151 2782 2225 μεταθέσει.
2867 2151 3020 2203 Καθὰ
3091 2149 3194 2221 γὰρ
3279 2147 3310 2204 ἡ
3377 2149 3559 2218 πρώτη
3606 2146 3736 2232 προς

2073 2228 2169 2304 τὴν
2201 2241 2466 2318 δευτέραν,
2497 2245 2527 2299 ἧ
2565 2244 2595 2299 ἠ
2625 2245 2774 2313 τρίτη
2826 2241 2951 2312 πρὸς
3010 2241 3105 2296 τήν
3161 2236 3415 2300 ὑστάτην,
3475 2232 3609 2286 οὕτω
3662 2228 3731 2292 δὴ

2073 2339 2163 2388 καὶ
2220 2337 2279 2387 τὸ
2346 2333 2403 2386 in
2466 2338 2562 2393 τῆς
2607 2332 2842 2392 ὑστάτης
2894 2329 3082 2403 κραθὲν
3155 2327 3344 2397 ἄτομον
3391 2327 3521 2397 πρὸς
3569 2326 3630 2378 τὸ
3680 2321 3736 2376 ἐκ

2071 2433 2163 2485 τῆς
2207 2442 2419 2498 πρώτης
2505 2439 2562 2473 τε
2643 2424 2734 2472 καὶ
2803 2426 2904 2471 τῶν
2987 2415 3167 2489 ἐφεξῆς
3232 2417 3326 2477 ἓως
3367 2415 3582 2482 ταύτης,
3642 2415 3735 2464 καὶ

2068 2521 2225 2567 τοῦτο
2277 2513 2446 2564 κοινὸν
2519 2514 2609 2562 καὶ
2671 2517 2778 2561 τῶν
2826 2507 2898 2569 ἕξ.
2955 2508 3099 2561 Μετὰ
3145 2501 3204 2558 δε
3258 2507 3456 2562 ταὺτην
3510 2503 3732 2576 τετάρτη

2067 2602 2210 2664 τὰξις
2237 2609 2336 2654 τῶν
2369 2599 2684 2670 συζυγιῶνὴ
2733 2599 2798 2650 τὰ
2841 2600 2962 2668 τρία
3009 2599 3099 2647 καὶ
3159 2595 3208 2646 ἓν
3257 2595 3481 2665 ἔχουσα,
3535 2592 3598 2644 τὰ
3644 2594 3735 2664 μὲν

2069 2712 2103 2744 α
2153 2689 2188 2764 β
2231 2711 2264 2761 ’γ
2309 2691 2498 2754 πάντα,
2530 2695 2627 2738 τῶν
2659 2682 2719 2738 δὲ
2768 2705 2790 2737 ε
2848 2684 2880 2745 ζ
2911 2704 2940 2742 η
2995 2685 3021 2736 θ
3065 2687 3124 2736 τὸ
3156 2683 3206 2734 ἔν
3262 2689 3362 2734 τῶν
3407 2683 3561 2754 τριῶν
3608 2687 3736 2752 ὑφε-

302 2783 430 2835 ctas
453 2779 684 2836 habens
711 2796 917 2836 verum
949 2796 1204 2852 scopum
1234 2789 1612 2856 assequatur,
1647 2794 1704 2841 et
1725 2792 1789 2843 ut
1829 2788 1965 2845 faei-
1993 2807 2034 2860 ο
2076 2789 2378 2859 deinceps.
2411 2788 2666 2856 Jamque
2687 2781 2888 2838 differt
2951 2779 3229 2854 purgatio
3277 2795 3314 2835 a
3365 2777 3726 2850 purgatione

303 2866 421 2924 lem
445 2867 668 2924 habeat
697 2869 981 2940 deinceps
1013 2871 1443 2929 sententiarum
1481 2877 1963 2946 comprehensio-

301 2972 443 3012 nem
470 2956 690 3028 alioqui
747 2957 1072 3026 difﬁcilem,
1098 2961 1447 3018 summatim
1469 2964 1963 3036 complectamur,

308 3049 366 3100 et
390 3046 562 3116 quasi
594 3051 919 3104 sementem
944 3049 1228 3106 facientes
1265 3050 1613 3108 universum
1642 3055 1822 3125 hujus
1855 3060 1969 3111 tra-

308 3133 580 3190 ctationis
607 3151 858 3207 scopum
891 3142 1213 3210 antequam
1239 3141 1658 3211 perveniamus
1681 3143 1758 3198 ad
1781 3144 1966 3202 ﬁnem

299 3221 489 3295 ipsius
509 3225 876 3282 tractationis
899 3241 1464 3284 commemoremus.
1501 3230 1586 3287 lta
1610 3248 1754 3288 vero
1775 3249 1836 3290 se
1859 3233 1972 3292 ha.

299 3310 447 3368 bent
461 3313 687 3370 omnia.
713 3315 860 3372 Cum
886 3315 1005 3370 sint
1026 3315 1086 3371 in
1107 3316 1282 3372 nobis
1308 3323 1506 3388 partes
1527 3321 1811 3390 quaedam
1855 3339 1967 3378 nu-

301 3415 471 3456 mero
494 3407 746 3472 septem,
778 3419 850 3458 ex
889 3403 1094 3460 anima
1123 3405 1399 3462 videlicet
1423 3413 1475 3462 et
1524 3411 1794 3480 materia,
1849 3428 1966 3467 non

301 3489 590 3546 omnibus
618 3490 730 3548 illa:
755 3491 957 3548 insunt
973 3493 1301 3564 mqualiter,
1325 3496 1429 3552 sed
1443 3497 1501 3552 in
1525 3497 1850 3555 individuis
1862 3500 1968 3557 ha-

301 3577 447 3634 bent
470 3579 838 3638 intensiones
857 3597 929 3636 ac
950 3581 1356 3639 remissiones.
1378 3585 1441 3640 In
1482 3586 1766 3643 tredecim
1791 3604 1969 3660 porro

300 3668 620 3723 ordinibus
646 3671 719 3738 t4)
749 3669 1086 3726 distributio
1115 3673 1398 3738 consistit,
1437 3689 1698 3746 quorum
1721 3677 1966 3748 quidem

299 3756 584 3812 ordinum
625 3762 826 3829 partes
847 3764 1193 3825 numeratae,
1235 3763 1566 3830 nonaginta
1615 3769 1730 3819 tres
1785 3755 1968 3822 simul

301 3845 612 3902 exsistunt.
650 3846 1090 3903 Distribuuntur
1136 3854 1332 3904 autem
1366 3865 1573 3906 rursus
1603 3853 1660 3908 in
1705 3858 1966 3925 quatuor

302 3934 558 4004 ordines,
583 3936 664 3991 ita
692 3941 755 3990 ut
779 3938 1193 4010 unusquisque
1213 3939 1362 3995 ordo
1385 3940 1609 3996 circiter
1634 3947 1748 3998 tres
1763 3949 1961 4013 partes

301 4022 537 4092 habeat,
562 4040 822 4096 quarum
853 4042 973 4083 una
999 4027 1242 4099 quidem
1274 4034 1359 4084 est
1377 4029 1648 4101 simplex,
1678 4031 1802 4087 alias
1818 4049 1957 4090 vero

2075 2883 2266 2950 Atque
2285 2877 2402 2932 hoc
2436 2873 2620 2930 modo
2651 2871 3026 2944 transpositis
3053 2867 3363 2926 elementis
3399 2865 3737 2924 secundum

2074 2966 2455 3024 remissiones
2481 2969 2552 3019 ac
2580 2961 2973 3027 intensiones,
3006 2957 3288 3016 tredecim
3315 2955 3564 3013 omnino
3593 2971 3736 3012 con-

2073 3055 2505 3129 jugationes(2)
2522 3052 2806 3108 exsistent
2815 3066 2953 3123 qum
2965 3048 3317 3106 dividuntur
3329 3046 3389 3104 in
3405 3044 3738 3114 nonaginta

2077 3147 2232 3204 duas
2284 3143 2532 3216 simplici
2583 3142 2685 3198 illa
2730 3139 3155 3214 conjugatione
3195 3153 3318 3196 non
3383 3139 3728 3194 numerata.

2079 3235 2276 3291 Prima
2299 3233 2476 3303 igitur
2495 3230 2770 3287 omnium
2809 3232 2897 3285 est
2917 3227 3017 3285 illa
3054 3225 3329 3298 simplex.
3363 3223 3586 3280 Deinde
3637 3237 3735 3280 or-

2079 3324 2218 3380 dine
2235 3339 2370 3396 quaa
2396 3323 2752 3392 sequuntur.
2778 3321 2958 3375 Porro
2971 3314 3466 3388 conjugationum
3484 3311 3634 3369 ordo
3646 3328 3736 3368 se-

2078 3413 2314 3468 cundus
2343 3415 2430 3466 est
2467 3408 2568 3481 qui
2589 3409 2704 3464 tria
2732 3412 2790 3463 et
2813 3407 2925 3464 tria
2965 3405 3202 3462 habeta
3223 3403 3256 3458 b
3285 3418 3317 3460 c
3335 3402 3582 3482 quidem
3612 3417 3738 3458 om-

2078 3502 2198 3570 nia,
2229 3499 2336 3556 sed
2365 3498 2478 3555 tria
2497 3514 2568 3554 ex
2597 3513 2628 3554 e
2646 3499 2686 3567 f
2706 3497 2746 3553 h
2771 3496 2829 3563 Ιι,
2853 3495 3156 3551 subtracto
3171 3491 3446 3549 videlicet
3465 3506 3588 3547 uno
3607 3489 3735 3563 qui.

2076 3591 2194 3647 bus
2234 3593 2496 3662 quatuor
2523 3604 2554 3644 e
2576 3587 2610 3657 f
2634 3603 2670 3657 g
2703 3586 2742 3642 h
2778 3584 3041 3640 vicissim
3094 3581 3435 3646 subtractis,
3475 3583 3736 3653 quatuor

2079 3675 2838 3750 conjugatlonesreperiam
2855 3690 2891 3730 a
2915 3674 2948 3729 ὁ
2969 3673 3089 3744 cef
3103 3689 3139 3744 g
3181 3671 3190 3743 Ι
3238 3671 3320 3725 ab
3347 3670 3519 3740 cfgh
3558 3669 3570 3741 |
3601 3685 3639 3727 a
3657 3669 3736 3726 bc

2076 3786 2114 3840 g
2128 3770 2167 3825 h
2179 3785 2209 3825 e
2240 3771 2248 3838 Ι
2282 3783 2316 3824 a
2334 3768 2366 3822 b
2381 3783 2411 3824 c
2422 3783 2453 3823 e
2465 3767 2706 3839 hf,quae
2719 3764 2957 3838 quidem
2973 3761 3433 3834 transpositione
3453 3758 3736 3816 diﬂ‘erunt

2073 3859 2226 3914 inter
2255 3872 2337 3912 se.
2373 3857 2440 3910 Et
2461 3860 2526 3911 ut
2554 3854 2751 3911 differt
2780 3853 2975 3926 prima
3001 3867 3037 3908 a
3062 3849 3350 3915 secunda,
3377 3864 3447 3904 ac
3493 3848 3666 3905 tertia
3695 3865 3750 3919 a.

2071 3951 2399 4020 postrema,
2424 3945 2505 4001 sic
2526 3943 2905 4000 individuum
2924 3944 3323 4012 temperatum
3343 3955 3417 3996 ex
3428 3940 3734 4010 postrema

2067 4036 2146 4091 ab
2177 4035 2280 4090 illo
2311 4033 2477 4105 quod
2509 4037 2599 4088 est
2621 4049 2696 4088 ex
2724 4031 2921 4104 prima
2979 4034 3034 4086 et
3084 4029 3255 4087 tertia
3308 4029 3730 4099 temperatum.

296 4113 680 4169 remittuntur
730 4130 800 4169 ac
875 4117 1264 4185 intenduntur
1308 4118 1475 4173 omni
1520 4135 1594 4176 ex
1636 4125 1824 4192 parte.
1875 4128 1954 4178 Ac
1988 4159 2031 4212 Β
2063 4129 2254 4196 Atque
2274 4123 2436 4178 hunc
2469 4121 2794 4178 secundum
2822 4119 3096 4176 ordinem
3123 4117 3509 4190 consequitur
3527 4115 3734 4186 conju-

295 4201 555 4273 simplex
587 4203 834 4274 quidem
856 4211 944 4260 est
966 4221 1102 4277 qua:
1124 4207 1302 4261 etiam
1348 4206 1476 4264 sola
1529 4214 1635 4272 est,
1691 4211 1954 4282 mquales

293 4290 572 4346 videlicet
604 4298 827 4363 septem
861 4300 1062 4364 partes
1089 4295 1323 4350 habens
1356 4315 1368 4363 ;
1396 4312 1612 4368 nempe
1644 4314 1681 4354 α
1737 4299 1770 4355 b
1813 4316 1844 4356 ε
1900 4305 1958 4356 et

290 4384 589 4452 praeterea
616 4396 646 4438 e
668 4383 764 4452 fg
795 4381 853 4438 h.
892 4385 1025 4438 Haec
1053 4384 1214 4439 enim
1246 4385 1589 4456 conjugatio
1649 4403 1845 4461 neque
1871 4390 1959 4445 io-

292 4469 628 4524 tensionem
667 4485 861 4542 neque
900 4473 1315 4530 remissionem
1340 4477 1600 4548 suscipit.
1635 4481 1694 4533 lu
1718 4478 1960 4550 reliquis

296 4562 502 4612 autem
531 4559 921 4630 sequentibus
953 4564 1326 4634 reperiuntur
1353 4565 1717 4622 intensiones
1774 4571 1828 4622 et
1875 4583 1961 4622 re-

299 4651 638 4708 missiones.
670 4652 892 4708 ldcirco
913 4655 1090 4710 etiam
1122 4654 1482 4726 multiplices
1514 4656 1780 4711 evadunt
1829 4671 1963 4728 pro-

299 4746 431 4812 pter
484 4743 1009 4815 transposrtionem
1071 4744 1536 4800 communionis.
1583 4747 1728 4801 Cum
1795 4746 1956 4802 enim

295 4833 578 4900 purgatio
610 4831 915 4904 aequaliter
945 4848 981 4888 a
1013 4832 1046 4887 ὁ
1078 4847 1108 4887 c
1140 4831 1323 4887 habet
1360 4840 1415 4888 et
1445 4834 1583 4904 efg
1609 4833 1666 4898 h,
1717 4833 1954 4905 duplari

292 4933 420 4975 non
445 4925 639 4992 potest
665 4921 994 4977 secundum
1027 4921 1447 4992 proprietatem
1480 4922 1814 4993 quamdam
1842 4923 1955 4978 sin-

291 5009 1001 5082 gularem,pra:terquam
1017 5010 1178 5082 quod
1201 5015 1488 5081 tanquam
1504 5011 1879 5066 individuum
1897 5017 1953 5068 et

291 5097 494 5153 unitas
517 5099 694 5154 etiam
727 5099 1144 5170 purgationem
1180 5099 1431 5154 similem
1485 5099 1751 5170 habebit,
1804 5116 1946 5173 qua

285 5202 428 5244 rum
463 5203 580 5242 non
607 5195 694 5243 est
719 5189 1075 5244 differentia.
1117 5190 1259 5244 Cum
1283 5193 1479 5244 autem
1522 5190 1949 5260 purgationum

289 5273 484 5330 altera
523 5291 710 5332 unum
771 5293 842 5332 ex
909 5276 1218 5333 elementis
1267 5277 1576 5348 descriptis
1630 5282 1950 5336 remissum

288 5363 495 5429 habet,
532 5366 866 5422 necessario
897 5365 975 5420 ab
997 5365 1125 5421 aliis
1156 5365 1539 5436 distinguitur
1588 5371 1650 5421 ut
1704 5366 1950 5424 diversis

2066 4215 2371 4284 gationum
2385 4212 2534 4268 ordo
2553 4211 2782 4277 tertius,
2797 4209 2902 4282 qui
2913 4209 3025 4265 tria
3038 4213 3095 4265 et
3113 4208 3236 4264 duo
3258 4207 3459 4264 habet:
3483 4220 3521 4262 a
3538 4221 3569 4261 ι·
3582 4220 3620 4262 α
3640 4205 3674 4260 b
3699 4221 3732 4262 c

2064 4302 2311 4375 quidem
2344 4301 2612 4368 omnino,
2647 4299 2752 4356 sed
2779 4315 2850 4356 ex
2881 4299 2966 4368 ef
2985 4315 3022 4370 g
3055 4298 3095 4354 h
3115 4298 3258 4365 duo,
3287 4295 3528 4352 duobus
3555 4294 3731 4352 nimi-

2066 4408 2198 4448 rum
2223 4390 2484 4462 demptis
2502 4393 2557 4445 et
2573 4387 2909 4458 subtractis,
2932 4387 3154 4460 quibus
3173 4385 3436 4442 vicissim
3453 4387 3731 4457 transpo-

2069 4481 2196 4536 sitis
2216 4481 2506 4551 reperiam
2529 4478 3012 4549 coniugationem
3031 4475 3228 4549 positu
3240 4473 3561 4548 perfectam
3578 4489 3617 4531 a
3635 4474 3667 4529 b
3697 4489 3730 4530 c

2068 4569 2181 4639 ef|
2215 4569 2450 4638 abcfg
2483 4568 2492 4638 Ι
2525 4568 2716 4637 abc.g
2741 4568 2780 4623 h
2812 4569 2821 4636 l
2854 4565 3104 4623 abc.he
3134 4565 3145 4636 |
3177 4564 3407 4634 abc.eg
3441 4564 3450 4634 l
3483 4562 3728 4633 abc./h

2068 4673 2202 4729 quae
2240 4655 2525 4712 differunt
2554 4654 3038 4728 transpositione.
3065 4657 3212 4712 Etut
3248 4653 3444 4726 prima
3475 4651 3730 4710 diﬂerta

2067 4743 2350 4808 secunda,
2375 4748 2431 4799 et
2451 4744 2668 4801 tertiae
2687 4748 3012 4816 postrema,
3036 4743 3118 4800 ita
3144 4742 3323 4799 etiam
3343 4740 3726 4800 individuum

2063 4850 2135 4890 ex
2163 4836 2467 4905 postrema
2497 4837 2895 4905 temperatum
2921 4832 3000 4888 ab
3029 4831 3131 4888 illo
3149 4831 3317 4904 quod
3360 4834 3447 4887 est
3501 4833 3725 4902 tempe-

2062 4929 2258 4980 ratum
2277 4927 2336 4978 et
2355 4920 2681 4977 conﬂatum
2704 4937 2778 4978 ex
2798 4923 2994 4995 prima
3012 4927 3070 4978 et
3090 4920 3333 4992 reliquis
3344 4919 3628 4990 deinceps
3643 4916 3725 4974 ad

2059 5013 2219 5068 hanc
2251 5016 2593 5082 postreman
2625 5026 2836 5082 usque.
2861 5015 3050 5083 Atque
3104 5009 3220 5066 hoc
3263 5021 3587 5065 commune
3635 5012 3724 5064 est

2064 5100 2260 5157 trium.
2287 5102 2452 5155 Hunc
2470 5098 2707 5155 tertium
2727 5103 2976 5171 quartus
2999 5098 3149 5154 ordo
3177 5096 3562 5169 consequitur
3615 5095 3723 5168 qui

2061 5189 2174 5245 tria
2186 5193 2242 5244 et
2256 5203 2444 5243 unum
2458 5187 2688 5244 habeta
2706 5205 2737 5244 c
2751 5203 2788 5246 α
2804 5187 3134 5260 bcquidem
3149 5185 3399 5242 omnino
3419 5188 3477 5242 et
3491 5184 3721 5259 absque

2060 5277 2182 5333 ulla
2205 5275 2631 5348 subtractione,
2660 5277 2767 5334 sed
2787 5293 2976 5332 unum
2998 5292 3073 5333 ex
3107 5291 3138 5332 e
3165 5275 3206 5330 d
3225 5291 3254 5332 e
3276 5277 3321 5346 f,
3344 5272 3534 5330 tribus
3548 5274 3721 5336 nimi-

2057 5383 2190 5424 rum
2227 5365 2568 5432 subtractis,
2592 5367 2815 5439 quibus
2852 5366 3108 5422 vicissim
3149 5364 3526 5437 transpositis
3554 5379 3722 5437 repe-

365 5453 444 5528 (t_)
475 5455 662 5508 Locus
693 5455 1093 5528 perobscurus
1115 5459 1357 5526 propter
1403 5454 1829 5528 confusionem;
1849 5455 1976 5511 dua

2070 5472 2108 5511 n
2139 5471 2384 5528 vocum,
2424 5469 2643 5528 nempe
2693 5456 2948 5528 συζυγίας
2976 5458 3064 5507 καὶ
3089 5453 3301 5518 τάξεως.
3326 5455 3617 5518 Caeterum
3654 5458 3722 5511 ut

288 5523 730 5600 explicaremus
790 5523 1142 5581 retinuimus
1178 5523 1382 5580 vocem
1416 5525 1624 5600 τάξεως,
1685 5525 1897 5582 Habita
1932 5543 1976 5582 rt

2070 5543 2160 5582 me
2187 5526 2350 5590 τάξεω
2382 5523 2587 5598 partes
2609 5523 2990 5600 appellantur
3021 5529 3275 5598 συζυγίαι
3307 5541 3322 5592 ;
3367 5530 3549 5598 atque
3605 5529 3719 5582 tre-

285 5595 498 5670 decim
504 5595 760 5670 ordines
785 5603 1056 5670 respectu
1081 5603 1339 5670 quatuor
1352 5597 1648 5670 ordinum
1676 5604 1851 5652 erunt
1879 5600 2076 5669 potius
2103 5602 2378 5670 συζυγίαι,

370 5668 447 5745 (2)
478 5665 584 5723 Hic
621 5683 832 5724 rursus
858 5665 1304 5742 c'onjurationes
1329 5667 1611 5729 dicuntur
1647 5665 1942 5744 respectu
1955 5675 2216 5743 quatuor
2243 5665 2548 5728 ordinum.
