2065 3230
218 161 287 189 1303

981 155 1160 184 ADDENDA.

1874 155 1954 184 1304

221 232 264 250 σιν
291 222 461 258 πασχόντων,
489 218 567 245 ἅτινα
610 216 658 245 διὰ
685 220 734 248 τῆς
761 219 922 255 μεταθέσεως
950 217 1056 250 ἐναλλὰξ
1070 221 1091 246 Δ
1106 218 1237 249 ταθέσεως
1257 216 1394 254 βαίσουσα
1428 217 1447 254 β
1470 228 1488 254 7
1512 227 1524 245 ε
1550 217 1567 249 ζ
1591 227 1606 247 η
1636 218 1650 244 θ
1684 216 1703 255 β
1735 228 1753 254 7
1785 227 1797 244 ε
1825 217 1843 249 ζ
1872 227 1890 247 η
1931 217 1952 255 β

220 270 271 299 θεὶς
302 268 405 304 εὑρήσω
435 266 560 302 τέτταρας
589 263 719 299 συζυγίας
748 273 765 290 α
795 262 813 300 β
845 273 862 300 7
895 273 905 290 ε
937 273 954 290 α
981 262 999 299 β
1032 273 1049 299 7

220 313 238 344 ζ
266 322 283 338 α
311 311 330 348 β
360 321 377 346 7
402 320 418 339 η
450 319 468 336 οι
495 308 513 346 β
550 318 567 344 7
591 309 605 335 θ
632 308 659 335 αἶ
688 306 844 345 διαφέρουσι
882 311 914 344 τῇ
943 309 1050 344 μεταθέ-

221 367 273 385 σει.
318 355 393 382 Καθὰ
417 354 468 391 γὰρ
506 354 522 382 ἦ
549 355 640 391 πρώτη
666 354 732 390 πρὸς
759 355 806 383 τὴν
831 351 965 390 δευτέραν,
994 353 1010 382 ἣ
1033 353 1049 382 ἡ

218 403 294 440 τρίτη
329 409 393 437 προς
435 400 482 428 τὴν
507 397 633 431 ὑστάτην,
667 397 734 424 οὕτω
763 396 797 427 δὴ
828 399 874 424 καὶ
899 398 929 424 τὸ
954 396 981 423 ἐκ
1004 401 1052 428 τῆς

220 446 338 476 ὑστάτης
366 444 460 482 κραθὲν
485 443 581 479 ἄτομον
614 444 680 479 πρὸς
706 443 735 469 τὸ
760 441 788 469 ἐκ
819 446 868 473 τῆς
894 444 999 480 πρώτης
1023 450 1051 468 τε

220 493 325 522 καὶτῆς
337 492 440 526 τρίτης,
462 489 506 514 καὶ
533 490 609 514 τοῦτο
623 491 673 513 τῶν
703 488 831 524 τεττάρων
858 489 952 516 κοινόν.
978 488 1052 514 Μετὰ

223 535 253 563 δὲ
270 537 367 564 ταύτην
391 536 438 563 την
465 533 538 564 τάξιν
554 532 626 570 ἑτέρα
648 532 720 563 τάξις
739 536 788 558 τῶν
818 532 961 567 συζυγιῶν,
983 536 1051 568 τρεῖς

223 583 267 607 καὶ
286 580 352 609 αὕτη
371 580 474 614 ἔχουσα
488 578 583 610 τάξεις,
619 578 660 607 αἷς
688 576 743 603 ἐστι
770 581 819 602 τῶν
844 578 978 615 τεσσάρων
1006 578 1051 613 μὲν

226 627 272 652 σὺν
288 622 515 661 ὑφέσειεναλλαγὴ
545 622 591 652 ἕως
621 620 729 655 δυάδος,
750 625 799 647 τῶν
831 620 860 648 δὲ
886 626 964 657 τριῶν
995 622 1052 658 ὕφε-

225 679 266 700 σις
295 670 340 705 μὲν
366 671 411 694 τοῦ
432 667 492 702 ἐνὸς,
520 670 569 692 τῶν
599 664 628 693 δὴ
653 664 701 692 δύο
728 665 851 701 ἐναλλαγὴ
882 669 926 692 καὶ
955 666 1051 696 ἰσότης.

226 714 259 741 Αἱ
292 713 387 745 τάξεων
411 712 496 743 τάξεις
524 713 569 737 καὶ
599 713 735 747 συζυγίαι,
756 712 783 737 αἱ
810 712 841 737 τὰ
871 709 918 737 δὺο
952 712 996 747 μὲν
1027 710 1053 736 ix

225 763 303 798 τριῶν
328 760 451 794 ἔχουσαι,
468 756 494 782 ἐκ
518 754 547 783 δε
571 760 620 782 τῶν
649 757 783 793 τεσσάρων
807 757 839 781 τὰ
867 758 993 793 τέσσαρα,
1022 756 1055 782 τὰ

226 806 297 841 τρία,
337 805 369 829 τὰ
396 801 455 834 δύο,
486 801 516 832 ἃς
551 799 597 827 διὰ
625 805 674 827 τῶν
702 802 862 837 μεταθέσεων
887 800 993 832 ἐναλλὰξ
1017 801 1055 827 θέ-

227 858 302 885 μενος
326 848 428 885 εὑρήσω
460 846 484 872 έν
511 848 560 881 μιᾷ
582 845 676 881 ἑκάστη
702 845 773 876 τάξει
801 843 892 871 ἕνδεκα
916 845 1055 881 συζυγίας,

228 894 261 918 ὧν
285 894 301 922 ἠ
340 894 430 929 πρώτη
464 890 535 922 τάξις
574 891 681 925 τούτων,
727 892 831 926 πέμπτη
858 888 887 916 δὲ
919 895 968 916 τὼν
995 889 1057 917 ὅλων
1075 897 1094 924 Β
1113 891 1157 915 καὶ

229 933 1057 972 ἕστὶνὴαβεζηθαβεξηαβεζθ

229 978 1060 1019 αβηθηαβεζαβζηαβηθα

231 1024 462 1064 βθζαβθ
494 1023 641 1060 εαβι
672 1033 686 1052 η
718 1023 744 1049 αἱ
777 1021 931 1061 διαφέρουσι
959 1028 990 1060 τῇ
1018 1033 1060 1060 με-

230 1072 345 1099 ταθέσει.
362 1070 437 1097 Καθὰ
462 1070 511 1105 γὰρ
539 1069 553 1098 ἡ
572 1071 659 1104 πρώτη
685 1070 749 1104 πρὸς
776 1070 822 1097 τὴν
845 1069 970 1103 ὑστάτην,
998 1069 1012 1098 ἢ
1043 1069 1058 1097 ἡ

232 1113 343 1152 δευτέρα
368 1115 434 1151 πρὸς
459 1115 506 1142 τὴν
534 1110 656 1146 δεκάτην,
685 1112 752 1138 οὕτω
779 1110 812 1141 δὴ
841 1115 886 1138 καὶ
911 1114 940 1138 τὸ
967 1111 994 1137 ἐκ
1013 1116 1061 1142 τῆς

233 1158 373 1190 ἑνδεκάτης
415 1159 508 1194 κραθὲν
538 1158 633 1193 ἄτομον
671 1156 795 1182 ἀνάπαλιν
819 1157 863 1187 ἓως
887 1160 932 1183 τοῦ
956 1156 984 1182 ἐκ
1014 1161 1062 1188 τῆς

230 1207 350 1242 πρώτης,
381 1207 457 1230 τοῦτο
489 1200 518 1229 δὴ
545 1203 629 1229 κοινὸν
658 1204 702 1228 καὶ
728 1206 777 1228 τῶν
805 1200 905 1229 ἕνδεκα,
928 1203 1000 1228 Μετὰ
1033 1200 1062 1228 δὲ

233 1250 332 1278 ταύτην
359 1249 374 1278 ἡ
400 1249 498 1278 ταύτης
523 1245 641 1284 δευτέρα,
672 1247 731 1275 ἕκτη
763 1244 793 1272 δέ
815 1256 845 1282 γε
869 1250 918 1272 τῶν
947 1247 1020 1279 ὅλων,
1045 1248 1060 1276 ἡ

233 1299 271 1332 τῷ
286 1294 358 1330 αὐτῷ
377 1296 422 1321 καὶ
448 1294 513 1323 αὐτὴ
547 1290 673 1329 ἰδιώματι
702 1292 774 1322 ἐκτὸς
807 1295 855 1323 τῆς
874 1296 923 1318 τῶν
943 1291 992 1319 δύο
1020 1302 1063 1329 με-

233 1382 678 1421 riamquatuorconjugationes
699 1382 704 1416 |
721 1381 818 1409 abte
834 1382 839 1416 ι
859 1381 972 1417 abcfl
989 1381 1062 1410 abc.

234 1437 254 1466 g
283 1431 288 1465 1
308 1436 327 1458 a
342 1429 358 1456 b
373 1437 397 1457 ε.
411 1429 430 1456 h
451 1429 456 1463 Ι
477 1426 780 1464 quaetranspositione
789 1426 1065 1454 diﬂerunt.Utenim

235 1482 268 1503 se
287 1474 380 1503 habet
392 1473 491 1510 prima
505 1472 544 1501 ad
560 1471 727 1500 secundam
743 1473 771 1499 et
789 1471 874 1499 tertia
897 1471 935 1499 ad
947 1473 1065 1507 postre-

236 1527 330 1555 mam,
347 1519 387 1547 ita
397 1517 481 1554 quod
496 1525 533 1546 ex
546 1519 699 1553 postrema
713 1517 913 1552 temperatum
927 1518 973 1544 est
987 1515 1065 1544 indi-

235 1564 363 1592 viduum
382 1562 422 1591 ad
436 1561 599 1597 illudquod
612 1569 648 1588 ex
663 1561 762 1597 prima
774 1562 846 1588 etex
864 1560 958 1588 tertia.
971 1562 1066 1596 Atque

235 1608 295 1637 hoc
305 1609 436 1644 quatuor
447 1612 610 1634 commune
625 1606 680 1633 est.
697 1605 780 1632 Hunc
792 1606 936 1641 quartum
962 1611 1065 1632 conse-

237 1653 342 1689 quitur
356 1651 430 1679 alias
442 1650 518 1679 ordo
537 1649 786 1685 conjugationum
806 1649 858 1685 qui
871 1649 960 1677 etiam
975 1648 1067 1677 habet

237 1697 302 1733 ipse
316 1698 376 1724 tres
391 1695 523 1729 ordines,
540 1694 571 1722 in
591 1694 701 1730 quibus
715 1696 846 1729 quatuor
858 1696 1067 1730 permutantur

239 1743 268 1770 et
283 1739 484 1769 subtractione
499 1739 538 1767 ad
553 1739 615 1767 duo
629 1738 806 1773 rediguntur
823 1748 829 1772 ;
843 1738 981 1766 detribus
995 1746 1066 1766 vero

240 1794 336 1814 unum
349 1784 489 1819 demitur,
509 1784 570 1812 duo
586 1786 793 1819 permutantur
812 1786 840 1812 et
865 1783 1066 1819 aequalitatem

239 1831 378 1859 retinent.
396 1830 451 1862 Qui
466 1829 606 1857 ordinum
613 1828 734 1856 ordines
741 1830 769 1856 et
779 1828 845 1864 conj
852 1828 1006 1863 ugationes
1015 1836 1065 1856 ex-

241 1876 423 1904 sistuntcum
430 1874 467 1902 de
482 1873 644 1902 tribusduo
651 1873 823 1906 retinentur,
832 1872 902 1900 etde
925 1875 1066 1909 quatuor,

241 1923 379 1956 quatuor,
399 1919 466 1953 tria,
482 1919 543 1947 duo
560 1928 566 1953 ;
583 1918 694 1954 quibus
705 1918 892 1954 transpositis
907 1920 935 1945 et
949 1926 1067 1954 permu-

242 1965 309 1993 tatis
324 1965 355 1993 in
366 1971 551 2000 unoquoque
566 1963 669 1991 ordine
685 1962 824 1990 undecim
841 1963 1067 1998 conjugationes

242 2009 401 2046 reperiam.
417 2010 458 2036 Ac
467 2009 585 2044 primus
591 2007 714 2043 quidem
721 2007 796 2035 ordo
804 2007 895 2044 hujus
902 2007 1017 2042 generis
1025 2009 1069 2034 est

234 2053 296 2082 sed
309 2053 518 2082 universorum
531 2052 654 2088 quintus
674 2059 692 2080 a
703 2051 719 2079 ὁ
739 2052 804 2087 efg
827 2052 846 2080 h
871 2053 875 2086 Ι
900 2059 918 2080 a
930 2052 946 2079 b
955 2060 970 2080 c
980 2052 1023 2086 fg
1049 2052 1053 2086 Ι

243 2098 368 2133 abefh
391 2098 398 2132 Ι
422 2097 603 2132 (Habghe
627 2096 632 2132 |
660 2097 706 2125 ab
723 2096 761 2131 ef
784 2097 788 2131 Ι
818 2096 912 2131 abfh
934 2097 938 2131 ι
964 2096 1070 2131 abgh

257 2143 298 2179 |a
315 2142 391 2177 bfh
420 2143 424 2176 |
450 2149 470 2170 α
483 2142 499 2169 b
515 2141 533 2169 Ιι
546 2148 561 2170 e
588 2141 594 2178 1
624 2150 641 2169 α
659 2141 736 2177 beg.
750 2140 1069 2177 quadiﬂ'erunttrans-

242 2186 404 2224 positione.
420 2187 455 2214 Ut
473 2185 552 2214 enim
571 2186 671 2222 prima
682 2193 713 2214 se
727 2185 819 2213 habet
831 2184 871 2213 ad
886 2186 1070 2222 postremam

244 2232 274 2260 et
289 2230 423 2259 secunda.
442 2230 482 2259 ad
488 2230 648 2264 decimam,
657 2228 988 2258 itaetiamindividuum
998 2228 1071 2256 illud

243 2275 329 2313 quod
344 2283 382 2304 ex
395 2275 558 2304 undecima
577 2276 774 2311 temperatum
790 2275 834 2302 est
843 2281 938 2310 usque
949 2273 989 2301 ad
998 2273 1072 2301 illud

244 2319 329 2357 quod
344 2321 390 2349 est
401 2327 439 2348 ex
453 2320 560 2356 prima.
573 2321 741 2348 Hocautem
753 2326 914 2347 commune
928 2318 1072 2347 estunde-
1090 2338 1111 2366 Β

244 2365 314 2394 cim.
328 2365 482 2394 Secundus
492 2364 612 2402 quidem
625 2363 665 2392 ab
682 2363 740 2391 hoc
754 2362 829 2392 ordo
849 2363 900 2390 sed
919 2363 1071 2391 universo-

244 2417 310 2439 rum
317 2412 416 2439 sextus
422 2410 533 2438 deinde
539 2408 797 2445 consequitur,qui
805 2408 944 2436 eamdem
950 2416 1072 2445 quoque

244 2455 310 2493 ipse
316 2455 542 2492 permutationis
547 2453 752 2490 proprietatem
759 2453 992 2489 retinetexcepta
999 2453 1072 2481 duo-

243 2507 313 2529 rum
319 2500 457 2529 detribus
464 2498 704 2535 transpositione,
717 2498 733 2525 ὸ
745 2506 769 2526 c.
779 2498 815 2533 ef
823 2506 840 2533 ῃ
848 2498 867 2526 Ιι
884 2499 888 2533 |
906 2498 922 2525 Ι)
929 2506 953 2526 c.
966 2498 1006 2533 ef
1017 2506 1035 2533 g
1052 2499 1056 2533 |

246 2542 914 2581 bc.efh|bc.fgh|bc,ghs|bc.e/‘|
941 2543 1055 2579 be.fq|

245 2589 387 2625 bc.gh|
405 2588 529 2624 bc.hf|
547 2587 596 2615 (1c.
615 2587 658 2615 he
675 2587 679 2623 1
696 2587 745 2616 ὀρ.
762 2588 828 2624 eh]
853 2587 1071 2624 queedifferunt

242 2633 488 2670 transpositioue.
511 2633 544 2661 Ut
555 2632 634 2661 enim
643 2640 741 2669 prima
754 2641 784 2661 se
795 2633 886 2661 habet
899 2633 938 2661 ad
953 2635 1069 2669 postre-

243 2684 329 2707 mam
348 2680 376 2706 et
392 2677 525 2706 secunda
540 2677 580 2706 ad
592 2677 752 2713 decimam,
763 2678 805 2706 ita
817 2678 906 2706 etiam
919 2677 1069 2706 contrario

243 2721 350 2751 ordine
355 2721 545 2750 individuum
554 2721 625 2751 illud
633 2722 713 2759 quod
720 2730 757 2750 ex
763 2723 924 2751 undecima
929 2724 1070 2759 tempera-

242 2767 309 2795 tum
323 2768 367 2796 est
379 2765 418 2796 ad
429 2765 503 2794 illud
510 2774 606 2804 usque
617 2767 699 2804 quod
716 2769 761 2796 est
772 2775 808 2796 ex
814 2767 922 2804 prima.
939 2770 999 2795 Hoc
1013 2774 1069 2795 au-

1106 261 1952 299 γιξθβγξοβγηθιβγιξβ

1105 306 1954 345 γξηβνηθβγθξβγθεβγε

1107 362 1122 381 η
1151 351 1178 379 αἳ
1204 350 1360 389 διαφέρουσι
1390 356 1421 389 τῇ
1451 353 1598 389 μεταθέσει.
1626 353 1701 379 Καθὰ
1726 353 1777 389 γὰρ
1807 353 1823 382 ἠ
1851 355 1951 389 πρώτη

1106 399 1172 434 πρὸς
1199 400 1246 427 τὴν
1270 398 1400 431 ὑστάτην,
1434 398 1449 427 ἣ
1478 399 1494 427 ἠ
1524 396 1635 435 δευτῦρα
1655 399 1723 434 πρὸς
1742 399 1789 427 τὴν
1816 395 1951 433 δεκάτην,

1107 441 1176 468 οὕτω
1216 440 1250 471 δὴ
1280 443 1325 468 καὶ
1348 443 1378 468 τὸ
1405 440 1433 468 ἐκ
1458 445 1508 473 τῆς
1547 440 1685 473 ἑνδεκάτης
1721 442 1816 479 κραθεν
1847 442 1953 478 ἄτομον

1107 486 1234 514 ἀνάπαλιν
1253 497 1260 504 ·
1277 486 1324 518 ἕως
1342 490 1388 513 τοῦ
1421 485 1449 513 ἐκ
1464 490 1510 517 τῆς
1536 489 1644 523 πρώτης
1668 497 1675 503 -
1705 490 1783 514 τοῦτο
1804 484 1835 513 δε
1860 488 1953 513 κοινὸν

1107 534 1217 558 καὶτῶν
1250 529 1353 559 ἕνδεκα.
1377 533 1449 558 Μετὰ
1467 530 1497 557 δι
1522 533 1618 561 ταύτην
1640 533 1655 561 ἡ
1683 534 1747 569 πρὸς
1771 534 1820 562 τήν
1838 535 1952 569 πρώτην

1108 577 1188 606 αὐτὴς
1201 578 1288 613 τρίτη,
1315 574 1413 612 ἑϐδόμη
1432 574 1462 602 δέ
1474 585 1503 611 ’γε
1521 580 1570 602 τῶν
1596 576 1670 612 ὅλων,
1694 577 1709 605 ἡ
1740 580 1778 612 τῷ
1805 576 1878 613 αὐτῷ
1900 575 1951 603 καὶ

1108 621 1173 649 αὐτὴ
1209 619 1335 657 ἰδιώματι
1374 620 1508 657 βαίνουσα
1532 620 1604 651 ἐκτὸς
1627 625 1675 652 τῆς
1701 625 1752 647 τῶν
1788 619 1839 648 δύο
1866 630 1949 658 μετι-

1110 666 1952 702 οέοεωςαγεζηθαονεςηασγεζθα

1108 710 1440 746 γζηθαγηθ
1492 710 1682 746 εαγες
1728 710 1946 746 αγζηα

1109 755 1351 790 γηθαγθ
1391 753 1950 791 ζαγθεαγεη,αἱδιαφὶσ

1111 808 1188 837 ρουσι
1230 802 1261 835 τῇ
1291 799 1436 835 μεταθέσει.
1468 799 1543 825 Καθὰ
1567 800 1618 835 γὰρ
1646 800 1661 829 ὴ
1690 801 1781 836 πρώτη
1807 800 1872 837 πρὸς
1897 801 1952 828 τήν

1112 844 1239 878 ὑστάτην,
1268 843 1282 872 ἦ
1310 844 1324 872 η
1359 842 1468 879 δευτέρα
1495 843 1561 880 πρὸς
1583 846 1630 873 τὴν
1656 841 1780 878 δεκάτην,
1814 844 1884 871 οὕτω
1911 842 1950 874 δή

1201 890 1228 914 τὸ
1256 887 1283 914 ἔκ
1327 891 1372 918 τῆς
1405 886 1543 919 ἀνδεκάτης
1572 889 1666 926 κραθὲν
1694 889 1792 926 ἄτομον
1818 888 1952 915 ἀνάπαλιν

1114 934 1161 964 ἕως
1175 936 1221 959 τοῦ
1238 932 1265 959 ix
1292 937 1339 964 τῆς
1362 936 1479 969 πρώτης,
1510 937 1587 960 τοῦτο
1612 933 1641 960 δὲ
1663 935 1747 960 κοινὸν
1775 935 1822 960 καὶ
1835 937 1889 961 τῶν
1910 933 1954 961 ἶν-

1115 977 1189 1004 δεκα.
1220 978 1292 1004 Μιτὰ
1326 975 1355 1003 δε
1394 978 1491 1007 ταύτην
1516 980 1563 1007 τὴν
1589 978 1662 1010 τάξιν
1688 978 1763 1016 ἑτέρα
1794 978 1872 1010 τάξις
1896 982 1952 1005 τῶν

1116 1024 1259 1058 συζυγιῶν,
1293 1025 1360 1058 τρεῖς
1398 1025 1443 1048 καὶ
1480 1022 1545 1052 αὐτὴ
1573 1024 1675 1059 ἲχονσα
1699 1023 1794 1057 τάξεις,
1825 1023 1866 1054 αἷς
1890 1022 1952 1050 ἕστε

1114 1071 1165 1093 τῶν
1185 1069 1318 1104 τεσσάρων
1347 1068 1391 1103 μὲν
1417 1069 1463 1093 σὺν
1488 1068 1577 1104 ὑφέσει
1602 1067 1725 1104 ἐναλλαγή
1755 1068 1801 1099 ἕως
1831 1067 1950 1103 δυάδος,

1115 1116 1165 1139 τῶν
1182 1110 1212 1138 δὲ
1233 1116 1311 1149 τριῶν
1334 1113 1435 1148 ὕφεσις,
1463 1116 1513 1138 τῶν
1543 1111 1601 1146 δύο,
1626 1116 1672 1139 τοῦ
1696 1113 1750 1144 ἑνὸς
1777 1111 1807 1140 δέ
1823 1123 1854 1150 γε
1878 1112 1953 1140 ἔναλ-

1116 1156 1194 1192 λαγή,
1220 1156 1251 1183 Αἱ
1277 1156 1371 1189 τάξεων
1395 1158 1479 1189 τάζεις
1507 1160 1552 1184 καὶ
1579 1158 1706 1194 συζυγίαι
1736 1158 1763 1183 αἱ
1789 1159 1819 1184 τὸ
1849 1157 1876 1185 il
1901 1159 1953 1195 μὶν

1118 1201 1144 1227 ἐκ
1167 1205 1216 1227 τῶν
1240 1206 1317 1239 τριῶν
1339 1203 1452 1238 ἔχουσαι
1480 1201 1507 1228 ἔκ
1532 1201 1561 1230 δί
1589 1207 1638 1229 τῶν
1663 1203 1798 1241 τεσσάρων
1824 1203 1859 1230 τὰ
1886 1204 1953 1230 τεσ-

1120 1248 1245 1284 σαρα,τὰ
1260 1249 1328 1283 τρία,
1348 1248 1381 1273 τὰ
1400 1245 1460 1279 δύο,
1491 1247 1520 1277 ἃς
1546 1245 1593 1274 διὰ
1618 1251 1668 1273 τῶν
1692 1248 1852 1284 μεταθέσεων
1879 1246 1955 1274 ἄναλ-

1120 1291 1168 1323 λὰξ
1180 1292 1230 1323 θεὶς
1246 1292 1359 1329 εὑρήσω,
1386 1291 1410 1318 ἐν
1435 1295 1484 1329 μιᾷ
1516 1291 1612 1329 ἑκάστῃ
1645 1292 1716 1324 τάξει
1743 1290 1837 1321 ἕνδεκα
1864 1295 1953 1326 συζυ-

1119 1382 1179 1409 tem
1198 1381 1340 1409 undecim
1351 1389 1512 1410 commune
1523 1382 1576 1410 est.
1591 1382 1674 1410 Hunc
1713 1381 1907 1419 consequitur
1929 1390 1952 1411 α

1119 1425 1218 1462 primo
1233 1425 1324 1462 hujus
1330 1426 1446 1461 generis
1454 1426 1568 1462 tertius,
1579 1427 1792 1455 universorum
1804 1425 1947 1464 septimus

1119 1471 1171 1507 qui
1178 1478 1212 1498 ex
1216 1473 1302 1507 cepta
1309 1470 1439 1499 duorum
1447 1471 1677 1507 transpositioue
1685 1471 1821 1500 eamdem
1827 1478 1948 1508 permu-

1119 1515 1238 1544 tationis
1264 1515 1477 1552 proprietatem
1511 1516 1627 1550 retinet,
1642 1523 1662 1544 a
1676 1523 1702 1549 c,
1718 1523 1734 1545 e
1744 1516 1766 1551 f
1775 1524 1794 1552 g
1807 1516 1828 1545 Ιι
1853 1517 1859 1552 |
1891 1524 1911 1545 a
1923 1523 1953 1545 c.

1119 1560 1940 1598 efglac.efg|ac.fgh|ac.ghe|ac.ghe|

1120 1605 1941 1643 ac,ef|ac.fg|acgh|acht|ac,he|ac.eg|

1086 1656 1106 1682 ο
1121 1656 1189 1685 quea
1205 1649 1437 1685 transpositione
1452 1649 1603 1678 differunt.
1615 1651 1650 1678 Ut
1660 1650 1739 1679 enim
1748 1649 1843 1686 prima
1850 1657 1884 1678 se
1893 1649 1958 1679 ha-

1119 1693 1170 1721 bet
1181 1693 1220 1721 ad
1235 1695 1419 1730 postremam
1435 1696 1486 1722 aut
1500 1694 1634 1723 secunda
1649 1695 1689 1723 ad
1718 1694 1876 1730 decimam,
1909 1694 1958 1724 ita

1120 1739 1210 1767 etiam
1223 1740 1327 1767 contra
1342 1739 1415 1767 illud
1429 1739 1619 1767 individuum
1633 1739 1717 1776 quod
1732 1747 1769 1768 ex
1787 1739 1958 1768 undicemn.

1121 1785 1314 1819 temperatum
1322 1785 1366 1811 est
1374 1783 1491 1812 adillud
1497 1792 1594 1820 usque
1600 1785 1683 1820 quod
1689 1783 1958 1821 estexprimaﬁoc

1121 1830 1222 1856 autem
1233 1827 1372 1855 undecim
1389 1835 1550 1856 commune
1578 1830 1631 1856 est.
1655 1830 1740 1857 Hunc
1756 1828 1959 1865 consequitur

1122 1871 1198 1900 alius
1207 1872 1454 1908 conjugatiouum
1463 1873 1537 1901 ordo
1548 1873 1600 1909 qui
1610 1873 1701 1902 etiam
1717 1873 1781 1910 ipse
1792 1875 1852 1902 tres
1860 1872 1961 1902 habet

1122 1917 1243 1945 ordines
1256 1917 1287 1945 in
1302 1917 1413 1954 quibus
1428 1919 1559 1954 quatuor
1570 1920 1780 1954 permutantur
1793 1920 1822 1946 et
1830 1917 1958 1947 subtra-

1122 1962 1236 1990 huntur
1249 1969 1346 1997 usque
1361 1962 1400 1989 ad
1411 1961 1482 1995 duo,
1503 1962 1541 1990 de
1556 1962 1651 1990 tribus
1663 1970 1735 1991 vero
1752 1962 1815 1991 duo
1835 1962 1960 1992 subtra-

1122 2006 1235 2034 huntur
1249 2008 1278 2034 et
1291 2014 1386 2034 unum
1400 2008 1595 2042 permutatur.
1606 2007 1662 2040 Qui
1672 2007 1814 2036 ordinum
1823 2009 1898 2036 sunt
1906 2015 1958 2036 or-

1124 2050 1210 2079 dines
1229 2052 1258 2079 et
1271 2051 1338 2087 conj
1343 2051 1499 2087 ugationes
1506 2051 1680 2088 habentque
1689 2052 1727 2080 de
1736 2051 1832 2080 tribus
1846 2059 1952 2085 unum,

1124 2095 1162 2123 de
1169 2098 1384 2131 quatuorvero,
1392 2098 1531 2132 quatuor,
1541 2096 1608 2131 tria,
1618 2096 1690 2130 duo,
1699 2096 1813 2133 quibus
1820 2096 1959 2126 vicissim

1124 2140 1302 2176 permutatis
1308 2140 1456 2176 reperiam
1464 2140 1495 2169 in
1502 2149 1688 2178 unoquoque
1696 2141 1801 2170 ordine
1811 2141 1959 2170 undecim

1126 2184 1362 2220 conjugationes.
1376 2185 1430 2218 Qui
1440 2185 1564 2222 quidem
1576 2188 1622 2214 est
1640 2185 1757 2222 primus
1774 2185 1852 2214 ordo
1863 2186 1961 2222 huius

1127 2229 1254 2264 generis,
1265 2231 1389 2258 octavus
1400 2238 1472 2258 vero
1484 2230 1695 2259 universorum
1705 2233 1760 2266 est,
1770 2238 1789 2259 a
1799 2238 1815 2259 e
1822 2231 1840 2266 f
1851 2239 1872 2267 g
1903 2230 1926 2260 Ιε
1940 2233 1948 2267 Ι

1127 2274 1205 2308 aefg
1229 2274 1233 2308 I
1261 2275 1704 2311 afghlaefglaghelaefl
1727 2275 1962 2312 afglaahla

1129 2318 1167 2352 hf
1186 2319 1189 2354 |
1210 2319 1271 2346 ahe
1298 2319 1302 2354 |
1325 2326 1386 2354 aeg
1410 2319 1415 2353 |
1437 2318 1913 2357 quaediﬁ‘erunttrauspositione.
1927 2321 1962 2349 Ut

1127 2363 1206 2391 enim
1216 2363 1314 2400 prima.
1325 2371 1356 2391 se
1367 2363 1457 2392 habet
1468 2364 1507 2392 ad
1516 2366 1700 2400 postremam
1712 2367 1764 2393 aut
1773 2364 1959 2394 secundum!

1127 2408 1287 2442 decimam,
1303 2408 1344 2436 ita
1359 2410 1462 2437 contra
1477 2408 1549 2437 illud
1561 2409 1749 2438 individuum
1759 2408 1844 2446 quod
1856 2417 1959 2439 exun-

1126 2454 1244 2482 decima
1258 2455 1456 2490 temperatum
1471 2456 1524 2489 est,
1541 2454 1580 2482 ad
1597 2454 1671 2482 illud
1697 2462 1795 2491 usque
1815 2454 1905 2491 quod
1914 2457 1962 2484 est

1126 2507 1162 2527 ex
1174 2499 1345 2535 prima.Hoc
1352 2502 1452 2528 autem
1463 2507 1625 2528 commune
1636 2500 1727 2529 etiam
1741 2502 1788 2529 est
1801 2499 1960 2530 undecim.

1128 2544 1283 2572 Secundus
1293 2544 1332 2572 ab
1347 2544 1405 2572 hoc
1419 2544 1525 2573 ordine
1535 2545 1728 2581 consequitur
1737 2545 1823 2579 ordo,
1836 2545 1964 2575 univer-

1126 2596 1228 2616 sorum
1241 2596 1352 2622 nonus,
1363 2589 1416 2625 qui
1429 2589 1459 2617 in
1466 2596 1629 2626 progressu
1639 2589 1779 2618 eamdem
1789 2590 1964 2627 proprieta-

1125 2632 1186 2660 tem
1196 2633 1312 2666 retinet,
1326 2636 1449 2670 excepta
1461 2634 1550 2662 unius
1560 2634 1801 2670 transpositione.
1813 2634 1916 2671 befgh
1941 2636 1948 2673 |

1128 2677 1698 2715 befylbfghlbgheibefhlbefl
1724 2679 1962 2717 bfalbehlb

1128 2722 1163 2757 Μ
1176 2722 1180 2757 Ι
1198 2722 1214 2750 b
1229 2722 1265 2751 he
1281 2722 1284 2759 |
1302 2722 1318 2749 b
1338 2730 1370 2758 eg
1388 2724 1393 2758 |
1422 2731 1491 2759 quae
1506 2724 1738 2760 trauspositione
1750 2723 1904 2753 differunt.
1926 2726 1963 2755 Ut

1129 2766 1209 2796 enim
1226 2775 1258 2795 se
1270 2767 1362 2796 habet
1375 2768 1473 2804 prima
1480 2769 1654 2805 conjugatio
1660 2769 1699 2799 ad
1705 2771 1894 2807 postremam
1907 2772 1963 2800 aut

280 2829 321 2866 (Ι)
337 2828 432 2859 Hicin
447 2828 553 2860 amco
565 2830 753 2861 desideratur
767 2840 784 2857 ι
796 2830 815 2867 β
828 2831 843 2862 ζ
852 2839 869 2859 η
886 2830 1000 2867 equare
1008 2829 1098 2860 etiam
1110 2829 1287 2860 addendum
1299 2837 1318 2860 α
1327 2830 1343 2858 b
1356 2832 1402 2868 fg
1418 2831 1437 2861 h
1450 2833 1483 2861 ut
1497 2831 1556 2861 sint
1563 2831 1705 2862 undecim
1715 2831 1961 2870 coniugationem
