4130 6402
312 385 447 442 1305

1193 381 1550 439 ΤΗΕΟΒΟΒΙ
1588 378 1635 436 II
1673 379 1809 439 IMP.
1851 382 1943 438 DE
1982 381 2444 441 COMMUNIONE
2472 362 2846 442 NATURALI.

3594 392 3732 450 1306

304 512 445 581 φίας,
476 506 598 564 ὧνή
631 510 812 580 πρώτη
853 504 1002 567 τάξις
1054 507 1270 575 τούτων,
1331 502 1496 578 ὀγδόη
1549 503 1609 561 δὲ
1666 514 1766 560 τῶν
1811 506 1957 576 ὅλων,
1992 510 2040 563 Α
2070 516 2170 560 τῶν
2208 514 2383 581 τριῶν.
2440 510 2505 560 Αἱ
2553 507 2744 571 τάξεων
2793 507 2964 573 ταξεις
3016 513 3105 563 καὶ
3164 509 3420 583 συζυγίαι
3468 513 3522 566 αἱ
3574 517 3633 568 τὸ
3683 516 3731 569 ἓν

305 595 1962 658 ἔπινήαεζηθαεζηαζηθᾶε

305 684 1962 749 ζθαηθεαεζαζηαηθαθ

305 775 339 837 ζ
420 794 454 827 α
530 776 557 827 θ
631 791 652 826 ε
728 792 762 826 οι
841 791 863 826 ε
944 793 974 831 η
1053 773 1107 826 αἲ
1171 770 1482 848 διαφέρουσι
1535 782 1599 849 τῇ
1659 777 1954 849 μεταθέσει.

306 866 458 921 καιθά
493 866 596 937 γὰρ
631 865 658 921 ὃ
700 869 881 938 πρώτη
929 867 1062 939 πρὸς
1107 868 1202 923 τὴν
1254 866 1506 930 ὑστάτην,
1567 866 1596 926 ἢ
1657 868 1688 925 ἠ
1749 863 1967 942 δευτέρα

304 958 437 1028 πρὸς
475 957 571 1012 τὴν
603 949 845 1019 δεκάτην,
880 952 1015 1006 οὑτω
1067 950 1136 1027 δῇ
1191 959 1281 1006 καὶ
1337 958 1397 1007 τὸ
1427 954 1485 1007 ἐκ
1532 964 1628 1017 τῆς
1686 952 1966 1019 ἑνδεκάτης

307 1045 492 1119 κραθὶν
572 1044 765 1115 ἄτομον
840 1040 1090 1095 ἀνάπαλιν
1147 1044 1237 1105 ἕως
1294 1050 1385 1097 τού
1436 1043 1491 1097 ἐκ
1542 1052 1634 1107 τῆς
1683 1051 1891 1119 πρώτης
1949 1067 1964 1083 ο

307 1140 456 1187 τοῦτο
512 1130 573 1186 δε
623 1135 793 1186 κοινὸν
846 1136 937 1185 καὶ
988 1140 1089 1186 τῶν
1137 1130 1341 1190 ἕνδεκα.
1390 1137 1536 1189 Μετὰ
1584 1132 1642 1188 δε
1701 1138 1897 1195 ταύτην
1932 1137 1961 1195 ἠ

303 1225 500 1286 ταύτης
539 1219 775 1296 δευτέρα,
814 1220 992 1281 ἕννάτη
1053 1219 1112 1275 δε
1165 1242 1223 1296 γε
1263 1231 1361 1276 τῶν
1417 1224 1562 1294 ὅλων,
1625 1226 1655 1284 ἠ
1710 1232 1783 1296 τῷ
1826 1225 1967 1297 αύτῷ

306 1318 397 1369 καὶ
432 1313 565 1372 αὑτὴ
611 1310 861 1384 ἰδιώματι
919 1312 1182 1385 βαίνουσα
1233 1312 1373 1375 ἐκτὸς
1423 1323 1518 1377 τῆς
1572 1321 1665 1367 τοῦ
1718 1315 1826 1378 ἐνὸς
1878 1334 1969 1389 με·

303 1401 1964 1478 ταθέσιωςβεξηθβιξηβζηθβη

307 1496 335 1547 θ
413 1491 449 1565 β
524 1493 552 1545 θ
628 1492 660 1553 ζ
727 1490 764 1565 β
851 1493 879 1545 θ
947 1510 969 1545 ε
1023 1490 1059 1564 β
1139 1491 1342 1550 εηαῖ
1410 1489 1722 1567 διαφέρουσι
1770 1500 1832 1566 τῇ
1880 1512 1967 1566 με-

303 1584 532 1638 ταθέσει.
606 1583 757 1636 Καθὰ
802 1583 904 1657 γὰρ
959 1584 990 1640 ἠ
1050 1586 1231 1654 πρώτη
1288 1585 1420 1656 πρὸς
1479 1588 1574 1641 τὴν
1625 1584 1878 1655 ὑστάτην,
1933 1585 1963 1645 ἣ

304 1675 336 1733 ἡ
373 1669 593 1747 δευτὶρα
636 1674 760 1746 πρὸς
784 1676 879 1731 την
937 1667 1185 1743 δεκάτην,
1235 1672 1371 1725 οὑτω
1430 1669 1497 1733 δὴ
1540 1677 1629 1726 καὶ
1680 1676 1739 1726 τὸ
1784 1672 1839 1726 ἐκ
1872 1680 1969 1737 τῆς

307 1759 589 1825 ἱνδεκάτης
661 1762 846 1835 κραθὲν
902 1762 1095 1833 ἄτομον
1168 1759 1419 1814 ἀνάπαλιν
1489 1763 1583 1823 ἕως
1624 1770 1719 1816 τοῦ
1772 1762 1827 1815 ἐκ
1873 1772 1968 1826 τῆς

300 1857 512 1926 πρώτης

300 1944 497 1999 ταύτην
547 1943 577 2000 ἡ
637 1944 767 2014 πρὸς
822 1945 917 2000 τήν
968 1941 1129 2003 αὑτῆς
1184 1945 1357 2016 τρίτη,
1409 1938 1604 2001 δεκάτη
1651 1938 1712 1996 δέ
1757 1962 1815 2016 7s
1864 1950 1965 1996 τῶν

302 2030 450 2098 ὅλων,
483 2032 514 2089 ἠ
546 2037 621 2102 τῷ
657 2030 799 2101 αύτῷ
852 2034 944 2082 καὶ
1003 2030 1133 2089 αύτὴ
1197 2026 1446 2102 ἰδιώματι
1500 2029 1763 2104 βαίνουσα
1817 2030 1966 2095 ἐκτὸς

304 2125 403 2181 τῆς
473 2125 566 2171 τοῦ
653 2117 761 2181 ἰνὸς
818 2119 1143 2190 μεταθέσεως
1193 2138 1227 2189 7
1281 2137 1302 2172 ε
1358 2119 1392 2180 ζ
1465 2138 1495 2178 η
1549 2120 1576 2172 θ
1627 2139 1661 2190 7
1700 2137 1722 2172 ε
1769 2122 1797 2182 ζ
1850 2138 1881 2178 η
1929 2140 1963 2191 7

310 2208 1966 2281 ζηθγεζθγηθεγεζγ

312 2295 1969 2371 ξηγηθγθξγθεγεηαῖδιαφέ-

308 2406 463 2460 ρουσι
502 2394 565 2459 τῇ
624 2388 916 2460 μεταθέσει.
983 2388 1131 2440 mea
1197 2388 1299 2461 γὰρ
1356 2390 1386 2447 ἡ
1472 2393 1649 2463 πρώτη
1695 2391 1825 2464 πρὸς
1871 2392 1966 2447 τὴν

306 2477 540 2534 ὑστάτην
570 2496 582 2510 ·
626 2476 657 2534 ἣ
721 2478 751 2534 ἠ
809 2472 1029 2551 δευτέρα
1067 2478 1199 2549 πρὸς
1246 2480 1340 2536 τὴν
1407 2473 1654 2547 δεκάτην,
1712 2476 1845 2530 οὑτω
1896 2475 1963 2537 δὴ

303 2568 395 2619 καὶ
472 2567 530 2618 τὸ
615 2563 671 2618 ἐκ
750 2572 841 2626 τῆς
899 2562 1175 2626 ἑνδεκάτης
1230 2568 1418 2642 κραθὲν
1473 2568 1665 2640 ἄτομον
1717 2565 1966 2620 ἀνάπαλιν

306 2656 400 2717 ἕως
459 2661 548 2707 τοῦ
603 2652 657 2706 ἔκ
708 2662 804 2716 τῆς
868 2660 1073 2725 πρώτης
1119 2676 1132 2689 ·
1183 2662 1336 2709 τοῦτο
1399 2652 1460 2710 δὲ
1505 2659 1675 2710 κοινὸν
1722 2662 1813 2711 καὶ
1867 2664 1967 2711 τῶν

304 2742 509 2800 ἕνδεκα.
564 2746 711 2798 Μετὰ
761 2741 821 2797 δε
874 2747 1068 2803 ταύτην
1120 2750 1215 2804 τὴν
1270 2745 1417 2809 τάξιν
1468 2746 1618 2822 ἑτέρα
1671 2748 1815 2811 τάξιν
1867 2756 1967 2800 τῶν

306 2835 592 2907 συζυγιῶν,
650 2841 791 2911 τρεῖς
845 2840 934 2889 καὶ
997 2836 1128 2895 αύτὴ
1206 2839 1409 2908 ἔχουσα
1466 2837 1653 2903 τάξεις,
1714 2838 1800 2901 αἷς
1856 2837 1967 2891 ἔστι

302 2932 407 2978 τῶν
481 2943 536 2978 τε
616 2932 773 2998 τριῶν
826 2929 917 2977 καὶ
977 2933 1076 2977 τῶν
1134 2927 1403 3001 τεσσάρων
1458 2925 1728 2999 mum,
1790 2927 1967 3000 ὕφεσις

314 3009 375 3068 δε
406 3011 461 3065 ἔκ
508 3014 598 3087 μεν
645 3021 743 3066 τῶν
792 3021 948 3090 τριῶν
1000 3023 1100 3067 τῶν
1154 3011 1271 3083 δύο,
1326 3014 1381 3068 ἐκ
1436 3012 1496 3070 δὲ
1543 3024 1643 3070 τῶν
1698 3018 1967 3091 τεσσάρων

2071 599 2161 670 μὶν
2223 595 2276 648 ἐκ
2333 604 2433 649 τῶν
2511 605 2667 671 τριῶν
2723 600 2972 671 ἔχουσαι,
3050 601 3302 663 ὡσαύτως
3367 605 3456 655 καὶ
3520 603 3577 656 ἐκ
3630 612 3731 657 τῶν

2072 686 2340 761 τεσσάρων
2415 687 2474 738 τὸ
2544 685 2613 752 ἓν,
2695 686 2757 748 ἃς
2836 685 2930 741 διὰ
2983 696 3082 741 τῶν
3149 691 3468 761 μεταθέσεων
3517 690 3733 757 ἐναλλὰξ

2076 779 2181 840 θεὶς
2209 778 2413 851 εὑρήσω
2466 775 2514 829 ἐν
2545 782 2643 850 μιᾷ
2696 778 2890 853 ἑκάστῃ
2945 780 3087 842 τάξει
3139 783 3400 855 τέσσαρας
3454 787 3727 856 συζυγίας,

2073 867 2198 926 ὧνή
2231 871 2412 941 πρώτη
2441 866 2589 930 τάξις
2626 871 2841 936 τούτων,
2901 865 3147 928 ἑνδεκάτη
3208 867 3268 924 δέ
3322 890 3383 943 7s
3428 880 3528 925 τῶν
3580 873 3727 946 ὅλων,

2076 959 2213 1011 ἔστιν
2296 976 2330 1009 α
2413 976 2435 1010 ε
2513 976 2548 1010 α
2625 957 2658 1020 ζ
2724 979 2757 1012 α
2830 978 2861 1017 η
2939 980 2973 1012 α
3049 961 3076 1013 θ
3144 960 3200 1013 αἱ
3282 957 3592 1036 διαφέρουσι
3662 972 3726 1039 τῇ

2075 1048 2366 1120 μεταθέσει.
2448 1047 2595 1100 Καθά
2667 1049 2770 1122 γὰρ
2820 1050 2849 1107 ἡ
2892 1054 3074 1123 πρώτη
3132 1052 3264 1124 πρὸς
3308 1054 3402 1110 τὴν
3460 1048 3727 1121 δευτέραν,

2077 1136 2107 1196 ἦ
2168 1137 2197 1194 ἠ
2255 1140 2406 1209 τρίτη
2464 1138 2595 1212 πρὸς
2650 1140 2745 1195 τήν
2801 1138 3054 1206 ὑστάτην,
3110 1139 3245 1197 οὕτω
3288 1136 3356 1198 δὴ
3419 1145 3507 1194 καὶ
3563 1144 3622 1195 τὸ
3676 1141 3731 1195 ἐκ

2076 1231 2168 1284 τῆς
2228 1224 2462 1287 ὑστάτης
2538 1227 2723 1298 κραθὲν
2800 1227 2993 1299 ἄτομον
3071 1225 3120 1279 ἰν
3208 1225 3555 1303 ἁναποδισμῷ
3639 1231 3731 1295 ἓως

2076 1319 2170 1367 τοῦ
2248 1311 2303 1366 ἐκ
2379 1321 2471 1377 τῆς
2523 1319 2731 1387 πρώτης
2787 1314 2982 1388 ἀτόμου
3040 1319 3316 1391 κραθέντος
3373 1339 3386 1352 ·
3442 1323 3532 1371 καὶ
3576 1327 3731 1375 τοῦτο

2076 1410 2176 1456 τῶν
2232 1405 2487 1477 τεττάρων
2553 1408 2741 1460 κοινόν.
2806 1409 2952 1459 Μετὰ
3019 1403 3078 1459 δὲ
3134 1409 3327 1467 ταύτην
3375 1411 3405 1468 ἠ
3455 1411 3584 1484 πρὸς
3638 1414 3732 1470 τὴν

2075 1498 2288 1568 πρώτην
2338 1494 2531 1554 ταύτης
2582 1489 2820 1570 δευτέρα,
2872 1490 3148 1555 δωδεκάτη
3211 1493 3271 1549 δέ
3325 1517 3387 1569 γε
3431 1506 3532 1551 τῶν
3581 1498 3730 1571 ὅλων,

2075 1581 2107 1639 ἠ
2158 1588 2230 1653 τῷ
2295 1582 2438 1653 αύτῷ
2493 1586 2582 1635 καὶ
2639 1583 2767 1642 αύτη
2835 1579 3088 1657 ἰδιώματι
3141 1583 3421 1658 βαίνουσα,
3477 1584 3728 1661 ἒναλλαγῇ

2074 1687 2131 1722 τε
2202 1672 2292 1722 καὶ
2361 1672 2633 1742 μεταθέσει
2705 1669 2742 1745 β
2821 1690 2842 1725 ε
2922 1671 2959 1745 β
3040 1671 3073 1733 ξ
3157 1671 3193 1745 β
3286 1692 3318 1733 η
3418 1672 3454 1747 β
3552 1677 3580 1729 θ
3677 1674 3732 1728 αἳ

2075 1755 2388 1831 διαφέρουσι
2440 1766 2502 1832 τῇ
2562 1761 2852 1833 μεταθέσει.
2917 1762 3064 1816 Καθὰ
3119 1762 3221 1836 γὰρ
3276 1763 3306 1821 ἠ
3362 1768 3543 1838 πρώτη
3604 1768 3732 1839 πρὸς

576 1872 589 1885 ·
635 1859 789 1905 τοῦτο
841 1847 901 1905 δι
955 1855 1123 1903 κοινὸν
1171 1857 1261 1905 καὶ
1305 1861 1403 1905 τῶν
1454 1849 1657 1908 ἕνδεκα.
1717 1855 1858 1907 Μετὰ
1907 1849 1967 1907 δὲ
2004 1850 2168 1922 Βτήν
2222 1844 2487 1923 δευτέραν,
2554 1849 2583 1908 ἣ
2638 1850 2669 1907 ἡ
2743 1853 2892 1923 τρίτη
2948 1852 3078 1925 πρὸς
3132 1854 3227 1909 τὴν
3280 1851 3536 1921 ὑστάτην,
3595 1854 3730 1905 οὕτω

2075 1933 2144 1996 δὴ
2184 1940 2275 1989 καὶ
2312 1940 2371 1990 τὸ
2421 1935 2475 1989 ἰκ
2539 1945 2633 1997 τῆν
2680 1939 2913 2001 ὑστάτης
2968 1940 3156 2013 κραθεν
3207 1940 3399 2014 ἄτομον
3443 1939 3491 1994 ἰν
3546 1939 3735 1995 ἀναπο-

2076 2023 2255 2100 δισμῷ
2333 2026 2428 2089 ἕως
2475 2033 2568 2080 τοῦ
2617 2025 2673 2079 ἐκ
2718 2035 2810 2090 τῆς
2864 2034 3078 2102 πρώτης
3135 2028 3327 2102 ἀτόμοῦ
3378 2031 3652 2103 κραθέντος
3716 2052 3729 2067 ο

2074 2122 2164 2170 καὶ
2209 2135 2363 2171 τουτο
2409 2124 2510 2170 τῶν
2583 2120 2839 2192 τεττάρων
2885 2122 3075 2175 κοινόν.
3128 2121 3276 2174 Μετὰ
3331 2117 3391 2173 δε
3454 2123 3649 2181 ταύτην
3700 2124 3731 2181 ἡ

2073 2209 2203 2281 πρὸς
2275 2211 2370 2265 τὴν
2451 2212 2658 2277 πρώτην
2731 2207 2888 2270 αὐτῆς
2963 2212 3137 2284 τρίτη,
3195 2205 3610 2285 τρισκαιδεκάτῃ
3676 2206 3737 2263 δε

2074 2304 2175 2348 τῶν
2225 2294 2352 2349 ὅλων
2420 2300 2510 2349 καὶ
2569 2295 2798 2361 ὑστάτη,
2852 2299 2883 2357 ἠ
2939 2305 3013 2369 τῷ
3062 2298 3203 2369 αύτῷ
3259 2301 3345 2350 καὶ
3399 2299 3531 2358 αὑτὴ
3590 2295 3736 2353 ἰδιώ-

2074 2404 2204 2459 ματι
2273 2384 2536 2458 βαίνουσα
2605 2384 2853 2459 ἕναλλαγῇ
2939 2406 2994 2440 τε
3071 2391 3161 2439 καὶ
3227 2389 3497 2461 μεταθέσει
3553 2410 3587 2460 7
3636 2408 3659 2441 ε
3703 2410 3737 2464 7

2077 2475 2111 2537 ζ
2141 2496 2174 2548 7
2219 2495 2249 2535 η
2304 2496 2337 2550 7
2400 2478 2427 2530 θ
2481 2475 2535 2529 αἱ
2585 2473 2899 2550 διαφέρουσι
2958 2485 3020 2551 τῇ
3080 2479 3372 2551 μεταθεσει.
3433 2480 3584 2533 Καθὰ
3632 2481 3735 2554 γὰρ

2075 2567 2106 2626 ἠ
2156 2570 2336 2639 πρώτη
2420 2568 2552 2641 πρὸς
2623 2570 2719 2626 τὴν
2767 2563 3035 2640 δευτέραν,
3105 2567 3135 2625 ἣ
3180 2568 3211 2625 ἡ
3260 2571 3413 2642 τρίτη
3470 2571 3597 2642 πρὸς
3642 2573 3737 2628 τὴν

2075 2655 2332 2721 ὑστάτην,
2414 2654 2545 2708 οὑτω
2632 2651 2699 2714 δὴ
2778 2659 2869 2709 καὶ
2922 2658 2982 2708 τὸ
3039 2654 3095 2708 ἐκ
3124 2664 3215 2717 τῆς
3267 2658 3500 2719 ὑστάτης
3550 2659 3737 2732 κραθεν

2075 2745 2267 2818 ἄτομον
2299 2742 2347 2797 ἓν
2404 2739 2753 2816 ἀναποδισμῷ
2805 2746 2899 2806 ἕως
2951 2752 3043 2798 τοῦ
3098 2743 3154 2797 ἔκ
3206 2753 3304 2807 τῆς
3352 2750 3565 2819 πρώτης
3621 2745 3739 2799 ἀτό-

2075 2855 2176 2910 μου
2262 2835 2531 2909 κραθέντος
2611 2854 2624 2869 ο
2698 2838 2787 2887 καὶ
2871 2840 3025 2888 τοῦτο
3085 2842 3184 2887 τῶν
3236 2836 3493 2909 τεττάρων
3544 2839 3733 2893 κοινόν.

2075 2924 2311 2999 Ἔχουσι
2352 2928 2524 2978 τοίνυν
2555 2920 2643 2977 οὖν
2668 2924 2762 2987 ἕως
2808 2920 2964 2998 δεῦρο
3001 2925 3060 2977 τὸ
3094 2926 3261 2999 τερμα
3313 2928 3483 2977 πᾶσαι
3535 2926 3590 2976 αἱ
3635 2933 3736 2978 τῶν

2076 3022 2169 3069 τοῦ
2216 3014 2429 3088 λογικοῦ
2478 3014 2615 3076 ζώου
2672 3022 2838 3091 μερῶν
2900 3013 3172 3087 συζυγίαι,
3254 3012 3618 3087 ἀναφαίνονται
3676 3012 3737 3069 δε

315 3190 583 3248 secunda
611 3192 689 3250 ad
705 3191 1026 3260 decimam,
1045 3195 1128 3251 ita
1157 3194 1337 3251 etiam
1360 3199 1567 3253 contra
1592 3195 1739 3253 illud
1760 3196 1968 3253 indivi-
2005 3194 2046 3253 C
2077 3191 2564 3267 transpositione,
2599 3191 2673 3250 be
2712 3192 2722 3264 |
2767 3192 2800 3249 b
2822 3192 2859 3264 ί
2893 3192 2903 3265 Ι
2945 3191 3027 3263 bg
3066 3192 3076 3263 Ι
3143 3191 3221 3249 bh
3270 3192 3279 3262 Ι
3320 3207 3458 3266 quea
3489 3191 3736 3267 quidem

309 3279 505 3337 duum
530 3281 696 3354 quod
725 3297 797 3339 ex
819 3283 1144 3340 undecima
1174 3288 1575 3357 temperatum
1607 3290 1695 3343 est
1716 3286 1797 3343 ad
1821 3284 1969 3342 illud

309 3386 508 3444 usque
528 3373 696 3446 quod
726 3378 913 3431 estex
968 3374 1167 3446 prima
1208 3375 1560 3432 conﬂatum.
1595 3379 1715 3434 Hoc
1767 3382 1969 3433 autem

312 3474 636 3518 commune
666 3463 847 3519 etiam
869 3467 957 3520 est
999 3463 1305 3523 undecim.
1361 3465 1586 3521 Tertius
1642 3481 1679 3522 a
1701 3467 1969 3524 secundo

308 3550 492 3621 hujus
512 3551 745 3620 generis
766 3552 915 3608 ordo
937 3553 1344 3626 consequitur,
1381 3554 1798 3610 universorum
1815 3555 1970 3611 deci-

308 3657 448 3696 mus
473 3641 577 3713 qui
592 3641 652 3696 in
676 3656 997 3714 progressu
1009 3642 1287 3699 eamdem
1300 3644 1723 3717 proprietatem
1734 3645 1966 3712 retinet,

308 3729 1480 3804 exceptauniustranspositione:cefgh
1521 3733 1529 3804 ι
1581 3734 1723 3804 cefg
1763 3735 1772 3796 I
1815 3732 1969 3803 cfgh

340 3819 621 3889 lcefhl
679 3820 803 3889 cef
852 3822 861 3889 Ι
913 3820 1041 3891 c/‘g
1098 3822 1107 3891 Ι
1164 3822 1305 3891 egh
1366 3822 1590 3893 |chf|
1638 3821 1969 3892 chelceg

312 3922 449 3979 qua:
484 3908 948 3981 transpositione
979 3910 1287 3967 differunt.
1320 3913 1389 3967 Ut
1413 3910 1571 3966 enim
1600 3911 1800 3983 prima
1831 3926 1968 3967 con-

308 3995 539 4067 jugatio
571 4012 633 4053 se
662 3997 844 4054 habet
874 3998 950 4054 ad
982 3999 1257 4055 ultimam
1291 4005 1394 4056 aut
1419 4000 1686 4056 secunda
1706 4000 1784 4057 ad
1806 4000 1965 4056 deci-

310 4100 503 4153 mam,
535 4087 616 4143 ita
635 4088 815 4144 etiam
837 4093 1044 4145 contra
1097 4088 1243 4144 illud
1287 4089 1660 4145 individuum
1706 4088 1871 4163 quod
1896 4104 1970 4145 ex

307 4175 636 4233 undecima
656 4182 1056 4250 temperatum
1075 4184 1183 4245 est,
1209 4180 1286 4236 ad
1316 4179 1462 4235 illud
1486 4196 1678 4253 usque
1706 4180 1870 4253 quod
1897 4196 1969 4235 ex

310 4264 510 4338 prima
561 4266 891 4323 conﬂatum
936 4272 1042 4324 est.
1098 4271 1218 4325 Hoc
1259 4273 1460 4325 autem
1516 4284 1837 4325 commune
1881 4273 1971 4326 est

309 4353 495 4410 etiam
525 4355 830 4413 undecim.
872 4358 1038 4413 Hunc
1076 4359 1350 4415 ordinem
1391 4358 1779 4430 consequitur
1816 4357 1970 4414 alius

308 4445 810 4515 conjugationum
836 4447 1007 4516 ordo,
1027 4449 1131 4521 qui
1162 4450 1342 4505 etiam
1373 4449 1499 4522 ipse
1525 4454 1643 4503 tres
1679 4448 1970 4504 habetor-

308 4532 487 4588 dines
509 4532 569 4589 in
589 4534 812 4605 quibus
834 4534 945 4591 tria
960 4540 1016 4591 et
1035 4540 1295 4608 quatuor
1332 4540 1768 4610 permutantur,
1799 4552 1869 4593 ac
1895 4536 1969 4592 de

310 4623 504 4679 tribus
533 4622 782 4694 quidem
812 4624 934 4679 duo
967 4625 1424 4683 subtrahuntur.
1455 4627 1529 4682 de
1548 4630 1810 4699 quatuor
1828 4640 1970 4682 vero

316 4712 444 4768 tria.
473 4712 585 4778 Qui
616 4716 755 4769 sunt
798 4712 1080 4769 ordinum
1140 4715 1380 4770 ordines
1414 4720 1470 4771 et
1517 4715 1970 4785 conjugationes

316 4799 663 4874 habentque
685 4801 759 4858 de
798 4802 990 4859 tribus
1042 4819 1253 4869 unum,
1302 4804 1638 4878 eodemque
1685 4804 1868 4861 modo
1895 4803 1970 4859 de

312 4895 873 4963 quatuorunumae
914 4894 922 4965 |
965 4893 1090 4964 afl
1132 4908 1216 4963 ag
1257 4894 1266 4964 ι
1308 4893 1393 4950 ah
1434 4894 1442 4965 |
1492 4892 1971 4966 quaetransposi-

311 4978 477 5037 tione
498 4978 802 5037 differunt.
838 4984 905 5039 Ut
933 4983 1092 5038 enim
1120 4982 1315 5055 prima
1337 4982 1681 5053 conjugatio
1711 4997 1774 5037 se
1792 4980 1973 5038 habet

310 5068 395 5126 ad
426 5070 781 5141 secundam,
802 5075 905 5127 aut
934 5072 1103 5128 tertia
1133 5070 1210 5127 ad
1241 5075 1631 5144 postremam,
1672 5071 1754 5127 ita
1791 5070 1970 5127 etiam

310 5159 616 5215 contrario
629 5158 837 5216 ordine
853 5160 1230 5216 individuum
1248 5160 1391 5216 illud
1404 5161 1567 5233 quod
1583 5176 1653 5216 ex
1667 5165 1973 5233 postrema

308 5248 718 5319 temperatum
740 5249 934 5317 est,ad
952 5249 1098 5305 illud
1124 5265 1313 5323 usque
1334 5249 1499 5323 quod
1521 5266 1591 5304 ex
1615 5249 1812 5323 prima
1832 5265 1971 5305 con-

304 5334 525 5394 ﬂatum
554 5341 663 5394 est.
694 5342 884 5411 Atque
913 5337 1028 5395 hoc
1055 5338 1147 5395 his
1177 5346 1439 5411 quatuor
1494 5354 1816 5396 commune
1860 5343 1968 5397 est.

305 5425 624 5483 Secundus
653 5427 732 5483 ab
760 5428 877 5484 hoc
916 5427 1065 5485 ordo
1092 5428 1499 5502 consequitur,
1550 5429 1970 5485 universorum

304 5512 711 5572 duodecimus
738 5516 843 5590 qui
869 5516 929 5574 in
962 5533 1281 5592 progressu
1305 5519 1583 5576 eamdem
1604 5533 1848 5592 quoque
1871 5534 1968 5576 re-

305 5601 459 5661 tinet
486 5605 912 5679 proprietatem
957 5611 1080 5665 tam
1107 5607 1170 5665 in
1200 5609 1640 5681 permutatione
1670 5623 1858 5682 quam
1910 5608 1971 5664 in

2078 3282 2536 3356 conjugationes
2574 3281 3042 3354 transpositione
3097 3280 3404 3339 differunt.
3457 3284 3528 3340 Ut
3574 3282 3735 3340 enim

2076 3374 2276 3447 prima
2306 3387 2369 3429 se
2398 3370 2584 3429 habet
2602 3371 2681 3428 ad
2707 3370 3039 3427 secundam
3061 3373 3165 3428 aut
3188 3370 3360 3427 tertia
3389 3370 3468 3427 ad
3512 3373 3738 3445 postre-

2076 3480 2265 3533 mam,
2296 3464 2379 3520 ita
2403 3463 2581 3519 etiam
2594 3461 2945 3531 retrogrado
2974 3459 3737 3518 ordineindividuumillud

2076 3554 2240 3627 quod
2271 3568 2342 3610 ex
2372 3557 2680 3625 postrema
2704 3554 3107 3625 temperatum
3136 3554 3243 3619 est,
3268 3550 3347 3608 ad
3373 3550 3522 3608 illud
3538 3566 3735 3623 usque

2077 3642 2481 3711 individuum,
2512 3640 2679 3713 quod
2716 3644 2805 3697 est
2832 3655 2905 3695 ex
2949 3639 3145 3712 prima
3173 3637 3522 3710 conﬂatum,
3553 3643 3735 3712 atque

2075 3731 2192 3787 hoc
2218 3745 2542 3787 commuue
2569 3734 2658 3786 est
2683 3729 2779 3785 his
2833 3734 3115 3802 quatuor.
3155 3727 3376 3785 Tertius
3430 3727 3647 3784 deinde
3699 3743 3738 3786 a

2074 3820 2272 3891 primo
2284 3820 2465 3890 hujus
2478 3818 2711 3890 generis
2723 3817 2872 3874 ordo
2893 3817 3298 3891 consequitur,
3316 3815 3735 3874 universorum

2076 3907 2346 3963 decimus
2358 3907 2565 3963 tertius
2584 3911 2639 3964 et
2655 3906 2900 3962 ultimus
2916 3906 3097 3978 quiin
3113 3920 3437 3979 progressu
3454 3905 3734 3962 eamdem

2076 3997 2500 4070 proprietatem
2524 3996 2734 4053 retinet
2762 4000 2886 4053 tam
2911 3996 2970 4051 in
2993 3995 3430 4069 permutatione
3455 4011 3641 4068 quam
3672 3995 3734 4051 in

2074 4087 2562 4159 transpositione,
2594 4101 2669 4143 ce
2708 4086 2717 4158 |
2760 4086 2883 4157 ch
2930 4101 3010 4157 cg
3055 4085 3064 4157 Ι
3108 4085 3193 4141 ch
3234 4085 3243 4156 Ι
3289 4085 3459 4151 .Quae
3487 4083 3734 4156 quidem

2076 4175 2533 4247 conjugationes
2591 4173 3058 4246 transpositione
3115 4173 3414 4230 ditferunt.
3467 4175 3535 4229 Ut
3573 4173 3735 4229 enim

2076 4264 2277 4338 prima
2306 4282 2368 4321 se
2388 4263 2569 4321 habet
2588 4264 2665 4320 ad
2687 4264 3040 4332 secundam,
3063 4268 3167 4320 aut
3193 4262 3364 4320 tertia
3401 4262 3480 4319 ad
3505 4266 3734 4335 postre-

2076 4369 2266 4425 mam,
2294 4354 2375 4411 ita
2396 4354 2577 4410 etiam
2608 4353 2904 4409 contrario
2935 4352 3144 4408 ordine
3173 4352 3554 4408 individuum
3588 4351 3736 4408 illud

2076 4446 2241 4519 quod
2267 4461 2339 4502 ex
2363 4449 2669 4518 postrema
2688 4447 3085 4517 temperatum
3113 4448 3199 4499 est
3218 4443 3279 4498 in
3299 4443 3636 4499 reversione
3656 4444 3733 4514 (t)

2079 4551 2144 4591 se
2168 4534 2354 4591 habet
2373 4533 2453 4591 ad
2472 4533 2620 4590 illud
2640 4547 2835 4605 usque
2855 4531 3235 4589 individuum
3260 4532 3421 4604 quod
3446 4548 3520 4588 ex
3540 4533 3737 4605 prima

2077 4627 2479 4696 temperatum
2534 4626 2643 4678 est.
2696 4625 2887 4695 Atque
2939 4621 3056 4677 hoc
3105 4625 3365 4694 quatuor
3413 4636 3736 4677 commune

2078 4717 2184 4768 est.
2215 4714 2510 4768 Hactenus
2543 4710 3000 4782 conjugationes
3030 4710 3291 4784 partium
3329 4709 3607 4767 animalis
3644 4725 3735 4766 ra-

2077 4801 2237 4858 tione
2257 4802 2491 4874 praediti
2510 4800 2693 4857 ﬁnem
2716 4806 2772 4857 et
2793 4800 3117 4856 terminum
3146 4799 3392 4857 habent.
3416 4799 3530 4856 Sed
3552 4814 3737 4855 emer-

2080 4894 2229 4961 gunt
2249 4896 2464 4964 prteter
2496 4890 2956 4962 conjugationes
2985 4889 3320 4960 nonaginta
3338 4888 3490 4945 duas
3520 4892 3577 4945 et
3598 4888 3737 4944 sim-

2077 4980 2297 5054 plicem
2323 4982 2553 5051 septem
2581 4979 2713 5035 aliae
2742 4978 3194 5051 conjugationes
3236 4993 3372 5051 quae
3401 4976 3649 5050 quidem
3674 4992 3737 5033 1n

2078 5069 2302 5126 unitate
2323 5068 2450 5125 sola
2471 5068 2870 5125 intensionem
2898 5068 3140 5123 habent.
3182 5067 3407 5122 Idcirco
3450 5066 3565 5123 has
3597 5082 3737 5122 cum

2083 5158 2214 5216 aliis
2244 5174 2367 5215 non
2387 5159 2862 5225 numeravimus,
2896 5156 3186 5231 quoniam
3207 5156 3355 5212 ordo
3378 5157 3439 5212 in
3466 5155 3592 5212 istis
3614 5160 3739 5213 erat

2080 5248 2309 5305 ordinis
2338 5248 2729 5321 perturbatio.
2754 5250 2902 5303 Sunt
2922 5252 3123 5303 autem
3144 5246 3237 5302 hae
3265 5263 3278 5301 :
3302 5262 3358 5318 a,
3385 5261 3523 5301 cum
3544 5246 3738 5301 inten-

2082 5338 2247 5395 sione
2282 5354 2296 5406 ;
2331 5339 2383 5405 b,
2412 5354 2553 5394 cum
2582 5337 2915 5394 intensione
2950 5354 2962 5403 ;
3006 5352 3056 5404 c,
3093 5352 3228 5391 cum
3278 5335 3613 5392 intensione
3647 5351 3737 5405 ;e,

2081 5442 2219 5484 cum
2254 5428 2587 5484 intensione
2622 5429 2701 5497 ;f,
2725 5443 2862 5484 cum
2885 5426 3217 5482 intensione
3243 5444 3255 5495 ;
3281 5442 3340 5496 g,
3376 5441 3515 5481 cum
3544 5425 3738 5481 inten-

2082 5519 2249 5575 sione
2284 5534 2298 5583 ;
2331 5519 2389 5588 h,
2423 5533 2563 5574 cum
2600 5516 2956 5573 intensione.
3017 5518 3165 5573 Cum
3213 5519 3415 5572 autem
3445 5515 3580 5573 dico
3604 5531 3737 5574 cum

2080 5609 2433 5675 intensione,
2462 5606 2597 5663 dico
2636 5606 2815 5663 etiam
2874 5621 3006 5662 cum
3063 5605 3425 5663 remissione.
3483 5607 3739 5680 Utraque

382 5729 461 5804 (4)
492 5728 771 5790 Reditum
791 5746 830 5792 ιι
847 5734 1157 5807 postrema
1180 5731 1262 5794 ad
1280 5733 1543 5808 primam
1557 5733 1823 5809 appellat
1848 5733 2220 5807 revisionem,
2237 5731 2487 5807 perinde
2507 5746 2580 5791 ac
2609 5730 2660 5790 si
2687 5746 2723 5792 a
2752 5734 2914 5792 meta
2934 5729 3015 5791 ad
3044 5745 3313 5791 carceres
3336 5708 3737 5791 revertereris.
