4130 6402
280 375 417 430 I309

1236 371 1597 428 THEODORI
1625 369 1671 424 II
1701 369 1840 431 IMP.
1871 374 1964 429 DE
1988 374 2445 433 COMMUNIONE
2477 376 2854 438 NATURAIJ.

3555 383 3694 438 1310

301 517 387 554 ναι
406 500 600 567 πέφυκε
638 493 825 566 μᾶλλον
881 497 969 546 καὶ
1032 494 1208 564 ἧττον,
1264 496 1322 547 οὐ
1371 500 1472 567 μὴν
1523 493 1582 549 6":
1632 501 1688 549 1'6
1737 497 1897 550 αὐτοῦ
1953 500 2000 552 Α
2059 520 2124 552 να
2148 503 2374 571 πάντως,
2409 503 2503 555 οὐκ
2533 504 2664 558 ἄλλα
2694 506 2802 558 ἀλλ’
2831 508 2912 559 ὅτι
2933 505 3172 560 ἐπτοί.Τί
3216 503 3277 558 δὶ
3332 509 3390 558 τὸ
3572 511 3670 576 μιᾷ

302 587 495 657 ἄτομον
525 581 756 655 ὑπολάϐῃ
784 601 883 646 τις,
916 581 1043 636 ἀλλὰ
1094 585 1160 640 τὰ
1214 586 1270 635 ἑκ
1336 593 1431 645 τῆς
1491 585 1645 638 αὑτὸν
1701 607 1763 662 κρ
1775 589 1901 639 zad-

303 695 404 735 σης
431 677 691 744 συζυγίας
725 674 979 746 κραθέντα
1007 674 1198 744 ἄτομα.
1234 674 1556 746 Ὠνὸμασται
1589 673 1650 728 δὲ
1704 680 1770 729 τὰ
1811 686 1902 739 τῆς

302 765 462 824 αὐτῆς
491 762 754 833 συζυγίας
788 769 879 814 τοῦ
905 759 1267 827 ἀνιὰδου,,καὶ
1309 772 1400 824 τῆς
1448 765 1604 825 αὐτῆς
1644 767 1904 838 συζυγίας

298 859 390 906 τοῦ
449 849 750 923 βαρυτίμου
803 850 976 920 ἄτομα
1027 850 1203 912 ενικῶς
1253 851 1324 913 εἰς
1369 855 1438 904 τὰ
1482 862 1584 904 τῶν
1653 854 1904 928 ἑκατέρων

304 941 556 1014 ὀνόματα,
590 941 672 992 ὅτι
713 949 894 1001 κοινῶς
957 939 1163 1001 ἕκείνοις
1210 941 1527 1003 κατάλληλος
1583 945 1608 995 6
1667 952 1765 1007 τῆς
1821 945 1906 998 οὐ-

308 1036 427 1091 σίας
477 1028 644 1082 αὐτῶν
696 1028 862 1082 ἐστιιν
917 1031 1055 1101 ὅρος,
1110 1038 1209 1082 τῶν
1253 1031 1502 1107 ἑκατέρων
1545 1040 1618 1103 τῷ
1663 1033 1901 1107 ἑκατέρῳο

305 1127 402 1182 πᾶς
424 1123 526 1194 γὰρ
559 1121 780 1191 θυμικὸς
811 1120 1034 1190 θυμικοῠ
1058 1122 1173 1194 ὅρον
1205 1117 1432 1185 δεξεται,
1498 1128 1589 1176 καὶ
1645 1129 1745 1184 πᾶς
1797 1123 1906 1177 ἔπι-

307 1212 590 1282 θυμητικὸς
629 1207 1034 1279 ὶπιθυμητικοϋ,
1077 1207 1202 1262 ἐπὰν
1253 1229 1314 1264 το
1365 1213 1586 1282 θυμικὸς
1637 1213 1667 1271 ἦ
1720 1212 1903 1266 ἐπιθυ-

303 1301 524 1372 μητικὸς
567 1299 763 1350 τούτων
810 1298 1032 1359 ἕκαστος
1087 1298 1320 1369 λέγηται.
1381 1301 1604 1363 Εἰκοτως
1658 1298 1747 1354 οὖν
1799 1304 1905 1377 ἄρα

303 1387 485 1450 ἰνικῶς
532 1393 640 1447 τοῖς
695 1385 952 1459 ἑκατέροις
1005 1389 1072 1438 τὰ
1139 1386 1303 1439 πολλὰ
1387 1387 1663 1460 ὶλὸχησαν.
1748 1390 1904 1444 Ἔστι

301 1484 430 1548 γοῦν
467 1477 573 1550 ἄρα
589 1482 663 1544 τῷ
705 1476 909 1546 θυμικῶ
950 1473 1230 1549 βαρυτίμῳ
1284 1481 1373 1528 καὶ
1430 1486 1502 1548 τῷ
1544 1480 1906 1553 ἐπιθυμητικῷ

305 1561 522 1636 ἄνιάδῃ,
575 1565 705 1618 καθὸ
755 1565 959 1635 θυμικῷ
1025 1570 1116 1628 καὶ
1194 1565 1580 1638 ἕπιθυμητικῷ,

305 1650 616 1728 ἆδιόριστὸς
651 1671 706 1705 τε
755 1656 846 1706 καὶ
902 1654 1098 1721 ἅνισις,
1153 1656 1230 1706 ὅτι
1286 1657 1340 1706 αἱ
1395 1657 1667 1729 κράσασαι
1715 1659 1906 1722 αὐτοὺς

305 1742 578 1813 συζυγίαι,
635 1742 764 1794 καθὸ
816 1744 1108 1812 πεφύκασιν
1164 1743 1297 1795 ε’ἷναι
1364 1746 1478 1796 καθ’
1547 1747 1749 1817 ὑφέσεις
1814 1755 1905 1802 καὶ

299 1829 583 1900 ἐπιτάσεις,
618 1833 677 1882 τὸ
709 1825 1014 1903 ἀδιὸριστον
1040 1832 1278 1902 ἔχουσιν,
1320 1832 1436 1884 οὔτε
1489 1828 1548 1885 δὲ
1599 1835 1625 1884 6
1677 1833 1902 1909 βαρύτι-

297 1938 396 1992 μος
422 1915 646 1980 ἆνιάδης
669 1923 963 1988 γενήσεται,
1009 1921 1125 1971 οὔτε
1166 1916 1224 1972 δι
1271 1921 1298 1972 6
1347 1918 1572 1983 ἀνιάδης
1615 1919 1903 1996 βαρύτιμος

294 2013 523 2062 πώποτε.
557 2010 645 2062 Διὸ
672 2005 866 2070 ἀνέσεις
893 2012 984 2060 καὶ
1021 2006 1284 2068 ἐπιτάσεις
1336 2011 1391 2060 αἱ
1435 2010 1603 2063 αὐτῶν
1649 2009 1902 2084 δὲχονται

297 2098 572 2167 συζαγίαςτ
609 2096 767 2152 ὃτιαί
800 2098 1072 2170 κράσασαι
1118 2097 1304 2158 αὐτοὺς
1367 2099 1620 2171 συζυγίαι
1667 2100 1901 2174 ἀλλαγῇ-

295 2205 381 2240 ναι
413 2185 472 2240 οὐ
511 2189 719 2257 πέφυκε.

368 2273 433 2345 γ’.
465 2274 624 2333 Δῆλον
651 2270 710 2326 δὲ
729 2277 846 2336 ταῖς
883 2277 1079 2336 πάσαις
1108 2276 1294 2329 οἰκεῖον
1325 2274 1455 2330 εἶναι
1501 2279 1647 2350 αὐτὸ,
1702 2279 1760 2332 ἐκ
1813 2290 1904 2344 τῆς

295 2371 397 2416 τῶν
421 2360 518 2417 δύο
542 2365 741 2418 τούτων
786 2363 898 2418 λίαν
947 2363 1190 2427 ἕτάσεως
1241 2366 1300 2419 οὐ
1353 2369 1454 2440 γὰρ
1513 2371 1590 2420 ἔτι
1640 2377 1758 2433 ταῖς
1803 2375 1900 2424 πά-

299 2473 420 2515 σαις
468 2457 528 2506 τὸ
580 2455 718 2529 κατα
763 2455 934 2506 πάντα
988 2458 1178 2524 κοινὸν,
1239 2453 1348 2508 imi.
1403 2465 1712 2511 κοινωνοῡσί
1773 2481 1894 2533 που,

298 2538 694 2596 διαστέλλονται
725 2538 874 2612 dir/1
919 2548 1008 2596 καί
1065 2563 1188 2613 που,
1245 2541 1425 2603 ἐπειδὴ
1478 2545 1609 2599 ἑπτὰ
1655 2553 1744 2620 μέν
1795 2550 1900 2604 εἰσι

297 2632 366 2686 τὰ
411 2633 683 2706 κράσαντα
730 2633 818 2689 τὴν
867 2629 1052 2701 ἁπλῆν,
1081 2636 1149 2688 τὰ
1194 2631 1254 2688 δε
1313 2636 1564 2700 τοσαύτας
1607 2635 1894 2713 ἐργασάμε-

1666 1567 1908 1635 ἐπίτασις

2060 597 2289 648 ποιῆσαν
2351 591 2649 657 ἀλλοιώσεις
2702 595 2913 662 πολλὰς,
2973 598 3175 656 πάντως
3245 595 3495 666 ἐναλλασγη
3577 583 3672 647 καὶ

2065 675 2159 730 διὰ
2214 687 2368 733 τοῦτο
2424 681 2782 754 ίναλλαγῆναι,
2848 685 2907 738 οὐ
2956 687 3244 756 πεφύκασιν
3322 680 3496 754 αὗται,
3587 684 3668 735 ὅτι

2065 767 2206 830 ἅπαξ
2257 768 2530 842 ἐντελεχῶς
2573 773 2971 844 μετηλλάγησαν
3037 789 3050 839 ;
3107 772 3165 824 Ὀ
3205 774 3309 846 ἄρα
3375 771 3666 847 βαρύτιμος

2069 859 2285 930 θυμικὸς
2313 863 2455 912 καὶὸ
2503 859 2727 925 ἀνιὰδης
2773 861 3165 935 ἐπιθυμητικὸς,
3218 861 3268 914 ἒν
3318 869 3423 922 τοῖς
3475 864 3543 923 ὡς
3573 861 3668 916 αὖ·

2065 953 2172 1008 τοῖς
2224 950 2443 1020 ὁμοίοις,
2496 949 2762 1012 ἐπιτάσεις
2817 947 3070 1023 δέχονται
3123 955 3213 1003 καὶ
3265 950 3478 1016 ἀνέσεις,
3527 951 3666 1002 καθὰ

2066 1041 2309 1096 ποιότητι
2339 1037 2708 1112 ἐπιθυμητίκοί
2737 1060 2792 1093 τε
2818 1046 2910 1093 καὶ
2959 1043 3189 1113 θυμικοί.
3243 1042 3391 1093 Κατὰ
3435 1042 3524 1091 τὸν
3576 1038 3668 1090 αὖ.

2065 1129 2154 1184 τὸν
2185 1123 2244 1179 δὲ
2281 1128 2430 1198 λόγον
2476 1133 2567 1181 καὶ
2618 1131 2674 1182 αἱ
2726 1129 2915 1191 αὐτοὺς
2976 1129 3327 1202 σῦμπήξασαι
3390 1127 3664 1198 συζυγίαι,

2067 1216 2311 1290 ἀπείρους
2361 1216 2410 1269 ἐν
2467 1217 2703 1271 ἐπιτάσει
2747 1237 2803 1270 τε
2857 1222 2947 1270 καὶ
3003 1216 3192 1283 ἀνέσει,
3245 1220 3500 1290 θυμικοὺς
3575 1224 3667 1272 καὶ

2066 1305 2476 1377 ἕπιθυμητικοὺς
2515 1311 2854 1371 ποιήσουσιν,
2882 1303 3218 1367 ἕναλλάξουσι
3246 1301 3306 1357 δὲ
3348 1305 3530 1358 οὔποτ’
3579 1307 3661 1358 ἄν.

2069 1400 2168 1446 Καὶ
2209 1392 2296 1446 ἀπ’
2329 1392 2505 1468 ἀρχῆς
2523 1401 2649 1465 γοῦν
2673 1395 2812 1446 κατὰ
2842 1396 2925 1446 τὸν
2956 1393 3111 1446 αὐτὸν
3142 1392 3293 1465 λόγον
3341 1394 3395 1444 τί
3449 1413 3505 1447 τε
3571 1413 3658 1446 συι

2067 1483 2250 1553 ζυγίαι
2279 1487 2369 1535 καὶ
2396 1485 2460 1534 τὰ
2490 1481 2544 1545 ἕξ
2595 1483 2764 1535 αὐτῶν
2802 1483 2973 1555 ἄτομα
3026 1484 3118 1543 ἕως
3170 1481 3345 1542 τέλους
3399 1481 3665 1546 ἐπιτάσεις

2068 1568 2309 1634 δέξονααι
2338 1577 2428 1624 καὶ
2450 1569 2666 1638 ἀνέσεις,
2725 1571 2858 1630 πλήν
2914 1568 2974 1624 δε
3021 1590 3082 1642 γε
3126 1579 3227 1624 τῶν
3284 1570 3482 1624 οἰκείων
3530 1572 3662 1644 ὅρων

2065 1659 2226 1729 ἇντὸς,
2282 1664 2495 1734 πότερον
2553 1662 2761 1735 ἄπειροι
2810 1662 3042 1732 θυμικοί,
3085 1659 3219 1716 πλὴν
3285 1661 3498 1732 θυμικοὶ
3572 1664 3662 1712 καὶ

2065 1751 2271 1825 ἄπειροι
2318 1750 2705 1822 ἄπιθυμητικοὶ,
2751 1748 2885 1807 πλὴν
2935 1745 3301 1806 ἐπιθυδητικοὶ
3359 1752 3448 1800 καὶ
3517 1749 3662 1801 ἄπεις

2063 1858 2147 1911 ροι
2175 1843 2434 1911 φρόνιμοι,
2477 1838 2606 1896 πλὴν
2659 1842 2919 1911 φρόνιμοι,
2987 1839 3069 1890 ὅτι
3122 1835 3259 1897 ἐντὸς
3303 1845 3404 1889 τῶν
3460 1837 3662 1889 οἰκείων

2063 1930 2194 2001 ὅρων
2246 1929 2431 1989 πάντες
2499 1929 2712 2000 θυμικοὶ
2754 1927 2845 1979 καὶ
2899 1925 3267 1999 ἔπιθυμητικοὶ
3322 1930 3413 1978 καὶ
3483 1931 3659 2001 φρόνι-

2062 2022 2153 2089 μοί
2179 2016 2329 2072 εἰσιν.
2363 2018 2530 2070 Αὗται
2563 2024 2688 2088 γοῦν
2715 2018 2764 2069 οἱ
2792 2012 2889 2069 δύο
2915 2012 3186 2088 διαφοραὶ,
3238 2016 3269 2073 ἦ
3333 2033 3388 2067 τε
3443 2017 3539 2074 τὰς
3587 2013 3661 2066 ἕνα

2063 2111 2338 2164 νενὴκοντα
2388 2111 2479 2158 καὶ
2536 2101 2634 2158 δύο
2697 2109 2996 2163 ποιήσασαι
3071 2104 3330 2175 συζυγίας
3401 2107 3493 2155 καὶ
3566 2106 3662 2162 τὴν

2062 2194 2250 2259 ἁπλῆν,
2306 2199 2396 2248 καὶ
2440 2197 2470 2252 ἠ
2529 2197 2620 2254 τὰς
2679 2195 2926 2268 ἀπείρους
2976 2192 3173 2255 ἀνέσεις
3233 2195 3318 2244 καὶ
3397 2190 3665 2253 ὸπιτάσεις

2062 2287 2268 2354 ἔχουσα
2314 2288 2406 2336 καὶ
2443 2286 2635 2346 ταύτας
2672 2292 2773 2335 τῶν
2829 2283 3094 2353 συζυσγιῶν
3146 2279 3308 2342 ἕντὸς.
3366 2282 3460 2333 Διὰ
3509 2287 3662 2334 τοῦτο

2061 2373 2156 2426 οὐκ
2188 2375 2249 2425 ἄν
2288 2392 2364 2433 τις
2416 2372 2682 2444 ἄπιστήμῃ
2735 2378 2967 2444 ’γενναῖος
3013 2369 3401 2442 παραλέογισθῇ
3449 2366 3544 2422 διὰ
3567 2373 3663 2428 τὴν
3712 2419 3716 2421 .

2059 2464 2321 2534 ἐπίτασιν,
2359 2461 2493 2515 ὥστε
2515 2465 2630 2534 ἔχει
2659 2465 2748 2514 τὸν
2796 2460 2846 2514 ἓν
2894 2463 3071 2534 ὑφέσει
3125 2461 3344 2532 θυμικὸν
3386 2479 3518 2532 προς
3571 2462 3662 2511 τὸν

2061 2551 2110 2604 ἕν
2139 2551 2373 2605 ἐπιτάσει
2401 2551 2572 2618 ἄλλον,
2605 2550 2709 2603 ἀλλ’
2745 2551 2896 2603 ἄλλον
2950 2556 3110 2625 κρίνει
3159 2554 3244 2602 τὸν
3293 2551 3513 2620 θυμικὸν
3567 2555 3662 2602 τοῦ

2058 2640 2460 2715 ἕπιθυμητικοῦ,
2491 2645 2582 2698 καὶ
2609 2639 2922 2712 τοῦμπαλιν,
2952 2639 3094 2693 Αὐτὸ
3123 2635 3185 2692 δὲ
3207 2645 3362 2692 τοῦτο
3425 2641 3517 2691 καὶ
3561 2639 3661 2691 πά-

263 2865 593 2942 indemque
615 2866 993 2924 individuum
1022 2885 1153 2925 esse
1171 2872 1365 2941 magis
1378 2876 1434 2927 et
1464 2873 1663 2930 minus
1688 2873 1921 2932 iracun-
1959 2875 2000 2931 Ο
2033 2879 2262 2949 septem
2283 2878 2590 2946 sunt,quae
2612 2868 3294 2944 temperantsimplicem
3312 2867 3683 2939 conjugatio-

265 2955 438 3024 dum,
471 2956 574 3010 sed
601 2973 975 3031 quzecunqae
996 2959 1070 3014 ad
1092 2960 1370 3018 eamdem
1403 2977 1539 3018 cum
1559 2962 1691 3036 ipso
1718 2963 1914 3036 conju-

268 3044 570 3115 gationem
600 3045 952 3115 referuntur,
986 3053 1090 3104 aut
1110 3049 1324 3106 eodem
1367 3052 1550 3108 modo
1582 3059 1720 3108 sunt
1766 3053 1920 3109 indi-

265 3132 473 3189 vidua.
499 3135 689 3204 Quare
731 3151 929 3192 saevus
959 3137 1062 3210 qui
1101 3138 1434 3195 secundum
1457 3141 1842 3198 remissiones
1865 3147 1922 3199 et

262 3221 630 3280 intensiones
660 3228 748 3281 est
785 3225 1132 3295 iracundus,
1161 3227 1428 3284 inﬁnitus
1453 3234 1542 3286 est
1568 3249 1580 3300 ;
1616 3235 1671 3288 et
1711 3231 1922 3288 sollici-

261 3315 360 3368 tus
391 3311 537 3370 solet
565 3329 693 3369 esse
725 3314 982 3386 cupidus
1038 3315 1266 3374 inﬁnite
1332 3319 1527 3388 magis
1591 3324 1647 3376 et
1696 3320 1918 3378 minus.

261 3404 450 3458 Nemo
488 3417 631 3457 vero
660 3403 776 3459 hoc
802 3403 877 3460 de
914 3419 1032 3460 uno
1055 3404 1392 3478 eodemque
1435 3407 1748 3465 individuo
1794 3409 1918 3466 dic-

259 3493 391 3547 tum
425 3495 608 3564 putet,
645 3491 750 3547 sed
772 3489 846 3548 de
872 3492 1155 3549 omnibus
1181 3495 1677 3574 individuis,quaa
1706 3499 1920 3562 eadem

261 3579 396 3652 conj
409 3579 688 3650 ugatione
700 3581 978 3655 quaillud
991 3583 1605 3656 comprehenduntur.
1623 3589 1800 3644 Porro
1813 3603 1919 3644 no-

259 3667 426 3726 mine
453 3668 775 3740 singularis
805 3671 1038 3727 numeri
1063 3672 1269 3728 omnia
1298 3672 1397 3728 illa
1436 3674 1751 3731 individua
1809 3692 1917 3748 ap-

259 3758 587 3834 pellantur,
604 3761 728 3815 tam
741 3775 878 3833 quae
895 3760 1108 3816 eadem
1121 3777 1245 3834 qua
1258 3762 1564 3830 sollicitus,
1581 3780 1769 3837 quam
1781 3782 1918 3838 quae

261 3847 479 3904 eadem
511 3863 634 3920 qua
655 3864 853 3904 saevus
883 3849 1305 3920 conjugatione
1335 3851 1732 3920 continentur,
1771 3869 1918 3926 quo-

262 3935 432 3992 niam
468 3935 615 4009 ipsis
644 3937 796 3992 inter
826 3953 887 3993 se
907 3937 1219 4010 utriusque
1251 3940 1693 4012 conjugationis
1719 3957 1917 3998 essen-

265 4021 362 4086 tia;
393 4021 579 4081 ﬁnitio
609 4024 951 4080 communis
980 4030 1087 4086 est,
1135 4027 1341 4083 Omnis
1389 4029 1548 4083 enim
1589 4027 1918 4085 iracundus

259 4111 537 4168 iracundi
576 4111 988 4170 deﬁnitionem
1020 4115 1322 4188 suscipiet,
1350 4120 1407 4172 et
1431 4117 1629 4172 omnis
1659 4117 1918 4192 cupidus

2033 2981 2205 3022 nem:
2235 2967 2318 3020 tot
2345 2965 2542 3019 autem
2572 2965 2711 3022 sunt
2732 2959 2980 3016 omnino
3006 2973 3141 3032 quae
3166 2959 3354 3026 agunt
3383 2961 3439 3014 et
3461 2961 3682 3029 tempe-

2031 3057 2185 3124 rant,
2217 3067 2341 3110 non
2371 3051 2488 3108 alia
2515 3065 2703 3123 quam
2735 3052 2983 3120 septem.
3009 3045 3163 3113 Quid
3189 3049 3392 3101 autem
3423 3044 3571 3104 illud
3597 3049 3685 3102 est

2033 3141 2195 3216 quod
2211 3157 2316 3216 per
2327 3156 2504 3198 unam
2517 3139 2648 3210 conj
2661 3138 2996 3209 ugationem
3013 3134 3226 3192 multas
3239 3133 3685 3198 immutationes

2033 3232 2224 3290 effecit
2251 3231 2279 3288 ?
2300 3230 2590 3287 Nimirum
2603 3233 2692 3285 est
2706 3228 2837 3301 ipsa
2855 3225 3243 3300 permutatio:
3276 3223 3501 3280 idcirco
3535 3229 3680 3296 ipsae

2034 3320 2490 3393 conjugationes
2503 3315 3077 3390 ampliusimmutari
3092 3330 3214 3371 non
3241 3317 3516 3387 possunt,
3540 3314 3683 3388 quia

2029 3409 2302 3467 videlicet
2327 3407 2514 3464 semel
2528 3405 2785 3480 perfecte
2807 3405 3138 3462 immutatae
3161 3407 3316 3460 sunt.
3344 3405 3538 3470 Quare
3579 3420 3684 3460 sae-

2029 3515 2142 3554 vus
2171 3498 2276 3572 qui
2306 3501 2394 3554 est
2413 3497 2738 3553 iracundus
2768 3500 2824 3550 et
2852 3494 3134 3550 sollicitus
3163 3493 3268 3566 qui
3301 3499 3388 3550 est
3426 3492 3682 3566 cupidus

2030 3587 2091 3644 in
2131 3585 2426 3644 similibus
2448 3585 2835 3642 consimiliter
2864 3581 3190 3657 suscipient
3211 3581 3576 3637 intensiones
3626 3585 3684 3638 et

2029 3674 2434 3743 remissiones,
2465 3676 2764 3748 quatenus
2808 3670 3094 3746 qualitate
3113 3670 3242 3726 haec
3265 3675 3404 3726 sunt
3422 3669 3681 3742 praediti,

2028 3769 2092 3820 ut
2113 3765 2227 3820 sint
2253 3761 2525 3820 iracundi
2565 3766 2620 3818 et
2640 3761 2863 3834 cupidi.
2897 3760 3114 3817 Eadem
3129 3759 3356 3816 ratione
3385 3759 3680 3830 conjuge.-

2029 3852 2220 3910 tiones
2251 3869 2324 3909 ex
2353 3852 2576 3926 quibus
2605 3850 2917 3924 temperati
2957 3853 3096 3906 sunt
3133 3849 3272 3922 ipsi,
3314 3848 3579 3928 inﬁnitos
3629 3853 3684 3904 et

2027 3940 2351 3998 iracundos
2371 3945 2428 3997 et
2447 3940 2700 4014 cupidos
2729 3939 3004 4008 efﬁcient,
3030 3937 3364 3994 secundum
3397 3937 3682 3994 intensio-

2026 4045 2168 4088 nem
2197 4036 2255 4086 et
2274 4029 3037 4100 remissionem.Nunquam
3064 4031 3262 4083 autem
3288 4025 3516 4082 accidet
3539 4025 3683 4098 ipsis

2028 4119 2308 4191 migratio
2344 4135 2415 4174 ex
2447 4117 2870 4190 conjugatione
2883 4116 3077 4172 unain
3099 4115 3542 4172 aliam.Eadem
3572 4113 3680 4186 igi-

259 4201 487 4274 cupidi,
506 4203 1006 4277 quandoquidem
1031 4203 1249 4260 horum
1279 4206 1498 4277 singuli
1537 4206 1812 4264 iracundi
1865 4212 1922 4266 et
1951 4227 1994 4280 ι)
2029 4213 2124 4266 tur
2150 4208 2379 4266 ratione
2410 4225 2548 4264 cum
2583 4206 3040 4279 conjugaliones
3068 4209 3197 4262 tum
3245 4203 3556 4261 individua
3609 4220 3682 4260 ex

258 4291 468 4363 cupidi
499 4291 795 4348 dicuntur.
830 4295 1023 4360 Quare
1047 4294 1256 4351 merito
1288 4296 1596 4367 utriusque
1623 4295 1919 4368 conjuga-

258 4379 440 4438 tionis
456 4379 647 4437 multa
660 4380 974 4438 individua
988 4398 1162 4438 suum
1185 4399 1408 4440 nomen
1426 4383 1728 4454 singulare
1760 4384 1918 4440 obti-

255 4473 423 4527 nent.
458 4473 559 4526 Est
588 4470 765 4540 igitur
788 4470 1106 4542 iracundo,
1141 4489 1304 4529 saevo
1325 4479 1382 4530 et
1407 4473 1628 4546 cupido
1647 4473 1916 4542 sollicito,

256 4562 560 4631 quatenus
582 4558 674 4615 ille
703 4559 1053 4628 iracundus,
1080 4561 1178 4617 hic
1206 4561 1489 4618 sollicitus
1511 4567 1618 4630 est,
1650 4561 1919 4619 indeﬁni-

263 4650 329 4704 ιδ
345 4646 599 4704 intensio
612 4653 669 4706 et
685 4649 987 4717 remissio,
1009 4651 1154 4722 quia
1166 4650 1574 4724 copulationes
1593 4667 1730 4728 quae
1754 4651 1919 4724 ipsos

259 4739 622 4807 temperant,
637 4742 937 4812 quatenus
949 4739 1518 4811 possuntsuscipere
1531 4739 1918 4796 remissiones

259 4825 325 4881 et
345 4823 734 4896 intensiones,
767 4826 1092 4884 indeﬁnite:
1119 4831 1334 4882 suntet
1361 4827 1776 4884 interminatee.
1809 4831 1916 4884 Ne-

255 4929 381 4988 que
405 4931 550 4972 vero
581 4931 777 4972 saevus
803 4915 1106 4986 sollicitus,
1136 4920 1239 4972 aut
1268 4914 1554 4972 sollicitus
1581 4933 1778 4972 saevus
1809 4932 1916 4973 un-

254 5020 447 5078 quam
473 5021 603 5062 esse
625 5006 858 5084 poterit.
881 5005 1108 5062 Idcirco
1136 5005 1518 5062 remissiones
1545 5011 1602 5061 et
1631 5006 1912 5062 intensio-

252 5109 366 5152 nes
379 5095 785 5167 suscipiuntur
801 5095 878 5152 ab
905 5095 1175 5168 ipsorum
1189 5095 1320 5167 conj
1331 5095 1740 5166 ugationibus,
1767 5112 1914 5168 quo-

250 5183 423 5242 niam
453 5185 911 5258 conjugationes
950 5201 1023 5240 ex
1049 5185 1271 5258 quibus
1310 5189 1719 5258 temperantur
1743 5184 1913 5242 nullo

251 5271 442 5338 modo
468 5273 796 5345 permutari
836 5278 1109 5347 possunt.

330 5365 383 5418 3.
412 5363 508 5418 Est
539 5365 739 5418 autem
762 5362 1144 5436 perspicuum
1177 5363 1292 5418 hoc
1313 5361 1587 5418 omnium
1617 5378 1748 5418 esse
1776 5379 1911 5436 pro-

251 5449 447 5530 prium
464 5449 596 5522 conj
608 5451 972 5522 ugationum,
991 5467 1062 5506 ex
1085 5456 1366 5507 accurata
1379 5451 1628 5506 duorum
1658 5451 1908 5508 istorum

255 5539 671 5606 vestigatione.
702 5545 900 5614 Neque
931 5542 1091 5597 enim
1132 5542 1282 5597 inter
1302 5558 1514 5597 omnes
1556 5557 1660 5614 per
1707 5541 1914 5599 omnia

255 5631 352 5684 est
365 5642 562 5683 comm
573 5629 767 5685 unitas
782 5647 795 5684 :
812 5629 1307 5703 quandoquidem
1325 5630 1534 5703 partim
1548 5646 1738 5686 comm
1749 5629 1932 5707 unio~_

253 5730 404 5778 nem
429 5716 675 5790 habent,
703 5718 913 5790 partim
933 5718 1102 5776 etiam
1122 5718 1455 5788 discrimen,
1468 5717 1716 5802 quando
1732 5719 1913 5787 etiam

2029 4298 2142 4356 illis
2154 4297 2412 4354 conﬂata
2426 4297 2503 4353 ad
2514 4296 2698 4353 ﬁnem
2713 4312 2902 4370 usque
2913 4295 3281 4351 intensiones
3293 4297 3352 4351 et
3378 4294 3680 4349 remissio-

2029 4403 2136 4443 nes
2168 4386 2516 4460 suscipient,
2565 4389 2979 4441 verumtamen
3018 4384 3174 4440 intra
3226 4399 3370 4439 suos
3419 4381 3571 4438 ﬁnes
3626 4385 3684 4438 et

2028 4475 2315 4532 terminos
2367 4474 2712 4532 consistent.
2770 4479 2983 4529 Annon
3037 4473 3215 4542 igitur
3256 4471 3468 4528 inﬁniti
3544 4476 3683 4526 sunt

2027 4565 2302 4622 iracundi
2327 4569 2627 4638 quatenus
2658 4563 2949 4628 iracundi,
2979 4567 3035 4619 et
3053 4561 3267 4618 inﬁniti
3294 4560 3495 4636 cupidi
3534 4575 3682 4634 qua-

2026 4657 2199 4711 tenus
2212 4653 2436 4726 cupidi,
2452 4651 2684 4710 etinﬁni
2695 4651 2731 4708 ti
2743 4651 3069 4724 prudentes
3083 4654 3381 4724 quatenus
3417 4648 3679 4722 pruden-

2026 4746 2131 4812 tes,
2167 4758 2288 4798 non
2323 4741 2444 4808 alii,
2475 4741 2765 4815 quoniam
2790 4740 2943 4796 intra
2957 4757 3097 4796 suos
3116 4741 3266 4795 ﬁnes
3281 4743 3338 4794 et
3389 4738 3676 4794 terminos

2025 4829 2356 4885 consistunt
2385 4844 2597 4885 omnes
2629 4827 2902 4884 iracundi
2932 4832 2988 4883 et
3007 4826 3209 4900 cupidi
3231 4832 3287 4881 et
3311 4825 3632 4899 prudentes
3651 4824 3680 4879 ?

2024 4920 2122 4974 Hae
2151 4917 2488 4987 suntigitur
2513 4917 2648 4972 duae
2679 4915 3047 4984 differentiae,
3089 4931 3308 4987 nempe
3352 4930 3477 4970 una
3541 4928 3679 4986 quae

2023 5006 2176 5062 duas
2206 5010 2262 5062 et
2280 5007 2608 5075 nonaginta
2621 5005 2813 5061 effecit
2829 5006 2961 5080 conj
2974 5005 3213 5077 ugation
3224 5021 3287 5059 es
3302 5007 3480 5076 atque
3497 5003 3675 5058 etiam

2024 5095 2376 5168 simplicem:
2398 5095 2582 5152 altera
2593 5111 2730 5168 quae
2743 5094 3003 5150 inﬁnitas
3016 5094 3396 5150 remissiones
3411 5109 3480 5149 ac
3494 5092 3681 5148 inten-

2025 5185 2224 5241 siones
2254 5185 2456 5253 habet,
2498 5200 2727 5258 easquo
2758 5184 2911 5241 intra
2943 5183 3418 5255 conjugationes.
3476 5183 3676 5248 Quare

2021 5290 2197 5331 nemo
2229 5275 2324 5330 cui
2354 5273 2552 5330 nobile
2582 5273 2756 5330 fuerit
2785 5273 3086 5344 ingenium
3119 5272 3364 5328 scientia
3405 5273 3467 5328 in
3516 5287 3676 5328 erro-

2019 5379 2148 5419 rem
2169 5363 2484 5419 inducetur
2496 5367 2599 5418 aut
2619 5362 2947 5435 decipietur
2961 5378 3065 5435 per
3093 5361 3496 5418 intensionem
3513 5362 3594 5417 ita
3614 5365 3680 5417 ut

2020 5452 2271 5508 remisse
2293 5451 2582 5525 cupidum
2609 5451 2874 5507 conferat
2899 5467 3036 5508 cum
3067 5451 3184 5507 alio
3213 5451 3468 5523 quicum
3491 5451 3675 5508 inten-

2023 5540 2187 5596 sione
2226 5540 2428 5614 aliqua
2441 5539 2555 5596 alia
2573 5539 2859 5614 qualitate
2871 5540 3156 5613 praeditus
3169 5544 3277 5607 est,
3302 5539 3405 5596 sed
3438 5556 3545 5614 per
3569 5541 3676 5598 sci-

2019 5630 2245 5686 entiam
2261 5628 2619 5686 iracundum
2643 5645 2679 5685 a
2695 5628 2916 5702 cupido
2933 5627 3115 5686 alium
3143 5645 3278 5686 esse
3295 5628 3677 5702 judicabit,et

2020 5722 2249 5784 contra.
2279 5717 2445 5776 ldem
2470 5720 2559 5775 est
2577 5716 3029 5781 observandum
3055 5717 3119 5775 in
3139 5717 3427 5776 omnibus
3469 5718 3676 5803 conju-
