2065 3229
235 191 303 222 4311
738 202 740 208 ·
1043 192 1222 221 ΑΒΠΕΝΒΛ.

1784 56 1810 67 ,1
1836 46 1858 68 ,έν
1888 61 1890 65 ι

1884 72 1965 101 λδιν

236 264 295 286 σαις
312 257 369 285 ταῖς
390 253 530 289 συζυγίαις
554 253 611 281 ἔστι
629 255 674 280 καὶ
698 256 751 285 τοῖς
782 253 809 286 ἐξ
841 253 925 280 αὐτῶν
958 254 1060 291 κραοη-
1078 255 1102 282 Α
1118 264 1152 281 τα
1166 252 1196 281 δὲ
1208 254 1247 281 ὅτι
1266 254 1313 281 κᾶν
1328 254 1414 282 ἄνεσιν
1435 255 1482 281 κᾶν
1509 255 1629 283 ὶπίτασιν
1650 257 1680 283 τὸ
1703 266 1722 283 α
1744 261 1792 289 τῆς
1813 257 1833 295 β
1862 258 1964 290 συζυ-

236 300 352 335 σομένοις
379 297 496 334 ἀτόμοις.
534 297 599 325 Οὖτε
629 302 692 334 γοῦν
726 299 832 335 εὑρήσει
864 298 930 328 πλὴν
963 300 1059 325 τούτων

234 354 274 374 τις
289 343 310 370 εὶ
325 345 361 379 μὴ
379 343 514 379 σοφίζεται
531 343 538 370 1
555 343 614 370 οὗτε
641 345 692 380 μὴν
721 344 832 376 ἂλάσσω,
851 344 872 371 si
898 346 933 380 μὴ
959 344 1061 370 κεκολο-

236 388 350 424 ϐωμένην
368 389 493 417 κέκτηται
508 390 555 418 τὴν
575 387 702 423 διάνοιαν,
723 391 809 415 πᾶσαι
842 387 872 415 δέ
905 389 970 415 εἰσιν
1010 387 1060 415 αὖ-

234 443 289 467 ται,
309 435 353 459 καὶ
371 435 515 470 περαιτέρω
544 432 683 470 βιϐηκέναι
716 434 745 460 οὐ
779 432 900 461 δύναται.
934 434 962 460 Ἠ
997 437 1060 470 γοῦν

235 487 251 504 α
271 476 289 513 β
308 487 325 513 γ
345 486 356 504 ε
375 477 392 507 ζ
411 486 426 506 η
448 478 461 503 θ
490 478 626 514 κςράννυσι
652 479 695 504 τὸν
724 477 831 513 ἁπλοῦν,
861 477 949 507 ἐπειδὴ
979 478 1058 508 ἁπλῆ·

234 521 317 550 ἁπλῆν
338 519 368 548 δὲ
386 523 431 548 καὶ
451 520 546 548 ἁπλοῦν
579 521 698 549 ἄνταυθοῖ
727 522 792 558 λέγω
825 524 868 549 τὸν
902 522 997 553 ἔντελῆ-
1033 524 1060 549 αἱ

236 564 261 592 δ’
280 565 367 600 ἄλλαι,
389 565 485 596 ἑκάστη
506 568 571 604 πρὸς
589 568 618 592 τὸ
638 565 707 594 ἴδιον
740 565 849 603 ἰδίωμα.
881 569 979 598 Πάντες
998 571 1059 604 γοῦν

235 610 301 637 εἰσιν
320 611 461 648 ἄνθρωποι,
487 611 650 640 ἐννενήκοντα
681 614 747 649 πρὸς
778 616 832 643 τοῖς
869 611 944 645 δυσὶ,
970 615 1014 638 καὶ
1047 613 1059 638 ὁ

234 655 339 690 ἁπλοῦς,
366 657 448 682 εἴτουν
489 657 502 682 ὁ
536 656 643 687 ἐντελὴς.
679 659 724 683 καὶ
756 658 780 683 οἱ
811 661 860 688 τῆς
904 657 1059 695 ἁντιρῥόπου

235 700 310 727 ἑπτά.
330 701 422 730 Πάντες
448 699 478 727 δέ
503 703 533 736 γέ
561 704 606 727 καὶ
633 702 645 727 ὁ
669 701 766 733 ἁπλοῦς
793 702 905 739 ἄπειροι,
934 702 963 728 οὗ
993 703 1060 728 κατὰ

233 746 261 770 τό
293 744 353 771 ἄλλο
372 746 415 770 καὶ
435 744 506 780 ἀλλο,
527 745 591 771 ἀλλὰ
619 747 685 772 κατὰ
713 748 742 772 τὸ
771 746 845 776 ἄλλος
876 756 902 773 τι
935 748 979 773 καὶ
1013 746 1060 773 ἀλ-

234 788 331 819 λοσῖος·
352 790 382 815 τὸ
401 789 462 815 ἄλλο
481 790 531 826 γὰρ
554 788 631 819 δηλοῖ
662 792 709 819 τὴν
741 790 842 824 οὐσίαν,
874 792 903 817 τὸ
936 790 1012 822 ἀλλος
1030 792 1060 817 τὸ

234 834 341 869 ἄτομον,
358 835 387 860 τὸ
402 832 431 860 δὲ
444 843 473 869 γε
487 833 586 860 ἀλλοῖον
612 837 658 864 τὴν
686 835 804 861 ὶπίτασίν
831 845 858 862 τε
884 837 929 861 καὶ
961 836 1058 862 ἄνεσιν.

234 878 346 904 Ἀλλοίοι
365 882 427 914 γοῦν
455 879 548 910 πάντες
577 880 601 905 οἱ
625 880 766 916 καθαρμοὶ,
797 882 856 906 ὅσοι
883 881 939 906 κατ’
967 880 1060 907 ἐπίτα-

1115 301 1174 334 γίας
1188 300 1254 335 πρὸς
1268 299 1416 330 ἄλλοατῆς
1431 300 1513 331 αὐτῆς
1539 302 1596 336 ἔχει
1627 301 1674 327 οὐκ
1701 300 1733 327 ἂν
1757 303 1794 338 μὴ
1821 306 1873 334 τῆς
1901 302 1963 330 αὗ-

1115 348 1163 375 τῆς
1177 343 1195 380 β
1221 342 1285 370 εἶναι
1312 346 1342 371 τὸ
1366 354 1383 371 α
1409 347 1506 381 πέφυκα
1535 343 1581 371 διὰ
1604 347 1651 375 τὴν
1679 345 1800 373 ἐπίτασιν
1825 349 1875 374 καὶ
1902 349 1960 378 τὴν

1115 389 1212 417 ἄνεσιν.
1227 391 1338 426 Πότερον
1356 387 1403 415 διὰ
1419 393 1502 416 ταῦτα
1514 389 1539 415 ἐν
1563 391 1622 421 ταῖς
1647 391 1792 427 συζυγίαις
1817 389 1854 422 δὴ
1877 394 1957 419 ταύ-

1114 443 1171 464 ταις
1201 436 1252 459 πᾶν
1276 434 1373 470 ἄτομον
1401 435 1598 472 περιγράφιται,
1627 437 1672 462 καὶ
1710 436 1806 468 πάντες
1845 437 1957 473 ἄνθρω-

1114 489 1159 505 ποι
1185 478 1349 508 ἐννενήκοντα
1375 480 1439 516 πρὸς
1464 480 1519 510 τοῖς
1547 478 1626 506 δυσίν
1649 480 1713 515 εἰσι,
1736 482 1782 507 καὶ
1806 481 1820 508 ὁ
1848 481 1956 514 ἁπλοῦς

1114 526 1160 550 καὶ
1182 525 1207 550 οἱ
1234 527 1281 555 τῆς
1308 523 1462 562 ἁντιῤῥὸπου
1490 524 1562 557 ἑπτὰ,
1593 524 1641 550 κᾶν
1660 524 1782 552 ἂπίτασιν
1807 526 1823 556 ἤ
1859 527 1955 560 ἄησιν

1115 572 1173 600 ταῖς
1184 569 1290 599 οἰκείαις
1304 567 1482 605 ἐπιδέχωνται
1509 569 1661 605 συζυγίαιν,
1693 570 1780 606 ἄτομα
1810 568 1841 598 δὲ
1866 571 1955 604 αὐτῆς

1116 614 1219 650 ἄπειρα,
1237 614 1289 649 οὐχ
1306 615 1338 644 ὡς
1358 613 1430 644 ἐκτὸς
1456 615 1517 639 ὅντα
1549 618 1599 640 τῶν
1626 614 1773 650 συζυγιῶν,
1803 614 1870 642 ἀλλὰ
1901 614 1951 644 διὰ

1114 660 1161 687 τὴν
1182 657 1254 684 ἔνδον
1270 658 1294 684 ἐν
1321 658 1427 688 ἐκείνοις
1452 658 1535 684 αὐτῶν
1566 657 1685 685 ἐπίτασίν
1712 669 1739 686 τι
1771 662 1818 686 καὶ
1844 660 1952 691 ἄνεσιν.

1114 700 1143 729 ¹Ο
1170 704 1214 739 μὲν
1248 701 1291 729 οὖν
1325 704 1447 739 ἡμέτερος
1478 702 1598 729 ἐνταυθοῖ
1618 703 1696 739 λογος
1724 706 1771 733 τὴν
1794 707 1842 731 τῶν
1875 705 1950 732 ἔπτὰ

1114 751 1161 774 τοῦ
1180 748 1286 783 λογικοῦ
1321 749 1388 779 ζώου
1425 751 1507 784 μερῶν
1539 751 1675 774 κοινωνίαν
1705 747 1853 776 iumen.“
1884 748 1950 776 διῖ-

1116 792 1169 827 ξαι,
1199 794 1244 818 καὶ
1267 796 1343 818 τοῦτο
1374 793 1440 818 κατά
1463 794 1492 818 τὸ
1520 792 1646 830 παρέλκων
1681 792 1729 819 κᾶν
1759 797 1818 825 ταῖς
1855 803 1953 820 κοινω-

1115 840 1180 867 νίαις
1195 836 1379 873 συμϐάλλεται.
1412 836 1470 863 Ἵνα
1496 835 1526 863 δὲ
1550 839 1594 863 καὶ
1620 838 1684 874 πρὸς
1714 838 1729 864 ὃ
1755 840 1855 875 πέφυκε

1115 882 1227 910 ἑκάστην
1262 881 1391 916 συζυγίαν
1415 884 1497 907 ποιεῖν
1527 881 1540 907 ὂ
1567 885 1638 908 ποιιῖ
1676 882 1773 919 ἄτομον
1811 880 1952 920 δείξωμα,

236 925 275 948 σίν
293 932 320 949 τε
338 925 383 949 καὶ
403 923 489 949 ἄνεσιν
509 923 533 949 ἐν
553 927 589 959 τῷ
609 925 658 949 τὼν
679 923 743 950 ἑπτά
774 926 895 951 ἵστανται
928 926 989 962 ὅρῳ,
1009 929 1059 951 τῶν
1077 927 1099 953 Β
1115 927 1162 953 οὐκ
1191 926 1345 961 ὁκνὴσομεν,
1378 925 1426 951 κᾶν
1502 927 1634 962 φορτικὸν,
1659 928 1704 952 καὶ
1735 928 1764 953 τὸ
1790 928 1837 963 μὲν
1881 926 1956 958 ivro;

234 976 250 993 α
271 966 289 1003 β
307 977 324 1002 γ
346 965 450 997 δηλαδὴ
465 977 475 994 ι
495 968 511 998 ζ
530 978 545 997 η
568 969 590 995 θ.
612 968 700 995 Ἀλλοι
713 967 742 995 δὲ
756 978 784 1004 γε
804 971 860 995 ὅσοι
887 969 944 1000 ταῖς
971 968 998 995 ἐκ
1017 979 1061 1006 με·

234 1012 362 1038 ταθέσεων
387 1014 433 1037 καὶ
471 1011 614 1048 ἐναλλαγῶν
655 1017 704 1039 τῶν
745 1013 877 1049 συζυγῶν
914 1015 1056 1049 γίγνονται·

235 1054 332 1082 ἀλλοῖοι
345 1054 375 1083 di
401 1056 459 1082 ὅσοι
486 1066 535 1093 μιᾳ
567 1057 662 1093 ἑκάστῃ
692 1058 807 1094 συζυγίᾳ
833 1057 900 1089 ἐντός
923 1062 973 1084 τῶν
993 1059 1058 1095 ὅρων

235 1099 317 1131 αὐτῆς
334 1101 466 1136 ἱστάμενοι
484 1101 541 1127 κατ’
567 1100 686 1128 ἄπίτασίν
712 1102 763 1129 ιὶσι
790 1104 835 1128 καὶ
862 1103 958 1130 ἄνεσιν.
983 1103 1060 1138 Ἔχει

236 1143 266 1171 δὲ
280 1144 378 1176 πλάτος
401 1145 464 1172 αὐτὸ
479 1148 523 1172 καὶ
553 1148 701 1176 στενότητα.
718 1147 820 1174 Μᾶλλον
843 1148 893 1184 γὰρ
917 1150 962 1174 καὶ
985 1149 1060 1177 ἧττον

236 1189 265 1215 οὐ
279 1187 408 1226 διακρίνει
422 1199 463 1221 τις
476 1191 595 1226 Θυμικόν⁵
620 1190 674 1217 οὒτ’
704 1191 732 1217 οὗ
757 1191 955 1227 ἐπιθυμητικὸν,
985 1196 1060 1219 τοῦτο

235 1233 333 1264 πλάτος
347 1233 437 1263 ἕπειδὴ
454 1234 483 1261 οὐ
496 1233 647 1271 διωρισται,
662 1235 713 1272 οὐχ
733 1237 766 1267 ὡς
795 1237 836 1262 ὅτι
862 1235 891 1263 δὲ
921 1239 969 1263 πᾶν
996 1237 1061 1263 πλά-

235 1287 280 1309 τος
305 1277 376 1304 ἐστὶν
401 1277 564 1316 ἀδιόριστον,
590 1279 645 1306 ἀλλ’
674 1281 714 1307 ὅτι
748 1279 900 1317 ἁδιόριστον
932 1283 992 1308 ποτὲ
1016 1283 1061 1318 μὶν

236 1322 293 1359 ἔχει
307 1325 351 1350 καὶ
364 1323 469 1359 πλάτος,
482 1325 544 1351 ποτὲ
575 1323 605 1351 δὲ
632 1327 677 1352 καὶ
708 1325 804 1357 πλάτος
838 1326 918 1360 ἐστὶν,
940 1329 1061 1356 στενότη-

1114 975 1164 997 τῶν
1188 972 1319 1005 συζυγιὼν
1347 971 1362 998 ἤ
1388 971 1434 995 καὶ
1458 969 1538 1000 ἄλλως
1566 973 1616 995 τῶν
1649 971 1800 1005 ἓπιστήμην
1836 970 1955 998 fxim-

1114 1018 1194 1052 μένων
1218 1014 1392 1050 φυσιολογεῖν,
1428 1014 1480 1050 οὐχ
1507 1015 1542 1045 ὡς
1567 1015 1650 1051 ἡμεῖς,
1689 1014 1745 1041 ἀλλ’
1780 1016 1816 1046 ὡς

1113 1062 1158 1086 καὶ
1185 1059 1302 1095 μάλιστα
1324 1060 1476 1095 κρειττόνως
1505 1060 1529 1085 οἱ
1555 1059 1665 1090 πλείους.
1705 1060 1837 1096 Συζυγιας
1863 1058 1895 1087 at
1922 1070 1956 1097 γι

1114 1104 1202 1131 οὔποτ’
1231 1103 1260 1129 ἂν
1290 1104 1374 1141 ἑτέρας
1404 1105 1502 1130 τούτων
1528 1114 1569 1135 τις
1610 1105 1683 1141 εὕρῃ,
1722 1104 1783 1131 οὔτι
1818 1103 1953 1142 iurantur];

1115 1148 1302 1183 mna-7mm,
1335 1148 1374 1174 ὅτι
1404 1148 1462 1174 οὒτε
1486 1150 1536 1184 μὴν
1568 1149 1714 1185 μεταθέσει,
1746 1149 1787 1175 ὅτι
1814 1150 1958 1186 μετετέθη-

1116 1203 1163 1219 σαν
1190 1193 1295 1229 οἶριστασ
1325 1192 1377 1218 ἀλλ’
1402 1194 1478 1228 ἡμεῖς
1504 1195 1556 1229 μὴν
1582 1191 1758 1230 ἐνδεχομένως
1790 1196 1854 1230 μιᾶς
1891 1193 1956 1221 ἰδιοξ-

1116 1247 1180 1268 στης
1214 1237 1309 1273 ἄτομον
1348 1237 1528 1273 ἐπεξέλθωμεν,
1576 1238 1790 1274 φυσιολογοῦντις
1839 1236 1956 1275 ἔνδικο-

1115 1284 1197 1319 μένως
1212 1284 1270 1319 περὶ
1285 1281 1376 1315 αὐτοῦ,
1394 1284 1438 1308 καὶ
1463 1281 1515 1307 οἷον
1544 1281 1768 1319 προοδσυσὼμιθα
1799 1286 1852 1309 τῶν
1886 1282 1955 1320 βου-

1115 1327 1226 1363 λομένων
1241 1327 1411 1363 εἰσέρχεσθαι
1426 1326 1451 1352 ἐν
1467 1327 1548 1362 αὐτῷ,
1573 1326 1620 1353 κὰν
1650 1325 1826 1364 ἐνδεχομένως
1849 1326 1884 1355 δέ
1907 1338 1952 1365 γε.

236 1411 418 1447 sationibus,
433 1413 504 1443 etin
518 1413 680 1443 individuis
693 1423 761 1451 quos
777 1423 813 1443 ex
827 1415 883 1443 illis
894 1417 1063 1453 temperan-
1078 1417 1098 1445 C
1118 1416 1286 1444 coarctatur
1306 1415 1405 1450 etiam,
1423 1415 1495 1451 quia
1519 1423 1538 1444 a
1565 1415 1705 1444 secundae
1727 1416 1951 1453 conjugationis

236 1458 293 1484 tur.
308 1458 408 1494 Neque
423 1458 514 1493 igitur
527 1458 629 1495 plures
644 1458 808 1496 quisquam
819 1461 946 1496 reperiet
958 1461 1063 1495 conju-

236 1500 384 1535 gationes,
397 1502 454 1530 nisi
466 1503 598 1540 captiose
611 1506 699 1538 agat:
716 1511 814 1541 neque
828 1513 931 1533 rursus
937 1505 1062 1541 paucio-

234 1551 284 1572 res
297 1545 355 1574 nisi
369 1554 475 1575 manca
488 1549 517 1576 et
530 1548 700 1584 imperfecta
715 1549 883 1584 cognitione
897 1549 1040 1585 praeditus
1054 1557 1062 1577 :

235 1595 305 1618 cum
320 1590 409 1619 nobis
420 1599 526 1620 omnes
545 1592 604 1621 sint
619 1600 746 1621 numero
757 1594 993 1630 comprehensae,
1007 1601 1062 1621 nec

234 1635 358 1663 ulterius
374 1636 515 1672 progredi
523 1636 625 1665 liceat:
635 1645 740 1674 nempe
751 1646 769 1666 a
780 1638 796 1666 ὁ
808 1646 823 1666 c
838 1647 853 1667 e
865 1639 912 1674 fg
925 1639 945 1667 Ιι
955 1641 1064 1675 tempe-

234 1681 303 1708 rant
317 1679 486 1716 simplicem
501 1680 666 1716 hominem,
687 1683 936 1720 quandoquidem
950 1682 1063 1720 simpli-

236 1731 302 1752 cem
317 1724 562 1761 conjugationem
577 1727 949 1764 constituunt.Simplicem
961 1730 1062 1755 autem

235 1767 390 1797 hominem
401 1772 430 1798 et
442 1770 608 1806 simplicem
624 1772 868 1808 conjugationem
885 1780 939 1809 pro
955 1771 1063 1801 eodem

236 1819 360 1849 usurpo,
382 1821 493 1851 nempe
514 1823 569 1851 pro
584 1816 712 1852 perfecte
736 1819 901 1853 temperato
929 1816 1062 1850 homine,

236 1864 290 1885 seu
304 1857 431 1894 perfecte
446 1861 612 1896 temperata
619 1862 684 1897 conj
690 1861 841 1896 ugatione.
853 1861 985 1890 Aliarum
991 1869 1063 1889 vero

236 1902 481 1938 conjugationum
492 1912 684 1942 unaquaeque
699 1914 783 1934 suam
796 1906 888 1934 habet
899 1906 1064 1943 proprieta~

236 1947 306 1975 tem.
322 1948 433 1976 Omnes
448 1948 996 1986 igiturhominessuntnonagintaduo
1009 1959 1015 1978 :
1036 1952 1065 1978 et

236 1991 366 2029 simplex
380 2000 491 2030 nempe
514 1994 662 2030 perfectus
689 2003 695 2023 :
725 1995 856 2032 itemque
882 1995 923 2023 illi
951 2003 1004 2032 qut
1028 2003 1064 2023 ex

236 2038 351 2073 septem
366 2037 494 2074 simplici
508 2039 713 2074 conjugationi
726 2039 978 2075 respondentibus
992 2041 1064 2068 tem-

1118 1462 1328 1497 comparatum
1353 1468 1422 1488 cum
1448 1460 1506 1488 alio
1549 1468 1567 1488 α
1593 1460 1731 1497 ejusdem
1761 1456 1947 1497 coniugatio-

1117 1505 1164 1533 nis
1179 1507 1242 1533 tum
1257 1504 1465 1533 remissionem
1481 1507 1544 1533 tum
1561 1505 1651 1533 etiam
1666 1505 1867 1535 intensionem
1879 1513 1953 1534 susp

1117 1550 1199 1586 cipit.
1214 1551 1313 1585 Neque
1325 1557 1396 1577 vero
1418 1551 1527 1578 natura
1550 1550 1592 1578 ita
1618 1551 1828 1588 comparatum
1857 1551 1953 1586 esset,

1118 1594 1174 1622 nisi
1184 1594 1287 1622 omnia
1298 1593 1453 1622 individua
1468 1602 1486 1622 a
1502 1594 1638 1630 ejusdem
1658 1594 1881 1632 conjugationis
1903 1603 1955 1625 se—

1118 1638 1224 1667 cundae
1235 1640 1334 1666 essent
1345 1639 1515 1667 necessario
1528 1641 1650 1676 propter
1662 1639 1797 1678 videlicet
1803 1639 1957 1670 intensio-

1117 1691 1188 1711 nem
1203 1685 1231 1711 et
1245 1682 1464 1711 remissionem.
1480 1684 1583 1711 Utrum
1596 1684 1687 1719 igitur
1699 1684 1731 1712 in
1743 1680 1789 1712 his
1799 1683 1957 1720 coniuga-

1119 1727 1248 1755 tionibus
1259 1734 1349 1755 omne
1358 1727 1526 1755 individum
1539 1728 1702 1757 includitur
1715 1730 1742 1757 et
1753 1729 1959 1765 comprehen-

1117 1772 1197 1800 ditur
1207 1772 1221 1799 ‘?
1236 1774 1264 1800 et
1274 1780 1380 1800 omnes
1389 1774 1458 1800 sunt
1467 1773 1642 1809 monaginta
1657 1773 1720 1802 duo
1734 1779 1804 1802 cum
1814 1773 1959 1810 simplice

1118 1818 1146 1844 et
1155 1816 1211 1844 illis
1228 1818 1343 1852 septem
1357 1816 1409 1852 qui
1424 1816 1490 1852 pari
1505 1817 1532 1844 vi
1549 1817 1676 1853 parique
1686 1816 1827 1846 facultate
1837 1817 1958 1854 conju-

1118 1860 1230 1895 gationi
1242 1860 1367 1896 simplici
1382 1860 1581 1897 respondent;
1593 1865 1694 1890 utrum
1707 1861 1797 1890 etiam
1805 1861 1963 1891 intensio-

1118 1913 1189 1933 nem
1208 1907 1236 1933 et
1263 1904 1473 1933 remissionem
1500 1906 1660 1941 qualitates
1679 1906 1710 1934 in
1739 1906 1801 1934 suis
1819 1913 1960 1944 queque

1118 1949 1381 1986 conjugationibus
1397 1949 1589 1986 suscipiunt?
1612 1950 1855 1987 uniuscujusque
1879 1958 1960 1981 vero

1118 1994 1338 2030 conjugationis
1355 1993 1510 2022 individua
1530 1995 1601 2022 sunt
1615 1994 1734 2024 inﬁnita
1754 2003 1761 2023 :
1788 2002 1852 2024 non
1867 1996 1958 2033 quod

1119 2039 1177 2067 sint
1191 2041 1274 2067 extra.
1288 2039 1369 2074 ipsas
1385 2038 1623 2074 conjugationes,
1637 2039 1690 2067 sed
1707 2041 1832 2077 propter

236 2083 389 2118 perantur.
405 2082 497 2110 Porro
510 2090 615 2111 omnes
631 2085 721 2120 atque
734 2084 810 2112 adeo
837 2084 966 2120 simplex
994 2086 1064 2112 sunt
1080 2091 1102 2118 ι)
1119 2084 1235 2111 sionem
1250 2085 1278 2111 et
1292 2082 1501 2111 remissionem
1509 2091 1640 2119 quarum
1649 2085 1777 2121 utraque
1787 2084 1869 2113 intra
1884 2087 1952 2114 eon-

235 2124 352 2159 lnﬁniti,
381 2133 443 2154 non
473 2127 642 2156 secundum
670 2128 752 2157 aliud
775 2130 865 2165 atque
891 2127 984 2162 aliud,
1012 2128 1065 2156 sed

238 2172 388 2207 quatenus
400 2170 476 2199 alius
491 2171 646 2208 quispiam
659 2175 800 2210 estatque
808 2172 979 2201 dissimilis:
991 2179 1065 2200 nam

237 2214 320 2243 aliud
331 2215 492 2244 essentiam
507 2215 664 2253 signiﬁcat,
683 2220 714 2246 'et
735 2217 815 2246 aliud
844 2215 1034 2245 individuum
1056 2225 1063 2245 :

237 2258 382 2297 dissimile
394 2268 461 2289 vero
472 2261 671 2291 intensionem
687 2264 716 2290 et
730 2261 947 2290 remissionem.
957 2261 1064 2289 Omnes

236 2304 325 2340 igitur
339 2304 499 2334 aliusmodi
513 2305 716 2344 purgationes,
742 2312 931 2343 quacunque
956 2314 1064 2334 secun-

237 2347 306 2377 dum
314 2349 515 2380 intensionem
524 2353 555 2380 et
561 2351 766 2380 remissionem
773 2352 842 2378 sunt
848 2351 1065 2388 temperatee,in

238 2393 367 2423 termino
377 2391 492 2433 septem
502 2395 682 2425 consistunt:
691 2396 801 2431 nempe
812 2402 830 2423 α
839 2395 855 2422 b
865 2403 900 2424 ce
905 2396 946 2432 fg
955 2395 985 2425 h.
993 2395 1063 2424 Alite

237 2437 362 2475 quidem
390 2442 461 2469 sunt
484 2435 634 2479 quotquot
656 2447 693 2467 ex
721 2439 1005 2476 trauspositionibus
1037 2442 1065 2468 et

237 2482 756 2521 permutationibnsconiugationum
763 2486 909 2513 constant.
922 2487 956 2512 At
971 2484 1064 2513 dissi-

236 2527 324 2557 miles
340 2531 411 2558 sunt
423 2526 573 2566 quotquot
591 2528 622 2557 in
642 2535 826 2566 unaquaque
851 2529 1064 2565 conjugatione

237 2571 316 2602 intra.
329 2571 424 2610 ipsius
439 2571 580 2602 terminos
599 2572 763 2602 consistunt
778 2573 951 2611 habentque
967 2574 1064 2603 latitu-

237 2616 339 2647 dinem
349 2619 378 2646 et
385 2617 628 2646 comtationem.
636 2618 729 2646 Nemo
736 2618 817 2647 enim
824 2618 980 2654 distinguit
989 2619 1065 2647 inter

236 2652 418 2698 iracundum
433 2663 462 2690 et
475 2660 620 2698 cupidum
638 2663 804 2691 secundum
815 2663 888 2692 illud
913 2652 996 2700 quod
1021 2666 1066 2692 est

237 2705 336 2744 magis
350 2707 380 2743 et
393 2705 494 2742 minus
510 2715 516 2734 :
533 2707 852 2745 quandoquidemheec
864 2708 990 2737 latitudo
1003 2716 1065 2737 non

237 2751 538 2792 estdeﬂnitaetcerta.
549 2755 610 2781 Non
620 2753 702 2790 quod
708 2754 935 2783 omnislatitudo
941 2753 1066 2782 sitinde-

236 2792 332 2831 ﬁnita,
345 2795 476 2833 sedquia
484 2797 559 2827 illud
565 2798 648 2835 quod
657 2800 703 2828 est
714 2798 901 2827 indeﬁnitum
913 2797 1064 2827 interdum

235 2840 526 2889 etiatnlatitudinem
533 2842 624 2874 habet
630 2843 778 2874 interdum
789 2851 858 2874 vero
872 2844 917 2873 est
926 2842 1065 2881 latitudo,

1117 2127 1289 2164 jugationes
1304 2127 1439 2163 ipsorum
1463 2127 1600 2156 consistit
1626 2128 1640 2156 ?
1655 2127 1718 2157 Hoc
1732 2128 1823 2164 igitur
1849 2131 1959 2159 nostro

1120 2179 1259 2200 sermone
1274 2173 1388 2207 septem
1402 2172 1531 2208 partium
1548 2172 1686 2201 animalis
1701 2173 1817 2202 ratione
1834 2173 1962 2211 proditi

1120 2216 1365 2245 communionem
1376 2217 1475 2245 conati
1486 2225 1591 2245 sumus
1603 2217 1774 2252 ostendere,
1785 2218 1879 2256 cujus
1892 2219 1962 2256 qui-

1119 2260 1188 2289 dem
1195 2260 1337 2288 doctrinze
1346 2261 1474 2289 usumin
1483 2255 1860 2292 communionibusrerum
1867 2255 1964 2300 nitu-

1119 2304 1224 2333 ralium
1230 2304 1347 2340 longius
1356 2304 1506 2342 latiusque
1512 2305 1651 2335 diﬁ‘usum
1660 2306 1772 2335 habere
1780 2304 1962 2344 posuimus.

1120 2351 1209 2377 Porro
1224 2348 1298 2377 illud
1313 2357 1330 2378 a
1343 2350 1426 2386 quod
1446 2358 1637 2388 unaquaeque
1652 2352 1827 2387 conjugatio
1842 2348 1963 2382 indivi-

1119 2394 1214 2422 duum
1229 2393 1313 2430 quod
1327 2394 1397 2422 facit
1421 2394 1517 2423 facere
1532 2395 1617 2430 solet,
1634 2396 1791 2425 ostendere
1804 2402 1875 2433 non
1887 2403 1963 2434 gn.

1119 2438 1270 2473 vabimur,
1283 2438 1400 2467 etiamsi
1414 2440 1550 2468 tractatio
1560 2440 1625 2468 hiec
1648 2441 1758 2476 negotii
1770 2443 1800 2470 et
1806 2439 1962 2471 molestia

1119 2483 1209 2520 plena
1224 2484 1269 2511 sit.
1296 2486 1336 2512 Ac
1348 2484 1450 2521 plures
1466 2484 1590 2522 quidem
1610 2485 1661 2514 alii
1686 2485 1730 2514 in'
1743 2485 1802 2514 hac
1827 2484 1962 2516 scientia

1120 2529 1270 2557 exercitati
1286 2529 1455 2565 potuissent
1464 2530 1572 2558 melius
1583 2538 1645 2560 non
1659 2538 1695 2560 eo
1706 2530 1798 2560 modo
1807 2526 1878 2570 quo
1886 2535 1961 2568 nos,

1119 2574 1178 2606 sed
1191 2582 1252 2610 quo
1268 2576 1356 2610 pacto
1367 2574 1499 2603 maxime
1513 2576 1646 2612 oportuit
1658 2575 1736 2605 intra
1750 2576 1832 2613 ipsas
1847 2575 1963 2614 conju-

1119 2619 1266 2654 gationes,
1280 2621 1332 2646 aut
1347 2618 1432 2647 aliter
1442 2619 1507 2647 haec
1518 2620 1621 2649 omnia.
1633 2620 1782 2657 explicare
1794 2622 1825 2649 et
1838 2623 1961 2658 pertra-

1119 2667 1209 2693 ctare.
1223 2665 1258 2692 At
1266 2665 1333 2699 conj
1339 2664 1577 2700 ugationesalias
1585 2667 1690 2702 praeter
1698 2666 1763 2694 illas
1772 2674 1866 2696 nemo
1873 2669 1962 2704 pote-

1119 2709 1158 2737 rit
1175 2710 1314 2745 reperire,
1329 2716 1513 2746 quocunque
1535 2710 1627 2739 modo
1646 2710 1785 2739 immutet
1796 2706 1841 2740 et"
1855 2712 1962 2741 trans-

1120 2755 1213 2790 ponat
1223 2753 1309 2790 :quia
1318 2752 1532 2790 perfectissime
1540 2762 1624 2792 perm
1629 2757 1717 2784 utatae
1725 2757 1754 2784 et
1762 2756 1961 2796 transposita

1121 2800 1199 2826 sunt.
1211 2798 1320 2826 Verum
1330 2806 1386 2826 nos
1396 2800 1550 2836 utcunque
1560 2800 1799 2837 uniuscujusque
1809 2798 1961 2839 conjugi-

1121 2843 1213 2873 tionis
1237 2842 1427 2873 individuum
1453 2843 1659 2894 explicemus,“
1727 2844 1810 2894 hanc
1827 2846 1960 2895 ςμρςιιθ
