4130 6418
209 322 350 378 1313

1081 315 1438 373 THEODORI
1493 312 1545 370 Il
1582 312 1728 370 IMP.
1767 313 1871 372 ΒΕ*
1895 304 2361 376 COMWUNIONE
2398 305 2768 368 NATURALI.

3504 312 3641 378 1314

205 447 295 498 ὅτε
356 439 417 497 δὲ
467 447 558 496 καὶ
617 446 940 518 κρειττόνως,
1004 444 1078 514 μὴ
1158 442 1466 514 μεμφθῶμεν
1525 441 1669 514 παρὰ
1733 457 1869 500 τινος
1903 437 1953 492 Α
1979 457 2090 511 μεν,
2132 436 2249 491 ούτε
2276 440 2334 490 τὸ
2362 435 2641 508 ἀναγκαῖον
2675 457 2687 469 ·
2724 440 2776 488 οῖ
2803 430 2853 488 δ’
2885 433 2966 487 ὅτι
3017 433 3068 487 οἱ
3117 434 3250 507 μετὰ
3298 435 3510 495 τούτους
3546 434 3644 502 ,αύ-

206 533 560 598 ἐξετάσαντες.
644 530 843 586 Οἷδασι
917 533 1019 605 γὰρ
1085 533 1134 583 οἱ
1193 527 1526 604 διερχόμενοι
1578 528 1873 601 ἐπιστήμην

205 632 316 683 πῶς
369 619 450 675 δεῖ
492 620 820 694 φυσιολογεῖν
871 626 961 674 xui
1007 629 1117 681 πῶς
1174 619 1479 692 οἰκοινομεῖν
1517 637 1570 672 τε
1616 623 1705 671 καὶ
1756 616 1876 670 συλ-

207 714 519 786 λογίζεσθαι
545 733 556 746 '
611 710 697 764 διὸ
729 718 864 765 πᾶσι
916 715 1005 784 μὲν
1036 730 1126 764 και
1171 712 1341 768 πάντη
1383 709 1473 762 καὶ
1524 712 1660 762 κατὰ
1706 711 1879 762 πάντα

206 810 284 872 τῷ
347 806 649 876 Σταγειρίτη
720 803 1024 874 πειθόμεθα,
1090 799 1429 874 φυσιολογικῇ
1485 794 1545 852 δὲ
1591 802 1681 852 καὶ
1729 798 1878 850 αὐτοὶ

210 889 549 964 ἐπιϐάλλομεν
610 887 785 962 φειδοῖ
862 897 956 943 τοῦ
1026 886 1238 964 ἀνδρὸς,
1315 887 1640 961 ἀναιροῦντες
1682 891 1877 945 ταύτην

208 1001 307 1040 την
343 977 501 1043 δόξαν
529 979 583 1032 ἐκ
631 983 831 1042 ταύτης
879 980 958 1050 (ί)
1011 988 1110 1032 τῶν
1151 979 1701 1052 χαρακτηρισμάτωυ.
1737 975 1878 1031 Οὐδὲ

209 1073 334 1144 γὰρ,
387 1066 622 1142 ἀνδρεῖος
687 1071 712 1120 ό
761 1068 962 1141 μεγάλα
1010 1070 1146 1140 ἔχων
1195 1070 1262 1121 τὰ
1302 1069 1624 1142 ἀκρωτήρια,
1684 1069 1879 1140 φάσκοι

210 1177 322 1231 μεν,
379 1157 506 1210 ἀλλὰ
573 1161 659 1210 τόν
711 1157 878 1219 οὕτως
925 1159 1250 1231 ἡρμοσμένον
1311 1159 1338 1216 ἡ
1409 1157 1568 1217 οὕτως
1626 1163 1739 1217 ταῖς
1788 1175 1878 1208 συ-

211 1247 422 1318 ζυγίαις
464 1267 476 1278 ·
525 1244 627 1298 ἐκεῖ
681 1248 782 1318 γὰρ
839 1248 1135 1318 σχημάτων
1212 1242 1460 1318 διαφορὰ,
1550 1241 1731 1297 ἐνθαδὶ
1820 1241 1879 1296 δὲ

207 1343 401 1408 χυμῶν
455 1340 545 1388 καὶ
591 1334 779 1406 ψυχῆς
823 1344 989 1408 μερῶν
1051 1331 1334 1406 ἰδιώματα,
1381 1339 1471 1386 xui
1503 1329 1596 1386 διὰ
1642 1341 1794 1386 τοῦτο
1819 1336 1878 1385 τὸ

211 1428 562 1497 συναγόμενον
631 1425 805 1476 ὁποῖόν

525 1244 627 1298 ἐκεῖ
681 1248 782 1319 γὰρ
839 1248 1135 1318 σχημάτων
1212 1242 1460 1319 διαφορὰ,

883 1424 997 1476 ἐστι
1080 1424 1429 1482 καταληπτόν.
1474 1426 1561 1476 Διὸ
1609 1428 1728 1498 περὶ
1787 1425 1877 1494 μὲν

207 1522 310 1576 τῆς
357 1523 456 1565 τῶν
513 1514 779 1586 συζυγιῶν
849 1515 1044 1577 τάξεως
1102 1519 1193 1566 καὶ
1248 1513 1493 1588 εύρέσεως
1545 1517 1636 1565 xui
1692 1513 1878 1574 θέσεως

210 1610 310 1657 καὶ
378 1603 655 1676 ἓναλλαγῆς
726 1600 1104 1665 ἀποδεικτικῶς
1185 1604 1406 1665 εἰπόντες
1478 1603 1573 1656 ούκ
1646 1601 1706 1654 ἂν
1760 1604 1877 1675 ἔρυ-

215 1694 530 1768 θριάσαιμεν
578 1698 802 1759 πώποτε,
885 1695 1061 1768 ὅτιπερ
1137 1693 1410 1765 εἰρήκαμεν
1489 1695 1625 1744 κατὰ
1699 1693 1876 1762 φύσιν,

217 1781 624 1854 φυσιολογὴσειν
704 1779 763 1835 δὲ
844 1785 1061 1843 ταύταις
1125 1781 1242 1834 κατ’
1304 1783 1517 1854 ἄτομον,

215 1871 583 1944 ἀνασταλῶμέν
631 1891 755 1926 ποτε
818 1873 928 1926 οὔθ’
997 1872 1366 1945 ύποσταλῶμεν
1450 1871 1590 1944 αύτῷ
1665 1875 1755 1924 καὶ
1794 1869 1879 1924 ἐπὶ

209 1963 439 2030 τούτοις,
494 1962 606 2014 οὗθ’
657 1963 758 2014 ὑπὸ
810 1966 905 2024 τὴς
955 1963 1097 2014 κάτω
1146 1964 1302 2036 φορὰν
1347 1960 1718 2033 ἀχθησόμεθα,
1772 1958 1877 2012 ἀλλ’

215 2047 571 2124 ἐνδεχομένως
615 2050 1090 2123 φυσιολογὴσαντες
1145 2053 1238 2112 ὡς·
1276 2050 1413 2112 εἰκὸς
1459 2055 1553 2109 τὴν
1610 2047 1880 2125 διάκρισιν

213 2148 324 2200 τοῖς
375 2147 555 2212 σοφοῖς
625 2138 976 2214 ἀναθήσομεν,
1028 2147 1136 2200 τοῖς
1191 2137 1251 2191 δέ
1306 2159 1363 2212 γε
1409 2139 1520 2210 μεθ’
1583 2140 1720 2212 ἡμᾶς
1765 2137 1880 2192 ἁνε-

217 2236 400 2306 ρευνᾴν
455 2229 788 2304 βουλομένοις
825 2233 893 2284 τὰ
922 2227 1239 2304 ἐνδεχόμενα
1283 2232 1400 2283 οὔτε
1446 2232 1598 2303 ἡμεῖς
1650 2229 1882 2283 κωλύσο⁴

217 2411 455 2479 partem
479 2407 770 2465 naturalis
794 2408 1054 2464 scientiae
1092 2406 1210 2465 levi
1236 2406 1484 2466 brachio
1525 2407 1883 2478 attingamus

219 2501 281 2554 et
307 2497 483 2570 quasi
509 2513 848 2570 praecamus
876 2497 990 2553 illis
1017 2498 1123 2570 qui
1142 2512 1306 2553 nunc
1346 2512 1632 2570 campum
1653 2496 1887 2568 ingredi

219 2586 523 2642 voluerint
543 2585 727 2658 idque
756 2585 1060 2642 interdum
1084 2586 1306 2663 leviore
1324 2585 1574 2643 brachio
1609 2590 1676 2643 ut
1733 2585 1884 2643 dixi-

224 2691 366 2731 mus
393 2675 693 2731 interdum
710 2674 889 2731 etiam
908 2675 1264 2739 accuratius,
1281 2690 1359 2731 ne
1379 2675 1528 2733 forte
1549 2676 1612 2731 in
1633 2673 1886 2747 alicujus

219 2763 750 2836 reprehensionem
766 2763 1376 2836 nostriperscrutendi
1398 2764 1664 2821 studium
1691 2764 1886 2821 incur-

221 2859 334 2910 rat.
350 2857 497 2910 Nam
511 2853 612 2926 qui
625 2852 1073 2925 philosophiam
1084 2849 1288 2910 litteris
1311 2858 1886 2926 persequuntur,no-

220 2947 494 3016 runtquo
506 2948 682 3014 pacto
693 2941 756 2998 in
773 2942 1024 2999 scientia
1050 2942 1308 2999 naturali
1325 2942 1548 2998 versari
1568 2946 1842 3014 oporteat
1868 2957 1883 2998 :

222 3047 349 3106 quo
414 3035 591 3103 pacto
637 3030 990 3087 distribuere
1042 3035 1101 3087 et
1142 3027 1480 3103 colligendo
1529 3031 1887 3088 concludere

1978 533 2082 588 τοῖς
2150 531 2269 601 περὶ
2314 530 2372 578 τὸ
2459 525 2780 598 φυσιολογεῖν
2837 522 3212 599 ἀναντιῤῥὴτως
3269 524 3642 597 φιλοτιμήσον-

1979 637 2087 684 ται,
2136 613 2223 669 διὸ
2267 615 2326 676 ἡν
2375 615 2558 669 ἐκεῖνοι
2617 618 2744 691 πρὸς
2788 618 2909 677 τοὺς
2959 613 3076 677 ἐξης
3122 617 3217 672 τὴν
3257 612 3305 666 ἐν
3352 621 3470 675 ταῖς
3514 633 3642 688 γρα-

1983 713 2101 779 φαῖς
2162 711 2478 779 συγγνώμην
2549 704 2832 774 ἐθέλουσιν,
2886 703 2938 766 ἐξ
2994 703 3161 756 αὐτῶν
3223 705 3373 776 ἡμεῖς
3415 701 3643 766 ἐξαιτού-

1982 798 2132 870 μεθα.
2203 803 2368 849 Τοῦτο
2424 793 2483 848 δὲ
2537 794 2652 848 οὔτε
2711 792 2881 867 δειλίᾳ
2933 795 2999 855 ὡς
3050 797 3242 866 πέφυκε
3277 797 3533 866 γέγραφα,
3574 795 3644 855 ὡς

1981 891 2076 945 τὴν
2148 885 2263 938 κατ’
2315 884 2402 958 ἐμὲ
2441 888 2614 956 γενεὰν
2671 887 2761 956 ἐμὲ
2811 880 3004 937 εἰδέναι
3066 887 3229 958 μέχρι
3281 887 3370 935 καὶ
3406 890 3506 934 τῶν
3556 880 3646 958 ἆῤ-

1981 976 2151 1050 ῥὴτων
2211 973 2346 1035 ἐντός
2415 981 2506 1034 τῆς
2559 973 2868 1046 φιλοσοφίας
2931 977 3242 1044 γιγνώσκειν
3292 969 3640 1044 ἀφιλονείκως,

1983 1064 2100 1116 οὔτε
2174 1067 2233 1116 τὸ
2295 1066 2523 1136 κρυπτὸν
2597 1059 2741 1134 εἶχόν
2795 1080 2850 1114 τε
2918 1065 3010 1114 καὶ
3059 1057 3376 1134 κερδωτικόν
3418 1057 3504 1113 οἶα
3548 1061 3649 1113 πά-

1987 1174 2188 1228 σχουσι
2227 1156 2276 1206 οἱ
2316 1151 2512 1224 πολλοὶ,
2573 1156 2661 1210 τὴν
2707 1147 3012 1209 συνείδησιν
3071 1149 3364 1213 ἀπατῶντες
3421 1153 3511 1202 καὶ
3566 1167 3648 1220 γε·

1982 1245 2168 1298 λαστ-οὶ
2208 1247 2464 1316 γινόμενοι
2501 1251 2573 1314 τῷ
2611 1241 2763 1314 γελᾴν
2815 1244 2892 1313 (2)
2939 1245 3026 1294 καὶ
3079 1239 3128 1293 ἐν
3188 1241 3391 1309 οἰκείοι,
3438 1238 3648 1314 ἀρκύοις

1985 1333 2389 1408 ἀγχονιζόμενοι
2441 1354 2453 1366 '
2503 1330 2630 1384 ἀλλὰ
2683 1331 2958 1404 φιλόσοφος
3013 1330 3080 1382 ὢν
3141 1335 3232 1383 xui
3264 1334 3323 1382 τό
3381 1336 3648 1383 ταπεινοῦ-

1985 1427 2111 1478 σθαι
2166 1429 2434 1496 γινώσκων
2491 1421 2665 1488 καλόν,
2734 1424 2821 1473 καὶ
2879 1423 2939 1472 τό
2996 1424 3200 1494 μέτριον
3273 1419 3481 1494 ἀρετὴν,
3558 1423 3649 1472 xui

1983 1516 2050 1566 τὰ
2095 1515 2232 1586 μὲσα
2288 1511 2597 1588 ἀκρότητας.
2649 1515 2740 1563 xui
2793 1512 2890 1571 τὰς
2940 1508 3233 1584 ἀκρότητας
3269 1506 3317 1560 ἐν
3371 1512 3645 1581 μεσότητι,

1983 1606 2228 1677 καὶπρὸς
2260 1603 2465 1662 τούτοις
2492 1604 2581 1652 xui
2610 1597 2694 1652 ἐπὶ
2749 1598 2949 1660 τούτοις
3004 1600 3082 1651 ὅτι
3135 1599 3337 1663 θνητὸς,
3390 1598 3472 1649 ὃτι
3517 1599 3652 1670 πρὸς

1987 1689 2273 1754 σνδούλους
2336 1689 2467 1764 βοῶ,
2544 1691 2626 1742 ὅτι
2692 1692 2824 1764 πρὸς
2897 1687 3250 1761 ἐπιστήμονας
3321 1683 3648 1759 διατίθεμαι,

1604 1783 1721 1833 οὔτε
1776 1783 1878 1853 μὴν
1916 1781 2066 1848 Βὸτι
2143 1783 2210 1843 εἷς
2269 1785 2361 1834 xui
2419 1783 2572 1853 μόνος
2626 1777 2767 1832 ἐστὶν
2820 1779 2846 1830 ό
2905 1783 3099 1853 κυρίως
3151 1781 3240 1830 καὶ
3280 1779 3437 1838 ὅντως
3495 1779 3649 1849 σοφός

1986 1875 2144 1932 οὕτως
2227 1867 2291 1929 δὴ
2344 1870 2494 1942 λέγω,
2560 1874 2734 1922 πᾶσαν
2792 1865 2852 1921 δε
2931 1871 3024 1926 τὴν
3081 1873 3294 1940 γνώμην
3333 1867 3480 1939 ἡμῶν
3538 1871 3651 1928 τοῖς

1983 1948 2290 2036 κρειττόνως
2383 1960 2691 2032 εὑρίσκουσι
2796 1955 3212 2033 προσκολλῶμεν.
3309 1958 3414 2014 Τὴν
3488 1957 3650 2027 χάριν

1989 2047 2050 2104 δὲ
2094 2057 2186 2103 τοῦ
2260 2047 2468 2122 βιϐλίου
2540 2056 2632 2108 τῆς
2687 2045 3000 2120 ἐπιστήμης
3044 2042 3113 2104 δὴ
3180 2047 3382 2106 ταύτης
3431 2041 3652 2106 ἐξαυτῆς

1989 2144 2082 2192 σὺν
2129 2146 2190 2212 τῇ
2251 2142 2536 2211 συγγνώμη
2589 2136 2876 2210 αἰτούμεθα
2931 2156 2945 2172 ο
3005 2132 3143 2188 ἴδιον
3194 2136 3292 2208 γὰρ
3361 2131 3652 2206 φιλοτιμεῖ-

1992 2231 2116 2284 σθαι
2163 2236 2270 2290 τοῖς
2319 2230 2514 2296 ὁμοίοις
2566 2228 2614 2280 οἱ
2673 2227 2846 2300 ὅμοιοι
2877 2223 3172 2302 δωρήματα
3220 2226 3290 2278 τὰ
3325 2221 3648 2282 κατάλληλα.

1991 2407 2378 2481 quisitionem
2403 2403 2774 2479 sapientibus
2784 2404 3215 2478 relinquemus.
3231 2401 3407 2470 Quod
3417 2399 3655 2476 quomi-

1989 2512 2108 2553 nus
2131 2497 2353 2553 faciant
2388 2511 2584 2568 neque
2620 2510 2658 2551 a
2693 2493 2893 2565 nobis,
2932 2509 3132 2567 neque
3201 2508 3239 2550 a
3266 2492 3392 2550 fato
3446 2491 3651 2564 aliquo

1991 2584 2414 2658 impediantur.
2454 2583 2748 2656 Equidem
2775 2583 2892 2640 hoc
2913 2588 3075 2642 certo
3114 2581 3257 2650 scio,
3280 2581 3407 2638 fore
3445 2595 3518 2636 ex
3547 2594 3654 2652 po-

1994 2675 2164 2732 steris
2188 2675 2423 2747 aliquos
2443 2673 2548 2747 qui
2569 2688 2693 2730 non
2704 2671 3153 2730 contradicendi
3169 2670 3366 2727 studio
3378 2669 3653 2727 eamdem

1992 2763 2056 2820 in
2084 2764 2201 2820 hac
2225 2761 2621 2836 philosophiae
2641 2765 2811 2835 parte
2842 2777 3113 2835 operam,
3158 2763 3406 2833 ponant.
3458 2760 3653 2824 Quare

1994 2868 2185 2926 quam
2221 2853 2303 2909 illi
2330 2852 2568 2910 veniam
2600 2850 2902 2925 aposteris
2935 2849 3328 2908 suislibenter
3345 2850 3651 2920 exspecta.

1993 2943 2147 3000 bunt
2191 2943 2350 2999 hanc
2403 2957 2516 2998 nos
2594 2940 2673 2998 ab
2719 2939 2865 3013 ipsis
2928 2940 3211 3012 petimus.
3267 2941 3470 3011 Neque
3510 2949 3654 2993 vero

1994 3032 2263 3103 ignaram
2291 3036 2348 3088 et
2387 3030 2864 3089 somniculosam
2884 3044 3133 3102 operam
3161 3028 3224 3085 in
3250 3027 3344 3084 his
3386 3024 3652 3084 conscri-

225 3135 474 3178 necesse
503 3121 596 3176 sit.
632 3120 856 3176 Idcirco
887 3120 948 3176 in
978 3119 1263 3177 omnibus
1295 3118 1542 3178 omnino
1597 3126 1654 3178 et
1681 3137 1888 3178 secun-
1919 3118 1960 3175 C
1993 3123 2208 3180 bendis
2247 3121 2587 3194 posuimus,
2633 3123 2692 3177 et
2719 3135 2926 3177 meum
2964 3119 3081 3177 hoc
3123 3115 3414 3176 saeculum
3451 3111 3655 3174 testari

226 3209 379 3266 dum
399 3209 602 3266 omnia
632 3210 923 3281 Stagiritae
959 3209 1472 3282 obtempe'ramus,
1497 3225 1610 3268 nos
1644 3226 1890 3284 quoque

227 3298 492 3356 scientiae
522 3298 814 3356 naturalis
847 3299 1101 3355 studiosi
1131 3299 1392 3358 rationes
1451 3299 1558 3356 viri
1609 3299 1764 3356 illius
1811 3300 1890 3359 ad

225 3393 401 3445 tenue
421 3393 478 3445 et
508 3388 586 3445 ad
616 3393 926 3445 concisum
965 3387 1237 3446 elimatas
1265 3389 1457 3445 fusius
1495 3388 1887 3462 explicemus,

226 3477 526 3535 elicientes
553 3478 711 3534 hanc
741 3478 1090 3552 opinionem
1121 3493 1190 3535 ex
1219 3479 1314 3535 ille
1345 3491 1480 3552 quas
1511 3491 1620 3554 per
1649 3473 1892 3552 insigni-

225 3569 319 3624 tas
350 3567 615 3640 corporis
657 3571 833 3624 notas
860 3567 1174 3638 colligitur.
1209 3571 1409 3642 Neque
1440 3570 1602 3625 enim
1633 3569 1891 3626 dicimUs

225 3657 390 3714 hunc
417 3657 480 3713 in
503 3657 756 3714 modum
787 3676 800 3713 :
837 3657 1021 3713 Fortis
1043 3655 1136 3712 ille
1160 3662 1248 3713 est
1277 3659 1382 3731 qui
1414 3673 1672 3729 magnas
1710 3660 1894 3716 habet

227 3746 647 3812 extremitates;
673 3746 798 3801 sed.
827 3747 934 3812 Qui
955 3746 1071 3802 hoc
1096 3745 1188 3802 vel
1217 3744 1318 3803 illo
1357 3747 1539 3803 modo
1559 3747 1894 3804 secundum

225 3834 685 3905 coniugationes
745 3838 1110 3907 temperatus
1150 3839 1258 3890 est.
1299 3838 1446 3891 Nam
1486 3851 1558 3890 ex
1596 3835 1892 3907 insignitis

229 3923 497 3994 corporis
536 3923 696 3980 notis
735 3923 1170 3994 ﬁgurationum
1195 3922 1519 3980 discrimen
1552 3925 1892 3982 considera-

230 4015 326 4067 tur
358 4027 373 4078 ;
402 4011 496 4068 hic
524 4018 726 4068 autem
753 4013 1080 4069 humorum
1120 4017 1176 4069 et
1215 4015 1475 4085 partium
1508 4013 1726 4070 animm
1756 4030 1892 4088 pro-

221 4101 506 4174 prietates
529 4101 968 4174 expenduntur.
995 4105 1120 4168 Quo
1143 4101 1208 4158 ﬁt
1232 4107 1291 4158 ut
1313 4103 1454 4159 illud
1480 4103 1645 4176 quod
1662 4103 1890 4161 ratione

226 4190 623 4259 concluditur,
669 4191 841 4248 tacite
903 4191 1282 4262 intelligatur.
1347 4195 1492 4248 Cum
1573 4192 1751 4264 igitur
1815 4192 1890 4250 de

226 4281 726 4354 conjugationum
743 4281 975 4351 ordine,
1021 4282 1381 4354 inventione,
1414 4281 1804 4340 collocatione
1835 4288 1893 4341 et

221 4371 665 4446 permutatione
693 4375 970 4428 accurate
998 4371 1279 4444 diximus,
1306 4387 1624 4445 nunquam
1648 4372 1888 4429 erubes-

1995 3215 2191 3286 potest
2217 3225 2312 3267 res
2331 3209 2648 3283 pleresque
2671 3207 2936 3268 occultas
2977 3208 3038 3266 et
3101 3206 3181 3264 ab
3246 3207 3378 3280 ipsa
3438 3208 3657 3264 natura

1998 3301 2300 3358 involutas
2333 3300 2478 3356 mihi
2506 3302 2744 3373 apertas
2783 3302 2845 3355 et
2912 3297 3266 3376 manifestas
3326 3295 3604 3354 exsistere
3637 3311 3650 3352 ε

1998 3406 2184 3464 quam
2209 3405 2354 3447 sane
2371 3388 2774 3460 cognitionem
2787 3385 3658 3464 insole'nteretintemperanter

1997 3497 2124 3553 prae
2151 3495 2248 3536 me
2272 3479 2424 3536 ferre
2465 3478 2672 3536 nolim.
2710 3482 2914 3552 Neque
2944 3478 3089 3535 haec
3145 3492 3370 3536 arcana
3414 3489 3656 3533 mecum

1999 3568 2186 3626 habui
2207 3573 2422 3637 astute,
2451 3573 2514 3625 ut
2527 3567 3013 3640 solentmultiqui
3033 3566 3465 3624 conscientiam
3480 3579 3657 3622 suam

1999 3658 2110 3731 ipsi
2138 3658 2373 3728 fallunt,
2404 3657 2519 3730 ipsi
2559 3673 2621 3713 se
2659 3655 2907 3714 ridicule
2936 3654 3183 3731 insanos
3220 3657 3544 3724 ostentant,
3585 3669 3658 3711 ac

2001 3748 2124 3804 suis
2149 3748 2262 3821 ipsi
2286 3747 2513 3804 retibus
2538 3747 2884 3804 suffocatur.
2921 3747 3037 3804 Sed
3063 3762 3204 3803 cum
3243 3759 3354 3816 ego
3387 3744 3503 3801 sim
3523 3743 3658 3817 phi-

1999 3836 2312 3910 losophus,
2337 3836 2646 3909 sciamque
2667 3836 3026 3894 modestiam
3039 3851 3170 3892 esse
3192 3851 3332 3892 cum
3343 3835 3659 3891 honestate

2001 3927 2388 3999 conjunctam
2419 3931 2476 3984 et
2505 3926 2976 3984 moderationem
3011 3941 3141 3983 esse
3161 3924 3660 3982 virtutemzitem~

2000 4031 2119 4089 que
2140 4032 2274 4088 quae
2303 4015 2506 4074 media
2537 4016 2675 4088 sint,
2710 4029 2972 4090 quasque
2993 4019 3260 4072 extrema
3285 4013 3349 4071 in
3374 4011 3661 4071 humanis

2000 4105 2384 4162 actionibus:
2443 4109 2727 4178 praeterea
2772 4115 2910 4162 cuin
2970 4103 3148 4162 sciam
3199 4119 3297 4160 me
3343 4100 3661 4160 mortalem

1999 4209 2131 4252 esse
2145 4195 2411 4268 mihique
2424 4210 2596 4268 opem
2611 4210 3035 4252 conservorum
3051 4209 3183 4252 esse
3198 4191 3658 4266 implorandam:

1998 4299 2098 4341 me
2119 4300 2260 4341 cum
2291 4284 2663 4358 sapientibus
2704 4285 2951 4354 versari,
2991 4299 3184 4340 unum
3223 4282 3486 4356 denique
3525 4296 3659 4338 esse

1996 4373 2255 4446 perfecte
2268 4378 2472 4431 etvere
2490 4373 2852 4447 sapientem:
2878 4372 3020 4430 Ideo
3040 4372 3102 4429 in
3123 4371 3282 4430 hanc
3305 4371 3663 4428 sententiam

217 4461 631 4535 cemus,quod
648 4461 1069 4519 convenienter
1088 4466 1318 4519 naturae
1349 4462 1657 4536 principiis
1687 4461 1889 4520 docui-
1921 4481 1965 4537 ι)
1999 4479 2344 4520 sermonem
2372 4479 2578 4520 meum
2604 4462 2900 4520 concludo
2928 4481 2941 4519 :
2970 4467 3036 4519 ut
3059 4466 3276 4520 nostra
3306 4459 3665 4518 sententiam

216 4567 363 4610 Inus
390 4550 465 4608 de
502 4551 1009 4624 temperationum
1049 4552 1600 4624 conjugatiOnibus,
1642 4552 1789 4610 illud
1826 4554 1888 4610 in

220 4639 556 4697 individuis
587 4640 735 4713 ipsis
767 4639 1083 4697 ostendere
1117 4657 1129 4696 :
1162 4655 1359 4714 neque
1397 4641 1513 4698 hoc
1550 4641 1751 4715 ipsum
1782 4658 1887 4699 un-

222 4744 412 4801 quam
425 4745 749 4788 renuemus
761 4745 957 4804 neque
976 4729 1482 4801 subterfugiemus
1501 4747 1514 4786 :
1529 4747 1725 4804 neque
1746 4747 1882 4788 vero

1998 4553 2411 4626 adjungamus
2437 4553 2742 4610 sententia:
2787 4545 3029 4634 illorum
3085 4551 3191 4625 qui
3218 4551 3470 4608 meliora
3494 4563 3666 4623 repe«

1994 4643 2165 4699 rient.
2209 4642 2476 4700 Gratiam
2512 4659 2655 4700 vero
2681 4646 2928 4717 propter
2970 4641 3308 4700 doctrinam
3341 4645 3398 4698 et
3433 4643 3667 4698 senten-

1993 4732 2140 4790 tiam
2156 4737 2407 4790 nostran
2423 4733 2538 4791 hoc
2556 4733 2711 4790 libro
2734 4732 3239 4806 comprehensam
3254 4729 3665 4805 deposcimus-

217 4818 308 4877 ab
335 4817 538 4878 inﬁma
597 4835 854 4894 quaeque
915 4819 1372 4889 descendemus,
1413 4819 1518 4876 sed
1557 4825 1880 4892 postquam
1991 4825 2096 4881 Est
2123 4822 2286 4878 enim
2315 4834 2562 4896 aequum
2583 4827 2648 4880 ut
2669 4821 2894 4878 similes
2917 4837 2956 4879 a
2985 4820 3283 4878 similibus
3305 4823 3518 4878 mutua
3547 4821 3666 4876 stu-

217 4913 559 4983 utcumque
581 4910 934 4983 perscrutati
959 4909 1273 4980 fuerimus,
1298 4909 1733 4968 accuratiorem
1753 4910 1880 4967 dis-
1990 4909 2237 4968 diorum
2272 4926 2528 4968 munera
2564 4910 2829 4969 studiose
2869 4913 3234 4984 exspectent.

1916 5048 1988 5062 _

213 5143 677 5235 Diagramma
706 5143 1166 5236 adjiciendum
1196 5143 1394 5213 tertio
1453 5142 1755 5236 sermoni
1783 5141 2122 5213 Theodori
2149 5145 2380 5236 Ducas,
2417 5143 2488 5213 in
2515 5163 2648 5236 quo
2706 5166 3073 5215 numerum
3099 5139 3666 5235 conjugationum

1413 5233 1498 5304 ob
1542 5234 1774 5302 oculos
1815 5257 2071 5327 ponere
2107 5229 2477 5304 voluimus.

516 5375 574 5430 Ἡ
603 5375 738 5437 άπλῆ
768 5381 855 5450 καὶ
883 5381 1062 5450 πρώτη
1107 5376 1354 5450 συζυγία.

307 5512 570 5522 ,μὴ
735 5447 940 5522 αβγζ
1053 5447 1284 5510 εζηθ

299 5515 841 5593 ίΗλβτάξιςτᾸ-α-Δβ
985 5588 1002 5593 _
1044 5538 1068 5593 ε
1108 5524 1136 5584 ζ
1177 5540 1207 5579 η

300 5583 671 5666 (η’ξΑναιρεῖν
703 5583 866 5654 δόξαν
886 5583 946 5644 ἶκ
973 5583 1148 5666 δόξας,
1187 5592 1252 5648 id
1279 5593 1387 5664 est,
1412 5591 1752 5665 Opinionem
1779 5607 1856 5658 θιτ
1880 5609 1904 5652 ῦ

1990 5592 2162 5654 niane
2198 5593 2428 5656 elicere.

305 5662 389 5736 (2)
412 5662 576 5735 Lego'
595 5662 839 5736 γελαστοὶ
863 5671 964 5717 τῶν
991 5663 1278 5739 γελαστῶν.

2553 5381 2587 5435 2

2553 5451 2588 5506 3

2555 5525 2590 5581 4-

2627 5398 2661 5433 α

2627 5469 2661 5505 α

2627 5542 2662 5579 α

2699 5376 2736 5453 β

2700 5447 2737 5596 ἕ

2774 5400 2827 5452 γε
2945 5375 3116 5452 ξηθ

2776 5450 2834 5524 νο
2947 5450 3121 5524 ηοξ

2777 5523 2835 5596 γ.
2951 5523 3124 5585 ce;
