4130 6410
251 324 396 380 131⁸7

1123 324 1479 381 THEODORI
1531 326 1576 380 ll
1621 327 1759 382 IMP.
1805 323 1897 382 DE
1943 323 2405 388 COMHUNIONE
2455 329 2809 392 NATURALI

3517 335 3659 403 1318

253 495 3646 548 M

533 796 1712 979 ΘΕΟΔΩΡΟΥ
1811 809 2228 982 ΤΟΥ
2345 813 3362 994 ΛΑΣΚΑΡΙ

458 1180 610 1228 ΤΟΥ
698 1179 880 1227 ΥΙΟΥ
969 1178 1117 1228 ΤΟΥ
1203 1177 1588 1230 ΜΕΓΑΛΟΥ
1678 1180 2056 1232 ΒΑΣΙΛΕΩΣ
2145 1185 2399 1237 ΚΥΡΟΥ
2489 1189 2852 1244 ῙΩΔΝΝΟΥ
2937 1195 3089 1244 ΤΟΥ
3175 1196 3438 1248 ΔΟΥΚΔ.

971 1444 1283 1558 ΤΗΣ
1350 1445 2018 1564 ΦΥΣΙΚΗΣ
2086 1451 2955 1572 ΚΟΙΝΩΝΙΑΣ

1414 1767 1810 1858 ΛΟΓΟΣ
1893 1775 2487 1862 ΤΕΤΑΡΤΟΣο

922 2200 1941 2348 THEODOBI
2044 2209 2982 2354 LASCARIS

732 2555 926 2620 FILII
1011 2558 1302 2623 SUMMI
1386 2559 1974 2631 IMPERATORIS

2058 2567 2382 2632 DOMIMI
2462 2572 2822 2638 JOANNIS
2908 2575 3166 2640 DUCE

897 2825 1088 2946 DE
1183 2826 1934 2950 NATURALI
2033 2832 3012 2958 COMMUNIONE

1404 3176 1801 3271 SEBMO
1898 3177 2492 3291 QUARTUS.

311 3649 374 3704 α’.
438 3657 796 3726 Τοσαυταχώς
861 3661 948 3707 οὑν
997 3656 1090 3717 τὰς
1141 3657 1189 3708 ἓν
1245 3655 1538 3732 ἀνθρώποις
1586 3665 1768 3731 χυρῶν
1838 3677 1891 3711 τε
1924 3661 2057 3712 Arb
2112 3661 2275 3712 ποσὸν
2328 3659 2600 3732 εὑρεθῆναι
2655 3655 2914 3712 ἀδύνατον
2964 3679 2980 3694 ·
3028 3667 3199 3714 ποσοῦ
3245 3662 3350 3735 γὰρ
3399 3659 3496 3715 οὐκ
3547 3659 3660 3715 ἐπί-

234 3745 327 3793 καὶ
391 3739 639 3813 ψυχικῶν
697 3752 863 3816 μερῶν
921 3749 1188 3806 κοινωνίας
1254 3747 1484 3820 εὑρόντες
1535 3749 1887 3821 γεγράφαμεν,

235 3832 307 3891 ὡς
347 3825 474 3896 ἔδει,
534 3829 898 3906 ἐρευνήσαντες
939 3837 1061 3907 πρίν
1124 3855 1137 3867 ’
1177 3835 1236 3887 οὐ
1304 3835 1652 3910 περικλείομεν
1714 3831 1773 3888 δὲ
1824 3839 1892 3889 τὰ

239 3914 508 3989 ἰδιώματα
552 3930 651 3972 τῶν
717 3940 771 3973 τε
832 3925 967 3974 κατὰ
1039 3922 1188 3993 λόγον
1250 3923 1624 3997 ἐργαζομένων,
1682 3933 1780 3977 τῶν
1836 3945 1892 3978 τε

238 4009 375 4058 κατὰ
400 4008 579 4080 θυμὸν,
611 4018 710 4060 τῶν
763 4029 815 4063 τε
869 4010 982 4064 κατ’
1036 4011 1339 4085 ἐπιθυμίαν,
1398 4018 1488 4066 καὶ
1533 4022 1634 4066 τῶν
1687 4017 1890 4086 ἔκάστῳ

237 4093 614 4169 ἀφωσιωμὲνων
659 4108 848 4171 χυμῶν
896 4099 945 4152 ἐν
990 4109 1139 4172 ποσῷ
1195 4122 1208 4133 ο
1262 4108 1412 4154 τοῦτο
1468 4104 1567 4175 γὰρ
1631 4103 1724 4155 οὐκ
1776 4106 1892 4175 ἔχει

232 4205 317 4246 τις
353 4193 538 4260 χώραν
579 4189 765 4263 εὑρεῖν,
819 4187 950 4242 ἀλλὰ
1003 4194 1156 4262 μόνον
1213 4193 1300 4242 τόν
1363 4189 1604 4264 ἀριθμὸν,
1650 4198 1738 4245 καὶ
1798 4197 1891 4251 τὴν

235 4278 448 4348 σχέσιν,
472 4280 563 4328 καὶ
597 4281 690 4335 τὴν
749 4283 1006 4338 ποιότητα
1055 4275 1416 4352 ἀπεδείξαμεν.
1472 4284 1540 4332 Τὸ
1589 4289 1734 4352 γοῦν,
1793 4287 1888 4335 πό-

237 4384 330 4417 σαι
386 4370 477 4418 καὶ
527 4366 702 4419 ὁποῖαι
759 4369 814 4420 αἱ
869 4374 1134 4421 κοινωνίαι
1176 4379 1274 4422 τῶν
1334 4368 1653 4444 ἀμφοτέρων,
1703 4371 1891 4444 ψυχῆς

235 4450 449 4513 δηλαδὴ
490 4461 579 4509 καὶ
598 4465 806 4530 χυμῶν,
839 4453 1082 4530 ἐδείχθη,
1114 4463 1274 4512 πόσον
1312 4455 1371 4512 δὲ
1399 4463 1498 4532 μία
1517 4459 1713 4520 ἑκάστη
1774 4463 1890 4534 ἔχει

314 4634 331 4684 1
350 4674 361 4685 .
379 4633 748 4690 Totnumero
760 4633 1083 4691 humorum
1097 4634 1160 4691 in
1179 4635 1531 4693 hominibus
1554 4639 1612 4692 et
1632 4636 1894 4708 partium

242 4718 426 4776 animi
443 4722 716 4780 inventas
731 4721 952 4779 anobis
967 4724 1426 4781 communiones
1440 4726 1894 4796 etinvestigatas

237 4809 428 4883 prius,
454 4818 519 4868 ut
547 4814 828 4884 oportuit,
848 4813 1224 4871 tradidimus.
1241 4816 1710 4887 Proprietatibus
1749 4831 1892 4871 vero

236 4903 544 4970 agentium
569 4906 692 4957 tum
739 4920 812 4958 ex
866 4904 1114 4970 ratione,
1178 4908 1305 4959 tum
1361 4921 1433 4960 ex
1490 4906 1780 4960 irascente
1835 4904 1892 4959 vi

2000 3766 2156 3810 τασις
2199 3750 2290 3799 καὶ
2319 3748 2518 3818 ἄνεσις,
2546 3745 2652 3799 ἀλλ’
2685 3746 2800 3800 ἶσον
2831 3753 2921 3800 καὶ
2952 3747 3132 3801 ἄνισον
3164 3769 3176 3782 ·
3221 3748 3281 3802 οὐ
3324 3749 3539 3822 σφάλλει
3599 3745 3661 3803 δε

1999 3845 2157 3890 τοῦτο
2182 3840 2276 3895 τὴν
2307 3834 2626 3908 ἐπιστήμην.
2656 3836 2806 3891 Ἐπεὶ
2831 3843 2954 3908 γοῦν
2995 3839 3052 3890 αἱ
3103 3837 3214 3891 κατ’
3274 3836 3496 3912 ἀριθμὸν
3553 3856 3662 3890 κοι-

1999 3930 2174 3978 νωνίαι
2195 3925 2297 3977 εἰσὶ
2328 3921 2681 3997 δεδειγμέναι,
2733 3927 2979 3986 ὡσαύτως
3035 3931 3125 3978 καὶ
3177 3932 3304 3998 μιᾶς
3346 3926 3574 3987 ἑκάστης
3625 3927 3656 3985 ἡ

2003 4011 2209 4075 ἰδιότης
2241 4034 2254 4046 ο
2297 4013 2342 4064 εἰ
2368 4015 2470 4088 γὰρ
2499 4017 2590 4065 καὶ
2618 4009 2710 4066 τοῦ
2739 4013 2948 4086 λογικοῦ
2993 4013 3202 4086 λογικὸς
3251 4016 3519 4091 ὑπερέχει,
3570 4019 3662 4067 καὶ

2000 4111 2092 4155 τοῦ
2121 4105 2345 4175 θυμικοῦ
2385 4103 2624 4174 θυμικὸς,
2682 4106 2768 4154 καὶ
2829 4110 2922 4155 τοῦ
2970 4102 3354 4176 ἐπιθυμητικοῦ
3407 4105 3662 4175 ἐπιθυμη-

2001 4211 2165 4261 τικος,
2201 4190 2334 4249 πλὴν
2366 4195 2457 4243 καὶ
2495 4191 2545 4243 οἰ
2597 4189 2879 4266 ἀμφότεροι
2917 4193 2948 4251 ἣ
3009 4195 3380 4265 ἑπιθυμητικοὶ
3445 4193 3475 4252 ἦ
3524 4191 3664 4264 λογι-

2000 4285 2138 4340 κοὶῆ
2174 4283 2384 4353 θυμικοί
2423 4280 2548 4348 εἰσι,
2579 4279 2674 4332 κᾶν
2732 4283 2805 4344 εὶς
2860 4283 3056 4334 τούτων
3109 4281 3210 4355 ἔχῃ
3255 4284 3385 4340 ὅσην
3437 4283 3499 4333 ἄν
3556 4283 3657 4354 ἔχη

2001 4377 2096 4432 τὴν
2125 4373 2262 4422 κατά
2298 4372 2358 4422 τὸ
2395 4387 2565 4421 κοινον
2624 4372 2772 4422 ποιὸν
2819 4369 3081 4439 ἐπίτασιν,
3131 4372 3158 4422 ὀ
3205 4376 3392 4444 κρίνων
3455 4367 3516 4423 δὲ
3569 4367 3664 4423 διὰ

2001 4468 2157 4514 τοῦτο
2178 4459 2238 4512 οὐ
2266 4456 2627 4532 παρασφάλλει
2666 4457 2802 4511 ὥστε
2855 4458 3238 4533 ἐπιθυμητικὸν
3290 4463 3379 4513 τὸν
3436 4461 3656 4532 θυμικον

2003 4635 2246 4692 deﬁnite
2276 4649 2458 4691 nemo
2486 4633 2745 4707 reperire
2766 4637 2981 4707 potest.
3004 4637 3156 4692 Nam
3171 4633 3524 4708 quantitatis
3538 4649 3664 4692 non

2003 4727 2096 4780 est
2122 4722 2377 4779 intensio
2408 4727 2466 4778 et
2488 4722 2784 4790 remissio,
2817 4723 2924 4779 sed
2947 4724 3258 4796 aequalitas
3278 4729 3336 4779 et
3351 4722 3666 4796 inaequali-

2003 4816 2114 4869 tas.
2148 4815 2333 4868 Nemo
2354 4827 2492 4867 vero
2525 4812 2639 4867 hoc
2667 4810 2853 4868 modo
2909 4811 3301 4868 considerans
3331 4827 3368 4868 a
3412 4811 3665 4868 scientia

2001 4900 2281 4958 aberrare
2311 4904 2522 4972 potest.
2553 4901 2846 4966 Quoniam
2873 4900 3051 4971 igitur
3075 4905 3224 4974 quot
3249 4900 3377 4957 sine
3407 4915 3663 4956 numero

237 4992 415 5061 atque
445 4990 750 5060 facultate,
779 4997 901 5047 tum
922 4991 1180 5065 denique
1199 5009 1269 5048 ex
1289 4991 1611 5064 cupiditate
1631 4993 1893 5065 itemque
1927 5010 1971 5065 Β
2001 4989 2461 5045 communiones
2485 4993 2798 5044 ostensum
2811 4993 2916 5059 est,
2936 4989 3148 5044 eodem
3172 4989 3357 5044 modo
3385 4988 3665 5043 uniuscu-

230 5079 702 5151 proprietatibus
729 5080 1050 5137 humorum
1087 5081 1408 5153 unicuique
1425 5082 1888 5152 assignatorum,

231 5172 460 5224 certam
492 5185 560 5224 ac
592 5169 901 5226 deﬁnitam
928 5170 1323 5242 quantitatem
1347 5187 1466 5226 non
1489 5169 1888 5227 attribuimus.

232 5261 357 5314 Hoc
397 5257 557 5314 enim
597 5258 842 5332 reperiri
868 5275 990 5314 non
1017 5264 1216 5332 potest
1247 5277 1259 5315 :
1318 5259 1422 5315 sed
1452 5258 1893 5316 domonstravi-

227 5363 372 5404 mus
385 5346 677 5404 duntaxat
689 5362 1028 5419 numerum,
1043 5347 1434 5416 habilitatem,
1453 5348 1892 5421 etqualitatem.

231 5437 393 5502 Quot
409 5441 551 5493 sunt
565 5437 744 5507 igitur
759 5437 1219 5493 communiones
1240 5442 1654 5511 utrorumque,
1673 5453 1891 5511 nempe

230 5526 425 5582 animi
445 5531 502 5582 et
517 5527 868 5594 humorum,
890 5542 925 5582 a
941 5523 1117 5582 nobis
1135 5530 1448 5583 ostensum
1468 5532 1574 5584 est.
1594 5529 1892 5594 Quantam

227 5620 440 5674 autem
463 5615 860 5687 quantitatem
889 5629 1270 5688 unaquaeque
1287 5615 1634 5674 communio
1648 5615 1891 5684 habeat,

1999 5078 2221 5150 jusque
2251 5076 2698 5133 communionis
2717 5077 3051 5149 proprietas
3080 5077 3386 5133 declarata
3438 5079 3547 5133 est.
3605 5074 3664 5132 Si

2002 5168 2161 5223 enim
2179 5167 2432 5224 rationis
2463 5181 2714 5237 compos
2764 5166 3010 5222 rationis
3049 5166 3318 5238 compoti
3371 5164 3663 5221 excellere

2001 5255 2384 5328 potest,enim
2400 5253 3047 5325 iracundo,iracundus
3063 5260 3121 5310 et
3134 5253 3394 5326 cupidus
3415 5252 3658 5327 cupido,

2001 5347 2082 5402 ita
2111 5349 2312 5402 tamen
2339 5348 2404 5399 ut
2420 5341 2604 5399 ambo
2631 5343 2750 5398 sint
2771 5347 2875 5400 aut
2895 5342 3100 5414 cupidi
3119 5347 3222 5400 aut
3238 5341 3487 5399 rationis
3502 5358 3663 5399 com-

2001 5437 2196 5510 potes,
2224 5437 2329 5491 aut
2347 5431 2641 5490 iracundi.
2667 5433 3027 5506 thuamvis
3053 5450 3211 5490 unus
3233 5431 3454 5491 habeat
3474 5449 3663 5506 quan-

2000 5532 2367 5599 tamcunque
2401 5524 2627 5581 habere
2673 5529 2814 5596 post
2847 5524 3188 5582 communis
3217 5523 3521 5598 qualitatis
3569 5522 3665 5578 in-

2001 5616 2381 5685 tensionem;
2412 5628 2538 5672 non
2563 5615 2767 5671 tamen
2795 5611 3034 5673 fallatur
3071 5615 3179 5689 qui
3218 5631 3293 5673 ex
3346 5612 3462 5672 illis
3527 5626 3666 5686 qua
