2065 3210
5 2650 15 2666 Σ
23 2654 44 2670 ς,

0 2671 45 2698 ’ξιξ

0 2698 48 2727 ί

0 2727 46 2780 ῐέξί

0 2765 44 2795 '53“;

0 2793 46 2821 τίκ

0 2816 37 2851 Et)?
44 2824 46 2826 ’

0 2910 5 2915 ε
14 2904 42 2920 ,ἥ

269 161 336 190 1319
936 168 938 174 π
1029 148 1096 179 ΑΒΕ

1151 148 1209 179 DA.
1508 153 1521 175 i'
1534 154 1536 157 '
1908 147 2008 185 1³..

266 223 379 255 οἴεσθαι,
410 220 528 255 καθαρῶς
557 216 586 244 cl“:
615 215 744 254 διακρίνει
770 215 815 242 τὸν
849 214 1036 251 ἐπιθυμητικὸν
1064 212 1092 239 ἐκ
1107 211 1132 239 A
1147 215 1166 238 Γ
1180 213 1240 239 Δτό
1250 211 1340 248 μεῖζον
1355 213 1525 250 τετράγωνον,
1546 213 1562 252 ᾖ
1585 211 1616 242 δὶ
1633 216 1655 243 Ε
1677 217 1698 241 Ζ
1717 217 1742 242 Η
1763 217 1787 242 Θ
1809 213 1841 240 τὸ

265 271 312 294 τοῦ
344 267 453 302 Θυμικοῦ
487 263 517 290 Εἰ
549 261 579 288 δὶ
608 264 654 288 καὶ
685 262 719 288 τὰ
751 258 809 289 εἴδη
842 263 892 286 τῶν
924 259 1092 285 καθικαστων

267 312 364 341 πλάτος
382 312 447 346 ῖχει,
470 309 536 334 ὥστε
555 307 676 343 λέγεσθαι
690 305 714 332 ἓν
741 305 848 332 ἕκαστον
875 302 944 335 εἶδος
972 305 1092 332 ποιότητι

266 358 313 385 τὴν
325 355 444 382 ἐπίτασιν
458 353 525 379 κατὰ
539 353 568 378 τὸ
590 351 706 389 ἄπειρον,
728 350 776 376 οὐχ
803 349 866 379 ἄλλη
894 348 944 380 κάξ
972 347 1051 374 αὐτοῦ
1075 347 1089 376 ἠ

268 400 371 431 ἰδιότης
387 400 534 435 γενήσεται,
550 395 648 423 ἓσεῖται
662 394 691 422 δὲ
715 393 730 424 ἧ
759 397 836 429 auri),
864 391 1092 429 ἀποδειχθήσεται

268 443 293 472 δ’
307 444 386 475 οὕτως
398 444 444 469 καὶ
455 445 544 477 τοῦτο)
554 441 619 477 πρὸς
632 441 661 466 τὸ
678 437 763 471 διὶξαι
782 440 864 474 τούτῳ
891 441 927 473 τῷ
958 439 1091 473 σχήματι,

266 490 305 516 ὃτι
328 490 371 515 τὸν
396 487 505 523 θυμικὸν
531 486 596 523 πρὸς
626 485 734 521 θυμικὸν
758 483 772 512 ἠ
804 486 850 514 τῆς
874 484 1011 512 ποιότητος
1036 480 1092 507 ἐπί-

266 544 343 565 τασις
358 532 405 559 οὐκ
420 531 494 558 ἀλλον
516 534 562 557 τοῦ
588 531 699 566 θυμιχοῦ
728 526 792 555 ιῖναι
818 531 908 554 τοῦτον
937 530 1018 554 ποιεῖ.
1052 528 1094 552 Δεῖ

266 582 329 617 γοῦν
345 575 484 609 ἀποδεῖξαι
496 576 536 602 ὅτι
550 575 598 602 οὐκ
624 574 685 601 ἄλλο
711 576 755 601 καὶ
781 572 841 600 ἄλλο
864 576 947 600 ταῦτα
976 570 1023 598 διὰ
1047 574 1092 598 τοῦ

267 627 351 651 ποσοῦ
365 626 401 658 τῷ
414 623 463 658 ἳσῳ
478 623 520 648 καὶ
535 624 571 656 τῷ
591 619 684 655 ἀνίσῳ.

401 713 969 1278 ς,

305 1347 391 1376 Ἔστω
406 1350 491 1376 τοίνυν
504 1349 537 1376 τὰ
559 1351 605 1375 τοῦ
641 1350 779 1384 σχήματος
805 1347 953 1383 τετράγωνα
986 1345 1001 1375 ἡ
1029 1346 1053 1374 Α
1074 1344 1097 1372 Β

270 1431 410 1464 diximus,
427 1429 563 1467 judicare
579 1429 704 1458 voluerit
720 1436 726 1462 ;
741 1428 782 1457 ita
802 1429 835 1456 ut
859 1427 1003 1464 cupidum
1027 1434 1097 1455 cum

268 1475 414 1505 iracundo
425 1474 598 1509 confundat,
614 1474 667 1502 sed
678 1473 822 1509 cupidum
833 1472 871 1501 ab
882 1472 1028 1501 iracundo
1041 1472 1097 1499 sin-

270 1528 335 1550 cere
349 1528 477 1557 vereque
487 1519 661 1554 distinguat.
679 1519 712 1546 Et
723 1517 862 1554 quamvis
874 1517 1096 1545 individuorum

1145 257 1303 295 τςτράγωνον
1326 267 1333 274 ·
1362 257 1481 284 ἔστωσαν
1508 261 1571 294 γοῦν
1590 259 1605 289 ἡ
1631 262 1654 286 Δ
1681 262 1700 285 Β
1726 261 1746 286 Γ
1764 262 1783 286 Δ
1812 259 1932 296 στιγμαὶ
1963 257 1998 290 Ξ

1147 301 1180 327 ὧν
1197 303 1260 340 πρὸς
1284 302 1404 339 ἑκατέρας
1428 305 1475 333 τὴν
1498 307 1523 331 Χ
1546 306 1566 331 Φ
1587 307 1611 331 Ψ
1639 307 1663 330 Ω
1685 303 1800 331 ἑνοῦνται
1815 313 1822 321 ·
1841 304 1857 334 ἢ
1874 305 1898 330 Δ
1920 300 1996 340 γοῦυ

1148 351 1177 384 τῇ
1195 351 1213 374 Β
1234 349 1279 374 καὶ
1303 347 1367 377 αὐτὴ
1397 351 1428 385 τῇ
1457 351 1476 375 Γ
1503 350 1549 375 καὶ
1576 348 1643 379 αὐτή
1670 352 1702 385 τῇ
1731 351 1759 383 Δ,
1784 350 1831 376 καὶ
1859 347 1933 379 αὐτή
1968 351 1994 377 Δ

1147 392 1265 419 ἱστωσαν
1281 393 1295 422 ὁ
1312 396 1335 420 Ψ
1345 395 1365 420 Φ
1380 396 1399 421 Φ
1414 396 1437 419 Ω
1450 397 1474 420 Ω
1489 397 1514 421 Χ
1527 397 1552 421 Χ
1566 396 1590 422 Ψ
1603 395 1649 420 καὶ
1669 395 1819 424 π’)ιὴσσυσί
1844 394 1876 420 τὸ
1903 393 1994 421 ἵλασο

1149 447 1193 465 σον
1204 438 1362 475 τετράγωνον
1377 441 1396 465 Ε
1410 441 1430 465 Ζ
1443 441 1464 465 Η
1478 443 1501 466 Θ
1514 449 1520 456 ·
1541 438 1660 466 ἱστωσαν
1685 442 1747 475 γοῦν
1776 440 1822 466 καὶ
1849 438 1887 466 τὰ
1910 441 1939 466 N
1970 441 1994 466 ι’

1148 485 1204 509 ΛΠ
1220 485 1326 519 σημεῖα,
1340 484 1409 519 μέσοι
1422 487 1503 510 τῶνΕ
1525 487 1545 510 Ζ
1572 487 1593 510 H
1623 487 1646 511 Θ
1675 485 1801 520 σημείων,
1822 484 1858 515 ὡς
1882 484 1931 510 καὶ.
1954 483 1992 510 τὰ

1147 531 1338 557 ΨΦΩΧτῶν
1354 531 1470 555 ΑΒΓΔ
1493 531 1607 565 σημείων
1639 539 1646 546 ·
1675 529 1708 559 ὡς
1732 531 1795 564 γοῦν
1824 528 1840 558 ἦ
1865 531 1889 556 Δ
1918 529 1990 567 πρὸς

1147 576 1194 603 τὴν
1207 574 1239 609 Β,
1256 574 1271 603 ή
1289 575 1382 611 Επρὸς
1396 576 1444 602 τὴν
1456 576 1486 608 Ζ,
1497 576 1542 600 καὶ
1557 575 1590 605 ὡς
1604 574 1620 603 ἡ
1647 577 1665 601 Β
1690 582 1758 612 προς
1783 574 1831 604 τὴν
1855 575 1887 608 Γ,
1917 574 1933 604 ἢ
1966 575 1988 601 Ζ

1148 621 1212 656 πρὸς
1227 621 1273 648 τὴν
1286 622 1318 652 ﬂ,
1333 620 1378 645 καὶ
1391 620 1426 650 ὡς
1438 619 1452 648 ἡ
1470 621 1498 653 Γ,
1514 620 1578 656 πρὸς
1592 621 1640 648 τὴν
1662 620 1691 654 Δ,
1706 619 1722 648 ἡ
1738 621 1760 645 Η
1782 620 1847 655 πρὸς
1873 619 1923 649 τὴν
1947 622 1984 652 θ,

1148 666 1193 689 καὶ
1206 664 1240 695 ὡς
1255 664 1269 692 ἠ
1283 665 1373 700 Δπρὸς
1385 665 1431 693 τήν
1448 666 1479 697 Δ,
1494 663 1508 693 ὴ
1524 666 1543 690 Θ
1559 665 1623 700 πρὸς
1643 665 1690 693 τὴν
1717 666 1747 698 Ε,
1768 665 1816 690 καὶ
1839 662 1918 690 πάλιν
1945 664 1988 695 ὥς

1148 711 1177 735 τὸ
1188 708 1343 745 ἐπιζευχθὲν
1358 712 1382 736 Ψ
1397 712 1415 736 Φ
1431 712 1450 735 Β
1463 711 1586 746 τρίγωνον
1608 710 1674 747 πρὸς
1687 710 1716 735 τὸ
1747 711 1771 736 Ν
1792 711 1812 735 Ζ
1836 711 1854 736 Ρ
1879 710 1983 746 τριγω-

1148 753 1292 788 νον,οὗτως
1304 755 1349 779 καὶ
1373 754 1402 779 τὸ
1425 757 1447 780 Ψ
1471 756 1496 780 Χ
1522 756 1543 780 Α
1576 755 1702 791 τρίγωνον
1731 754 1836 790 πρόςτὸ
1860 755 1885 780 l1
1912 754 1933 780 Ε
1953 755 1981 779 Ν

1149 801 1284 836 τρίγωνον,
1300 800 1344 824 καὶ
1358 799 1531 829 ὡςτὸΧΩΔ
1552 799 1676 834 τρίγωνον
1710 799 1775 835 πρὸς
1802 798 1833 824 τὸ
1859 799 1885 824 Δ
1908 799 1934 824 Π
1959 801 1985 825 θ

1148 846 1282 880 τρίγωνον,
1298 844 1378 873 οὕτως
1389 845 1434 869 καὶ
1458 844 1487 868 τὸ
1511 846 1535 868 Ω
1555 845 1574 869 Φ
1596 845 1615 868 Γ
1647 844 1773 880 τρίγωνον
1805 843 1873 879 πρὸς
1899 842 1931 868 τὸ
1962 844 1987 869 Λ

1110 887 1132 916 Β
1149 890 1167 914 Ρ
1195 891 1215 914 H
1244 890 1378 924 τρίγωνον.
1411 887 1538 925 ’Υπάρχιι
1570 890 1633 923 γοῦν
1661 888 1691 913 τὸ
1721 890 1745 914 Ψ
1766 889 1786 914 Φ
1811 890 1831 914 Β
1854 887 1989 924 τρίγωνον

1150 934 1236 969 ὅμοιον
1263 936 1293 968 τῇ
1320 934 1441 961 ποιότητι
1468 936 1518 958 τῶν
1545 935 1568 959 Ν
1592 935 1610 958 P
1639 935 1658 958 Ζ
1684 934 1814 969 τριγώνῳ,
1845 931 1918 961 πλὴν
1962 929 1989 958 δ’

1150 976 1203 1003 ἀλλ’
1224 977 1252 1003 οὐ
1268 981 1304 1013 τῷ
1318 976 1378 1013 ἳσῳ,
1395 979 1437 1003 καὶ
1459 976 1570 1008 καθεξῆς
1597 978 1626 1003 τὸ
1655 979 1678 1004 Ψ
1703 980 1728 1003 X
1751 979 1771 1003 Δ
1798 978 1929 1013 τρίγωνον
1952 979 1990 1012 τῷ

1150 1025 1171 1048 Π
1187 1025 1210 1048 Ν
1226 1024 1380 1058 Ετριγώνῳ,
1397 1022 1519 1052 ὡσαύτως
1536 1019 1566 1048 δὲ
1594 1023 1638 1047 καὶ
1665 1022 1694 1047 τὸ
1719 1024 1743 1048 Χ
1761 1024 1785 1047 Ω
1809 1023 1828 1047 Δ
1856 1022 1988 1057 τρίγωνον

1150 1071 1185 1101 τῷ
1201 1070 1223 1094 Λ
1239 1070 1261 1093 Π
1278 1068 1439 1103 Θτριγὼνῳ,
1464 1068 1509 1092 καὶ
1523 1067 1552 1093 τὸ
1576 1069 1600 1092 Ω
1621 1069 1640 1093 Φ
1658 1069 1677 1092 Γ
1698 1067 1823 1103 τρίγωνον
1847 1069 1888 1102 τῷ
1915 1068 1942 1093 Λ.
1969 1068 1989 1093 ιι

1151 1115 1173 1139 Π
1188 1113 1370 1149 τριγώνῳ,χαὶ
1383 1110 1460 1137 mihi:
1471 1111 1506 1141 εἰς
1520 1112 1550 1137 τὸ
1563 1109 1719 1147 ἐπιζευχθῦ
1745 1113 1769 1137 Ν
1800 1113 1819 1137 P
1841 1112 1866 1138 A
1892 1113 1919 1138 Π
1950 1119 1991 1138 τι-

1150 1157 1321 1194 τετρςὶγωνον,
1346 1155 1527 1191 aqum-Gemma
1555 1156 1622 1182 κατὰ
1646 1157 1694 1185 τὴν
1724 1156 1819 1182 τούτου
1841 1158 1893 1182 τοῦ
1921 1158 1948 1182 N
1969 1154 1990 1184 P

1152 1205 1207 1228 ΛΠ
1223 1203 1286 1239 πρὸς
1301 1203 1401 1227 τὼΨΦ
1429 1204 1453 1226 Ω
1476 1204 1501 1227 Χ
1522 1199 1605 1236 τάξιν,
1632 1201 1666 1226 τὰ
1687 1203 1709 1227 Τ
1730 1203 1751 1228 Υ
1778 1203 1800 1227 1(
1826 1203 1844 1227 Σ
1872 1199 1990 1237 rupis,

1152 1247 1351 1283 ἐπιζεύχθωσαν
1364 1244 1394 1272 δὲ
1407 1248 1549 1272 καὶταῦτα
1571 1249 1607 1281 τῷ
1632 1248 1653 1272 Τ
1674 1249 1695 1273 Υ
1721 1248 1743 1273 K
1771 1248 1788 1272 Σ
1818 1246 1865 1272 καὶ
1884 1244 1991 1273 ἄστει-ιι

1151 1294 1195 1318 ταὶ
1215 1295 1298 1318 ταῦτα
1318 1290 1364 1317 ἶσα
1384 1292 1417 1317 τὰ
1438 1292 1566 1328 τρὶρωνω
1584 1291 1616 1321 ὡς
1642 1293 1706 1327 γοῦν
1726 1291 1757 1317 τὸ
1783 1293 1806 1318 ΙΙ
1828 1293 1853 1318 Λ.
1880 1293 1907 1318 Θ
1932 1292 1993 1328 τρί·

1153 1382 1293 1420 sequales,
1307 1381 1387 1410 linea
1400 1380 1524 1418 quidem
1540 1382 1563 1409 Α
1574 1380 1661 1409 lineae
1676 1381 1706 1415 B,
1718 1382 1748 1409 et
1756 1379 1824 1409 haec
1834 1379 1924 1410 linem
1952 1381 1987 1411 ϐ.

1152 1430 1181 1456 et
1194 1426 1259 1456 haec
1273 1425 1359 1455 lineae
1376 1428 1407 1461 Ι),
1423 1428 1451 1454 et
1467 1425 1632 1454 haedlineae
1643 1426 1676 1454 Α.
1693 1425 1811 1455 Puncta
1827 1424 1947 1462 igith
1959 1425 1985 1454 Χ

1153 1474 1173 1501 Υ
1187 1474 1205 1499 Ζ
1213 1474 1365 1508 ponantur
1375 1471 1476 1500 media
1487 1471 1564 1499 inter
1575 1473 1597 1498 A
1608 1471 1627 1498 Β
1636 1472 1656 1499 C
1668 1471 1700 1506 D,
1715 1472 1744 1499 et
1758 1470 1983 1507 conjungantur

1152 1516 1228 1545 inter
1248 1524 1279 1545 se
1297 1517 1318 1544 Y
1331 1517 1359 1544 X.
1379 1516 1398 1543 x
1416 1516 1444 1543 Ζ.
1460 1516 1482 1543 ν
1506 1516 1527 1543 Υ
1546 1514 1674 1543 efﬁcient
1689 1522 1750 1552 que
1773 1516 1876 1544 minus
1907 1523 1989 1552 qua-

269 1566 373 1594 formae
383 1565 424 1602 (t)
434 1564 623 1593 latitudinem
633 1563 767 1591 habeant
779 1562 855 1591 adeo
868 1564 901 1590 ut
909 1568 1097 1598 unaquaque
1113 1566 1134 1595 ο
1153 1561 1335 1601 drangulum
1351 1562 1372 1589 E
1387 1562 1406 1589 F
1422 1561 1443 1589 G
1460 1561 1492 1588 Η.
1508 1560 1589 1588 Sicut
1598 1560 1688 1596 igitur
1702 1561 1725 1589 N
1747 1561 1770 1589 0
1791 1561 1815 1588 Ρ
1831 1561 1855 1594 Q
1869 1562 1990 1598 puncta

269 1610 367 1639 forma
380 1609 580 1638 intensionem
595 1608 625 1636 in
640 1608 790 1636 inﬁnitum
817 1606 967 1644 suscipere
990 1607 1095 1643 possit,

269 1657 372 1684 tamen
383 1661 446 1682 non
459 1653 528 1682 ideo
540 1652 592 1681 ilia
609 1652 776 1689 proprietas
787 1651 902 1684 evadet,
920 1650 974 1679 sed
991 1650 1097 1679 eadem

269 1698 413 1728 manebit.
423 1697 508 1731 Quod
517 1699 618 1726 autem
629 1696 770 1731 dicimus,
781 1696 861 1724 hunc
872 1696 903 1724 in
910 1695 1034 1724 modum
1046 1695 1097 1724 de-

270 1742 489 1772 monstrabitur
505 1750 511 1770 :
529 1741 669 1777 Subjecta
683 1741 780 1776 ﬁgura
790 1740 930 1769 volumus
940 1740 1097 1769 ostendere

270 1787 445 1817 intensionis
454 1787 628 1823 qualitatem
639 1794 701 1815 non
709 1785 825 1814 efﬁcere
836 1787 868 1814 ut
880 1785 1043 1814 iracundus
1059 1784 1097 1814 ab

270 1829 416 1862 iracundo
431 1831 508 1860 alius
522 1831 581 1859 dici
592 1830 710 1859 deﬁniri
734 1830 842 1867 possit.
868 1831 989 1866 Oportet
1008 1829 1098 1866 igitur

270 1878 478 1907 demonstrare
490 1883 544 1913 per
557 1875 731 1913 quantitatis
751 1875 954 1912 aequalitatem
971 1877 1000 1904 et
1026 1876 1097 1905 ina:-

270 1922 444 1959 qualitatem
451 1921 514 1950 haec
522 1920 605 1950 aliud
615 1922 705 1958 atque
713 1919 795 1949 aliud
803 1927 864 1949 non
875 1919 1012 1949 evadere.

398 2016 974 2556 ,x

367 2637 586 2683 quadrangulis
599 2638 689 2677 igitur
701 2640 794 2677 hujus
806 2640 910 2677 ﬁgura:
926 2640 989 2669 esto
1002 2638 1101 2677 majus

273 2680 521 2728 quadrangulum
530 2689 554 2714 Α
568 2685 591 2713 Β
606 2685 625 2714 C
635 2686 657 2714 Ι)
674 2694 681 2721 ;
697 2686 717 2714 Ε
731 2686 750 2714 F
765 2686 787 2715 G
798 2687 821 2714 Η
835 2685 936 2714 minus
948 2684 1101 2721 quadran-

406 2728 470 2761 Sint
484 2730 574 2767 igitur
588 2732 613 2759 Α
625 2731 647 2759 Β
663 2732 682 2760 C
696 2730 719 2759 D
730 2732 843 2768 puncta
852 2737 871 2759 a
885 2729 996 2767 quibus
1009 2729 1102 2758 triun-

271 2768 517 2827 cum
535 2776 561 2804 V
579 2777 600 2806 x
623 2777 644 2806 Υ
665 2777 685 2804 z
709 2775 896 2819 copulentur.
927 2774 990 2827 sint
1012 2774 1117 2825 igith

1152 1605 1253 1635 media
1274 1606 1350 1634 inter
1378 1607 1491 1641 puncta
1518 1606 1539 1632 Ε
1566 1605 1586 1633 F
1608 1605 1630 1633 G
1650 1603 1685 1640 H,
1718 1604 1992 1641 quemadmodum

1152 1653 1174 1680 V
1186 1653 1206 1679 Χ
1218 1652 1237 1680 Υ
1248 1652 1266 1679 Ζ
1280 1653 1392 1687 puncta
1407 1652 1495 1678 erunt
1505 1649 1605 1678 media
1621 1649 1699 1678 inter
1713 1651 1824 1686 puncta
1837 1650 1861 1677 Α
1874 1649 1897 1677 Β
1913 1650 1937 1679 C
1954 1651 1992 1678 Ι).

1154 1698 1189 1725 Ut
1203 1696 1291 1732 igitur
1303 1695 1382 1725 linea
1397 1697 1419 1723 A
1431 1695 1522 1723 habet
1533 1694 1573 1723 ad
1585 1694 1696 1723 lineam
1710 1695 1740 1731 Β,
1755 1694 1796 1724 ita
1812 1693 1895 1723 linea
1911 1695 1935 1723 F
1951 1694 1995 1724 ad

1151 1742 1262 1770 lineam
1274 1742 1294 1770 G
1313 1743 1363 1769 :et
1382 1742 1414 1769 ut
1424 1740 1503 1768 linea
1517 1740 1536 1767 C
1551 1739 1591 1768 ad
1609 1739 1721 1768 lineam
1731 1740 1764 1776 D,
1785 1739 1828 1768 ita
1848 1738 1935 1768 linea
1970 1739 1995 1768 G

1153 1787 1192 1816 ad
1200 1787 1310 1816 lineam
1320 1787 1342 1814 ll
1356 1795 1362 1820 ;
1375 1788 1403 1814 et
1414 1788 1445 1814 ut
1454 1793 1485 1813 se
1496 1785 1588 1813 habet
1597 1784 1676 1813 linea
1688 1785 1710 1813 D
1722 1784 1762 1813 ad
1774 1783 1886 1813 lineam
1897 1786 1936 1819 Δ,
1949 1784 1996 1814 ita

1153 1832 1232 1861 linea
1239 1830 1263 1859 Η
1272 1831 1310 1860 ad
1318 1831 1430 1859 lineam
1441 1828 1474 1858 Ε.
1487 1829 1600 1858 Rursus
1609 1832 1679 1858 utse
1687 1827 1778 1858 habet
1785 1828 1995 1866 ueniunctnm

1153 1877 1338 1913 triangulum
1348 1877 1370 1904 Y
1385 1877 1405 1904 Χ
1419 1876 1438 1903 Β
1453 1875 1493 1904 ad
1510 1873 1692 1911 triangulum
1703 1874 1726 1902 N
1753 1870 1775 1903 Γ
1801 1873 1835 1909 ο,
1861 1872 1907 1904 ita
1941 1873 1996 1904 tri-

1154 1922 1300 1958 angulum
1311 1922 1332 1949 Y
1347 1922 1366 1948 V
1382 1922 1405 1948 A
1418 1920 1458 1948 ad
1472 1918 1655 1955 triangulum
1674 1918 1696 1952 ρ
1709 1919 1730 1947 Ε
1756 1920 1790 1947 Ν.
1820 1918 1859 1947 Dt
1893 1919 1934 1948 ut
1961 1926 1996 1948 se

1153 1967 1246 1997 habet
1258 1965 1441 2002 triangulum
1456 1966 1478 1998 Q
1493 1965 1514 1993 ll
1526 1963 1559 1999 P,
1572 1963 1613 1992 ita
1631 1962 1846 1999 triangulumz
1863 1961 1886 1992 X
1899 1963 1925 1993 C
1952 1962 1994 1993 ad

1123 2036 1125 2039 i
1155 2011 1337 2048 triangulum
1352 2011 1403 2040 PO
1423 2011 1455 2038 G.
1470 2010 1519 2037 Est
1532 2009 1622 2045 igitur
1648 2007 1835 2044 triangulum’
1862 2008 1887 2037 Y
1922 2009 1947 2037 Χ
1967 2004 2003 2036 B‘

1154 2057 1297 2094 qualitate
1312 2054 1407 2084 simile
1417 2053 1566 2090 triangulo
1580 2052 1602 2081 U
1617 2054 1638 2082 F
1651 2053 1684 2090 Ο,
1700 2052 1754 2082 sed
1772 2060 1836 2083 non
1855 2050 1984 2091 usqu-30'.

1155 2102 1266 2130 Deinde
1279 2099 1463 2136 triangulum
1471 2099 1493 2128 Y
1501 2100 1523 2127 V
1530 2101 1553 2127 A
1565 2098 1661 2127 simile
1671 2100 1716 2126 est
1725 2095 1878 2136 triangulo
1884 2096 1988 2137 G'EAN'.

1154 2147 1285 2183 itemque
1299 2143 1517 2180 triangulumv
1542 2143 1560 2171 Ζ
1587 2144 1608 2172 D
1634 2141 1729 2171 simile
1757 2144 1803 2172 est
1833 2141 1992 2180 triangula

1155 2192 1175 2220 L
1195 2192 1216 2220 G
1231 2193 1254 2219 ll
1269 2199 1275 2219 :
1291 2189 1422 2226 denique
1435 2188 1620 2224 triangulum
1635 2188 1654 2216 Ζ
1673 2188 1695 2216 x
1705 2188 1725 2216 C
1741 2186 1837 2216 simile
1849 2189 1897 2216 est
1910 2194 1993 2226 qua-

1115 2239 1138 2268 D
1155 2236 1235 2265 litate
1250 2233 1400 2270 triangqu
1413 2235 1434 2262 P
1444 2235 1466 2262 0
1483 2234 1515 2262 G.
1528 2234 1640 2262 Rursus
1655 2232 1817 2269 conjuncta
1831 2229 1995 2269 quadrin-

1156 2280 1227 2317 gulo
1246 2282 1268 2309 N
1280 2281 1302 2309 0
1315 2280 1335 2307 Ρ
1351 2280 1373 2313 Q
1384 2278 1585 2307 inscribuntur
1596 2280 1710 2315 puncta
1723 2277 1741 2306 S
1755 2278 1776 2306 T
1791 2277 1816 2306 Κ
1827 2277 1859 2313 L,
1877 2277 1994 2307 οοᾶοιιι

1156 2325 1212 2354 situ
1226 2332 1287 2362 quo
1299 2324 1452 2360 interjecta
1462 2325 1532 2352 sunt
1545 2325 1658 2360 puncta
1667 2323 1690 2351 N
1703 2322 1725 2351 Ο
1749 2321 1770 2350 Ρ
1790 2321 1825 2358 Ω,
1850 2320 1885 2351 in
1914 2325 1994 2361 qna-

1155 2370 1307 2407 drangulo
1320 2371 1342 2398 Y
1357 2371 1377 2398 X
1392 2369 1410 2397 Ζ
1424 2369 1456 2397 ν.
1472 2369 1693 2397 Connectantur
1707 2365 1858 2396 etiamilla
1871 2367 1994 2406 pune“

1157 2416 1242 2445 STKL
1250 2424 1256 2444 :
1264 2414 1419 2444 erunthaec
1425 2420 1547 2450 quoque
1552 2411 1680 2450 aequalia
1685 2410 1847 2448 triangula.
1853 2409 1994 2449 litigii“:

1155 2460 1340 2496 triangulum
1353 2460 1420 2493 QPH
1436 2467 1468 2487 se
1478 2457 1570 2487 habet
1579 2456 1620 2487 ad
1629 2456 1815 2494 triangulum
1831 2455 1921 2496 γη,
1945 2453 1998 2488 “ita

1155 2507 1222 2534 NLP
1227 2506 1267 2534 ad
1278 2505 1357 2539 QPH.
1365 2505 1400 2532 Ut
1409 2505 1510 2532 autem
1521 2510 1554 2531 se
1564 2500 1656 2532 habet
1665 2501 1852 2538 triangulum
1858 2497 1937 2539 Pot:
1950 2496 1994 2538 aa

1155 2546 1329 2586 riangulum
1353 2549 1431 2584 VZD,
1459 2548 1502 2577 ita
1524 2547 1614 2577 etiam
1641 2545 1711 2576 TKO
1735 2545 1776 2576 ad
1799 2542 2007 2587 ς

1156 2593 1233 2623 POG.
1248 2594 1281 2623 Et
1291 2596 1323 2622 ut
1332 2592 1514 2630 triangulum
1525 2593 1594 2621 ONF
1605 2599 1637 2621 se
1644 2591 1737 2621 habet
1746 2590 1786 2621 ad
1800 2586 1993 2632 triangulus;

1156 2639 1231 2674 ZXC,
1246 2639 1287 2668 ita
1295 2645 1416 2676 queque
1436 2637 1620 2674 triangulum
1635 2636 1705 2666 KNS
1725 2635 1765 2665 ad
1796 2631 1992 2673 triangula

1156 2683 1227 2712 NOF
1243 2691 1250 2712 :
1265 2684 1299 2712 Et
1313 2685 1346 2711 ut
1359 2681 1545 2719 triangulum
1561 2681 1633 2715 NQE
1661 2689 1693 2710 se
1717 2679 1812 2710 habet
1837 2677 1879 2710 ad
1908 2676 1998 2716 im;

1157 2728 1199 2758 ita
1208 2728 1299 2758 etiam
1315 2729 1381 2762 SQL
1396 2736 1427 2757 se
1453 2726 1547 2756 habet
1569 2726 1610 2756 ad
1637 2725 1720 2761 QME.
1747 2727 1791 2755 Ita
1817 2727 1852 2754 ut
1872 2725 1994 2755 utrun-

1157 2781 1217 2811 que
1227 2773 1378 2811 utrimque
1392 2781 1430 2802 ex
1456 2771 1642 2810 inaequalitat
1672 2779 1689 2800 e
1718 2768 1878 2818 aequaliter.
1891 2766 1999 2818 ωειλ]

308 2820 425 2874 (ῙῘΝοιί
434 2824 485 2869 hic
498 2838 536 2871 de
547 2837 652 2872 formis
666 2836 885 2875 essentialibus,
899 2821 1000 2875 igitur,
1014 2835 1069 2868 sed
1082 2820 1187 2870 formis
1211 2835 1393 2875 qualitatum
1410 2836 1444 2867 in
1465 2833 1640 2867 individuis.
