  <div class='ocr_page' id='page_1' title='image "/cluster/home/n/w/nwhite01/storage/ocr_20150623/140/coo.31924054870450/670.png"; bbox 0 0 4130 6416; ppageno 0'>
   <div class='ocr_carea' id='block_1_1' title="bbox 200 326 339 390">
    <p class='ocr_par' dir='ltr' id='par_1_1' title="bbox 200 326 339 390">
     <span class='ocr_line' id='line_1_1' title="bbox 200 326 339 390; baseline -0.007 -1"><span class='ocrx_word' id='word_1_1' title='bbox 200 326 339 390; x_wconf 74' lang='grc'>1321</span> 
     </span>
    </p>
   </div>
   <div class='ocr_carea' id='block_1_2' title="bbox 1102 323 2716 396">
    <p class='ocr_par' dir='ltr' id='par_1_2' title="bbox 1102 323 2716 396">
     <span class='ocr_line' id='line_1_2' title="bbox 1102 323 2716 396; baseline 0.002 -7"><span class='ocrx_word' id='word_1_2' title='bbox 1102 323 1456 390; x_wconf 84' lang='lat' dir='ltr'>THEODORI</span> <span class='ocrx_word' id='word_1_3' title='bbox 1475 330 1523 389; x_wconf 91' lang='grc' dir='ltr'>ΙΙ</span> <span class='ocrx_word' id='word_1_4' title='bbox 1552 330 1694 388; x_wconf 85' lang='grc' dir='ltr'>ΙΜΡ.</span> <span class='ocrx_word' id='word_1_5' title='bbox 1726 324 1815 387; x_wconf 86' lang='lat' dir='ltr'><strong>DE</strong></span> <span class='ocrx_word' id='word_1_6' title='bbox 1839 328 2303 391; x_wconf 81' lang='lat' dir='ltr'>GOMMUNIONE</span> <span class='ocrx_word' id='word_1_7' title='bbox 2346 330 2716 396; x_wconf 79' lang='lat' dir='ltr'>NATURALI.</span> 
     </span>
    </p>
   </div>
   <div class='ocr_carea' id='block_1_3' title="bbox 3498 332 3639 392">
    <p class='ocr_par' dir='ltr' id='par_1_3' title="bbox 3498 332 3639 392">
     <span class='ocr_line' id='line_1_3' title="bbox 3498 332 3639 392; baseline 0.014 -2"><span class='ocrx_word' id='word_1_8' title='bbox 3498 332 3639 392; x_wconf 77' lang='grc'><strong>1322</strong></span> 
     </span>
    </p>
   </div>
   <div class='ocr_carea' id='block_1_4' title="bbox 189 454 3636 539">
    <p class='ocr_par' dir='ltr' id='par_1_4' title="bbox 189 454 3636 539">
     <span class='ocr_line' id='line_1_4' title="bbox 189 454 3636 539; baseline -0.001 -20"><span class='ocrx_word' id='word_1_9' title='bbox 189 484 358 539; x_wconf 71' lang='grc' dir='ltr'>’γωνον</span> <span class='ocrx_word' id='word_1_10' title='bbox 389 460 521 535; x_wconf 77' lang='grc' dir='ltr'>πρὸς</span> <span class='ocrx_word' id='word_1_11' title='bbox 542 458 599 509; x_wconf 81' lang='grc' dir='ltr'>τὸ</span> <span class='ocrx_word' id='word_1_12' title='bbox 629 463 676 512; x_wconf 73' lang='grc' dir='ltr'><em>Ψ</em></span> <span class='ocrx_word' id='word_1_13' title='bbox 705 462 754 512; x_wconf 81' lang='grc' dir='ltr'>Χ</span> <span class='ocrx_word' id='word_1_14' title='bbox 799 462 862 526; x_wconf 87' lang='grc' dir='ltr'>Α,</span> <span class='ocrx_word' id='word_1_15' title='bbox 908 457 1070 520; x_wconf 78' lang='grc' dir='ltr'>οὕτως</span> <span class='ocrx_word' id='word_1_16' title='bbox 1118 462 1206 511; x_wconf 85' lang='grc' dir='ltr'>καὶ</span> <span class='ocrx_word' id='word_1_17' title='bbox 1254 476 1313 511; x_wconf 85' lang='grc' dir='ltr'>το</span> <span class='ocrx_word' id='word_1_18' title='bbox 1366 465 1407 512; x_wconf 88' lang='grc' dir='ltr'><strong>Τ</strong></span> <span class='ocrx_word' id='word_1_19' title='bbox 1447 465 1481 511; x_wconf 88' lang='grc' dir='ltr'><strong>Σ</strong></span> <span class='ocrx_word' id='word_1_20' title='bbox 1534 464 1580 510; x_wconf 90' lang='grc' dir='ltr'><strong>Π</strong></span> <span class='ocrx_word' id='word_1_21' title='bbox 1631 458 1762 533; x_wconf 85' lang='grc' dir='ltr'>πρὸς</span> <span class='ocrx_word' id='word_1_22' title='bbox 1804 458 1861 510; x_wconf 84' lang='grc' dir='ltr'>τὸ</span> <span class='ocrx_word' id='word_1_23' title='bbox 1891 455 1939 512; x_wconf 90' lang='grc' dir='ltr'><strong>Α</strong></span> <span class='ocrx_word' id='word_1_24' title='bbox 1968 454 2152 531; x_wconf 75' lang='grc' dir='ltr'>ἀνίσῳ,</span> <span class='ocrx_word' id='word_1_25' title='bbox 2203 460 2359 534; x_wconf 82' lang='grc' dir='ltr'>ὅμοια</span> <span class='ocrx_word' id='word_1_26' title='bbox 2418 460 2475 517; x_wconf 76' lang='grc' dir='ltr'>δὲ</span> <span class='ocrx_word' id='word_1_27' title='bbox 2538 469 2628 518; x_wconf 76' lang='grc' dir='ltr'>καὶ</span> <span class='ocrx_word' id='word_1_28' title='bbox 2691 462 2825 516; x_wconf 75' lang='grc' dir='ltr'>αὐτὰ</span> <span class='ocrx_word' id='word_1_29' title='bbox 2876 460 3071 514; x_wconf 79' lang='grc' dir='ltr'>ἐσεῖται</span> <span class='ocrx_word' id='word_1_30' title='bbox 3117 461 3326 524; x_wconf 75' lang='grc' dir='ltr'>τούτοις</span> <span class='ocrx_word' id='word_1_31' title='bbox 3372 460 3636 531; x_wconf 75' lang='grc' dir='ltr'>ποιότητι,</span> 
     </span>
    </p>
   </div>
   <div class='ocr_carea' id='block_1_5' title="bbox 186 546 1862 622">
    <p class='ocr_par' dir='ltr' id='par_1_5' title="bbox 186 546 1862 622">
     <span class='ocr_line' id='line_1_5' title="bbox 186 546 1862 622; baseline -0.015 -10"><span class='ocrx_word' id='word_1_32' title='bbox 186 563 241 611; x_wconf 91' lang='grc' dir='ltr'>Π</span> <span class='ocrx_word' id='word_1_33' title='bbox 275 562 323 611; x_wconf 86' lang='grc' dir='ltr'><strong>Λ</strong></span> <span class='ocrx_word' id='word_1_34' title='bbox 352 561 419 622; x_wconf 84' lang='grc' dir='ltr'>Θ,</span> <span class='ocrx_word' id='word_1_35' title='bbox 443 554 512 613; x_wconf 86' lang='grc' dir='ltr'>ὡς</span> <span class='ocrx_word' id='word_1_36' title='bbox 536 546 595 603; x_wconf 72' lang='grc' dir='ltr'>δὲ</span> <span class='ocrx_word' id='word_1_37' title='bbox 624 551 682 602; x_wconf 85' lang='grc' dir='ltr'>τό</span> <span class='ocrx_word' id='word_1_38' title='bbox 711 553 753 602; x_wconf 91' lang='grc' dir='ltr'>Λ</span> <span class='ocrx_word' id='word_1_39' title='bbox 784 555 820 601; x_wconf 85' lang='grc' dir='ltr'>Ρ</span> <span class='ocrx_word' id='word_1_40' title='bbox 854 554 894 600; x_wconf 88' lang='grc' dir='ltr'><strong>Η</strong></span> <span class='ocrx_word' id='word_1_41' title='bbox 926 552 1173 622; x_wconf 76' lang='grc' dir='ltr'>τρίγωνον</span> <span class='ocrx_word' id='word_1_42' title='bbox 1194 552 1325 622; x_wconf 80' lang='grc' dir='ltr'>πρὸς</span> <span class='ocrx_word' id='word_1_43' title='bbox 1365 551 1424 601; x_wconf 82' lang='grc' dir='ltr'>τὸ</span> <span class='ocrx_word' id='word_1_44' title='bbox 1472 549 1525 603; x_wconf 80' lang='grc' dir='ltr'>Χ</span> <span class='ocrx_word' id='word_1_45' title='bbox 1559 555 1607 601; x_wconf 82' lang='grc' dir='ltr'>Ω,</span> <span class='ocrx_word' id='word_1_46' title='bbox 1666 553 1722 614; x_wconf 61' lang='grc' dir='ltr'><strong>Δ,</strong></span> <span class='ocrx_word' id='word_1_47' title='bbox 1780 546 1862 600; x_wconf 67' lang='grc' dir='ltr'>οὗ-</span> 
     </span>
    </p>
   </div>
   <div class='ocr_carea' id='block_1_6' title="bbox 188 640 1865 713">
    <p class='ocr_par' dir='ltr' id='par_1_6' title="bbox 188 640 1865 713">
     <span class='ocr_line' id='line_1_6' title="bbox 188 640 1865 713; baseline -0.007 -11"><span class='ocrx_word' id='word_1_48' title='bbox 188 640 1037 713; x_wconf 79' lang='grc' dir='ltr'>τωςκαὶτὸΣΚΛπρόςτόΛ</span> <span class='ocrx_word' id='word_1_49' title='bbox 1093 644 1218 709; x_wconf 84' lang='grc' dir='ltr'>ΡΗ,</span> <span class='ocrx_word' id='word_1_50' title='bbox 1274 643 1363 692; x_wconf 83' lang='grc' dir='ltr'>καὶ</span> <span class='ocrx_word' id='word_1_51' title='bbox 1419 640 1483 700; x_wconf 86' lang='grc' dir='ltr'>ὡς</span> <span class='ocrx_word' id='word_1_52' title='bbox 1529 657 1587 690; x_wconf 90' lang='grc' dir='ltr'>το</span> <span class='ocrx_word' id='word_1_53' title='bbox 1647 644 1684 690; x_wconf 91' lang='grc' dir='ltr'>Ρ</span> <span class='ocrx_word' id='word_1_54' title='bbox 1730 643 1776 691; x_wconf 93' lang='grc' dir='ltr'>Ν</span> <span class='ocrx_word' id='word_1_55' title='bbox 1827 643 1865 689; x_wconf 92' lang='grc' dir='ltr'><strong>Ζ</strong></span> 
     </span>
    </p>
   </div>
   <div class='ocr_carea' id='block_1_7' title="bbox 188 728 1868 812">
    <p class='ocr_par' dir='ltr' id='par_1_7' title="bbox 188 728 1868 812">
     <span class='ocr_line' id='line_1_7' title="bbox 188 728 1868 812; baseline -0.007 -21"><span class='ocrx_word' id='word_1_56' title='bbox 188 741 450 812; x_wconf 76' lang='grc' dir='ltr'>τρίγωνον</span> <span class='ocrx_word' id='word_1_57' title='bbox 480 733 612 808; x_wconf 86' lang='grc' dir='ltr'>πρὸς</span> <span class='ocrx_word' id='word_1_58' title='bbox 634 732 692 783; x_wconf 88' lang='grc' dir='ltr'>τὸ</span> <span class='ocrx_word' id='word_1_59' title='bbox 737 731 850 782; x_wconf 77' lang='grc' dir='ltr'>ΩΦ</span> <span class='ocrx_word' id='word_1_60' title='bbox 886 732 947 796; x_wconf 86' lang='grc' dir='ltr'>Γ,</span> <span class='ocrx_word' id='word_1_61' title='bbox 999 728 1161 790; x_wconf 74' lang='grc' dir='ltr'>οὕτως</span> <span class='ocrx_word' id='word_1_62' title='bbox 1215 733 1305 782; x_wconf 85' lang='grc' dir='ltr'>καὶ</span> <span class='ocrx_word' id='word_1_63' title='bbox 1346 731 1404 782; x_wconf 80' lang='grc' dir='ltr'>τὸ</span> <span class='ocrx_word' id='word_1_64' title='bbox 1457 734 1501 783; x_wconf 77' lang='grc' dir='ltr'><strong><em>Κ</em></strong></span> <span class='ocrx_word' id='word_1_65' title='bbox 1556 735 1596 782; x_wconf 80' lang='grc' dir='ltr'>Υ</span> <span class='ocrx_word' id='word_1_66' title='bbox 1645 734 1681 782; x_wconf 89' lang='grc' dir='ltr'>Ρ</span> <span class='ocrx_word' id='word_1_67' title='bbox 1735 728 1868 801; x_wconf 81' lang='grc' dir='ltr'>πρὸς</span> 
     </span>
    </p>
   </div>
   <div class='ocr_carea' id='block_1_8' title="bbox 192 821 1869 894">
    <p class='ocr_par' dir='ltr' id='par_1_8' title="bbox 192 821 1869 894">
     <span class='ocr_line' id='line_1_8' title="bbox 192 821 1869 894; baseline -0.006 -12"><span class='ocrx_word' id='word_1_68' title='bbox 192 831 385 882; x_wconf 85' lang='grc' dir='ltr'>τόΝΡ</span> <span class='ocrx_word' id='word_1_69' title='bbox 413 830 475 888; x_wconf 88' lang='grc' dir='ltr'>Ζ,</span> <span class='ocrx_word' id='word_1_70' title='bbox 521 825 613 875; x_wconf 85' lang='grc' dir='ltr'>καὶ</span> <span class='ocrx_word' id='word_1_71' title='bbox 659 821 730 882; x_wconf 82' lang='grc' dir='ltr'>ὡς</span> <span class='ocrx_word' id='word_1_72' title='bbox 785 837 844 871; x_wconf 73' lang='grc' dir='ltr'>το</span> <span class='ocrx_word' id='word_1_73' title='bbox 900 824 947 872; x_wconf 88' lang='grc' dir='ltr'><strong>Ν</strong></span> <span class='ocrx_word' id='word_1_74' title='bbox 1000 823 1044 872; x_wconf 88' lang='grc' dir='ltr'><strong>Π</strong></span> <span class='ocrx_word' id='word_1_75' title='bbox 1102 824 1141 874; x_wconf 89' lang='grc' dir='ltr'><strong>Ε</strong></span> <span class='ocrx_word' id='word_1_76' title='bbox 1194 822 1441 894; x_wconf 74' lang='grc' dir='ltr'>τρίγωνον</span> <span class='ocrx_word' id='word_1_77' title='bbox 1490 821 1697 891; x_wconf 87' lang='grc' dir='ltr'>πρόςτο</span> <span class='ocrx_word' id='word_1_78' title='bbox 1730 824 1769 873; x_wconf 80' lang='grc' dir='ltr'>Φ</span> <span class='ocrx_word' id='word_1_79' title='bbox 1821 822 1869 872; x_wconf 84' lang='grc' dir='ltr'>Ψ</span> 
     </span>
    </p>
   </div>
   <div class='ocr_carea' id='block_1_9' title="bbox 198 905 1868 986">
    <p class='ocr_par' dir='ltr' id='par_1_9' title="bbox 198 905 1868 986">
     <span class='ocr_line' id='line_1_9' title="bbox 198 905 1868 986; baseline -0.007 -15"><span class='ocrx_word' id='word_1_80' title='bbox 198 923 265 986; x_wconf 86' lang='grc' dir='ltr'>Β,</span> <span class='ocrx_word' id='word_1_81' title='bbox 298 915 457 976; x_wconf 81' lang='grc' dir='ltr'>οὕτως</span> <span class='ocrx_word' id='word_1_82' title='bbox 486 916 577 965; x_wconf 82' lang='grc' dir='ltr'>καὶ</span> <span class='ocrx_word' id='word_1_83' title='bbox 599 912 657 964; x_wconf 82' lang='grc' dir='ltr'>τὸ</span> <span class='ocrx_word' id='word_1_84' title='bbox 688 915 730 963; x_wconf 88' lang='grc' dir='ltr'>Υ</span> <span class='ocrx_word' id='word_1_85' title='bbox 752 913 793 962; x_wconf 86' lang='grc' dir='ltr'><strong>Τ</strong></span> <span class='ocrx_word' id='word_1_86' title='bbox 821 914 870 962; x_wconf 92' lang='grc' dir='ltr'><strong>Ν</strong></span> <span class='ocrx_word' id='word_1_87' title='bbox 897 910 1028 982; x_wconf 87' lang='grc' dir='ltr'>πρὸς</span> <span class='ocrx_word' id='word_1_88' title='bbox 1057 911 1115 961; x_wconf 85' lang='grc' dir='ltr'>τό</span> <span class='ocrx_word' id='word_1_89' title='bbox 1158 914 1201 961; x_wconf 86' lang='grc' dir='ltr'>Π</span> <span class='ocrx_word' id='word_1_90' title='bbox 1255 913 1301 962; x_wconf 88' lang='grc' dir='ltr'><strong>Ν</strong></span> <span class='ocrx_word' id='word_1_91' title='bbox 1352 914 1409 977; x_wconf 84' lang='grc' dir='ltr'>Ε,</span> <span class='ocrx_word' id='word_1_92' title='bbox 1469 906 1704 982; x_wconf 73' lang='grc' dir='ltr'>ἑκάτερον</span> <span class='ocrx_word' id='word_1_93' title='bbox 1754 905 1868 961; x_wconf 84' lang='grc' dir='ltr'>ἐκα-</span> 
     </span>
    </p>
   </div>
   <div class='ocr_carea' id='block_1_10' title="bbox 202 999 1868 1081">
    <p class='ocr_par' dir='ltr' id='par_1_10' title="bbox 202 999 1868 1081">
     <span class='ocr_line' id='line_1_10' title="bbox 202 999 1868 1081; baseline -0.004 -23"><span class='ocrx_word' id='word_1_94' title='bbox 202 1009 356 1081; x_wconf 82' lang='grc' dir='ltr'>τέρου</span> <span class='ocrx_word' id='word_1_95' title='bbox 398 1008 490 1063; x_wconf 71' lang='grc' dir='ltr'>τὴν</span> <span class='ocrx_word' id='word_1_96' title='bbox 531 1002 800 1077; x_wconf 79' lang='grc' dir='ltr'>ὑπεροχὴν</span> <span class='ocrx_word' id='word_1_97' title='bbox 847 1000 971 1071; x_wconf 76' lang='grc' dir='ltr'>ἕχον</span> <span class='ocrx_word' id='word_1_98' title='bbox 1017 1001 1163 1070; x_wconf 79' lang='grc' dir='ltr'>ἴσην,</span> <span class='ocrx_word' id='word_1_99' title='bbox 1222 1000 1358 1051; x_wconf 78' lang='grc' dir='ltr'>κατὰ</span> <span class='ocrx_word' id='word_1_100' title='bbox 1402 1001 1461 1051; x_wconf 84' lang='grc' dir='ltr'>τὸ</span> <span class='ocrx_word' id='word_1_101' title='bbox 1518 999 1719 1064; x_wconf 81' lang='grc' dir='ltr'>ἄνισον,</span> <span class='ocrx_word' id='word_1_102' title='bbox 1779 1001 1868 1051; x_wconf 87' lang='grc' dir='ltr'>καὶ</span> 
     </span>
    </p>
   </div>
   <div class='ocr_carea' id='block_1_11' title="bbox 203 1087 1868 1164">
    <p class='ocr_par' dir='ltr' id='par_1_11' title="bbox 203 1087 1868 1164">
     <span class='ocr_line' id='line_1_11' title="bbox 203 1087 1868 1164; baseline -0.005 -15"><span class='ocrx_word' id='word_1_103' title='bbox 203 1103 363 1149; x_wconf 77' lang='grc' dir='ltr'>τοῦτο</span> <span class='ocrx_word' id='word_1_104' title='bbox 391 1094 524 1147; x_wconf 83' lang='grc' dir='ltr'>κατὰ</span> <span class='ocrx_word' id='word_1_105' title='bbox 561 1094 620 1144; x_wconf 89' lang='grc' dir='ltr'>τὸ</span> <span class='ocrx_word' id='word_1_106' title='bbox 658 1090 889 1164; x_wconf 80' lang='grc' dir='ltr'>ἄπειρον,</span> <span class='ocrx_word' id='word_1_107' title='bbox 923 1087 1051 1141; x_wconf 81' lang='grc' dir='ltr'>ἀλλὰ</span> <span class='ocrx_word' id='word_1_108' title='bbox 1078 1093 1169 1141; x_wconf 85' lang='grc' dir='ltr'>καὶ</span> <span class='ocrx_word' id='word_1_109' title='bbox 1201 1090 1271 1151; x_wconf 85' lang='grc' dir='ltr'>ὡς</span> <span class='ocrx_word' id='word_1_110' title='bbox 1327 1092 1384 1142; x_wconf 89' lang='grc' dir='ltr'>τὸ</span> <span class='ocrx_word' id='word_1_111' title='bbox 1434 1094 1474 1142; x_wconf 83' lang='grc' dir='ltr'><strong>Α</strong></span> <span class='ocrx_word' id='word_1_112' title='bbox 1537 1094 1574 1142; x_wconf 91' lang='grc' dir='ltr'><strong>Β</strong></span> <span class='ocrx_word' id='word_1_113' title='bbox 1622 1093 1661 1141; x_wconf 94' lang='grc' dir='ltr'><strong>Γ</strong></span> <span class='ocrx_word' id='word_1_114' title='bbox 1717 1092 1751 1140; x_wconf 93' lang='grc' dir='ltr'>Δ</span> <span class='ocrx_word' id='word_1_115' title='bbox 1783 1106 1868 1141; x_wconf 81' lang='grc' dir='ltr'>τε·</span> 
     </span>
    </p>
   </div>
   <div class='ocr_carea' id='block_1_12' title="bbox 204 1179 1868 1260">
    <p class='ocr_par' dir='ltr' id='par_1_12' title="bbox 204 1179 1868 1260">
     <span class='ocr_line' id='line_1_12' title="bbox 204 1179 1868 1260; baseline -0.004 -22"><span class='ocrx_word' id='word_1_116' title='bbox 204 1186 470 1260; x_wconf 75' lang='grc' dir='ltr'>τροξγωνον</span> <span class='ocrx_word' id='word_1_117' title='bbox 524 1184 655 1257; x_wconf 88' lang='grc' dir='ltr'>πρός</span> <span class='ocrx_word' id='word_1_118' title='bbox 713 1181 773 1231; x_wconf 83' lang='grc' dir='ltr'>τὸ</span> <span class='ocrx_word' id='word_1_119' title='bbox 831 1184 871 1231; x_wconf 87' lang='grc' dir='ltr'>Ε</span> <span class='ocrx_word' id='word_1_120' title='bbox 930 1185 970 1230; x_wconf 90' lang='grc' dir='ltr'><strong>Ζ</strong></span> <span class='ocrx_word' id='word_1_121' title='bbox 998 1185 1041 1232; x_wconf 88' lang='grc' dir='ltr'><strong>Η</strong></span> <span class='ocrx_word' id='word_1_122' title='bbox 1104 1186 1172 1250; x_wconf 85' lang='grc' dir='ltr'>Θ,</span> <span class='ocrx_word' id='word_1_123' title='bbox 1214 1179 1373 1239; x_wconf 76' lang='grc' dir='ltr'>οὕτως</span> <span class='ocrx_word' id='word_1_124' title='bbox 1410 1181 1583 1232; x_wconf 80' lang='grc' dir='ltr'>καὶτὸ</span> <span class='ocrx_word' id='word_1_125' title='bbox 1609 1184 1655 1232; x_wconf 89' lang='grc' dir='ltr'><strong>Ν</strong></span> <span class='ocrx_word' id='word_1_126' title='bbox 1681 1185 1717 1232; x_wconf 85' lang='grc' dir='ltr'>Ρ</span> <span class='ocrx_word' id='word_1_127' title='bbox 1747 1182 1794 1232; x_wconf 91' lang='grc' dir='ltr'><strong>Λ</strong></span> <span class='ocrx_word' id='word_1_128' title='bbox 1822 1184 1868 1232; x_wconf 89' lang='grc' dir='ltr'>Π</span> 
     </span>
    </p>
   </div>
   <div class='ocr_carea' id='block_1_13' title="bbox 200 1266 1870 1349">
    <p class='ocr_par' dir='ltr' id='par_1_13' title="bbox 200 1266 1870 1349">
     <span class='ocr_line' id='line_1_13' title="bbox 200 1266 1870 1349; baseline -0.005 -21"><span class='ocrx_word' id='word_1_129' title='bbox 200 1276 333 1349; x_wconf 86' lang='grc' dir='ltr'>πρὸς</span> <span class='ocrx_word' id='word_1_130' title='bbox 392 1282 450 1327; x_wconf 80' lang='grc' dir='ltr'>τό</span> <span class='ocrx_word' id='word_1_131' title='bbox 524 1278 565 1325; x_wconf 89' lang='grc' dir='ltr'><strong>Τ</strong></span> <span class='ocrx_word' id='word_1_132' title='bbox 642 1277 684 1324; x_wconf 83' lang='grc' dir='ltr'>Υ</span> <span class='ocrx_word' id='word_1_133' title='bbox 732 1275 776 1323; x_wconf 77' lang='grc' dir='ltr'>Κ</span> <span class='ocrx_word' id='word_1_134' title='bbox 819 1275 852 1322; x_wconf 89' lang='grc' dir='ltr'>Σ</span> <span class='ocrx_word' id='word_1_135' title='bbox 897 1266 1134 1343; x_wconf 75' lang='grc' dir='ltr'>ἑκάτερον</span> <span class='ocrx_word' id='word_1_136' title='bbox 1182 1267 1423 1340; x_wconf 78' lang='grc' dir='ltr'>ἐκατέρου</span> <span class='ocrx_word' id='word_1_137' title='bbox 1471 1270 1605 1321; x_wconf 82' lang='grc' dir='ltr'>κατά</span> <span class='ocrx_word' id='word_1_138' title='bbox 1657 1271 1715 1321; x_wconf 88' lang='grc' dir='ltr'>τό</span> <span class='ocrx_word' id='word_1_139' title='bbox 1759 1268 1870 1320; x_wconf 79' lang='grc' dir='ltr'>ἄνι-</span> 
     </span>
    </p>
   </div>
   <div class='ocr_carea' id='block_1_14' title="bbox 203 1358 1866 1433">
    <p class='ocr_par' dir='ltr' id='par_1_14' title="bbox 203 1358 1866 1433">
     <span class='ocr_line' id='line_1_14' title="bbox 203 1358 1866 1433; baseline -0.005 -16"><span class='ocrx_word' id='word_1_140' title='bbox 203 1382 299 1417; x_wconf 90' lang='grc' dir='ltr'>σον</span> <span class='ocrx_word' id='word_1_141' title='bbox 354 1362 534 1425; x_wconf 81' lang='grc' dir='ltr'>ἐξίσου</span> <span class='ocrx_word' id='word_1_142' title='bbox 578 1360 834 1433; x_wconf 76' lang='grc' dir='ltr'>ὑπερέχον</span> <span class='ocrx_word' id='word_1_143' title='bbox 891 1376 946 1409; x_wconf 83' lang='grc' dir='ltr'>τε</span> <span class='ocrx_word' id='word_1_144' title='bbox 996 1362 1086 1409; x_wconf 83' lang='grc' dir='ltr'>καὶ</span> <span class='ocrx_word' id='word_1_145' title='bbox 1160 1358 1557 1433; x_wconf 59' lang='grc' dir='ltr'>ὑπερεχόμενον</span> <span class='ocrx_word' id='word_1_146' title='bbox 1634 1358 1701 1420; x_wconf 84' lang='grc' dir='ltr'>ὡς</span> <span class='ocrx_word' id='word_1_147' title='bbox 1764 1359 1866 1431; x_wconf 75' lang='grc' dir='ltr'>γὰρ</span> 
     </span>
    </p>
   </div>
   <div class='ocr_carea' id='block_1_15' title="bbox 196 1445 1871 1524">
    <p class='ocr_par' dir='ltr' id='par_1_15' title="bbox 196 1445 1871 1524">
     <span class='ocr_line' id='line_1_15' title="bbox 196 1445 1871 1524; baseline -0.005 -17"><span class='ocrx_word' id='word_1_148' title='bbox 196 1457 263 1507; x_wconf 82' lang='grc' dir='ltr'>τὸ</span> <span class='ocrx_word' id='word_1_149' title='bbox 296 1459 337 1507; x_wconf 78' lang='grc' dir='ltr'><strong>Α</strong></span> <span class='ocrx_word' id='word_1_150' title='bbox 371 1459 408 1505; x_wconf 92' lang='grc' dir='ltr'><strong>Β</strong></span> <span class='ocrx_word' id='word_1_151' title='bbox 446 1457 484 1504; x_wconf 88' lang='grc' dir='ltr'><strong>Γ</strong></span> <span class='ocrx_word' id='word_1_152' title='bbox 515 1457 550 1504; x_wconf 90' lang='grc' dir='ltr'><strong>Δ</strong></span> <span class='ocrx_word' id='word_1_153' title='bbox 579 1468 705 1524; x_wconf 87' lang='grc' dir='ltr'>προς</span> <span class='ocrx_word' id='word_1_154' title='bbox 735 1451 793 1501; x_wconf 85' lang='grc' dir='ltr'>τὸ</span> <span class='ocrx_word' id='word_1_155' title='bbox 822 1453 860 1500; x_wconf 87' lang='grc' dir='ltr'>Ε</span> <span class='ocrx_word' id='word_1_156' title='bbox 893 1452 933 1499; x_wconf 91' lang='grc' dir='ltr'><strong>Ζ</strong></span> <span class='ocrx_word' id='word_1_157' title='bbox 978 1452 1021 1500; x_wconf 81' lang='lat' dir='ltr'><strong>II</strong></span> <span class='ocrx_word' id='word_1_158' title='bbox 1069 1453 1136 1514; x_wconf 89' lang='grc' dir='ltr'>Θ,</span> <span class='ocrx_word' id='word_1_159' title='bbox 1204 1446 1368 1509; x_wconf 74' lang='grc' dir='ltr'>οὕτως</span> <span class='ocrx_word' id='word_1_160' title='bbox 1413 1451 1505 1500; x_wconf 82' lang='grc' dir='ltr'>καὶ</span> <span class='ocrx_word' id='word_1_161' title='bbox 1558 1445 1684 1500; x_wconf 77' lang='grc' dir='ltr'>αὖτό</span> <span class='ocrx_word' id='word_1_162' title='bbox 1738 1448 1871 1523; x_wconf 84' lang='grc' dir='ltr'>πρὸς</span> 
     </span>
    </p>
   </div>
   <div class='ocr_carea' id='block_1_16' title="bbox 199 1534 1868 1611">
    <p class='ocr_par' dir='ltr' id='par_1_16' title="bbox 199 1534 1868 1611">
     <span class='ocr_line' id='line_1_16' title="bbox 199 1534 1868 1611; baseline -0.009 -14"><span class='ocrx_word' id='word_1_163' title='bbox 199 1545 266 1596; x_wconf 87' lang='grc' dir='ltr'>τὸ</span> <span class='ocrx_word' id='word_1_164' title='bbox 288 1549 332 1595; x_wconf 86' lang='grc' dir='ltr'>Ν</span> <span class='ocrx_word' id='word_1_165' title='bbox 355 1548 392 1595; x_wconf 90' lang='grc' dir='ltr'>Ρ</span> <span class='ocrx_word' id='word_1_166' title='bbox 417 1545 463 1596; x_wconf 88' lang='grc' dir='ltr'>Λ</span> <span class='ocrx_word' id='word_1_167' title='bbox 492 1541 669 1609; x_wconf 85' lang='grc' dir='ltr'>ΙῙ,καὶ</span> <span class='ocrx_word' id='word_1_168' title='bbox 717 1537 864 1604; x_wconf 70' lang='grc' dir='ltr'>αὐτὸ,</span> <span class='ocrx_word' id='word_1_169' title='bbox 897 1548 1031 1590; x_wconf 77' lang='grc' dir='ltr'>κατα</span> <span class='ocrx_word' id='word_1_170' title='bbox 1057 1539 1145 1588; x_wconf 84' lang='grc' dir='ltr'>τὸν</span> <span class='ocrx_word' id='word_1_171' title='bbox 1208 1534 1358 1589; x_wconf 71' lang='grc' dir='ltr'>οὕτόν</span> <span class='ocrx_word' id='word_1_172' title='bbox 1408 1535 1579 1608; x_wconf 75' lang='grc' dir='ltr'>λόγον,</span> <span class='ocrx_word' id='word_1_173' title='bbox 1639 1540 1767 1611; x_wconf 85' lang='grc' dir='ltr'>πρὸς</span> <span class='ocrx_word' id='word_1_174' title='bbox 1809 1540 1868 1591; x_wconf 80' lang='grc' dir='ltr'>τὸ</span> 
     </span>
    </p>
   </div>
   <div class='ocr_carea' id='block_1_17' title="bbox 199 1623 1871 1701">
    <p class='ocr_par' dir='ltr' id='par_1_17' title="bbox 199 1623 1871 1701">
     <span class='ocr_line' id='line_1_17' title="bbox 199 1623 1871 1701; baseline -0.001 -19"><span class='ocrx_word' id='word_1_175' title='bbox 199 1636 246 1686; x_wconf 86' lang='grc' dir='ltr'><strong>Τ</strong></span> <span class='ocrx_word' id='word_1_176' title='bbox 278 1638 318 1685; x_wconf 85' lang='grc' dir='ltr'>Υ</span> <span class='ocrx_word' id='word_1_177' title='bbox 347 1635 389 1684; x_wconf 81' lang='grc' dir='ltr'><strong>Κ</strong></span> <span class='ocrx_word' id='word_1_178' title='bbox 439 1636 497 1682; x_wconf 87' lang='grc' dir='ltr'>Σ·</span> <span class='ocrx_word' id='word_1_179' title='bbox 552 1632 643 1681; x_wconf 83' lang='grc' dir='ltr'>καὶ</span> <span class='ocrx_word' id='word_1_180' title='bbox 682 1624 790 1679; x_wconf 72' lang='grc' dir='ltr'>ἐπεὶ</span> <span class='ocrx_word' id='word_1_181' title='bbox 839 1633 963 1698; x_wconf 56' lang='grc' dir='ltr'>’γοῦν</span> <span class='ocrx_word' id='word_1_182' title='bbox 1016 1632 1123 1686; x_wconf 86' lang='grc' dir='ltr'>τοῖς</span> <span class='ocrx_word' id='word_1_183' title='bbox 1174 1623 1282 1678; x_wconf 75' lang='grc' dir='ltr'>ἐπεὶ</span> <span class='ocrx_word' id='word_1_184' title='bbox 1338 1627 1405 1678; x_wconf 80' lang='grc' dir='ltr'>τὰ</span> <span class='ocrx_word' id='word_1_185' title='bbox 1445 1627 1585 1700; x_wconf 79' lang='grc' dir='ltr'>ἄκρα</span> <span class='ocrx_word' id='word_1_186' title='bbox 1634 1631 1871 1701; x_wconf 78' lang='grc' dir='ltr'>σημείοις</span> 
     </span>
    </p>
   </div>
   <div class='ocr_carea' id='block_1_18' title="bbox 202 1714 1871 1790">
    <p class='ocr_par' dir='ltr' id='par_1_18' title="bbox 202 1714 1871 1790">
     <span class='ocr_line' id='line_1_18' title="bbox 202 1714 1871 1790; baseline -0.002 -16"><span class='ocrx_word' id='word_1_187' title='bbox 202 1724 380 1774; x_wconf 85' lang='grc' dir='ltr'>ΑΒΓ</span> <span class='ocrx_word' id='word_1_188' title='bbox 429 1725 464 1772; x_wconf 89' lang='grc' dir='ltr'><strong>Δ</strong></span> <span class='ocrx_word' id='word_1_189' title='bbox 530 1718 594 1770; x_wconf 78' lang='grc' dir='ltr'>τὰ</span> <span class='ocrx_word' id='word_1_190' title='bbox 654 1719 791 1790; x_wconf 76' lang='grc' dir='ltr'>μέσα</span> <span class='ocrx_word' id='word_1_191' title='bbox 850 1717 1049 1784; x_wconf 72' lang='grc' dir='ltr'>σημεῖα</span> <span class='ocrx_word' id='word_1_192' title='bbox 1104 1722 1150 1770; x_wconf 83' lang='grc' dir='ltr'><em>Ψ</em></span> <span class='ocrx_word' id='word_1_193' title='bbox 1215 1721 1253 1769; x_wconf 80' lang='grc' dir='ltr'>Φ</span> <span class='ocrx_word' id='word_1_194' title='bbox 1301 1722 1348 1767; x_wconf 88' lang='grc' dir='ltr'>Ω</span> <span class='ocrx_word' id='word_1_195' title='bbox 1394 1722 1443 1769; x_wconf 80' lang='grc' dir='ltr'>Χ</span> <span class='ocrx_word' id='word_1_196' title='bbox 1492 1714 1871 1789; x_wconf 72' lang='grc' dir='ltr'>ἐπιζωχθέντα</span> 
     </span>
    </p>
   </div>
   <div class='ocr_carea' id='block_1_19' title="bbox 203 1806 1866 1881">
    <p class='ocr_par' dir='ltr' id='par_1_19' title="bbox 203 1806 1866 1881">
     <span class='ocr_line' id='line_1_19' title="bbox 203 1806 1866 1881; baseline -0.002 -19"><span class='ocrx_word' id='word_1_197' title='bbox 203 1808 492 1881; x_wconf 78' lang='grc' dir='ltr'>ἑξανάγκης</span> <span class='ocrx_word' id='word_1_198' title='bbox 550 1814 761 1861; x_wconf 86' lang='grc' dir='ltr'>ποιοῦσι</span> <span class='ocrx_word' id='word_1_199' title='bbox 808 1808 1139 1880; x_wconf 70' lang='grc' dir='ltr'>τετράγωνον,</span> <span class='ocrx_word' id='word_1_200' title='bbox 1189 1808 1280 1857; x_wconf 87' lang='grc' dir='ltr'>καὶ</span> <span class='ocrx_word' id='word_1_201' title='bbox 1333 1806 1399 1858; x_wconf 78' lang='grc' dir='ltr'>τὰ</span> <span class='ocrx_word' id='word_1_202' title='bbox 1456 1809 1594 1878; x_wconf 76' lang='grc' dir='ltr'>μέσα</span> <span class='ocrx_word' id='word_1_203' title='bbox 1651 1809 1866 1876; x_wconf 84' lang='grc' dir='ltr'>τούτων,</span> 
     </span>
    </p>
   </div>
   <div class='ocr_carea' id='block_1_20' title="bbox 200 1896 1868 1969">
    <p class='ocr_par' dir='ltr' id='par_1_20' title="bbox 200 1896 1868 1969">
     <span class='ocr_line' id='line_1_20' title="bbox 200 1896 1868 1969; baseline -0.001 -17"><span class='ocrx_word' id='word_1_204' title='bbox 200 1902 340 1952; x_wconf 81' lang='grc' dir='ltr'>κατά</span> <span class='ocrx_word' id='word_1_205' title='bbox 386 1902 481 1957; x_wconf 76' lang='grc' dir='ltr'>τὴν</span> <span class='ocrx_word' id='word_1_206' title='bbox 535 1896 697 1955; x_wconf 68' lang='grc' dir='ltr'>αὐτὴν</span> <span class='ocrx_word' id='word_1_207' title='bbox 755 1899 1030 1963; x_wconf 86' lang='grc' dir='ltr'>ποιότητα,</span> <span class='ocrx_word' id='word_1_208' title='bbox 1093 1900 1378 1954; x_wconf 65' lang='grc' dir='ltr'>ποιήσουσι</span> <span class='ocrx_word' id='word_1_209' title='bbox 1455 1914 1543 1948; x_wconf 90' lang='grc' dir='ltr'>τον</span> <span class='ocrx_word' id='word_1_210' title='bbox 1614 1902 1651 1949; x_wconf 90' lang='grc' dir='ltr'>Ρ</span> <span class='ocrx_word' id='word_1_211' title='bbox 1696 1902 1744 1951; x_wconf 91' lang='grc' dir='ltr'><strong>Λ</strong></span> <span class='ocrx_word' id='word_1_212' title='bbox 1801 1904 1868 1969; x_wconf 79' lang='grc' dir='ltr'>Π,</span> 
     </span>
    </p>
   </div>
   <div class='ocr_carea' id='block_1_21' title="bbox 203 1983 1868 2058">
    <p class='ocr_par' dir='ltr' id='par_1_21' title="bbox 203 1983 1868 2058">
     <span class='ocr_line' id='line_1_21' title="bbox 203 1983 1868 2058; baseline -0.001 -16"><span class='ocrx_word' id='word_1_213' title='bbox 203 1990 456 2048; x_wconf 81' lang='grc' dir='ltr'>ὡσαύτως</span> <span class='ocrx_word' id='word_1_214' title='bbox 474 1992 566 2039; x_wconf 87' lang='grc' dir='ltr'>καὶ</span> <span class='ocrx_word' id='word_1_215' title='bbox 586 1987 654 2039; x_wconf 80' lang='grc' dir='ltr'>τὰ</span> <span class='ocrx_word' id='word_1_216' title='bbox 696 1988 834 2058; x_wconf 73' lang='grc' dir='ltr'>μέσα</span> <span class='ocrx_word' id='word_1_217' title='bbox 857 1987 1052 2038; x_wconf 84' lang='grc' dir='ltr'>τούτων</span> <span class='ocrx_word' id='word_1_218' title='bbox 1101 1987 1158 2037; x_wconf 86' lang='grc' dir='ltr'>τὸ</span> <span class='ocrx_word' id='word_1_219' title='bbox 1206 1990 1248 2037; x_wconf 86' lang='grc' dir='ltr'>Τ</span> <span class='ocrx_word' id='word_1_220' title='bbox 1299 1991 1339 2038; x_wconf 84' lang='grc' dir='ltr'><strong>Υ</strong></span> <span class='ocrx_word' id='word_1_221' title='bbox 1386 1990 1429 2038; x_wconf 85' lang='grc' dir='ltr'>Κ</span> <span class='ocrx_word' id='word_1_222' title='bbox 1484 1991 1538 2048; x_wconf 90' lang='grc' dir='ltr'>Σ,</span> <span class='ocrx_word' id='word_1_223' title='bbox 1596 1983 1724 2038; x_wconf 75' lang='grc' dir='ltr'>ἀλλὰ</span> <span class='ocrx_word' id='word_1_224' title='bbox 1779 1992 1868 2040; x_wconf 82' lang='grc' dir='ltr'>καὶ</span> 
     </span>
    </p>
   </div>
   <div class='ocr_carea' id='block_1_22' title="bbox 202 2077 1870 2148">
    <p class='ocr_par' dir='ltr' id='par_1_22' title="bbox 202 2077 1870 2148">
     <span class='ocr_line' id='line_1_22' title="bbox 202 2077 1870 2148; baseline 0.001 -18"><span class='ocrx_word' id='word_1_225' title='bbox 202 2079 749 2133; x_wconf 77' lang='grc' dir='ltr'>τὰΨΦΒΦΩΓΩ.</span> <span class='ocrx_word' id='word_1_226' title='bbox 789 2078 838 2128; x_wconf 76' lang='grc' dir='ltr'>Χ</span> <span class='ocrx_word' id='word_1_227' title='bbox 884 2081 920 2127; x_wconf 88' lang='grc' dir='ltr'><strong>Δ</strong></span> <span class='ocrx_word' id='word_1_228' title='bbox 973 2080 1021 2128; x_wconf 81' lang='grc' dir='ltr'>Χ</span> <span class='ocrx_word' id='word_1_229' title='bbox 1075 2078 1119 2129; x_wconf 80' lang='grc' dir='ltr'><strong><em>Ψ</em></strong></span> <span class='ocrx_word' id='word_1_230' title='bbox 1166 2077 1214 2128; x_wconf 79' lang='grc' dir='ltr'>Α</span> <span class='ocrx_word' id='word_1_231' title='bbox 1268 2078 1498 2148; x_wconf 72' lang='grc' dir='ltr'>τρίγωνα</span> <span class='ocrx_word' id='word_1_232' title='bbox 1551 2077 1616 2127; x_wconf 77' lang='grc' dir='ltr'>τὰ</span> <span class='ocrx_word' id='word_1_233' title='bbox 1670 2079 1870 2132; x_wconf 81' lang='grc' dir='ltr'>κατὰΨ</span> 
     </span>
    </p>
   </div>
   <div class='ocr_carea' id='block_1_23' title="bbox 204 2165 1869 2239">
    <p class='ocr_par' dir='ltr' id='par_1_23' title="bbox 204 2165 1869 2239">
     <span class='ocr_line' id='line_1_23' title="bbox 204 2165 1869 2239; baseline -0.001 -17"><span class='ocrx_word' id='word_1_234' title='bbox 204 2174 319 2223; x_wconf 73' lang='grc' dir='ltr'>ΦΩ</span> <span class='ocrx_word' id='word_1_235' title='bbox 370 2174 422 2221; x_wconf 84' lang='lat' dir='ltr'><strong>x</strong></span> <span class='ocrx_word' id='word_1_236' title='bbox 472 2165 713 2239; x_wconf 75' lang='grc' dir='ltr'>ἐνούμενα</span> <span class='ocrx_word' id='word_1_237' title='bbox 754 2166 998 2220; x_wconf 72' lang='grc' dir='ltr'>κατὰ,τά</span> <span class='ocrx_word' id='word_1_238' title='bbox 1039 2166 1177 2238; x_wconf 85' lang='grc' dir='ltr'>μεσα</span> <span class='ocrx_word' id='word_1_239' title='bbox 1227 2171 1420 2236; x_wconf 76' lang='grc' dir='ltr'>σημεῖα</span> <span class='ocrx_word' id='word_1_240' title='bbox 1475 2170 1522 2217; x_wconf 94' lang='grc' dir='ltr'>Ν</span> <span class='ocrx_word' id='word_1_241' title='bbox 1568 2171 1606 2218; x_wconf 86' lang='grc' dir='ltr'>Ρ</span> <span class='ocrx_word' id='word_1_242' title='bbox 1661 2171 1707 2219; x_wconf 92' lang='grc' dir='ltr'><strong>Λ</strong></span> <span class='ocrx_word' id='word_1_243' title='bbox 1739 2169 1869 2220; x_wconf 85' lang='grc' dir='ltr'>Πτά</span> 
     </span>
    </p>
   </div>
   <div class='ocr_carea' id='block_1_24' title="bbox 205 2254 1868 2331">
    <p class='ocr_par' dir='ltr' id='par_1_24' title="bbox 205 2254 1868 2331">
     <span class='ocr_line' id='line_1_24' title="bbox 205 2254 1868 2331; baseline 0 -21"><span class='ocrx_word' id='word_1_244' title='bbox 205 2254 477 2331; x_wconf 67' lang='grc' dir='ltr'>ἐγκείμενα</span> <span class='ocrx_word' id='word_1_245' title='bbox 525 2259 655 2330; x_wconf 83' lang='grc' dir='ltr'>πρὸς</span> <span class='ocrx_word' id='word_1_246' title='bbox 720 2257 810 2316; x_wconf 81' lang='grc' dir='ltr'>τὰς</span> <span class='ocrx_word' id='word_1_247' title='bbox 866 2254 912 2308; x_wconf 81' lang='grc' dir='ltr'><strong><em>Ψ</em></strong></span> <span class='ocrx_word' id='word_1_248' title='bbox 967 2259 1006 2307; x_wconf 76' lang='grc' dir='ltr'>Φ</span> <span class='ocrx_word' id='word_1_249' title='bbox 1055 2260 1093 2307; x_wconf 82' lang='grc' dir='ltr'>Φ</span> <span class='ocrx_word' id='word_1_250' title='bbox 1144 2261 1192 2306; x_wconf 85' lang='grc' dir='ltr'>Ω.</span> <span class='ocrx_word' id='word_1_251' title='bbox 1235 2260 1282 2306; x_wconf 84' lang='grc' dir='ltr'>Ω.</span> <span class='ocrx_word' id='word_1_252' title='bbox 1332 2260 1375 2309; x_wconf 80' lang='grc' dir='ltr'>Χ</span> <span class='ocrx_word' id='word_1_253' title='bbox 1428 2260 1475 2309; x_wconf 84' lang='grc' dir='ltr'>Χ</span> <span class='ocrx_word' id='word_1_254' title='bbox 1530 2259 1576 2310; x_wconf 81' lang='grc' dir='ltr'><strong><em>Ψ</em></strong></span> <span class='ocrx_word' id='word_1_255' title='bbox 1619 2261 1868 2329; x_wconf 72' lang='grc' dir='ltr'>γραμμὰς</span> 
     </span>
    </p>
   </div>
   <div class='ocr_carea' id='block_1_25' title="bbox 200 2342 1868 2419">
    <p class='ocr_par' dir='ltr' id='par_1_25' title="bbox 200 2342 1868 2419">
     <span class='ocr_line' id='line_1_25' title="bbox 200 2342 1868 2419; baseline -0.001 -18"><span class='ocrx_word' id='word_1_256' title='bbox 200 2344 588 2419; x_wconf 69' lang='grc' dir='ltr'>ἔπιζευχθέντα</span> <span class='ocrx_word' id='word_1_257' title='bbox 641 2347 776 2397; x_wconf 79' lang='grc' dir='ltr'>κατὰ</span> <span class='ocrx_word' id='word_1_258' title='bbox 846 2347 940 2403; x_wconf 81' lang='grc' dir='ltr'>τὴν</span> <span class='ocrx_word' id='word_1_259' title='bbox 1022 2342 1177 2402; x_wconf 75' lang='grc' dir='ltr'>αὐτὴν</span> <span class='ocrx_word' id='word_1_260' title='bbox 1230 2347 1321 2396; x_wconf 83' lang='grc' dir='ltr'>καὶ</span> <span class='ocrx_word' id='word_1_261' title='bbox 1368 2351 1534 2397; x_wconf 79' lang='grc' dir='ltr'>ταῦτα</span> <span class='ocrx_word' id='word_1_262' title='bbox 1592 2343 1868 2419; x_wconf 76' lang='grc' dir='ltr'>ἀναλογίαν</span> 
     </span>
    </p>
   </div>
   <div class='ocr_carea' id='block_1_26' title="bbox 196 2427 1863 2510">
    <p class='ocr_par' dir='ltr' id='par_1_26' title="bbox 196 2427 1863 2510">
     <span class='ocr_line' id='line_1_26' title="bbox 196 2427 1863 2510; baseline -0.001 -20"><span class='ocrx_word' id='word_1_263' title='bbox 196 2445 306 2491; x_wconf 83' lang='grc' dir='ltr'>τῶν</span> <span class='ocrx_word' id='word_1_264' title='bbox 349 2437 456 2489; x_wconf 85' lang='grc' dir='ltr'>οἷνω</span> <span class='ocrx_word' id='word_1_265' title='bbox 548 2437 686 2487; x_wconf 88' lang='grc' dir='ltr'>κατά</span> <span class='ocrx_word' id='word_1_266' title='bbox 757 2437 816 2487; x_wconf 83' lang='grc' dir='ltr'>τὸ</span> <span class='ocrx_word' id='word_1_267' title='bbox 874 2434 1073 2501; x_wconf 76' lang='grc' dir='ltr'>ἄνισον,</span> <span class='ocrx_word' id='word_1_268' title='bbox 1118 2434 1274 2507; x_wconf 85' lang='grc' dir='ltr'>ὅμοια</span> <span class='ocrx_word' id='word_1_269' title='bbox 1348 2427 1408 2487; x_wconf 67' lang='grc' dir='ltr'>δὲ</span> <span class='ocrx_word' id='word_1_270' title='bbox 1455 2434 1749 2510; x_wconf 72' lang='grc' dir='ltr'>ὑπάρξουσι</span> <span class='ocrx_word' id='word_1_271' title='bbox 1802 2444 1863 2496; x_wconf 84' lang='grc' dir='ltr'>τῆ</span> 
     </span>
    </p>
   </div>
   <div class='ocr_carea' id='block_1_27' title="bbox 198 2520 1869 2599">
    <p class='ocr_par' dir='ltr' id='par_1_27' title="bbox 198 2520 1869 2599">
     <span class='ocr_line' id='line_1_27' title="bbox 198 2520 1869 2599; baseline -0.001 -19"><span class='ocrx_word' id='word_1_272' title='bbox 198 2520 450 2585; x_wconf 81' lang='grc' dir='ltr'>ποιότητι</span> <span class='ocrx_word' id='word_1_273' title='bbox 502 2530 593 2579; x_wconf 82' lang='grc' dir='ltr'>καὶ</span> <span class='ocrx_word' id='word_1_274' title='bbox 649 2526 716 2576; x_wconf 82' lang='grc' dir='ltr'>τὰ</span> <span class='ocrx_word' id='word_1_275' title='bbox 754 2526 894 2597; x_wconf 76' lang='grc' dir='ltr'>μέσα</span> <span class='ocrx_word' id='word_1_276' title='bbox 939 2523 1133 2575; x_wconf 77' lang='grc' dir='ltr'>τούτων</span> <span class='ocrx_word' id='word_1_277' title='bbox 1191 2523 1295 2599; x_wconf 70' lang='grc' dir='ltr'>ἄρα</span> <span class='ocrx_word' id='word_1_278' title='bbox 1343 2531 1535 2597; x_wconf 84' lang='grc' dir='ltr'>σημεῖα</span> <span class='ocrx_word' id='word_1_279' title='bbox 1595 2526 1660 2578; x_wconf 74' lang='grc' dir='ltr'>τὰ</span> <span class='ocrx_word' id='word_1_280' title='bbox 1708 2525 1869 2598; x_wconf 72' lang='grc' dir='ltr'>ἐγκεί-</span> 
     </span>
    </p>
   </div>
   <div class='ocr_carea' id='block_1_28' title="bbox 201 2613 1868 2691">
    <p class='ocr_par' dir='ltr' id='par_1_28' title="bbox 201 2613 1868 2691">
     <span class='ocr_line' id='line_1_28' title="bbox 201 2613 1868 2691; baseline 0 -21"><span class='ocrx_word' id='word_1_281' title='bbox 201 2636 334 2691; x_wconf 82' lang='grc' dir='ltr'>μενα</span> <span class='ocrx_word' id='word_1_282' title='bbox 353 2619 725 2678; x_wconf 85' lang='grc' dir='ltr'>ταίςΝΡΡΛ</span> <span class='ocrx_word' id='word_1_283' title='bbox 764 2619 804 2666; x_wconf 78' lang='grc' dir='ltr'><strong>Α</strong></span> <span class='ocrx_word' id='word_1_284' title='bbox 856 2620 899 2667; x_wconf 88' lang='lat' dir='ltr'>II</span> <span class='ocrx_word' id='word_1_285' title='bbox 948 2620 991 2666; x_wconf 91' lang='grc' dir='ltr'>Π</span> <span class='ocrx_word' id='word_1_286' title='bbox 1052 2620 1098 2667; x_wconf 79' lang='grc' dir='ltr'>Ν</span> <span class='ocrx_word' id='word_1_287' title='bbox 1150 2622 1416 2689; x_wconf 72' lang='grc' dir='ltr'>γραμμαῖς</span> <span class='ocrx_word' id='word_1_288' title='bbox 1470 2613 1868 2690; x_wconf 81' lang='grc' dir='ltr'>ἐπιζευχθέντα,</span> 
     </span>
    </p>
   </div>
   <div class='ocr_carea' id='block_1_29' title="bbox 206 2702 1869 2777">
    <p class='ocr_par' dir='ltr' id='par_1_29' title="bbox 206 2702 1869 2777">
     <span class='ocr_line' id='line_1_29' title="bbox 206 2702 1869 2777; baseline -0.001 -17"><span class='ocrx_word' id='word_1_289' title='bbox 206 2703 593 2760; x_wconf 74' lang='grc' dir='ltr'>ἀκολουθοῦντα</span> <span class='ocrx_word' id='word_1_290' title='bbox 643 2702 1064 2761; x_wconf 78' lang='grc' dir='ltr'>ἀκολουθήσουσι</span> <span class='ocrx_word' id='word_1_291' title='bbox 1146 2711 1207 2764; x_wconf 81' lang='grc' dir='ltr'>τῆ</span> <span class='ocrx_word' id='word_1_292' title='bbox 1313 2708 1590 2777; x_wconf 74' lang='grc' dir='ltr'>ποσότητι,</span> <span class='ocrx_word' id='word_1_293' title='bbox 1670 2705 1763 2758; x_wconf 74' lang='grc' dir='ltr'>οὐκ</span> <span class='ocrx_word' id='word_1_294' title='bbox 1820 2704 1869 2759; x_wconf 76' lang='grc' dir='ltr'>ἐν</span> 
     </span>
    </p>
   </div>
   <div class='ocr_carea' id='block_1_30' title="bbox 206 2791 1868 2869">
    <p class='ocr_par' dir='ltr' id='par_1_30' title="bbox 206 2791 1868 2869">
     <span class='ocr_line' id='line_1_30' title="bbox 206 2791 1868 2869; baseline 0 -19"><span class='ocrx_word' id='word_1_295' title='bbox 206 2796 378 2850; x_wconf 80' lang='grc' dir='ltr'>ἀνέσει</span> <span class='ocrx_word' id='word_1_296' title='bbox 474 2803 587 2859; x_wconf 86' lang='grc' dir='ltr'>τοῖς</span> <span class='ocrx_word' id='word_1_297' title='bbox 661 2797 1105 2868; x_wconf 77' lang='grc' dir='ltr'>προγενεστέροις,</span> <span class='ocrx_word' id='word_1_298' title='bbox 1390 2803 1463 2848; x_wconf 88' lang='grc' dir='ltr'>τῶ</span> <span class='ocrx_word' id='word_1_299' title='bbox 1508 2798 1609 2868; x_wconf 81' lang='grc' dir='ltr'>ῖσῳ</span> <span class='ocrx_word' id='word_1_300' title='bbox 1654 2798 1742 2849; x_wconf 83' lang='grc' dir='ltr'>καὶ</span> <span class='ocrx_word' id='word_1_301' title='bbox 1798 2805 1868 2869; x_wconf 83' lang='grc' dir='ltr'>τῷ</span> 
     </span>
    </p>
   </div>
   <div class='ocr_carea' id='block_1_31' title="bbox 1969 549 3638 627">
    <p class='ocr_par' dir='ltr' id='par_1_31' title="bbox 1969 549 3638 627">
     <span class='ocr_line' id='line_1_31' title="bbox 1969 549 3638 627; baseline 0.004 -29"><span class='ocrx_word' id='word_1_302' title='bbox 1969 550 2103 601; x_wconf 81' lang='grc' dir='ltr'>ὥστε</span> <span class='ocrx_word' id='word_1_303' title='bbox 2132 549 2226 602; x_wconf 71' lang='grc' dir='ltr'>οὐκ</span> <span class='ocrx_word' id='word_1_304' title='bbox 2273 552 2377 626; x_wconf 78' lang='grc' dir='ltr'>ἄρα</span> <span class='ocrx_word' id='word_1_305' title='bbox 2427 556 2485 606; x_wconf 85' lang='grc' dir='ltr'>τὸ</span> <span class='ocrx_word' id='word_1_306' title='bbox 2530 555 2669 607; x_wconf 82' lang='grc' dir='ltr'>κατὰ</span> <span class='ocrx_word' id='word_1_307' title='bbox 2713 556 2771 605; x_wconf 82' lang='grc' dir='ltr'>τὸ</span> <span class='ocrx_word' id='word_1_308' title='bbox 2815 550 2992 626; x_wconf 73' lang='grc' dir='ltr'>μεῖζον</span> <span class='ocrx_word' id='word_1_309' title='bbox 3046 552 3380 627; x_wconf 70' lang='grc' dir='ltr'>τετράγωνον,</span> <span class='ocrx_word' id='word_1_310' title='bbox 3430 554 3461 611; x_wconf 80' lang='grc' dir='ltr'><strong>ἦ</strong></span> <span class='ocrx_word' id='word_1_311' title='bbox 3525 554 3638 627; x_wconf 76' lang='grc' dir='ltr'>τρί-</span> 
     </span>
    </p>
   </div>
   <div class='ocr_carea' id='block_1_32' title="bbox 1966 637 3640 718">
    <p class='ocr_par' dir='ltr' id='par_1_32' title="bbox 1966 637 3640 718">
     <span class='ocr_line' id='line_1_32' title="bbox 1966 637 3640 718; baseline 0.004 -29"><span class='ocrx_word' id='word_1_312' title='bbox 1966 656 2148 710; x_wconf 74' lang='grc' dir='ltr'>γωνον,</span> <span class='ocrx_word' id='word_1_313' title='bbox 2198 640 2229 699; x_wconf 74' lang='grc' dir='ltr'><strong><em>ἦ</em></strong></span> <span class='ocrx_word' id='word_1_314' title='bbox 2310 641 2479 718; x_wconf 75' lang='grc' dir='ltr'>ἔτερόν</span> <span class='ocrx_word' id='word_1_315' title='bbox 2533 663 2584 697; x_wconf 89' lang='grc' dir='ltr'>τι</span> <span class='ocrx_word' id='word_1_316' title='bbox 2650 646 2930 703; x_wconf 78' lang='grc' dir='ltr'>ποιότητος</span> <span class='ocrx_word' id='word_1_317' title='bbox 2983 637 3143 704; x_wconf 70' lang='grc' dir='ltr'>εἶδος,</span> <span class='ocrx_word' id='word_1_318' title='bbox 3212 648 3305 694; x_wconf 72' lang='grc' dir='ltr'>τοῦ</span> <span class='ocrx_word' id='word_1_319' title='bbox 3362 639 3640 703; x_wconf 78' lang='grc' dir='ltr'>ἐλάσσονος</span> 
     </span>
    </p>
   </div>
   <div class='ocr_carea' id='block_1_33' title="bbox 1969 719 3638 804">
    <p class='ocr_par' dir='ltr' id='par_1_33' title="bbox 1969 719 3638 804">
     <span class='ocr_line' id='line_1_33' title="bbox 1969 719 3638 804; baseline 0.004 -27"><span class='ocrx_word' id='word_1_320' title='bbox 1969 719 2203 801; x_wconf 76' lang='grc' dir='ltr'>διαφέρει</span> <span class='ocrx_word' id='word_1_321' title='bbox 2259 735 2521 804; x_wconf 75' lang='grc' dir='ltr'>ποιότητι,</span> <span class='ocrx_word' id='word_1_322' title='bbox 2568 731 2677 785; x_wconf 77' lang='grc' dir='ltr'>ἀλλ’</span> <span class='ocrx_word' id='word_1_323' title='bbox 2726 733 2842 785; x_wconf 81' lang='grc' dir='ltr'>ἔστι</span> <span class='ocrx_word' id='word_1_324' title='bbox 2915 732 3103 784; x_wconf 81' lang='grc' dir='ltr'>ταυτὸν</span> <span class='ocrx_word' id='word_1_325' title='bbox 3160 732 3292 784; x_wconf 82' lang='grc' dir='ltr'>κατὰ</span> <span class='ocrx_word' id='word_1_326' title='bbox 3341 734 3436 788; x_wconf 73' lang='grc' dir='ltr'>τὴν</span> <span class='ocrx_word' id='word_1_327' title='bbox 3491 732 3638 784; x_wconf 86' lang='grc' dir='ltr'>ποιό-</span> 
     </span>
    </p>
   </div>
   <div class='ocr_carea' id='block_1_34' title="bbox 1966 817 3638 895">
    <p class='ocr_par' dir='ltr' id='par_1_34' title="bbox 1966 817 3638 895">
     <span class='ocr_line' id='line_1_34' title="bbox 1966 817 3638 895; baseline 0.005 -30"><span class='ocrx_word' id='word_1_328' title='bbox 1966 832 2119 884; x_wconf 84' lang='grc' dir='ltr'>τητα,</span> <span class='ocrx_word' id='word_1_329' title='bbox 2170 823 2261 871; x_wconf 80' lang='grc' dir='ltr'>καὶ</span> <span class='ocrx_word' id='word_1_330' title='bbox 2319 817 2427 875; x_wconf 78' lang='grc' dir='ltr'>ἐπεὶ</span> <span class='ocrx_word' id='word_1_331' title='bbox 2484 823 2543 875; x_wconf 78' lang='grc' dir='ltr'>τὸ</span> <span class='ocrx_word' id='word_1_332' title='bbox 2626 818 2738 876; x_wconf 85' lang='grc' dir='ltr'>ἶσον</span> <span class='ocrx_word' id='word_1_333' title='bbox 2788 824 2878 874; x_wconf 84' lang='grc' dir='ltr'>καὶ</span> <span class='ocrx_word' id='word_1_334' title='bbox 2916 820 3097 874; x_wconf 84' lang='grc' dir='ltr'>οἶνισον</span> <span class='ocrx_word' id='word_1_335' title='bbox 3147 820 3217 883; x_wconf 87' lang='grc' dir='ltr'>ὡς</span> <span class='ocrx_word' id='word_1_336' title='bbox 3273 820 3495 895; x_wconf 78' lang='grc' dir='ltr'>εἴρηται,</span> <span class='ocrx_word' id='word_1_337' title='bbox 3545 825 3638 875; x_wconf 84' lang='grc' dir='ltr'>τοῦ</span> 
     </span>
    </p>
   </div>
   <div class='ocr_carea' id='block_1_35' title="bbox 1966 907 3638 984">
    <p class='ocr_par' dir='ltr' id='par_1_35' title="bbox 1966 907 3638 984">
     <span class='ocr_line' id='line_1_35' title="bbox 1966 907 3638 984; baseline 0.004 -27"><span class='ocrx_word' id='word_1_338' title='bbox 1966 914 2133 958; x_wconf 75' lang='grc' dir='ltr'>ποσοῦ</span> <span class='ocrx_word' id='word_1_339' title='bbox 2164 907 2258 961; x_wconf 77' lang='grc' dir='ltr'>οὐκ</span> <span class='ocrx_word' id='word_1_340' title='bbox 2278 909 2436 970; x_wconf 76' lang='grc' dir='ltr'>ἄλλην</span> <span class='ocrx_word' id='word_1_341' title='bbox 2459 919 2601 965; x_wconf 83' lang='grc' dir='ltr'>ποιεῖ</span> <span class='ocrx_word' id='word_1_342' title='bbox 2621 914 2716 972; x_wconf 78' lang='grc' dir='ltr'>τὴν</span> <span class='ocrx_word' id='word_1_343' title='bbox 2780 914 3052 982; x_wconf 68' lang='grc' dir='ltr'>ποιότητα,</span> <span class='ocrx_word' id='word_1_344' title='bbox 3107 913 3198 963; x_wconf 80' lang='grc' dir='ltr'>καὶ</span> <span class='ocrx_word' id='word_1_345' title='bbox 3237 910 3296 963; x_wconf 84' lang='grc' dir='ltr'>τὸ</span> <span class='ocrx_word' id='word_1_346' title='bbox 3354 915 3397 964; x_wconf 81' lang='grc' dir='ltr'><strong>Α</strong></span> <span class='ocrx_word' id='word_1_347' title='bbox 3445 910 3553 984; x_wconf 80' lang='grc' dir='ltr'>ἄρα</span> <span class='ocrx_word' id='word_1_348' title='bbox 3599 914 3638 963; x_wconf 91' lang='grc' dir='ltr'>Β</span> 
     </span>
    </p>
   </div>
   <div class='ocr_carea' id='block_1_36' title="bbox 1968 995 3638 1075">
    <p class='ocr_par' dir='ltr' id='par_1_36' title="bbox 1968 995 3638 1075">
     <span class='ocr_line' id='line_1_36' title="bbox 1968 995 3638 1075; baseline 0.002 -28"><span class='ocrx_word' id='word_1_349' title='bbox 1968 998 2008 1047; x_wconf 91' lang='grc' dir='ltr'>Γ</span> <span class='ocrx_word' id='word_1_350' title='bbox 2051 1000 2089 1048; x_wconf 91' lang='grc' dir='ltr'>Δ</span> <span class='ocrx_word' id='word_1_351' title='bbox 2132 995 2506 1074; x_wconf 82' lang='grc' dir='ltr'>ἐπιθυμητικὸν</span> <span class='ocrx_word' id='word_1_352' title='bbox 2573 1002 2603 1062; x_wconf 79' lang='grc' dir='ltr'>ἢ</span> <span class='ocrx_word' id='word_1_353' title='bbox 2667 1002 2886 1075; x_wconf 84' lang='grc' dir='ltr'>θυμικὸν</span> <span class='ocrx_word' id='word_1_354' title='bbox 2962 1000 3138 1073; x_wconf 82' lang='grc' dir='ltr'>ὅμοιόν</span> <span class='ocrx_word' id='word_1_355' title='bbox 3190 995 3303 1052; x_wconf 82' lang='grc' dir='ltr'>ἐστι</span> <span class='ocrx_word' id='word_1_356' title='bbox 3376 1000 3514 1052; x_wconf 79' lang='grc' dir='ltr'>κατά</span> <span class='ocrx_word' id='word_1_357' title='bbox 3577 1017 3638 1071; x_wconf 71' lang='grc' dir='ltr'>’γε</span> 
     </span>
    </p>
   </div>
   <div class='ocr_carea' id='block_1_37' title="bbox 1966 1085 3640 1164">
    <p class='ocr_par' dir='ltr' id='par_1_37' title="bbox 1966 1085 3640 1164">
     <span class='ocr_line' id='line_1_37' title="bbox 1966 1085 3640 1164; baseline 0.002 -26"><span class='ocrx_word' id='word_1_358' title='bbox 1966 1089 2224 1147; x_wconf 85' lang='grc' dir='ltr'>ποιότητα</span> <span class='ocrx_word' id='word_1_359' title='bbox 2246 1095 2394 1161; x_wconf 82' lang='grc' dir='ltr'>τῷΨ</span> <span class='ocrx_word' id='word_1_360' title='bbox 2441 1095 2479 1145; x_wconf 77' lang='grc' dir='ltr'>Φ</span> <span class='ocrx_word' id='word_1_361' title='bbox 2528 1097 2577 1145; x_wconf 85' lang='grc' dir='ltr'>Ω</span> <span class='ocrx_word' id='word_1_362' title='bbox 2630 1097 2679 1146; x_wconf 85' lang='grc' dir='ltr'>Χ</span> <span class='ocrx_word' id='word_1_363' title='bbox 2734 1089 3120 1164; x_wconf 68' lang='grc' dir='ltr'>ἐπιθυμητικῷ,</span> <span class='ocrx_word' id='word_1_364' title='bbox 3179 1085 3211 1149; x_wconf 77' lang='grc' dir='ltr'><strong><em>ἦ</em></strong></span> <span class='ocrx_word' id='word_1_365' title='bbox 3268 1089 3492 1162; x_wconf 83' lang='grc' dir='ltr'>θυμικῷ,</span> <span class='ocrx_word' id='word_1_366' title='bbox 3548 1093 3640 1142; x_wconf 84' lang='grc' dir='ltr'>καὶ</span> 
     </span>
    </p>
   </div>
   <div class='ocr_carea' id='block_1_38' title="bbox 1965 1179 3642 1255">
    <p class='ocr_par' dir='ltr' id='par_1_38' title="bbox 1965 1179 3642 1255">
     <span class='ocr_line' id='line_1_38' title="bbox 1965 1179 3642 1255; baseline -0.002 -22"><span class='ocrx_word' id='word_1_367' title='bbox 1965 1183 2117 1233; x_wconf 77' lang='grc' dir='ltr'>τοῦτο</span> <span class='ocrx_word' id='word_1_368' title='bbox 2143 1186 2215 1251; x_wconf 83' lang='grc' dir='ltr'>τῷ</span> <span class='ocrx_word' id='word_1_369' title='bbox 2241 1186 2289 1234; x_wconf 93' lang='grc' dir='ltr'>Ν</span> <span class='ocrx_word' id='word_1_370' title='bbox 2318 1186 2355 1234; x_wconf 87' lang='grc' dir='ltr'>Ρ</span> <span class='ocrx_word' id='word_1_371' title='bbox 2382 1184 2429 1236; x_wconf 86' lang='grc' dir='ltr'><strong>Λ</strong></span> <span class='ocrx_word' id='word_1_372' title='bbox 2460 1186 2527 1255; x_wconf 86' lang='grc' dir='ltr'>Π,</span> <span class='ocrx_word' id='word_1_373' title='bbox 2552 1185 2641 1235; x_wconf 71' lang='grc' dir='ltr'>καὶ¹</span> <span class='ocrx_word' id='word_1_374' title='bbox 2665 1188 2817 1235; x_wconf 82' lang='grc' dir='ltr'>τοῦτο</span> <span class='ocrx_word' id='word_1_375' title='bbox 2845 1188 2917 1253; x_wconf 84' lang='grc' dir='ltr'>τῷ</span> <span class='ocrx_word' id='word_1_376' title='bbox 2943 1187 2984 1235; x_wconf 92' lang='grc' dir='ltr'>Τ</span> <span class='ocrx_word' id='word_1_377' title='bbox 3008 1187 3050 1235; x_wconf 88' lang='grc' dir='ltr'>Υ</span> <span class='ocrx_word' id='word_1_378' title='bbox 3074 1185 3115 1234; x_wconf 81' lang='grc' dir='ltr'><strong>Κ</strong></span> <span class='ocrx_word' id='word_1_379' title='bbox 3153 1185 3210 1250; x_wconf 85' lang='grc' dir='ltr'>Σ,</span> <span class='ocrx_word' id='word_1_380' title='bbox 3275 1182 3368 1232; x_wconf 84' lang='grc' dir='ltr'>καὶ</span> <span class='ocrx_word' id='word_1_381' title='bbox 3425 1179 3494 1232; x_wconf 79' lang='grc' dir='ltr'>τὰ</span> <span class='ocrx_word' id='word_1_382' title='bbox 3529 1181 3642 1254; x_wconf 86' lang='grc' dir='ltr'>τρί-</span> 
     </span>
    </p>
   </div>
   <div class='ocr_carea' id='block_1_39' title="bbox 1966 1266 3640 1344">
    <p class='ocr_par' dir='ltr' id='par_1_39' title="bbox 1966 1266 3640 1344">
     <span class='ocr_line' id='line_1_39' title="bbox 1966 1266 3640 1344; baseline 0.001 -24"><span class='ocrx_word' id='word_1_383' title='bbox 1966 1288 2109 1342; x_wconf 65' lang='lat' dir='ltr'>ymo:</span> <span class='ocrx_word' id='word_1_384' title='bbox 2129 1273 2264 1323; x_wconf 81' lang='grc' dir='ltr'>κατά</span> <span class='ocrx_word' id='word_1_385' title='bbox 2311 1272 2397 1324; x_wconf 84' lang='grc' dir='ltr'>τὸν</span> <span class='ocrx_word' id='word_1_386' title='bbox 2455 1270 2610 1325; x_wconf 78' lang='grc' dir='ltr'>αὐτόν</span> <span class='ocrx_word' id='word_1_387' title='bbox 2666 1269 2840 1344; x_wconf 74' lang='grc' dir='ltr'>λόγον,</span> <span class='ocrx_word' id='word_1_388' title='bbox 2900 1273 2990 1324; x_wconf 85' lang='grc' dir='ltr'>καὶ</span> <span class='ocrx_word' id='word_1_389' title='bbox 3021 1270 3047 1323; x_wconf 89' lang='grc' dir='ltr'><strong><em>ὁ</em></strong></span> <span class='ocrx_word' id='word_1_390' title='bbox 3077 1270 3300 1343; x_wconf 76' lang='grc' dir='ltr'>θυμικὸς</span> <span class='ocrx_word' id='word_1_391' title='bbox 3327 1272 3418 1322; x_wconf 82' lang='grc' dir='ltr'>καὶ</span> <span class='ocrx_word' id='word_1_392' title='bbox 3445 1268 3472 1322; x_wconf 92' lang='grc' dir='ltr'>ό</span> <span class='ocrx_word' id='word_1_393' title='bbox 3527 1266 3640 1322; x_wconf 76' lang='grc' dir='ltr'>ἐπι-</span> 
     </span>
    </p>
   </div>
   <div class='ocr_carea' id='block_1_40' title="bbox 1970 1358 3641 1437">
    <p class='ocr_par' dir='ltr' id='par_1_40' title="bbox 1970 1358 3641 1437">
     <span class='ocr_line' id='line_1_40' title="bbox 1970 1358 3641 1437; baseline -0.001 -26"><span class='ocrx_word' id='word_1_394' title='bbox 1970 1359 2275 1433; x_wconf 83' lang='grc' dir='ltr'>θυμῆτικὸς,</span> <span class='ocrx_word' id='word_1_395' title='bbox 2306 1360 2669 1437; x_wconf 79' lang='grc' dir='ltr'>ἄραὼσαύτως</span> <span class='ocrx_word' id='word_1_396' title='bbox 2729 1364 2820 1414; x_wconf 83' lang='grc' dir='ltr'>καὶ</span> <span class='ocrx_word' id='word_1_397' title='bbox 2861 1359 2887 1413; x_wconf 89' lang='grc' dir='ltr'><strong><em>ὁ</em></strong></span> <span class='ocrx_word' id='word_1_398' title='bbox 2934 1358 3141 1433; x_wconf 70' lang='grc' dir='ltr'>λογικὸς</span> <span class='ocrx_word' id='word_1_399' title='bbox 3204 1361 3297 1413; x_wconf 89' lang='grc' dir='ltr'>καὶ</span> <span class='ocrx_word' id='word_1_400' title='bbox 3339 1359 3388 1412; x_wconf 76' lang='lat' dir='ltr'>oi</span> <span class='ocrx_word' id='word_1_401' title='bbox 3460 1361 3641 1431; x_wconf 82' lang='grc' dir='ltr'>μικτοὶ</span> 
     </span>
    </p>
   </div>
   <div class='ocr_carea' id='block_1_41' title="bbox 1967 1443 3630 1520">
    <p class='ocr_par' dir='ltr' id='par_1_41' title="bbox 1967 1443 3630 1520">
     <span class='ocr_line' id='line_1_41' title="bbox 1967 1443 3630 1520; baseline -0.001 -19"><span class='ocrx_word' id='word_1_402' title='bbox 1967 1453 2058 1502; x_wconf 80' lang='grc' dir='ltr'>καὶ</span> <span class='ocrx_word' id='word_1_403' title='bbox 2109 1450 2158 1502; x_wconf 86' lang='grc' dir='ltr'>οἱ</span> <span class='ocrx_word' id='word_1_404' title='bbox 2200 1451 2385 1513; x_wconf 70' lang='grc' dir='ltr'>πάντες</span> <span class='ocrx_word' id='word_1_405' title='bbox 2451 1452 2586 1504; x_wconf 86' lang='grc' dir='ltr'>κατά</span> <span class='ocrx_word' id='word_1_406' title='bbox 2632 1454 2727 1510; x_wconf 77' lang='grc' dir='ltr'>τὴν</span> <span class='ocrx_word' id='word_1_407' title='bbox 2791 1449 2937 1513; x_wconf 81' lang='grc' dir='ltr'>τάξιν</span> <span class='ocrx_word' id='word_1_408' title='bbox 2997 1447 3184 1517; x_wconf 76' lang='grc' dir='ltr'>αὐτῶν,</span> <span class='ocrx_word' id='word_1_409' title='bbox 3247 1450 3338 1501; x_wconf 80' lang='grc' dir='ltr'>καὶ</span> <span class='ocrx_word' id='word_1_410' title='bbox 3398 1443 3630 1520; x_wconf 74' lang='grc' dir='ltr'>ἐδείχθη</span> 
     </span>
    </p>
   </div>
   <div class='ocr_carea' id='block_1_42' title="bbox 1966 1536 3642 1614">
    <p class='ocr_par' dir='ltr' id='par_1_42' title="bbox 1966 1536 3642 1614">
     <span class='ocr_line' id='line_1_42' title="bbox 1966 1536 3642 1614; baseline -0.001 -22"><span class='ocrx_word' id='word_1_411' title='bbox 1966 1546 2133 1593; x_wconf 83' lang='grc' dir='ltr'>ταῦτα</span> <span class='ocrx_word' id='word_1_412' title='bbox 2179 1542 2350 1604; x_wconf 87' lang='grc' dir='ltr'>καθὼς</span> <span class='ocrx_word' id='word_1_413' title='bbox 2408 1537 2515 1594; x_wconf 78' lang='grc' dir='ltr'>ἔδει</span> <span class='ocrx_word' id='word_1_414' title='bbox 2581 1536 2868 1614; x_wconf 75' lang='grc' dir='ltr'>δειχθῆναι</span> <span class='ocrx_word' id='word_1_415' title='bbox 2926 1540 3072 1614; x_wconf 81' lang='grc' dir='ltr'>παρὰ</span> <span class='ocrx_word' id='word_1_416' title='bbox 3118 1545 3211 1592; x_wconf 88' lang='grc' dir='ltr'>τοῦ</span> <span class='ocrx_word' id='word_1_417' title='bbox 3263 1538 3511 1614; x_wconf 78' lang='grc' dir='ltr'>ἡμετέρου</span> <span class='ocrx_word' id='word_1_418' title='bbox 3551 1538 3642 1590; x_wconf 87' lang='grc' dir='ltr'>λό-</span> 
     </span>
    </p>
   </div>
   <div class='ocr_carea' id='block_1_43' title="bbox 1969 1624 3639 1703">
    <p class='ocr_par' dir='ltr' id='par_1_43' title="bbox 1969 1624 3639 1703">
     <span class='ocr_line' id='line_1_43' title="bbox 1969 1624 3639 1703; baseline -0.002 -20"><span class='ocrx_word' id='word_1_419' title='bbox 1969 1649 2093 1703; x_wconf 71' lang='grc' dir='ltr'>γον.</span> <span class='ocrx_word' id='word_1_420' title='bbox 2129 1630 2282 1690; x_wconf 84' lang='grc' dir='ltr'>Δηλοί</span> <span class='ocrx_word' id='word_1_421' title='bbox 2302 1627 2361 1684; x_wconf 70' lang='grc' dir='ltr'>δὲ</span> <span class='ocrx_word' id='word_1_422' title='bbox 2388 1630 2515 1690; x_wconf 73' lang='grc' dir='ltr'>αὕτη</span> <span class='ocrx_word' id='word_1_423' title='bbox 2573 1631 2603 1691; x_wconf 79' lang='grc' dir='ltr'><strong>ἠ</strong></span> <span class='ocrx_word' id='word_1_424' title='bbox 2661 1625 2933 1694; x_wconf 76' lang='grc' dir='ltr'>ἀπόδειξις</span> <span class='ocrx_word' id='word_1_425' title='bbox 2983 1631 3160 1703; x_wconf 86' lang='grc' dir='ltr'>ὅτιπερ</span> <span class='ocrx_word' id='word_1_426' title='bbox 3218 1624 3343 1681; x_wconf 71' lang='grc' dir='ltr'>οὐδὲ</span> <span class='ocrx_word' id='word_1_427' title='bbox 3385 1631 3481 1701; x_wconf 88' lang='grc' dir='ltr'>μία</span> <span class='ocrx_word' id='word_1_428' title='bbox 3537 1646 3639 1680; x_wconf 85' lang='grc' dir='ltr'>συ·-</span> 
     </span>
    </p>
   </div>
   <div class='ocr_carea' id='block_1_44' title="bbox 1972 1712 3641 1793">
    <p class='ocr_par' dir='ltr' id='par_1_44' title="bbox 1972 1712 3641 1793">
     <span class='ocr_line' id='line_1_44' title="bbox 1972 1712 3641 1793; baseline -0.001 -22"><span class='ocrx_word' id='word_1_429' title='bbox 1972 1720 2131 1792; x_wconf 75' lang='grc' dir='ltr'>ξυγία</span> <span class='ocrx_word' id='word_1_430' title='bbox 2156 1728 2254 1773; x_wconf 84' lang='grc' dir='ltr'>τῶν</span> <span class='ocrx_word' id='word_1_431' title='bbox 2298 1728 2551 1774; x_wconf 82' lang='grc' dir='ltr'>κοινωνῶν</span> <span class='ocrx_word' id='word_1_432' title='bbox 2605 1728 2678 1793; x_wconf 81' lang='grc' dir='ltr'>τῷ</span> <span class='ocrx_word' id='word_1_433' title='bbox 2729 1718 3041 1793; x_wconf 76' lang='grc' dir='ltr'>ἐπιστημονι</span> <span class='ocrx_word' id='word_1_434' title='bbox 3105 1712 3233 1778; x_wconf 57' lang='grc' dir='ltr'>άλλη</span> <span class='ocrx_word' id='word_1_435' title='bbox 3288 1725 3444 1791; x_wconf 69' lang='grc' dir='ltr'>φανῇ,</span> <span class='ocrx_word' id='word_1_436' title='bbox 3506 1716 3641 1770; x_wconf 80' lang='grc' dir='ltr'>κατά</span> 
     </span>
    </p>
   </div>
   <div class='ocr_carea' id='block_1_45' title="bbox 1969 1805 3642 1883">
    <p class='ocr_par' dir='ltr' id='par_1_45' title="bbox 1969 1805 3642 1883">
     <span class='ocr_line' id='line_1_45' title="bbox 1969 1805 3642 1883; baseline -0.002 -21"><span class='ocrx_word' id='word_1_437' title='bbox 1969 1828 2026 1881; x_wconf 75' lang='grc' dir='ltr'>γε</span> <span class='ocrx_word' id='word_1_438' title='bbox 2055 1813 2142 1863; x_wconf 80' lang='grc' dir='ltr'>τόν</span> <span class='ocrx_word' id='word_1_439' title='bbox 2168 1818 2260 1871; x_wconf 85' lang='grc' dir='ltr'>τῆς</span> <span class='ocrx_word' id='word_1_440' title='bbox 2288 1814 2565 1874; x_wconf 85' lang='grc' dir='ltr'>ποιότητος</span> <span class='ocrx_word' id='word_1_441' title='bbox 2589 1807 2767 1883; x_wconf 76' lang='grc' dir='ltr'>λόγον,</span> <span class='ocrx_word' id='word_1_442' title='bbox 2826 1805 3008 1868; x_wconf 76' lang='grc' dir='ltr'>ἐπειδὴ</span> <span class='ocrx_word' id='word_1_443' title='bbox 3064 1811 3154 1861; x_wconf 86' lang='grc' dir='ltr'>καὶ</span> <span class='ocrx_word' id='word_1_444' title='bbox 3207 1815 3374 1861; x_wconf 84' lang='grc' dir='ltr'>ταῦτα</span> <span class='ocrx_word' id='word_1_445' title='bbox 3414 1806 3482 1860; x_wconf 80' lang='grc' dir='ltr'>τὰ</span> <span class='ocrx_word' id='word_1_446' title='bbox 3531 1811 3642 1881; x_wconf 85' lang='grc' dir='ltr'>τρί-</span> 
     </span>
    </p>
   </div>
   <div class='ocr_carea' id='block_1_46' title="bbox 1902 1879 3637 1975">
    <p class='ocr_par' dir='ltr' id='par_1_46' title="bbox 1902 1879 3637 1975">
     <span class='ocr_line' id='line_1_46' title="bbox 1902 1879 3637 1975; baseline -0.001 -25"><span class='ocrx_word' id='word_1_447' title='bbox 1902 1879 2117 1970; x_wconf 68' lang='lat' dir='ltr'>37mm-</span> <span class='ocrx_word' id='word_1_448' title='bbox 2156 1903 2247 1953; x_wconf 82' lang='grc' dir='ltr'>καὶ</span> <span class='ocrx_word' id='word_1_449' title='bbox 2320 1902 2618 1975; x_wconf 67' lang='grc' dir='ltr'>τετράγωνα</span> <span class='ocrx_word' id='word_1_450' title='bbox 2681 1898 2776 1952; x_wconf 77' lang='grc' dir='ltr'>κᾶν</span> <span class='ocrx_word' id='word_1_451' title='bbox 2854 1898 3018 1972; x_wconf 77' lang='grc' dir='ltr'>μείζω</span> <span class='ocrx_word' id='word_1_452' title='bbox 3086 1901 3177 1950; x_wconf 87' lang='grc' dir='ltr'>καὶ</span> <span class='ocrx_word' id='word_1_453' title='bbox 3239 1895 3429 1950; x_wconf 76' lang='grc' dir='ltr'>ἐλάττω</span> <span class='ocrx_word' id='word_1_454' title='bbox 3487 1895 3637 1965; x_wconf 80' lang='grc' dir='ltr'>ὦσιν,</span> 
     </span>
    </p>
   </div>
   <div class='ocr_carea' id='block_1_47' title="bbox 1970 1981 3637 2063">
    <p class='ocr_par' dir='ltr' id='par_1_47' title="bbox 1970 1981 3637 2063">
     <span class='ocr_line' id='line_1_47' title="bbox 1970 1981 3637 2063; baseline -0.001 -22"><span class='ocrx_word' id='word_1_455' title='bbox 1970 1987 2095 2042; x_wconf 70' lang='grc' dir='ltr'>ἀλλά</span> <span class='ocrx_word' id='word_1_456' title='bbox 2123 1993 2213 2042; x_wconf 85' lang='grc' dir='ltr'>καὶ</span> <span class='ocrx_word' id='word_1_457' title='bbox 2234 1990 2327 2052; x_wconf 76' lang='grc' dir='ltr'>τὰς</span> <span class='ocrx_word' id='word_1_458' title='bbox 2344 1991 2593 2063; x_wconf 68' lang='grc' dir='ltr'>⁴γραμμὰς</span> <span class='ocrx_word' id='word_1_459' title='bbox 2623 1994 2712 2042; x_wconf 76' lang='grc' dir='ltr'>καὶ</span> <span class='ocrx_word' id='word_1_460' title='bbox 2765 1989 2856 2050; x_wconf 78' lang='grc' dir='ltr'>τὰς</span> <span class='ocrx_word' id='word_1_461' title='bbox 2907 1990 3101 2061; x_wconf 60' lang='grc' dir='ltr'>γωνίας</span> <span class='ocrx_word' id='word_1_462' title='bbox 3163 1991 3253 2040; x_wconf 88' lang='grc' dir='ltr'>καὶ</span> <span class='ocrx_word' id='word_1_463' title='bbox 3308 1988 3377 2040; x_wconf 79' lang='grc' dir='ltr'>τὰ</span> <span class='ocrx_word' id='word_1_464' title='bbox 3428 1981 3637 2060; x_wconf 76' lang='grc' dir='ltr'>ἐμϐαδά</span> 
     </span>
    </p>
   </div>
   <div class='ocr_carea' id='block_1_48' title="bbox 1965 2068 3641 2154">
    <p class='ocr_par' dir='ltr' id='par_1_48' title="bbox 1965 2068 3641 2154">
     <span class='ocr_line' id='line_1_48' title="bbox 1965 2068 3641 2154; baseline -0.002 -22"><span class='ocrx_word' id='word_1_465' title='bbox 1965 2087 2146 2139; x_wconf 86' lang='grc' dir='ltr'>κοινῶς</span> <span class='ocrx_word' id='word_1_466' title='bbox 2186 2068 2409 2151; x_wconf 78' lang='grc' dir='ltr'>ἔχουσιν</span> <span class='ocrx_word' id='word_1_467' title='bbox 2434 2078 2589 2152; x_wconf 87' lang='grc' dir='ltr'>ὃμοια</span> <span class='ocrx_word' id='word_1_468' title='bbox 2638 2081 2770 2154; x_wconf 85' lang='grc' dir='ltr'>πρὸς</span> <span class='ocrx_word' id='word_1_469' title='bbox 2826 2080 2885 2130; x_wconf 87' lang='grc' dir='ltr'>τὸ</span> <span class='ocrx_word' id='word_1_470' title='bbox 2914 2076 3162 2153; x_wconf 67' lang='grc' dir='ltr'>,ἑκάστου</span> <span class='ocrx_word' id='word_1_471' title='bbox 3219 2078 3402 2129; x_wconf 76' lang='grc' dir='ltr'>ποσόνο</span> <span class='ocrx_word' id='word_1_472' title='bbox 3463 2073 3641 2149; x_wconf 75' lang='grc' dir='ltr'>μεῖζον</span> 
     </span>
    </p>
   </div>
   <div class='ocr_carea' id='block_1_49' title="bbox 1948 2162 3640 2243">
    <p class='ocr_par' dir='ltr' id='par_1_49' title="bbox 1948 2162 3640 2243">
     <span class='ocr_line' id='line_1_49' title="bbox 1948 2162 3640 2243; baseline -0.001 -24"><span class='ocrx_word' id='word_1_473' title='bbox 1948 2171 2050 2243; x_wconf 62' lang='grc' dir='ltr'>γὲρ</span> <span class='ocrx_word' id='word_1_474' title='bbox 2103 2173 2194 2222; x_wconf 77' lang='grc' dir='ltr'>καὶ</span> <span class='ocrx_word' id='word_1_475' title='bbox 2230 2166 2452 2222; x_wconf 80' lang='grc' dir='ltr'>ἔλασσον</span> <span class='ocrx_word' id='word_1_476' title='bbox 2507 2172 2755 2243; x_wconf 75' lang='grc' dir='ltr'>τρίγωνον</span> <span class='ocrx_word' id='word_1_477' title='bbox 2809 2165 2903 2220; x_wconf 66' lang='grc' dir='ltr'>οὐκ</span> <span class='ocrx_word' id='word_1_478' title='bbox 2959 2168 3072 2238; x_wconf 78' lang='grc' dir='ltr'>ἔχει</span> <span class='ocrx_word' id='word_1_479' title='bbox 3129 2162 3407 2240; x_wconf 75' lang='grc' dir='ltr'>διαφορὰν,</span> <span class='ocrx_word' id='word_1_480' title='bbox 3444 2163 3513 2217; x_wconf 86' lang='grc' dir='ltr'>,εἰ</span> <span class='ocrx_word' id='word_1_481' title='bbox 3567 2168 3640 2237; x_wconf 78' lang='grc' dir='ltr'>μὴ</span> 
     </span>
    </p>
   </div>
   <div class='ocr_carea' id='block_1_50' title="bbox 1976 2247 3642 2334">
    <p class='ocr_par' dir='ltr' id='par_1_50' title="bbox 1976 2247 3642 2334">
     <span class='ocr_line' id='line_1_50' title="bbox 1976 2247 3642 2334; baseline -0.001 -25"><span class='ocrx_word' id='word_1_482' title='bbox 1976 2252 2114 2311; x_wconf 73' lang='grc' dir='ltr'>κατὰ</span> <span class='ocrx_word' id='word_1_483' title='bbox 2175 2260 2242 2311; x_wconf 77' lang='grc' dir='ltr'>τὰ</span> <span class='ocrx_word' id='word_1_484' title='bbox 2291 2265 2384 2311; x_wconf 83' lang='grc' dir='ltr'>τοῦ</span> <span class='ocrx_word' id='word_1_485' title='bbox 2453 2262 2708 2334; x_wconf 76' lang='grc' dir='ltr'>τριγώνου</span> <span class='ocrx_word' id='word_1_486' title='bbox 2767 2252 2909 2323; x_wconf 75' lang='grc' dir='ltr'>εἴδη,</span> <span class='ocrx_word' id='word_1_487' title='bbox 2988 2253 3117 2329; x_wconf 78' lang='grc' dir='ltr'>ἅπερ</span> <span class='ocrx_word' id='word_1_488' title='bbox 3169 2253 3212 2308; x_wconf 81' lang='grc' dir='ltr'>εἰ</span> <span class='ocrx_word' id='word_1_489' title='bbox 3251 2260 3341 2308; x_wconf 80' lang='grc' dir='ltr'>καὶ</span> <span class='ocrx_word' id='word_1_490' title='bbox 3385 2247 3642 2329; x_wconf 73' lang='grc' dir='ltr'>διαφέρει,</span> 
     </span>
    </p>
   </div>
   <div class='ocr_carea' id='block_1_51' title="bbox 1918 2340 3646 2424">
    <p class='ocr_par' dir='ltr' id='par_1_51' title="bbox 1918 2340 3646 2424">
     <span class='ocr_line' id='line_1_51' title="bbox 1918 2340 3646 2424; baseline -0.002 -24"><span class='ocrx_word' id='word_1_491' title='bbox 1918 2380 1923 2385; x_wconf 66' lang='grc' dir='ltr'>ε</span> <span class='ocrx_word' id='word_1_492' title='bbox 1979 2342 2213 2421; x_wconf 73' lang='grc' dir='ltr'>διαφέρει</span> <span class='ocrx_word' id='word_1_493' title='bbox 2238 2356 2310 2420; x_wconf 83' lang='grc' dir='ltr'>τῷ</span> <span class='ocrx_word' id='word_1_494' title='bbox 2341 2345 2634 2424; x_wconf 75' lang='grc' dir='ltr'>ἐτεροειδεί,</span> <span class='ocrx_word' id='word_1_495' title='bbox 2674 2348 2732 2399; x_wconf 83' lang='grc' dir='ltr'>τὸ</span> <span class='ocrx_word' id='word_1_496' title='bbox 2763 2341 2823 2399; x_wconf 71' lang='grc' dir='ltr'>ὃὶ</span> <span class='ocrx_word' id='word_1_497' title='bbox 2848 2340 3103 2419; x_wconf 72' lang='grc' dir='ltr'>ὁμοειδὲς,</span> <span class='ocrx_word' id='word_1_498' title='bbox 3153 2340 3254 2397; x_wconf 76' lang='grc' dir='ltr'>εἴτε</span> <span class='ocrx_word' id='word_1_499' title='bbox 3304 2343 3483 2417; x_wconf 78' lang='grc' dir='ltr'>μεῖζον</span> <span class='ocrx_word' id='word_1_500' title='bbox 3544 2345 3646 2397; x_wconf 71' lang='grc' dir='ltr'>εἴτε</span> 
     </span>
    </p>
   </div>
   <div class='ocr_carea' id='block_1_52' title="bbox 1976 2432 3642 2510">
    <p class='ocr_par' dir='ltr' id='par_1_52' title="bbox 1976 2432 3642 2510">
     <span class='ocr_line' id='line_1_52' title="bbox 1976 2432 3642 2510; baseline -0.002 -20"><span class='ocrx_word' id='word_1_501' title='bbox 1976 2436 2204 2507; x_wconf 78' lang='grc' dir='ltr'>ἔλαττον,</span> <span class='ocrx_word' id='word_1_502' title='bbox 2257 2437 2352 2490; x_wconf 70' lang='grc' dir='ltr'>οὐκ</span> <span class='ocrx_word' id='word_1_503' title='bbox 2390 2437 2534 2507; x_wconf 78' lang='grc' dir='ltr'>ἄλλο,</span> <span class='ocrx_word' id='word_1_504' title='bbox 2575 2442 2664 2491; x_wconf 80' lang='grc' dir='ltr'>καὶ</span> <span class='ocrx_word' id='word_1_505' title='bbox 2724 2438 2939 2510; x_wconf 82' lang='grc' dir='ltr'>θυμικὸς</span> <span class='ocrx_word' id='word_1_506' title='bbox 2988 2436 3114 2509; x_wconf 85' lang='grc' dir='ltr'>οῖρα,</span> <span class='ocrx_word' id='word_1_507' title='bbox 3157 2438 3188 2494; x_wconf 82' lang='grc' dir='ltr'><strong>ἣ</strong></span> <span class='ocrx_word' id='word_1_508' title='bbox 3245 2432 3642 2508; x_wconf 75' lang='grc' dir='ltr'>ἐπιθυμητικὸς,</span> 
     </span>
    </p>
   </div>
   <div class='ocr_carea' id='block_1_53' title="bbox 1976 2522 3646 2605">
    <p class='ocr_par' dir='ltr' id='par_1_53' title="bbox 1976 2522 3646 2605">
     <span class='ocr_line' id='line_1_53' title="bbox 1976 2522 3646 2605; baseline -0.002 -25"><span class='ocrx_word' id='word_1_509' title='bbox 1976 2528 2006 2587; x_wconf 78' lang='grc' dir='ltr'>ἢ</span> <span class='ocrx_word' id='word_1_510' title='bbox 2039 2526 2262 2601; x_wconf 74' lang='grc' dir='ltr'>λογικὸς,</span> <span class='ocrx_word' id='word_1_511' title='bbox 2328 2527 2358 2587; x_wconf 77' lang='grc' dir='ltr'><strong>ἣ</strong></span> <span class='ocrx_word' id='word_1_512' title='bbox 2408 2527 2778 2605; x_wconf 71' lang='grc' dir='ltr'>φλεγματικός,</span> <span class='ocrx_word' id='word_1_513' title='bbox 2818 2527 2847 2586; x_wconf 82' lang='grc' dir='ltr'><strong>ἣ</strong></span> <span class='ocrx_word' id='word_1_514' title='bbox 2881 2526 3181 2598; x_wconf 76' lang='grc' dir='ltr'>αἱματικός,</span> <span class='ocrx_word' id='word_1_515' title='bbox 3233 2527 3263 2583; x_wconf 77' lang='grc' dir='ltr'><strong>ἦ</strong></span> <span class='ocrx_word' id='word_1_516' title='bbox 3324 2522 3646 2600; x_wconf 76' lang='grc' dir='ltr'>μελαγχολι-</span> 
     </span>
    </p>
   </div>
   <div class='ocr_carea' id='block_1_54' title="bbox 1976 2611 3649 2693">
    <p class='ocr_par' dir='ltr' id='par_1_54' title="bbox 1976 2611 3649 2693">
     <span class='ocr_line' id='line_1_54' title="bbox 1976 2611 3649 2693; baseline -0.003 -24"><span class='ocrx_word' id='word_1_517' title='bbox 1976 2619 2084 2689; x_wconf 82' lang='grc' dir='ltr'>κός,</span> <span class='ocrx_word' id='word_1_518' title='bbox 2112 2618 2141 2677; x_wconf 72' lang='grc' dir='ltr'>ᾖ</span> <span class='ocrx_word' id='word_1_519' title='bbox 2178 2615 2569 2690; x_wconf 80' lang='grc' dir='ltr'>ξανθοχολικὸς,</span> <span class='ocrx_word' id='word_1_520' title='bbox 2601 2618 2631 2677; x_wconf 72' lang='grc' dir='ltr'>ἢ</span> <span class='ocrx_word' id='word_1_521' title='bbox 2661 2620 2750 2693; x_wconf 65' lang='grc' dir='ltr'>καὶ⁵</span> <span class='ocrx_word' id='word_1_522' title='bbox 2769 2624 2870 2669; x_wconf 81' lang='grc' dir='ltr'>τῶν</span> <span class='ocrx_word' id='word_1_523' title='bbox 2921 2617 3241 2688; x_wconf 70' lang='grc' dir='ltr'>μεμιγμένην</span> <span class='ocrx_word' id='word_1_524' title='bbox 3295 2611 3523 2686; x_wconf 76' lang='grc' dir='ltr'>ἐχόντων</span> <span class='ocrx_word' id='word_1_525' title='bbox 3548 2612 3649 2677; x_wconf 78' lang='grc' dir='ltr'>κάξ</span> 
     </span>
    </p>
   </div>
   <div class='ocr_carea' id='block_1_55' title="bbox 1976 2698 3644 2784">
    <p class='ocr_par' dir='ltr' id='par_1_55' title="bbox 1976 2698 3644 2784">
     <span class='ocr_line' id='line_1_55' title="bbox 1976 2698 3644 2784; baseline -0.004 -23"><span class='ocrx_word' id='word_1_526' title='bbox 1976 2706 2279 2783; x_wconf 68' lang='grc' dir='ltr'>ἀμφοτέρων</span> <span class='ocrx_word' id='word_1_527' title='bbox 2321 2712 2409 2768; x_wconf 78' lang='grc' dir='ltr'>την</span> <span class='ocrx_word' id='word_1_528' title='bbox 2477 2713 2665 2784; x_wconf 83' lang='grc' dir='ltr'>κρᾶσιν</span> <span class='ocrx_word' id='word_1_529' title='bbox 2707 2707 2845 2781; x_wconf 77' lang='grc' dir='ltr'>κατὰ</span> <span class='ocrx_word' id='word_1_530' title='bbox 2898 2706 2993 2768; x_wconf 77' lang='grc' dir='ltr'>τὰς</span> <span class='ocrx_word' id='word_1_531' title='bbox 3043 2709 3166 2778; x_wconf 85' lang='grc' dir='ltr'>πρὶν</span> <span class='ocrx_word' id='word_1_532' title='bbox 3217 2711 3318 2758; x_wconf 83' lang='grc' dir='ltr'>τῶν</span> <span class='ocrx_word' id='word_1_533' title='bbox 3378 2698 3644 2775; x_wconf 76' lang='grc' dir='ltr'>συζυγιῶν</span> 
     </span>
    </p>
   </div>
   <div class='ocr_carea' id='block_1_56' title="bbox 1979 2790 3649 2872">
    <p class='ocr_par' dir='ltr' id='par_1_56' title="bbox 1979 2790 3649 2872">
     <span class='ocr_line' id='line_1_56' title="bbox 1979 2790 3649 2872; baseline -0.003 -21"><span class='ocrx_word' id='word_1_534' title='bbox 1979 2802 2254 2861; x_wconf 84' lang='grc' dir='ltr'>κοινωνίας</span> <span class='ocrx_word' id='word_1_535' title='bbox 2308 2798 2708 2872; x_wconf 84' lang='grc' dir='ltr'>σημειωθείσας,</span> <span class='ocrx_word' id='word_1_536' title='bbox 2777 2794 2838 2850; x_wconf 74' lang='grc' dir='ltr'>οὐ</span> <span class='ocrx_word' id='word_1_537' title='bbox 2898 2795 3033 2865; x_wconf 83' lang='grc' dir='ltr'>κατᾲ</span> <span class='ocrx_word' id='word_1_538' title='bbox 3080 2798 3166 2848; x_wconf 82' lang='grc' dir='ltr'>τόν</span> <span class='ocrx_word' id='word_1_539' title='bbox 3220 2800 3312 2854; x_wconf 78' lang='grc' dir='ltr'>τῆς</span> <span class='ocrx_word' id='word_1_540' title='bbox 3360 2790 3649 2856; x_wconf 73' lang='grc' dir='ltr'>ἐπιτάσεως</span> 
     </span>
    </p>
   </div>
   <div class='ocr_carea' id='block_1_57' title="bbox 207 3014 3651 3093">
    <p class='ocr_par' dir='ltr' id='par_1_57' title="bbox 207 3014 3651 3093">
     <span class='ocr_line' id='line_1_57' title="bbox 207 3014 3651 3093; baseline -0.001 -16"><span class='ocrx_word' id='word_1_541' title='bbox 207 3018 315 3089; x_wconf 90' lang='lat' dir='ltr'>lat,</span> <span class='ocrx_word' id='word_1_542' title='bbox 331 3020 510 3091; x_wconf 88' lang='lat' dir='ltr'>atque</span> <span class='ocrx_word' id='word_1_543' title='bbox 532 3015 647 3072; x_wconf 89' lang='lat' dir='ltr'>hoc</span> <span class='ocrx_word' id='word_1_544' title='bbox 664 3016 726 3071; x_wconf 92' lang='lat' dir='ltr'>in</span> <span class='ocrx_word' id='word_1_545' title='bbox 744 3014 1049 3072; x_wconf 85' lang='lat' dir='ltr'>inﬁnitum</span> <span class='ocrx_word' id='word_1_546' title='bbox 1066 3014 1320 3089; x_wconf 80' lang='lat' dir='ltr'>produci</span> <span class='ocrx_word' id='word_1_547' title='bbox 1349 3020 1566 3090; x_wconf 82' lang='lat' dir='ltr'>potest.</span> <span class='ocrx_word' id='word_1_548' title='bbox 1590 3020 1876 3076; x_wconf 69' lang='lat' dir='ltr'>Praeterea</span> <span class='ocrx_word' id='word_1_549' title='bbox 1907 3019 1946 3076; x_wconf 90' lang='lat' dir='ltr'>C</span> <span class='ocrx_word' id='word_1_550' title='bbox 1983 3022 2071 3078; x_wconf 89' lang='lat' dir='ltr'>est</span> <span class='ocrx_word' id='word_1_551' title='bbox 2098 3019 2277 3078; x_wconf 88' lang='lat' dir='ltr'>etiam</span> <span class='ocrx_word' id='word_1_552' title='bbox 2308 3016 2602 3093; x_wconf 88' lang='lat' dir='ltr'>cupidum</span> <span class='ocrx_word' id='word_1_553' title='bbox 2643 3034 2774 3076; x_wconf 88' lang='lat' dir='ltr'>esse</span> <span class='ocrx_word' id='word_1_554' title='bbox 2821 3020 2926 3075; x_wconf 87' lang='lat' dir='ltr'>aut</span> <span class='ocrx_word' id='word_1_555' title='bbox 2971 3015 3331 3074; x_wconf 77' lang='lat' dir='ltr'>iracimdum</span> <span class='ocrx_word' id='word_1_556' title='bbox 3357 3016 3379 3072; x_wconf 65' lang='grc' dir='ltr'><em>ξ</em></span> <span class='ocrx_word' id='word_1_557' title='bbox 3435 3015 3498 3075; x_wconf 80' lang='lat' dir='ltr'>et</span> <span class='ocrx_word' id='word_1_558' title='bbox 3532 3016 3651 3074; x_wconf 88' lang='lat' dir='ltr'>hoc</span> 
     </span>
    </p>
   </div>
   <div class='ocr_carea' id='block_1_58' title="bbox 211 3105 1875 3181">
    <p class='ocr_par' dir='ltr' id='par_1_58' title="bbox 211 3105 1875 3181">
     <span class='ocr_line' id='line_1_58' title="bbox 211 3105 1875 3181; baseline -0.002 -15"><span class='ocrx_word' id='word_1_559' title='bbox 211 3112 283 3166; x_wconf 89' lang='lat' dir='ltr'>ut</span> <span class='ocrx_word' id='word_1_560' title='bbox 300 3105 787 3181; x_wconf 79' lang='lat' dir='ltr'>quadrangulum</span> <span class='ocrx_word' id='word_1_561' title='bbox 805 3111 845 3160; x_wconf 80' lang='grc' dir='ltr'>Α</span> <span class='ocrx_word' id='word_1_562' title='bbox 860 3108 899 3162; x_wconf 87' lang='grc' dir='ltr'>Β</span> <span class='ocrx_word' id='word_1_563' title='bbox 913 3108 952 3163; x_wconf 91' lang='lat' dir='ltr'>C</span> <span class='ocrx_word' id='word_1_564' title='bbox 972 3108 1014 3161; x_wconf 92' lang='lat' dir='ltr'><strong>D</strong></span> <span class='ocrx_word' id='word_1_565' title='bbox 1029 3121 1093 3161; x_wconf 90' lang='lat' dir='ltr'>se</span> <span class='ocrx_word' id='word_1_566' title='bbox 1105 3105 1373 3163; x_wconf 87' lang='lat' dir='ltr'>habetad</span> <span class='ocrx_word' id='word_1_567' title='bbox 1389 3107 1875 3180; x_wconf 75' lang='lat' dir='ltr'>quadrangulum</span> 
     </span>
    </p>
   </div>
   <div class='ocr_carea' id='block_1_59' title="bbox 209 3195 1877 3268">
    <p class='ocr_par' dir='ltr' id='par_1_59' title="bbox 209 3195 1877 3268">
     <span class='ocr_line' id='line_1_59' title="bbox 209 3195 1877 3268; baseline 0.001 -14"><span class='ocrx_word' id='word_1_568' title='bbox 209 3200 255 3255; x_wconf 90' lang='lat' dir='ltr'><strong>E</strong></span> <span class='ocrx_word' id='word_1_569' title='bbox 282 3201 319 3253; x_wconf 62' lang='grc' dir='ltr'>[ε’</span> <span class='ocrx_word' id='word_1_570' title='bbox 353 3201 391 3254; x_wconf 90' lang='lat' dir='ltr'><strong>G</strong></span> <span class='ocrx_word' id='word_1_571' title='bbox 415 3200 477 3268; x_wconf 86' lang='grc' dir='ltr'>Η,</span> <span class='ocrx_word' id='word_1_572' title='bbox 506 3195 592 3252; x_wconf 87' lang='lat' dir='ltr'>ita</span> <span class='ocrx_word' id='word_1_573' title='bbox 620 3210 864 3268; x_wconf 84' lang='lat' dir='ltr'>quoque</span> <span class='ocrx_word' id='word_1_574' title='bbox 893 3195 1382 3268; x_wconf 79' lang='lat' dir='ltr'>quadrangulum</span> <span class='ocrx_word' id='word_1_575' title='bbox 1438 3200 1482 3253; x_wconf 88' lang='lat' dir='ltr'><strong>N</strong></span> <span class='ocrx_word' id='word_1_576' title='bbox 1530 3200 1573 3254; x_wconf 94' lang='grc' dir='ltr'>Ο</span> <span class='ocrx_word' id='word_1_577' title='bbox 1625 3201 1666 3255; x_wconf 88' lang='grc' dir='ltr'>Ρ</span> <span class='ocrx_word' id='word_1_578' title='bbox 1710 3199 1754 3265; x_wconf 88' lang='lat' dir='ltr'>Q</span> <span class='ocrx_word' id='word_1_579' title='bbox 1796 3197 1877 3254; x_wconf 90' lang='lat' dir='ltr'>ad</span> 
     </span>
    </p>
   </div>
   <div class='ocr_carea' id='block_1_60' title="bbox 211 3286 1875 3360">
    <p class='ocr_par' dir='ltr' id='par_1_60' title="bbox 211 3286 1875 3360">
     <span class='ocr_line' id='line_1_60' title="bbox 211 3286 1875 3360; baseline -0.002 -15"><span class='ocrx_word' id='word_1_580' title='bbox 211 3290 247 3345; x_wconf 92' lang='lat' dir='ltr'><strong>S</strong></span> <span class='ocrx_word' id='word_1_581' title='bbox 268 3290 309 3343; x_wconf 88' lang='grc' dir='ltr'>Τ</span> <span class='ocrx_word' id='word_1_582' title='bbox 338 3288 385 3343; x_wconf 87' lang='grc' dir='ltr'>Κ</span> <span class='ocrx_word' id='word_1_583' title='bbox 411 3287 471 3341; x_wconf 92' lang='lat' dir='ltr'>L.</span> <span class='ocrx_word' id='word_1_584' title='bbox 495 3288 582 3342; x_wconf 87' lang='lat' dir='ltr'>lta</span> <span class='ocrx_word' id='word_1_585' title='bbox 605 3288 668 3341; x_wconf 88' lang='lat' dir='ltr'>ut</span> <span class='ocrx_word' id='word_1_586' title='bbox 700 3288 1022 3356; x_wconf 89' lang='lat' dir='ltr'>utrumque</span> <span class='ocrx_word' id='word_1_587' title='bbox 1061 3289 1315 3357; x_wconf 87' lang='lat' dir='ltr'>utroque</span> <span class='ocrx_word' id='word_1_588' title='bbox 1350 3302 1424 3341; x_wconf 83' lang='lat' dir='ltr'>ex</span> <span class='ocrx_word' id='word_1_589' title='bbox 1470 3286 1875 3360; x_wconf 62' lang='lat' dir='ltr'>inaequalitate</span> 
     </span>
    </p>
   </div>
   <div class='ocr_carea' id='block_1_61' title="bbox 205 3373 1880 3449">
    <p class='ocr_par' dir='ltr' id='par_1_61' title="bbox 205 3373 1880 3449">
     <span class='ocr_line' id='line_1_61' title="bbox 205 3373 1880 3449; baseline 0 -16"><span class='ocrx_word' id='word_1_590' title='bbox 205 3375 511 3448; x_wconf 84' lang='lat' dir='ltr'>aequaliter</span> <span class='ocrx_word' id='word_1_591' title='bbox 540 3374 738 3446; x_wconf 82' lang='lat' dir='ltr'>majus</span> <span class='ocrx_word' id='word_1_592' title='bbox 759 3373 835 3430; x_wconf 91' lang='lat' dir='ltr'>sit</span> <span class='ocrx_word' id='word_1_593' title='bbox 860 3378 918 3431; x_wconf 90' lang='lat' dir='ltr'>et</span> <span class='ocrx_word' id='word_1_594' title='bbox 940 3374 1164 3430; x_wconf 90' lang='lat' dir='ltr'>minus.</span> <span class='ocrx_word' id='word_1_595' title='bbox 1191 3376 1260 3431; x_wconf 93' lang='lat' dir='ltr'>Ut</span> <span class='ocrx_word' id='word_1_596' title='bbox 1285 3375 1444 3432; x_wconf 89' lang='lat' dir='ltr'>enim</span> <span class='ocrx_word' id='word_1_597' title='bbox 1486 3376 1880 3449; x_wconf 90' lang='lat' dir='ltr'>quadrangu-</span> 
     </span>
    </p>
   </div>
   <div class='ocr_carea' id='block_1_62' title="bbox 202 3463 1875 3537">
    <p class='ocr_par' dir='ltr' id='par_1_62' title="bbox 202 3463 1875 3537">
     <span class='ocr_line' id='line_1_62' title="bbox 202 3463 1875 3537; baseline -0.002 -14"><span class='ocrx_word' id='word_1_598' title='bbox 202 3467 330 3523; x_wconf 86' lang='lat' dir='ltr'>lum</span> <span class='ocrx_word' id='word_1_599' title='bbox 368 3467 418 3521; x_wconf 88' lang='lat' dir='ltr'><strong>A</strong></span> <span class='ocrx_word' id='word_1_600' title='bbox 445 3468 484 3521; x_wconf 85' lang='grc' dir='ltr'>Β</span> <span class='ocrx_word' id='word_1_601' title='bbox 507 3466 547 3521; x_wconf 91' lang='lat' dir='ltr'>C</span> <span class='ocrx_word' id='word_1_602' title='bbox 570 3467 612 3521; x_wconf 92' lang='lat' dir='ltr'><strong>D</strong></span> <span class='ocrx_word' id='word_1_603' title='bbox 636 3479 702 3520; x_wconf 89' lang='lat' dir='ltr'>se</span> <span class='ocrx_word' id='word_1_604' title='bbox 720 3463 904 3520; x_wconf 82' lang='lat' dir='ltr'>habet</span> <span class='ocrx_word' id='word_1_605' title='bbox 932 3465 1012 3520; x_wconf 86' lang='lat' dir='ltr'>ad</span> <span class='ocrx_word' id='word_1_606' title='bbox 1036 3465 1530 3536; x_wconf 81' lang='lat' dir='ltr'>quadrangulum</span> <span class='ocrx_word' id='word_1_607' title='bbox 1563 3469 1604 3522; x_wconf 90' lang='lat' dir='ltr'><strong>E</strong></span> <span class='ocrx_word' id='word_1_608' title='bbox 1644 3469 1685 3523; x_wconf 90' lang='lat' dir='ltr'>F</span> <span class='ocrx_word' id='word_1_609' title='bbox 1728 3468 1770 3523; x_wconf 87' lang='lat' dir='ltr'><strong>G</strong></span> <span class='ocrx_word' id='word_1_610' title='bbox 1802 3465 1875 3537; x_wconf 88' lang='lat' dir='ltr'>H,</span> 
     </span>
    </p>
   </div>
   <div class='ocr_carea' id='block_1_63' title="bbox 202 3550 1878 3627">
    <p class='ocr_par' dir='ltr' id='par_1_63' title="bbox 202 3550 1878 3627">
     <span class='ocr_line' id='line_1_63' title="bbox 202 3550 1878 3627; baseline -0.002 -15"><span class='ocrx_word' id='word_1_611' title='bbox 202 3555 539 3627; x_wconf 89' lang='lat' dir='ltr'>itaquoque</span> <span class='ocrx_word' id='word_1_612' title='bbox 554 3552 745 3624; x_wconf 90' lang='lat' dir='ltr'>ipsum</span> <span class='ocrx_word' id='word_1_613' title='bbox 762 3550 841 3607; x_wconf 89' lang='lat' dir='ltr'>ad</span> <span class='ocrx_word' id='word_1_614' title='bbox 854 3551 1338 3623; x_wconf 81' lang='lat' dir='ltr'>quadrangulum</span> <span class='ocrx_word' id='word_1_615' title='bbox 1355 3554 1543 3619; x_wconf 82' lang='grc' dir='ltr'>ΝΟΡο</span> <span class='ocrx_word' id='word_1_616' title='bbox 1566 3571 1578 3609; x_wconf 92' lang='lat'><strong>:</strong></span> <span class='ocrx_word' id='word_1_617' title='bbox 1605 3559 1662 3609; x_wconf 90' lang='lat' dir='ltr'>et</span> <span class='ocrx_word' id='word_1_618' title='bbox 1679 3554 1878 3627; x_wconf 86' lang='lat' dir='ltr'>ipsum</span> 
     </span>
    </p>
   </div>
   <div class='ocr_carea' id='block_1_64' title="bbox 204 3638 1875 3712">
    <p class='ocr_par' dir='ltr' id='par_1_64' title="bbox 204 3638 1875 3712">
     <span class='ocr_line' id='line_1_64' title="bbox 204 3638 1875 3712; baseline -0.001 -11"><span class='ocrx_word' id='word_1_619' title='bbox 204 3643 420 3702; x_wconf 91' lang='lat' dir='ltr'>eadem</span> <span class='ocrx_word' id='word_1_620' title='bbox 446 3643 672 3699; x_wconf 84' lang='lat' dir='ltr'>ratione</span> <span class='ocrx_word' id='word_1_621' title='bbox 693 3638 771 3697; x_wconf 89' lang='lat' dir='ltr'>ad</span> <span class='ocrx_word' id='word_1_622' title='bbox 792 3640 1287 3712; x_wconf 86' lang='lat' dir='ltr'>quadrangufum</span> <span class='ocrx_word' id='word_1_623' title='bbox 1313 3643 1349 3699; x_wconf 92' lang='lat' dir='ltr'><strong>S</strong></span> <span class='ocrx_word' id='word_1_624' title='bbox 1376 3645 1416 3697; x_wconf 90' lang='lat' dir='ltr'><strong>T</strong></span> <span class='ocrx_word' id='word_1_625' title='bbox 1440 3644 1486 3698; x_wconf 85' lang='lat' dir='ltr'><strong>K</strong></span> <span class='ocrx_word' id='word_1_626' title='bbox 1508 3642 1875 3708; x_wconf 89' lang='lat' dir='ltr'>L.Quoniam</span> 
     </span>
    </p>
   </div>
   <div class='ocr_carea' id='block_1_65' title="bbox 204 3730 1876 3805">
    <p class='ocr_par' dir='ltr' id='par_1_65' title="bbox 204 3730 1876 3805">
     <span class='ocr_line' id='line_1_65' title="bbox 204 3730 1876 3805; baseline -0.001 -14"><span class='ocrx_word' id='word_1_627' title='bbox 204 3734 385 3805; x_wconf 78' lang='lat' dir='ltr'>igitur</span> <span class='ocrx_word' id='word_1_628' title='bbox 412 3731 614 3789; x_wconf 89' lang='lat' dir='ltr'>media</span> <span class='ocrx_word' id='word_1_629' title='bbox 654 3730 781 3786; x_wconf 68' lang='lat' dir='ltr'>haec</span> <span class='ocrx_word' id='word_1_630' title='bbox 813 3735 1037 3802; x_wconf 89' lang='lat' dir='ltr'>puncta</span> <span class='ocrx_word' id='word_1_631' title='bbox 1060 3733 1100 3786; x_wconf 85' lang='lat' dir='ltr'>Y</span> <span class='ocrx_word' id='word_1_632' title='bbox 1124 3732 1164 3785; x_wconf 88' lang='lat' dir='ltr'><strong>X</strong></span> <span class='ocrx_word' id='word_1_633' title='bbox 1208 3734 1244 3787; x_wconf 91' lang='grc' dir='ltr'>Ζ</span> <span class='ocrx_word' id='word_1_634' title='bbox 1299 3734 1343 3787; x_wconf 88' lang='lat' dir='ltr'><strong>V</strong></span> <span class='ocrx_word' id='word_1_635' title='bbox 1396 3747 1672 3789; x_wconf 84' lang='lat' dir='ltr'>connexa</span> <span class='ocrx_word' id='word_1_636' title='bbox 1736 3748 1876 3789; x_wconf 92' lang='lat' dir='ltr'>cum</span> 
     </span>
    </p>
   </div>
   <div class='ocr_carea' id='block_1_66' title="bbox 206 3820 1877 3898">
    <p class='ocr_par' dir='ltr' id='par_1_66' title="bbox 206 3820 1877 3898">
     <span class='ocr_line' id='line_1_66' title="bbox 206 3820 1877 3898; baseline -0.001 -18"><span class='ocrx_word' id='word_1_637' title='bbox 206 3824 448 3898; x_wconf 83' lang='lat' dir='ltr'>punctis</span> <span class='ocrx_word' id='word_1_638' title='bbox 479 3837 615 3894; x_wconf 63' lang='lat' dir='ltr'>quas</span> <span class='ocrx_word' id='word_1_639' title='bbox 643 3824 788 3876; x_wconf 91' lang='lat' dir='ltr'>sunt</span> <span class='ocrx_word' id='word_1_640' title='bbox 830 3820 892 3876; x_wconf 91' lang='lat' dir='ltr'>in</span> <span class='ocrx_word' id='word_1_641' title='bbox 945 3821 1444 3892; x_wconf 80' lang='lat' dir='ltr'>extremitatibus,</span> <span class='ocrx_word' id='word_1_642' title='bbox 1485 3838 1704 3896; x_wconf 89' lang='lat' dir='ltr'>nempe</span> <span class='ocrx_word' id='word_1_643' title='bbox 1737 3838 1877 3879; x_wconf 90' lang='lat' dir='ltr'>cum</span> 
     </span>
    </p>
   </div>
   <div class='ocr_carea' id='block_1_67' title="bbox 215 3908 1876 3983">
    <p class='ocr_par' dir='ltr' id='par_1_67' title="bbox 215 3908 1876 3983">
     <span class='ocr_line' id='line_1_67' title="bbox 215 3908 1876 3983; baseline 0 -15"><span class='ocrx_word' id='word_1_644' title='bbox 215 3919 257 3969; x_wconf 75' lang='grc' dir='ltr'><strong>Α</strong></span> <span class='ocrx_word' id='word_1_645' title='bbox 280 3913 368 3967; x_wconf 82' lang='lat' dir='ltr'>BC</span> <span class='ocrx_word' id='word_1_646' title='bbox 382 3914 444 3980; x_wconf 76' lang='grc' dir='ltr'>Ι),</span> <span class='ocrx_word' id='word_1_647' title='bbox 465 3909 842 3967; x_wconf 88' lang='lat' dir='ltr'>neccessario</span> <span class='ocrx_word' id='word_1_648' title='bbox 855 3908 1645 3983; x_wconf 84' lang='lat' dir='ltr'>efﬁciuntquadrangulum.</span> <span class='ocrx_word' id='word_1_649' title='bbox 1663 3914 1727 3968; x_wconf 88' lang='lat' dir='ltr'>Et</span> <span class='ocrx_word' id='word_1_650' title='bbox 1751 3927 1876 3968; x_wconf 90' lang='lat' dir='ltr'>rur-</span> 
     </span>
    </p>
   </div>
   <div class='ocr_carea' id='block_1_68' title="bbox 216 3998 1880 4073">
    <p class='ocr_par' dir='ltr' id='par_1_68' title="bbox 216 3998 1880 4073">
     <span class='ocr_line' id='line_1_68' title="bbox 216 3998 1880 4073; baseline 0.001 -18"><span class='ocrx_word' id='word_1_651' title='bbox 216 3998 693 4056; x_wconf 90' lang='lat' dir='ltr'>susintermedia</span> <span class='ocrx_word' id='word_1_652' title='bbox 756 3999 977 4055; x_wconf 89' lang='lat' dir='ltr'>horum</span> <span class='ocrx_word' id='word_1_653' title='bbox 1035 4004 1261 4071; x_wconf 89' lang='lat' dir='ltr'>puncta</span> <span class='ocrx_word' id='word_1_654' title='bbox 1299 4017 1372 4057; x_wconf 84' lang='lat' dir='ltr'>ex</span> <span class='ocrx_word' id='word_1_655' title='bbox 1426 3999 1642 4057; x_wconf 85' lang='lat' dir='ltr'>eadem</span> <span class='ocrx_word' id='word_1_656' title='bbox 1687 4001 1880 4073; x_wconf 89' lang='lat' dir='ltr'>quali-</span> 
     </span>
    </p>
   </div>
   <div class='ocr_carea' id='block_1_69' title="bbox 209 4089 1876 4161">
    <p class='ocr_par' dir='ltr' id='par_1_69' title="bbox 209 4089 1876 4161">
     <span class='ocr_line' id='line_1_69' title="bbox 209 4089 1876 4161; baseline 0 -13"><span class='ocrx_word' id='word_1_657' title='bbox 209 4095 328 4149; x_wconf 86' lang='lat' dir='ltr'>tate</span> <span class='ocrx_word' id='word_1_658' title='bbox 369 4089 639 4146; x_wconf 86' lang='lat' dir='ltr'>efticiunt</span> <span class='ocrx_word' id='word_1_659' title='bbox 709 4089 1203 4161; x_wconf 82' lang='lat' dir='ltr'>quadrangulum</span> <span class='ocrx_word' id='word_1_660' title='bbox 1281 4093 1324 4146; x_wconf 90' lang='lat' dir='ltr'><strong>N</strong></span> <span class='ocrx_word' id='word_1_661' title='bbox 1353 4092 1395 4147; x_wconf 99' lang='lat'>0</span> <span class='ocrx_word' id='word_1_662' title='bbox 1445 4094 1482 4146; x_wconf 87' lang='grc' dir='ltr'>Ρ</span> <span class='ocrx_word' id='word_1_663' title='bbox 1535 4093 1579 4157; x_wconf 87' lang='lat' dir='ltr'><strong>Q</strong></span> <span class='ocrx_word' id='word_1_664' title='bbox 1621 4091 1876 4148; x_wconf 88' lang='lat' dir='ltr'>:eodem</span> 
     </span>
    </p>
   </div>
   <div class='ocr_carea' id='block_1_70' title="bbox 208 4178 1882 4255">
    <p class='ocr_par' dir='ltr' id='par_1_70' title="bbox 208 4178 1882 4255">
     <span class='ocr_line' id='line_1_70' title="bbox 208 4178 1882 4255; baseline 0 -18"><span class='ocrx_word' id='word_1_665' title='bbox 208 4196 455 4255; x_wconf 89' lang='lat' dir='ltr'>quoque</span> <span class='ocrx_word' id='word_1_666' title='bbox 478 4178 661 4236; x_wconf 91' lang='lat' dir='ltr'>modo</span> <span class='ocrx_word' id='word_1_667' title='bbox 690 4179 909 4235; x_wconf 90' lang='lat' dir='ltr'>horum</span> <span class='ocrx_word' id='word_1_668' title='bbox 953 4178 1308 4235; x_wconf 81' lang='lat' dir='ltr'>intermedia</span> <span class='ocrx_word' id='word_1_669' title='bbox 1350 4184 1576 4252; x_wconf 89' lang='lat' dir='ltr'>puncta</span> <span class='ocrx_word' id='word_1_670' title='bbox 1624 4181 1882 4238; x_wconf 74' lang='lat' dir='ltr'>efficient</span> 
     </span>
    </p>
   </div>
   <div class='ocr_carea' id='block_1_71' title="bbox 213 4267 1874 4344">
    <p class='ocr_par' dir='ltr' id='par_1_71' title="bbox 213 4267 1874 4344">
     <span class='ocr_line' id='line_1_71' title="bbox 213 4267 1874 4344; baseline 0 -18"><span class='ocrx_word' id='word_1_671' title='bbox 213 4267 709 4344; x_wconf 86' lang='lat' dir='ltr'>quadrangulum</span> <span class='ocrx_word' id='word_1_672' title='bbox 751 4270 848 4325; x_wconf 88' lang='lat' dir='ltr'>ST</span> <span class='ocrx_word' id='word_1_673' title='bbox 872 4274 913 4321; x_wconf 77' lang='grc' dir='ltr'>Κ</span> <span class='ocrx_word' id='word_1_674' title='bbox 963 4271 1021 4338; x_wconf 84' lang='lat' dir='ltr'>L,</span> <span class='ocrx_word' id='word_1_675' title='bbox 1077 4273 1258 4341; x_wconf 89' lang='lat' dir='ltr'>atque</span> <span class='ocrx_word' id='word_1_676' title='bbox 1308 4269 1610 4340; x_wconf 84' lang='lat' dir='ltr'>triangula</span> <span class='ocrx_word' id='word_1_677' title='bbox 1650 4272 1693 4326; x_wconf 87' lang='lat' dir='ltr'><strong>Y</strong></span> <span class='ocrx_word' id='word_1_678' title='bbox 1724 4273 1765 4326; x_wconf 80' lang='grc' dir='ltr'>Χ</span> <span class='ocrx_word' id='word_1_679' title='bbox 1799 4273 1874 4327; x_wconf 88' lang='lat' dir='ltr'>B:</span> 
     </span>
    </p>
   </div>
   <div class='ocr_carea' id='block_1_72' title="bbox 216 4359 1953 4450">
    <p class='ocr_par' dir='ltr' id='par_1_72' title="bbox 216 4359 1953 4450">
     <span class='ocr_line' id='line_1_72' title="bbox 216 4359 1953 4450; baseline 0 -34"><span class='ocrx_word' id='word_1_680' title='bbox 216 4362 259 4416; x_wconf 88' lang='lat' dir='ltr'><strong><em>X</em></strong></span> <span class='ocrx_word' id='word_1_681' title='bbox 384 4362 470 4416; x_wconf 89' lang='lat' dir='ltr'>C:</span> <span class='ocrx_word' id='word_1_682' title='bbox 593 4359 724 4450; x_wconf 69' lang='lat' dir='ltr'>V_l_)</span> <span class='ocrx_word' id='word_1_683' title='bbox 758 4373 798 4450; x_wconf 31' lang='lat' dir='ltr'>h:</span> <span class='ocrx_word' id='word_1_684' title='bbox 848 4359 892 4450; x_wconf 64' lang='grc' dir='ltr'><strong>Υ</strong></span> <span class='ocrx_word' id='word_1_685' title='bbox 1023 4361 1093 4450; x_wconf 69' lang='grc' dir='ltr'>Α,</span> <span class='ocrx_word' id='word_1_686' title='bbox 1141 4374 1279 4431; x_wconf 66' lang='lat' dir='ltr'>quae</span> <span class='ocrx_word' id='word_1_687' title='bbox 1322 4359 1772 4450; x_wconf 86' lang='lat' dir='ltr'>conjunguntur</span> <span class='ocrx_word' id='word_1_688' title='bbox 1800 4364 1883 4450; x_wconf 13' lang='lat' dir='ltr'>Aet</span> <span class='ocrx_word' id='word_1_689' title='bbox 1911 4396 1953 4450; x_wconf 67' lang='grc' dir='ltr'><strong>Β</strong></span> 
     </span>
    </p>
   </div>
   <div class='ocr_carea' id='block_1_73' title="bbox 213 4446 1882 4518">
    <p class='ocr_par' dir='ltr' id='par_1_73' title="bbox 213 4446 1882 4518">
     <span class='ocr_line' id='line_1_73' title="bbox 213 4446 1882 4518; baseline 0 -12"><span class='ocrx_word' id='word_1_690' title='bbox 213 4448 506 4506; x_wconf 89' lang='lat' dir='ltr'>uniuntur</span> <span class='ocrx_word' id='word_1_691' title='bbox 534 4446 597 4502; x_wconf 89' lang='lat' dir='ltr'>in</span> <span class='ocrx_word' id='word_1_692' title='bbox 659 4448 703 4501; x_wconf 84' lang='lat' dir='ltr'><strong>Y</strong></span> <span class='ocrx_word' id='word_1_693' title='bbox 754 4448 795 4503; x_wconf 88' lang='lat' dir='ltr'><strong>X</strong></span> <span class='ocrx_word' id='word_1_694' title='bbox 852 4449 890 4501; x_wconf 93' lang='grc' dir='ltr'>Ζ</span> <span class='ocrx_word' id='word_1_695' title='bbox 938 4448 980 4502; x_wconf 80' lang='grc' dir='ltr'>ν</span> <span class='ocrx_word' id='word_1_696' title='bbox 1030 4446 1188 4503; x_wconf 90' lang='lat' dir='ltr'>circa</span> <span class='ocrx_word' id='word_1_697' title='bbox 1249 4453 1472 4518; x_wconf 90' lang='lat' dir='ltr'>puncta</span> <span class='ocrx_word' id='word_1_698' title='bbox 1526 4448 1882 4506; x_wconf 87' lang='lat' dir='ltr'>intermedia</span> 
     </span>
    </p>
   </div>
   <div class='ocr_carea' id='block_1_74' title="bbox 214 4534 1882 4607">
    <p class='ocr_par' dir='ltr' id='par_1_74' title="bbox 214 4534 1882 4607">
     <span class='ocr_line' id='line_1_74' title="bbox 214 4534 1882 4607; baseline 0 -12"><span class='ocrx_word' id='word_1_699' title='bbox 214 4540 260 4595; x_wconf 87' lang='grc' dir='ltr'>Ν</span> <span class='ocrx_word' id='word_1_700' title='bbox 286 4538 330 4594; x_wconf 95' lang='lat'>0</span> <span class='ocrx_word' id='word_1_701' title='bbox 350 4540 387 4592; x_wconf 88' lang='lat' dir='ltr'>P</span> <span class='ocrx_word' id='word_1_702' title='bbox 414 4538 482 4607; x_wconf 83' lang='grc' dir='ltr'>Ο,</span> <span class='ocrx_word' id='word_1_703' title='bbox 510 4535 821 4607; x_wconf 89' lang='lat' dir='ltr'>interjecta</span> <span class='ocrx_word' id='word_1_704' title='bbox 846 4534 1020 4594; x_wconf 89' lang='lat' dir='ltr'>lineis</span> <span class='ocrx_word' id='word_1_705' title='bbox 1051 4538 1094 4592; x_wconf 88' lang='lat' dir='ltr'>Y</span> <span class='ocrx_word' id='word_1_706' title='bbox 1118 4539 1178 4592; x_wconf 87' lang='grc' dir='ltr'>Χ.</span> <span class='ocrx_word' id='word_1_707' title='bbox 1209 4538 1250 4592; x_wconf 85' lang='grc' dir='ltr'><strong>Χ</strong></span> <span class='ocrx_word' id='word_1_708' title='bbox 1279 4540 1336 4592; x_wconf 94' lang='grc' dir='ltr'>Ζ.</span> <span class='ocrx_word' id='word_1_709' title='bbox 1364 4540 1401 4593; x_wconf 90' lang='grc' dir='ltr'>Ζ</span> <span class='ocrx_word' id='word_1_710' title='bbox 1420 4540 1478 4594; x_wconf 86' lang='lat' dir='ltr'>V.</span> <span class='ocrx_word' id='word_1_711' title='bbox 1526 4540 1570 4593; x_wconf 86' lang='lat' dir='ltr'>V</span> <span class='ocrx_word' id='word_1_712' title='bbox 1628 4540 1693 4595; x_wconf 88' lang='grc' dir='ltr'><strong>Υ.</strong></span> <span class='ocrx_word' id='word_1_713' title='bbox 1742 4555 1882 4595; x_wconf 91' lang='lat' dir='ltr'>cum</span> 
     </span>
    </p>
   </div>
   <div class='ocr_carea' id='block_1_75' title="bbox 217 4623 1883 4698">
    <p class='ocr_par' dir='ltr' id='par_1_75' title="bbox 217 4623 1883 4698">
     <span class='ocr_line' id='line_1_75' title="bbox 217 4623 1883 4698; baseline 0.001 -17"><span class='ocrx_word' id='word_1_714' title='bbox 217 4624 521 4681; x_wconf 86' lang='lat' dir='ltr'>suntinter</span> <span class='ocrx_word' id='word_1_715' title='bbox 538 4639 599 4679; x_wconf 92' lang='lat' dir='ltr'>se</span> <span class='ocrx_word' id='word_1_716' title='bbox 612 4638 886 4680; x_wconf 81' lang='lat' dir='ltr'>connexa</span> <span class='ocrx_word' id='word_1_717' title='bbox 904 4638 979 4679; x_wconf 82' lang='lat' dir='ltr'>ex</span> <span class='ocrx_word' id='word_1_718' title='bbox 995 4623 1203 4680; x_wconf 87' lang='lat' dir='ltr'>eadem</span> <span class='ocrx_word' id='word_1_719' title='bbox 1222 4626 1610 4698; x_wconf 80' lang='lat' dir='ltr'>proportione</span> <span class='ocrx_word' id='word_1_720' title='bbox 1630 4642 1761 4682; x_wconf 91' lang='lat' dir='ltr'>cum</span> <span class='ocrx_word' id='word_1_721' title='bbox 1787 4643 1883 4683; x_wconf 88' lang='lat' dir='ltr'>su-</span> 
     </span>
    </p>
   </div>
   <div class='ocr_carea' id='block_1_76' title="bbox 217 4712 1883 4787">
    <p class='ocr_par' dir='ltr' id='par_1_76' title="bbox 217 4712 1883 4787">
     <span class='ocr_line' id='line_1_76' title="bbox 217 4712 1883 4787; baseline 0.001 -17"><span class='ocrx_word' id='word_1_722' title='bbox 217 4713 573 4787; x_wconf 88' lang='lat' dir='ltr'>perioribus,</span> <span class='ocrx_word' id='word_1_723' title='bbox 594 4712 1225 4786; x_wconf 70' lang='lat' dir='ltr'>quamvisinzequalia,</span> <span class='ocrx_word' id='word_1_724' title='bbox 1256 4714 1478 4771; x_wconf 89' lang='lat' dir='ltr'>similia</span> <span class='ocrx_word' id='word_1_725' title='bbox 1494 4719 1634 4771; x_wconf 90' lang='lat' dir='ltr'>sunt</span> <span class='ocrx_word' id='word_1_726' title='bbox 1649 4715 1800 4773; x_wconf 90' lang='lat' dir='ltr'>inter</span> <span class='ocrx_word' id='word_1_727' title='bbox 1820 4730 1883 4772; x_wconf 90' lang='lat' dir='ltr'>se</span> 
     </span>
    </p>
   </div>
   <div class='ocr_carea' id='block_1_77' title="bbox 213 4801 1883 4876">
    <p class='ocr_par' dir='ltr' id='par_1_77' title="bbox 213 4801 1883 4876">
     <span class='ocr_line' id='line_1_77' title="bbox 213 4801 1883 4876; baseline 0.001 -17"><span class='ocrx_word' id='word_1_728' title='bbox 213 4801 520 4876; x_wconf 86' lang='lat' dir='ltr'>qualitate.</span> <span class='ocrx_word' id='word_1_729' title='bbox 555 4804 707 4872; x_wconf 89' lang='lat' dir='ltr'>Ergo</span> <span class='ocrx_word' id='word_1_730' title='bbox 741 4802 1097 4859; x_wconf 84' lang='lat' dir='ltr'>intermedia</span> <span class='ocrx_word' id='word_1_731' title='bbox 1119 4802 1340 4859; x_wconf 89' lang='lat' dir='ltr'>horum</span> <span class='ocrx_word' id='word_1_732' title='bbox 1367 4803 1677 4876; x_wconf 87' lang='lat' dir='ltr'>interjecta</span> <span class='ocrx_word' id='word_1_733' title='bbox 1711 4804 1883 4861; x_wconf 85' lang='lat' dir='ltr'>lineis</span> 
     </span>
    </p>
   </div>
   <div class='ocr_carea' id='block_1_78' title="bbox 211 4892 1886 4960">
    <p class='ocr_par' dir='ltr' id='par_1_78' title="bbox 211 4892 1886 4960">
     <span class='ocr_line' id='line_1_78' title="bbox 211 4892 1886 4960; baseline 0.001 -11"><span class='ocrx_word' id='word_1_734' title='bbox 211 4894 261 4949; x_wconf 83' lang='grc' dir='ltr'>Ν</span> <span class='ocrx_word' id='word_1_735' title='bbox 278 4893 344 4949; x_wconf 94' lang='lat'>0.</span> <span class='ocrx_word' id='word_1_736' title='bbox 378 4894 421 4949; x_wconf 94' lang='lat'>0</span> <span class='ocrx_word' id='word_1_737' title='bbox 446 4895 505 4948; x_wconf 89' lang='lat' dir='ltr'>P.</span> <span class='ocrx_word' id='word_1_738' title='bbox 550 4893 594 4958; x_wconf 89' lang='lat' dir='ltr'>Q</span> <span class='ocrx_word' id='word_1_739' title='bbox 629 4894 686 4948; x_wconf 86' lang='lat' dir='ltr'>P.</span> <span class='ocrx_word' id='word_1_740' title='bbox 725 4892 768 4958; x_wconf 89' lang='lat' dir='ltr'>Q</span> <span class='ocrx_word' id='word_1_741' title='bbox 800 4894 866 4960; x_wconf 89' lang='lat' dir='ltr'>N,</span> <span class='ocrx_word' id='word_1_742' title='bbox 889 4906 1165 4949; x_wconf 83' lang='lat' dir='ltr'>connexa</span> <span class='ocrx_word' id='word_1_743' title='bbox 1188 4892 1340 4949; x_wconf 91' lang='lat' dir='ltr'>inter</span> <span class='ocrx_word' id='word_1_744' title='bbox 1370 4909 1433 4949; x_wconf 91' lang='lat' dir='ltr'>se</span> <span class='ocrx_word' id='word_1_745' title='bbox 1466 4892 1685 4950; x_wconf 88' lang='lat' dir='ltr'>similia</span> <span class='ocrx_word' id='word_1_746' title='bbox 1713 4898 1886 4951; x_wconf 91' lang='lat' dir='ltr'>erunt</span> 
     </span>
    </p>
   </div>
   <div class='ocr_carea' id='block_1_79' title="bbox 210 4981 1883 5056">
    <p class='ocr_par' dir='ltr' id='par_1_79' title="bbox 210 4981 1883 5056">
     <span class='ocr_line' id='line_1_79' title="bbox 210 4981 1883 5056; baseline 0.001 -17"><span class='ocrx_word' id='word_1_747' title='bbox 210 4981 627 5055; x_wconf 88' lang='lat' dir='ltr'>superioribus</span> <span class='ocrx_word' id='word_1_748' title='bbox 657 4981 964 5054; x_wconf 87' lang='lat' dir='ltr'>qualitate,</span> <span class='ocrx_word' id='word_1_749' title='bbox 991 4985 1097 5038; x_wconf 91' lang='lat' dir='ltr'>sed</span> <span class='ocrx_word' id='word_1_750' title='bbox 1125 4983 1508 5055; x_wconf 87' lang='lat' dir='ltr'>proportione</span> <span class='ocrx_word' id='word_1_751' title='bbox 1558 4982 1883 5056; x_wconf 90' lang='lat' dir='ltr'>responde-</span> 
     </span>
    </p>
   </div>
   <div class='ocr_carea' id='block_1_80' title="bbox 204 5070 1881 5147">
    <p class='ocr_par' dir='ltr' id='par_1_80' title="bbox 204 5070 1881 5147">
     <span class='ocr_line' id='line_1_80' title="bbox 204 5070 1881 5147; baseline 0 -18"><span class='ocrx_word' id='word_1_752' title='bbox 204 5071 367 5129; x_wconf 78' lang='lat' dir='ltr'>bunt</span> <span class='ocrx_word' id='word_1_753' title='bbox 393 5070 510 5127; x_wconf 89' lang='lat' dir='ltr'>illis</span> <span class='ocrx_word' id='word_1_754' title='bbox 529 5086 605 5127; x_wconf 81' lang='lat' dir='ltr'>ex</span> <span class='ocrx_word' id='word_1_755' title='bbox 627 5072 980 5143; x_wconf 86' lang='lat' dir='ltr'>quantitatis</span> <span class='ocrx_word' id='word_1_756' title='bbox 1001 5072 1342 5145; x_wconf 73' lang='lat' dir='ltr'>aequalitate</span> <span class='ocrx_word' id='word_1_757' title='bbox 1362 5078 1419 5129; x_wconf 90' lang='lat' dir='ltr'>et</span> <span class='ocrx_word' id='word_1_758' title='bbox 1457 5072 1881 5147; x_wconf 58' lang='lat' dir='ltr'>inaequalitate.</span> 
     </span>
    </p>
   </div>
   <div class='ocr_carea' id='block_1_81' title="bbox 205 5160 1887 5235">
    <p class='ocr_par' dir='ltr' id='par_1_81' title="bbox 205 5160 1887 5235">
     <span class='ocr_line' id='line_1_81' title="bbox 205 5160 1887 5235; baseline 0.001 -17"><span class='ocrx_word' id='word_1_759' title='bbox 205 5162 298 5218; x_wconf 80' lang='lat' dir='ltr'><strong>Ex</strong></span> <span class='ocrx_word' id='word_1_760' title='bbox 326 5160 549 5233; x_wconf 87' lang='lat' dir='ltr'>quibus</span> <span class='ocrx_word' id='word_1_761' title='bbox 588 5160 935 5235; x_wconf 86' lang='lat' dir='ltr'>intelligitur</span> <span class='ocrx_word' id='word_1_762' title='bbox 981 5162 1182 5234; x_wconf 87' lang='lat' dir='ltr'>majus</span> <span class='ocrx_word' id='word_1_763' title='bbox 1235 5162 1732 5235; x_wconf 87' lang='lat' dir='ltr'>quadrangulum</span> <span class='ocrx_word' id='word_1_764' title='bbox 1781 5166 1887 5221; x_wconf 88' lang='lat' dir='ltr'>aut</span> 
     </span>
    </p>
   </div>
   <div class='ocr_carea' id='block_1_82' title="bbox 206 5248 1888 5325">
    <p class='ocr_par' dir='ltr' id='par_1_82' title="bbox 206 5248 1888 5325">
     <span class='ocr_line' id='line_1_82' title="bbox 206 5248 1888 5325; baseline 0.002 -18"><span class='ocrx_word' id='word_1_765' title='bbox 206 5250 583 5320; x_wconf 85' lang='lat' dir='ltr'>triangulum</span> <span class='ocrx_word' id='word_1_766' title='bbox 601 5255 658 5308; x_wconf 91' lang='lat' dir='ltr'>et</span> <span class='ocrx_word' id='word_1_767' title='bbox 678 5251 938 5325; x_wconf 83' lang='lat' dir='ltr'>quodvis</span> <span class='ocrx_word' id='word_1_768' title='bbox 960 5248 1340 5323; x_wconf 58' lang='lat' dir='ltr'>aliud‘genus</span> <span class='ocrx_word' id='word_1_769' title='bbox 1356 5252 1566 5325; x_wconf 81' lang='lat' dir='ltr'>ﬁgurae</span> <span class='ocrx_word' id='word_1_770' title='bbox 1592 5252 1828 5309; x_wconf 73' lang='lat' dir='ltr'>differre</span> <span class='ocrx_word' id='word_1_771' title='bbox 1849 5268 1888 5310; x_wconf 90' lang='lat' dir='ltr'>a</span> 
     </span>
    </p>
   </div>
   <div class='ocr_carea' id='block_1_83' title="bbox 201 5338 1884 5423">
    <p class='ocr_par' dir='ltr' id='par_1_83' title="bbox 201 5338 1884 5423">
     <span class='ocr_line' id='line_1_83' title="bbox 201 5338 1884 5423; baseline 0.001 -24"><span class='ocrx_word' id='word_1_772' title='bbox 201 5338 444 5399; x_wconf 88' lang='lat' dir='ltr'>minore</span> <span class='ocrx_word' id='word_1_773' title='bbox 474 5339 524 5396; x_wconf 89' lang='lat' dir='ltr'>si</span> <span class='ocrx_word' id='word_1_774' title='bbox 550 5342 955 5414; x_wconf 88' lang='lat' dir='ltr'>quantitatem</span> <span class='ocrx_word' id='word_1_775' title='bbox 986 5346 1236 5416; x_wconf 85' lang='lat' dir='ltr'>spectes,</span> <span class='ocrx_word' id='word_1_776' title='bbox 1266 5341 1372 5399; x_wconf 92' lang='lat' dir='ltr'>sed</span> <span class='ocrx_word' id='word_1_777' title='bbox 1404 5343 1456 5399; x_wconf 88' lang='lat' dir='ltr'>si</span> <span class='ocrx_word' id='word_1_778' title='bbox 1513 5341 1884 5423; x_wconf 70' lang='lat' dir='ltr'>qualitatem,</span> 
     </span>
    </p>
   </div>
   <div class='ocr_carea' id='block_1_84' title="bbox 201 5428 1891 5505">
    <p class='ocr_par' dir='ltr' id='par_1_84' title="bbox 201 5428 1891 5505">
     <span class='ocr_line' id='line_1_84' title="bbox 201 5428 1891 5505; baseline 0.001 -19"><span class='ocrx_word' id='word_1_779' title='bbox 201 5445 338 5490; x_wconf 86' lang='lat' dir='ltr'>non</span> <span class='ocrx_word' id='word_1_780' title='bbox 366 5428 626 5486; x_wconf 75' lang='lat' dir='ltr'>differre.</span> <span class='ocrx_word' id='word_1_781' title='bbox 660 5432 727 5488; x_wconf 86' lang='lat' dir='ltr'>Et</span> <span class='ocrx_word' id='word_1_782' title='bbox 770 5431 1067 5505; x_wconf 84' lang='lat' dir='ltr'>quoniam</span> <span class='ocrx_word' id='word_1_783' title='bbox 1093 5431 1443 5505; x_wconf 87' lang='lat' dir='ltr'>quantitatis</span> <span class='ocrx_word' id='word_1_784' title='bbox 1470 5429 1786 5505; x_wconf 66' lang='lat' dir='ltr'>aequalitas</span> <span class='ocrx_word' id='word_1_785' title='bbox 1833 5440 1891 5494; x_wconf 86' lang='lat' dir='ltr'>et</span> 
     </span>
    </p>
   </div>
   <div class='ocr_carea' id='block_1_85' title="bbox 201 5518 1885 5595">
    <p class='ocr_par' dir='ltr' id='par_1_85' title="bbox 201 5518 1885 5595">
     <span class='ocr_line' id='line_1_85' title="bbox 201 5518 1885 5595; baseline 0 -15"><span class='ocrx_word' id='word_1_786' title='bbox 201 5518 799 5593; x_wconf 64' lang='lat' dir='ltr'>inaequalitasaliam</span> <span class='ocrx_word' id='word_1_787' title='bbox 845 5521 1194 5595; x_wconf 86' lang='lat' dir='ltr'>qualitatem</span> <span class='ocrx_word' id='word_1_788' title='bbox 1242 5521 1451 5593; x_wconf 72' lang='lat' dir='ltr'>ﬁgurae</span> <span class='ocrx_word' id='word_1_789' title='bbox 1508 5537 1633 5581; x_wconf 90' lang='lat' dir='ltr'>non</span> <span class='ocrx_word' id='word_1_790' title='bbox 1687 5521 1885 5591; x_wconf 84' lang='lat' dir='ltr'>efﬁcit,</span> 
     </span>
    </p>
   </div>
   <div class='ocr_carea' id='block_1_86' title="bbox 201 5608 1892 5685">
    <p class='ocr_par' dir='ltr' id='par_1_86' title="bbox 201 5608 1892 5685">
     <span class='ocr_line' id='line_1_86' title="bbox 201 5608 1892 5685; baseline 0.001 -15"><span class='ocrx_word' id='word_1_791' title='bbox 201 5614 262 5670; x_wconf 75' lang='grc' dir='ltr'><strong>Α</strong></span> <span class='ocrx_word' id='word_1_792' title='bbox 283 5609 329 5664; x_wconf 85' lang='grc' dir='ltr'>Β</span> <span class='ocrx_word' id='word_1_793' title='bbox 360 5608 400 5665; x_wconf 90' lang='lat' dir='ltr'>C</span> <span class='ocrx_word' id='word_1_794' title='bbox 423 5610 493 5681; x_wconf 82' lang='grc' dir='ltr'>ι),</span> <span class='ocrx_word' id='word_1_795' title='bbox 514 5609 681 5684; x_wconf 90' lang='lat' dir='ltr'>quod</span> <span class='ocrx_word' id='word_1_796' title='bbox 708 5623 797 5668; x_wconf 83' lang='lat' dir='ltr'>est</span> <span class='ocrx_word' id='word_1_797' title='bbox 822 5611 1116 5685; x_wconf 89' lang='lat' dir='ltr'>cupidum</span> <span class='ocrx_word' id='word_1_798' title='bbox 1145 5628 1273 5669; x_wconf 86' lang='lat' dir='ltr'>esse</span> <span class='ocrx_word' id='word_1_799' title='bbox 1302 5618 1406 5670; x_wconf 90' lang='lat' dir='ltr'>aut</span> <span class='ocrx_word' id='word_1_800' title='bbox 1434 5612 1799 5673; x_wconf 84' lang='lat' dir='ltr'>iracundum</span> <span class='ocrx_word' id='word_1_801' title='bbox 1818 5612 1892 5671; x_wconf 81' lang='lat' dir='ltr'>si.</span> 
     </span>
    </p>
   </div>
   <div class='ocr_carea' id='block_1_87' title="bbox 202 5698 1895 5778">
    <p class='ocr_par' dir='ltr' id='par_1_87' title="bbox 202 5698 1895 5778">
     <span class='ocr_line' id='line_1_87' title="bbox 202 5698 1895 5778; baseline 0 -16"><span class='ocrx_word' id='word_1_802' title='bbox 202 5698 358 5762; x_wconf 84' lang='lat' dir='ltr'>mile</span> <span class='ocrx_word' id='word_1_803' title='bbox 386 5699 558 5760; x_wconf 85' lang='lat' dir='ltr'>estin</span> <span class='ocrx_word' id='word_1_804' title='bbox 576 5700 888 5776; x_wconf 86' lang='lat' dir='ltr'>qualitate,</span> <span class='ocrx_word' id='word_1_805' title='bbox 923 5701 1065 5761; x_wconf 88' lang='lat' dir='ltr'>huic</span> <span class='ocrx_word' id='word_1_806' title='bbox 1093 5718 1312 5778; x_wconf 88' lang='lat' dir='ltr'>nempe</span> <span class='ocrx_word' id='word_1_807' title='bbox 1341 5702 1386 5763; x_wconf 84' lang='lat' dir='ltr'>Y</span> <span class='ocrx_word' id='word_1_808' title='bbox 1430 5704 1475 5764; x_wconf 84' lang='lat' dir='ltr'><strong>X</strong></span> <span class='ocrx_word' id='word_1_809' title='bbox 1515 5703 1554 5761; x_wconf 92' lang='grc' dir='ltr'>Ζ</span> <span class='ocrx_word' id='word_1_810' title='bbox 1600 5703 1664 5778; x_wconf 73' lang='grc' dir='ltr'>ν,</span> <span class='ocrx_word' id='word_1_811' title='bbox 1725 5701 1895 5777; x_wconf 86' lang='lat' dir='ltr'>quod</span> 
     </span>
    </p>
   </div>
   <div class='ocr_carea' id='block_1_88' title="bbox 443 5798 1011 5864">
    <p class='ocr_par' dir='ltr' id='par_1_88' title="bbox 443 5798 1011 5864">
     <span class='ocr_line' id='line_1_88' title="bbox 443 5798 1011 5864; baseline 0.012 -7"><span class='ocrx_word' id='word_1_812' title='bbox 443 5798 699 5863; x_wconf 76' lang='grc' dir='ltr'>ΡΑτιιοι.</span> <span class='ocrx_word' id='word_1_813' title='bbox 733 5800 837 5862; x_wconf 76' lang='lat' dir='ltr'>Gn.</span> <span class='ocrx_word' id='word_1_814' title='bbox 858 5799 1011 5864; x_wconf 85' lang='lat' dir='ltr'>CXL.</span> 
     </span>
    </p>
   </div>
   <div class='ocr_carea' id='block_1_89' title="bbox 1984 3103 3649 3183">
    <p class='ocr_par' dir='ltr' id='par_1_89' title="bbox 1984 3103 3649 3183">
     <span class='ocr_line' id='line_1_89' title="bbox 1984 3103 3649 3183; baseline -0.002 -17"><span class='ocrx_word' id='word_1_815' title='bbox 1984 3109 2186 3183; x_wconf 89' lang='lat' dir='ltr'>ipsum</span> <span class='ocrx_word' id='word_1_816' title='bbox 2237 3109 2397 3182; x_wconf 88' lang='lat' dir='ltr'>huic,</span> <span class='ocrx_word' id='word_1_817' title='bbox 2475 3124 2695 3181; x_wconf 90' lang='lat' dir='ltr'>nempe</span> <span class='ocrx_word' id='word_1_818' title='bbox 2761 3110 2805 3165; x_wconf 82' lang='grc' dir='ltr'>Ν</span> <span class='ocrx_word' id='word_1_819' title='bbox 2873 3107 2925 3164; x_wconf 88' lang='grc' dir='ltr'><strong>Ο</strong></span> <span class='ocrx_word' id='word_1_820' title='bbox 2996 3105 3059 3159; x_wconf 75' lang='grc' dir='ltr'>Ρ’</span> <span class='ocrx_word' id='word_1_821' title='bbox 3107 3107 3152 3171; x_wconf 86' lang='lat' dir='ltr'>Q</span> <span class='ocrx_word' id='word_1_822' title='bbox 3184 3104 3220 3162; x_wconf 63' lang='grc' dir='ltr'>ι</span> <span class='ocrx_word' id='word_1_823' title='bbox 3271 3114 3491 3162; x_wconf 73' lang='lat' dir='ltr'>rursus</span> <span class='ocrx_word' id='word_1_824' title='bbox 3531 3103 3649 3162; x_wconf 87' lang='lat' dir='ltr'>hoc</span> 
     </span>
    </p>
   </div>
   <div class='ocr_carea' id='block_1_90' title="bbox 1983 3192 3651 3272">
    <p class='ocr_par' dir='ltr' id='par_1_90' title="bbox 1983 3192 3651 3272">
     <span class='ocr_line' id='line_1_90' title="bbox 1983 3192 3651 3272; baseline -0.003 -17"><span class='ocrx_word' id='word_1_825' title='bbox 1983 3199 2187 3272; x_wconf 89' lang='lat' dir='ltr'>ipsum</span> <span class='ocrx_word' id='word_1_826' title='bbox 2211 3198 2349 3255; x_wconf 90' lang='lat' dir='ltr'>huic</span> <span class='ocrx_word' id='word_1_827' title='bbox 2378 3199 2414 3256; x_wconf 91' lang='lat' dir='ltr'><strong>S</strong></span> <span class='ocrx_word' id='word_1_828' title='bbox 2434 3200 2475 3255; x_wconf 92' lang='lat' dir='ltr'>T</span> <span class='ocrx_word' id='word_1_829' title='bbox 2501 3198 2550 3252; x_wconf 84' lang='grc' dir='ltr'>Κ</span> <span class='ocrx_word' id='word_1_830' title='bbox 2590 3200 2649 3254; x_wconf 93' lang='lat' dir='ltr'>L.</span> <span class='ocrx_word' id='word_1_831' title='bbox 2679 3196 2901 3255; x_wconf 84' lang='lat' dir='ltr'>Eadem</span> <span class='ocrx_word' id='word_1_832' title='bbox 2931 3194 3164 3252; x_wconf 82' lang='lat' dir='ltr'>ratione</span> <span class='ocrx_word' id='word_1_833' title='bbox 3211 3192 3498 3269; x_wconf 87' lang='lat' dir='ltr'>qualitate</span> <span class='ocrx_word' id='word_1_834' title='bbox 3548 3193 3651 3251; x_wconf 86' lang='lat' dir='ltr'>tri-</span> 
     </span>
    </p>
   </div>
   <div class='ocr_carea' id='block_1_91' title="bbox 1986 3276 3652 3359">
    <p class='ocr_par' dir='ltr' id='par_1_91' title="bbox 1986 3276 3652 3359">
     <span class='ocr_line' id='line_1_91' title="bbox 1986 3276 3652 3359; baseline -0.003 -16"><span class='ocrx_word' id='word_1_835' title='bbox 1986 3287 2206 3359; x_wconf 86' lang='lat' dir='ltr'>angula</span> <span class='ocrx_word' id='word_1_836' title='bbox 2226 3302 2350 3343; x_wconf 80' lang='lat' dir='ltr'>non</span> <span class='ocrx_word' id='word_1_837' title='bbox 2364 3285 2659 3356; x_wconf 70' lang='lat' dir='ltr'>different,</span> <span class='ocrx_word' id='word_1_838' title='bbox 2677 3286 2782 3342; x_wconf 91' lang='lat' dir='ltr'>sed</span> <span class='ocrx_word' id='word_1_839' title='bbox 2795 3284 3146 3359; x_wconf 82' lang='lat' dir='ltr'>quantitate.</span> <span class='ocrx_word' id='word_1_840' title='bbox 3166 3276 3388 3340; x_wconf 80' lang='lat' dir='ltr'>Eodem</span> <span class='ocrx_word' id='word_1_841' title='bbox 3406 3284 3652 3357; x_wconf 84' lang='lat' dir='ltr'>quoque</span> 
     </span>
    </p>
   </div>
   <div class='ocr_carea' id='block_1_92' title="bbox 1985 3372 3655 3449">
    <p class='ocr_par' dir='ltr' id='par_1_92' title="bbox 1985 3372 3655 3449">
     <span class='ocr_line' id='line_1_92' title="bbox 1985 3372 3655 3449; baseline -0.002 -16"><span class='ocrx_word' id='word_1_842' title='bbox 1985 3377 2169 3433; x_wconf 88' lang='lat' dir='ltr'>modo</span> <span class='ocrx_word' id='word_1_843' title='bbox 2185 3376 2431 3433; x_wconf 87' lang='lat' dir='ltr'>rationis</span> <span class='ocrx_word' id='word_1_844' title='bbox 2444 3381 2747 3449; x_wconf 88' lang='lat' dir='ltr'>compotes</span> <span class='ocrx_word' id='word_1_845' title='bbox 2760 3381 2817 3432; x_wconf 90' lang='lat' dir='ltr'>et</span> <span class='ocrx_word' id='word_1_846' title='bbox 2828 3372 3143 3449; x_wconf 83' lang='lat' dir='ltr'>temperati</span> <span class='ocrx_word' id='word_1_847' title='bbox 3156 3372 3655 3448; x_wconf 83' lang='lat' dir='ltr'>qualibettempe—</span> 
     </span>
    </p>
   </div>
   <div class='ocr_carea' id='block_1_93' title="bbox 1985 3463 3651 3536">
    <p class='ocr_par' dir='ltr' id='par_1_93' title="bbox 1985 3463 3651 3536">
     <span class='ocr_line' id='line_1_93' title="bbox 1985 3463 3651 3536; baseline -0.003 -14"><span class='ocrx_word' id='word_1_848' title='bbox 1985 3466 2213 3522; x_wconf 86' lang='lat' dir='ltr'>ratione</span> <span class='ocrx_word' id='word_1_849' title='bbox 2229 3465 2506 3523; x_wconf 89' lang='lat' dir='ltr'>homines</span> <span class='ocrx_word' id='word_1_850' title='bbox 2522 3464 2801 3522; x_wconf 83' lang='lat' dir='ltr'>eamdem</span> <span class='ocrx_word' id='word_1_851' title='bbox 2816 3463 3115 3521; x_wconf 79' lang='lat' dir='ltr'>rationem</span> <span class='ocrx_word' id='word_1_852' title='bbox 3135 3463 3541 3536; x_wconf 87' lang='lat' dir='ltr'>eumdemque</span> <span class='ocrx_word' id='word_1_853' title='bbox 3560 3476 3651 3518; x_wconf 67' lang='lat' dir='ltr'>or»</span> 
     </span>
    </p>
   </div>
   <div class='ocr_carea' id='block_1_94' title="bbox 1986 3552 3652 3613">
    <p class='ocr_par' dir='ltr' id='par_1_94' title="bbox 1986 3552 3652 3613">
     <span class='ocr_line' id='line_1_94' title="bbox 1986 3552 3652 3613; baseline -0.002 -3"><span class='ocrx_word' id='word_1_854' title='bbox 1986 3553 2190 3611; x_wconf 85' lang='lat' dir='ltr'>dinem</span> <span class='ocrx_word' id='word_1_855' title='bbox 2214 3554 2567 3613; x_wconf 90' lang='lat' dir='ltr'>servabunt.</span> <span class='ocrx_word' id='word_1_856' title='bbox 2593 3556 2724 3610; x_wconf 68' lang='lat' dir='ltr'>llaec</span> <span class='ocrx_word' id='word_1_857' title='bbox 2741 3552 2899 3610; x_wconf 92' lang='lat' dir='ltr'>enim</span> <span class='ocrx_word' id='word_1_858' title='bbox 2923 3553 3126 3609; x_wconf 90' lang='lat' dir='ltr'>omnia</span> <span class='ocrx_word' id='word_1_859' title='bbox 3142 3555 3351 3608; x_wconf 90' lang='lat' dir='ltr'>nostro</span> <span class='ocrx_word' id='word_1_860' title='bbox 3373 3564 3652 3607; x_wconf 87' lang='lat' dir='ltr'>sermone</span> 
     </span>
    </p>
   </div>
   <div class='ocr_carea' id='block_1_95' title="bbox 1986 3639 3653 3716">
    <p class='ocr_par' dir='ltr' id='par_1_95' title="bbox 1986 3639 3653 3716">
     <span class='ocr_line' id='line_1_95' title="bbox 1986 3639 3653 3716; baseline -0.003 -16"><span class='ocrx_word' id='word_1_861' title='bbox 1986 3645 2398 3701; x_wconf 84' lang='lat' dir='ltr'>demonstrata</span> <span class='ocrx_word' id='word_1_862' title='bbox 2421 3647 2561 3700; x_wconf 90' lang='lat' dir='ltr'>sunt</span> <span class='ocrx_word' id='word_1_863' title='bbox 2584 3645 2648 3699; x_wconf 92' lang='lat' dir='ltr'>ut</span> <span class='ocrx_word' id='word_1_864' title='bbox 2678 3641 2942 3716; x_wconf 88' lang='lat' dir='ltr'>oportuit</span> <span class='ocrx_word' id='word_1_865' title='bbox 2974 3639 3393 3698; x_wconf 82' lang='lat' dir='ltr'>demonstrari.</span> <span class='ocrx_word' id='word_1_866' title='bbox 3440 3642 3653 3696; x_wconf 84' lang='lat' dir='ltr'>Nostra</span> 
     </span>
    </p>
   </div>
   <div class='ocr_carea' id='block_1_96' title="bbox 1984 3727 3649 3802">
    <p class='ocr_par' dir='ltr' id='par_1_96' title="bbox 1984 3727 3649 3802">
     <span class='ocr_line' id='line_1_96' title="bbox 1984 3727 3649 3802; baseline -0.005 -11"><span class='ocrx_word' id='word_1_867' title='bbox 1984 3738 2188 3791; x_wconf 86' lang='lat' dir='ltr'>autem</span> <span class='ocrx_word' id='word_1_868' title='bbox 2209 3734 2340 3789; x_wconf 82' lang='lat' dir='ltr'>haec</span> <span class='ocrx_word' id='word_1_869' title='bbox 2357 3731 2790 3790; x_wconf 88' lang='lat' dir='ltr'>demonstratio</span> <span class='ocrx_word' id='word_1_870' title='bbox 2812 3729 3055 3787; x_wconf 88' lang='lat' dir='ltr'>declara</span> <span class='ocrx_word' id='word_1_871' title='bbox 3069 3727 3649 3802; x_wconf 82' lang='lat' dir='ltr'>nullamconjugan-</span> 
     </span>
    </p>
   </div>
   <div class='ocr_carea' id='block_1_97' title="bbox 1986 3817 3651 3895">
    <p class='ocr_par' dir='ltr' id='par_1_97' title="bbox 1986 3817 3651 3895">
     <span class='ocr_line' id='line_1_97' title="bbox 1986 3817 3651 3895; baseline -0.003 -17"><span class='ocrx_word' id='word_1_872' title='bbox 1986 3822 2210 3878; x_wconf 90' lang='lat' dir='ltr'>tionem</span> <span class='ocrx_word' id='word_1_873' title='bbox 2225 3821 2679 3895; x_wconf 89' lang='lat' dir='ltr'>copulationum</span> <span class='ocrx_word' id='word_1_874' title='bbox 2692 3820 2939 3877; x_wconf 88' lang='lat' dir='ltr'>scientia</span> <span class='ocrx_word' id='word_1_875' title='bbox 2950 3817 3295 3890; x_wconf 84' lang='lat' dir='ltr'>investigari</span> <span class='ocrx_word' id='word_1_876' title='bbox 3311 3833 3419 3891; x_wconf 82' lang='lat' dir='ltr'>pos</span> <span class='ocrx_word' id='word_1_877' title='bbox 3428 3833 3490 3874; x_wconf 91' lang='lat' dir='ltr'>se</span> <span class='ocrx_word' id='word_1_878' title='bbox 3504 3832 3651 3890; x_wconf 73' lang='lat' dir='ltr'>prte-</span> 
     </span>
    </p>
   </div>
   <div class='ocr_carea' id='block_1_98' title="bbox 1988 3906 3651 3983">
    <p class='ocr_par' dir='ltr' id='par_1_98' title="bbox 1988 3906 3651 3983">
     <span class='ocr_line' id='line_1_98' title="bbox 1988 3906 3651 3983; baseline -0.002 -16"><span class='ocrx_word' id='word_1_879' title='bbox 1988 3916 2076 3967; x_wconf 88' lang='lat' dir='ltr'>ter</span> <span class='ocrx_word' id='word_1_880' title='bbox 2100 3910 2233 3967; x_wconf 88' lang='lat' dir='ltr'>illas</span> <span class='ocrx_word' id='word_1_881' title='bbox 2267 3926 2420 3983; x_wconf 90' lang='lat' dir='ltr'>quas</span> <span class='ocrx_word' id='word_1_882' title='bbox 2445 3908 2920 3977; x_wconf 88' lang='lat' dir='ltr'>numeravimus,</span> <span class='ocrx_word' id='word_1_883' title='bbox 2945 3908 2992 3964; x_wconf 89' lang='lat' dir='ltr'>si</span> <span class='ocrx_word' id='word_1_884' title='bbox 3017 3906 3324 3982; x_wconf 86' lang='lat' dir='ltr'>qualitatis</span> <span class='ocrx_word' id='word_1_885' title='bbox 3352 3906 3651 3963; x_wconf 86' lang='lat' dir='ltr'>rationem</span> 
     </span>
    </p>
   </div>
   <div class='ocr_carea' id='block_1_99' title="bbox 1989 3993 3654 4073">
    <p class='ocr_par' dir='ltr' id='par_1_99' title="bbox 1989 3993 3654 4073">
     <span class='ocr_line' id='line_1_99' title="bbox 1989 3993 3654 4073; baseline -0.004 -16"><span class='ocrx_word' id='word_1_886' title='bbox 1989 4006 2239 4073; x_wconf 87' lang='lat' dir='ltr'>spectes.</span> <span class='ocrx_word' id='word_1_887' title='bbox 2256 4000 2541 4066; x_wconf 81' lang='lat' dir='ltr'>Quamvis</span> <span class='ocrx_word' id='word_1_888' title='bbox 2559 4000 2722 4057; x_wconf 91' lang='lat' dir='ltr'>enim</span> <span class='ocrx_word' id='word_1_889' title='bbox 2732 3998 2835 4055; x_wconf 89' lang='lat' dir='ltr'>illa</span> <span class='ocrx_word' id='word_1_890' title='bbox 2853 3993 3654 4070; x_wconf 85' lang='lat' dir='ltr'>triangulaetquadrangula</span> 
     </span>
    </p>
   </div>
   <div class='ocr_carea' id='block_1_100' title="bbox 1988 4084 3695 4161">
    <p class='ocr_par' dir='ltr' id='par_1_100' title="bbox 1988 4084 3695 4161">
     <span class='ocr_line' id='line_1_100' title="bbox 1988 4084 3695 4161; baseline -0.004 -15"><span class='ocrx_word' id='word_1_891' title='bbox 1988 4090 2225 4161; x_wconf 84' lang='lat' dir='ltr'>majora</span> <span class='ocrx_word' id='word_1_892' title='bbox 2245 4090 2561 4146; x_wconf 87' lang='lat' dir='ltr'>etminora</span> <span class='ocrx_word' id='word_1_893' title='bbox 2589 4092 2746 4155; x_wconf 90' lang='lat' dir='ltr'>sunt,</span> <span class='ocrx_word' id='word_1_894' title='bbox 2774 4092 3194 4144; x_wconf 78' lang='lat' dir='ltr'>verumtamen</span> <span class='ocrx_word' id='word_1_895' title='bbox 3237 4101 3382 4143; x_wconf 86' lang='lat' dir='ltr'>suas</span> <span class='ocrx_word' id='word_1_896' title='bbox 3436 4084 3647 4149; x_wconf 87' lang='lat' dir='ltr'>lineas,</span> <span class='ocrx_word' id='word_1_897' title='bbox 3692 4124 3695 4129; x_wconf 62' lang='grc' dir='ltr'>ς</span> 
     </span>
    </p>
   </div>
   <div class='ocr_carea' id='block_1_101' title="bbox 1989 4168 3656 4250">
    <p class='ocr_par' dir='ltr' id='par_1_101' title="bbox 1989 4168 3656 4250">
     <span class='ocr_line' id='line_1_101' title="bbox 1989 4168 3656 4250; baseline -0.004 -14"><span class='ocrx_word' id='word_1_898' title='bbox 1989 4195 2132 4236; x_wconf 90' lang='lat' dir='ltr'>suos</span> <span class='ocrx_word' id='word_1_899' title='bbox 2160 4178 2437 4250; x_wconf 85' lang='lat' dir='ltr'>angulos,</span> <span class='ocrx_word' id='word_1_900' title='bbox 2470 4168 2583 4235; x_wconf 74' lang='lat' dir='ltr'>sua</span> <span class='ocrx_word' id='word_1_901' title='bbox 2612 4177 2873 4250; x_wconf 90' lang='lat' dir='ltr'>denique</span> <span class='ocrx_word' id='word_1_902' title='bbox 2894 4176 3089 4250; x_wconf 89' lang='lat' dir='ltr'>spatia</span> <span class='ocrx_word' id='word_1_903' title='bbox 3118 4176 3269 4233; x_wconf 89' lang='lat' dir='ltr'>inter</span> <span class='ocrx_word' id='word_1_904' title='bbox 3320 4189 3382 4230; x_wconf 89' lang='lat' dir='ltr'>se</span> <span class='ocrx_word' id='word_1_905' title='bbox 3436 4172 3656 4231; x_wconf 88' lang='lat' dir='ltr'>similia</span> 
     </span>
    </p>
   </div>
   <div class='ocr_carea' id='block_1_102' title="bbox 1986 4262 3657 4340">
    <p class='ocr_par' dir='ltr' id='par_1_102' title="bbox 1986 4262 3657 4340">
     <span class='ocr_line' id='line_1_102' title="bbox 1986 4262 3657 4340; baseline -0.004 -15"><span class='ocrx_word' id='word_1_906' title='bbox 1986 4268 2228 4337; x_wconf 85' lang='lat' dir='ltr'>habent,</span> <span class='ocrx_word' id='word_1_907' title='bbox 2273 4282 2638 4340; x_wconf 81' lang='lat' dir='ltr'>quacunque</span> <span class='ocrx_word' id='word_1_908' title='bbox 2655 4265 2987 4340; x_wconf 83' lang='lat' dir='ltr'>quantitate</span> <span class='ocrx_word' id='word_1_909' title='bbox 3009 4265 3254 4337; x_wconf 85' lang='lat' dir='ltr'>singula</span> <span class='ocrx_word' id='word_1_910' title='bbox 3272 4263 3511 4321; x_wconf 90' lang='lat' dir='ltr'>illorum</span> <span class='ocrx_word' id='word_1_911' title='bbox 3529 4262 3657 4329; x_wconf 82' lang='lat' dir='ltr'>sint</span> 
     </span>
    </p>
   </div>
   <div class='ocr_carea' id='block_1_103' title="bbox 1987 4354 3655 4433">
    <p class='ocr_par' dir='ltr' id='par_1_103' title="bbox 1987 4354 3655 4433">
     <span class='ocr_line' id='line_1_103' title="bbox 1987 4354 3655 4433; baseline -0.004 -17"><span class='ocrx_word' id='word_1_912' title='bbox 1987 4359 2258 4433; x_wconf 71' lang='lat' dir='ltr'>praedita.</span> <span class='ocrx_word' id='word_1_913' title='bbox 2283 4357 2469 4428; x_wconf 83' lang='lat' dir='ltr'>Majus</span> <span class='ocrx_word' id='word_1_914' title='bbox 2485 4357 2647 4413; x_wconf 91' lang='lat' dir='ltr'>enim</span> <span class='ocrx_word' id='word_1_915' title='bbox 2668 4361 2726 4413; x_wconf 88' lang='lat' dir='ltr'>et</span> <span class='ocrx_word' id='word_1_916' title='bbox 2741 4356 2943 4412; x_wconf 89' lang='lat' dir='ltr'>minus</span> <span class='ocrx_word' id='word_1_917' title='bbox 2967 4354 3473 4426; x_wconf 86' lang='lat' dir='ltr'>tria&#39;ngulumnon</span> <span class='ocrx_word' id='word_1_918' title='bbox 3484 4354 3655 4411; x_wconf 77' lang='lat' dir='ltr'>diffe-</span> 
     </span>
    </p>
   </div>
   <div class='ocr_carea' id='block_1_104' title="bbox 1989 4441 3656 4517">
    <p class='ocr_par' dir='ltr' id='par_1_104' title="bbox 1989 4441 3656 4517">
     <span class='ocr_line' id='line_1_104' title="bbox 1989 4441 3656 4517; baseline -0.004 -12"><span class='ocrx_word' id='word_1_919' title='bbox 1989 4452 2131 4505; x_wconf 91' lang='lat' dir='ltr'>runt</span> <span class='ocrx_word' id='word_1_920' title='bbox 2153 4447 2305 4503; x_wconf 89' lang='lat' dir='ltr'>inter</span> <span class='ocrx_word' id='word_1_921' title='bbox 2333 4461 2396 4503; x_wconf 90' lang='lat' dir='ltr'>se</span> <span class='ocrx_word' id='word_1_922' title='bbox 2434 4445 2552 4502; x_wconf 92' lang='lat' dir='ltr'>nisi</span> <span class='ocrx_word' id='word_1_923' title='bbox 2579 4458 2648 4500; x_wconf 75' lang='lat' dir='ltr'>ex</span> <span class='ocrx_word' id='word_1_924' title='bbox 2678 4444 2957 4515; x_wconf 86' lang='lat' dir='ltr'>trianguli</span> <span class='ocrx_word' id='word_1_925' title='bbox 2994 4444 3212 4515; x_wconf 87' lang='lat' dir='ltr'>forma,</span> <span class='ocrx_word' id='word_1_926' title='bbox 3242 4458 3380 4517; x_wconf 63' lang='lat' dir='ltr'>quae</span> <span class='ocrx_word' id='word_1_927' title='bbox 3412 4443 3465 4500; x_wconf 84' lang='lat' dir='ltr'>si</span> <span class='ocrx_word' id='word_1_928' title='bbox 3488 4441 3656 4499; x_wconf 82' lang='lat' dir='ltr'>diffe-</span> 
     </span>
    </p>
   </div>
   <div class='ocr_carea' id='block_1_105' title="bbox 1989 4531 3656 4610">
    <p class='ocr_par' dir='ltr' id='par_1_105' title="bbox 1989 4531 3656 4610">
     <span class='ocr_line' id='line_1_105' title="bbox 1989 4531 3656 4610; baseline -0.004 -16"><span class='ocrx_word' id='word_1_929' title='bbox 1989 4542 2149 4605; x_wconf 90' lang='lat' dir='ltr'>runt,</span> <span class='ocrx_word' id='word_1_930' title='bbox 2178 4539 2423 4610; x_wconf 89' lang='lat' dir='ltr'>propter</span> <span class='ocrx_word' id='word_1_931' title='bbox 2438 4534 2845 4591; x_wconf 85' lang='lat' dir='ltr'>diversitatem</span> <span class='ocrx_word' id='word_1_932' title='bbox 2875 4533 3085 4591; x_wconf 64' lang='lat' dir='ltr'>formas</span> <span class='ocrx_word' id='word_1_933' title='bbox 3108 4532 3393 4590; x_wconf 73' lang='lat' dir='ltr'>differunt</span> <span class='ocrx_word' id='word_1_934' title='bbox 3423 4549 3436 4589; x_wconf 92' lang='lat'>:</span> <span class='ocrx_word' id='word_1_935' title='bbox 3470 4531 3577 4588; x_wconf 87' lang='lat' dir='ltr'>sed</span> <span class='ocrx_word' id='word_1_936' title='bbox 3603 4531 3656 4588; x_wconf 87' lang='lat' dir='ltr'>si</span> 
     </span>
    </p>
   </div>
   <div class='ocr_carea' id='block_1_106' title="bbox 1993 4619 3669 4695">
    <p class='ocr_par' dir='ltr' id='par_1_106' title="bbox 1993 4619 3669 4695">
     <span class='ocr_line' id='line_1_106' title="bbox 1993 4619 3669 4695; baseline -0.002 -15"><span class='ocrx_word' id='word_1_937' title='bbox 1993 4623 2442 4680; x_wconf 86' lang='lat' dir='ltr'>similitudinem</span> <span class='ocrx_word' id='word_1_938' title='bbox 2463 4621 2674 4692; x_wconf 67' lang='lat' dir='ltr'>ﬁgurae</span> <span class='ocrx_word' id='word_1_939' title='bbox 2694 4624 2952 4695; x_wconf 88' lang='lat' dir='ltr'>spectes,</span> <span class='ocrx_word' id='word_1_940' title='bbox 2972 4637 3083 4678; x_wconf 90' lang='lat' dir='ltr'>seu</span> <span class='ocrx_word' id='word_1_941' title='bbox 3102 4622 3301 4694; x_wconf 87' lang='lat' dir='ltr'>majus</span> <span class='ocrx_word' id='word_1_942' title='bbox 3323 4636 3433 4676; x_wconf 89' lang='lat' dir='ltr'>seu</span> <span class='ocrx_word' id='word_1_943' title='bbox 3455 4619 3669 4676; x_wconf 69' lang='lat' dir='ltr'>minus</span> 
     </span>
    </p>
   </div>
   <div class='ocr_carea' id='block_1_107' title="bbox 1994 4710 3655 4784">
    <p class='ocr_par' dir='ltr' id='par_1_107' title="bbox 1994 4710 3655 4784">
     <span class='ocr_line' id='line_1_107' title="bbox 1994 4710 3655 4784; baseline -0.004 -14"><span class='ocrx_word' id='word_1_944' title='bbox 1994 4715 2071 4770; x_wconf 88' lang='lat' dir='ltr'>sit</span> <span class='ocrx_word' id='word_1_945' title='bbox 2092 4711 2478 4784; x_wconf 88' lang='lat' dir='ltr'>triangulum,</span> <span class='ocrx_word' id='word_1_946' title='bbox 2503 4710 2666 4768; x_wconf 87' lang='lat' dir='ltr'>aliud</span> <span class='ocrx_word' id='word_1_947' title='bbox 2696 4725 2821 4767; x_wconf 92' lang='lat' dir='ltr'>non</span> <span class='ocrx_word' id='word_1_948' title='bbox 2846 4711 2972 4768; x_wconf 86' lang='lat' dir='ltr'>erit.</span> <span class='ocrx_word' id='word_1_949' title='bbox 3029 4710 3357 4768; x_wconf 84' lang='lat' dir='ltr'>Iracundus</span> <span class='ocrx_word' id='word_1_950' title='bbox 3383 4722 3527 4779; x_wconf 88' lang='lat' dir='ltr'>ergo</span> <span class='ocrx_word' id='word_1_951' title='bbox 3551 4718 3655 4766; x_wconf 77' lang='lat' dir='ltr'>aut</span> 
     </span>
    </p>
   </div>
   <div class='ocr_carea' id='block_1_108' title="bbox 1993 4799 3663 4875">
    <p class='ocr_par' dir='ltr' id='par_1_108' title="bbox 1993 4799 3663 4875">
     <span class='ocr_line' id='line_1_108' title="bbox 1993 4799 3663 4875; baseline -0.004 -16"><span class='ocrx_word' id='word_1_952' title='bbox 1993 4802 2248 4875; x_wconf 90' lang='lat' dir='ltr'>cupidus</span> <span class='ocrx_word' id='word_1_953' title='bbox 2278 4806 2382 4858; x_wconf 87' lang='lat' dir='ltr'>aut</span> <span class='ocrx_word' id='word_1_954' title='bbox 2417 4800 2645 4858; x_wconf 88' lang='lat' dir='ltr'>ratione</span> <span class='ocrx_word' id='word_1_955' title='bbox 2674 4799 2984 4874; x_wconf 69' lang='lat' dir='ltr'>praeditus,</span> <span class='ocrx_word' id='word_1_956' title='bbox 3015 4803 3119 4857; x_wconf 85' lang='lat' dir='ltr'>aut</span> <span class='ocrx_word' id='word_1_957' title='bbox 3178 4799 3503 4873; x_wconf 86' lang='lat' dir='ltr'>pituitosus</span> <span class='ocrx_word' id='word_1_958' title='bbox 3556 4800 3663 4853; x_wconf 87' lang='lat' dir='ltr'>aut</span> 
     </span>
    </p>
   </div>
   <div class='ocr_carea' id='block_1_109' title="bbox 1993 4885 3663 4963">
    <p class='ocr_par' dir='ltr' id='par_1_109' title="bbox 1993 4885 3663 4963">
     <span class='ocr_line' id='line_1_109' title="bbox 1993 4885 3663 4963; baseline -0.005 -14"><span class='ocrx_word' id='word_1_959' title='bbox 1993 4891 2380 4963; x_wconf 88' lang='lat' dir='ltr'>sanguineus,</span> <span class='ocrx_word' id='word_1_960' title='bbox 2406 4893 2512 4946; x_wconf 87' lang='lat' dir='ltr'>aut</span> <span class='ocrx_word' id='word_1_961' title='bbox 2543 4889 3039 4952; x_wconf 86' lang='lat' dir='ltr'>melancholicus.</span> <span class='ocrx_word' id='word_1_962' title='bbox 3067 4892 3173 4945; x_wconf 90' lang='lat' dir='ltr'>aut</span> <span class='ocrx_word' id='word_1_963' title='bbox 3214 4888 3262 4945; x_wconf 86' lang='lat' dir='ltr'>si</span> <span class='ocrx_word' id='word_1_964' title='bbox 3286 4887 3396 4961; x_wconf 85' lang='lat' dir='ltr'>qui</span> <span class='ocrx_word' id='word_1_965' title='bbox 3431 4885 3663 4943; x_wconf 82' lang='lat' dir='ltr'>habent</span> 
     </span>
    </p>
   </div>
   <div class='ocr_carea' id='block_1_110' title="bbox 1995 4974 3653 5052">
    <p class='ocr_par' dir='ltr' id='par_1_110' title="bbox 1995 4974 3653 5052">
     <span class='ocr_line' id='line_1_110' title="bbox 1995 4974 3653 5052; baseline -0.007 -12"><span class='ocrx_word' id='word_1_966' title='bbox 1995 4983 2241 5041; x_wconf 88' lang='lat' dir='ltr'>mistam</span> <span class='ocrx_word' id='word_1_967' title='bbox 2270 4997 2342 5036; x_wconf 82' lang='lat' dir='ltr'>ex</span> <span class='ocrx_word' id='word_1_968' title='bbox 2386 4978 2655 5051; x_wconf 85' lang='lat' dir='ltr'>utrisque</span> <span class='ocrx_word' id='word_1_969' title='bbox 2683 4980 3191 5052; x_wconf 85' lang='lat' dir='ltr'>temperationem,</span> <span class='ocrx_word' id='word_1_970' title='bbox 3224 4993 3299 5034; x_wconf 74' lang='lat' dir='ltr'>ex</span> <span class='ocrx_word' id='word_1_971' title='bbox 3335 4974 3653 5047; x_wconf 86' lang='lat' dir='ltr'>descriptis</span> 
     </span>
    </p>
   </div>
   <div class='ocr_carea' id='block_1_111' title="bbox 1996 5063 3659 5146">
    <p class='ocr_par' dir='ltr' id='par_1_111' title="bbox 1996 5063 3659 5146">
     <span class='ocr_line' id='line_1_111' title="bbox 1996 5063 3659 5146; baseline -0.007 -17"><span class='ocrx_word' id='word_1_972' title='bbox 1996 5087 2181 5146; x_wconf 89' lang='lat' dir='ltr'>supra</span> <span class='ocrx_word' id='word_1_973' title='bbox 2196 5068 2697 5141; x_wconf 80' lang='lat' dir='ltr'>conjugationum</span> <span class='ocrx_word' id='word_1_974' title='bbox 2715 5066 3227 5141; x_wconf 78' lang='lat' dir='ltr'>copulationibus,</span> <span class='ocrx_word' id='word_1_975' title='bbox 3236 5065 3472 5123; x_wconf 86' lang='lat' dir='ltr'>riterius</span> <span class='ocrx_word' id='word_1_976' title='bbox 3497 5063 3659 5120; x_wconf 80' lang='lat' dir='ltr'>ordi-</span> 
     </span>
    </p>
   </div>
   <div class='ocr_carea' id='block_1_112' title="bbox 1994 5154 3659 5233">
    <p class='ocr_par' dir='ltr' id='par_1_112' title="bbox 1994 5154 3659 5233">
     <span class='ocr_line' id='line_1_112' title="bbox 1994 5154 3659 5233; baseline -0.008 -12"><span class='ocrx_word' id='word_1_977' title='bbox 1994 5165 2088 5221; x_wconf 89' lang='lat' dir='ltr'>nis</span> <span class='ocrx_word' id='word_1_978' title='bbox 2112 5177 2238 5219; x_wconf 91' lang='lat' dir='ltr'>non</span> <span class='ocrx_word' id='word_1_979' title='bbox 2263 5164 2438 5217; x_wconf 92' lang='lat' dir='ltr'>erunt</span> <span class='ocrx_word' id='word_1_980' title='bbox 2465 5173 2652 5233; x_wconf 89' lang='lat' dir='ltr'>quam</span> <span class='ocrx_word' id='word_1_981' title='bbox 2675 5160 2849 5228; x_wconf 89' lang='lat' dir='ltr'>cujus</span> <span class='ocrx_word' id='word_1_982' title='bbox 2878 5163 3018 5215; x_wconf 90' lang='lat' dir='ltr'>sunt</span> <span class='ocrx_word' id='word_1_983' title='bbox 3037 5161 3283 5231; x_wconf 83' lang='lat' dir='ltr'>propter</span> <span class='ocrx_word' id='word_1_984' title='bbox 3300 5154 3659 5215; x_wconf 78' lang='lat' dir='ltr'>intsnsionis</span> 
     </span>
    </p>
   </div>
   <div class='ocr_carea' id='block_1_113' title="bbox 1997 5242 3663 5321">
    <p class='ocr_par' dir='ltr' id='par_1_113' title="bbox 1997 5242 3663 5321">
     <span class='ocr_line' id='line_1_113' title="bbox 1997 5242 3663 5321; baseline -0.007 -11"><span class='ocrx_word' id='word_1_985' title='bbox 1997 5256 2102 5310; x_wconf 89' lang='lat' dir='ltr'>aut</span> <span class='ocrx_word' id='word_1_986' title='bbox 2130 5248 2498 5308; x_wconf 87' lang='lat' dir='ltr'>remissionis</span> <span class='ocrx_word' id='word_1_987' title='bbox 2524 5249 2840 5312; x_wconf 89' lang='lat' dir='ltr'>rationem,</span> <span class='ocrx_word' id='word_1_988' title='bbox 2885 5249 3178 5321; x_wconf 88' lang='lat' dir='ltr'>quoniam</span> <span class='ocrx_word' id='word_1_989' title='bbox 3246 5261 3371 5303; x_wconf 91' lang='lat' dir='ltr'>non</span> <span class='ocrx_word' id='word_1_990' title='bbox 3399 5242 3663 5302; x_wconf 80' lang='lat' dir='ltr'>suntalii</span> 
     </span>
    </p>
   </div>
   <div class='ocr_carea' id='block_1_114' title="bbox 1998 5335 3664 5410">
    <p class='ocr_par' dir='ltr' id='par_1_114' title="bbox 1998 5335 3664 5410">
     <span class='ocr_line' id='line_1_114' title="bbox 1998 5335 3664 5410; baseline -0.005 -9"><span class='ocrx_word' id='word_1_991' title='bbox 1998 5341 2106 5401; x_wconf 87' lang='lat' dir='ltr'>sed</span> <span class='ocrx_word' id='word_1_992' title='bbox 2129 5339 2466 5398; x_wconf 86' lang='lat' dir='ltr'>dissimiles.</span> <span class='ocrx_word' id='word_1_993' title='bbox 2501 5339 2722 5395; x_wconf 89' lang='lat' dir='ltr'>Omnes</span> <span class='ocrx_word' id='word_1_994' title='bbox 2753 5338 2934 5408; x_wconf 87' lang='lat' dir='ltr'>igitur</span> <span class='ocrx_word' id='word_1_995' title='bbox 2951 5337 3195 5395; x_wconf 86' lang='lat' dir='ltr'>ordines</span> <span class='ocrx_word' id='word_1_996' title='bbox 3229 5335 3449 5410; x_wconf 87' lang='lat' dir='ltr'>reperti</span> <span class='ocrx_word' id='word_1_997' title='bbox 3500 5337 3664 5392; x_wconf 84' lang='lat' dir='ltr'>sunt.</span> 
     </span>
    </p>
   </div>
   <div class='ocr_carea' id='block_1_115' title="bbox 1998 5426 3668 5502">
    <p class='ocr_par' dir='ltr' id='par_1_115' title="bbox 1998 5426 3668 5502">
     <span class='ocr_line' id='line_1_115' title="bbox 1998 5426 3668 5502; baseline -0.006 -12"><span class='ocrx_word' id='word_1_998' title='bbox 1998 5435 2186 5490; x_wconf 88' lang='lat' dir='ltr'>Porro</span> <span class='ocrx_word' id='word_1_999' title='bbox 2202 5427 2623 5502; x_wconf 87' lang='lat' dir='ltr'>unusquisque</span> <span class='ocrx_word' id='word_1_1000' title='bbox 2645 5426 2796 5486; x_wconf 82' lang='lat' dir='ltr'>ordo</span> <span class='ocrx_word' id='word_1_1001' title='bbox 2810 5427 3189 5486; x_wconf 83' lang='lat' dir='ltr'>latitudinem</span> <span class='ocrx_word' id='word_1_1002' title='bbox 3199 5427 3381 5484; x_wconf 85' lang='lat' dir='ltr'>habet</span> <span class='ocrx_word' id='word_1_1003' title='bbox 3415 5428 3668 5482; x_wconf 75' lang='lat' dir='ltr'>itaccre-</span> 
     </span>
    </p>
   </div>
   <div class='ocr_carea' id='block_1_116' title="bbox 2001 5513 3668 5591">
    <p class='ocr_par' dir='ltr' id='par_1_116' title="bbox 2001 5513 3668 5591">
     <span class='ocr_line' id='line_1_116' title="bbox 2001 5513 3668 5591; baseline -0.007 -9"><span class='ocrx_word' id='word_1_1004' title='bbox 2001 5523 2226 5582; x_wconf 86' lang='lat' dir='ltr'>tionem</span> <span class='ocrx_word' id='word_1_1005' title='bbox 2255 5524 2312 5577; x_wconf 91' lang='lat' dir='ltr'>et</span> <span class='ocrx_word' id='word_1_1006' title='bbox 2331 5517 2794 5576; x_wconf 86' lang='lat' dir='ltr'>diminutionem</span> <span class='ocrx_word' id='word_1_1007' title='bbox 2826 5518 3135 5591; x_wconf 89' lang='lat' dir='ltr'>suscipere</span> <span class='ocrx_word' id='word_1_1008' title='bbox 3164 5517 3375 5590; x_wconf 88' lang='lat' dir='ltr'>possit.</span> <span class='ocrx_word' id='word_1_1009' title='bbox 3415 5519 3514 5572; x_wconf 64' lang='lat' dir='ltr'>Nec</span> <span class='ocrx_word' id='word_1_1010' title='bbox 3529 5513 3668 5571; x_wconf 87' lang='lat' dir='ltr'>ideo</span> 
     </span>
    </p>
   </div>
   <div class='ocr_carea' id='block_1_117' title="bbox 2004 5602 3671 5683">
    <p class='ocr_par' dir='ltr' id='par_1_117' title="bbox 2004 5602 3671 5683">
     <span class='ocr_line' id='line_1_117' title="bbox 2004 5602 3671 5683; baseline -0.007 -12"><span class='ocrx_word' id='word_1_1011' title='bbox 2004 5613 2124 5672; x_wconf 88' lang='lat' dir='ltr'>alia</span> <span class='ocrx_word' id='word_1_1012' title='bbox 2147 5608 2495 5670; x_wconf 85' lang='lat' dir='ltr'>communis</span> <span class='ocrx_word' id='word_1_1013' title='bbox 2513 5606 2818 5681; x_wconf 72' lang='lat' dir='ltr'>qualitatis</span> <span class='ocrx_word' id='word_1_1014' title='bbox 2850 5608 3103 5683; x_wconf 86' lang='lat' dir='ltr'>species</span> <span class='ocrx_word' id='word_1_1015' title='bbox 3119 5623 3230 5668; x_wconf 88' lang='lat' dir='ltr'>seu</span> <span class='ocrx_word' id='word_1_1016' title='bbox 3253 5606 3420 5667; x_wconf 86' lang='lat' dir='ltr'>aliud</span> <span class='ocrx_word' id='word_1_1017' title='bbox 3452 5602 3671 5662; x_wconf 77' lang='lat' dir='ltr'>indivi-</span> 
     </span>
    </p>
   </div>
   <div class='ocr_carea' id='block_1_118' title="bbox 2004 5694 3667 5773">
    <p class='ocr_par' dir='ltr' id='par_1_118' title="bbox 2004 5694 3667 5773">
     <span class='ocr_line' id='line_1_118' title="bbox 2004 5694 3667 5773; baseline -0.007 -12"><span class='ocrx_word' id='word_1_1018' title='bbox 2004 5702 2200 5763; x_wconf 88' lang='lat' dir='ltr'>duum</span> <span class='ocrx_word' id='word_1_1019' title='bbox 2215 5699 2429 5762; x_wconf 83' lang='lat' dir='ltr'>evadet</span> <span class='ocrx_word' id='word_1_1020' title='bbox 2443 5701 2688 5773; x_wconf 85' lang='lat' dir='ltr'>PrOpter</span> <span class='ocrx_word' id='word_1_1021' title='bbox 2705 5697 3109 5760; x_wconf 85' lang='lat' dir='ltr'>intensionem</span> <span class='ocrx_word' id='word_1_1022' title='bbox 3130 5702 3189 5758; x_wconf 90' lang='lat' dir='ltr'>et</span> <span class='ocrx_word' id='word_1_1023' title='bbox 3229 5694 3667 5758; x_wconf 87' lang='lat' dir='ltr'>remissionem.</span> 
     </span>
    </p>
   </div>
  </div>
