4130 6420
281 303 419 373 132³

1201 301 1569 361 THEODORI
1590 301 1636 357 ΙΙ
1664 302 1805 358 ΙΜΡ.
1824 301 1920 356 DE
1944 301 2406 360 COMMONIONE
2431 303 2812 361 NATURALI.

3572 307 3593 358 1
3605 305 3710 361 326

277 429 395 479 τινὰ
455 421 627 487 δεῖξαι
685 424 924 477 ἐπίτασιν
969 429 1102 479 καθὸ
1157 429 1322 482 ποσά.
1380 425 1554 480 Ἔστω
1599 434 1727 498 γοῦν
1802 430 1938 500 ὁρμὴ
1975 430 2024 482 Α
2052 426 2253 480 ἀλλοῖον
2295 431 2326 487 ἡ
2375 425 2616 502 μονάδων
2678 425 3001 494 συνέᾶευσις,
3051 430 3082 486 ἦ
3131 427 3240 487 ἑνός
3293 431 3382 479 καὶ
3431 427 3555 493 ἑνός,
3617 433 3709 480 καὶ

278 517 478 578 τιςήΑ
510 516 655 574 καιή
690 514 838 587 ἑτέρα
892 521 958 582 Λ,
1019 517 1075 567 αἱ.
1129 512 1190 568 δὲ
1247 520 1374 590 πρὸς
1429 519 1622 576 ταύτας
1662 522 1701 568 Β
1756 536 1844 568 και
1888 521 1941 568 Μ

283 605 529 670 αὔξησις,
561 623 652 655 και
709 605 739 660 ἠ
793 609 831 654 Γ
885 623 972 654 και
1019 609 1065 656 Ν
1105 603 1362 665 ἐπίτασις·
1447 605 1490 656 εἰ
1541 611 1665 675 ’γοῦν
1721 613 1783 676 τῇ
1851 606 1940 655 αὑ-

286 694 435 756 ξήσει
487 700 524 745 Β
566 699 617 745 Μ
660 693 691 750 ἠ
755 698 792 743 Γ
830 699 876 745 Ν
933 691 1192 761 ἐπίτασις,
1251 694 1279 752 ἦ
1363 696 1435 754 ὡς
1515 690 1704 745 ὃεκάσι
1785 689 1940 745 δεκά-

288 780 392 846 δες,
443 786 475 840 ἤ
527 784 592 842 ὡς
674 777 898 852 μονάδες
969 784 1180 852 μονάσι,
1231 801 1321 833 και
1404 784 1434 840 ἡ
1511 789 1548 834 Β
1619 789 1672 835 Μ
1751 789 1846 843 τῆς
1893 785 1942 835 Α

287 877 318 931 ἡ
365 872 510 925 ἐσται
566 870 830 932 ἐπίτασις,
874 874 904 929 ἣ
957 872 1025 932 ὡς
1071 867 1287 931 δεκάδες
1338 868 1576 937 δεκάσιν,
1636 871 1665 929 ἦ
1709 873 1778 932 ὡς
1850 890 1942 943 μο-

287 957 436 1021 νάδες
487 963 700 1032 μονάσι,
772 963 894 1033 τρία
959 967 1083 1030 γοῦν
1158 959 1261 1011 εἰσι
1340 963 1404 1012 τὰ
1477 961 1707 1028 τεθέντα,
1779 962 1938 1034 ὁρμὴ,

289 1050 530 1115 αὔξησις,
553 1049 792 1108 ἐπίτασις
825 1069 837 1080 ·
874 1050 904 1106 ἡ
939 1049 1073 1122 ὁρμὴ
1118 1055 1240 1118 γοῦν
1288 1051 1358 1109 ὡς
1416 1051 1598 1120 μονὰς,
1644 1050 1674 1108 ἠ
1723 1049 1942 1111 αὐξησις

287 1143 352 1200 ὡς
383 1135 536 1207 δυὰς,
577 1140 606 1196 ἠ
659 1135 898 1198 ἐπίτασις
942 1139 1010 1199 ὡς
1057 1140 1202 1212 τριάς
1251 1159 1265 1171 ν
1315 1139 1452 1190 κατὰ
1504 1145 1630 1208 γοῦν
1676 1140 1765 1199 τὰς
1822 1157 1938 1190 συν-

289 1231 454 1290 θέσεις
507 1247 598 1279 και
630 1230 753 1286 τοὺς
807 1230 1192 1301 σπερματικοὺς
1240 1225 1449 1297 λογους,
1494 1227 1524 1285 ὴ
1592 1230 1682 1298 μὲν
1738 1246 1941 1302 πρωτη,

287 1322 484 1390 στιγμὴ
525 1336 616 1369 και
670 1311 890 1386 δύναμις
931 1319 1154 1384 μήκους,
1213 1317 1241 1374 ἡ
1301 1312 1538 1389 δευτέρα,
1583 1321 1800 1388 γραμμὴ
1855 1337 1945 1368 και

287 1405 508 1480 δύναμις
544 1405 789 1469 πλάτους,
844 1406 874 1462 ἡ
929 1401 988 1456 δὲ
1039 1409 1211 1478 τρίτη,
1254 1407 1524 1475 ἐπιφάνεια
1571 1425 1661 1457 και
1721 1402 1946 1478 δύναμις

290 1497 512 1570 βάθους,
563 1499 630 1547 τὰ
682 1491 739 1546 δὲ
774 1498 894 1566 τρία
947 1491 1172 1565 δύναμις
1226 1500 1489 1566 σώματος,
1548 1499 1606 1546 τό
1675 1491 1734 1547 δὲ
1794 1504 1947 1568 σῶμα

287 1594 477 1652 ποσοῦ,
526 1587 583 1636 τό
633 1586 796 1635 ποσὸν
846 1578 906 1634 δὲ
943 1581 992 1633 ἐν
1033 1590 1142 1642 τοῖς
1178 1589 1325 1654 τρισὶ.
1381 1586 1702 1655 περιάγεται,
1750 1588 1841 1635 καὶ
1903 1586 1947 1636 εἰ

289 1679 381 1748 μὲν
427 1675 579 1746 σῶμά
601 1691 712 1732 πως
799 1669 996 1745 ὑπερϐῇ
1076 1674 1194 1731 τοὺς
1289 1673 1460 1746 ὅρους,
1551 1671 1596 1724 εἰ
1670 1692 1762 1724 και
1824 1673 1946 1725 ἄλλο

656 1847 683 1879 τ
692 1831 807 1888 pia;
1054 1853 1130 1888 ,ελ
1141 1876 1169 1888 η
1178 1870 1206 1888 η
1463 1831 1625 1877 πόσον

1053 1853 1210 1918 σῶμα

623 1949 667 1998 Δ
1183 1938 1223 1991 Β
1602 1933 1644 1986 Γ

290 2747 455 2816 τούτῳ
487 2743 694 2818 συνέλη,
729 2739 1009 2812 ἀδύνατον,
1068 2743 1112 2794 εἱ
1173 2738 1233 2794 δὲ
1290 2740 1590 2814 ἀσώματον,
1646 2742 1674 2800 ἦ
1731 2744 1982 2811 ποιότη-Δ

289 2839 380 2896 τός
433 2834 569 2905 ἐστι,
619 2838 710 2885 καὶ
757 2832 854 2885 οὐκ
897 2831 1017 2884 ἄλλο
1067 2836 1345 2903 γενήσεται
1399 2835 1459 2883 τὸ
1504 2829 1760 2900 ἐπιταθὲν,
1837 2829 1944 2883 ἀλλ’

295 3009 726 3083 compositione
753 3009 946 3064 inesse
971 3006 1372 3064 intensionem
1396 3023 1470 3063 ex
1492 3006 1859 3073 alteratione,
1884 3012 1949 3063 ut

296 3100 380 3156 ita
407 3100 605 3155 dicam
633 3099 852 3171 :idque
904 3114 1027 3154 nou
1076 3113 1313 3170 semper
1371 3116 1385 3165 ;
1440 3097 1760 3169 quantitati
1805 3113 1948 3153 vero

293 3193 592 3262 quatenus
641 3194 732 3243 est
789 3187 1092 3259 quantitas
1140 3185 1543 3242 intensionem
1629 3179 1947 3258 nunquam

290 3277 580 3334 accidere.
614 3279 750 3332 Esto
779 3277 958 3346 igitur
1003 3291 1042 3331 a
1092 3276 1124 3330 ὁ
1168 3292 1200 3331 c
1247 3276 1552 3347 quantitas
1603 3294 1616 3331 :
1680 3275 1950 3331 similiter

287 3367 470 3423 etiam
523 3367 546 3422 ι
587 3383 644 3422 m
706 3383 747 3420 η
795 3365 1119 3438 quantitas.
1173 3365 1450 3436 Oportet
1503 3363 1817 3420 ostendere
1885 3364 1948 3420 in

288 3456 599 3528 utriusque
628 3457 887 3526 punctis,
921 3470 1027 3508 seu
1053 3453 1318 3509 terminis
1350 3468 1472 3508 non
1508 3453 1703 3508 inesse
1759 3452 1949 3509 inten-

287 3546 520 3602 sionem
575 3549 875 3617 quatenus
920 3543 1248 3615 quantitate
1295 3548 1437 3598 sunt
1493 3542 1764 3614 praedita.
1812 3545 1947 3598 Esto

283 3635 466 3708 igitur
495 3633 780 3706 appetitio
805 3633 1008 3705 aliqua
1027 3648 1159 3704 quae
1191 3633 1265 3686 sit
1293 3651 1350 3700 a,
1374 3636 1431 3687 et
1464 3631 1652 3687 altera
1695 3647 1830 3703 quae
1873 3631 1950 3687 sit

288 3726 330 3780 ι.
361 3723 450 3779 Ad
469 3724 582 3779 has
616 3722 1014 3795 appetitiones
1036 3721 1370 3776 referantur
1397 3721 1430 3776 ὁ
1459 3725 1516 3775 et
1534 3737 1592 3775 m
1644 3736 1782 3792 quae
1829 3721 1949 3776 sint

287 3813 912 3883 accretio,itemquec
969 3815 1027 3866 et
1081 3827 1142 3877 η,
1186 3825 1322 3882 qua:
1367 3812 1484 3864 sint
1537 3809 1820 3865 intensio.
1884 3813 1948 3865 1n

294 3902 626 3958 accretione
652 3901 829 3969 igitur
853 3915 981 3972 quae
1009 3904 1096 3954 est
1127 3900 1160 3954 b
1188 3915 1246 3954 m
1293 3899 1446 3953 inest
1478 3897 1738 3954 intensio
1810 3914 1947 3970 quae

297 3995 390 4044 est
424 4006 454 4046 c
477 4008 539 4057 η,
558 3994 664 4046 aut
694 3994 758 4044 ut
783 3989 1014 4044 denarii
1044 3987 1278 4043 numeri
1300 3987 1505 4042 insunt
1531 3987 1824 4057 denariis)
1845 3991 1951 4043 aut

297 4085 364 4135 ut
390 4080 636 4135 unitates
657 4080 863 4134 insunt
885 4077 1214 4132 unitatibus
1274 4093 1289 4143 ;
1352 4077 1384 4131 ὁ
1428 4093 1486 4131 m
1535 4078 1644 4147 erit
1690 4077 1951 4132 intensio

297 4169 481 4240 hujus
502 4183 541 4224 α
571 4169 612 4235 ι,
643 4167 826 4240 idque
847 4166 1064 4222 eodem
1085 4165 1268 4220 modo
1303 4181 1424 4236 quo
1462 4165 1693 4220 denarii
1749 4166 1952 4220 insunt

299 4259 582 4325 denariis,
605 4264 708 4314 aut
733 4255 992 4311 unitates
1021 4255 1226 4310 insunt
1263 4255 1612 4310 unitatibus.
1657 4255 1758 4310 Hic
1810 4270 1953 4324 ergo

298 4348 414 4403 tria
447 4346 641 4420 posita
661 4351 817 4416 sunt,
853 4344 1159 4417 appetitio,
1214 4344 1488 4413 accretio,
1554 4344 1830 4412 intensio,
1892 4349 1956 4399 ut

295 4435 593 4492 ternarius
610 4449 915 4490 numerus.
933 4434 1124 4498 Quare
1142 4433 1191 4488 si
1207 4432 1705 4504 compositionem
1721 4438 1954 4504 spectes

299 4532 356 4581 et
410 4524 672 4580 rationes
717 4522 794 4579 ad
862 4521 1328 4594 propagandum
1389 4521 1751 4593 prodientes,
1838 4521 1954 4594 pri-

301 4631 469 4670 mum
512 4614 714 4670 locum
743 4611 1035 4668 abtinebit
1087 4618 1404 4684 punctum,
1461 4627 1568 4667 seu
1623 4611 1715 4667 vis
1773 4617 1954 4684 atque

303 4701 554 4760 facultas
581 4701 660 4759 ad
682 4700 1120 4771 longitudinem
1151 4700 1544 4772 progrediens
1577 4718 1589 4756 :
1621 4701 1958 4756 secundum

302 4792 503 4849 locum
531 4789 821 4848 Obtinebit
840 4790 1021 4854 linea,
1054 4804 1162 4844 seu
1218 4789 1307 4844 vis
1352 4794 1533 4862 atque
1588 4789 1847 4846 facultas
1880 4790 1958 4846 ad

300 4882 679 4940 latitudinem
699 4879 1116 4952 progrediens;
1135 4878 1368 4934 tertium
1382 4881 1587 4934 locum
1606 4880 1958 4950 superﬁcies

301 4970 615 5040 obtinebit,
646 4987 752 5025 seu
807 4969 894 5024 vis
939 4974 1118 5039 atque
1157 4965 1408 5023 facultas
1450 4967 1531 5022 ad
1583 4967 1960 5024 altitudinem

305 5059 726 5134 progrediens.
754 5059 935 5113 Porro
963 5056 1091 5111 haec
1117 5055 1229 5111 tria
1257 5055 1371 5110 vim
1403 5061 1584 5128 atque
1616 5055 1961 5111 facultatem

305 5149 534 5207 habent
553 5147 632 5203 ad
661 5163 882 5219 corpus
929 5143 1437 5211 constituendum,
1497 5161 1715 5216 corpus
1762 5150 1961 5201 autem

309 5238 388 5294 ad
408 5237 804 5310 quantitatem
828 5234 1153 5308 perfectam
1175 5233 1660 5289 constituendam
1709 5250 1963 5306 compa-

308 5333 507 5384 ratum
539 5331 630 5382 est
654 5345 667 5394 ;
690 5324 997 5398 quantitas
1026 5329 1228 5378 autem
1245 5324 1358 5378 sub
1381 5323 1471 5378 his
1491 5322 1680 5378 tribus
1697 5339 1966 5395 compre-

309 5416 613 5474 henditur.
642 5415 815 5482 Quod
834 5414 882 5469 si
915 5412 990 5468 sit
1016 5412 1220 5485 aliqua
1253 5429 1349 5468 res
1376 5429 1616 5485 corpus,
1639 5429 1761 5485 quo
1789 5418 1966 5485 pacto

311 5512 480 5563 extra
497 5507 612 5562 hoc
642 5503 928 5561 terminos
956 5507 1074 5557 tres
1114 5501 1446 5571 egredietur
1469 5501 1498 5556 ?
1519 5501 1690 5568 Quod
1725 5501 1776 5556 si
1801 5501 1968 5558 dicas

314 5589 572 5653 alterum
602 5608 823 5667 corpus
851 5606 992 5648 cum
1012 5589 1198 5646 altero
1219 5605 1469 5663 corpore
1500 5589 1675 5660 uniri,
1702 5591 1819 5648 hoc
1840 5588 1970 5647 ﬁeri

1986 1765 2026 1819 Β
2056 1767 2314 1815 λοιοϋνται
2339 1765 2438 1837 γὰρ
2468 1771 2586 1822 ταῖς
2625 1765 2909 1834 ἁκρότησιν
2949 1783 2961 1794 ·

2051 517 2095 567 εἰ
2148 519 2239 588 μὲν
2294 521 2463 587 ποιόν,
2524 523 2594 579 ὡς
2644 517 2890 577 λευκότης
2932 521 3022 568 καὶ
3075 515 3380 588 μελανοτης,
3429 517 3459 574 ἢ
3519 515 3708 587 γλυκύ-

2051 624 2146 666 της
2190 611 2279 658 καὶ
2327 605 2602 672 ἁλυκότης,
2652 601 2777 656 οὐδὲ
2837 604 2996 665 οὓτως
3073 603 3292 676 ἐπιταθῇ
3369 626 3379 636 ·
3464 604 3710 666 λευκότης

2048 698 2151 767 ⁴γὰρ
2203 695 2508 755 λευκότητος
2559 694 2834 768 λευκοτέρα
2899 694 2994 745 οὐκ
3046 696 3179 763 ἔστι,
3235 699 3325 745 καὶ
3370 697 3437 745 τὰ
3489 695 3638 766 ἕτερα
3693 715 3706 726 ο

2051 781 2100 833 ἐν
2131 781 2306 855 ἀτόμῳ
2337 779 2450 841 δέὴ
2484 789 2706 844 ποιότης
2759 789 2896 834 ποιεῖ
2948 781 3187 833 ἐπίτασιν
3237 802 3251 815 ·
3311 781 3546 854 σταφυλὴ
3605 785 3708 854 γὰρ

2049 873 2196 946 ῥοιᾶς
2246 872 2556 948 γλυκυτέρα,
2625 873 2654 931 ἦ
2707 875 2827 947 ῥοιὰ
2879 871 3160 943 σταφυλῆς,
3251 873 3280 930 ἡ
3363 871 3542 924 λευκόν
3617 880 3710 924 τοῦ

2049 961 2233 1014 λευκοῦ
2293 983 2305 995 ·
2364 963 2522 1014 λευκὰ
2568 958 2627 1014 δὲ
2675 963 2877 1022 πάντως
2929 962 3163 1034 ὑπάρχει
3212 963 3420 1034 θάτερα.
3455 960 3512 1014 Ἡ
3583 970 3710 1033 ’γοῦν

2055 1050 2217 1122 ἰσχὺς
2261 1060 2357 1112 τῆς
2409 1055 2684 1113 ποιότητος
2737 1053 2797 1102 τό
2845 1053 2935 1123 μὲν
2998 1049 3141 1112 άῦξει
3217 1053 3354 1104 κατὰ
3430 1055 3707 1117 ποιότητα,

2049 1143 2108 1191 τὸ
2154 1136 2213 1192 δὲ
2267 1139 2488 1209 ἐλαττοῖ,
2551 1139 2681 1197 αὕτη
2738 1135 2798 1191 δὲ
2848 1141 2878 1197 ἠ
2948 1138 3211 1210 γλυκύτης
3258 1139 3287 1197 ἦ
3350 1140 3380 1196 ἡ
3460 1138 3712 1200 λευκότης

2051 1231 2168 1280 οὔτε
2217 1227 2547 1281 ἐπιτάττεται
2599 1226 2717 1280 οὔτε
2793 1225 3117 1293 ἐλαττοῦται,
3186 1231 3325 1298 μένει
3395 1223 3448 1279 δ’
3531 1225 3608 1280 ἀεὶ
3676 1229 3708 1285 ἡ

2051 1317 2206 1376 αὕτη.
2268 1320 2412 1370 Κατὰ
2463 1321 2550 1369 τὸν
2608 1317 2764 1369 αὐτόν
2817 1324 2943 1387 γοῦν
2998 1319 3181 1389 καιρόν
3229 1315 3346 1369 οὔτε
3402 1316 3569 1387 γλυκυ
3627 1321 3714 1368 καὶ

2052 1412 2122 1479 μὴ
2175 1406 2364 1478 γλυκὺ,
2419 1411 2536 1459 οὔτε
2579 1405 2758 1459 λευκόν
2806 1411 2897 1458 καὶ
2951 1410 3020 1478 μὴ
3059 1405 3256 1475 λευκὸν,
3316 1411 3370 1458 τὶ
3427 1411 3714 1478 φανήσεται

2052 1504 2280 1566 πώποτε,
2338 1498 2433 1549 κάν
2477 1496 2524 1548 ἐν
2578 1495 2713 1567 ἄλλῳ
2791 1501 2881 1548 καὶ
2958 1494 3094 1566 ἄλλῳ
3176 1504 3250 1546 τῶ
3337 1494 3385 1546 ἐν
3465 1501 3715 1554 ποιότητι

2054 1583 2285 1658 δέχηται
2328 1591 2421 1644 τὴν
2477 1585 2718 1638 ἐπίτασιν
2770 1589 2861 1636 καὶ
2913 1585 3088 1636 ἄνεσιν
3132 1605 3145 1617 ο
3203 1589 3294 1636 καὶ
3351 1586 3394 1636 εἰ
3441 1588 3534 1656 μὲν
3620 1581 3710 1636 οὖν

2051 1674 2228 1726 λευκόν
2280 1673 2440 1747 ἐνωθῇ
2499 1679 2590 1726 καὶ⁸
2653 1673 2808 1746 μελαν
2865 1673 3046 1745 ὕφεσιν
3122 1674 3430 1744 πάσχουσιν
3519 1693 3532 1706 ο
3619 1672 3712 1724 ἀλ-

2635 1761 2909 1834 Ξικρότησιν
2949 1783 2961 1794 ·
3004 1761 3060 1812 αὶ
3116 1760 3344 1812 ἐναντίαί
3408 1762 3508 1834 ’γὰρ
3568 1767 3715 1814 ποιό-

2055 1873 2205 1914 τητες
2230 1854 2486 1926 θραύουσι
2509 1855 2604 1912 τὰς
2644 1849 2956 1924 ἀκρότητας,
3015 1851 3059 1902 εἰ
3113 1851 3376 1923 μιχθῶσι,
3430 1852 3524 1912 τὰς
3579 1849 3714 1903 ἐνού-

2059 1961 2153 2004 σας
2194 1942 2398 2007 αὐταῖς,
2425 1943 2573 1994 ἔσται
2599 1937 2658 1994 δὲ
2695 1944 2754 1992 τό
2807 1945 2984 2013 μίγμα
3036 1938 3236 1993 ἀλλοῖον
3282 1943 3372 1991 καὶ
3430 1939 3524 1991 οὐκ
3566 1939 3711 1995 ἄλλο.

2055 2034 2190 2083 Οὔτε
2215 2035 2316 2106 γὰρ
2373 2034 2429 2083 τὸ
2493 2029 2674 2081 λευκόν
2727 2034 2798 2102 μὴ
2856 2028 3035 2080 λευκόν
3085 2029 3278 2095 πάντη,
3335 2026 3453 2080 οὔτε
3506 2032 3566 2080 τό
3622 2033 3714 2101 μὲ-

2053 2119 2145 2172 λαν
2172 2122 2341 2177 πάντη
2393 2119 2451 2171 οὐ
2506 2118 2684 2191 μέλαν,
2738 2117 2867 2170 ἀλλὰ
2916 2126 3026 2180 πῶς
3078 2116 3255 2190 μέλαν,
3300 2125 3411 2178 πῶς
3473 2114 3523 2170 δ’
3581 2117 3639 2170 οὔ
3696 2134 3712 2185 ;

2053 2215 2144 2262 καὶ
2199 2212 2260 2261 τὸ
2325 2209 2516 2281 ἕτερον,
2567 2211 2703 2260 κατὰ
2747 2212 2806 2260 τό
2857 2207 3007 2275 αὐτὸ,
3057 2205 3162 2259 οἷον
3211 2209 3268 2258 τό
3337 2213 3434 2268 τῆς
3520 2211 3715 2268 σηπίας

2053 2298 2209 2370 μέλαν
2267 2303 2358 2350 καὶ
2413 2301 2472 2349 τὸ
2517 2295 2727 2370 ἄλευρον
2784 2296 3052 2361 ἐνωθέντα,
3109 2299 3169 2347 τό
3224 2295 3404 2348 λευκόν
3485 2301 3575 2348 καὶ
3654 2299 3714 2348 τό

2053 2387 2208 2459 μελαν
2262 2390 2320 2439 τό
2377 2385 2425 2438 ἓν
2477 2386 2659 2447 αὐτοῖς
2713 2386 3115 2458 οἷμειφθήσεται.
3180 2385 3321 2437 Ἐπεὶ
3386 2387 3489 2457 ’γὰρ
3571 2386 3702 2438 εἰσιν

2053 2475 2278 2543 ἐναντία,
2336 2480 2426 2527 καὶ
2480 2475 2741 2548 τραπῶσι,
2792 2479 2883 2526 καὶ
2931 2478 2990 2525 τὸ
3032 2477 3122 2545 μὶν
3188 2471 3244 2525 ἐκ
3315 2482 3406 2526 τοῦ
3479 2474 3713 2526 ἐναντίου

2053 2566 2408 2625 ὑποστησεται
2438 2565 2618 2636 ὕφεσιν
2643 2571 2734 2615 τοῦ
2757 2559 2886 2616 εἶναι
2940 2562 3142 2632 λευκόν,
3199 2565 3259 2615 τὸ
3314 2560 3374 2616 δὲ
3428 2571 3522 2616 τοῦ
3583 2560 3715 2616 εἶναι

2052 2653 2226 2725 μέλαν,
2260 2661 2332 2723 τῷ
2388 2649 2448 2705 δὲ
2501 2652 2604 2724 ἲσῳ
2665 2657 2754 2704 καὶ
2805 2660 2878 2722 τῷ
2935 2649 3123 2723 ἀνίσῳ,
3176 2651 3270 2702 οὐκ
3333 2650 3712 2724 ἁμεφθήσεται,

2053 2745 2188 2796 ὥστε
2242 2746 2302 2795 τό
2353 2739 2608 2815 μεδίμνου
2656 2745 2820 2795 ποσὸν
2869 2741 2964 2793 οὐκ
3021 2741 3089 2802 εἰς
3140 2741 3349 2804 κύλικος
3416 2741 3598 2812 ἐλθεῖν,
3677 2743 3708 2802 ἦ

2050 2831 2361 2906 προσλαϐεῖν
2395 2833 2605 2904 θάτερον
2673 2829 2726 2882 ἐκ
2788 2833 3005 2904 θατέρου
3061 2836 3126 2892 ὡς
3181 2831 3386 2883 ὁπόσων
3452 2849 3523 2902 τι,
3581 2830 3712 2885 ἀλλὰ

2058 3009 2290 3081 nequit.
2330 3011 2553 3064 Rursus
2582 3007 2630 3063 si
2657 3007 3081 3080 incorporeum
3133 3007 3362 3081 aliquid
3427 3007 3712 3065 accedere

2058 3098 2245 3164 dicas,
2265 3102 2368 3153 aut
2393 3096 2654 3169 qualitas
2675 3096 2969 3167 adveniet,
2995 3101 3174 3168 atque
3203 3097 3319 3152 hoc
3365 3097 3550 3153 modo
3612 3113 3709 3153 res

2057 3187 2292 3242 intensa
2331 3186 2448 3242 alia
2468 3201 2591 3241 non
2621 3185 2852 3252 evadet,
2895 3184 3002 3241 sed
3040 3184 3384 3251 dissimilis;
3437 3190 3540 3242 aut
3576 3187 3710 3242 uni-

2059 3280 2207 3330 tates
2261 3275 2601 3344 advenient,
2652 3281 2831 3348 atque
2885 3273 3440 3345 agglutinabuntur,
3492 3291 3712 3348 nempe

2059 3364 2257 3420 unitas
2288 3380 2411 3420 una
2436 3370 2492 3420 et
2531 3365 2716 3420 altera
2737 3364 2961 3420 unitas.
2994 3365 3138 3430 Quae
3163 3365 3410 3437 quidem
3455 3365 3712 3422 unitates

2057 3455 2105 3508 si
2127 3454 2241 3509 sint
2262 3453 2578 3526 qualitates
2610 3453 2948 3519 abstractae,
2976 3457 3032 3508 et
3053 3454 3156 3510 uni
3187 3453 3375 3511 altera
3430 3455 3709 3522 addatur,

2055 3550 2120 3598 ut
2148 3543 2386 3609 albedo,
2419 3543 2689 3613 nigredo,
2716 3541 2992 3609 dulcedo,
3028 3543 3301 3612 salsedo;
3351 3560 3546 3616 neque
3595 3544 3712 3600 hoc

2057 3631 2240 3687 modo
2271 3631 2377 3686 erit
2400 3631 2655 3686 intensio
2685 3630 3006 3703 qualitatis,
3029 3646 3174 3686 nam
3195 3631 3411 3687 albedo
3433 3632 3712 3688 albedine

2057 3735 2179 3775 non
2202 3725 2292 3776 est
2327 3720 2523 3791 magis
2555 3719 2714 3776 alba.
2764 3719 2926 3774 idem
2978 3719 3052 3774 de
3105 3719 3333 3775 caeteris
3384 3719 3712 3776 dicendum

2058 3815 2162 3865 est.
2196 3815 2269 3865 At
2295 3809 2555 3880 qualitas
2607 3810 2668 3863 in
2719 3807 3029 3864 individuo
3077 3809 3478 3866 intensionem
3512 3810 3711 3868 efﬁcit.

2061 3899 2184 3954 Uva
2208 3898 2368 3953 enim
2391 3902 2646 3968 granato
2681 3903 2769 3953 est
2810 3896 3040 3952 dulcior
3061 3916 3078 3968 ;
3115 3901 3220 3954 aut
3248 3904 3565 3968 granatum
3593 3917 3716 3956 uva

2060 3993 2148 4042 est
2172 3985 2702 4058 dulcius,itemque
2733 3985 2940 4041 album
2967 3985 3106 4041 albo
3136 3990 3226 4040 est
3251 3987 3445 4056 magis
3482 3987 3711 4058 album,

2061 4082 2313 4147 utraque
2340 4091 2482 4130 vero
2503 4075 2751 4131 omnino
2785 4079 2924 4130 sunt
2963 4075 3121 4131 alba.
3158 4076 3352 4140 Quare
3385 4076 3471 4130 vis
3521 4078 3715 4149 quali-

2064 4165 2196 4220 tatis
2225 4165 2340 4220 hoc
2356 4164 2605 4236 quidem
2630 4169 2811 4234 auget
2831 4164 3164 4220 secundum
3187 4166 3498 4237 quandam
3519 4169 3716 4238 quali—

1993 4240 2033 4292 ί)
2062 4259 2268 4320 tatem,
2295 4253 2441 4309 illud
2470 4269 2611 4308 vero
2642 4253 2877 4308 minuii.
2901 4259 2972 4309 At
2991 4253 3125 4325 ipsa
3145 4254 3402 4310 dulcedo
3424 4260 3481 4310 et
3499 4256 3716 4313 albedo

2064 4359 2260 4415 neque
2302 4341 2625 4398 intenditur
2681 4358 2878 4414 neque
2932 4343 3268 4412 remittitur,
3321 4344 3428 4399 sed
3501 4346 3717 4402 eadem

2064 4438 2286 4488 manet.
2331 4432 2553 4488 Eodem
2580 4432 2758 4502 igitur
2779 4437 3047 4503 tempore
3078 4432 3224 4487 nihil
3243 4448 3514 4505 unquam
3545 4434 3719 4490 dulce

2064 4527 2120 4577 et
2143 4537 2266 4577 non
2288 4521 2482 4589 dulce,
2511 4520 2718 4576 album
2744 4528 2800 4576 et
2828 4537 2949 4576 non
2975 4520 3186 4577 album
3232 4522 3515 4579 exsistere
3560 4529 3722 4595 pote-

2062 4610 2157 4680 rit,
2188 4610 2471 4682 quamvis
2503 4609 2563 4665 in
2594 4609 2712 4666 alio
2742 4615 2923 4682 atque
2953 4609 3069 4666 alio
3101 4610 3382 4683 suscipiet
3415 4628 3489 4667 ex
3526 4613 3720 4684 quali-

2063 4705 2182 4756 tate
2217 4699 2615 4754 intensionem
2643 4703 2698 4754 et
2723 4699 3164 4756 remissionem.
3223 4702 3418 4766 Quare
3437 4702 3485 4756 si
3514 4701 3720 4757 album

2065 4794 2122 4844 et
2169 4788 2409 4857 nigrum
2491 4788 2794 4854 uniantur,
2845 4788 2907 4843 id
2973 4789 3100 4844 sine
3168 4789 3519 4845 remissione
3594 4789 3725 4846 ﬁeri

2066 4878 2274 4948 nequit
2306 4895 2318 4944 ;
2340 4876 2739 4932 extremitates
2758 4876 2916 4932 enim
2934 4882 3243 4933 mutantur
3264 4894 3371 4932 seu
3397 4878 3725 4934 aliusmodi

2067 4965 2330 5021 evadunt
2359 4981 2371 5018 :
2400 4980 2544 5019 nam
2567 4965 2627 5019 in
2649 4965 3087 5020 contrariarum
3112 4966 3471 5037 qualitatum
3502 4973 3724 5038 tempe-

2067 5055 2403 5112 rationibus
2449 5059 2506 5109 et
2569 5054 3037 5109 admistionibus
3121 5055 3523 5111 extremitates
3579 5057 3726 5128 ipsa;

2070 5143 2264 5213 frangi
2323 5142 2532 5198 solent.
2590 5141 2702 5197 Erit
2744 5148 2903 5197 atem
2947 5143 3525 5210 mistio,aliusmodi
3600 5161 3727 5201 non

2072 5234 2206 5291 alia.
2238 5236 2436 5305 Neque
2467 5233 2626 5287 enim
2647 5231 2856 5287 album
2879 5238 2967 5287 est
2996 5232 3162 5304 quod
3198 5233 3447 5289 omnino
3515 5234 3727 5291 album

2069 5339 2194 5378 non
2225 5321 2351 5389 fuit,
2383 5337 2580 5393 neque
2618 5321 2859 5392 nigrum
2890 5321 3057 5392 quod
3079 5321 3326 5377 omnino
3342 5323 3584 5392 nigrum
3607 5339 3732 5380 non

2072 5412 2199 5481 fuit,
2230 5409 2336 5466 sed
2365 5409 2586 5481 partim
2615 5409 2877 5479 nigrum,
2907 5409 3128 5481 partim
3184 5427 3303 5466 non
3348 5413 3614 5481 nigrum.
3666 5416 3733 5469 Et

2072 5501 2236 5574 quod
2251 5505 2339 5556 est
2353 5499 2603 5555 alterum
2626 5497 2848 5554 eodum
2863 5498 3067 5566 modo,
3089 5499 3269 5556 veluti
3290 5501 3470 5574 sepia
3483 5502 3734 5574 nigredo

2075 5596 2133 5646 et
2152 5589 2343 5646 ferina
2369 5588 2523 5646 inter
2545 5605 2607 5644 se
2637 5585 2920 5660 copulata
2937 5586 3282 5646 albediuem
3295 5595 3351 5648 et
3361 5591 3736 5663 nigredinem
