4130 6406
436 292 456 344 i
469 292 572 345 327
1964 279 2089 337 ADI

2201 283 2357 337 DA.’
2622 288 2627 293 ’
2764 310 2769 317 -
3729 280 3887 339 1328

430 417 569 483 μενεῖ
614 409 664 463 ἓν
705 409 925 462 ἕκαστον
979 404 1047 466 εἰς
1101 407 1160 458 τό
1216 406 1337 459 ὅσον
1388 405 1451 459 ἂν
1517 403 1572 459 ἐκ
1619 409 1835 480 πρὼτης
1907 406 2081 478 τύχης
2118 406 2165 459 Δ
2192 409 2283 460 καὶ
2309 405 2429 470 ἑξῆς
2457 409 2578 481 τρία
2606 428 2622 442 ο
2660 410 2719 462 τὸ
2765 409 2814 462 ἓν
2865 414 2991 481 γοῦν
3046 410 3138 460 καὶ
3189 406 3239 459 ἓν
3298 407 3537 460 συντεθὲν
3595 402 3721 462 δύο.
3778 407 3886 483 ἃρ-

430 501 653 574 ὐπάρχη
730 500 914 566 ποσόν,
972 495 1066 547 κᾶν
1121 496 1189 557 εἰς
1239 494 1436 554 ἄλληλα
1508 502 1937 572 περιχωρήσειεν.
1992 494 2081 558 Ὠς
2192 514 2301 547 τιον
2328 503 2454 567 γοῦν
2474 504 2649 570 τοῦτο,
2679 501 2737 551 τό
2777 493 2837 551 δε
2892 498 2941 552 ἓν
2994 502 3085 551 καὶ
3133 492 3233 549 δὺο
3284 500 3426 570 τρία,
3480 500 3749 570 περιττὸν,
3812 502 3882 553 τό

428 591 584 663 γάρό
627 592 773 641 πέντε
816 585 870 638 ἐκ
920 580 1135 658 τριάδος
1184 589 1275 638 καὶ
1330 581 1535 647 δυάδος
1588 584 1754 656 ἐστὶν,
1803 584 1911 638 ἀλλ’
1965 584 2083 637 οὔτε
2194 579 2323 638 δὶὲν
2361 590 2450 639 καὶ
2511 591 2635 663 τρια
2675 591 2933 662 τέσσαρα,
2997 586 3195 662 ἄρτιον,
3254 582 3516 660 δεύτερον,
3578 590 3637 640 τὸ
3699 584 3764 640 δὲ
3825 587 3882 640 ἓν

427 687 550 750 γοῦν
603 679 629 729 6
680 681 806 752 τρία
842 679 1097 749 τέσσαρα,
1159 674 1277 727 οὕτε
1331 676 1357 727 ό
1442 671 1541 728 δύο
1619 680 1743 750 τρία
1825 671 1919 728 διὰ
1986 677 2082 733 τὴν
2191 679 2281 726 καὶ
2370 678 2604 751 τέσσαρα
2672 680 2821 730 πέντε
2896 674 3310 752 ἁρτιοπέριττον.
3384 679 3658 733 Σκόπησον
3735 684 3880 749 γοῦν

427 768 630 830 ἕνωσιν,
688 764 815 819 ἀλλὰ
852 769 942 817 καὶ
994 767 1130 838 μετὰ
1184 769 1277 823 τὴν
1330 764 1510 818 ἓνωσιν
1556 765 1584 817 6
1662 763 1916 818 συνελθὼν
1997 763 2082 816 6).-
2192 762 2241 814 ἐν
2287 767 2423 816 πᾶσι
2475 767 2534 817 τό
2590 761 2802 834 ἄτοπον,
2861 764 2907 818 εἰ
2956 768 3047 837 μὲν
3128 765 3159 822 ἡ
3238 765 3401 836 μονὰς
3470 763 3645 841 ἑτέραν
3726 765 3877 840 λάϐῃ

426 856 563 919 λοῖος
618 859 729 929 μὲν,
780 854 876 908 οὐκ
932 852 1068 925 ἄλλῳ
1117 850 1177 908 δὲ
1230 862 1381 926 ποσῷ
1429 855 1672 929 ὥρισται,
1722 854 1753 913 ἣ
1826 861 1900 925 τῷ
1981 861 2082 906 τῶν
2192 847 2400 924 μονάδα
2447 851 2537 907 καὶ
2589 855 2619 913 ἡ
2680 857 2864 929 τετρὰς
2914 853 3071 912 ἄλλην
3119 856 3210 906 καὶ
3270 851 3586 906 ἐπιταθῶσιν
3642 852 3765 918 ἄξας
3843 855 3875 915 ἢ

429 944 772 999 συνελθόντων
818 943 891 1006 εἰς
955 943 1110 997 αὐτόν
1175 962 1188 978 ’
1237 942 1354 997 οὗτε
1409 945 1511 1019 γὰρ
1571 944 1597 995 6
1639 947 1761 1019 τρία
1825 946 2078 1015 τέσσαρα,
2191 944 2396 1011 πεντὰς,
2451 941 2642 997 ἆτοπον
2690 964 2703 977 ·
2753 948 2797 997 εἰ
2850 940 2909 997 δὲ
2960 944 2991 1003 ἣ
3042 945 3132 1016 μὲν
3215 944 3400 1017 τετρὰς
3482 941 3666 1016 ὕφεσιν
3754 945 3877 1008 ἐνὸς

426 1033 593 1087 οὖτεό
625 1031 723 1087 δύο
746 1037 907 1107 τρίαο
944 1039 1097 1086 τοῦτο
1152 1034 1254 1106 76.9
1303 1032 1347 1085 εἰ
1401 1028 1624 1085 δυνατόν
1671 1033 1885 1106 ὑπῆρχε
1942 1036 2081 1104 ’γενέ-
2191 1032 2358 1104 πάθη,
2416 1030 2566 1085 ἔσται
2620 1034 2807 1110 τετρὰς
2856 1034 2887 1092 ἠ
2944 1034 3131 1095 πεντάς
3184 1052 3196 1066 ·
3244 1028 3367 1085 οὐδὲ
3409 1033 3512 1107 γὰρ
3575 1032 3762 1106 ὕφεσιν
3837 1035 3869 1094 ὴ

428 1124 571 1195 σθαι,
604 1121 827 1197 ὑπῆρξεν
850 1120 910 1173 ἂν
950 1122 976 1173 ὁ
1037 1124 1184 1174 πέντε
1239 1123 1386 1189 ἑπτὰ,
1447 1123 1569 1196 ὅπερ
1618 1120 1810 1175 ἄτοπον
1873 1142 1886 1156 ·
1947 1120 2083 1175 οὓτω

424 1216 514 1265 καὶ
540 1210 588 1264 ἐν
633 1209 798 1283 λευκῷ
851 1214 939 1263 καὶ
991 1210 1171 1283 μέλανι
1223 1209 1283 1263 οὐ
1349 1214 1602 1275 ποσότης,
1665 1209 1795 1263 ἀλλὰ
1865 1214 2084 1273 ποιότης

427 1305 540 1375 ἔχει
599 1300 770 1355 λαϐεῖν
818 1306 912 1360 τὴν
969 1301 1149 1374 ὕφεσιν
1198 1303 1228 1361 ἦ
1284 1305 1378 1361 τὴν
1436 1299 1688 1358 ἕπίτοσιν.
1759 1301 1901 1356 Ἐπεὶ
1979 1303 2083 1377 γὰρ

427 1397 516 1444 ταὶ
571 1390 723 1453 αὐτὸς
771 1391 796 1442 6
853 1394 1020 1460 πέντε,
1090 1390 1135 1443 εἰ
1189 1394 1279 1443 καὶ
1362 1392 1500 1443 κατὰ
1580 1394 1746 1444 ποσόν
1821 1392 2087 1450 ὐποσῆναι

426 1482 607 1553 ὕφεσιν
648 1484 860 1553 πέφυκε,
917 1481 976 1532 τὸ
1044 1479 1320 1552 ἐλάχιστον
1393 1486 1457 1554 τῇ
1540 1480 1672 1554 αὐτῇ
1749 1478 1945 1548 ἐγένετο
2023 1482 2086 1540 ἦν

424 1571 620 1628 ὑπέστη
684 1565 879 1642 μονάδι
923 1589 937 1604 ·
1023 1567 1326 1632 ἐλαττωθεὶς

422 1667 522 1711 τῶν
580 1657 922 1711 συνελθόντων
967 1663 1244 1731 ’γενήσεται
1284 1660 1311 1711 6
1369 1663 1493 1733 τρία
1545 1655 1667 1730 δύο,
1723 1664 1815 1713 καὶ
1870 1660 1895 1711 6
1988 1655 2088 1713 δύο

425 1747 493 1815 ἓν,
527 1749 571 1801 εἰ
623 1755 749 1820 γοῦν
806 1747 920 1800 κατ’
968 1746 1211 1802 ἐπίτασιν
1264 1748 1292 1801 6
1348 1753 1472 1822 τρια
1525 1752 1782 1823 τέσσαρα,
1839 1752 1929 1802 καὶ
1958 1744 2089 1802 ὀδὺο

423 1840 545 1911 τρία
599 1835 769 1903 ἱσται,
831 1840 923 1889 καὶ
970 1838 996 1889 6
1059 1836 1312 1891 συνελθὼν
1378 1836 1437 1891 ἔκ
1484 1840 1678 1891 τούτων
1735 1842 1885 1891 πέντε
1938 1836 2088 1906 ἑπτὰ,

424 1928 546 2001 ὅπερ
578 1927 791 1998 ἄτοπον,
818 1928 1063 1988 ὡσαύτως
1107 1926 1224 1980 κατ’
1261 1926 1436 1981 ἄνεσιν
1482 1926 1512 1987 ἣ
1563 1928 1589 1979 6
1638 1930 1761 2003 τρία
1819 1923 1939 1995 δύο,
1999 1931 2091 1981 καὶ

423 2016 450 2067 6
482 2011 580 2069 δύο
636 2017 705 2083 εν,
755 2020 846 2068 καὶ
880 2017 905 2067 6
963 2016 1217 2069 συνελθὼν
1281 2021 1431 2071 πέντε
1484 2021 1607 2091 τρία
1668 2038 1680 2051 ·
1747 2013 1987 2070 ἀδύνατα
2031 2013 2092 2070 δὲ

423 2112 593 2159 ταῦτα
645 2110 737 2158 καὶ
805 2103 994 2162 ἄτοπα.
1056 2105 1116 2160 Εἰ
1168 2101 1229 2160 δι
1285 2106 1312 2159 6
1358 2111 1482 2183 τρία
1522 2110 1614 2181 μὶν
1663 2110 1920 2183 τέσσαρα,
1975 2108 2002 2160 6
2031 2103 2092 2160 δε

427 2193 526 2250 δύο
555 2196 626 2265 ἓν,
683 2197 869 2258 πεντὰς
915 2198 1005 2268 μὲν
1056 2198 1308 2271 νομισθῇ,
1359 2196 1615 2271 ἀλλοιωθῇ
1671 2194 1731 2251 δὲ
1779 2200 1838 2251 τὸ
1882 2193 2019 2259 εἶδος
2075 2216 2091 2233 ο

424 2282 549 2339 οὐδὲ
598 2288 701 2358 γὰρ
753 2283 1052 2349 συνέλευσις
1094 2282 1324 2359 μονάδος
1368 2291 1459 2340 καὶ
1502 2283 1751 2363 τετράδος
1796 2288 1821 2340 6
1920 2290 2091 2357 πέντε,

428 2373 558 2427 ἀλλὰ
612 2369 810 2434 δυάδος
864 2378 954 2427 καὶ
1004 2370 1223 2447 τριάδος
1273 2372 1475 2437 ἀληθῶς
1508 2395 1523 2411 ο
1577 2372 1702 2429 οὐδὲ
1749 2378 1849 2451 γὰρ
1912 2374 2094 2451 ἀκραι-

428 2482 561 2535 φνως
613 2465 852 2537 περιττός
907 2463 938 2521 ἡ
1001 2465 1184 2535 μονὰς,
1241 2460 1388 2528 οὗτος
1439 2460 1500 2518 δε
1554 2472 1801 2541 περιττοῦ
1848 2468 1939 2518 καὶ
2004 2464 2095 2540 ἁρ-

425 2557 543 2606 τίου
564 2548 696 2607 ἔστί.
722 2558 933 2627 Πρῶτον
994 2554 1097 2629 γὰρ
1157 2552 1323 2616 οὕτως
1367 2557 1569 2628 γένεσις
1622 2575 1637 2589 ·
1697 2555 1746 2608 ἓν
1804 2553 1916 2609 εἶτα
1971 2551 2091 2622 δύο,

427 2745 603 2789 suam
633 2729 787 2787 inter
818 2745 883 2787 se
911 2728 1319 2790 contulerunt.
1349 2733 1583 2790 Etenim
1606 2733 1901 2806 quoniam
1955 2736 2100 2790 sunt

426 2821 750 2889 contraria,
782 2821 965 2879 etiam
995 2821 1365 2895 frangentur,
1395 2828 1578 2897 atque
1612 2840 1805 2882 unum
1848 2824 2098 2898 quidem

430 2927 503 2969 cx
524 2911 834 2968 contrariis
864 2910 1094 2985 aliquid
1120 2912 1195 2969 de
1220 2912 1500 2971 albedine
1527 2915 1801 2987 remittet,
1845 2916 2099 2972 alterum

423 3023 565 3066 vero
599 3008 674 3067 de
710 3007 1040 3081 nigredine.
1073 3010 1188 3067 sed
1213 3026 1286 3067 ex
1316 3011 1665 3085 aequalitate
1696 3028 1769 3069 ex
1830 3012 2101 3085 inmquaj

2192 1122 2354 1192 μονὰς
2387 1116 2582 1185 δέξαιτ’
2618 1121 2678 1174 ἂν
2713 1143 2727 1157 ·
2755 1128 2908 1175 τοῦτο
2947 1121 3050 1196 γάρ
3079 1121 3139 1174 οὐ
3189 1117 3445 1191 πεντάδα,
3503 1120 3634 1174 ἀλλά
3690 1125 3872 1177 πάντα

2195 1207 2415 1285 ἀριθμὸν
2477 1209 2715 1265 ἀνέλυσεν
2772 1210 2834 1264 ἂν
2883 1211 2951 1274 εἰς
3005 1208 3178 1279 οὐδὲν,
3235 1215 3324 1263 καὶ
3376 1218 3531 1264 τοῦτο
3589 1211 3787 1266 ἄτοπον
3844 1234 3858 1248 ·

2195 1299 2238 1352 εἰ
2270 1294 2329 1352 δὲ
2390 1301 2420 1357 ἠ
2489 1302 2578 1373 μὲν
2634 1303 2796 1374 μονὰς
2860 1299 3132 1376 προσλάϐᾐ
3192 1302 3370 1371 ἔτέραν
3422 1296 3657 1373 μονώδα,
3707 1304 3737 1361 ἠ
3800 1298 3865 1355 δί

2194 1391 2373 1462 τετρὰς
2423 1386 2653 1463 μονάδος
2703 1393 2884 1464 ὕφεσιν
2934 1391 3158 1464 ὑποστῇ,
3202 1392 3356 1464 ,τριὰς
3423 1391 3623 1453 πάντως
3693 1396 3857 1464 γενή-

2198 1498 2346 1533 σεται
2385 1500 2399 1513 ο
2429 1482 2615 1543 πεντὰς
2640 1488 2764 1553 γοῦν
2789 1485 2908 1535 τότο
2946 1480 3051 1554 οὐχ
3092 1482 3172 1534 ὅτι
3223 1482 3279 1532 ἐκ
3339 1478 3566 1554 μονάδος
3616 1486 3706 1534 καὶ
3760 1501 3860 1535 τε·-

1415 1571 1517 1643 γὰρ
1587 1570 1805 1631 ἕκαστος
1878 1572 2087 1632 πάντως
2121 1563 2159 1618 Β
2194 1564 2387 1646 τράδος
2418 1584 2432 1636 ;
2458 1566 2565 1621 ἀλλ’
2599 1567 2655 1622 ἐκ
2685 1566 2887 1633 δυάδος
2916 1589 2971 1623 τε
3000 1574 3089 1623 καὶ
3119 1565 3359 1643 τριάδος,
3399 1576 3554 1623 τοῦτο
3611 1574 3868 1644 φυσικὸν.

2272 1744 2339 1820 β’.
2384 1745 2547 1800 Ὥστε
2633 1749 2692 1800 τὸ
2776 1750 2866 1822 μὲν
2941 1751 3090 1802 ποιόν
3170 1746 3410 1804 ἓπιτασιν
3480 1746 3706 1822 δέχεται
3776 1747 3875 1803 καὶ

2198 1838 2394 1908 ἄνεσιν,
2424 1841 2483 1891 τὸ
2516 1832 2576 1891 δὲ
2630 1842 2794 1892 ποσόν
2837 1838 2896 1892 οὗ
2961 1859 2976 1874 α
3057 1838 3245 1899 συνέϐη
3294 1842 3394 1916 γὰρ
3445 1837 3673 1894 ἐνταῦθα
3726 1844 3873 1913 γενέ·

2203 1929 2324 1982 σθαι
2383 1935 2445 2001 τῇ
2495 1929 2647 1981 τάσει
2699 1933 2790 1981 καὶ
2847 1929 3022 2002 ὑφέσει
3063 1937 3155 1982 τοῦ
3211 1936 3380 1983 ποσοῦ
3450 1934 3545 1989 τὴν
3630 1928 3881 1984 πεντάδα

2198 2012 2450 2090 τετράδα,
2477 2020 2568 2070 καὶ
2595 2014 2814 2093 τριάδα,
2845 2022 2935 2071 καὶ
2982 2015 3148 2072 ἐπτάδ
3152 2038 3204 2087 α,
3270 2017 3391 2095 ὅπερ
3450 2019 3799 2074 ἀτοπώτατον
3859 2041 3877 2056 ·

2199 2110 2258 2161 τό
2321 2109 2423 2183 γὰρ
2469 2105 2647 2182 ἆρτιον
2713 2110 2802 2159 καὶ
2871 2111 3111 2182 περιττὸν
3187 2105 3365 2162 ἂωθέν
3440 2105 3593 2163 οὐδὲν
3676 2108 3881 2164 ἄτοπον

2202 2194 2479 2255 ἐποίησεν·
2509 2197 2741 2272 ὑπάρχει
2779 2198 2881 2272 γὰρ
2935 2198 2961 2251 6
3015 2193 3114 2250 δύο
3173 2193 3292 2263 δύο,
3343 2203 3434 2252 καὶ
3473 2200 3499 2252 6
3548 2203 3678 2273 τρία
3729 2220 3881 2277 τρια,

2202 2293 2355 2339 τοῦτο
2411 2294 2579 2341 ποσοῦ
2633 2308 2646 2322 ·
2707 2286 2909 2361 ἔμειναν
2962 2290 3063 2362 γὰρ
3110 2284 3253 2342 οὗτοι
3300 2288 3371 2352 εἰς
3442 2292 3502 2343 τό
3589 2297 3708 2344 ἴσον
3786 2296 3889 2345 καὶ

2202 2375 2403 2432 ἆνισον.
2491 2374 2619 2429 ἀλλὰ
2686 2384 2749 2449 τῇ
2841 2377 3133 2431 συνελεύσει
3210 2384 3305 2440 τῆς
3379 2382 3663 2444 ποιότητος
3749 2386 3889 2457 πρὸς

2204 2469 2462 2524 ποιότητα
2513 2465 2660 2540 ἑτέρα
2723 2465 2912 2525 συνέϐη
2953 2470 3112 2540 μικτὴ
3173 2471 3388 2529 ποιότης
3419 2488 3432 2502 ·
3498 2472 3618 2522 οὔτε
3683 2473 3794 2547 γὰρ
3851 2474 3882 2525 6

2205 2554 2401 2629 ἄρτιος,
2418 2556 2585 2613 πάντη
2626 2552 2963 2628 ἃρτιος,οὖτε
3014 2556 3039 2609 6
3092 2560 3330 2634 περιττός
3376 2561 3449 2631 μὴ
3498 2562 3593 2611 καὶ
3640 2557 3827 2634 ἆρτιος
3862 2596 3882 2607 ο

2204 2732 2328 2790 rius
2352 2731 2600 2806 quidem
2620 2747 2910 2790 numerus
2930 2733 3233 2801 efﬁcietur,
3253 2734 3360 2792 sed
3376 2735 3575 2794 forma
3593 2753 3875 2797 commu-

2206 2824 2330 2879 tata
2372 2820 2565 2879 fuerit.
2618 2824 2822 2895 Neque
2884 2823 3045 2879 enim
3106 2824 3408 2898 copulatio
3485 2827 3725 2884 unitatis
3801 2832 3868 2886 et

2206 2910 2574 2984 quaternarii
2603 2912 2838 2968 numeri
2860 2913 3100 2986 proprie
3124 2913 3474 2986 quinarium
3501 2915 3701 2987 afﬁcit,
3751 2918 3869 2976 sed

2207 2998 2421 3056 binarii
2445 3004 2502 3056 et
2532 3000 2791 3057 ternarii.
2855 3002 3057 3059 Unitas
3113 3003 3273 3060 enim
3330 3018 3541 3062 revera
3597 3020 3720 3063 non
3782 3011 3884 3066 est

426 3098 589 3155 litate
611 3112 738 3155 non
780 3076 1022 3154 accidet
1071 3098 1174 3156 illa
1229 3076 1648 3170 commutatio,
1700 3106 1765 3157 ut
1809 3076 2089 3158 mediinni

2208 3104 2496 3145 numerus
2524 3088 2721 3162 impar
2750 3091 3100 3164 ;quinarius
3123 3097 3325 3149 autem
3349 3094 3653 3168 eximpari
3666 3100 3724 3152 et
3741 3098 3889 3169 pari

426 3187 733 3261 quantitas
760 3202 883 3245 non
913 3192 1112 3261 potest
1139 3190 1201 3246 in
1231 3191 1635 3263 quantitatem
1677 3191 1878 3248 calicis
1912 3196 2099 3248 trans-

428 3276 516 3333 ire
554 3280 657 3334 aut
685 3292 878 3333 unum
917 3276 1159 3333 alterius
1189 3279 1587 3350 quantitatem
1615 3295 1944 3344 assumere,
1989 3280 2097 3336 sed

429 3364 912 3438 unumquodque
931 3365 994 3421 in
1017 3380 1089 3422 ea
1108 3367 1440 3439 quantitate
1457 3372 1679 3441 manet,
1701 3384 1886 3443 quam
1898 3370 2096 3442 primo

429 3451 665 3523 habuit,
694 3453 924 3510 etiamsi
950 3453 1102 3511 inter
1149 3470 1212 3511 se
1260 3455 1709 3528 conjungantur
1759 3475 1773 3527 ;
1823 3462 1884 3515 ut
1935 3458 2092 3516 enim

430 3541 746 3616 quinarius
766 3557 1057 3599 numerus
1088 3549 1325 3601 constat
1347 3561 1421 3601 ex
1463 3546 1726 3604 ternario
1755 3551 1813 3604 et
1834 3548 2093 3619 binario,

434 3631 542 3689 sed
567 3647 689 3689 non
720 3631 857 3689 ideo
880 3633 990 3690 tria
1020 3638 1164 3690 sunt
1224 3639 1505 3707 quatuor,
1558 3652 1754 3711 neque
1807 3637 1930 3694 duo
1982 3638 2096 3696 tria

431 3726 679 3795 propter
706 3721 1151 3795 copulationem
1177 3729 1387 3783 contra
1412 3742 1551 3784 vero
1579 3727 1685 3801 qui
1709 3728 2095 3801 conjungitur

431 3824 722 3867 numerus
769 3816 907 3884 post
962 3812 1408 3885 copulationem
1461 3814 1769 3872 dissimilis
1844 3816 2094 3890 quidem

430 3898 654 3968 evadit,
683 3898 794 3956 sed
819 3898 937 3957 alia
985 3904 1315 3974 quantitate
1372 3918 1497 3961 non
1552 3903 1853 3974 deﬁnitur,
1902 3920 2092 3979 quam

430 3982 851 4057 copulatorum
944 3985 1096 4044 inter
1172 4003 1235 4043 se
1311 4002 1705 4047 numerorum
1779 3991 2087 4064 quatitate.

428 4073 633 4146 Neque
683 4073 844 4130 enim
865 4074 979 4131 tria
1024 4079 1164 4133 sunt
1202 4080 1483 4150 quatuor,
1531 4093 1729 4153 neque
1786 4078 1909 4136 duo
1957 4079 2091 4146 tria,

428 4175 575 4218 nam
598 4161 716 4219 hoc
737 4161 868 4219 ﬁeri
893 4164 1102 4237 nequit
1130 4181 1145 4231 ;
1169 4166 1438 4240 quinque
1459 4168 1619 4224 enim
1641 4174 1839 4225 essent
1861 4173 2091 4240 septem

427 4248 596 4322 quod
620 4253 711 4306 est
737 4250 1071 4309 absurdum
1100 4270 1114 4310 :
1138 4253 1221 4311 ita
1244 4255 1425 4313 etiam
1450 4256 1512 4313 in
1537 4256 1676 4314 albo
1705 4263 1761 4313 et
1781 4257 1950 4328 nigro
1967 4273 2091 4315 non

428 4338 757 4411 quantitas,
788 4340 893 4397 sed
915 4341 1179 4415 qualitas
1194 4346 2090 4419 potestrecipereremissionem

2207 3182 2457 3236 constat.
2481 3183 2567 3236 lta
2583 3179 2743 3235 enim
2765 3179 3029 3253 primum
3048 3180 3219 3249 dicis,
3242 3198 3457 3254 unum,
3479 3182 3698 3240 deinde
3720 3186 3886 3259 duo,

2205 3266 2422 3323 deinde
2443 3268 2570 3326 tria.
2600 3269 2794 3325 Unum
2812 3284 2956 3340 ergo
2980 3285 3120 3326 cum
3140 3286 3263 3328 uno
3290 3273 3715 3346 compositum,
3743 3274 3885 3334 duo

2206 3362 2346 3413 sunt
2377 3374 2391 3425 ;
2422 3362 2633 3430 estque
2662 3357 2759 3414 hic
2779 3372 3067 3415 numerus
3079 3374 3217 3432 par:
3234 3375 3413 3433 porro
3429 3378 3616 3419 unum
3639 3364 3878 3437 etduo,

2205 3446 2317 3502 tria
2344 3449 2499 3501 sunt.
2536 3448 2753 3518 Estque
2781 3446 2878 3503 hic
2905 3463 3191 3504 numerus
3209 3449 3408 3523 impar
3434 3450 3689 3524 primus.
3720 3455 3882 3511 Rur-

2204 3553 2306 3592 sus
2327 3552 2517 3593 unum
2535 3542 2590 3594 et
2611 3537 2743 3607 tria,
2767 3542 2907 3594 sunt
2923 3543 3185 3611 quatuor
3202 3558 3220 3613 ;
3237 3545 3443 3615 estque
3459 3541 3555 3598 hic
3567 3558 3879 3603 numerus

2201 3640 2313 3699 par
2342 3625 2664 3682 secundus.
2694 3628 2889 3682 Unum
2904 3629 3527 3703 etquatuorquinque,
3551 3631 3658 3705 qui
3681 3631 3882 3693 debet

2202 3729 2334 3771 esse
2363 3715 2562 3788 impar
2590 3715 2891 3771 secundus
2919 3732 2991 3772 ex
3023 3718 3154 3790 pari
3182 3722 3239 3775 et
3266 3718 3501 3792 impare
3545 3727 3874 3781 constans.

2203 3802 2527 3861 Considera
2559 3803 2739 3874 igitur
2764 3804 2823 3861 in
2846 3806 3131 3863 omnibus
3156 3808 3320 3880 quod
3351 3809 3624 3882 sequitur
3651 3810 3882 3870 absur-

2202 3890 2369 3947 dum.
2393 3890 2452 3947 Si
2484 3892 2679 3948 unitas
2711 3892 2955 3951 alteram
2986 3893 3277 3963 unitatem
3308 3902 3579 3954 assumat
3607 3902 3667 3954 et
3717 3915 3882 3974 qua-

2201 3980 2496 4037 ternarius
2523 3980 2707 4038 alium
2733 3997 3073 4057 numerum,
3101 3983 3560 4042 etintendantur
3587 3991 3880 4048 senarius

2201 4073 2305 4126 aut
2335 4070 2646 4143 quinarius
2676 4086 2983 4141 numerus,
3015 4072 3351 4130 absurdum
3384 4073 3579 4131 fuerit.
3605 4077 3862 4148 Rursus,

2200 4158 2250 4213 si
2271 4159 2691 4231 quaternarius
2724 4161 2901 4217 unius
2931 4161 3346 4219 remissionem
3377 4163 3694 4237 suscipiat,
3728 4168 3872 4241 qui-

2199 4249 2402 4304 narius
2423 4248 2531 4305 erit
2550 4250 2990 4322 quaternarius.
3010 4254 3212 4324 Neque
3234 4254 3396 4309 enim
3418 4253 3620 4311 unitas
3659 4259 3883 4316 remis-

2200 4337 2432 4393 sionem
2465 4339 2769 4411 suscipere
2798 4340 3035 4412 poterit.
3068 4341 3241 4407 Quod
3263 4341 3311 4397 si
3332 4343 3462 4399 ﬁeri
3493 4349 3721 4416 posset,
3740 4363 3880 4407 non

429 4431 487 4482 et
507 4427 930 4486 intensionem.
966 4430 1477 4506 Quandoquidem
1523 4434 1571 4489 si
1617 4448 1908 4489 numerus
1960 4435 2090 4507 ipse
2123 4427 2167 4483 D
2198 4426 2394 4483 solum
2414 4426 2747 4500 quinarius,
2777 4445 2982 4486 verum
3003 4430 3183 4487 etiam
3204 4428 3457 4505 quilibet
3479 4447 3784 4493 numerus
3806 4438 3876 4497 in

427 4515 741 4588 quinarius
797 4533 872 4575 ex
918 4525 1089 4593 parte
1128 4521 1475 4594 quantitatis
1527 4525 1733 4593 posset
1784 4522 2087 4597 suscipere

426 4606 863 4675 remissionem,
896 4610 1111 4668 eadem
1142 4611 1257 4668 hac
1285 4611 1664 4679 remissione,
1698 4627 1884 4685 quam
1928 4615 2086 4672 susci

425 4698 613 4769 peret,
645 4696 967 4755 minimum
994 4698 1146 4773 quid
1175 4698 1473 4757 evaderet.
1499 4703 1647 4757 Nam
1678 4717 1747 4757 ex
1794 4704 2087 4776 copulatis

420 4785 692 4842 numeris
716 4786 1272 4860 quilibetnumerus
1313 4787 1612 4846 unitatum
1652 4790 2087 4853 substractione

423 4874 627 4935 minor
654 4875 874 4950 factus,
908 4878 1190 4936 evaderet
1211 4894 1284 4935 ex
1311 4879 1569 4936 ternario
1618 4880 1889 4940 binarius
1926 4891 1985 4944 et
2012 4901 2087 4944 ex

420 4962 662 5024 binario
690 4966 911 5025 unitas.
946 4967 1005 5024 Si
1026 4967 1206 5038 igitur
1231 4982 1341 5041 per
1359 4966 1758 5028 intensionem
1790 4973 1904 5030 tria
1951 4990 2085 5034 eva-

420 5050 573 5111 dant
595 5058 858 5127 quatuor
884 5059 943 5112 et
971 5056 1096 5112 duo
1131 5055 1261 5125 tria,
1294 5056 1453 5114 idem
1478 5060 1706 5118 accidet
1727 5078 1979 5121 numero
2010 5082 2085 5124 ex

418 5140 515 5199 bis
542 5142 784 5201 duobus
806 5145 1076 5219 quinque
1109 5150 1339 5219 septem
1368 5150 1702 5221 composito
1732 5170 1745 5222 ;
1775 5155 1941 5227 qoud
1992 5162 2083 5214 est

418 5231 777 5291 absurdum.
803 5235 1028 5292 Eodem
1050 5235 1235 5294 modo
1263 5252 1372 5311 per
1392 5240 1803 5300 remissionem
1822 5245 1933 5303 tria
1957 5244 2079 5305 duo

416 5320 747 5379 evaderent
769 5327 827 5381 et
853 5323 976 5380 duo
1004 5339 1235 5395 unum;
1293 5327 1456 5386 idem
1502 5345 1746 5406 quoque
1785 5334 2081 5395 accideret

416 5422 674 5498 numero
695 5426 768 5467 ex
796 5412 889 5469 his
927 5411 1171 5473 duobus
1196 5418 1464 5493 quinque
1504 5419 1696 5479 tribus
1735 5422 2074 5498 constituto,

415 5510 553 5569 quae
572 5496 822 5573 quidem
851 5500 981 5560 ﬁeri
1001 5510 1311 5579 nequeunt
1338 5513 1396 5566 et
1420 5514 1563 5567 sunt
1589 5510 1878 5569 absurda.
1904 5496 2079 5581 Quod

414 5582 469 5643 εἰ
496 5601 609 5661 pro
633 5586 822 5653 tribus
848 5597 1110 5670 quatuor
1128 5600 1187 5657 et
1206 5612 1318 5672 pro
1347 5596 1588 5661 duobus
1614 5615 1827 5672 unum,
1858 5602 2074 5677 quina-

2196 4515 2451 4572 nihilum
2489 4515 2916 4575 dissolveretur
2947 4534 2960 4587 ;
2993 4519 3159 4593 quod
3180 4521 3360 4578 etiam
3379 4520 3720 4582 absurdum
3743 4534 3872 4586 est.

2197 4614 2370 4681 Quod
2415 4614 2466 4671 si
2499 4615 2699 4673 unitas
2747 4615 2996 4675 alteram
3043 4618 3334 4678 unitatem
3381 4627 3676 4692 assumat,
3732 4625 3872 4685 duo

2193 4704 2340 4763 ﬂent
2374 4722 2389 4773 ;
2420 4710 2477 4763 et
2505 4706 2555 4764 si
2581 4708 3003 4780 quaternarius
3033 4710 3277 4768 unitatis
3339 4711 3872 4775 substractionem

2196 4795 2506 4869 suscipiat,
2551 4797 2799 4855 omnino
2853 4798 3149 4856 ternarius
3236 4814 3530 4857 numerus
3608 4803 3868 4864 evadet.

2194 4883 2436 4943 Constat
2473 4885 2651 4957 igitur
2668 4886 2980 4960 quinarius
3006 4903 3131 4944 non
3157 4904 3229 4945 ex
3251 4889 3477 4947 unitate
3508 4894 3565 4948 et
3612 4898 3873 4962 quater-

2192 4976 2384 5049 nario,
2413 4975 2523 5033 sed
2549 4979 2749 5051 potius
2779 4993 2851 5035 ex
2891 4978 3126 5037 binario
3174 4984 3232 5038 et
3282 4980 3543 5039 ternario
3602 4997 3616 5049 ;
3666 4982 3874 5059 idque

2192 5066 2526 5123 secundum
2545 5071 2844 5125 naturam.

2260 5159 2313 5211 2.
2344 5157 2424 5212 Ex
2463 5155 2686 5229 quibus
2731 5156 3015 5215 omnibus
3081 5157 3333 5216 efficitur
3374 5158 3438 5216 in
3495 5159 3872 5233 qualitatem

2189 5245 2402 5302 cadere
2424 5245 2820 5304 intensionem
2853 5248 3358 5317 etremissionem,
3375 5248 3434 5305 in
3450 5249 3873 5322 quantitatem

2187 5350 2330 5392 vero
2356 5351 2697 5410 nunquam.
2724 5338 2925 5394 Posset
2945 5336 3128 5403 enim,
3171 5337 3220 5394 si
3252 5339 3368 5395 hoc
3420 5354 3627 5396 verum
3666 5330 3869 5412 esset,

2186 5438 2294 5498 per
2321 5426 2718 5483 intensionem
2745 5429 2802 5483 et
2839 5426 3261 5485 remissionem
3287 5428 3665 5501 quantitatis,
3723 5434 3869 5505 qui-

2182 5515 2393 5575 narius
2417 5531 2546 5573 esse
2575 5515 2994 5591 quaternarius
3017 5517 3315 5576 ternarius
3344 5523 3402 5575 et
3444 5520 3858 5597 septenarius,

2185 5605 2355 5681 quod
2381 5604 2562 5680 longe
2590 5605 3099 5668 adsurdissimum
3129 5610 3236 5669 est.
3277 5607 3392 5670 Par
3429 5604 3679 5685 quidem
3732 5624 3859 5671 nu-
