4130 6400
270 407 409 463 1329

294 619 401 674 ἐκεῖ
428 617 489 674 δε
512 621 702 689 ποσὸν,
750 617 908 672 λαϐὸν
947 624 1131 695 χώραν
1184 618 1471 683 ἑπιτάσεως
1516 625 1605 674 καὶ
1661 618 1907 684 ἀνεσιως,

292 709 459 766 πολλὰ
511 711 678 784 ἔφερεν
736 707 909 762 ἄτοπα
968 729 982 745 ο
1034 707 1250 769 ἕποίησε
1324 712 1427 786 ⁴γὰρ
1506 714 1602 769 τήν
1677 706 1914 763 πεντάδα

294 794 501 854 ἕπτάδα
550 802 642 851 καὶ
695 793 861 861 ἔξάδα
918 802 1009 851 καὶ
1067 795 1317 873 τετράδα,
1378 804 1468 853 καὶ
1514 795 1730 876 τριάδα,
1785 798 1909 872 ὅπερ

293 888 485 942 ἄτοπον
509 891 602 941 καὶ
632 889 958 960 σοφιστικὸν.
1005 894 1172 942 Τοῦτο
1222 893 1394 943 τοίνυν
1452 885 1536 943 δεῖ
1582 894 1713 942 νοεῖν
1770 889 1912 960 ἡμᾶς

294 982 380 1031 καὶ
408 976 626 1032 ἐπὶτῶν
678 977 938 1053 ῥηθέντων
989 976 1175 1032 λευκοῦ
1231 983 1321 1032 καὶ
1364 978 1575 1052 μέλανος
1634 999 1647 1013 ·
1702 979 1771 1031 τά
1817 980 1908 1050 μὲν

294 1069 422 1122 ποιὰ
470 1066 823 1134 ἀλλοιοῦνται,
868 1063 929 1121 δὲ
1001 1071 1166 1121 ποσόν
1224 1064 1473 1122 οὐδέποτε
1525 1066 1818 1121 ἀλλοιοῡτοι
1890 1103 1906 1119 .

295 1153 418 1211 οὐδὲ
439 1159 539 1232 γὰρ
567 1155 806 1219 ἕπίτασις
832 1160 922 1210 καὶ
944 1155 1121 1221 ἃνισις
1178 1156 1227 1210 ἓν
1273 1166 1443 1231 ποσῷ,
1496 1156 1604 1211 ἀλλ’
1652 1164 1767 1210 ἴσον
1818 1176 1910 1245 καὶ

293 1246 497 1306 ἄνισον,
540 1246 604 1300 Εἰ
657 1248 750 1319 μὲν
803 1252 891 1300 οὖν
952 1246 1048 1306 ὕλη
1105 1248 1172 1300 τὰ
1222 1249 1514 1323 πράγματα
1574 1249 1904 1333 θεωροῦνται,

293 1343 405 1400 τοῖς
427 1341 570 1411 τρισὶ
619 1340 815 1411 πέρασι
862 1343 956 1390 τοῦ
1006 1345 1176 1391 ποσοῦ
1219 1337 1608 1414 πιρικλείεσθαι
1664 1339 1910 1412 θεωροῦν-

294 1448 384 1483 ται
441 1448 456 1462 '
515 1428 574 1481 όύ
621 1429 724 1500 ’γὰρ
779 1424 1054 1500 ἀμειφθείη
1106 1431 1164 1481 τὸ
1224 1436 1317 1482 τοῦ
1372 1427 1590 1504 ἀλεύρου
1650 1424 1905 1501 μεδίμνου

293 1520 463 1572 ποσὸν
497 1521 570 1579 εἱς
589 1517 648 1568 τὸ
679 1523 773 1577 τῆς
812 1520 1006 1577 σηπίας
1051 1518 1250 1571 κυάθου
1300 1516 1456 1590 μέλαν
1511 1518 1698 1580 ποσὸν,
1750 1515 1905 1589 ἀμει-

296 1605 388 1678 ψις
414 1602 467 1659 δ’
496 1603 691 1678 ἐγένετο
714 1606 930 1671 τούτων,
970 1611 1061 1660 καὶ
1106 1614 1170 1680 τῇ
1229 1605 1440 1680 ἀμείψει
1471 1605 1660 1666 συνέϐη
1697 1606 1900 1679 ὕφεσις,

295 1694 496 1769 ἇνῆλλῃ
547 1690 608 1747 δὲ
655 1697 887 1753 ποιότηπ
917 1698 1126 1757 ποίότης
1183 1695 1438 1750 ἕνωθεῐσα
1488 1695 1638 1770 ἑτέρα
1685 1698 1902 1754 ποιήσει

294 1784 556 1853 ἐπίτασιν,
586 1783 691 1837 οἷον
729 1781 911 1858 ἄρτιος
943 1785 969 1837 6
1021 1789 1278 1859 τέσσαρα,
1344 1784 1435 1838 καὶ
1482 1785 1507 1837 6
1558 1780 1676 1850 δυο,
1727 1789 1817 1837 καὶ
1875 1788 1907 1838 ὅ

288 1877 381 1948 μὲν
422 1873 692 1948 ἰσομερὴς,
744 1874 771 1925 6
820 1869 883 1927 δὲ
937 1880 1234 1948 προμήκης.
1292 1872 1503 1929 Ἀνισοι
1554 1880 1682 1946 ⁶γοῦν
1724 1878 1815 1927 καὶ
1856 1872 1899 1927 εἰ
1970 1889 2010 1944 Β

285 1963 563 2031 ὸωθῶσιν,
591 1960 805 2024 ἀλλοίως
826 1970 1046 2035 γεννῶσι
1069 1968 1158 2017 καὶ
1187 1965 1214 2017 6
1268 1961 1367 2017 δύο
1417 1968 1509 2017 καὶ
1561 1962 1587 2016 ὀ
1641 1966 1893 2038 τέσσαρα,

281 2057 374 2106 καὶ
395 2052 620 2127 ἀμειεοθῇ
670 2053 761 2124 μὲν
827 2053 854 2104 6
913 2052 1163 2127 ἰσομερής
1209 2054 1280 2117 εἰς
1334 2056 1420 2107 τὸν
1472 2057 1748 2128 προμήκη,
1806 2058 1896 2107 καὶ

279 2144 418 2196 κατά
454 2145 545 2216 μὲν
568 2149 722 2196 τοῦτο
784 2141 988 2204 ἀλλοῖος
1030 2148 1330 2215 γενήσεται,
1387 2146 1667 2219 προμήκης
1712 2143 1816 2215 γὰρ
1880 2162 1894 2177 '

281 2235 417 2287 κοιτά
446 2229 508 2286 δέ
534 2235 594 2286 τὸ
656 2232 858 2307 ἄρτιον,
919 2231 1026 2285 οὔτ’
1074 2231 1224 2295 ἀλλος
1273 2236 1391 2286 οὔτε
1440 2230 1637 2293 ἀλλοῖος
1715 2230 1891 2306 ἆρτιοι

280 2324 384 2397 γὰρ
414 2324 584 2385 κοιὶοὶ
617 2322 942 2383 συνελθόντες
971 2326 1064 2375 καὶ
1103 2324 1129 2375 ό
1175 2322 1227 2386 ἐξ
1265 2326 1453 2390 αὐτῶν,
1510 2323 1644 2374 ὥστε
1694 2325 1751 2374 τὸ
1799 2324 1891 2394 μὲν

279 2431 431 2466 ποιον
485 2417 577 2466 καὶ
629 2413 885 2473 ἠλλοιώθη
947 2408 1128 2465 ἐνθαδί
1178 2415 1267 2465 καὶ
1315 2411 1551 2466 ἐπίτασιν
1608 2409 1776 2481 ἔλαϐε,
1832 2414 1890 2464 τό

285 2499 346 2556 δὲ
369 2505 534 2555 ποσὸν
561 2502 659 2555 οὐκ
686 2501 947 2561 ἠλλοιώθη
972 2522 984 2534 ·
1025 2503 1212 2564 πάντες
1241 2504 1342 2574 γὰρ
1383 2503 1441 2554 τό
1488 2499 1674 2553 οἰκεῖον
1728 2502 1891 2553 ποσόν

283 2591 669 2666 παρεφύλαξαν,
701 2591 728 2643 ὁ
761 2587 857 2644 δύο
881 2594 941 2644 τό
981 2587 1100 2658 δὺο,
1152 2592 1178 2644 6
1240 2594 1478 2667 τέσσαρα
1523 2593 1582 2642 τό
1633 2593 1888 2665 τέσσαρα,

287 2686 378 2735 καὶ
421 2680 449 2734 ὁ
495 2680 549 2745 ἒξ
602 2684 662 2734 τὸ
709 2680 763 2745 ἐξ
819 2676 967 2749 εἶναι,
1025 2683 1082 2734 1'6
1142 2676 1201 2735 δὲ
1258 2683 1406 2734 ποιὸν
1472 2678 1727 2739 ἠλλοιώθη
1801 2683 1891 2733 καὶ

253 2902 458 2945 merus
488 2901 628 2943 cum
672 2884 893 2959 impari
940 2884 1311 2960 compositus
1342 2882 1544 2956 nihil}
1560 2882 1911 2941 inusitatum

251 2975 575 3032 constituit.
613 2974 706 3033 Sic
727 2974 889 3032 enim
915 2974 1037 3032 duo
1066 2978 1204 3031 sunt
1233 2989 1472 3048 semper
1499 2973 1620 3030 duo
1649 2991 1663 3043 ;
1696 2976 1754 3029 et
1774 2970 1906 3040 tria,

253 3065 367 3122 tria
398 3084 412 3135 ;
440 3064 706 3138 quodest
725 3064 1076 3139 quantitatis
1095 3064 1419 3137 proprium.
1435 3066 1585 3120 Nam
1608 3061 1670 3119 hi
1689 3076 1905 3118 nume-

1120 403 1477 463 THEODORI
1514 405 1562 462 II
1600 401 1743 461 IMP.
1785 404 1877 464 DE
1914 402 2375 464 COMMUNIONE
2413 408 2766 466 NATURALI

293 533 478 604 ὕφεσις
529 535 655 602 γοῦν
707 528 930 584 ἐνταῦθα
969 536 1070 583 τῶν
1126 533 1420 589 ποιοτήτων
1462 535 1553 584 καὶ
1602 529 1909 597 ἀλλοίωσις,
1969 535 2017 584 Α
2076 525 2298 590 ἔπέτάθη

3535 414 3676 473 1330

2359 551 2372 566 ·
2418 533 2445 585 6
2502 536 2603 608 761p
2661 539 2960 608 προμήκης,
3017 533 3185 588 λαϐὼν
3258 538 3347 589 τόν
3442 537 3685 615 ἰσομερῆ,

2074 618 2291 691 ἣμειψεν
2356 622 2512 675 αὐτόν
2569 623 2642 686 εἰς
2678 627 2737 678 1'6
2791 622 3076 698 πρόμηκες,
3131 625 3174 678 εἰ
3222 621 3282 680 δὲ
3325 631 3416 680 καὶ
3489 630 3571 682 ὅτι
3650 632 3681 688 ἠ

2074 706 2235 781 αβσγ
2283 718 2372 772 τῆς
2412 710 2449 784 β
2504 733 2538 785 γ
2594 712 2776 776 ἀνισος
2826 718 2917 767 καὶ
2978 712 3161 768 ἀλλοία
3213 721 3331 789 εἴπῃ
3399 736 3495 783 τις,
3552 718 3686 781 ἳσως

2071 799 2221 852 ἔσται
2251 798 2310 851 6'3
2343 796 2438 854 διά
2482 805 2576 861 τὴν
2625 801 2866 857 ἐπίτασιν
2925 803 2954 864 ἦ
3016 807 3110 862 τὴν
3159 804 3355 875 ἄνεσιν,
3415 805 3543 861 ἀλλά
3589 805 3685 862 διὰ

2070 889 2130 940 1'6
2164 888 2343 961 μεῖζον
2369 894 2459 945 καὶ
2487 895 2545 944 τό
2573 891 2783 946 ἔλαττον
2817 914 2830 928 ·
2861 899 3017 946 τοῦτο
3044 894 3144 967 γὰρ
3191 892 3249 946 οὐ
3307 902 3498 963 ποσοῦ,
3551 894 3684 950 ἀλλά

2069 984 2163 1030 τοῦ
2206 981 2337 1054 πρὸς
2383 999 2455 1048 τι,
2523 983 2593 1045 ὡς
2649 988 2740 1035 καὶ
2793 981 3157 1059 Ἀριστοτελης
3220 985 3267 1035 ἓν
3326 990 3683 1060 Κατηγορίαις

2071 1071 2252 1140 φησίν.
2305 1070 2439 1123 Οὔτε
2482 1072 2605 1145 γὰρ,
2658 1073 2791 1125 κατά
2838 1074 2926 1125 τὸν
2984 1072 3145 1125 αὑτοῦ
3201 1070 3373 1144 λόγον,
3443 1071 3681 1137 ἐπίτασις

2069 1160 2159 1209 καὶ
2206 1155 2382 1220 ἄνεσις
2433 1166 2525 1213 τοῦ
2576 1167 2745 1214 ποσοῦ
2810 1162 2893 1215 ότι
2943 1168 3037 1224 τῆς
3085 1165 3379 1229 ποιότητος,
3440 1162 3558 1216 οὒτε
3623 1168 3681 1217 τό

2069 1249 2205 1318 μέγα
2253 1251 2344 1301 καὶ
2396 1251 2455 1301 1'6
2485 1252 2671 1325 μικρὸν
2716 1251 2795 1303 ὅτι
2819 1256 2914 1305 τοῦ
2951 1253 3084 1325 πρός
3138 1270 3211 1319 τι,
3264 1246 3405 1305 ἴδιον
3473 1248 3534 1306 δὲ
3589 1261 3680 1306 τοῦ

2067 1333 2236 1389 ποσοῦ
2258 1340 2316 1390 τό
2347 1335 2525 1392 ἄνισον
2549 1344 2638 1393 καὶ
2666 1342 2723 1393 1'6
2774 1335 2909 1411 ἴσον,
2967 1347 3121 1414 εὕρῃς
3170 1336 3230 1394 δὲ
3275 1345 3366 1395 καὶ
3409 1339 3458 1393 ἐν
3506 1340 3683 1404 ἄλλοις

2069 1424 2159 1478 εἶτ’
2188 1429 2428 1480 ἐπίτασιν
2459 1428 2551 1482 εἰτ’
2575 1428 2751 1482 οἱνεσιν
2776 1437 2869 1482 τοῦ
2895 1437 3070 1496 ποιοῦ,
3121 1436 3212 1482 τοῦ
3266 1437 3437 1484 ποσοῦ
3488 1427 3548 1486 δὲ
3600 1430 3679 1487 ἀεὶ

2067 1517 2128 1567 τὸ
2150 1511 2285 1584 ἶσον,
2316 1519 2376 1569 1'6
2409 1516 2607 1582 ἄνισον,
2637 1518 2772 1572 ὣστε
2797 1518 2974 1581 ἄνισος
2996 1522 3086 1571 καὶ
3125 1519 3151 1571 6
3209 1518 3264 1582 ἐξ
3312 1523 3403 1571 καὶ
3458 1520 3485 1572 6
3547 1516 3680 1573 δέκα

2066 1607 2203 1658 κατά
2222 1608 2279 1658 1'6
2310 1609 2496 1676 ποσόν,
2519 1605 2716 1669 ἀλλοῖος
2747 1604 2806 1662 δὲ
2830 1609 2966 1662 κατά
2992 1611 3051 1660 1'6
3073 1611 3222 1661 ποιόν
3247 1628 3260 1641 ·
3303 1610 3395 1660 καὶ
3443 1605 3677 1671 όξώὸους

2064 1698 2338 1754 ποιότητοε
2402 1693 2518 1755 εῑδη
2582 1696 2745 1750 πολλά
2769 1697 2830 1751 ἄν
2861 1696 2922 1750 ἂν
2984 1696 3139 1771 εὕρῃς
3194 1695 3533 1770 ἐπιτεταμένα
3582 1702 3676 1751 καὶ

2065 1781 2311 1856 ὑφειμένα
2366 1791 2459 1856 τῷ,
2506 1793 2657 1857 ποσῷ
2735 1781 2785 1839 δ’
2867 1793 2948 1853 οὐ,
3021 1784 3126 1838 ἀλλ’
3189 1782 3281 1839 ἶσα
3343 1790 3434 1838 καὶ
3489 1785 3670 1856 ἆνισα,

2065 1877 2159 1936 Τίς
2184 1869 2243 1927 δὲ
2272 1876 2339 1927 τά
2357 1879 2430 1948 μὴ
2464 1872 2681 1949 ὁμοειδῆ
2717 1880 3006 1952 συγκρίνει,
3047 1874 3176 1929 ἀλλά
3212 1877 3277 1928 τά
3333 1873 3591 1949 ἐτιροειδῆ
3656 1897 3671 1912 ο

2069 1967 2170 2017 Καὶ
2215 1967 2512 2039 πκομορέα
2573 1967 2774 2040 σμικρά
2820 1964 3025 2037 λβγεται
3072 1969 3163 2018 καὶ
3225 1963 3399 2038 μιὶξον
3474 1964 3672 2042 κλῆμα,

2065 2053 2201 2106 ὥστε
2226 2055 2361 2107 κατά
2404 2057 2464 2108 1'6
2520 2053 2677 2108 αὐτόν
2737 2057 2930 2127 ’χρόνον
2980 2056 3039 2106 τὸ
3094 2053 3220 2107 αὐτὸ
3271 2060 3494 2127 πρᾶγμα
3538 2059 3673 2127 μέγα

2055 2146 2147 2194 καὶ
2176 2145 2386 2217 μικρὸν,
2429 2146 2521 2196 καὶ
2569 2141 2794 2196 ἐναντίον
2851 2142 2979 2196 αὐτὸ
3036 2143 3108 2204 εἰς
3161 2141 3338 2211 ἑαυτό,
3396 2140 3520 2216 ὅπερ
3568 2150 3669 2196 τῶν

2056 2228 2348 2288 ἀδυνάτων.
2373 2234 2450 2286 Τά
2478 2236 2569 2308 μὲν
2603 2229 2690 2287 οὖν
2718 2234 2818 2285 τῶν
2847 2231 2898 2286 ἓν
2926 2235 3128 2306 ὅγεύσει
3182 2252 3241 2285 το
3299 2236 3392 2286 καὶ
3461 2233 3666 2307 ὁράσει,

2055 2323 2218 2394 ἤγουν
2267 2321 2610 2394 γλυκύτητος,
2662 2323 3006 2387 ἀλυκύτητος,
3079 2324 3414 2397 θερμότητος,
3458 2322 3670 2398 ψυχρό-

2053 2431 2231 2481 τητος,
2274 2411 2585 2475 λευκότητος
2641 2420 2747 2467 οῖον
2795 2418 2886 2466 καὶ
2935 2411 3171 2486 μέλανος,
3231 2410 3391 2473 ἀκόῆς
3443 2429 3499 2465 τε
3578 2416 3669 2465 καὶ

2056 2499 2209 2575 ἀφῇς,
2238 2505 2414 2574 τραχὺ
2437 2506 2527 2555 καὶ
2577 2501 2731 2573 λιΐον,
2789 2505 2880 2555 καὶ
2936 2502 3003 2554 τά
3049 2499 3098 2553 ἐν
3138 2499 3396 2574 ὀσφρήσει
3441 2496 3662 2558 δυσώδη

2053 2595 2145 2643 καὶ
2194 2586 2362 2650 εὐώδη
2417 2595 2510 2645 καὶ
2551 2594 2691 2665 μέσα
2744 2595 2834 2643 καὶ
2883 2584 3276 2652 ἀναποδείκτως
3328 2593 3358 2648 η
3426 2586 3669 2663 ἐνάργεια

2056 2675 2212 2738 δηλοῖ
2236 2678 2315 2733 ότι
2343 2699 2438 2756 περ
2459 2687 2552 2734 τοῦ
2578 2687 2752 2750 ποιοῦ,
2779 2680 2977 2743 όποίως.
2998 2674 3059 2733 δέ
3085 2682 3175 2731 καὶ
3226 2678 3293 2733 τά
3354 2684 3456 2733 τῶν
3517 2695 3668 2750 χρω-

2020 2883 2294 2955 partibus
2312 2887 2596 2942 constans
2628 2885 2692 2942 in
2723 2883 2909 2942 altera
2939 2885 3109 2957 parte
3144 2881 3477 2953 longiorem
3503 2895 3674 2938 com-

2019 2975 2275 3030 mutatus
2288 2972 2483 3031 fuerit.
2496 2974 2538 3028 A
2549 2978 2688 3047 tque
2698 2973 2921 3031 idcirco
2935 2970 3248 3030 aliusmodi
3261 2969 3494 3037 evadet,
3507 2984 3676 3027 nem-

2020 3078 2096 3136 pe
2125 3062 2310 3120 altera
2333 3068 2504 3138 parte
2531 3063 2784 3136 longior,
2808 3062 2924 3120 Sed
2946 3062 2997 3119 si
3021 3062 3134 3119 hos
3157 3074 3444 3117 numeros
3471 3063 3680 3130 quate-

247 3154 1013 3228 ripermanseruutetiamsi
1026 3153 1426 3226 aequalitatem
1465 3151 1903 3225 etinaaqualita-
1937 3144 1976 3199 C
2020 3167 2135 3207 nus
2154 3156 2485 3227 suntpares
2504 3149 3389 3224 consideres,nequealiineque
3403 3147 3676 3205 aliusmo-

246 3250 368 3302 tem
405 3243 794 3318 susceperint.
837 3243 953 3301 Sed
982 3259 1121 3299 cum
1152 3242 1411 3317 qualitas
1442 3259 1581 3299 cum
1619 3240 1907 3315 qualitate

246 3335 586 3406 copulatur,
611 3332 838 3389 exsistit
892 3331 1078 3390 altera
1146 3333 1326 3389 mista
1375 3331 1655 3405 qualitas.
1706 3334 1907 3403 Neque

246 3423 409 3480 enim
438 3438 551 3497 par
597 3437 886 3478 numerus
914 3423 1080 3479 omni
1106 3438 1179 3479 ex
1216 3427 1385 3495 parte
1441 3421 1668 3478 exsistit
1710 3436 1908 3493 neque

247 3514 448 3587 impar
484 3512 588 3585 qui
616 3528 740 3568 non
760 3512 941 3568 etiam
977 3511 1181 3585 aliqua
1206 3528 1279 3568 ex
1305 3516 1475 3584 parte
1503 3527 1633 3584 par.
1668 3511 1768 3567 Hic
1796 3510 1907 3580 igi-

246 3606 346 3661 tur
374 3606 463 3659 est
490 3600 846 3676 qualitatem
869 3600 1142 3658 remissio
1163 3605 1221 3657 et
1252 3600 1664 3658 commutatio.
1698 3598 1907 3656 Atillic

246 3691 582 3765 quantitate
600 3690 997 3748 iutensionem
1022 3689 1509 3746 etremissionem
1541 3687 1906 3760 suscipiente

248 3779 440 3838 multa
468 3779 737 3837 absurda
765 3779 1153 3838 exsistebant.
1206 3782 1356 3837 Nam
1388 3794 1460 3835 ex
1516 3777 1618 3834 illa
1676 3777 1907 3834 ratione

247 3870 560 3943 quinarius
588 3873 717 3926 erat
781 3868 1174 3942 septenarius,
1242 3868 1531 3939 senarius,
1589 3870 1905 3939 quaterna-

247 3959 392 4028 rius,
421 3959 720 4015 ternarius
747 3957 914 4031 quod
935 3963 1023 4015 est
1049 3957 1384 4014 absurdum
1411 3961 1467 4013 et
1486 3954 1904 4028 sophisticam.

247 4046 372 4104 Hoc
401 4046 581 4118 igitur
609 4047 996 4104 considerare
1012 4061 1126 4104 nos
1143 4051 1380 4119 oportet
1404 4044 1581 4102 etiam
1602 4045 1665 4101 in
1688 4043 1906 4117 praedi-

240 4136 375 4208 ctis,
408 4136 548 4193 albo
583 4136 807 4192 scilicet
836 4140 892 4193 et
919 4136 1117 4207 nigro.
1149 4140 1299 4193 Nam
1326 4133 1613 4208 qualitate
1654 4132 1908 4206 prmdita

238 4226 548 4301 qualitatis
568 4225 1103 4282 commutationem
1158 4224 1497 4297 suscipiunt
1549 4223 1905 4290 Quantitatis

236 4331 382 4374 vero
398 4315 566 4372 nulla
581 4320 776 4388 potest
790 4331 920 4372 esse
936 4316 1236 4388 ejusmodi
1265 4313 1678 4386 commutatio,
1714 4330 1907 4387 quan-

239 4404 573 4478 doquidem
602 4404 664 4460 in
694 4405 1027 4478 quantitate
1043 4405 1304 4462 intensio
1325 4408 1383 4461 et
1409 4403 1684 4460 remissio
1703 4402 1907 4460 locum

1966 3262 1973 3273 '
2018 3240 2515 3299 dievadent.Nam
2528 3235 3524 3316 quicopulatisuntintersenumeri
3541 3240 3678 3293 sunt

2017 3346 2213 3403 pares,
2241 3331 2413 3405 etqui
2433 3347 2505 3388 ex
2529 3331 2670 3403 ipsis
2686 3330 3058 3403 compositus
3069 3332 3179 3400 est,
3193 3332 3281 3385 est
3296 3342 3426 3401 par.
3448 3328 3677 3393 Quam-

2014 3420 2226 3477 obrem
2250 3420 2311 3476 in
2348 3420 2443 3477 his
2480 3419 2740 3494 qualitas
2777 3419 3027 3493 quidem
3087 3421 3462 3475 commutata
3498 3420 3592 3473 est
3621 3419 3679 3472 et

2014 3508 2414 3566 intensionem
2454 3509 2738 3583 suscepit,
2752 3508 3060 3582 quantitas
3088 3523 3230 3564 vero
3259 3522 3383 3563 non
3406 3508 3493 3562 est
3512 3520 3679 3561 com—

2016 3602 2264 3655 mutata.
2289 3600 2510 3656 Omnes
2542 3599 2704 3656 enim
2724 3614 2899 3656 suam
2929 3597 3328 3671 quantitatem
3357 3608 3677 3652 conserva-

2013 3691 2173 3758 runt,
2195 3689 2276 3746 ita
2300 3694 2365 3746 ut
2392 3688 2516 3746 duo
2538 3689 2656 3746 sint
2683 3689 2806 3746 duo
2837 3707 2850 3742 :
2891 3689 3672 3762 quatuor,quatuor,etsex,

2015 3794 2138 3835 sex.
2155 3778 2495 3852 Atqualitas
2507 3783 2878 3836 commutata
2889 3777 3315 3834 estetintensa.
3330 3775 3475 3832 Nam
3489 3773 3676 3832 altera

2015 3871 2183 3939 parte
2202 3866 2440 3938 longior
2460 3872 2845 3941 assumptum
2864 3882 3188 3924 numerum
3242 3880 3318 3921 ex
3337 3862 3675 3936 aequalibus

2013 3955 2286 4028 partibus
2314 3961 2708 4027 constantem,
2728 3957 2970 4013 mutavit
2992 3954 3055 4011 in
3066 3954 3251 4012 altera
3261 3952 3676 4028 partelongio-

2013 4060 2142 4101 rem
2167 4061 2504 4103 numerum.
2539 4047 2711 4113 Quod
2732 4046 2779 4102 si
2792 4043 3332 4120 quisdicatlineam
3361 4058 3400 4100 (ι
3421 4043 3455 4099 6
3479 4057 3510 4099 ο
3530 4041 3677 4115 quia

2014 4139 2106 4191 est
2133 4135 2446 4209 inaqualis
2474 4136 2647 4215 lineas
2679 4136 2712 4192 b
2729 4151 2763 4193 c
2781 4136 2963 4192 etiam
2986 4135 3112 4192 fore
3135 4134 3387 4192 fortasse
3407 4131 3676 4189 dissimi-

2013 4223 2135 4281 lem
2152 4243 2165 4293 ;
2182 4224 2540 4297 respondem
2551 4243 2619 4281 us
2638 4226 2755 4282 hoc
2767 4240 2889 4282 non
2904 4223 3175 4281 accidere
3190 4227 3297 4280 aut
3315 4226 3562 4296 propter
3577 4221 3676 4276 in-

2015 4313 2352 4370 tensionem
2365 4319 2468 4370 aut
2482 4314 2923 4381 remissionem,
2938 4312 3046 4371 sed
3061 4315 3301 4387 propter
3323 4310 3472 4369 illud
3507 4308 3677 4383 quod

2015 4407 2108 4460 est
2138 4404 2336 4475 majus
2357 4407 2413 4460 et
2444 4405 2646 4459 minus
2677 4421 2691 4470 ;
2720 4402 2889 4475 quod
2925 4402 3175 4475 quidem
3213 4417 3337 4458 non
3363 4399 3443 4456 ad
3471 4414 3676 4472 quan-

239 4508 371 4552 non
399 4494 648 4564 habent,
677 4494 781 4550 sed
803 4494 1035 4567 aequale
1064 4498 1121 4551 et
1149 4492 1467 4567 inaequale.
1506 4493 1565 4550 Si
1608 4492 1787 4564 igitur
1835 4508 1907 4549 ex
1944 4510 1984 4565 ρ
2017 4493 2271 4560 titatem,
2300 4493 2406 4549 sed
2457 4492 2538 4549 ad
2576 4492 2927 4549 relationem
2989 4492 3245 4565 pertinet
3281 4488 3679 4564 quemadmo-

242 4585 492 4641 materia
504 4599 597 4640 res
610 4583 913 4640 naturales
931 4582 1506 4653 considerantur,his
1517 4582 1707 4639 tribus
1717 4598 1905 4656 quan-

246 4672 425 4729 titatis
450 4672 721 4730 terminis
741 4672 1156 4729 circumscribi
1178 4677 1236 4729 et
1261 4671 1537 4728 concludi
1559 4679 1903 4729 cernuntur.

243 4761 447 4834 Neque
486 4762 650 4819 enim
679 4762 1039 4820 commutari
1092 4762 1310 4835 poterit
1357 4760 1651 4818 medimni
1698 4760 1905 4818 farinae

240 4852 548 4925 quantitas
571 4852 633 4907 in
655 4851 1109 4925 cyathinigrum
1132 4851 1311 4924 sepiae
1338 4850 1698 4921 sanguinem
1719 4850 1906 4907 conti-

234 4940 435 4999 nentis
465 4941 885 5014 quantitatem,
918 4941 1024 4997 sed
1076 4939 1270 5014 potuit
1328 4938 1390 4995 in
1442 4938 1535 4995 his
1600 4938 1903 5012 qualitatis

233 5029 519 5088 exsistere
541 5028 748 5103 aliqua
758 5030 1170 5099 commutatio,
1189 5043 1376 5102 quam
1389 5027 1627 5101 quidem
1645 5043 1906 5085 commu-

227 5116 521 5176 tationem
544 5122 872 5175 consecuta
909 5123 997 5174 est
1020 5115 1297 5174 remissio
1336 5120 1393 5171 et
1414 5116 1689 5172 intensio.
1724 5120 1902 5174 Porro

224 5204 489 5281 qualitas
525 5205 713 5264 altera
751 5224 891 5264 cum
931 5207 1120 5263 altera
1174 5205 1454 5279 copulata
1504 5205 1901 5263 intensionem

226 5293 465 5363 efﬁciet,
484 5299 818 5368 utquatuor
832 5302 1214 5353 estnumerus
1231 5311 1359 5369 par,
1379 5295 1636 5369 itemque
1647 5295 1901 5354 duo.At-

222 5400 347 5460 que
373 5384 468 5441 ille
490 5386 739 5458 quidem
756 5403 843 5444 ex
869 5385 1210 5460 aequalibus
1229 5385 1424 5458 partib
1439 5402 1508 5441 us
1533 5390 1785 5451 constat,
1805 5386 1901 5442 hic

224 5492 372 5533 vero
392 5475 576 5533 altera
601 5481 767 5550 parte
782 5482 874 5535 est
888 5477 1145 5548 longior.
1173 5479 1321 5535 Sunt
1341 5476 1523 5547 igitur
1547 5476 1878 5550 inaequales

228 5565 406 5633 Quod
436 5565 487 5621 si
507 5564 631 5622 duo
660 5567 721 5623 hi
751 5567 989 5624 numeri
1015 5566 1278 5641 copulati
1305 5565 1539 5635 fuerint,
1572 5565 1897 5623 aliusmodi

229 5653 514 5714 evadent.
553 5655 1008 5729 Copulabuntur
1030 5657 1193 5712 enim
1246 5654 1517 5712 binarius
1563 5659 1621 5712 et
1657 5660 1891 5728 quater-

230 5743 441 5803 narius
452 5757 767 5804 numerus.
798 5748 879 5803 Ac
904 5759 1190 5804 numerus
1200 5743 1449 5818 quidem
1461 5759 1535 5803 ex
1558 5744 1900 5817 aequalibus

2015 4581 2166 4638 dum
2204 4582 2385 4638 etiam
2406 4580 2747 4639 Aristoteles
2776 4580 2838 4637 in
2867 4580 3189 4651 Categoriis
3217 4577 3411 4636 docet.
3436 4581 3503 4635 Ut
3522 4576 3681 4634 enim

2015 4670 2270 4728 intensio
2296 4676 2351 4727 et
2367 4671 2640 4727 remissio
2662 4686 2786 4727 non
2811 4670 3042 4727 ratione
3061 4667 3435 4743 quantitatis,
3454 4666 3561 4724 sed
3583 4681 3683 4728 ra-

2016 4760 2176 4817 tione
2199 4759 2499 4833 qualitatis
2528 4759 2709 4816 rebus
2739 4759 3040 4828 accidunt,
3072 4759 3157 4816 ita
3179 4758 3359 4815 etiam
3388 4771 3678 4829 magnum

2016 4854 2073 4906 et
2096 4866 2355 4924 parvum
2372 4865 2495 4907 non
2506 4849 2737 4906 ratione
2749 4848 3098 4922 quantitatis
3118 4846 3557 4921 autqualitatis,
3570 4843 3680 4901 sed

2014 4941 2245 4998 ratione
2273 4939 2580 4997 relationis
2605 4939 2789 4997 rebus
2828 4938 3129 4996 accidunt.
3199 4941 3274 4994 At
3327 4933 3679 5010 quantitatis

2014 5029 2248 5105 aequale
2268 5034 2324 5086 et
2349 5029 2648 5104 inmquale
2672 5029 2992 5103 proprium
3021 5033 3126 5085 est.
3159 5030 3225 5083 In
3252 5025 3384 5082 aliis
3430 5040 3678 5098 quoque

2015 5120 2196 5177 rebus
2226 5119 2709 5177 animadvertere
2731 5116 2931 5192 possis
2949 5116 3352 5175 intensionem
3382 5119 3440 5172 et
3465 5113 3678 5171 remis-

1998 5208 2248 5266 sionem
2280 5224 2413 5265 esse
2441 5208 2764 5281 qualitatis,
2798 5207 3031 5281 aequale
3082 5220 3226 5263 vero
3275 5208 3332 5261 et
3380 5202 3679 5278 inaequale

2017 5315 2254 5372 semper
2283 5298 2362 5355 ad
2387 5299 2785 5372 quantitatem
2818 5297 3132 5370 pertinere.
3173 5297 3374 5362 Quare
3404 5294 3678 5352 senarius

2016 5393 2074 5444 et
2098 5387 2381 5444 denarius
2397 5403 2688 5444 numerus
2714 5392 2853 5442 sunt
2870 5383 3200 5458 inaequales
3220 5400 3296 5441 ex
3322 5384 3678 5457 quantitate,

2015 5474 2336 5533 dissimiles
2364 5491 2508 5533 vero
2530 5480 2669 5533 sunt
2718 5491 2793 5532 ex
2847 5474 3157 5549 qualitate.
3217 5474 3302 5529 Ac
3365 5472 3681 5529 odoriferae

2015 5566 2323 5639 qualitatis
2353 5566 2546 5624 multa
2615 5581 2837 5637 genera
2882 5564 3141 5638 reperire
3200 5562 3396 5637 possis
3445 5563 3683 5619 intensa

2017 5660 2074 5714 et
2100 5656 2357 5714 remissa
2380 5672 2453 5712 ex
2482 5655 2791 5728 qualitate,
2824 5653 3082 5728 aaqualio
3102 5668 3246 5711 vero
3276 5657 3334 5709 et
3360 5650 3682 5725 inaequalia

2013 5760 2088 5806 ex
2125 5745 2480 5820 quantitate.
2509 5744 2653 5812 Quis
2676 5749 2881 5804 autem
2918 5747 3235 5819 comparat
3280 5743 3442 5802 inter
3486 5755 3551 5799 se
3576 5739 3683 5797 illa
