4130 6414
247 416 387 471 1333

240 628 293 680 ἐν
357 626 597 700 ἀριθμοῖς
655 619 749 674 διὰ
793 642 945 674 τουτο
994 625 1092 694 μία
1173 623 1204 678 ἡ
1269 624 1517 694 στέρησις
1577 622 1670 669 τοῦ
1723 634 1757 664 α
1804 611 1898 685 βίγ

236 726 338 779 τῆς
374 721 581 788 πρώτης
643 707 873 784 μονάδος
922 707 1017 763 διὰ
1066 712 1124 762 τὸ
1183 709 1338 761 ἄϋλον
1480 703 1606 759 οὐδὲ
1658 703 1899 761 ἐπίτασις

235 806 513 875 ἐπινοηθῇ,
547 798 672 854 οὐδὲ
723 801 920 866 ἄνεσις,
975 803 1282 870 πανταχόσε
1337 794 1396 850 δὲ
1447 797 1595 848 κοινὰ
1645 788 1906 863 τὰαβγ,

233 896 362 962 εἰσὶ,
426 892 524 945 κᾶν
571 910 625 944 τε
682 890 733 942 ἓν
784 889 905 962 ὕλῃ,
954 889 1050 940 κᾶν
1092 907 1148 941 τε
1193 885 1243 939 ἐν
1302 885 1475 957 ἀϋλίᾳ,
1534 881 1787 955 δέχονται
1841 875 1900 930 δὲ

231 991 326 1037 καὶ
352 983 486 1035 αύτά
513 981 572 1034 ού
628 981 766 1031 κατὰ
812 981 973 1031 ποσὸν
1029 981 1122 1035 τὴν
1177 975 1418 1028 ἐπίτασιν
1470 975 1500 1033 ἠ
1556 977 1651 1030 τὴν
1705 969 1898 1032 ἄνεσιν,

233 1074 364 1126 ἀλλὰ
380 1074 516 1125 κατά
543 1073 602 1122 1'6
661 1071 832 1137 ποιὸν,
866 1071 934 1130 ὡς
974 1072 1065 1120 καὶ
1114 1069 1249 1118 κατά
1293 1069 1353 1118 τὸ
1401 1067 1564 1118 ποσόν
1614 1065 1672 1115 τὸ
1721 1059 1900 1112 ἆνισον

231 1169 326 1216 καὶ
352 1167 410 1215 τὸ
437 1163 571 1228 ἴσον,
627 1156 714 1211 διὸ
770 1165 863 1210 τοῦ
910 1162 1000 1231 μὲν
1049 1156 1096 1208 ἐν
1159 1156 1253 1230 ὕλη
1306 1155 1599 1228 ἀριθμητοῦ
1639 1152 1747 1213 ἐνὸς
1810 1153 1900 1202 καὶ

233 1257 268 1312 ἠ
331 1255 570 1313 σύνθεσις
647 1254 738 1302 καὶ
789 1251 820 1307 ἡ
877 1245 1138 1322 διαίρεσις
1193 1251 1285 1298 καὶ
1333 1247 1359 1297 ὁ
1405 1242 1902 1312 πολλαπλασιασμός

232 1346 324 1394 καὶ
376 1340 540 1392 τᾶλλα
587 1335 871 1408 ἰδιώματα,
932 1336 991 1387 ού
1053 1338 1113 1386 τὸ
1184 1336 1234 1386 ἓν
1283 1341 1375 1394 τῆς
1426 1331 1557 1392 ὕλης
1603 1329 1900 1401 ἀποστερεῖ.

231 1430 407 1483 Ὅπου
441 1425 490 1480 δ’
522 1427 642 1496 ύλη,
700 1425 807 1478 ἐκεῖ
849 1428 937 1476 καὶ
987 1428 1046 1476 1'6
1102 1443 1134 1474 α
1201 1422 1236 1496 β
1276 1444 1328 1494 σγ,
1371 1421 1466 1473 κᾶν
1522 1419 1571 1473 ἐν
1638 1418 1760 1489 ὅλῳ,
1805 1416 1900 1468 κᾶν

237 1521 289 1572 ἐν
354 1523 538 1591 μορίῳ,
597 1524 658 1574 τῆ
719 1511 778 1567 δὲ
825 1519 954 1586 μόνη
1014 1509 1207 1586 μονάδι
1256 1513 1349 1563 οὐκ
1393 1514 1502 1562 ἔστι
1561 1511 1621 1560 1'6
1669 1528 1703 1559 α
1759 1506 1795 1579 β
1842 1527 1897 1578 γ.

236 1609 398 1661 Ἐπάν
459 1603 518 1658 δὲ
589 1607 714 1679 πρὸς
809 1599 1179 1674 συνδυασμοὺς
1240 1605 1330 1652 καὶ
1377 1601 1645 1658 συνθέσεις
1694 1602 1901 1652 κεκινῆ-

238 1700 367 1750 σθαι
409 1704 589 1754 νοῆται
633 1697 692 1746 1'6
743 1695 812 1761 ἓν,
872 1700 945 1762 τῷ
1014 1691 1310 1744 συνελθόντι
1354 1691 1560 1760 πάσχει
1621 1689 1712 1738 καὶ
1772 1683 1902 1741 αύτὴ

237 1791 486 1859 σχήματι
536 1785 722 1853 πάθος,
803 1786 863 1834 1'6
919 1783 1221 1855 μετρεῖσθαι
1289 1787 1460 1847 ποσῷ,
1523 1782 1614 1830 καὶ
1667 1776 1902 1828 νοεῖσθαι

237 1883 394 1944 ποιῷ.
424 1872 588 1924 Ὥστε
613 1873 732 1922 οὔτε
769 1869 816 1921 ἐν
873 1877 1061 1939 νοητῷ,
1123 1866 1350 1940 ἀριθμῷ,
1409 1869 1524 1918 οὔτε
1566 1863 1614 1915 ἐν
1665 1862 1902 1933 αἰσθητῷ

226 1971 304 2034 τῷ
363 1968 513 2030 ποσῷ
583 1959 824 2019 ἐπίτασις
894 1956 1170 2029 συμϐαίνει
1250 1960 1341 2008 καὶ
1399 1953 1593 2019 ἆνεσις,
1651 1950 1779 2004 ἀλλοί
1827 1958 1900 2020 τῷ

224 2059 383 2122 ποιῷ·
415 2048 597 2108 ἐπειδὴ
649 2053 738 2101 καὶ
830 2049 1030 2120 θατεροι
1095 2048 1196 2097 ὑπὸ
1238 2052 1338 2097 τῶν
1393 2064 1426 2096 α
1472 2041 1507 2116 β
1565 2062 1600 2114 σγ
1647 2046 1902 2114 περατοῦν

226 2161 319 2194 ται
377 2141 634 2214 περάτων,
693 2136 789 2188 κᾶν
865 2136 914 2188 ἐν
973 2135 1130 2195 ὅλοις,
1207 2133 1301 2186 κᾶν
1354 2131 1404 2184 ἰν
1491 2134 1718 2204 μορίοις,
1782 2130 1904 2202 ἆτερ

229 2237 330 2290 τῆς
381 2235 594 2303 πρωτης
637 2230 727 2278 καὶ
771 2221 1098 2277 ἀδιαστάτου
1177 2219 1427 2296 μονάδος.
1485 2219 1564 2274 Ἐν
1620 2220 1722 2290 γὰρ
1787 2224 1905 2280 τοῖς

228 2324 436 2379 νοητοῖς
463 2316 706 2390 ἀριθμοῖς
745 2319 835 2368 καὶ
865 2335 899 2367 α
928 2319 1018 2366 καὶ
1077 2311 1114 2387 β
1169 2317 1261 2364 καὶ
1316 2333 1372 2382 γ,
1429 2312 1486 2362 τὸ
1547 2304 1599 2362 δ’
1625 2309 1754 2361 αύτό
1812 2310 1904 2360 καὶ

225 2415 342 2470 τοῖς
379 2406 655 2467 αἰσθητοῖς
703 2404 824 2479 ἆτερ
873 2411 966 2463 τῆς
1022 2398 1352 2454 ἀδιαστάτου
1409 2401 1610 2460 ταύτης
1651 2393 1904 2470 μονάδος,

227 2495 328 2548 κᾶν
351 2496 379 2548 ὁ
405 2497 499 2569 μὲν
546 2501 648 2546 τῶν
695 2495 826 2545 ’ἰσων
884 2490 1064 2553 ἄνισος
1123 2490 1232 2542 κοτ’
1285 2488 1546 2558 ἐπίτασιν,
1599 2487 1626 2539 ὁ
1669 2482 1730 2538 δὲ
1782 2487 1904 2537 τού-

226 2785 426 2854 Atque
439 2780 540 2837 alii
557 2794 802 2852 quoque
815 2777 1007 2834 solido
1019 2777 1098 2833 ab
1107 2776 1223 2832 hoc
1246 2775 1344 2831 illa
1359 2774 1568 2830 omnia
1579 2775 1721 2828 sunt
1731 2785 1898 2826 com-

225 2871 444 2928 munia
458 2873 708 2940 excepto
721 2871 782 2922 in
795 2866 1068 2939 partibus
1086 2863 1350 2920 minimis
1363 2861 1706 2918 discrimine
1723 2878 1735 2925 ;
1752 2875 1898 2914 nam

223 2959 505 3022 latitudo,
534 2955 868 3027 longitudo,
923 2952 1198 3019 altitudo,
1253 2951 1434 3017 linea,
1456 2956 1516 3005 et
1553 2947 1899 3020 superﬁcies

229 3053 377 3104 sunt
421 3044 807 3102 similitudine
865 3057 1240 3098 communes.
1296 3039 1410 3096 Sed
1438 3039 1485 3093 si
1543 3037 1818 3094 ordinem
1843 3040 1902 3092 et

228 3134 694 3191 intellectionem
739 3138 996 3204 spectes,
1019 3145 1214 3202 neque
1243 3127 1571 3185 materiatae
1599 3131 1756 3191 sunt,
1787 3139 1899 3180 ne-

1122 405 1484 464 THEODORI
1522 407 1569 460 ΙΙ
1607 402 1746 458 1MP.
1786 398 1876 452 DE
1915 395 2374 458 COMMUNIONE
2408 405 2798 466 NATURALI.

242 542 295 592 ἓν
323 541 382 590 τὸ
441 558 475 589 α
522 534 559 609 β
606 554 640 606 γ
705 537 755 585 ἓν
797 532 912 586 ἐστι
964 534 1179 584 τούτων·
1241 529 1396 583 οἶῦλον
1445 531 1570 604 γάρ’
1630 527 1765 577 ὥστε
1810 525 1902 574 καὶ
1931 523 2106 576 Δτων
2134 524 2250 576 κατ’
2327 525 2520 582 ἆνεσινυ
2575 536 2724 586 κοινά
2761 537 2863 609 γὰρ
2910 539 2978 598 τᾲ
3027 542 3246 614 πέρατα,
3304 539 3548 607 ἐπίτασις
3613 542 3680 604 δξ

3538 423 3675 477 1334

2005 616 2132 716 πρὸς
2181 613 2570 693 ἀρτιοπεριττον
2650 613 3098 698 ἀρτιοπερίττου,
3132 633 3223 682 καὶ
3284 634 3420 705 πρὸς
3462 613 3673 708 περιττλ

2009 715 2183 776 αρτιον
2242 715 2626 782 περιτταρτίου.
2686 716 2777 764 καὶ
2845 717 2975 788 πρὸς
3049 716 3226 788 ἄρτιον
3301 718 3507 792 ἀρτίου,
3579 728 3671 776 καὶ

2005 796 2133 866 πρὸς
2211 794 2486 851 ἀσύνθετον
2547 799 2853 872 ἀσυνθέτου,
2925 809 3015 858 καὶ
3081 809 3221 860 κατά
3289 813 3407 872 τοὺς
3467 811 3671 876 ἀλλους.

2005 889 2170 936 Τοῦτο
2205 881 2265 937 δὲ
2315 886 2375 938 ού
2424 892 2739 966 ποσότητος,
2800 890 2928 945 ἀλλά
2985 899 3283 959 ποιότητος.
3345 903 3446 953 Καὶ
3495 883 3674 956 ταῦτα

2007 975 2097 1045 μὲν
2145 970 2234 1025 οὖν
2287 973 2398 1027 ἐστι
2435 985 2534 1028 τῶν
2589 977 2844 1053 ἀριθμῶν,
2909 989 3012 1035 τῶν
3062 1003 3119 1037 τε
3294 983 3388 1061 ὕλῃ
3436 995 3526 1042 καὶ
3577 990 3672 1045 ἀϋ-

2007 1062 2112 1135 λίᾳ,
2169 1072 2420 1137 γραμμῆς
2483 1062 2543 1119 δὲ
2594 1072 2686 1120 καὶ
2746 1067 3040 1142 ἐπιφανείας
3092 1081 3280 1131 ταῦτα.
3324 1075 3384 1131 Ἡ
3431 1082 3523 1151 μὲν
3577 1080 3674 1142 οὖν

2006 1155 2221 1225 γραμμὴ
2295 1155 2472 1216 οἷνισος
2534 1164 2598 1215 τῆ
2666 1155 2934 1233 ἐπιφανείᾳ
3027 1166 3162 1216 κατὰ
3269 1169 3453 1236 ποσὸν,
3539 1170 3668 1232 ἄλλη

2009 1238 2070 1294 δὲ
2165 1246 2254 1294 καὶ
2344 1242 2541 1298 ἀλλοία·
2607 1238 2940 1302 ἀπολείπεται
3023 1253 3126 1325 γὰρ
3212 1262 3313 1306 τῶν
3387 1267 3544 1334 τριῶν
3608 1265 3670 1316 τὸ

2010 1329 2046 1404 β
2089 1351 2145 1402 7,
2222 1334 2252 1389 ἦ
2336 1329 2386 1385 δ’
2439 1335 2555 1406 ἔχίι
2595 1337 2655 1387 τό
2702 1356 2737 1388 α
2798 1335 2859 1410 β,
2921 1336 3154 1393 λείπεται
3205 1338 3267 1396 δὲ
3315 1347 3376 1397 τὸ
3417 1329 3480 1420 ’γ’
3532 1350 3671 1410 ὥστε

2011 1420 2042 1478 ἣ
2125 1423 2229 1512 μὲνᾷ
2267 1420 2519 1512 ἐλασσων,
2605 1425 2636 1483 ἡ
2715 1421 2775 1478 δε
2849 1425 3058 1498 μείξων.
3143 1432 3456 1490 Τεθήτωσαν
3540 1446 3668 1512 γοῦν

2009 1514 2040 1569 ἡ
2105 1531 2139 1564 α
2198 1510 2234 1584 β
2290 1533 2324 1584 γ
2390 1510 2425 1567 δ
2490 1533 2512 1567 ε
2674 1513 2961 1588 ἐπιφάνεια,
3070 1520 3326 1586 ὡσαύτως
3417 1523 3480 1579 δὲ
3547 1510 3667 1584 aut

2009 1605 2040 1658 ἠ
2084 1601 2137 1666 αἱ
2179 1599 2216 1674 β
2278 1622 2312 1673 7
2371 1599 2407 1654 δ
2471 1601 2762 1676 ἐπιφάνεια,
2821 1606 3123 1665 τεθήτωσαν
3172 1607 3233 1664 δέ
3279 1617 3370 1682 καὶ
3420 1616 3452 1674 ἡ
3504 1636 3538 1669 α
3565 1615 3665 1698 βγ

2005 2768 2301 2838 remissio,
2314 2769 2421 2826 sed
2453 2771 2515 2826 in
2539 2770 2826 2844 qualitate
2855 2788 2870 2830 :
2903 2773 3404 2848 quandoquidem
3424 2777 3662 2850 utrique

2006 2858 2243 2915 numeri
2263 2864 2321 2914 et
2350 2859 2411 2915 hi
2439 2860 2546 2932 qui
2593 2861 2707 2917 sub
2746 2877 2994 2919 sensum
3053 2864 3282 2920 cadunt
3323 2869 3380 2921 et
3430 2865 3514 2922 illi
3555 2867 3663 2940 qui

2008 2953 2205 3003 mente
2227 2949 2635 3021 percipiuntur
2678 2951 2949 3008 terminis
2977 2967 3016 3009 a
3045 2952 3076 3008 ὸ
3105 2968 3138 3009 c
3165 2952 3666 3012 circumscribun-

2008 3043 2104 3100 tur
2131 3043 2189 3093 et
2217 3039 2610 3095 terminantur
2635 3043 2763 3096 tam
2821 3055 2896 3097 ex
2936 3044 3060 3098 toto
3109 3057 3300 3114 quam
3341 3057 3416 3099 ex
3471 3049 3662 3116 parte,

2009 3130 2257 3199 excepta
2281 3127 2477 3198 prima
2503 3128 2727 3185 scilicet
2754 3129 2953 3185 omnis
2976 3129 3270 3187 intervalli
3293 3138 3536 3205 experte
3559 3136 3666 3192 uni

227 3240 354 3296 que
399 3239 644 3295 prorsus
693 3220 962 3277 materiei
1015 3225 1310 3291 expertes.
1373 3219 1492 3272 Hoc
1517 3215 1680 3272 enim
1710 3229 1902 3269 unum
1942 3211 1981 3266 C
2009 3221 2146 3272 tate.
2181 3215 2353 3281 Quod
2374 3215 2425 3270 si
2445 3216 2581 3289 quis
2608 3217 3007 3276 intensionem
3039 3224 3097 3276 et
3139 3220 3562 3294 remissionem
3583 3223 3666 3280 ab

232 3320 325 3370 est
353 3312 756 3375 materiatum.
807 3309 955 3365 illud
974 3325 1117 3365 vero
1155 3307 1421 3363 materiae
1460 3320 1692 3377 expers.
1718 3308 1789 3358 At
1817 3302 1904 3358 in-

230 3407 460 3477 puncto
510 3401 782 3472 ipsorum
833 3413 958 3454 non
1012 3403 1099 3453 est
1150 3395 1493 3453 communis
1548 3392 1898 3449 similitudo.

232 3497 384 3550 Nam
415 3507 488 3548 ex
513 3489 751 3566 punctis
780 3488 884 3545 illa
912 3503 1049 3560 quae
1080 3491 1220 3543 sunt
1248 3486 1428 3542 unius
1486 3482 1805 3547 materiati,
1837 3485 1905 3536 ut

232 3597 427 3638 unum
455 3579 683 3635 habent
717 3593 774 3646 α,
809 3579 862 3644 b,
892 3592 946 3646 c,
977 3591 1166 3631 unum
1189 3575 1351 3630 enim
1377 3576 1466 3628 est
1497 3572 1900 3628 materiatum.

231 3668 408 3736 Quod
430 3683 572 3723 vero
599 3671 688 3722 est
727 3664 996 3721 materiei
1051 3679 1264 3736 expers
1305 3677 1428 3718 non
1459 3660 1708 3716 omnino
1742 3662 1904 3714 caret

229 3756 583 3815 intervallis.
619 3758 738 3811 Hoc
763 3759 968 3810 autem
996 3757 1084 3808 est
1112 3753 1312 3807 unitas
1349 3768 1362 3805 :
1389 3764 1585 3822 neque
1617 3749 1775 3803 enim
1797 3762 1904 3820 per

220 3847 600 3904 habilitatem
617 3844 876 3910 habeta,
907 3844 958 3897 ὁ.
995 3858 1049 3908 c,
1081 3847 1183 3897 aut
1212 3841 1317 3908 ita,
1366 3843 1429 3895 ut
1475 3838 1727 3910 quando
1759 3851 1901 3892 cum

228 3935 361 3992 aliis
379 3939 728 3990 numeratur
775 3932 965 3988 habet
995 3945 1055 3997 ιι,
1081 3931 1113 3984 b
1141 3945 1194 3986 c.
1227 3931 1430 4001 Neque
1489 3927 1552 3982 in
1582 3927 1677 3982 his
1717 3931 1901 3980 mate-

229 4023 339 4080 riei
362 4022 703 4096 expertibus
756 4021 838 4077 ita
888 4035 1081 4076 unum
1127 4025 1237 4088 est,
1299 4024 1363 4072 ut
1445 4015 1594 4071 illud
1622 4014 1786 4087 quod
1816 4016 1906 4068 est

230 4112 479 4170 alterius
511 4127 722 4168 unum.
759 4112 953 4176 Quare
1007 4110 1069 4164 in
1119 4107 1386 4163 numeris
1445 4105 1582 4160 ideo
1647 4102 1904 4177 privatio

232 4202 431 4275 ipsius
458 4219 513 4271 a,
538 4201 592 4270 ὁ,
625 4217 676 4263 c,
711 4198 1007 4255 duntaxat
1036 4200 1124 4252 est
1175 4195 1388 4269 primae
1449 4193 1690 4249 unitatis
1725 4191 1908 4265 :quia

227 4293 365 4348 haec
391 4289 590 4344 unitas
626 4287 893 4342 materiei
946 4300 1162 4357 expers
1231 4288 1336 4339 est.
1388 4285 1448 4336 In
1507 4297 1632 4353 qua
1659 4279 1907 4353 quidem

235 4378 469 4435 unitate
500 4375 754 4448 simplici
769 4389 966 4446 neque
987 4372 1243 4428 intensio
1269 4385 1465 4443 neque
1485 4367 1759 4424 remissio
1771 4382 1910 4439 pos-

235 4469 316 4523 sit
345 4465 604 4537 concipi.
628 4467 1054 4519 Verumtamen
1077 4474 1444 4532 quocunque
1471 4463 1525 4513 te
1544 4463 1758 4524 vertas,
1787 4457 1912 4511 sive

236 4555 307 4612 in
332 4554 581 4610 materia
612 4552 735 4608 sive
775 4557 939 4607 extra
993 4549 1328 4618 materiam,
1389 4546 1735 4603 communia
1773 4551 1914 4601 sunt

241 4660 285 4701 a
321 4644 422 4707 bc,
449 4648 629 4715 atque
684 4640 1088 4696 intensionem
1136 4644 1194 4694 et
1243 4636 1663 4692 remissionem
1716 4634 1910 4690 susci-

243 4732 419 4807 piunt
443 4747 568 4788 non
591 4747 662 4786 ex
691 4729 1046 4803 quantitate,
1073 4727 1177 4781 sed
1208 4742 1278 4782 ex
1300 4724 1606 4798 qualitate,
1638 4729 1703 4780 ut
1731 4725 1908 4779 etiam

241 4838 320 4879 ex
342 4820 672 4893 quantitate
686 4835 780 4891 aaq
789 4816 919 4874 uale
937 4822 994 4872 et
1007 4817 1162 4886 ineaq
1171 4814 1303 4870 uale
1321 4813 1672 4886 suscipiunt.
1691 4815 1913 4877 Quam-

240 4910 456 4968 obrem
502 4907 878 4981 compositio,
933 4905 1150 4961 divisio
1217 4907 1274 4959 et
1325 4902 1459 4958 alia:
1511 4902 1912 4974 proprietates

240 5001 428 5058 unius
456 5000 519 5055 in
544 4997 798 5055 materia
824 4993 1242 5061 numerabilis,
1282 4992 1482 5064 ipsum
1503 5006 1696 5046 unum
1716 4995 1912 5046 mate-

241 5091 337 5147 ria
364 5102 489 5144 non
521 5087 802 5158 spoliant,
825 5099 966 5140 cum
987 5082 1094 5139 ubi
1122 5087 1215 5138 est
1239 5080 1495 5137 materia
1523 5078 1608 5135 ibi
1629 5079 1811 5134 etiam
1840 5077 1919 5135 sit

242 5195 286 5237 a
313 5177 432 5246 bc;
457 5175 598 5231 etin
631 5179 754 5230 toto
775 5177 832 5228 et
859 5173 921 5228 in
977 5175 1148 5246 parte
1178 5188 1192 5238 ;
1243 5175 1302 5225 at
1355 5168 1564 5224 unitati
1621 5167 1922 5224 duntaxat

244 5264 527 5324 abcnon
555 5263 730 5318 inest.
781 5265 961 5317 Porro
1010 5276 1150 5316 cum
1196 5257 1542 5328 intelligitur
1589 5255 1790 5312 unitas
1854 5261 1920 5314 ut

245 5352 646 5430 progrediens
689 5357 746 5407 et
799 5365 928 5406 sese
959 5363 1322 5421 promovens
1351 5347 1431 5403 ad
1475 5344 1921 5417 copulationes.

248 5451 393 5502 tunc
424 5442 771 5499 affectiones
801 5440 929 5495 illas
961 5438 1215 5511 suscipit
1268 5453 1423 5510 quas
1473 5436 1822 5507 compositae
1854 5434 1924 5491 ﬁ-

248 5547 418 5603 gurae
449 5530 748 5602 suscipere
780 5527 995 5595 solent,
1061 5541 1281 5597 nempe
1312 5530 1376 5580 ut
1403 5522 1735 5596 quantitate
1761 5539 1926 5580 men-

252 5624 492 5676 suretur
522 5623 578 5674 et
612 5618 899 5692 qualitate
945 5615 1329 5685 intelligatur.
1376 5615 1567 5679 Quare
1616 5629 1813 5685 neque
1864 5612 1928 5694 in

251 5723 513 5769 numero
544 5690 652 5763 illo
668 5706 772 5780 qui
823 5708 1023 5761 mente
1059 5701 1192 5776 sola
1238 5701 1583 5776 percipitur,
1638 5717 1832 5774 neque
1866 5690 1929 5765 in

251 5798 595 5873 quantitate
620 5796 734 5852 sub
778 5809 1021 5852 sensum
1077 5792 1331 5872 cedente
1396 5793 1550 5861 inest
1597 5791 1854 5850 intensio
1877 5796 1936 5884 et

2012 3304 2349 3377 aequalitate
2369 3305 2837 3378 etinaaqualitate
2853 3322 2977 3364 non
2997 3307 3322 3380 discernat,
3343 3326 3466 3384 quo
3487 3316 3666 3385 pacto

2011 3393 2295 3458 diximus,
2322 3395 2553 3450 eveniet
2583 3399 2647 3451 ut
2677 3395 2751 3451 de
2771 3395 3014 3453 duobus
3039 3397 3379 3470 aequalibus
3404 3415 3564 3457 unus
3593 3416 3668 3458 ex

2011 3482 2343 3538 intensione
2369 3483 2444 3539 sit
2468 3483 2804 3556 inaequalis,
2846 3485 2996 3562 alter
3030 3502 3175 3544 vero
3195 3502 3270 3554 ex
3288 3489 3667 3564 remissione.

2010 3572 2375 3628 Communes
2404 3572 2566 3628 enim
2592 3577 2730 3629 sunt
2759 3574 3018 3644 termini,
3057 3577 3208 3634 Nam
3232 3581 3299 3633 ut
3323 3577 3505 3636 etiam
3524 3593 3669 3644 con-

2011 3661 2232 3717 cedunt
2249 3662 2354 3734 qui
2381 3666 2600 3718 nostras
2632 3663 2988 3722 sententiam
3013 3665 3376 3723 contrariam
3406 3649 3666 3742 tuentur,

2011 3754 2098 3805 est
2125 3750 2384 3806 intensio
2409 3750 2470 3806 in
2499 3749 2740 3808 duobus
2766 3753 3035 3810 numeris
3075 3754 3227 3812 inter
3255 3770 3320 3813 se
3346 3771 3670 3830 compara-.-

2009 3840 2107 3906 tis,
2130 3855 2393 3912 quorum
2422 3844 2673 3913 uterque
2700 3845 2804 3897 aut
2827 3857 2901 3897 ex
2929 3843 3062 3916 pari
3091 3848 3272 3917 atque
3294 3828 3534 3919 impari,
3567 3828 3673 3904 aut

2011 3945 2083 3984 ex
2108 3928 2324 4001 impari
2355 3943 2427 3984 ac
2455 3927 2588 4000 pari
2641 3934 2894 4000 constat,
2951 3935 3056 3989 aut
3106 3948 3371 4006 quorum
3419 3939 3670 4010 uterque

2011 4035 2124 4092 par
2151 4023 2264 4089 est,
2292 4023 2397 4075 aut
2453 4024 2700 4092 uterque
2751 4036 2874 4078 non
2919 4023 3311 4096 compositus.
3339 4025 3519 4098 Atqui
3554 4025 3674 4084 hoc

2014 4125 2138 4165 non
2153 4113 2241 4164 est
2264 4109 2637 4182 quantitatis,
2671 4111 2777 4167 sed
2818 4111 3144 4184 qualitatis.
3171 4117 3361 4186 Atque
3384 4114 3518 4171 hac
3542 4115 3674 4193 qui-

2015 4199 2156 4255 dem
2180 4200 2477 4273 pertinent
2501 4199 2581 4256 ad
2608 4216 2896 4258 numeros
2925 4205 3052 4259 tam
3106 4204 3452 4262 materiatos
3480 4221 3670 4282 quam

2017 4289 2281 4346 materiae
2303 4292 2594 4361 expertes,
2617 4289 2881 4362 itemque
2926 4290 3001 4347 ad
3032 4289 3257 4348 lineam
3285 4297 3345 4350 et
3364 4293 3446 4368 ad
3473 4309 3678 4368 super,-

2018 4380 2238 4436 ﬁclem.
2264 4381 2397 4435 Esto
2423 4378 2603 4450 igitur
2651 4377 2810 4436 linea
2864 4379 3199 4452 superﬁcial
3244 4381 3559 4456 inaequalis
3605 4400 3678 4446 ex

2021 4469 2374 4542 quantitate.
2397 4471 2548 4524 Nam
2593 4473 2697 4526 aut
2738 4468 2997 4526 demitur
3041 4487 3102 4538 a,
3133 4475 3192 4527 et
3219 4473 3362 4529 tunc
3387 4473 3466 4528 de
3488 4472 3680 4532 tribus

2025 4541 2352 4632 supersunt
2380 4558 2413 4613 b
2439 4573 2470 4614 ι·
2503 4575 2517 4624 ;
2547 4563 2652 4614 aut
2695 4556 2955 4614 demitur
2999 4573 3053 4626 c,
3107 4565 3164 4617 et
3210 4565 3352 4617 tunc
3373 4561 3450 4618 de
3484 4541 3678 4622 tribus

2025 4653 2348 4720 supersunt
2374 4662 2412 4703 a
2443 4647 2497 4702 b.
2522 4647 2713 4712 Quare
2744 4645 2904 4704 linea
2951 4648 3192 4720 quidem
3213 4655 3307 4709 est
3331 4651 3553 4721 minor,
3581 4669 3682 4722 su-

2019 4735 2292 4810 perﬁcies
2318 4751 2458 4791 vero
2505 4735 2719 4807 major,
2782 4741 2960 4794 sunto
3010 4737 3192 4809 igitur
3219 4754 3258 4798 a
3290 4741 3326 4799 ὁ
3349 4741 3441 4799 cd
3467 4756 3500 4798 e
3520 4741 3564 4812 f
3584 4757 3681 4798 su-

2019 4824 2312 4902 perﬁcies,
2345 4823 2560 4881 eodem
2585 4824 2772 4882 modo
2795 4840 2835 4883 a
2873 4826 2909 4882 b
2929 4841 2963 4883 c
3017 4825 3079 4882 d.
