4130 6410
468 361 606 419 1335

463 486 710 560 γραμμὴ,
776 481 966 555 ὁμοίως

463 574 642 646 ὅῖιπερ
712 574 742 631 ἠ
819 574 1037 645 γραμμὴ
1113 567 1346 624 hin-crat
1406 579 1508 622 ra)»
1565 567 1599 623 ϐ
1690 590 1745 643 γ,
1808 571 1840 630 ἡ
1921 566 1981 625 δὲ
2035 571 2142 623 ἐπι·

467 667 648 739 φάνεια
700 683 791 718 του
842 662 949 724 ἐνὸς
1003 683 1053 733 7-
1102 661 1291 736 μείζων
1363 670 1489 733 γοῦν
1548 662 1577 720 ἡ
1627 659 1895 734 ἐπιφάνεια
1961 665 2139 735 φύσιι²

468 757 581 810 ἔστι
629 751 689 810 δὲ
739 754 769 813 ἠ
843 750 1065 806 ἐλάττων
1152 754 1373 826 γραμμὴ
1465 748 1655 823 μείζων
1738 756 1828 805 καὶ
1891 751 2134 819 ἐλάττων,

468 846 591 918 ὅπερ
649 840 976 897 ἂτοπὸν.⁶Η
1028 849 1154 913 705v
1209 860 1244 894 α
1291 839 1328 913 β
1382 840 1637 913 γμείζων
1679 850 1773 905 τῆς
1825 840 1861 915 β
1927 862 1961 914 7
2021 840 2140 894 ὀνο·-

470 934 721 1011 μαζέσθω
746 940 868 1005 γοῦν
899 930 1113 1004 μείζων·
1147 932 1177 991 ἦ
1209 927 1270 984 δὲ
1308 949 1343 983 α
1387 927 1424 1003 β
1461 951 1497 1003 7
1543 925 1579 983 δ
1623 928 1854 984 ἐλάσσων
1905 938 1994 993 τῆς
2045 929 2136 1006 αβ

471 1046 505 1100 7
538 1021 573 1076 ὃ
603 1042 624 1076 ε
654 1022 705 1084 ζ’
750 1020 1085 1095 ὀνομαζέσθω
1130 1026 1257 1094 γοῦν
1306 1017 1472 1079 ἐκείνη
1535 1018 1791 1090 ἐλάσσων,
1844 1025 1935 1073 καὶ
1994 1020 2135 1094 εὗρε-

475 1113 753 1173 θήσεταιὴ
781 1108 877 1186 αβ
900 1132 935 1183 7
974 1110 1193 1165 ἐλάττων
1245 1108 1381 1163 οὖσα
1417 1113 1504 1165 καὶ
1557 1109 1749 1184 μείζων
1822 1109 1874 1164 ἐν
1926 1118 2000 1183 τῷ
2049 1110 2140 1165 ati-

473 1211 548 1271 τῷ
625 1204 827 1276 χρόνῳ.
878 1200 1019 1265 Ἐπεὶ
1064 1202 1166 1273 γάρ
1211 1199 1244 1261 ἡ
1310 1197 1580 1273 ἐπιφάνεια
1622 1200 1814 1274 μείζων
1861 1208 2134 1276 γραμμῆς,

477 1292 593 1346 ἔστι
620 1288 679 1345 δὲ
708 1296 794 1344 καὶ
833 1293 995 1349 ταύτῃ
1031 1293 1090 1343 τὸ
1123 1287 1235 1344 ἴσον
1270 1296 1358 1344 καὶ
1399 1289 1577 1344 ἆνισον
1636 1291 1772 1342 κατά
1817 1292 1876 1343 τὸ
1908 1294 2072 1344 ποσὸν
2101 1291 2132 1349 ἡ

477 1379 538 1435 δὲ
562 1385 777 1455 γραμμὴ
819 1366 1330 1458 ἐ).άσσων,ὗπᾰρχιι
1362 1376 1420 1435 δὲ
1449 1384 1539 1433 καὶ
1585 1378 1716 1442 αὐτῆ
1780 1382 1839 1434 τὸ
1891 1375 2002 1433 ἴσον
2047 1383 2137 1434 καὶ

476 1471 676 1539 ἆνισον,
735 1471 967 1543 ὑπάρχει
1004 1466 1063 1523 δὲ
1100 1472 1131 1529 ἠ
1179 1490 1214 1526 α
1358 1490 1393 1541 7
1442 1471 1589 1529 πάσῃ
1637 1477 1856 1544 γραμμῆ
1922 1470 2132 1544 μείζων,

462 1563 507 1622 ,ἡ
559 1556 620 1614 δὴ
667 1579 701 1613 α
751 1558 788 1633 β
834 1579 868 1633 7
923 1555 958 1613 ὃ
1005 1546 1274 1634 animi“:
1319 1560 1499 1622 πάσης
1547 1557 1766 1614 ἐλάττων
1824 1558 2134 1633 ἐπιφανείας,

478 1651 668 1709 ἔστινή
704 1669 739 1703 α
778 1647 815 1723 β
867 1670 901 1722 7
954 1644 990 1703 ὃ
1035 1650 1229 1724 μείζων
1289 1657 1387 1713 τῆς
1444 1669 1479 1703 α
1525 1647 1561 1721 β
1591 1653 1732 1720 γκαί
1770 1647 2001 1702 ἐλάσσων
2040 1658 2137 1712 τῆς

479 1758 513 1794 α
549 1738 581 1791 6
625 1759 661 1811 7
717 1734 753 1791 δ
793 1756 819 1795 ε
870 1737 922 1808 ζ,
963 1743 1052 1793 καὶ
1087 1742 1239 1794 ἔσται
1291 1737 1343 1793 ἐν
1383 1744 1459 1809 τῷ
1510 1736 1651 1810 αὔτῳ
1707 1740 1885 1811 χρόνῳ
1942 1741 2135 1811 μείζων

2016 350 2354 412 ADDENDA

1069 475 1128 534 δὲ
1208 481 1302 533 καὶ
1387 478 1420 538 ἦ
1508 478 1546 554 β
1611 496 1662 554 7.
1709 476 2041 556 Προεδείχθη
2084 476 2143 533 δὲ
2180 482 2225 536 Α
2252 481 2343 533 καὶ
2373 475 2592 536 ἐλάττων
2631 481 2716 532 καὶ
2749 476 3115 538 ἕναντίααύτή
3145 476 3325 537 ἑαΰτῆ.
3378 478 3562 555 Τόγάρ
3609 485 3812 554 μεῖζον
3876 492 3964 555 τῷ

3784 356 3963 415 1336

2252 568 2484 623 ἐλάττονι
2534 568 2752 624 ἐναντίον
2824 570 2888 631 ὡς
2965 567 3329 641 ἀντικείμενον,
3394 573 3624 642 Ὁμοίως
3708 568 3779 628 δὲ
3850 578 3959 628 καὶ

2251 661 2281 720 ἠ
2311 680 2344 713 α
2373 658 2409 733 β
2439 680 2472 732 7
2529 659 2676 713 ἐσται
2709 659 2900 732 μείζων
2946 666 3041 723 τῆς
3095 657 3132 730 β
3197 678 3230 731 7
3278 662 3368 711 καὶ
3411 661 3592 723 πάσης
3635 671 3956 736 γραμμῆςο

2250 757 2344 814 τῆς
2371 747 2430 806 δὲ
2478 769 2511 803 α
2565 748 2603 823 β
2641 770 2675 823 7
2726 744 2762 801 δ
2815 747 3031 802 ἐλάττων
3069 753 3158 802 καὶ
3212 750 3393 811 πάσης
3445 749 3779 823 ἐπιφανείας·
3844 758 3951 808 καὶ

2249 858 2399 897 εσται
2444 839 2575 899 αὐτὴ
2650 837 2833 903 ἑαυτῆς
2897 836 3117 893 ἐλάττων
3200 843 3292 892 καὶ
3342 839 3537 912 μείζων
3593 839 3670 894 ἑνὶ
3722 852 3944 917 καιρῷ.

2247 928 2498 989 ὡσαύτως
2536 930 2625 980 καὶ
2679 926 2887 981 ἐναντία
2931 929 3057 1002 πρὸς
3095 925 3303 986 ἑαυτήν·
3351 926 3573 982 ἐναντίον
3633 932 3745 1005 γάρ
3812 935 3942 988 ἔστι

2245 1019 2302 1074 τὸ
2324 1016 2545 1071 ἔλασσον
2593 1024 2666 1088 τῷ
2740 1020 2942 1089 μείζονι
2971 1037 2984 1050 ·
3026 1014 3146 1093 ὅπερ
3200 1015 3413 1087 ἄτοπον,
3439 1016 3599 1072 Ἀλλά
3656 1024 3771 1094 μὴν
3831 1023 3938 1075 οὐκ

2246 1110 2361 1161 ἔστι
2415 1113 2588 1162 τοῦτο,
2637 1112 2755 1169 Πῶς
2795 1109 2895 1182 γάρ
2941 1107 3055 1179 ἔχει
3092 1112 3297 1182 χώραν,
3349 1111 3441 1160 καί
3493 1104 3622 1162 οὐδὲ
3677 1108 3935 1177 ἐπὶτασίς

2246 1200 2387 1250 ἐστιν
2419 1196 2449 1257 ἦ
2477 1195 2645 1257 ἆνεσις
2671 1195 2886 1267 ἐνποσῷ
2939 1213 2953 1264 ;
2989 1197 3066 1251 Τά
3125 1198 3221 1271 θάρ
3276 1201 3666 1272 συγκρινόμενα
3724 1202 3924 1275 ὀφείλει

2245 1291 2471 1361 ἔχειντό
2529 1283 2806 1361 ὁμοιςιδές.
2853 1291 3076 1362 Γραμμὴ
3129 1294 3253 1359 γοῦν
3305 1291 3441 1363 πρὴς
3496 1296 3776 1363 γραμμὴν,
3829 1299 3927 1348 καὶ

2246 1379 2514 1453 ἐπιφάνεια
2573 1397 2703 1455 προς
2768 1377 3094 1451 ἐπιφάνειαν,
3165 1384 3254 1430 καὶ
3322 1380 3529 1452 στερεὸν
3589 1399 3717 1453 προς
3788 1402 3925 1436 στε-

2244 1489 2357 1547 ριον
2412 1470 2890 1545 συγκρινεσθωσανο
2948 1486 3039 1520 χαι
3095 1470 3235 1522 ἔστιν
3291 1468 3339 1521 ἰν
3398 1471 3625 1540 ἐκείνοις,
3683 1471 3727 1524 εἰ
3775 1492 3923 1546 συγ-

2244 1563 2495 1635 κρίνοιντο
2545 1565 2617 1629 τῷ
2692 1565 2860 1630 ποσῷ,
2891 1559 2952 1610 τὸ
3026 1553 3140 1611 ἶσον
3186 1561 3277 1612 καί
3341 1557 3563 1628 ἄνισον,
3621 1564 3817 1618 οἳκουν
3868 1559 3907 1616 δ

2245 1647 2480 1711 ἕπίτασις
2507 1645 2614 1702 σῦν⁸
2651 1645 2846 1716 ἄνεσις,
2869 1643 2975 1701 οἷον
3000 1650 3065 1710 ὡς
3086 1649 3168 1700 ἐπὶ
3196 1655 3296 1702 τῶν
3327 1650 3397 1711 ὡς
3423 1646 3509 1702 ἕπε
3566 1647 3704 1709 τῆδι
3767 1672 3919 1726 σχη-

2767 1737 2869 1813 γάρ
2965 1732 3059 1791 ἶσα
3121 1740 3212 1792 καί
3281 1736 3458 1792 ἄνισα·
3530 1740 3559 1792 ὁ
3638 1743 3747 1818 γάρ
3803 1746 3930 1817 τρία

2244 1742 2441 1813 μάτων·
2512 1744 2660 1812 ποσῷ

1464 1973 1509 2010 α,
1691 1975 1728 2009 α
1925 1976 1967 2012 α
2560 1978 2565 1981 ’

1462 2268 1504 2305 α
1674 2267 1715 2304 α
1918 2268 1985 2301 αι
2929 2235 2971 2271 ο.
3185 2233 3225 2271 α
3407 2229 3446 2268 α

782 2308 917 2408 νίὶιῶ
1123 2344 1134 2353 .

484 2530 558 2594 τῷ
615 2527 739 2598 τρία
796 2522 929 2596 ἶσος,
987 2537 1060 2602 τῷ
1117 2526 1179 2587 ὁὶ
1238 2529 1290 2594 ἐξ
1346 2529 1544 2594 ἄνισοςο
1578 2532 1606 2586 ὀ
1658 2530 1717 2589 di
1766 2533 1819 2597 ἓξ
1853 2542 1926 2605 τῷ
1955 2534 2010 2598 ἔξ
2036 2532 2147 2596 ἴσος
2185 2534 2395 2590 Βέννέα
2442 2531 2546 2602 σὸἷ,
2603 2542 2677 2607 τῷ
2757 2531 2816 2587 δὲ
2877 2530 3009 2590 δέκα
3064 2535 3264 2608 ἄνισος,
3321 2533 3451 2588 ἀλλά
3501 2539 3594 2588 καί
3654 2542 3733 2607 τῷ
3785 2537 3872 2599 ἐξ·
3912 2540 3940 2589 ὀ

481 2619 557 2689 τῷ
583 2609 804 2671 δὶέννέοῖ
829 2616 1030 2691 ἆνισος,
1066 2618 1194 2677 ἀλλά
1248 2625 1339 2676 καὶ
1379 2641 1450 2698 τῳ
1496 2626 1637 2701 τρία·
1691 2625 1716 2678 ὁ
1765 2620 1826 2677 δὲ
1875 2622 2014 2680 ἐννέη
2068 2630 2138 2697 νῷ

2254 2619 2314 2678 δὲ
2344 2620 2473 2678 δίκα
2499 2619 2571 2697 τῷ
2617 2621 2749 2680 δέκα
2792 2620 2925 2694 ἶσος,
2982 2632 3058 2698 τῷ
3109 2627 3248 2679 ἐννέα
3298 2621 3359 2680 δὶ
3405 2625 3606 2693 ἄνισος,
3657 2623 3794 2681 ἀλλά
3845 2634 3942 2685 καὶ

1268 2970 1304 3003 α
2921 2949 2963 2984 α
3148 2946 3189 2983 α
3336 2998 3343 3005 η
3376 2947 3415 2979 α

2004 3008 2044 3044 σ.
2225 3012 2265 3048 α
2450 3014 2492 3052 α.

1201 3083 1239 3114 α
1336 3080 1368 3112 ιι
2916 3083 2955 3128 α
3138 3084 3180 3126 α
3366 3082 3411 3119 οι

1111 3194 1144 3228 a
1268 3195 1305 3226 α
1405 3194 1437 3222 α
3000 3187 3010 3193 .

1049 3286 1085 3322 α
1174 3285 1209 3320 α
1337 3284 1371 3315 α
1469 3282 1509 3313 α
1585 3332 1612 3369 ⁵
2913 3250 2951 3288 οι
3130 3250 3170 3288 α
3361 3248 3403 3284 α

498 3500 634 3556 Est)
693 3511 731 3554 a
788 3512 820 3555 c
859 3496 904 3554 ά
948 3496 1125 3568 linea,
1170 3497 1436 3573 itemque
1491 3501 1524 3556 b
1573 3516 1625 3557 c.
1667 3500 1848 3573 Paulo
1892 3504 2030 3560 ante
2061 3503 2162 3560 dc-
2198 3502 2240 3556 C
2276 3500 2460 3558 modo
2482 3501 2590 3558 erit
2647 3502 2762 3559 sibi
2819 3503 3120 3562 contraria.
3178 3521 3192 3560 :

498 3590 903 3647 monstratum
924 3593 1011 3646 est
1032 3589 1155 3647 duo
1177 3587 1388 3646 abesse
1406 3605 1441 3646 a
1470 3588 1646 3653 linea,
1669 3606 1886 3666 nempe
1907 3592 2166 3649 latitudi-

499 3695 645 3743 nem
674 3681 732 3736 et
757 3678 1153 3750 altitudinem,
1176 3694 1367 3735 unum
1384 3695 1526 3737 vero
1548 3681 1929 3755 asuperﬁcie,
1945 3697 2164 3754 nempe

496 3766 892 3829 altitudinem.
912 3771 993 3825 Ex
1010 3784 1133 3842 quo
1150 3767 1536 3840 intelligimus
1558 3775 1775 3828 natura
1790 3771 2163 3846 superﬁciem

492 3857 653 3916 linea
669 3858 961 3930 majorem
974 3873 1119 3925 esse,
1135 3857 1357 3916 lineam
1374 3874 1510 3916 vero
1526 3860 1839 3933 superﬁcie
1863 3862 2163 3919 minorem

497 3963 649 4003 esse.
675 3947 855 4021 Atqui
873 3946 1087 4005 eadem
1120 3946 1464 4020 superﬁcies
1496 3949 1693 4021 major
1725 3956 1779 4006 et
1804 3950 2001 4007 minor
2031 3967 2163 4008 esse

494 4037 843 4109 reperietur,
863 4036 1029 4110 quod
1048 4035 1297 4109 quidem
1318 4035 1649 4094 absurdum
1677 4045 1782 4096 est.
1820 4042 1955 4096 Esto
1986 4040 2165 4111 igitur

496 4139 537 4183 a
568 4125 824 4183 balinea
847 4126 1040 4196 major
1071 4125 1303 4182 minore
1337 4128 1368 4181 ὁ
1399 4142 1430 4183 c
1462 4127 1916 4201 appelleturque
1943 4132 2159 4200 major.

496 4216 566 4272 Et
590 4214 937 4290 superﬁcies
961 4230 997 4272 α
1030 4214 1062 4270 b
1092 4215 1135 4271 d
1185 4215 1416 4272 minore
1470 4217 1783 4289 superﬁcie
1813 4218 2007 4288 major
2027 4234 2162 4291 quae

495 4307 641 4363 asta
665 4305 698 4361 b
728 4318 760 4362 c
780 4304 824 4360 d
845 4306 925 4376 ef
949 4322 962 4374 ;
996 4304 1230 4362 dicatur
1267 4321 1411 4377 ergo
1456 4309 1657 4363 nu‘nor
1710 4306 2163 4377 (Zomperiemus

495 4408 687 4451 unam
712 4396 770 4450 et
798 4394 1095 4450 minorem
1117 4393 1438 4451 lineamab
1465 4394 1723 4451 ceodem
1749 4400 2015 4466 tempore
2036 4411 2162 4452 ma-

489 4483 688 4556 jorem
718 4487 777 4539 et
802 4482 1098 4541 minorem
1147 4500 1277 4540 esse
1306 4480 1605 4549 Quoniam
1638 4483 1984 4555 superﬁcies
2005 4483 2163 4542 linea

493 4572 693 4644 major
713 4575 820 4641 est,
845 4577 902 4629 et
920 4573 1264 4646 superﬁcies
1282 4571 1617 4645 superﬁciei
1639 4571 1888 4644 aequalis
1910 4574 2164 4630 autinze-

493 4660 693 4736 qualis
715 4677 787 4719 ex
798 4660 1132 4736 quantitate
1145 4660 1277 4719 dari
1307 4665 1505 4733 potest
1531 4679 1543 4720 :
1568 4665 1851 4732 praeterea
1870 4664 2161 4735 quoniam

491 4751 657 4810 linea
678 4751 994 4826 superﬁcie
1042 4750 1243 4808 minor
1295 4754 1427 4806 est:
1483 4749 1731 4807 etlinete
1772 4749 1929 4810 linea
1951 4767 2162 4827 aequa-

3253 3518 3398 3561 nam
3451 3501 3650 3559 minus
3697 3505 3792 3558 est
3821 3519 3946 3560 ma-

2268 3591 2386 3665 jori
2413 3591 2799 3663 contrarium,
2823 3591 2989 3665 quod
3019 3592 3267 3666 quidem
3316 3598 3405 3650 est
3427 3592 3791 3651 absurdum.
3828 3595 3946 3650 Sed

2275 3696 2421 3738 sane
2443 3681 2556 3738 hoc
2587 3698 2708 3738 non
2739 3687 2933 3755 potest
2987 3697 3139 3740 esse.
3175 3682 3491 3749 Quomodo
3517 3683 3682 3739 enim
3703 3682 3945 3740 admitti

2273 3770 2518 3845 possit?
2539 3774 2739 3845 Neque
2780 3770 3042 3828 intensio
3087 3776 3144 3829 et
3197 3771 3475 3828 remissio
3497 3771 3674 3828 estin
3700 3773 3944 3846 quanti-

2273 3864 2391 3918 tate
2420 3879 2432 3917 :
2468 3878 2611 3918 nam
2636 3876 2771 3934 quae
2789 3866 3218 3934 comparantur
3247 3865 3399 3919 inter
3420 3878 3484 3917 se
3515 3862 3758 3931 generis
3780 3864 3941 3936 ejus-

2272 3949 2412 4007 dem
2437 3951 2588 4007 inter
2618 3966 2680 4007 se
2700 3949 2922 4007 debent
2976 3966 3124 4007 esse.
3175 3951 3354 4007 Linea
3400 3966 3545 4022 ergo
3592 3967 3740 4008 cum
3760 3951 3932 4024 linea,

2273 4040 2615 4113 superﬁcies
2634 4056 2771 4096 eum
2793 4039 3127 4112 superﬁcie,
3150 4039 3413 4096 solidum
3427 4055 3568 4096 cum
3586 4040 3793 4099 solido
3808 4056 3929 4098 cono

2271 4129 2495 4187 feratur
2528 4148 2540 4199 ;
2571 4130 2630 4185 in
2659 4127 2882 4202 quibus
2935 4128 3220 4185 omnibus
3248 4130 3298 4184 si
3321 4145 3393 4184 ex
3422 4129 3768 4201 quantitate
3794 4131 3930 4186 inter

2264 4208 2337 4275 ise
2376 4223 2800 4291 comparentur
2857 4218 3009 4276 inest
3068 4218 3381 4291 aequalitas
3426 4224 3483 4274 et
3533 4220 3939 4293 inaequalitas,

2270 4324 2393 4364 non
2416 4313 2617 4363 autem
2648 4308 2905 4364 intensio
2938 4312 2992 4363 et
3048 4307 3341 4375 remissio,
3377 4312 3436 4363 ut
3460 4308 3725 4380 exempli
3753 4310 3941 4381 gratia

2270 4396 2471 4452 videre
2508 4401 2598 4452 est
2627 4396 2685 4452 in
2733 4395 2827 4452 his
2870 4395 3080 4467 ﬁguris
3106 4413 3242 4471 quas.
3297 4412 3369 4453 ex
3416 4398 3757 4469 quantitate
3810 4404 3946 4455 sunt

2271 4483 2532 4558 aequales
2586 4489 2642 4541 et
2715 4485 3026 4558 inaquales
3095 4502 3240 4541 nam
3296 4485 3554 4542 ternario
3643 4488 3943 4545 ternarius

2270 4588 2559 4630 numerus
2579 4577 2665 4628 est
2693 4572 2964 4646 (equalis,
2994 4573 3099 4629 sed
3121 4573 3356 4629 senario
3383 4572 3702 4646 inaequalis
3729 4591 3744 4643 ;
3779 4575 3939 4632 idem

2271 4663 2540 4720 senarius
2588 4664 2822 4720 senario
2912 4662 3015 4719 sed
3085 4663 3359 4739 aequalis,
3452 4666 3789 4721 novenario
3858 4667 3938 4723 in-

2270 4752 2521 4826 (aqualis
2561 4758 2739 4826 atque
2790 4753 2970 4809 etiam
3016 4753 3293 4810 ternario.
3345 4751 3512 4808 Idem
3567 4755 3934 4811 novenarius

490 4842 563 4902 lis
592 4841 722 4903 dari
756 4845 967 4917 potest,
997 4846 1085 4899 est
1107 4846 1310 4897 autem
1326 4838 1522 4913 posita
1551 4838 1762 4899 lineaa
1789 4841 1872 4900 bc
1895 4842 2163 4917 qualibet
2194 4862 2238 4917 D
2270 4843 2598 4899 novenario
2660 4842 2905 4916 aequatis
2970 4844 3078 4911 est,
3137 4842 3242 4897 sed
3313 4841 3564 4898 denario
3617 4841 3936 4916 inaequalis

488 4932 651 4991 linea
676 4933 892 5005 major,
936 4937 994 4987 et
1024 4946 1062 4988 a
1094 4930 1128 4986 b
1159 4946 1189 4987 ι·
1245 4928 1515 5002 qualibet
1575 4932 1890 5004 superﬁcie
1929 4934 2152 4993 minor.

490 5021 845 5095 Superﬁcies
903 5034 1047 5090 ergo
1106 5034 1142 5076 a
1164 5019 1197 5073 b
1226 5032 1259 5074 ι.»
1317 5018 1359 5074 d
1386 5017 1495 5074 erit
1556 5019 1753 5091 major
1808 5020 1969 5079 linea
1998 5037 2034 5079 α
2066 5023 2098 5078 b
2128 5039 2160 5080 c

490 5111 691 5169 minor
718 5108 1034 5182 superﬁcie
1073 5122 1111 5164 α
1142 5107 1175 5163 b
1205 5121 1236 5164 c
1265 5107 1424 5178 def.
1449 5113 1639 5181 Atque
1670 5125 1792 5167 una
1822 5110 2159 5185 eademque

491 5199 842 5273 superﬁcies
864 5196 1081 5254 eodem
1110 5201 1382 5271 tempore
1406 5198 1510 5255 erit
1542 5199 1738 5272 major
1761 5204 1819 5257 et
1845 5204 2057 5270 minor,
2087 5219 2157 5261 ac

486 5288 622 5361 ipsa
651 5286 765 5343 sibi
791 5284 1092 5343 contraria
1119 5302 1132 5351 ;
1183 5301 1328 5342 nam
1360 5287 1557 5360 majus
1587 5287 1806 5347 minori
1828 5291 2157 5363 opponitur

487 5380 553 5432 ut
582 5376 973 5432 contrarium.
1005 5379 1086 5431 Ac
1113 5390 1151 5433 α
1200 5374 1233 5431 b
1261 5392 1291 5432 ρ
1331 5376 1580 5450 quidem
1638 5378 1798 5435 linea
1821 5379 1928 5437 erit
1956 5380 2155 5452 major

485 5463 643 5521 linea
692 5465 722 5520 b
752 5468 861 5522 cet
889 5462 1156 5537 qualibet
1181 5464 1340 5523 linea
1368 5482 1381 5522 :
1412 5466 1609 5524 minor
1649 5484 1790 5526 vero
1838 5455 2173 5541 superﬁcie.

486 5566 526 5606 ιι
557 5552 590 5609 b
615 5568 646 5610 c
676 5555 718 5610 d
741 5559 797 5611 et
825 5552 1093 5629 qualibet
1147 5553 1462 5628 superﬁcie
1510 5572 1524 5612 :
1550 5561 1731 5630 atque
1779 5558 1914 5630 ipsa
1934 5574 1997 5615 se
2027 5574 2149 5617 uno

2270 4938 2450 5006 atque
2478 4933 2657 4990 etiam
2703 4947 2938 4989 senario
2974 4949 2986 4999 ;
3033 4930 3193 4987 idem
3246 4930 3529 4987 denarius
3548 4929 3801 4988 denario
3828 4948 3936 4989 nu-

2269 5039 2436 5080 mero
2455 5021 2705 5094 mqualis
2735 5026 2843 5089 est,
2878 5020 2981 5077 sed
3020 5021 3353 5077 novenario
3384 5018 3727 5092 inaequalis,
3750 5025 3935 5095 atque

2268 5113 2447 5170 etiam
2482 5109 2758 5167 undecim
2784 5125 3035 5166 numero
3069 5128 3081 5162 :
3117 5115 3298 5180 atque
3356 5107 3471 5165 hoc
3507 5107 3571 5164 in
3627 5107 3935 5167 inﬁnitum

2265 5199 2518 5275 produci
2547 5205 2760 5273 potest.
2788 5203 2937 5256 Nam
2955 5196 3415 5270 semperhabita
3431 5194 3682 5269 aequalis
3705 5198 3934 5255 ratione

2263 5289 2561 5363 inaequale
2588 5288 2821 5344 dicitur.
2855 5290 2918 5343 Et
2942 5302 3131 5343 unum
3154 5302 3293 5342 cum
3319 5286 3609 5353 altero,ut
3637 5300 3938 5357 magnum

2263 5395 2401 5437 cum
2428 5394 2612 5451 parvo
2641 5382 2841 5450 potest
2872 5374 3151 5432 conferri.
3186 5374 3445 5430 intensio
3471 5389 3613 5430 vero
3639 5378 3697 5431 et
3726 5376 3939 5433 remis-

2261 5467 2350 5525 sio
2380 5468 2443 5523 in
2472 5466 2618 5539 ipsis
2643 5467 2873 5524 ratione
2903 5464 3207 5538 qualitatis
3262 5463 3466 5520 locum
3523 5460 3771 5519 habent.
3810 5465 3939 5523 Ete-

2260 5559 2387 5616 nim
2409 5557 2522 5615 hac
2551 5558 2781 5614 ratione
2804 5556 2859 5611 in
2882 5555 3197 5629 superﬁcie
3241 5559 3423 5628 atque
3462 5553 3524 5611 in
3543 5552 3704 5611 linea
3724 5551 3933 5614 locum

430 5690 437 5695 .
483 5640 819 5717 eodemque
846 5648 1111 5715 tempore
1130 5644 1328 5716 major
1352 5646 1459 5703 erit
1482 5651 1539 5702 et
1563 5647 1781 5717 minor,
1809 5647 2148 5722 eodemque
2254 5645 2477 5706 habere
2503 5646 2799 5704 videntur:
2824 5644 2972 5703 Sunt
2992 5648 3193 5702 autem
3215 5642 3380 5703 aliud
3419 5648 3599 5716 atque
3629 5642 3801 5701 aliud
3822 5654 3924 5703 ra-
