4130 6406
261 373 397 430 1337

258 503 331 569 τῷ
390 490 595 550 ἕνδεκα.

257 589 360 660 γὰρ
405 589 533 660 πρὸς
565 579 679 638 ἶσόν
733 583 934 656 λέγεται
977 607 990 621 ο
1039 589 1152 641 ἐστι
1198 586 1258 642 δὲ
1302 592 1437 643 κατά
1488 594 1546 644 τό
1602 592 1779 663 μεῖζον
1835 591 1925 640 καὶ

258 675 469 730 ἔλαττον
517 674 807 747 λεγόμενον.
892 676 1160 741 Ἐπίτασις
1207 675 1266 732 δὲ
1318 684 1409 734 καὶ
1464 681 1640 742 ἄνεσις
1695 682 1925 752 φαίνεται

257 773 354 827 τῆς
427 768 704 825 ποιότητος
813 763 882 831 ἓν,
985 766 1144 828 αὐτῆς
1202 772 1292 822 καὶ
1410 771 1511 844 γὰρ
1635 768 1923 841 ἐπιφάνεια,

259 854 308 909 ἐν
361 851 421 908 δὲ
448 859 688 929 γραμμὴ,
721 853 846 907 ἄλλο
877 850 933 908 δ’
982 857 1095 910 ἔστι
1124 861 1214 912 καὶ
1244 857 1386 928 ἄλλο,
1444 862 1536 912 καὶ
1576 858 1671 912 ούκ
1709 856 1885 911 ἀλλοία
1908 893 1921 907 .

258 946 290 1004 ἡ
321 951 446 1015 γοῦν
479 942 533 1007 ἐξ
578 952 673 1006 τῆς
721 948 843 1018 τρία
895 943 1135 1000 ἐπιτάσει
1190 949 1251 1000 τό
1304 945 1502 1002 ἀλλοῖον
1569 951 1702 1021 ἔχει,
1749 952 1839 1001 καὶ
1890 949 1920 1007 ἡ

261 1032 399 1090 ἐννέα
465 1041 556 1096 τῆς
612 1032 684 1100 ἐξ,
732 1038 822 1087 καὶ
869 1036 900 1094 ἠ
962 1032 1093 1091 δέκα
1142 1046 1239 1101 τῆς
1295 1037 1434 1096 ἐννέα
1487 1039 1517 1099 ἣ
1572 1047 1662 1100 τῆς
1718 1034 1922 1105 ἕνδεκα,

258 1126 536 1187 ποιότητος
556 1119 617 1177 δὲ
636 1127 810 1191 τόῡτο,
850 1123 979 1183 ἀλλὰ
1016 1122 1083 1186 δὴ
1116 1132 1206 1185 καὶ
1250 1130 1280 1188 ἡ
1314 1131 1407 1189 ἴση
1458 1134 1550 1183 καὶ
1604 1130 1783 1191 ἄνισος
1833 1136 1925 1190 τῆς

259 1232 295 1267 α
339 1212 376 1287 β
428 1235 485 1285 7,
538 1221 630 1275 τῆς
669 1233 704 1266 α
743 1212 780 1287 β
830 1235 865 1287 γ
933 1210 969 1269 δ
1013 1220 1104 1269 καὶ
1155 1216 1192 1290 β
1245 1220 1342 1290 γή
1382 1216 1481 1291 αβ
1528 1218 1719 1286 εὐθεῖα,
1780 1221 1924 1271 ποιό-

254 1321 372 1362 τητι
430 1299 491 1357 δε
540 1300 718 1356 ἀλλοία
760 1310 853 1365 τῆς
894 1324 930 1358 α
979 1302 1016 1378 β
1066 1305 1096 1367 ἦ
1152 1313 1249 1370 τῆς
1302 1305 1372 1433 βδ
1398 1310 1694 1371 ποιότητος.
1748 1313 1921 1383 Γραμ-

935 1395 970 1433 Ἰ

257 1492 361 1557 μῆς
391 1485 493 1559 γὰρ
533 1485 592 1536 τό
632 1482 753 1537 εὐθύ
810 1488 899 1537 καὶ
947 1488 1235 1562 περιφερὲς,
1271 1483 1564 1543 ἰδιαίτατον
1616 1507 1673 1542 σε
1726 1490 1924 1550 ταύτης

258 1577 318 1630 τὸ
374 1571 592 1636 ἀπλατές
643 1594 656 1609 -
703 1573 759 1637 6;
802 1573 896 1627 οὐκ
932 1573 981 1628 ἐν
1028 1574 1164 1649 ἀλλῳ
1206 1581 1306 1631 τινὶ
1362 1579 1719 1655 εὑρεθήσεται.
1760 1581 1926 1655 Πέρα-

258 1683 327 1717 τα
379 1659 439 1716 δὲ
467 1670 565 1726 τῆς
619 1666 711 1737 μὶν
746 1662 1038 1737 ἐπιφανείας
1094 1672 1338 1742 γραμμαί
1391 1688 1404 1702 ο
1458 1670 1621 1721 εἵτουν
1672 1671 1732 1721 1'6
1786 1688 1820 1721 6:
1862 1667 1921 1742 β,

258 1750 354 1809 κᾶν
380 1755 472 1812 ἴση
512 1752 607 1805 κᾶν
646 1754 847 1821 ἄνισος,
879 1752 975 1806 κᾶν
1023 1755 1212 1828 μείζων
1281 1756 1375 1810 κᾶν
1435 1755 1655 1811 ἐλάττων
1687 1779 1700 1792 ·

258 1849 362 1916 pr};
392 1838 452 1896 δέ
478 1848 717 1916 στιγμαί.
758 1842 920 1901 Ὀλου
975 1841 1036 1899 δε
1062 1849 1122 1899 τὸ
1161 1865 1196 1899 α
1249 1844 1286 1921 β
1326 1867 1384 1919 γ,
1440 1845 1536 1900 κᾶν
1583 1847 1778 1920 μείζων
1827 1846 1923 1900 κᾶν

258 1930 507 1989 ἐλάττων.
540 1931 679 1987 Ἴσοι
707 1940 834 2006 γοῦν
862 1935 888 1987 6
928 1938 1071 2011 τρία,
1097 1940 1187 1989 καὶ
1217 1944 1243 1988 6
1287 1940 1430 2010 τρία,
1480 1938 1505 1991 ό
1563 1935 1617 2001 ἓξ
1635 1941 1724 1990 καὶ
1777 1938 1803 1991 ό
1847 1936 1918 2010 ἒξ,

255 2021 284 2074 6
326 2019 467 2075 ἐννέα
503 2025 595 2075 καὶ
638 2024 665 2075 6
714 2022 876 2091 ἐννέα,
922 2024 948 2077 6
998 2020 1130 2078 δέκα
1180 2030 1272 2079 καὶ
1312 2027 1338 2078 6
1396 2023 1529 2080 δέκα
1576 2041 1593 2057 ⁹
1640 2028 1815 2080 ἄνισοι
1862 2023 1923 2098 δξ

246 2114 377 2187 πρὸς
428 2110 704 2190 ἐκατέρους
768 2115 905 2166 κατὰ
965 2116 1025 2168 1'6
1088 2114 1267 2188 μεῖζον
1322 2119 1413 2169 καὶ
1470 2115 1682 2170 ἔλαττον
1719 2137 1734 2151 -
1796 2117 1919 2193 ὅπερ

250 2199 394 2254 ἐστὶν
447 2199 560 2255 ἶσον
603 2207 695 2255 καὶ
739 2203 939 2260 ἄνισον.
1014 2210 1116 2257 Καὶ
1200 2206 1257 2258 αἱ
1333 2210 1575 2279 γραμμαὶ
1640 2207 1778 2259 κατά
1832 2209 1920 2259 τόν

253 2290 411 2343 αὐτόν
473 2290 626 2363 λόγον
683 2290 794 2345 ἶσαι
846 2298 935 2346 καὶ
987 2294 1163 2347 ἄνισοι
1209 2315 1222 2329 ·
1274 2298 1410 2348 κατά
1473 2298 1533 2349 1'6
1583 2295 1763 2370 μεῖζον
1830 2300 1921 2349 καὶ

248 2380 481 2452 ἶλαττον,
545 2383 667 2458 ὅπερ
732 2381 873 2437 ἐστὶν
954 2380 1067 2437 ἴσον
1153 2388 1246 2438 καὶ
1326 2386 1526 2455 ἄνισον,
1600 2383 1785 2439 ἀλλοία
1860 2382 1921 2440 δε

246 2474 532 2535 ποιότητος
606 2468 836 2545 διαφορά
897 2464 1188 2547 ἐπιφάνεια,
1250 2477 1386 2529 κατά
1439 2477 1599 2528 ταυτὸ
1686 2471 1746 2529 δὲ
1830 2480 1920 2529 καὶ

246 2566 493 2638 γραμμή.
551 2561 693 2615 Ἐπεὶ
746 2569 873 2633 γοῦν
921 2568 1012 2616 καὶ
1067 2571 1282 2637 γραμμῇ
1337 2569 1427 2618 καὶ
1476 2563 1769 2645 ἐπιφανείᾳ,
1829 2569 1920 2618 καὶ

255 2659 449 2727 στερεῶ
494 2655 586 2705 καὶ
643 2648 851 2725 ἀριθμῷ
908 2652 1147 2728 αἰσθητῷ
1197 2673 1253 2707 τε
1297 2659 1388 2708 καὶ
1449 2662 1620 2726 νοητῷ
1678 2659 1919 2715 ποιότητί

254 2740 303 2795 θ’
359 2741 607 2801 ὡσαύτως
651 2744 743 2793 καὶ
826 2746 977 2795 παντὶ
1030 2743 1302 2817 πράγματι
1389 2742 1752 2811 (ἐπακολουθεῖ
1816 2747 1918 2819 γὰρ

246 2831 459 2892 τούτοις
528 2849 617 2882 και
693 2834 904 2893 κίνησις
976 2851 1067 2884 και
1136 2837 1300 2906 φωνὴ,
1362 2833 1544 2897 ἰσότης
1603 2837 1776 2907 μέντοι
1830 2853 1920 2887 και

249 2922 420 2996 φωνὴ)
487 2918 671 2982 ἰσότης
739 2924 916 2993 μέντοι
965 2940 1056 2975 και
1105 2920 1354 2987 ἀνισότης
1393 2925 1529 2977 κατὰ
1566 2926 1750 2993 ποσὸν,
1798 2923 1919 2980 ἐπί-

1150 374 1507 437 THEODORI
1535 372 1583 431 II
1614 374 1754 432 1MP.
1782 372 1875 431 DE
1912 369 2372 433 COMMUNIONE
2417 372 2793 432 NATURALI.

684 499 788 548 Καὶ
851 501 1004 551 τοῦτο
1071 516 1207 551 κατα
1242 502 1301 552 1'6
1349 500 1579 577 ἄπειρον.
1618 502 1688 555 T6
1744 500 1923 552 ἄνισον
1957 499 2003 552 Α
2035 518 2186 560 τασις
2217 494 2277 552 δὲ
2326 518 2417 551 και
2471 500 2647 561 ἄνεσις
2702 501 2837 554 κατὰ
2864 502 3032 569 ποιὸν,
3072 520 3162 555 και
3217 507 3311 555 τοῦ
3494 504 3550 557 τὸ
3599 504 3686 558 6'0.-

1755 1778 1924 1849 γραμ·
1966 1795 2002 1849 a

3544 379 3683 438 4338

2036 583 2113 653 λο,
2144 592 2235 638 τοῦ
2260 582 2318 640 6":
2356 589 2414 639 1'6
2481 584 2700 655 ἀλλοῖον,
2764 590 2874 643 οὔθ’
2931 590 3115 652 ἔνωσις
3160 593 3276 645 οὔτε
3323 591 3686 658 αύτοποσότης

2035 683 2108 748 τῷ
2137 685 2285 748 ποσῷ
2335 677 2574 730 ἐπίτασιν
2608 675 2718 736 δώη
2788 680 2817 740 ἢ
2872 681 3066 746 ἄνεσιν,
3113 684 3228 735 οὔτε
3282 685 3375 740 τὴν
3433 686 3689 742 ποιότητα

2036 766 2387 841 ἀποστερήσει
2447 767 2733 831 ἐπιτάσεως
2812 788 2904 825 και
2976 769 3211 839 ἀνέσεως,
3288 773 3409 845 ὅπερ
3458 779 3549 826 τοῦ
3600 771 3686 825 ἀλ-

2033 856 2177 912 λοίου
2224 856 2337 912 ἐστί
2394 859 2467 931 (1)
2535 876 2551 914 :
2595 879 2686 912 και
2737 858 2848 912 ἐπεί
2899 861 2929 918 ἡ
2990 858 3226 921 ἐπίτασις
3281 880 3371 913 και
3426 863 3457 923 ἠ
3511 862 3686 926 ἄνεσις

2036 948 2095 1002 ού
2167 956 2261 1002 τοῦ
2336 948 2514 1019 ἄλλον,
2572 947 2699 1003 ἀλλά
2752 957 2845 1006 τοῦ
2920 948 3144 1009 ἀλλοίου,
3210 955 3312 1005 Καί
3362 955 3421 1004 τὸ
3479 972 3513 1005 α
3558 952 3594 1027 β
3649 975 3684 1027 γ

2036 1035 2071 1091 ὃ
2122 1039 2438 1111 τετράγωνον
2490 1038 2584 1095 οὐκ
2634 1041 2740 1115 ἄρα
2785 1038 2910 1094 ἄλλο
2966 1048 3057 1095 τοῦ
3095 1040 3134 1113 ψ
3192 1062 3224 1114 φ
3264 1063 3304 1095 ω
3358 1062 3401 1115 χ
3454 1038 3686 1118 διαφέρει

2035 1125 2095 1182 δὲ
2148 1138 2296 1201 ποσῷ
2352 1136 2425 1201 τῷ
2481 1128 2644 1202 ἀνίσῳ
2712 1138 2847 1184 ποιῶ
2902 1126 2962 1185 δε
3012 1140 3085 1203 τῷ
3133 1128 3338 1206 ἀλλοίῳ,
3406 1135 3570 1187 εἵτουν
3620 1142 3681 1209 τῇ

2033 1218 2265 1273 ἐπιτάσει
2297 1239 2386 1272 και
2420 1227 2482 1293 τῇ
2541 1219 2728 1285 ἀνέσει,
2806 1220 2902 1273 οὐκ
2953 1220 3076 1275 ἄλλο
3140 1230 3266 1294 γοῦν
3307 1221 3413 1276 ἀλλ’
3488 1224 3685 1279 α).λοίον

2030 1317 2123 1363 τοῦ
2149 1309 2387 1384 μείζονος
2433 1312 2494 1363 τὸ
2544 1310 2783 1382 ἔλαπτον,
2836 1306 3081 1384 ὁμοειδὴς
3134 1308 3195 1365 6“:
3248 1333 3340 1368 και
3392 1321 3489 1379 τῆς
3526 1315 3687 1381 αὐτῆς

2487 1461 3218 2196 χ,

2027 2289 2214 2355 οὐσίας
2251 2311 2341 2345 και
2383 2294 2683 2363 ποιότητος,
2731 2296 2831 2346 Καί
2891 2292 3107 2365 θυμικὸς
3149 2289 3255 2366 ἄρα
3298 2288 3328 2348 ἦ
3386 2292 3485 2350 πᾶς
3537 2285 3691 2345 ἀὪος

2026 2385 2159 2458 πρὸς
2213 2385 2302 2436 τὸν
2376 2378 2595 2458 ὁμοειδῆ
2673 2381 2768 2435 οὐκ
2856 2380 3027 2449 ἆλὶος,
3114 2378 3314 2442 ἀλλοῖος
3389 2386 3453 2453 τῇ
3511 2376 3690 2431 ἐπιτά-

2031 2492 2111 2526 σει
2178 2492 2270 2525 και
2315 2480 2376 2546 τῇ
2431 2474 2627 2546 ὑφέσει,
2680 2471 2723 2526 εἰ
2793 2468 3048 2545 διαφέρει.
3108 2475 3208 2525 Καί
3240 2467 3461 2543 ἐδείχθη
3527 2474 3693 2522 ταῦτα

2027 2564 2198 2624 καθὼς
2249 2558 2356 2616 ἔδει
2401 2558 2709 2634 δειχθῆναι.
2764 2565 2852 2616 Διὸ
2910 2561 3004 2615 οὐκ
3063 2559 3212 2614 ἄλλον
3254 2563 3343 2613 τόν
3388 2561 3607 2635 θυμικὸν
3656 2558 3687 2618 ἦ

2028 2650 2404 2724 ἐπιθυμητικὸν
2457 2651 2484 2705 ὁ
2540 2655 2725 2727 κρίνων
2785 2647 3043 2725 διακρινεῖ
3088 2657 3180 2704 τοῦ
3250 2645 3545 2723 ὁμοειδοῦς,
3598 2644 3691 2701 διὰ

2025 2746 2119 2802 τὴν
2181 2740 2237 2795 ἐκ
2287 2745 2568 2805 ποιότητος
2612 2740 2786 2795 ἆνεσιν
2842 2741 2873 2802 ἣ
2952 2739 3210 2807 ἐπίτασιν,
3271 2738 3317 2792 εἱ
3368 2745 3442 2809 τῷ
3493 2739 3549 2790 ἐκ
3598 2742 3690 2790 τοῦ

2027 2839 2195 2887 ποσοῦ
2271 2830 2514 2906 ἀπατηθῇ
2576 2834 2674 2904 ἴσῳ
2728 2850 2817 2884 και
2883 2828 3045 2903 ἀνίσῳ
3104 2830 3242 2882 κατά
3301 2829 3517 2888 τούτους
3569 2828 3689 2889 τοὺς

2027 2922 2253 2997 λόγους·
2295 2924 2409 2997 ἔχει
2461 2942 2551 2977 και
2596 2924 2698 2997 γὰρ
2751 2918 2939 2998 ἀκριϐῆ
3021 2923 3117 2981 τὴν
3171 2913 3463 2983 ἀπόδειξιν.
3514 2914 3691 2970 Οὕτω·

255 3095 418 3154 tione
463 3097 814 3171 quantitatis
872 3101 930 3156 et
989 3115 1114 3158 non
1172 3099 1513 3159 aliusmodi.
1567 3101 1918 3176 Superﬁeies
1953 3108 1994 3166 C
2033 3105 2231 3161 mente
2251 3100 2594 3176 percipitur,
2621 3099 2890 3175 qualitati
2919 3113 3164 3174 quoque
3190 3099 3370 3171 atque
3390 3095 3543 3155 adeo
3563 3094 3684 3153 cui-

251 3186 436 3258 igitur
464 3203 600 3261 quae
622 3203 725 3245 sex
750 3188 811 3244 in
839 3205 907 3246 se
931 3189 1345 3264 complectitur
1372 3190 1595 3249 additis
1622 3191 1810 3249 tribus
1839 3194 1923 3251 in-

251 3275 518 3334 tenditur
554 3281 612 3334 et
638 3281 1085 3336 commutatur:
1119 3284 1175 3337 et
1226 3296 1448 3337 novem
1508 3282 1925 3355 complectitur

250 3366 473 3423 additis
512 3384 635 3440 sex,
668 3367 998 3426 intenditur
1028 3372 1086 3427 et
1112 3370 1420 3427 dissimilis
1470 3372 1691 3440 evadit,
1742 3374 1923 3430 Item-

247 3472 368 3528 que
398 3472 535 3529 qute
575 3456 786 3514 decem
845 3458 1261 3531 complectitur
1324 3461 1671 3533 superﬁcies
1705 3462 1924 3519 additis

247 3559 467 3601 novem
500 3552 604 3601 aut
640 3546 918 3603 undecim
960 3546 1270 3604 dissimilis
1300 3550 1522 3606 evadit.
1555 3554 1675 3607 Hoc
1721 3556 1923 3609 autem

251 3639 340 3691 est
370 3633 695 3708 qualitatis.
720 3636 896 3709 Atqui
922 3635 1081 3694 linea
1113 3643 1276 3695 recta
1303 3654 1339 3695 a
1370 3640 1402 3696 ὸ
1431 3655 1461 3697 c
1490 3640 1738 3714 aequalis
1761 3646 1851 3697 est
1872 3645 1927 3698 ct

248 3724 566 3797 inaequalis
594 3723 764 3781 lineis
790 3740 827 3782 α
875 3725 908 3781 b
939 3743 988 3796 ε,
1016 3742 1053 3783 a
1103 3727 1135 3783 6
1165 3742 1197 3784 ι’
1227 3728 1287 3796 d,
1323 3728 1355 3784 b
1386 3745 1418 3786 c
1467 3742 1490 3799 ,'
1530 3729 1639 3785 sed
1681 3736 1926 3803 propter

247 3814 602 3887 qualitatem
645 3820 733 3871 est
785 3815 1116 3872 dissimilis.
1177 3819 1327 3874 Nam
1402 3819 1575 3876 lineae
1610 3819 1725 3875 hoc
1784 3837 1925 3893 prc-

250 3904 452 3977 prium
490 3908 579 3960 est
607 3909 670 3961 ut
698 3905 771 3961 sit
800 3912 963 3964 recta
998 3906 1091 3962 vel
1122 3906 1373 3980 obliqua
1402 3926 1415 3978 ;
1448 3910 1712 3966 maxime
1781 3927 1924 3966 vero

254 3993 586 4065 proprium,
622 3998 684 4050 ut
714 3995 786 4051 sit
819 3995 1150 4052 latitudinis
1189 4012 1403 4069 expers
1442 4014 1454 4053 :
1495 4014 1630 4071 qua}
1676 3999 1922 4071 quidem

251 4083 587 4155 proprietas
641 4083 701 4139 in
743 4084 907 4140 nulla
983 4084 1099 4141 alia
1132 4101 1195 4141 re
1244 4087 1486 4159 reperiri
1541 4092 1755 4160 potest.
1796 4090 1926 4145 'I'er-

249 4171 402 4229 mini
433 4187 577 4228 vero
606 4189 711 4229 seu
759 4173 911 4229 ﬁnes
951 4174 1283 4247 superﬁciei
1312 4182 1449 4233 sunt
1480 4176 1648 4233 lineae
1701 4182 1786 4247 ut,
1827 4194 1923 4235 ex-

2032 3193 2178 3251 libet
2201 3191 2287 3249 rei
2316 3192 2469 3248 inest
2494 3189 2808 3265 aequalitas
2840 3193 2897 3246 et
2922 3187 3300 3263 inaequalitas
3337 3202 3411 3243 ex
3452 3184 3690 3259 quanti-

2035 3286 2173 3354 tate,
2199 3281 2458 3339 intensio
2488 3296 2626 3337 vero
2657 3284 2714 3336 et
2741 3277 3012 3336 remissio
3050 3293 3124 3334 ex
3150 3276 3454 3350 qualitate,
3484 3291 3556 3332 ac
3584 3289 3693 3349 per

2034 3372 2200 3429 illam
2222 3371 2469 3445 quidem
2491 3370 2622 3427 alia;
2651 3385 2750 3426 res
2779 3369 3081 3439 dicuntur,
3113 3383 3220 3442 per
3273 3367 3432 3424 hanc
3489 3368 3691 3423 autem

2034 3461 2395 3517 dissimiles:
2444 3464 2600 3517 certe
2651 3474 2849 3532 neque
2902 3457 3066 3526 unio,
3111 3472 3308 3529 neque
3364 3455 3690 3529 quantitas,

2033 3556 2263 3625 quanto
2295 3549 2471 3606 alicui
2509 3549 2911 3606 intensionem
2943 3552 2999 3604 et
3028 3545 3444 3603 remissionem
3474 3544 3643 3601 dabit
3674 3560 3687 3600 :

2033 3656 2229 3713 neque
2265 3656 2474 3696 rursus
2503 3639 2856 3712 qualitatem
2882 3635 3217 3693 intensione
3243 3639 3301 3692 et
3337 3632 3689 3691 remissione

2032 3729 2311 3803 privabit.
2366 3731 2432 3785 Et
2484 3728 2775 3801 quoniam
2827 3726 3084 3783 intensio
3143 3729 3203 3782 et
3240 3723 3512 3781 remissio
3562 3736 3686 3779 non

2035 3818 2200 3876 aliud
2231 3818 2496 3874 efﬁciunt
2527 3817 2634 3873 sed
2660 3816 3198 3873 dissimilitudinem
3232 3813 3510 3870 afferunt.
3533 3813 3691 3879 Qua-

2033 3907 2399 3979 drangulum
2429 3923 2570 3977 ergo
2599 3922 2635 3963 a
2666 3907 2695 3963 ί)
2724 3922 2755 3963 c
2774 3907 2816 3963 εἰ
2838 3922 2962 3962 non
2992 3904 3100 3961 erit
3127 3903 3291 3960 aliud
3321 3919 3358 3960 a
3386 3901 3691 3975 quadran-

2034 3996 2175 4068 gulo
2203 4013 2240 4068 y
2263 4013 2353 4054 xz.
2375 4013 2430 4054 v.
2456 3995 2734 4053 Different
2759 3999 2957 4052 autem
2981 3994 3132 4052 inter
3159 4008 3222 4050 se
3246 4009 3318 4049 ex
3338 3991 3691 4065 quantitatis

2032 4086 2456 4160 inaequalitate,
2492 4090 2548 4143 et
2579 4086 2626 4142 si
2647 4084 3001 4160 qualitatem
3033 4089 3261 4158 spectes
3285 4098 3358 4139 ex
3388 4081 3691 4139 dissimili-

2034 4176 2260 4242 tudine,
2292 4178 2407 4233 lioc
2438 4180 2526 4232 est
2555 4193 2629 4233 ex
2660 4176 2998 4232 intensione
3022 4179 3078 4231 et
3106 4173 3477 4230 remissione.
3502 4173 3691 4229 Minus

248 4261 429 4335 empti
456 4261 666 4332 gratia,
699 4262 860 4320 linea
900 4279 937 4320 (ι
973 4263 1026 4330 6,
1059 4266 1341 4337 quamvis
1398 4266 1646 4339 aequalis
1678 4272 1783 4323 aut
1838 4268 1923 4324 in-
1959 4281 2002 4336 1)
2034 4282 2176 4338 ergo
2209 4266 2575 4337 triangulum
2607 4281 2731 4323 non
2751 4265 3023 4322 estaliud
3053 4280 3089 4320 a
3115 4263 3364 4334 majore,
3394 4262 3494 4318 sed
3523 4261 3693 4318 dissi-

250 4351 524 4424 mqualis,
571 4352 769 4424 major
821 4357 922 4410 aut
976 4354 1189 4410 minor.
1254 4355 1445 4412 Linea:
1494 4373 1637 4412 vero
1688 4357 1925 4415 termini

249 4446 396 4497 sunt
452 4446 695 4514 puncta.
761 4442 962 4499 Totius
1011 4459 1155 4500 vero
1204 4459 1240 4500 a
1293 4445 1325 4501 ὁ
1391 4462 1443 4515 c,
1500 4445 1615 4503 hoc
1668 4450 1785 4503 tres
1832 4447 1922 4503 di-

251 4529 626 4595 mensiones,
651 4531 775 4587 sive
809 4535 997 4588 totum
1023 4532 1171 4589 illud
1197 4535 1404 4606 majus,
1460 4535 1582 4591 sive
1609 4537 1797 4592 minus
1826 4538 1919 4594 sit.

256 4619 530 4692 Equalia
560 4619 739 4692 igitur
764 4626 903 4676 sunt
935 4622 1044 4677 tria
1074 4627 1130 4677 et
1160 4623 1293 4691 tria,
1341 4638 1561 4681 novem
1594 4632 1647 4681 et
1677 4642 1920 4695 novem,

255 4709 464 4764 decem
511 4718 567 4764 et
629 4709 888 4779 decem;
926 4711 1260 4782 inaequales
1324 4720 1523 4769 autem
1585 4720 1724 4770 sunt
1771 4717 1922 4770 inter

253 4813 319 4854 se
366 4815 438 4855 ex
476 4801 728 4870 majoris
774 4805 832 4857 et
876 4801 1126 4856 minoris
1178 4804 1631 4875 comparatione
1683 4822 1696 4860 :
1752 4804 1919 4877 quod

249 4889 496 4963 proprie
563 4888 778 4945 dicitur
856 4905 985 4945 esse
1062 4889 1292 4962 aequale
1341 4896 1397 4947 et
1451 4892 1766 4965 inaequale.
1819 4895 1920 4949 lia.

249 4980 393 5037 dem
420 4979 649 5036 ratione
678 4978 849 5037 lineae
880 4979 1147 5053 aequales
1200 4986 1257 5038 et
1305 4980 1637 5054 inaequales
1681 4998 1750 5038 ex
1792 4999 1919 5041 nia-

240 5069 394 5145 joris
433 5075 490 5126 et
518 5069 769 5125 minoris
801 5070 1253 5143 comparatione
1283 5070 1563 5127 dicuntur
1590 5088 1741 5128 esse.
1774 5075 1918 5139 Quae

248 5156 503 5230 quidem
536 5174 678 5213 vera
721 5163 813 5214 est
851 5157 1208 5230 aaqualitatis
1256 5164 1313 5215 et
1352 5159 1775 5231 inrequalitatis
1828 5177 1919 5219 ra-

250 5248 360 5303 tio.
408 5246 720 5302 Dissimilis
783 5262 924 5303 vero
981 5246 1196 5303 dicitur
1271 5247 1617 5320 supeiticies
1673 5253 1920 5321 propter

250 5333 563 5409 qualitatis
617 5335 1031 5392 differentiam.
1097 5336 1440 5410 Eodemque
1498 5336 1682 5394 modo
1736 5338 1914 5397 linea.

254 5426 557 5493 Quoniam
618 5427 800 5497 igitur
875 5425 1066 5492 lineae,
1119 5426 1473 5499 superﬁciei,
1534 5427 1747 5498 solido,
1805 5445 1916 5486 nu-

254 5531 427 5574 mero
466 5515 578 5573 sub
629 5532 879 5573 sensum
918 5514 1176 5586 cadenti,
1226 5516 1489 5589 itemque
1527 5532 1781 5575 numero
1812 5519 1917 5592 qui

2032 4357 2192 4413 mile.
2235 4358 2383 4413 Sunt
2433 4362 2634 4412 autem
2686 4355 2861 4411 unius
2905 4355 3135 4421 formae,
3190 4353 3369 4408 unius
3418 4351 3689 4408 essentias

2032 4452 2086 4505 et
2114 4445 2430 4519 qualitatis.
2464 4444 2994 4516 Iraeundusigitur
3024 4441 3353 4515 etquilibet
3398 4442 3550 4498 alius
3598 4457 3691 4498 ra-

2032 4538 2190 4594 tione
2230 4536 2483 4607 alicujus
2502 4534 2827 4608 qualitatis,
2877 4550 3014 4608 que:
3047 4534 3120 4590 sit
3170 4531 3442 4605 ejusdem
3474 4529 3691 4604 speciei

2030 4630 2413 4699 comparatus
2438 4641 2571 4679 cum
2607 4623 2743 4690 alio,
2776 4639 2897 4679 non
2938 4624 3045 4680 erit
3073 4621 3224 4679 alius
3254 4622 3358 4679 sed
3387 4619 3691 4678 dissimilis

2029 4722 2273 4788 propter
2321 4714 2675 4771 intensionis
2729 4718 2786 4770 et
2846 4712 3216 4770 remissionis
3263 4711 3681 4768 differentiam.

2026 4809 2217 4876 Atque
2253 4804 2381 4859 haec
2406 4802 2819 4859 demonstrata
2848 4806 2987 4859 sunt
3035 4807 3101 4859 ut
3129 4801 3394 4874 oportuit
3435 4800 3691 4857 demon-

2028 4892 2217 4950 strari.
2249 4891 2617 4958 Quambrem
2651 4906 2776 4948 non
2798 4891 2985 4948 alium
3007 4889 3367 4948 iracundum
3391 4893 3496 4947 aut
3524 4888 3688 4961 cupi-

2025 4982 2172 5040 dum
2202 4983 2469 5039 indicare
2489 4980 2671 5037 debet
2696 4981 2915 5055 aliquis
2939 4997 3079 5038 eum
3103 4981 3206 5054 qui
3231 4980 3424 5050 magis
3452 4983 3555 5036 aut
3578 4978 3689 5036 mi-

2025 5088 2141 5128 nus
2170 5077 2258 5128 est
2282 5070 2635 5139 iracundus,
2662 5071 2853 5140 magis
2882 5076 2987 5127 aut
3011 5070 3211 5126 minus
3241 5069 3514 5142 cupidus.
3542 5084 3685 5126 cum

2025 5161 2141 5218 sint
2169 5161 2437 5233 ejusdem
2471 5159 2711 5234 speciei.
2746 5163 2947 5233 Neque
2991 5158 3169 5217 debet
3217 5159 3413 5231 decipi
3450 5158 3688 5232 quanti-

2026 5252 2159 5308 tatis
2190 5250 2528 5324 :equalitate
2552 5249 3048 5322 etinaequalitate.
3079 5250 3268 5306 liabet
3295 5251 3455 5305 enim
3486 5248 3548 5305 in
3589 5248 3686 5305 his

2026 5339 2405 5396 sermonibus
2444 5342 2792 5395 accuratam
2847 5338 3444 5396 demonstrationem.
3493 5339 3688 5411 Atque

2024 5429 2140 5486 hoc
2171 5429 2355 5487 modo
2386 5428 2632 5502 sapiens
2674 5427 3024 5485 observabit
3070 5427 3374 5485 naturales
3405 5426 3686 5485 animalis

2024 5518 2253 5577 ratione
2279 5517 2510 5592 praediti
2537 5517 3137 5589 communicationes,
3188 5521 3247 5574 et
3273 5532 3397 5590 quo
3441 5516 3685 5588 ingenio

330 5715 403 5789 (1)
432 5715 594 5793 Ὅπερ
625 5714 684 5773 ὀύ
723 5714 816 5772 τοῦ
850 5711 1055 5774 ἁὶλοίοὸ
1080 5714 1221 5779 ἐστι.
1269 5716 1389 5779 lloc
1417 5718 1652 5780 videtur
1681 5721 2041 5782 addititium;
