4130 6416
475 381 612 441 1339
1996 376 2106 436 AD]

2305 382 2354 436 λ.
3775 373 3936 432 1340

473 514 600 578 γοῦν
637 509 728 570 τὰς
777 506 826 560 ἓν
864 515 927 566 τῆ
985 510 1140 580 φύσει
1185 514 1455 571 κοινωνίας
1512 513 1604 560 τοῦ
1648 507 1862 578 λογικοῦ
1917 506 2055 567 ζὼου
2105 507 2132 557 ὁ
2182 552 2206 580 Α
2247 503 2490 579 ενδότιρα
2553 508 2714 570 οὕτως
2786 510 2947 580 ἔχειν.
3005 506 3126 558 Εἰσὶ
3181 507 3283 578 γὰρ
3344 510 3539 576 σημεῖα
3607 500 3781 554 πολλὰ
3845 500 3934 553 ἰα-

481 552 594 578 Ιννν
646 552 727 570 ’ῆν
777 552 820 560 ’⁷
873 552 924 566 ’Ἶ
987 552 1140 580 Ϊ’⁷’“
1186 552 1454 571 ’”’“’“””’“ν
1521 552 1598 560 ’⁷⁷
1652 552 1858 578 "vlw"v
1922 552 2048 567 7""
2110 552 2128 557 ⁷
2248 552 2490 579 ”’“““Γ’“
2555 552 2713 570 ⁷⁷⁵⁹⁷Ὃ
2786 552 2947 580 'A,""
3005 552 3126 558 ’”“⁷”
3189 552 3278 578 Ι’“Γ
3349 552 3537 576 ““Τ“’““ή
3613 552 3620 554 “
3657 552 3690 554 ‘7
3715 552 3756 553 ⁷⁷“
3877 552 3883 553 ⁷

473 595 778 670 ἕπιστήμων
859 605 1173 672 παρατηρῶν
1232 597 1281 650 ἓν
1338 600 1558 651 ἕκαστον
1620 603 1893 668 γινώσκειν
1966 593 2130 648 δύνα-
2170 552 2217 604 Α
2246 604 2397 668 τρικῇ
2450 602 2539 649 καὶ
2595 597 2936 669 φυσιολογικῇ
3015 591 3346 667 δεδειγμένα,
3421 591 3474 655 ἐξ
3549 593 3618 643 ὧν
3683 587 3936 644 δύναται

471 705 579 752 ται,
617 689 789 749 καθὼς
837 689 952 760 ἔχει
999 690 1198 760 φύσεως
1250 701 1267 718 ⁶
1327 693 1418 740 καὶ
1473 687 1568 740 οὐκ
1623 689 1868 760 ἀπατηθῇ
1921 685 1980 738 ἂν
2028 692 2134 739 πώ·
2243 693 2372 737 νοεῖν
2437 689 2501 738 τὰ
2555 694 2654 738 τῶν
2703 685 2890 737 ὐλικῶν
2962 681 3266 738 διαθέσεων.
3343 689 3543 754 Ὥσπερ
3617 687 3749 752 γοῦν
3816 699 3934 731 τινι

471 793 614 842 ποτε,
661 773 790 828 ἀλλὰ
829 773 1183 850 διακρινείτό
1244 780 1398 849 φύσει
1453 783 1685 848 κρεῖττον
1743 781 1833 828 καὶ
1892 779 1950 828 τὸ
1994 777 2133 827 θέσει
2243 771 2465 844 Λνδικῷ
2545 774 2672 844 λίθῳ
2733 770 2902 833 τοῐςδε
2945 772 3140 843 λόγοις,
3210 771 3263 834 ἐξ
3329 769 3529 822 ἐκείνων
3581 771 3649 820 τὰ
3718 774 3934 840 σημεῖα

473 867 564 915 καὶ
623 861 906 938 ἐφαρμόσει
963 865 1036 916 ἐνὶ
1117 864 1321 936 ἑκάστῳ
1397 868 1454 917 τὸ
1534 864 1872 933 κατάλληλον,
1947 860 2127 921 ἐπειδὴ
2241 863 2536 936 λαμϐάνων,
2617 861 2950 935 δοκιμαζέτω
2992 864 3130 923 ὅπως
3214 859 3482 932 ἀπιλέγχῃ
3543 860 3612 912 τὰ
3669 863 3930 930 κρυπτό-

473 949 920 1025 ἀποδεδειγμένας
1001 955 1178 1015 πάσας
1235 956 1348 1026 ἔχει
1419 955 1516 1014 τὰς
1587 958 1876 1016 κοινωνίας.
1930 950 2131 1014 Μηδεὶς
2241 973 2388 1026 μονα,
2416 958 2507 1005 καὶ
2544 956 2604 1006 τὸ
2655 953 2709 1004 ὃν
2764 960 2853 1004 τοῦ
2901 956 2972 1023 μὴ
3034 955 3198 1017 ὄντος,
3250 954 3340 1002 καὶ
3391 952 3496 1002 ὅσα
3549 947 3611 1000 ἂν
3659 947 3928 1021 περιείλη-

475 1038 537 1094 δέ
581 1045 746 1115 μέχρι
793 1051 886 1104 τῆς
931 1043 1096 1114 ὅψεως
1156 1049 1341 1102 στήσει
1397 1048 1491 1102 τὴν
1563 1052 1777 1114 γνῶσιν,
1852 1045 1984 1094 ὧσνι
2044 1042 2127 1094 ἐκ·
2237 1062 2366 1095 πται
2398 1038 2476 1094 δι’
2526 1043 2652 1095 ὅλων
2682 1050 2781 1093 τῶν
2806 1041 2992 1112 λόγων,
3059 1037 3132 1092 δι’
3160 1038 3195 1091 ἃ
3235 1039 3382 1091 καὶὸ
3416 1041 3612 1100 σκοπὸς
3678 1037 3751 1097 εἰς
3797 1038 3923 1110 ἄρι-

474 1137 567 1183 τοῦ
638 1137 922 1204 χρώματος
973 1140 1073 1184 τῶν
1135 1133 1470 1184 καθεκάστων
1536 1131 1862 1202 ἀπατᾶσθαι,
1916 1137 2006 1183 καὶ
2062 1134 2129 1183 τὰ
2239 1151 2363 1184 στον
2394 1130 2538 1192 τέλος
2569 1130 2908 1205 ἐναρξάμενος
2961 1128 3106 1192 λήξει
3162 1124 3383 1200 δυνάμει
3436 1135 3530 1179 τοῦ
3586 1131 3917 1202 κρείττονος,

473 1376 716 1434 quaque
733 1360 933 1416 indole
945 1361 1424 1434 unumquodque
1438 1362 1512 1417 sit
1524 1363 1859 1434 praeditum,
1877 1378 2127 1432 cognos-
2241 1367 2593 1427 monstrata,
2615 1379 2686 1416 ex
2707 1361 2930 1434 quibus
2947 1359 3293 1417 affectiones
3310 1375 3628 1432 corporeas
3643 1373 3912 1428 cognos-

473 1466 605 1505 cere
646 1450 879 1522 poterit.
920 1454 1120 1524 Neque
1163 1467 1432 1524 unquam
1481 1451 1974 1522 hullucinabitur,
2023 1453 2129 1508 sed
2241 1467 2373 1507 cere
2401 1467 2748 1524 possumus.
2783 1450 3022 1516 Quoties
3047 1449 3229 1521 igitur
3257 1467 3332 1506 ex
3360 1449 3473 1505 illis
3516 1448 3694 1519 signis
3731 1446 3903 1518 judi-

472 1538 798 1606 distinguet
817 1537 968 1594 inter
993 1539 1140 1594 illud
1172 1538 1342 1613 quod
1369 1544 1586 1614 natura
1629 1541 2010 1611 praestantius
2043 1545 2132 1596 est
2240 1557 2375 1596 care
2400 1541 2559 1596 volet
2579 1540 2820 1613 aliquis,
2842 1540 2934 1594 his
2957 1539 3174 1594 nostris
3203 1537 3589 1595 sermonibus
3609 1543 3909 1610 tauquam

470 1631 528 1682 et
546 1626 694 1682 illud
751 1627 918 1698 quod
949 1633 1036 1683 est
1085 1629 1384 1702 positione
1428 1647 1441 1696 ;
1502 1634 1560 1684 et
1616 1629 1784 1701 quod
1815 1629 2130 1685 conveniet
2242 1630 2428 1702 Lydio
2464 1629 2664 1702 lapide
2694 1628 2910 1702 probet
2957 1629 3330 1698 conjecturas
3362 1643 3506 1683 suas
3552 1632 3618 1683 ut
3670 1642 3770 1683 res
3811 1641 3917 1681 oc-

472 1717 689 1789 cuique
718 1717 801 1772 rei
823 1718 1328 1782 accommodabit,
1357 1718 1855 1791 quandoquidem
1881 1720 2130 1775 demon-
2240 1719 2428 1776 cultas
2456 1719 2813 1788 investigare
2843 1723 2900 1773 et
2928 1717 2988 1772 id
3009 1716 3176 1790 quod
3201 1733 3324 1773 non
3356 1723 3465 1785 est,
3505 1716 3586 1772 ab
3619 1731 3692 1771 eo
3737 1717 3917 1790 quod

473 1810 687 1862 stratas
734 1806 1312 1864 communicationes
1339 1807 1642 1862 naturales
1693 1808 1895 1863 habet.
1942 1811 2128 1864 Nemo
2160 1829 2199 1882 Β
2239 1815 2328 1864 est
2356 1808 2717 1881 distinguere
2740 1807 2946 1880 possit.
2975 1806 3238 1878 Denique
3254 1805 3751 1880 notetdiligenter
3771 1819 3918 1877 quae

471 1909 614 1949 vero
642 1893 705 1948 in
759 1894 886 1950 solo
916 1899 1165 1966 aspectu
1193 1895 1540 1966 acquiescat
1568 1896 1648 1951 ita
1690 1901 1755 1951 ut
1801 1912 1874 1951 ex
1930 1897 2126 1953 colore
2238 1898 2331 1953 bis
2355 1897 2732 1952 sermonibus
2759 1895 3055 1968 complexi
3078 1911 3308 1963 sumus,
3345 1910 3606 1968 quorum
3658 1909 3916 1968 scopus,

471 1981 866 2051 Singularium
903 1983 1202 2052 judicans,
1245 1982 1306 2037 in
1345 1998 1608 2040 errorem
1648 1985 1986 2052 inducatur,
2020 2002 2128 2057 pu-
2238 2002 2378 2042 cum
2404 1986 2481 2042 ad
2502 1986 2688 2048 ﬁnem
2708 1986 3002 2057 optimum
3044 1984 3268 2051 tendat,
3302 1984 3535 2058 felicem
3563 1998 3824 2057 quoque
3861 1989 3920 2050 et

467 2075 668 2142 tetque
697 2086 834 2142 qua!
863 2073 1004 2140 sunt
1023 2070 1182 2126 intus
1209 2071 1294 2126 ita
1322 2087 1385 2126 se
1413 2071 1656 2128 habere.
1697 2075 1943 2129 Exstant
1965 2075 2127 2130 enim
2237 2075 2536 2148 optimum
2555 2077 2774 2131 exitum
2795 2074 3044 2148 juvante
3059 2075 3179 2130 Deo
3203 2073 3438 2148 Optimo
3455 2074 3721 2151 Maximo
3738 2072 3915 2130 babi-

469 2159 644 2230 signa
664 2159 857 2216 multa
883 2159 944 2215 in
969 2159 1272 2216 medicina
1292 2165 1350 2216 et
1381 2160 1637 2218 naturali
1685 2163 1935 2219 scientia
1964 2179 2126 2220 com-
2235 2169 2406 2222 turus
2435 2170 2542 2220 est.

1189 2661 2036 2782 ΘΕΟΔΩΡΟΥ
2113 2667 2395 2781 ΤΟΥ
2469 2660 3154 2783 ΛΑΣΚΑΡΙ

967 2959 1099 3006 ΤΟΥ
1150 2960 1306 3008 ΥῙΟΥ
1341 2961 1472 3008 ΤΟΥ
1511 2959 1833 3008 ΜΕΓΑΛΟΥ
1885 2960 2210 3008 ΒΑΣΙΛΕΩΣ
2267 2961 2484 3008 ΚΥΡΟΥ
2534 2961 2837 3009 ΙΩΑΝΝΟΥ
2889 2963 3020 3009 ΤΟΥ
3070 2958 3295 3011 ΔΟΥΚΑ

1430 3190 1646 3275 ΤΗΣ
1725 3189 2222 3277 ΦΥΣΙΚΗΣ
2309 3190 2928 3279 ΚΟΙΝΩΝΙΑΣ

1767 3460 2058 3525 ΔΟΓΟΣ
2097 3461 2566 3528 ΠΕΜΠΤΟΣ.

1397 3958 2159 4081 THEODOBI
2259 3962 2955 4085 LASCARIS

1239 4253 1399 4308 FlLIl
1458 4253 1672 4310 SUMMI
1729 4253 2195 4310 IMPERATORIS
2253 4257 2497 4312 DOMINI
2553 4257 2842 4313 JOANNIS
2903 4257 3108 4314 DUCE

1144 4499 1328 4604 DE
1404 4493 2158 4608 NATURALI
2235 4502 3172 4612 COMMUNIONE

1716 4789 2083 4913 SERMO
2143 4798 2623 4894 QUINTUS

525 5291 597 5346 α’,
661 5293 760 5342 Δύο
801 5289 905 5342 εἰσι
961 5293 1028 5344 τὰ
1079 5292 1372 5364 ζητούμενα
1424 5295 1497 5358 εἰς
1543 5295 1792 5366 ἐξέτασιν,
1842 5301 1903 5349 ⁸νὸ
1956 5300 2110 5370 φύσει
2141 5303 2180 5357 C
2218 5319 2361 5374 τερον
2441 5297 2530 5352 οὖν
2600 5299 2824 5375 ἀκριϐῶς
2908 5300 3423 5364 ἐπακολουθήσαντες
3498 5311 3563 5376 τῇ
3656 5303 3902 5369 ἐξετάσει

453 5401 509 5435 τε
540 5383 631 5432 καὶ
667 5381 805 5432 θέσει
871 5400 884 5412 ·
941 5380 989 5433 ἓν
1044 5378 1103 5434 δὲ
1142 5385 1335 5435 τούτων
1387 5389 1556 5438 κοινὸν
1607 5390 1636 5444 ὴ
1696 5384 1946 5463 διαφορά.
2005 5392 2106 5440 [10'-
2216 5394 2381 5464 μέχρι
2420 5394 2510 5442 καὶ
2540 5389 2699 5442 αὐτοῦ
2727 5387 2795 5448 δὴ
2855 5399 2947 5442 τοῦ
3004 5391 3217 5462 λογικοῦ
3273 5393 3411 5452 ζωοῦ
3471 5401 3642 5446 ταῦτα
3703 5415 3880 5455 κατην

529 5563 579 5614 1.
595 5559 721 5613 Duo
736 5564 1020 5633 suntquae
1035 5560 1210 5618 nobis
1223 5562 1788 5635 adinvestigandum
1812 5565 2119 5637 proposita
2227 5572 2315 5622 est
2328 5567 2622 5639 positione
2649 5585 2660 5622 :
2682 5584 2937 5640 quorum
2962 5569 3224 5626 duorum
3247 5587 3571 5627 commune
3592 5573 3906 5644 quiddam

451 5649 730 5734 fuerunt;
764 5664 981 5730 nempe
1004 5650 1152 5708 illud
1171 5652 1339 5725 quod
1367 5659 1688 5709 estnatura
1707 5658 1763 5709 et
1783 5652 1932 5709 illud
1951 5655 2118 5726 quod
2227 5661 2339 5726 est,
2370 5671 2588 5744 nempe
2622 5655 2979 5715 diﬂerentia.
3011 5660 3216 5732 Utrum
3266 5659 3445 5726 igitur
3480 5661 3907 5729 investigatio-
