4130 6430
252 410 393 470 {3M

1129 413 1485 470 THEODORI
1522 412 1569 471 ΙΙ
1605 416 1747 474 IMP.
1784 415 1876 470 DE
1915 411 2372 469 GOMNUNIONE
2410 413 2791 473 NATURALL

3543 409 3683 468 1342

279 543 518 610 στήσαμεν
563 535 914 601 ἐξετάσαντες,
947 540 1038 589 καὶ
1089 539 1120 595 ἡ
1173 539 1265 610 μὲν
1323 535 1586 611 διαίρεσις
1631 546 1729 590 τῶν
1786 556 1895 590 κοι-
1949 538 2001 590 Α
2057 537 2306 608 ράσαντες
2384 535 2550 611 εὔρου.
2604 536 2766 590 Ὥστε
2809 536 3040 611 μεγάλως
3090 539 3180 588 καὶ
3218 536 3249 594 ἡ
3317 532 3539 589 παιδεία
3583 534 3656 599 εἰς

280 635 379 678 νῶν
401 634 757 697 τοσαυταχῶς
814 627 1080 700 εὑρεθεῖσα
1132 623 1293 679 διεῖλε
1341 635 1440 679 τῶν
1490 631 1644 699 φύσει
1697 630 1765 679 τὰ
1819 629 1895 678 θέ-

285 734 386 782 σει,
562 710 622 766 δὲ
683 722 817 787 τομῇ
873 713 1171 786 ἀναγκαίως
1228 725 1645 788 συναναφανεῖσα
1689 719 1715 774 ἱ)
1772 713 1894 769 δια-

284 806 424 878 φορά
478 806 546 856 τὰ
599 808 870 877 κρείττονα
920 801 1258 866 ἐναπεδειξεν.
1303 804 1459 876 Ἔχει
1523 803 1583 858 δὲ
1632 809 1897 878 κρείττονα

281 896 313 951 ἠ
343 895 501 966 φύσις
529 895 633 944 ὅσα
660 895 797 945 κατὰ
851 895 947 954 τὰς
1002 891 1173 967 ἀρχὰς
1229 893 1568 946 ἐπακολουθεί
1607 910 1619 924 ⁸
1654 893 1783 965 λέγω
1837 890 1897 946 δὲ

287 981 459 1056 ἀρχὰς
495 986 615 1042 τοὺς
643 986 855 1055 χυμοὺς
905 986 1086 1035 καὶτὰ
1135 989 1266 1058 μρη
1321 986 1388 1036 τὰ
1432 994 1528 1046 τῆς
1560 984 1750 1057 ψυχῆς
1802 991 1895 1036 τοῦ

286 1071 502 1143 λογικοῦ
533 1073 692 1134 ζώου,
739 1067 921 1130 ἔπειδή
979 1070 1034 1124 ἐκ
1090 1081 1191 1125 τῶν
1253 1076 1496 1126 τοιούτων
1553 1077 1709 1146 σοφὸν
1763 1073 1895 1134 ζῶον

291 1165 598 1214 συνίστακεν
659 1161 950 1234 ἅνθρωπος.
1011 1166 1232 1235 Πότερον
1298 1159 1386 1214 οὖν
1429 1166 1495 1215 τὰ
1559 1165 1650 1235 μὲν
1692 1167 1782 1220 τὴν
1846 1161 1895 1214 ἐν

285 1253 552 1308 κοινότητι
607 1247 866 1323 διαφορὰν
948 1246 1171 1318 ἔδειξαν,
1241 1251 1405 1313 ἁπλάς
1467 1272 1612 1314 τινας
1662 1253 1895 1304 ὑποτιθέ-

283 1359 414 1412 μενα
451 1345 743 1410 κοινωνίας,
778 1344 870 1392 καὶ
928 1339 977 1393 ἰν
1016 1344 1235 1414 ἐπιτομῇ
1294 1345 1354 1394 τὸ
1412 1339 1661 1415 διάφορον
1717 1344 1895 1416 ἤθροι-

284 1448 403 1495 σαν,
479 1427 719 1501 σύμϐολα
807 1431 990 1502 θέμενα
1043 1433 1138 1491 τὰς
1195 1435 1450 1503 συζύγίας
1520 1430 1894 1504 ἁμετακίνητα.

281 1517 354 1571 ’Ἡ
379 1521 484 1590 γὰρ
530 1517 755 1570 καθόλου
806 1517 921 1571 ἐστὶ
964 1524 1058 1570 καὶ
1114 1525 1310 1591 φυσικὴ
1367 1527 1628 1586 κοινωνία,
1677 1523 1768 1571 καὶ
1809 1519 1896 1570 εύ-

287 1609 384 1668 θής
413 1611 504 1657 καὶ
553 1604 748 1677 ἀγαθός
793 1605 934 1658 ἐστιν
973 1609 1000 1659 ὁ
1034 1613 1365 1670 συνεστακιὲκ
1394 1608 1446 1670 ἐξ
1484 1609 1668 1675 αὐτῆς,
1709 1609 1740 1666 ἡ
1794 1607 1898 1660 λεί-

281 1714 439 1747 πεται
467 1701 558 1746 τοῦ
583 1695 776 1748 τελείου
807 1702 962 1771 μέρος
1009 1716 1080 1766 τι,
1119 1698 1266 1749 καὶὸ
1320 1696 1376 1749 ἐκ
1428 1700 1626 1758 ταύτης
1679 1697 1897 1750 λείποιτ’

286 1782 370 1838 ἂν.
403 1784 435 1842 ἢ
477 1787 634 1856 μέση,
686 1788 778 1836 καὶ
803 1782 1114 1851 ἀκολούθως,
1146 1787 1176 1844 ἦ
1209 1789 1346 1838 κατὰ
1372 1789 1431 1839 τὸ
1483 1795 1580 1848 τῆς
1623 1791 1897 1846 ποιότητος

283 1872 475 1945 μᾶλλον
518 1876 610 1925 καὶ
680 1874 855 1943 ἧττον,
917 1877 1008 1926 καὶ
1056 1876 1106 1926 οἱ
1168 1881 1469 1947 γεννώμενοι
1523 1883 1588 1948 τῇ
1650 1879 1898 1946 γενέσεως
1951 1901 1992 1956 Β

281 1961 430 2034 αἰτίᾳ
482 1960 966 2020 ἕπακολουθοόσωσι.
1031 1968 1132 2015 Καὶ
1187 1971 1392 2036 πρῶται
1582 1962 1669 2017 οὖν
1727 1969 1896 2016 αἰτίαι

282 2058 383 2102 τῶν
461 2057 764 2117 κοινωνιῶν,
847 2052 918 2112 ὡς
969 2054 1192 2125 εἴρηται,
1275 2051 1323 2103 ἐν
1375 2050 1667 2114 ἀνθρώποις
1725 2057 1895 2124 χυμοὶ

283 2143 375 2191 καὶ
408 2140 592 2211 θυμός,
641 2138 794 2209 λόγος
856 2144 949 2190 καὶ
1007 2139 1278 2210 ἐπιθυμία,
1319 2144 1450 2212 μετὰ
1503 2138 1562 2194 δὲ
1623 2143 1814 2201 ταύτας
1859 2143 1890 2199 ἠ

278 2235 376 2287 τῆς
400 2223 669 2289 παιδείας.
717 2226 918 2302 Ὠσπερ
973 2230 1074 2302 γὰρ
1130 2228 1181 2280 ἐν
1239 2229 1333 2302 ὕλη
1384 2232 1444 2281 τὸ
1499 2226 1653 2300 εἶδος,
1706 2227 1756 2284 ἓν
1809 2227 1895 2282 ἀν-

283 2318 506 2389 θρώποις
556 2314 777 2370 παιδεία
835 2339 849 2351 ο
890 2322 1026 2370 ὥστε
1065 2319 1110 2371 εἰ
1147 2323 1219 2391 μὴ
1279 2318 1556 2377 ἀκηκοέναι
1591 2322 1709 2372 τινά
1754 2339 1894 2381 τινος

274 2406 410 2457 πάνυ
451 2410 542 2459 καί
593 2424 654 2477 γε
710 2408 865 2477 φύσιν
919 2412 1170 2482 χρηστὴν
1228 2410 1440 2479 ἔχοντα,
1497 2407 1593 2462 οὐκ
1645 2409 1707 2460 ἄν
1771 2427 1894 2461 ποτε

273 2501 470 2565 γνῶσιν
501 2494 769 2567 εἰληχέναι
796 2514 880 2558 τις
907 2498 1051 2569 εἴπῃ.
1094 2495 1281 2550 Πολλοὶ
1332 2493 1393 2550 δὲ
1439 2501 1532 2549 καὶ
1579 2504 1732 2549 τοῦτο
1781 2516 1894 2551 πει-

244 2731 392 2772 nem
420 2717 582 2773 hanc
606 2722 882 2774 accurate
913 2718 1218 2790 persecuti
1239 2723 1549 2787 sumus,et
1563 2719 1770 2774 omnia
1788 2718 1918 2774 haec

244 2810 602 2878 perscrutatl
620 2805 696 2862 ad
716 2807 941 2863 animal
953 2808 1184 2863 ratione
1199 2807 1521 2880 praeditum
1531 2807 1798 2880 provecti
1813 2824 1916 2862 su-

245 2911 386 2950 mus
412 2895 440 2950 ‘I
454 2896 658 2951 Utrum
674 2896 855 2951 etiam
874 2895 1093 2952 divisio
1106 2895 1726 2952 communicationum
1741 2897 1801 2952 in
1832 2901 1919 2952 tot

248 2997 473 3053 genera
501 2981 580 3038 ab
598 2982 712 3037 illis
740 2998 878 3055 quae
905 2989 1044 3038 sunt
1073 2983 1497 3056 positione,illa
1511 2999 1648 3056 quae
1662 2988 1916 3040 suntna-

248 3075 404 3134 tura,
430 3071 774 3142 separavit?
793 3075 997 3128 Utrum
1015 3073 1194 3128 etiam
1211 3072 1310 3128 illa
1323 3088 1461 3144 quae
1481 3078 1621 3127 sunt
1633 3077 1917 3144 praestan-

249 3159 405 3214 tiora
426 3161 926 3216 commonstravit
954 3160 1291 3216 differentia
1319 3161 1420 3216 illa
1443 3177 1579 3234 quas
1609 3177 1732 3217 una
1776 3177 1915 3216 cum

244 3244 539 3302 divisione
567 3249 769 3303 statim
801 3249 1024 3304 exstitit
1049 3247 1079 3303 7
1096 3249 1403 3304 Habentur
1423 3255 1622 3304 autem
1643 3247 1701 3304 in
1713 3265 1915 3304 rerum
1947 3253 1986 3307 C

243 3339 465 3391 natura
476 3337 1000 3408 praestantioraan
1015 3353 1397 3410 quaecunque
1413 3339 1685 3410 proxime
1703 3339 1916 3410 princi-

243 3423 352 3498 pia
376 3425 523 3498 ipsa
541 3432 900 3498 sequuntur.
925 3427 1221 3500 Principia
1234 3443 1377 3483 vero
1394 3429 1529 3484 dico
1559 3429 1846 3484 humores
1861 3432 1916 3484 et

244 3519 450 3586 partes
471 3515 690 3571 animae
720 3515 876 3572 illius
908 3533 1046 3588 quae
1085 3517 1313 3574 animal
1341 3517 1570 3573 ratione
1595 3518 1910 3591 prteditum

244 3604 1074 3678 constituit,quandoquidem
1093 3621 1167 3662 ex
1183 3606 1408 3663 talibus
1422 3612 1660 3663 constat
1674 3609 1914 3680 sapiens

242 3693 396 3749 illud
426 3694 674 3761 animal,
707 3710 928 3767 nempe
956 3695 1162 3752 homo.
1189 3697 1396 3751 Utrum
1443 3696 1619 3765 igitur
1659 3711 1696 3752 a
1735 3696 1913 3752 nobis

243 3783 664 3839 demonstrata
691 3793 781 3840 est
796 3785 857 3839 in
879 3785 1310 3840 communitate
1331 3799 1533 3840 rerum
1575 3785 1912 3842 differentia

243 3873 457 3945 positis
483 3874 856 3946 quibusdam
904 3874 1280 3946 simplicibus
1317 3875 1852 3931 communionibus
1881 3875 1910 3931 ’ἶ

247 3963 452 4018 Utrum
486 3963 670 4018 etiam
705 3962 1042 4020 differentia
1077 3964 1700 4019 communicationum
1723 3963 1910 4020 brevi-

242 4055 334 4104 ter
360 4053 416 4105 et
436 4065 644 4122 presse
683 4051 1000 4123 perstricta
1047 4057 1136 4106 est
1165 4065 1236 4107 ac
1289 4051 1727 4123 comprehensa
1754 4051 1888 4123 posi

241 4137 320 4194 tis
349 4139 641 4210 symbolis
670 4139 1171 4211 conjugationum
1201 4139 1684 4195 immutabilibus
1728 4141 1758 4196 ?
1810 4139 1909 4197 Vel

240 4226 406 4283 enim
428 4232 522 4282 est
545 4228 840 4298 generalis
870 4233 928 4283 et
965 4227 1257 4284 naturalis
1307 4230 1680 4299 communio,
1731 4233 1912 4300 atque

240 4314 342 4372 ille
368 4315 475 4387 qui
503 4332 576 4372 ex
606 4316 720 4372 hac
748 4321 1001 4382 constat,
1042 4322 1238 4372 rectus
1268 4321 1355 4371 est
1402 4324 1460 4372 et
1510 4315 1758 4388 probus,
1817 4317 1913 4373 vel

241 4405 412 4461 deest
459 4404 705 4478 aliquid,
746 4405 914 4478 quod
954 4405 1034 4462 ad
1087 4406 1512 4478 perfectionem
1569 4406 1910 4478 requiritur.

239 4496 436 4565 Atque
455 4493 538 4548 illi
558 4493 744 4550 deerit
767 4493 996 4566 aliquid
1040 4493 1149 4566 qui
1196 4509 1269 4549 ex
1315 4493 1430 4548 hac
1483 4494 1912 4550 communione

2056 630 2152 684 την
2196 625 2572 684 τελειοποίησιν
2628 627 2996 699 συμϐάλλεται.
3026 625 3178 680 Ἐστι
3215 621 3276 678 δὲ
3327 629 3418 678 καὶ
3460 627 3491 683 ἠ
3537 644 3658 678 παι-

2058 711 2177 766 δεία
2208 711 2460 789 διάφορος
2488 722 2674 769 ·πᾶσα
2722 718 2820 790 γὰρ
2874 718 3108 785 μάθησις
3162 714 3236 776 εἰς
3280 718 3376 772 τήν
3431 712 3656 766 καθόλου

2055 805 2322 874 ανάγεται,
2385 803 2705 856 ποικίλλεται
2760 806 2790 863 ἡ
2849 803 3070 857 καθόλου
3125 800 3185 855 δὲ
3246 799 3525 875 διαφόρως,
3586 801 3658 862 εὶς

2057 890 2385 963 φιλοσοφίαν,
2444 892 2518 954 εἰς
2573 897 2866 967 στρατείαν,
2917 892 2988 952 εἰς
3059 895 3324 955 ναυτικὴν,
3365 889 3438 951 εἰς
3501 891 3659 960 ὑφαν-

2314 980 2384 1042 εἰς
2461 985 2944 1053 χρυσοποιητικὴν,
3030 980 3102 1042 εἰς
3193 983 3517 1050 ποιμενικὴν,
3591 977 3659 1037 εἰς

2055 1067 2435 1142 ὀψαρτυτικήν.
2486 1070 2557 1130 εὶς
2605 1074 2902 1128 τεκτονικὴν
2943 1073 3028 1122 καὶ
3101 1068 3259 1122 πλείω
3307 1070 3502 1119 τούτων
3566 1085 3655 1118 πο-

2055 1156 2137 1210 λύ.
2196 1159 2259 1210 Αἰ
2303 1161 2392 1229 μὲν
2445 1155 2532 1210 οὖν
2590 1167 2652 1231 τῇ
2707 1159 2956 1230 καθολικῇ
3005 1164 3347 1211 κοινωνοῦσαι
3403 1158 3474 1216 ὡς
3524 1154 3660 1215 εἰκὸς

2057 1248 2288 1320 ἄριστοι.
2341 1246 2498 1300 Ἔστι
2529 1245 2588 1300 δὲ
2616 1248 2750 1305 αὕτη
2782 1247 3061 1320 φιλοσοφία
3093 1265 3107 1279 ο
3147 1254 3342 1317 ’γνῶσις
3387 1247 3490 1318 γὰρ
3545 1246 3660 1297 ἐστι

2057 1343 2156 1386 τῶν
2187 1337 2399 1408 ὄντων
2433 1339 2555 1388 ὅντα
2597 1335 2758 1406 ἐστὶν,
2804 1339 2869 1396 ὡς
2911 1336 3044 1396 εἰκὸς
3099 1332 3159 1387 δὲ
3205 1334 3357 1404 λέγω,
3410 1333 3519 1403 οὐχ
3583 1334 3661 1384 ὃτι

2057 1427 2145 1476 τὸν
2177 1429 2371 1477 σκυτέα
2417 1424 2732 1497 φιλοσοφεῖν,
2787 1424 2894 1478 ἀλλ’
2937 1426 3020 1478 ὅτι
3066 1426 3203 1476 κατὰ
3253 1423 3402 1494 λόγον
3449 1421 3661 1494 ἐργάζε-

3153 1516 3244 1563 καὶ
3295 1514 3382 1563 τόν
3431 1511 3660 1582 ὑφάντην

2054 983 2225 1050 τικὴν,

2061 1514 2187 1564 σθαι
2237 1515 2304 1564 τὰ
2354 1511 2390 1564 ἂ
2421 1515 2804 1574 κατασκευάζει
2844 1509 3036 1566 πέδιλα
3085 1534 3098 1545 ο

2058 1605 2147 1652 καὶ
2201 1604 2289 1654 τόν
2338 1600 2696 1676 ἆργυροκόπον
2743 1605 2875 1674 πρὸς
2938 1605 3032 1663 τὰς
3096 1603 3486 1676 μεταχειρίσεις
3551 1598 3661 1658 ἑνὸς

2059 1690 2280 1744 ἑκάστου
2331 1693 2467 1743 κατὰ
2530 1695 2616 1743 τὸν
2664 1694 2824 1744 τύπον
2903 1692 3079 1745 αὐτόν.
3141 1694 3362 1762 Λέγεται
3409 1689 3512 1760 ⁴γὰρ
3569 1691 3660 1739 καὶ

2061 1782 2218 1850 σοφὸς
2284 1778 2628 1850 ἀρχιτέκτων,
2681 1781 2788 1852 ούχ
2836 1781 2918 1832 ὅτι
2974 1776 3035 1832 δέ
3089 1781 3151 1849 ’γέ
3220 1779 3290 1838 ὡς
3329 1775 3656 1849 Ὓφιλοσοφῶν,

2058 1865 2166 1918 ἀλλ’
2192 1870 2262 1929 ὡς
2306 1869 2388 1920 ὅτι
2426 1872 2564 1925 κατὰ
2609 1868 2760 1940 λόγον
2801 1872 2890 1921 τὸν
2927 1873 3126 1944 ’πρίονα
3187 1871 3277 1926 καὶ
3314 1885 3399 1940 τον
3446 1865 3660 1918 πέλεκυν

2056 1965 2188 2008 κινεῖ
2236 1961 2367 2031 πρὸς
2424 1961 2519 2019 τὰς
2583 1957 2865 2032 οἰκοδομάς
2921 1979 2934 2016 _-
2993 1957 3273 2029 ἀνάγονται
3323 1957 3424 2030 γὰρ
3488 1961 3660 2008 πᾶσαι

2053 2047 2186 2118 πρὸς
2213 2049 2336 2118 μίαν
2383 2045 2586 2117 ἑκάστῳ
2634 2048 2700 2102 ,αἱ
2750 2050 2937 2118 τέχναι
2979 2053 3076 2107 τῆς
3136 2043 3444 2116 φιλοσοφίας
3491 2038 3656 2096 ἰδέαν.

2057 2138 2158 2188 Καὶ
2205 2134 2232 2197 ,ό
2283 2137 2582 2208 στρατηγὸς
2628 2134 2822 2196 πολλῆς
2904 2130 3076 2186 δεῖται
3145 2131 3447 2204 φιλοσοφίας
3493 2132 3542 2182 ἓν
3603 2148 3659 2182 τι

2057 2221 2288 2295 βουλαῖς,
2323 2226 2372 2276 ἓν
2405 2243 2460 2276 τε
2489 2227 2749 2298 κρίσεσίν,
2780 2226 2831 2276 ἓν
2881 2243 2938 2276 τε
2977 2221 3306 2296 παρατάξεσι
3355 2223 3446 2272 καὶ
3513 2237 3657 2291 σχη-

2053 2318 2340 2384 ματισμοῖς
2414 2311 2660 2384 πολέμου,
2736 2317 2828 2363 καὶ
2882 2315 3230 2384 ναυμαχίαις,
3310 2312 3402 2362 καὶ
3451 2307 3660 2381 πολιορ-

2051 2405 2214 2471 κίαις,
2241 2404 2333 2454 καὶ
2371 2399 2420 2452 ἐν
2467 2401 2643 2462 ἄλλαις
2690 2400 2902 2462 πολλαῖς
2957 2399 3182 2474 πράξεσι
3234 2398 3420 2473 ῥηταῖς
3466 2397 3512 2450 τ’
3568 2394 3661 2470 ἁρέ

2049 2490 2253 2564 ῥήτοις.
2299 2488 2456 2562 Ἔχει
2483 2491 2587 2565 ’γάρ
2616 2491 2648 2548 ἠ
2683 2493 3038 2563 στρατιωτικὴ
3085 2492 3182 2548 τὴν
3233 2486 3360 2548 ὕλην
3411 2493 3512 2540 τῶν
3572 2483 3658 2560 ἕργ-

2024 2713 2224 2769 omnis
2263 2712 2423 2769 enim
2453 2711 2775 2785 disciplina
2803 2710 2886 2768 ad
2951 2710 3291 2784 generalem
3343 2712 3679 2766 revocatur.

2024 2802 2194 2858 Varie
2226 2807 2427 2858 autem
2455 2801 2927 2874 etmultipliciter
2955 2799 3348 2869 distribuitur,
3383 2799 3446 2854 in
3493 2798 3685 2870 philo-

2024 2898 2322 2971 sophiam,
2355 2898 2415 2954 in
2442 2897 2902 2970 imperatoriam,
2926 2897 2988 2952 in
2999 2895 3325 2963 nauticam,
3340 2895 3678 2964 textoriam,

2023 2987 2339 3043 auriﬁcum
2358 2993 2567 3054 artem,
2582 2986 2980 3058 pastoritiam,
2995 2984 3371 3054 culinariam,
3385 2984 3679 3051 fabrilem,

2024 3082 2082 3134 et
2102 3078 2164 3132 in
2184 3077 2373 3133 multo
2403 3077 2604 3149 plures
2633 3076 2780 3132 alias
2805 3095 2818 3132 :
2861 3092 2998 3148 qua:
3022 3075 3202 3145 igitur
3246 3091 3384 3131 cum
3417 3076 3682 3144 generali

2023 3167 2124 3222 illa
2153 3171 2294 3222 sunt
2318 3167 2782 3237 conjunctiores,
2814 3165 3026 3221 merito
3067 3165 3368 3221 habentur
3412 3164 3679 3238 optimas.

2027 3259 2124 3312 Est
2144 3261 2345 3311 autem
2374 3255 2475 3311 illa
2502 3254 2887 3328 philosophia
2906 3254 3120 3327 prima,
3155 3270 3291 3326 quae
3321 3258 3409 3310 est
3455 3269 3678 3321 rerum,

2025 3351 2326 3418 quatenus
2365 3349 2523 3413 sunt,
2555 3343 2814 3413 cognitio
2846 3385 2859 3399 .
2895 3343 3036 3400 Dico
3064 3343 3277 3399 merito
3334 3357 3459 3399 non
3513 3343 3684 3415 quod

2026 3435 2361 3489 existimem
2387 3433 2708 3489 coriarium
2732 3432 3167 3505 phiiosophari,
3199 3431 3305 3488 sed
3329 3431 3495 3504 quod
3507 3447 3685 3504 opor-

2023 3527 2144 3578 teat
2164 3522 2506 3588 coriarium,
2543 3537 2679 3592 quae
2701 3520 2938 3576 conﬁcit
2966 3520 3393 3588 calceamenta,
3456 3536 3529 3576 ex
3591 3535 3684 3576 ra-

2022 3611 2182 3666 tione
2247 3609 2541 3666 conﬁcere
2571 3628 2585 3677 ;
2610 3610 2873 3682 itemque
2920 3614 3210 3665 textorem
3262 3615 3318 3664 et
3371 3609 3676 3665 auriﬁcem

2021 3698 2189 3768 fungi
2220 3699 2344 3753 suis
2357 3697 2709 3754 muneribus
2724 3702 2782 3753 et
2805 3702 3087 3770 praestare
3103 3713 3177 3753 ex
3188 3697 3383 3753 forma
3398 3697 3540 3754 artis
3553 3712 3681 3753 suae

2019 3803 2155 3860 quae
2164 3787 2387 3843 debent
2397 3789 2745 3859 praestare.N
2751 3802 2841 3841 am
2857 3785 3205 3842 architectus
3217 3801 3458 3858 quoque
3469 3785 3681 3842 dicitur

2021 3878 2264 3948 sapiens
2282 3891 2408 3931 non
2437 3876 2605 3948 quod
2633 3874 3116 3948 philosophetur,
3147 3874 3253 3930 sed
3277 3875 3445 3946 quod
3473 3891 3548 3931 ex
3584 3891 3677 3932 ra-

2021 3967 2178 4020 tione
2207 3981 2434 4021 serram
2464 3970 2523 4020 et
2546 3964 2802 4020 securim
2833 3968 3038 4020 movet
3091 3964 3170 4020 ad
3219 3963 3674 4021 aediﬁcandum.

2019 4055 2241 4111 Omnes
2268 4053 2431 4109 enim
2452 4058 2608 4108 artes
2640 4053 2718 4109 ad
2751 4068 2940 4108 unam
2984 4052 3352 4122 singularem
3409 4052 3677 4125 aliquam

2018 4142 2633 4216 philosophiaaideam
2665 4142 3022 4198 referuntur.
3047 4144 3113 4197 Et
3148 4143 3476 4213 imperator
3517 4156 3679 4198 exer~

2019 4232 2168 4288 citus
2199 4247 2322 4287 non
2366 4231 2596 4303 vulgari
2631 4245 2786 4302 opus
2820 4230 3006 4286 habet
3045 4229 3428 4303 philosophia
3469 4231 3533 4286 in
3576 4230 3679 4287 de-

2019 4319 2472 4376 liberationibus
2503 4320 2640 4376 etin
2660 4318 2926 4389 iudiciis,
2965 4320 3028 4375 in
3081 4320 3433 4376 orainandis
3483 4325 3541 4376 et
3590 4320 3678 4377 in-

2021 4410 2322 4466 struendis
2369 4409 2576 4481 copiis,
2629 4408 2690 4464 in
2749 4409 2972 4480 praeliis
3024 4409 3360 4476 navalibus,
3401 4410 3464 4466 in
3507 4406 3676 4467 'obsi-

2019 4498 2304 4554 dionibus
2332 4497 2584 4570 aliisque
2613 4496 2956 4552 actionibus
3002 4497 3181 4567 vulgo
3227 4498 3384 4553 notis
3433 4503 3491 4554 et
3509 4498 3676 4568 igno-

241 4581 604 4637 constitutus
631 4582 807 4638 fuerit
840 4599 854 4637 :
884 4580 979 4637 vel
1008 4586 1095 4637 est
1118 4581 1340 4652 media,
1373 4587 1430 4637 et
1455 4582 1708 4654 proinde
1729 4583 1912 4640 medii
1948 4609 1990 4662 ι)
2020 4588 2119 4644 tis.
2159 4587 2348 4643 Habet
2373 4587 2533 4643 enim
2587 4602 2685 4643 ars
2731 4586 3002 4642 militaris
3046 4588 3260 4643 silvam
3307 4603 3562 4660 operum
3620 4592 3678 4645 et

249 4670 442 4740 quiex
467 4671 584 4728 hac
639 4671 943 4728 constituti
1002 4670 1246 4729 fuerint.
1296 4671 1398 4727 Vel
1448 4672 1734 4729 definitur
1791 4690 1913 4729 am-

247 4757 436 4830 pliore
457 4765 516 4817 et
538 4761 770 4818 minore
795 4759 1099 4834 qualitatis
1128 4761 1427 4831 portione.
1458 4763 1655 4834 Atque
1699 4778 1770 4818 ex
1795 4762 1912 4818 hac

244 4850 550 4906 constituti
566 4849 1006 4907 constitutionis
1023 4855 1080 4904 et
1091 4854 1257 4905 ortus
1270 4864 1520 4904 causam
1548 4856 1876 4922 sequentur
1893 4867 1907 4906 :

244 4952 321 4993 ac
348 4939 562 5009 prima;
585 4939 833 5012 quidem
849 4953 1048 4994 causa;
1064 4937 1660 5007 communionum,ut
1682 4939 1910 4994 dictum

245 5026 354 5096 esi,
382 5027 443 5082 in
465 5027 817 5084 hominibus
852 5032 992 5084 sunt
1017 5026 1325 5096 humores,
1348 5025 1604 5083 facultas
1621 5028 1907 5098 irascens,

243 5116 400 5172 ratio
461 5120 521 5172 et
567 5118 886 5191 cupiditas.
966 5119 1082 5173 Has
1125 5116 1515 5186 consequitur
1560 5116 1910 5174 eruditionis

245 5205 622 5263 communio.
637 5209 786 5262 Nam
808 5205 1061 5262 eruditio
1084 5204 1146 5259 in
1168 5203 1518 5260 hominibus
1536 5205 1598 5260 id
1627 5211 1716 5261 est
1742 5207 1909 5278 quod

243 5293 310 5346 in
331 5297 583 5350 materia
607 5301 699 5351 est
735 5295 976 5362 forma;
1005 5294 1158 5350 adeo
1187 5297 1252 5348 ut
1307 5293 1411 5364 qui
1463 5294 1644 5350 etiam
1691 5301 1911 5351 natura

244 5381 479 5453 optima
509 5389 584 5456 sit
602 5387 910 5457 praeditus,
934 5384 1051 5440 nisi
1079 5383 1385 5450 doceatur,
1426 5397 1743 5455 nunquam
1772 5399 1908 5454 cog-

243 5469 536 5527 nitionem
557 5472 828 5546 aliquam
851 5473 927 5528 sit
955 5477 1384 5528 consecuturus
1403 5489 1421 5542 ;
1444 5471 1505 5526 id
1539 5474 1707 5543 quod
1734 5488 1907 5530 nemo

244 5572 373 5614 non
398 5559 700 5624 fatebitur.
734 5561 890 5619 Multi
912 5577 1055 5617 vero
1103 5561 1220 5616 hoc
1273 5561 1356 5616 ita
1411 5560 1632 5616 habere
1681 5563 1907 5635 experti

244 5653 406 5704 sunt.
448 5653 641 5716 Quare
713 5652 968 5708 eruditio
1025 5650 1104 5706 ab
1165 5649 1589 5722 perfectionem
1641 5651 1905 5710 hominis

2021 4675 2294 4746 subjecta
2321 4675 2655 4731 indeﬁnite.
2688 4678 2822 4732 Haec
2860 4676 3040 4746 igitur
3071 4678 3279 4732 omnia
3303 4677 3381 4732 ad
3411 4676 3676 4750 philoso-

2019 4765 2226 4836 phiam
2255 4768 2612 4820 revocantur
2643 4782 2657 4820 :
2689 4764 2824 4836 ipsa
2850 4780 2993 4820 vero
3022 4769 3109 4821 est
3137 4770 3431 4838 tanquam
3473 4765 3674 4822 erudi-

2019 4851 2195 4908 tionis
2223 4852 2434 4908 oculus
2458 4857 2516 4908 et
2537 4867 2853 4908 cacumen.
2918 4852 3197 4909 Distincte
3245 4853 3425 4922 igitur
3461 4853 3678 4910 docea-

2019 4957 2156 4998 mus
2175 4956 2461 5013 quaanam
2480 4946 2698 4998 natura
2717 4945 2991 4998 constent
3010 4948 3066 4997 et
3091 4957 3229 5014 qua;
3250 4942 3548 5013 positione
3581 4957 3676 5011 ;ex

2018 5032 2244 5088 finibus
2275 5037 2476 5088 autem
2505 5031 2621 5087 hoc
2669 5031 2875 5104 ipsum
2915 5046 3278 5100 cognoscere
3321 5031 3674 5103 poterimus.

2021 5123 2190 5178 Fines
2213 5121 2396 5177 etiam
2442 5120 2806 5192 principium
2853 5124 2912 5176 et
2959 5135 3209 5176 causam
3258 5120 3550 5176 indicant.
3605 5122 3676 5177 Ut

2019 5211 2182 5267 enim
2210 5209 2521 5282 proportio
2549 5209 2812 5281 partium
2843 5208 3047 5265 circuli
3086 5209 3529 5281 etcomparatio
3542 5225 3674 5264 cum

2018 5298 2326 5355 elementis
2359 5298 2618 5354 ostendit
2655 5296 2828 5366 illud,
2851 5298 3020 5369 quod
3045 5302 3262 5355 natura
3309 5302 3563 5365 constat,
3617 5301 3677 5354 et

2015 5387 2161 5444 illud
2181 5388 2349 5460 quod
2379 5386 2696 5457 positione,
2719 5387 2984 5458 itemque
3011 5386 3322 5459 proportio
3348 5391 3404 5442 et
3423 5402 3673 5459 compa-

2015 5478 2165 5534 ratio
2202 5477 2530 5532 humorum
2573 5490 2710 5530 cum
2769 5474 2915 5546 ipsis
2958 5473 3266 5531 elementis
3313 5474 3466 5531 illud
3516 5475 3671 5532 idem

2015 5565 2305 5623 ostendit:
2338 5565 2420 5620 ita
2453 5565 2632 5619 etiam
2675 5564 3178 5620 communionum
3216 5565 3673 5636 conjugationes

2015 5654 2342 5712 ostendunt
2364 5653 2665 5710 naturales
2697 5651 2978 5709 animalis
3013 5654 3243 5710 ratione
3273 5655 3507 5728 praediti
3536 5669 3672 5727 pro-

241 5739 509 5798 maxime
537 5741 784 5801 confert.
844 5745 942 5822 Est
983 5745 1186 5822 autem
1243 5741 1496 5798 eruditio
1541 5743 1905 5814 multiplex:
2011 5743 2312 5817 prietates,
2336 5745 2395 5798 et
2428 5741 2739 5814 quomodo
2785 5741 2963 5797 bonae
3009 5747 3154 5798 eunt
3206 5745 3265 5799 et
3307 5741 3666 5822 laudabiles,
