4130 6422
478 379 614 440 1343

2021 375 2377 434 ΛΒΒΕΝΒΑ.

3785 380 3942 434 1344

501 512 702 580 γασιῶν
764 508 854 558 καὶ
905 505 969 558 τά
1057 505 1369 578 ὑποκείμενα
1441 505 1685 581 ἀόριστα.
1756 506 1934 558 Πάντα
1982 511 2106 576 γοῦν
2170 508 2217 560 Α
2273 503 2522 575 φθαρικὸν
2563 499 2802 561 ἐποίησεν
2832 501 2892 554 ἂν
2922 508 3075 556 τοῦτο
3109 501 3206 569 ;Ού
3259 503 3460 575 φύσεως
3516 497 3609 560 δή.
3673 502 3905 562 Ἐποίη-

502 604 669 650 ταύτα
699 596 770 656 εἰς
795 600 888 655 τήν
943 594 1251 667 φιλοσοφίαν
1303 594 1579 668 ἀνάγονται
1619 617 1633 630 ο
1694 595 1824 654 αὕτη
1868 592 1927 648 δὲ
1981 614 2109 646 παι-

507 684 649 747 δείας
692 685 834 738 ἐστὶν
866 686 970 738 οἷον
1027 684 1283 757 ὀφθαλμὸς
1312 690 1398 737 καὶ
1467 685 1719 761 ἁκρωρία.
1771 688 2112 758 Διαχωρίσω-

501 795 590 848 μεν
661 783 786 847 γοῦν
853 794 970 826 τινα
1025 776 1217 826 τούτων
1292 778 1382 827 καὶ
1435 783 1535 827 τῶν
1592 775 1754 827 ἄλλων
1817 777 1966 847 φύσει
2021 776 2111 825 καί

501 884 618 917 τινα
678 867 816 917 θέσει
867 881 880 894 ’
932 864 1268 938 εὑρεθήσεται
1335 860 1395 916 δε
1445 872 1595 917 τοῦτο
1647 863 1702 916 ἐκ
1753 871 1849 916 τῶν
1899 862 2050 916 τελῶν
2093 882 2107 896 ο

1000 949 1274 1011 δηλοποιεῖ
1345 958 1440 1012 τήν
1498 953 1694 1026 ἀρχήν.
1754 951 1951 1026 Ὠσπερ
2006 952 2107 1025 γάρ

503 1047 534 1104 ἡ
608 1050 700 1096 τοῦ
765 1043 956 1095 κύκλου
1020 1050 1186 1116 μερῶν
1261 1040 1509 1114 ἀναλογία
1563 1062 1694 1116 προς
1743 1045 1809 1096 τά
1869 1049 2112 1113 στοιχεῖα

503 1137 562 1187 τό
593 1136 745 1206 φύσει
777 1129 1012 1185 δείκνυσι
1043 1137 1132 1184 καὶ
1161 1134 1218 1184 τὸ
1260 1134 1419 1198 θέσει,
1446 1137 1534 1185 καὶ
1561 1135 1590 1191 ή
1652 1135 1781 1207 πρὸς
1829 1131 1962 1184 αύτά
2010 1139 2109 1184 τῶν

501 957 569 1008 τά
620 956 720 1027 γάρ
791 953 908 1011 τέλη

505 1231 694 1296 χυμῶν
735 1224 945 1295 ὁμοίως,
978 1226 1068 1274 καὶ
1110 1224 1164 1273 αἰ
1228 1222 1481 1294 συζυγίαι
1532 1231 1631 1275 τῶν
1684 1231 1979 1288 κοινωνιῶν,
2020 1226 2110 1275 καὶ

505 1315 642 1365 κατά
671 1315 754 1364 τόν
784 1311 936 1363 αὐτὸν
967 1310 1116 1382 λόγον
1175 1312 1241 1364 τά
1296 1318 1390 1363 τοῦ
1453 1311 1665 1384 λογικοῦ
1718 1313 1853 1373 ζώου
1915 1312 2111 1384 φυσικά

511 1400 794 1474 ἰδιώματα,
847 1405 936 1452 καὶ
989 1408 1093 1461 πῶς
1149 1403 1238 1473 μὲν
1285 1399 1458 1472 ἀγαθά
1529 1409 1640 1462 πῶς
1696 1398 1750 1453 δ’
1822 1399 1900 1468 οὗ,
1960 1399 2111 1451 ἅτινα

507 1490 695 1564 μᾶλλον
721 1497 812 1541 τοῦ
841 1491 978 1542 θέσει
1009 1489 1036 1548 ἦ
1067 1496 1157 1541 τοῦ
1210 1492 1363 1562 φύσει
1408 1488 1545 1543 ἐστίν
1580 1511 1593 1524 ο
1628 1491 1763 1542 οὕτω
1799 1486 1864 1548 δή
1921 1493 2010 1541 καὶ
2063 1487 2110 1540 ἓν

507 1580 829 1650 ἐπιστήμαις
851 1585 940 1631 καὶ
971 1582 1185 1651 τέχναις
1225 1577 1453 1652 ἀναφανῇ
1507 1583 1565 1632 τὸ
1593 1581 1744 1652 φύσει
1798 1598 1852 1632 τε
1908 1582 1998 1630 καὶ
2051 1580 2110 1629 τό

509 1671 667 1726 Θέσει.
710 1664 854 1721 Εἰδέ
889 1688 969 1730 τις
999 1666 1202 1744 ἀφορῶν
1242 1669 1321 1721 ὄόι
1375 1670 1546 1722 πάντα
1600 1677 1695 1731 τῆς
1753 1671 1968 1742 φύσεως,
2023 1671 2113 1720 καὶ

507 1762 587 1813 ὄτι
647 1764 796 1812 πᾶσα
856 1761 1020 1830 τέχνη
1073 1765 1165 1819 τῆς
1223 1757 1535 1832 ἐπιστήμης,
1590 1764 1679 1810 καὶ
1741 1754 1832 1810 διά
1875 1765 2027 1810 τοῦτο
2079 1757 2109 1815 ἣ

505 1851 675 1901 πάντα
748 1856 840 1909 τῆς
892 1849 1114 1920 φύσεως,
1188 1847 1218 1906 ἦ
1276 1844 1425 1901 οὐδὲν
1485 1847 1593 1900 ἐστι
1649 1849 1871 1920 φύσεως,
1929 1851 2020 1900 καὶ
2079 1847 2109 1906 ἢ

505 1939 674 1992 πάντα
723 1944 819 1999 τῆς
865 1935 1162 2010 ἐπιστήμης
1222 1938 1251 1997 ἣ
1316 1934 1439 1991 οὐδὲ
1491 1938 1540 1990 ἓν
1597 1936 1737 1990 ἐστιν
1795 1935 2113 2009 ἐπιστήμης,

505 2025 783 2080 πλανᾶται.
837 2021 978 2078 Ούδε
1030 2027 1131 2099 γάρ
1183 2025 1276 2089 ἔξω
1322 2034 1420 2090 τῆς
1467 2028 1670 2099 φύσεως
1721 2025 1879 2085 ἄλλην
1961 2027 2115 2098 φύσιν

511 2112 805 2188 σπεύδομεν
847 2111 1038 2184 δεῖξαι,
1064 2115 1192 2167 ἀλλά
1229 2117 1296 2168 τά
1325 2120 1396 2188 μή
1455 2119 1589 2169 κατά
1640 2118 1796 2188 φύσιν
1849 2119 2113 2187 γινόμενα.

511 2207 673 2257 εἶτουν
712 2206 780 2256 τά
818 2208 888 2276 μὴ
921 2203 1090 2266 καλῶς
1133 2210 1222 2258 καὶ
1252 2204 1556 2281 εἰλικρινῶς,
1607 2206 1713 2258 οἷον
1768 2209 1863 2264 τὴν
1916 2205 2117 2277 μάχαι-

508 2313 603 2368 ραν
639 2295 665 2351 ἡ
701 2295 855 2366 φύσις
877 2293 991 2366 εὗρέ
1019 2313 1071 2346 τι
1100 2300 1338 2368 πρᾶγμα,
1397 2301 1530 2346 κινεῖ
1568 2291 1626 2348 δὲ
1679 2313 1761 2356 τις
1804 2293 1966 2352 αὐτὴν
2017 2313 2118 2346 πα-

507 2382 739 2459 ραλόγως
773 2405 784 2416 ·
822 2378 904 2458 ἆρ’
954 2379 1038 2436 οὖν
1069 2382 1266 2456 ἀλόγως
1328 2385 1357 2442 ή
1402 2387 1554 2457 φύσις
1605 2384 1719 2458 εὗρε
1769 2387 1863 2442 τὴν
1917 2384 2118 2456 μάχαι,

507 2492 602 2546 ραν
635 2489 647 2539 ;
678 2475 902 2528 Οὔκουν.
961 2471 1026 2526 Ἦ
1063 2474 1143 2526 ὃτι
1179 2477 1238 2525 τό
1297 2474 1484 2527 ἐσθίειν
1547 2474 1613 2526 τά
1659 2473 1771 2534 ζῶα
1818 2473 2032 2545 ἄριστον
2083 2476 2113 2532 ἡ

509 2564 660 2634 φύσις
701 2556 863 2614 ἔδωκε
907 2557 1049 2634 δόμα
1116 2577 1129 2592 ⁸
1187 2565 1244 2614 τό
1311 2564 1441 2635 πρὸς
1482 2565 1632 2637 κόρον
1692 2560 1881 2614 ἐσθίειν
1921 2561 2118 2634 εἰσάγει

510 2648 712 2722 βλάϐην
748 2653 819 2709 οή
859 2653 1008 2724 φύσις
1062 2653 1120 2704 τό
1179 2649 1369 2703 ἐσθίειν
1428 2658 1531 2712 τοῖς
1590 2650 1740 2712 ζώοις
1789 2650 1861 2712 εἰς
1916 2650 2116 2724 βλάϐην

507 2737 669 2794 ἔδωκε
701 2761 716 2812 ;
744 2748 910 2794 Τοῦτο
937 2738 996 2799 δὲ
1027 2749 1132 2801 πῶς
1166 2757 1179 2808 ;
1224 2745 1326 2798 Καὶ
1392 2742 1491 2814 γάρ
1556 2742 1865 2794 συνιστάναι
1915 2739 1967 2804 ἐξ
2024 2741 2117 2794 ούκ

512 2833 653 2894 ὄντος
710 2832 740 2890 ἡ
794 2834 947 2906 φύσις
1002 2826 1310 2884 σπεύδουσα
1371 2839 1480 2894 πῶς
1544 2833 1602 2884 τὸ
1679 2833 1809 2905 πρὸς
1859 2832 2116 2887 σύστασιν

2275 611 2332 644 σε
2364 589 2422 645 δε
2447 597 2505 644 τό
2537 591 2725 645 ἐσθίειν
2773 594 2803 652 ἡ
2862 594 3037 665 φύσις,
3068 592 3126 644 οὐ
3159 593 3441 666 φθαρτικὸν
3493 599 3595 644 τῶν
3629 612 3906 646 συνιστα-

2272 686 2432 754 μένων
2498 677 2594 734 διοί
2641 690 2855 756 τροφῆς,
2889 680 3016 734 ἀλλά
3045 681 3233 754 μᾶλλον
3280 684 3621 736 συστατικόν.
3677 689 3807 746 Πῶς
3843 681 3908 737 δὲ

2270 770 2561 824 πλεονεκτεῖ
2633 778 2746 834 τοῖς
2829 778 3070 845 φυσικοῖς
3150 767 3436 844 ἰδιώμασίν
3518 791 3596 834 τις
3675 779 3899 845 κρᾶσις,

2271 866 2362 914 καὶ
2399 861 2601 934 εἰσάγει
2629 863 2696 914 τὰ
2743 866 2814 934 μή
2863 863 2978 914 κατ’
3019 861 3216 915 εὐθεῖαν
3250 866 3574 934 γιγνόμεναι,
3625 863 3764 926 οἷον,
3823 866 3903 916 ὅτι

2271 955 2365 1009 τήν
2404 957 2564 1025 χεῖρα
2615 947 2908 1014 δακτύλους
2957 953 3098 1024 ἔχειν
3140 947 3222 1004 δεῖ
3277 952 3500 1023 φύσεως,
3562 950 3616 1014 ἓξ
3679 949 3744 1005 δέ
3775 956 3841 1005 οὔ
3882 972 3897 1020 ;

2272 1040 2392 1093 Εἰσὶ
2456 1037 2516 1094 δέ
2559 1060 2692 1103 τινες
2738 1048 2915 1115 χεῖρες
2965 1046 3055 1092 καὶ
3109 1036 3456 1103 ἐξαδάκτυλοι
3490 1061 3502 1074 ·
3535 1046 3629 1093 καὶ
3681 1045 3744 1094 τό
3807 1045 3897 1114 μὲν

2273 1132 2413 1202 ἔχειν
2451 1134 2545 1189 τήν
2574 1137 2734 1204 χεῖρα
2783 1127 3091 1196 δακτύλους,
3153 1132 3355 1203 φύσεως
3413 1147 3426 1162 ·
3480 1133 3538 1182 τὸ
3575 1127 3637 1183 δὲ
3681 1131 3895 1194 πλείους

2274 1222 2476 1292 φύσεως
2541 1223 2651 1293 μὲν,
2711 1219 3095 1292 ἀποτυχούσης
3148 1215 3208 1272 δε
3279 1226 3371 1272 τοῦ
3435 1227 3659 1275 σκοποῦ.
3737 1219 3885 1293 Ἔχει

2275 1306 2416 1361 διότι
2446 1329 2536 1361 και
2564 1313 2622 1362 τὸ
2679 1308 3009 1383 συμϐεϐηκός
3054 1329 3170 1361 τινα
3230 1304 3476 1382 δύναμιν.
3519 1307 3638 1384 ’Ἆρ’
3681 1306 3773 1362 οὖν
3825 1311 3895 1362 τὰ

2274 1397 2322 1450 ἐν
2381 1406 2444 1471 τῇ
2502 1400 2655 1471 φύσει
2701 1397 2874 1470 ἀγαθά
2908 1417 2921 1432 ο
2971 1401 3060 1450 καὶ
3118 1400 3190 1470 μή
3231 1395 3406 1468 ἀγαθά
3469 1413 3482 1426 ·
3541 1399 3731 1449 καὶτὰ
3785 1401 3888 1468 μὲν

2275 1485 2470 1559 ἀγαθὰ,
2504 1484 2616 1555 ἶσα,
2645 1489 2709 1540 τὰ
2753 1483 2813 1540 δὲ
2855 1491 2926 1560 μή
2961 1484 3137 1558 ἀγαθά
3187 1485 3301 1538 κατ’
3363 1484 3609 1557 ἐλλείψεις
3654 1485 3892 1559 ἐπισυμ-

2275 1576 2438 1630 ϐαίνει
2467 1597 2521 1631 τε
2560 1582 2648 1631 καὶ
2672 1576 3048 1649 πλεονασμούς.

2349 1666 2424 1741 β’.
2477 1674 2656 1720 Ιῐαντα
2683 1670 2772 1740 μὲν
2821 1663 2909 1720 οὖν
2961 1664 3242 1738 ἀνάγονται
3287 1665 3356 1727 εἰς
3414 1671 3510 1724 τὴν
3566 1668 3748 1738 φύσιν,
3807 1687 3904 1719 και

2276 1761 2425 1809 πᾶσα
2454 1758 2690 1829 μάθησις
2722 1756 2794 1817 εἰς
2839 1759 2935 1814 τήν
2965 1753 3188 1807 καθόλου
3218 1749 3484 1826 παιδείαν,
3536 1755 3603 1815 ἧς
3652 1752 3803 1807 ἔστιν
3867 1758 3898 1814 ἠ

2278 1845 2576 1919 φιλοσοφία,
2631 1846 2734 1898 οἷον
2788 1845 3051 1919 ὀφθαλμός
3099 1849 3189 1896 καὶ
3243 1842 3524 1918 ἀκρώρεια.
3574 1842 3770 1897 Πολλοὶ
3845 1841 3904 1897 δε

2277 1941 2368 1989 καὶ
2405 1935 2713 2012 παραλόγως
2762 1935 3190 2007 συλλογιζόμενοι
3235 1933 3670 2006 ὑπολαμϐάνουσι
3725 1935 3794 1986 τά
3827 1939 3900 2006 μὴ

2280 2026 2414 2078 κατά
2463 2027 2637 2097 φύσιν.
2689 2023 2843 2078 Ἔστι
2897 2020 2956 2076 δὲ
3010 2022 3185 2084 αὐτοῖς
3227 2025 3286 2075 τὸ
3335 2021 3748 2094 συλλογίζεσθαι
3790 2043 3902 2075 πα-

2279 2114 2529 2189 ραλόγως,
2597 2115 2679 2166 ὃτι
2724 2114 2791 2165 τά
2859 2116 2931 2184 μή
2985 2113 3120 2164 κατά
3182 2113 3336 2183 φύσιν
3406 2109 3896 2182 ὑπολαμϐάνουσιν.

2281 2202 2393 2256 Ούκ
2424 2205 2536 2255 ἔστι
2569 2200 2648 2271 δε,
2682 2203 2817 2254 κατά
2846 2204 2933 2254 τόν
2962 2204 3081 2274 ἐμὸν
3119 2199 3291 2272 λόγον,
3337 2200 3396 2253 ού
3438 2208 3534 2262 τῆς
3578 2201 3791 2272 φύσεως
3840 2203 3903 2253 τὸ

2281 2297 2351 2364 μή
2394 2294 2530 2345 κατά
2561 2295 2736 2364 φύσιν,
2807 2289 2934 2343 ἀλλά
2979 2293 3181 2364 φύσεως
3224 2292 3335 2362 μὲν,
3375 2288 3792 2362 πλημμελούσης
3846 2286 3908 2343 δὲ

2279 2384 2310 2442 ἦ
2354 2383 2676 2458 ἀπορούσης.
2721 2387 2822 2435 Καὶ
2854 2383 2921 2434 τὰ
2976 2389 3066 2442 τῆς
3111 2377 3360 2442 παιδείας
3419 2383 3695 2442 ὡσαύτως.
3755 2381 3909 2434 Ἐπεὶ

2279 2476 2380 2546 γὰρ
2435 2477 2526 2524 καί
2564 2476 2695 2534 τινές
2736 2491 2865 2545 φασι
2903 2473 2998 2534 τὰς
3038 2470 3232 2531 οἰκείας
3277 2466 3571 2544 διακρίσεις
3625 2469 3906 2522 εύλολοῡν-

2280 2580 2379 2631 τες,
2410 2560 2625 2634 Ὀνόμος
2651 2556 2947 2633 εἷπε,μηδὲ
3008 2563 3100 2618 τήν
3155 2566 3248 2613 τοῦ
3295 2563 3454 2632 νόμου
3509 2556 3693 2632 βίϐλον
3757 2555 3908 2612 ἰδόν-

2280 2669 2384 2720 τες,
2438 2655 2526 2704 καὶ
2565 2654 2624 2703 τό
2663 2653 2752 2724 μὲν
2798 2651 2850 2713 ἐξ
2880 2649 3177 2723 ἐπιστήμης
3207 2650 3390 2722 όρμᾷν,
3445 2650 3570 2709 ἴσως
3628 2647 3710 2714 ἂν,
3780 2653 3909 2702 τού-

2279 2760 2386 2803 τοις
2418 2739 2692 2814 ἐγγίνεται,
2751 2742 2810 2793 τὸ
2864 2736 2923 2792 δε
2957 2743 3027 2812 μή
3062 2741 3197 2792 κατὰ
3236 2742 3359 2800 τοὺς
3407 2735 3700 2810 ἐπιστήμης
3730 2743 3901 2791 κανό-

2279 2850 2373 2894 νας
2415 2833 2651 2905 φάσκειν,
2716 2830 2774 2883 ού
2816 2829 3004 2892 τελείας
3078 2837 3170 2893 τῆς
3226 2826 3545 2901 ἐπιστήμης.
3608 2834 3761 2882 Τοῦτο
3816 2823 3893 2883 δὲ

479 3117 792 3191 quomodo
821 3116 1000 3174 etiam
1031 3130 1156 3172 non
1186 3115 1384 3184 bonae,
1427 3132 1561 3188 quia
1585 3115 1726 3173 item
1751 3115 1948 3187 magis
1979 3115 2138 3188 posi-
2179 3118 2219 3173 C
2244 3115 2497 3173 habeat?
2517 3119 2664 3174 Sunt
2678 3119 3110 3172 autemmanus
3123 3113 3558 3188 quaedamquae
3572 3113 3935 3173 sexhabent

483 3207 646 3263 tione
671 3209 968 3275 constant,
997 3221 1184 3278 quam
1223 3210 1472 3263 natura:
1503 3206 1586 3263 ita
1613 3205 1862 3262 etiamin
1877 3205 2138 3262 scientiis

479 3301 538 3354 et
557 3296 1174 3354 artibusluculentum
1232 3296 1472 3366 exsistit,
1516 3296 1684 3369 quod
1731 3300 1950 3352 natura
2000 3311 2139 3352 con-

481 3390 666 3442 statet
695 3385 863 3457 quod
883 3385 1198 3457 positione.
1226 3385 1397 3451 Quod
1428 3386 1622 3458 siquis
1637 3385 1883 3441 animad
1903 3389 2136 3441 vertens

480 3474 686 3530 omnia
707 3479 1079 3530 essenaturae
1108 3477 1166 3531 et
1191 3490 1436 3530 omnem
1476 3480 1666 3530 artem
1733 3474 2001 3530 revocari
2057 3473 2137 3530 ad

481 3563 814 3631 scientiam,
848 3567 905 3619 et
924 3562 1145 3619 idcirco
1159 3563 1613 3619 asseratomnia
1630 3579 1760 3618 esse
1773 3567 2019 3630 naturae,
2035 3567 2138 3618 aut

477 3651 626 3708 nihil
649 3668 778 3708 esse
808 3657 1056 3720 naturae,
1081 3654 1344 3724 itemque
1370 3656 1474 3708 aut
1509 3652 1657 3708 nihil
1685 3668 1813 3708 esse
1852 3652 2133 3708 scientiae:

478 3741 658 3812 longe
690 3741 1144 3815 fallitur.‘Neque
1185 3743 1347 3797 enim
1405 3746 1571 3802 extra
1618 3746 1899 3798 naturam
1953 3741 2137 3797 aliam

478 3836 759 3888 naturam
788 3831 1092 3900 volumus,
1115 3835 1219 3888 aut
1249 3847 1576 3904 possumus
1631 3831 1970 3899 ostendere,
2030 3830 2139 3886 sed

479 3936 614 3992 quae
644 3937 718 3976 ex
734 3925 950 3978 natura
980 3936 1101 3978 non
1143 3921 1432 3978 exsistunt
1459 3921 1717 3978 dicimus
1747 3921 1846 3978 illa
1871 3937 2004 3977 esse
2032 3920 2137 3976 ab-

478 4011 742 4078 ventitia,
766 4011 880 4067 hoc
911 4014 1016 4081 est,
1040 4027 1176 4082 quae
1202 4026 1324 4067 non
1351 4011 1635 4082 praeclare
1657 4016 1713 4068 et
1740 4012 1968 4068 sincere
2009 4009 2136 4066 etii-

478 4100 717 4156 ciuntur
751 4103 836 4169 ut,
895 4100 1152 4172 exempli
1210 4100 1420 4170 gratia,
1480 4106 1695 4158 natura
1761 4117 1869 4173 per
1952 4104 2140 4156 artem

480 4187 879 4245 conformavit
902 4204 1030 4244 rem
1058 4189 1349 4261 aliquam,
1377 4193 1443 4245 ut
1467 4190 1755 4263 gladium,
1789 4206 1910 4262 quo
1924 4189 2139 4260 aliquis

481 4278 661 4333 utitur
687 4282 899 4349 praeter
923 4277 1237 4349 rationem,
1281 4295 1358 4336 an
1379 4279 1599 4336 idcirco
1646 4283 1864 4334 natura
1927 4281 2140 4349 praeter

479 4367 772 4423 rationem
799 4365 1393 4436 galdiuminvenisse
1415 4369 1642 4424 dicetur
1685 4369 1713 4423 ‘?
1764 4370 1893 4422 Non
1947 4366 2137 4437 profe-

2246 3205 2485 3277 digitos,
2519 3222 2589 3262 ac
2619 3221 2849 3263 manun
2875 3205 3122 3278 quidem
3170 3220 3274 3260 sex
3295 3204 3517 3261 habere
3554 3204 3784 3274 digitos
3837 3210 3936 3263 est

2246 3300 2496 3362 naturae,
2531 3310 2637 3367 sep
2665 3295 2867 3368 plures
2888 3293 3113 3350 habere
3143 3298 3282 3350 tunc
3311 3294 3556 3364 contigit
3601 3310 3749 3350 cum
3812 3310 3936 3352 na-

2246 3391 2378 3442 tura
2406 3402 2659 3458 scopum
2699 3401 2822 3441 non
2843 3384 3245 3458 consequitur.
3273 3389 3423 3442 Nam
3455 3384 3795 3441 adventitia
3822 3387 3928 3443 vis

2247 3475 2575 3547 aliquando
2618 3475 2850 3547 aliquid
2907 3473 3141 3531 efficere
3183 3479 3396 3546 potest.
3457 3476 3602 3532 Sunt
3635 3474 3826 3544 igitur
3866 3477 3934 3532 in

2245 3570 2463 3622 natura
2492 3565 2656 3621 bona
2683 3569 2881 3621 etnon
2927 3565 3109 3620 bona.
3137 3566 3219 3620 Ac
3265 3564 3432 3622 bona
3478 3564 3729 3636 quidem
3781 3570 3938 3623 sunt

2247 3671 2442 3728 aequa,
2467 3671 2590 3711 non
2620 3655 2784 3711 bona
2836 3670 2979 3712 vero
3011 3670 3082 3710 ex
3131 3653 3370 3710 defectu
3425 3658 3481 3710 et
3533 3653 3936 3713 abundantia

2246 3745 2451 3801 nolent
2480 3745 2782 3801 exsistere.

2321 3835 2534 3892 Omnia
2570 3835 2749 3905 igitur
2786 3833 2864 3890 ab
2909 3837 3188 3890 naturam
3208 3837 3591 3900 revocantur,
3627 3837 3688 3890 et
3717 3836 3932 3892 omnis

2248 3923 2567 3996 disciplina
2603 3923 2680 3981 ad
2713 3923 3056 3997 generalem
3084 3923 3474 3979 eruditionem
3514 3923 3694 3992 cujus
3730 3924 3929 3995 philo-

2249 4013 2464 4086 sophia
2478 4019 2566 4070 est
2584 4018 2878 4086 tanquam
2910 4013 3120 4069 oculus
3151 4016 3207 4069 et
3240 4027 3534 4068 cacumen
3568 4012 3760 4068 .Multi
3790 4029 3918 4068 vero

2246 4109 2454 4177 praeter
2473 4103 2767 4160 rationem
2797 4102 3142 4172 colligentes
3188 4101 3529 4157 existimant
3561 4117 3701 4157 esse
3765 4117 3910 4172 quae-

2247 4194 2391 4249 dam
2423 4209 2548 4248 non
2585 4210 2657 4248 ex
2671 4197 2907 4248 natura.
2933 4190 3315 4249 Concludunt
3342 4194 3544 4246 autem
3575 4195 3805 4262 praeter
3829 4206 3919 4246 ra-

2247 4281 2471 4338 tionem
2498 4298 2636 4339 cum
2665 4281 2869 4354 aliqua
2889 4297 3012 4336 non
3039 4297 3123 4336 .ex
3153 4284 3369 4336 natura
3393 4295 3523 4336 esse
3545 4279 3925 4345 existimant,

2248 4371 2355 4427 sed
2384 4387 2520 4427 mea
2538 4370 2782 4443 quidem
2815 4370 3123 4437 sententia,
3150 4385 3287 4442 quae
3300 4385 3424 4426 non
3439 4374 3664 4425 suntex
3681 4374 3926 4439 natura,

481 4461 595 4513 cto.
624 4457 738 4512 Aut
762 4458 906 4528 quia
925 4473 1169 4513 sensum
1193 4457 1355 4514 hunc
1395 4459 1691 4529 optimum
1717 4459 1933 4510 natura
1971 4455 2137 4510 dedi-
2173 4477 2214 4531 ι)
2248 4459 2347 4516 illa,
2375 4475 2498 4516 non
2530 4464 2669 4516 sunt
2689 4460 2948 4516 dicenda
2971 4475 3092 4516 non
3125 4475 3253 4515 esse
3279 4463 3534 4527 naturae,
3572 4475 3719 4514 cum
3747 4465 3930 4516 natu-

481 4545 910 4616 animantibus,
943 4546 1108 4618 quod
1133 4547 1290 4603 vesci
1311 4550 1583 4618 oporteat
1614 4543 1804 4600 :vesci
1829 4547 2027 4600 autem
2061 4543 2139 4599 ad

481 4635 813 4691 satietatem
860 4639 948 4691 est
977 4635 1479 4700 incommodum;
1529 4648 1608 4689 an
1663 4632 1884 4688 idcirco
1925 4638 2140 4689 natura

481 4724 890 4781 animantibus
938 4724 1104 4780 dedit
1154 4729 1220 4780 ut
1272 4722 1658 4778 incommode
1710 4725 2140 4780 vescerentur?

481 4814 711 4872 Etenim
733 4830 872 4872 cum
908 4819 1128 4870 natura
1173 4811 1550 4869 conformare
1613 4812 1917 4868 constituit
1973 4813 2138 4886 quod

479 4908 764 4974 nonerat,
816 4919 938 4976 quo
982 4907 1159 4974 pacto
1207 4899 1286 4956 ad
1344 4900 1904 4970 conformationem,
1969 4900 2137 4975 quod

479 4994 601 5051 vim
624 4993 808 5050 habet
835 4988 1240 5055 interimendi,
1269 4994 1504 5060 pararet
1535 4990 1561 5045 ?
1595 4989 1709 5046 Sed
1728 5005 1873 5046 sane
1886 4991 2138 5047 hocnon

481 5086 569 5138 est
602 5084 854 5138 naturae.
912 5080 1129 5133 Contra
1166 5076 1325 5131 vesci
1355 5076 1640 5133 animalia
1669 5077 1860 5134 voluit
1897 5083 2135 5144 natura,

478 5173 680 5227 nonut
699 5168 758 5223 in
778 5165 1255 5222 interimerentur
1267 5163 1575 5230 animalia,
1589 5181 1725 5237 quae
1758 5171 2140 5223 vescerentur

480 5259 587 5316 sed
633 5257 831 5328 potius
882 5253 1094 5309 melius
1145 5255 1642 5312 constituerentur
1719 5261 1775 5312 et
1850 5256 2139 5312 corrobo-

478 5349 770 5404 rarentur.
825 5342 940 5399 Sed
989 5343 1091 5415 qui
1145 5343 1211 5398 ﬁt
1262 5349 1322 5399 ut
1359 5360 1640 5400 excessus
1688 5347 1804 5401 sint
1857 5360 2140 5401 nonnun-

479 5447 668 5504 quam
698 5446 770 5487 ex
791 5447 1074 5504 perversa
1113 5432 1540 5504 temperatione
1586 5433 1955 5490 naturalium
2008 5450 2144 5506 pro-

480 5520 826 5591 prietatum,
855 5525 912 5577 et
939 5521 1128 5579 multa
1160 5538 1283 5578 non
1335 5528 1489 5580 recte
1527 5524 1848 5580 constituta
1896 5530 1951 5579 et
2006 5540 2144 5581 con-

481 5607 746 5665 formata
803 5610 866 5666 iu
925 5609 1124 5667 lucem
1182 5611 1458 5680 edantur,
1519 5617 1603 5680 ut,
1647 5611 1895 5684 exempli
1929 5613 2140 5683 gratia,

481 5693 599 5752 hoc
618 5701 848 5758 naturas
889 5704 976 5760 est
999 5706 1064 5759 ut
1081 5717 1302 5760 manus
1342 5701 1609 5774 quinque
1626 5700 1865 5773 digitos,
1891 5717 2015 5760 non
2039 5718 2146 5760 sex

2246 4565 2327 4606 rte
2374 4549 2506 4619 sint,
2565 4550 2671 4604 sed
2717 4549 3108 4615 abundantis,
3148 4553 3251 4605 aut
3299 4549 3506 4604 inodia
3553 4547 3926 4605 laborantis.

2249 4637 2410 4693 idem
2432 4637 2830 4708 judicandum
2863 4641 2950 4693 est
2969 4637 3047 4708 de
3078 4636 3189 4692 illis
3221 4653 3357 4708 quae
3393 4636 3471 4692 ab
3513 4635 3931 4693 eruditionem

2245 4725 2884 4799 pertinent.Quoniam
2905 4724 3066 4782 enim
3097 4725 3349 4798 quidam
3398 4741 3540 4780 suas
3585 4725 3927 4781 sententias

2246 4813 2915 4888 proferuntetlaudant,
2938 4815 3202 4870 dicentes
3223 4813 3420 4883 legem
3466 4813 3548 4868 ita
3567 4811 3792 4883 jubere
3826 4816 3930 4868 aut

2247 4905 2489 4970 dictare,
2523 4920 2662 4960 cum
2683 4903 3276 4972 tamenlibrumlegis
3293 4917 3611 4974 nunquam
3633 4901 3926 4972 viderint,

2244 4992 2373 5049 ﬁeri
2395 4996 2591 5065 potest
2620 4997 2683 5048 ut
2702 4992 2935 5048 initium
2962 5007 3084 5065 quo
3105 4991 3429 5048 incitantur
3461 4989 3541 5046 ad
3589 4988 3929 5047 dicendam

2247 5080 2601 5137 sententiam
2626 5097 2662 5137 a
2692 5080 2939 5136 scientia
2969 5078 3382 5152 proficiscatur
3407 5095 3420 5134 :
3455 5076 3560 5133 sed
3600 5075 3756 5132 illud
3789 5093 3929 5134 sen-

2244 5169 2354 5226 tire
2393 5173 2450 5226 et
2477 5169 2674 5226 dicere
2701 5185 2823 5226 non
2850 5184 2923 5224 ex
2950 5168 3208 5225 scientiae
3239 5167 3483 5238 regulis,
3515 5181 3639 5222 non
3672 5171 3766 5221 est
3820 5166 3929 5222 ho-

2247 5257 2424 5318 minis
2448 5258 2508 5313 in
2541 5257 2786 5314 scientia
2808 5257 2963 5313 bene
2987 5256 3315 5314 exercitati.
3370 5258 3490 5311 Hoc
3542 5257 3747 5310 autem
3805 5270 3928 5310 usu

2247 5347 2448 5403 venire
2473 5347 2663 5403 multis
2692 5346 3228 5414 animadvertimus,
3253 5361 3506 5418 quorum
3540 5360 3650 5400 nos
3680 5343 3929 5400 miseret

2249 5441 2305 5492 et
2334 5437 2417 5493 eis
2446 5436 2668 5494 idcirco
2693 5435 3023 5508 parcimus.
3050 5438 3183 5491 Hth
3215 5439 3415 5492 autem
3443 5450 3513 5490 eo
3543 5432 3832 5505 diximus,
3865 5437 3930 5488 ut

2250 5526 2642 5583 ostendamus
2676 5541 2788 5582 nos
2818 5525 2976 5582 nolle
3025 5523 3278 5581 alteram
3323 5524 3592 5596 quadam
3632 5526 3928 5578 naturam

2249 5615 2366 5672 hoc
2386 5618 2591 5672 nostro
2617 5615 2838 5686 scripto
2858 5629 3220 5686 proponere,
3249 5629 3388 5668 cum
3418 5616 3692 5668 naturam
3709 5613 3927 5682 etquae

2249 5719 2372 5762 usu
2395 5703 2599 5762 venire
2629 5703 2823 5762 solent
2851 5703 2915 5760 in
2944 5707 3162 5763 natura
3173 5718 3244 5759 ex
3261 5699 3762 5774 temperationum
3775 5713 3927 5772 pro-
