4130 6394
149 338 173 391 1
186 335 288 391 345

1054 327 1410 386 THEODORI
1448 323 1493 407 ll
1520 321 1655 380 IMP.
1689 314 1779 377 DE
1808 318 2271 386 COMMUNIONE
2308 329 2682 392 NATURALI.

3430 336 3568 392 1346

139 458 391 517 πολλάκις
434 451 736 526 συμϐαίνειν
795 451 867 515 εἰς
944 472 1090 515 τινας
1168 450 1393 527 εἴδομεν,
1465 449 1555 512 οὖς
1635 443 1809 522 φειδοῖ
1833 447 1885 510 Α
1917 460 2179 530 σοχοείας,
2226 461 2313 512 καὶ
2375 460 2547 513 πάντα
2598 464 2918 528 τεκτονικῆς,
3000 475 3094 511 και
3182 457 3356 512 πάντα
3442 464 3568 532 μιᾶς

139 547 506 621 οἰκτιζόμεθα,
559 541 656 598 διὰ
701 551 855 598 τοῦτο
909 543 1016 616 οὑχ
1057 544 1231 620 ἑτέραν
1282 547 1438 617 φύσιν
1495 536 1807 601 σπεύδοντες

142 637 340 706 δεῖξαι,
394 638 602 690 τουτονὶ
653 637 713 687 τὸ
769 630 1095 708 σπουδασμα
1166 641 1439 708 πονοῦμεν,
1516 630 1645 683 ἀλλά
1710 632 1805 688 τὴν

140 733 305 804 φύσιν
345 731 438 780 καὶ
485 728 550 778 τὰ
595 722 643 777 ἐν
691 723 821 797 αὑτῇ
870 727 1003 777 κατά
1054 725 1287 800 κράσεων
1362 720 1630 781 ἰδιότητας
1702 716 1808 772 ἑπι-

144 817 526 893 συμϐαίνοντα.
557 813 710 867 Ἐστι
762 809 822 867 δέ
875 815 1044 867 πάντα
1091 812 1139 866 ἓν
1188 822 1250 888 τῇ
1308 816 1477 886 φύσει,
1523 814 1614 863 καὶ
1661 814 1809 863 πᾶσα

139 906 380 983 τέχνηέν
434 905 725 979 ἔπιστήμηο
790 907 1027 979 Διαφέρει
1090 900 1149 957 δὲ
1200 904 1229 964 ἦ
1285 910 1411 976 τιμῇ
1461 902 1491 962 ἢ
1542 902 1806 963 ποιότητι,

140 1003 177 1061 ἦ
218 999 487 1070 συνηθείᾳ,
533 995 562 1054 ἦ
620 1001 790 1048 ποσοῦ
842 1001 939 1066 ῖσῳ
998 999 1089 1047 καὶ
1151 1001 1223 1065 τῷ
1272 992 1455 1065 ἀνίσῳ,
1528 991 1558 1050 ᾖ
1641 988 1810 1042 ἀνέσει

146 1092 242 1143 καὶ
291 1088 547 1156 ίπιτάσει,
596 1088 686 1137 καὶ
733 1082 848 1136 κατ’
897 1082 1084 1145 ἄλλους
1130 1082 1334 1156 λόγους,
1413 1078 1517 1135 οἷον
1591 1084 1812 1152 τιμᾶται

147 1182 243 1252 μὶν
276 1177 507 1250 Κορίνθῳ
526 1178 585 1226 τὸ
646 1175 923 1247 μουσικὸν,
979 1172 1241 1246 Θετταλίᾳ
1302 1169 1363 1226 δι
1414 1175 1472 1224 τό
1509 1171 1808 1243 ὑφαντικὼ,

146 1271 181 1330 ἦ
233 1272 432 1340 Νικαίᾳ
483 1268 541 1320 τὸ
598 1264 914 1338 φιλοσοφεῖν,
963 1262 1274 1336 Φιλοσοφεῖᾳ
1321 1259 1381 1316 6":
1462 1280 1521 1314 το
1599 1279 1815 1313 σκυτευ-

144 1361 313 1412 τικόν·
341 1360 420 1411 Τά
595 1355 684 1407 οὑν
743 1352 1006 1427 ἀμφοτέρα
1052 1350 1315 1423 παιδείας,
1381 1356 1479 1426 μία
1530 1347 1589 1404 δε
1617 1350 1809 1408 ἑκάστη

108 1452 325 1521 ,τίμιον
351 1449 516 1499 οἴεται
534 1447 595 1498 τὸ
662 1443 688 1496 6
740 1448 890 1517 τιμᾷ.
947 1447 1198 1502 Ποιότητι
1255 1438 1336 1509 δε,
1405 1444 1470 1503 ὡς
1529 1444 1588 1493 τὸ
1645 1439 1811 1513 γλυκὺ

146 1542 454 1604 ποιότητος,
520 1537 580 1588 τό
632 1533 822 1587 ἁλυκόν
871 1537 1167 1594 ποιότητος.
1237 1533 1554 1605 Λιχνεὺεται
1628 1526 1681 1582 δ’
1763 1527 1812 1581 ἐν

149 1626 327 1688 ἄλλοις
383 1628 440 1679 τὸ
495 1628 565 1698 μὴ
616 1630 723 1685 τοῖς
772 1621 945 1684 ἄλλοις
1015 1620 1187 1692 ἐφετὸν
1267 1625 1341 1674 ὅν·

149 1724 254 1779 τῆς
279 1718 552 1774 ποιότητος
581 1714 754 1786 ἄμφω,
818 1713 1067 1785 συνηθειᾳ
1126 1707 1206 1778 δὲ,
1259 1714 1329 1773 ὡς
1384 1712 1611 1783 ὑφάντης
1657 1712 1812 1784 μέρος

154 1810 591 1880 ἱστουργηματων
657 1801 834 1863 ἐθίσας
901 1801 1150 1874 ὑφαίνειν,
1212 1798 1447 1876 διαφέρεί
1519 1807 1612 1852 τοῦ

147 1916 244 1971 ρον
269 1898 589 1968 ὑφαίνοντος.
618 1890 747 1965 Ἵσῳ
788 1888 849 1945 δὲ
891 1896 982 1944 καὶ
1030 1890 1211 1964 ἀνίσῳ,
1271 1892 1342 1952 ὡς
1390 1889 1639 1962 Αἰγύπτῳ
1685 1909 1816 1943 παν-

148 1982 400 2041 τοδαπῶν
451 1982 652 2047 πλῆθος
734 1989 966 2057 καρπῶν,
1029 1987 1143 2052 Κοῷ
1221 1977 1280 2033 δὲ
1356 1982 1541 2041 πάντες
1619 1983 1811 2055 καρποὶ

150 2078 267 2150 μεν,
313 2074 408 2128 οὑκ
446 2071 491 2135 ἐς
528 2076 682 2126 τόσον
740 2068 799 2124 δὲ
840 2072 977 2125 κατά
1031 2090 1091 2143 γε
1145 2073 1327 2136 ποσόν,
1379 2069 1512 2129 πλὴν
1574 2065 1634 2122 δε
1706 2069 1815 2121 ἶσοι

150 2163 252 2219 κᾶν
296 2160 518 2237 διαφέρῃ
568 2159 732 2234 ἀνίσῳ
780 2165 871 2214 καὶ
921 2163 1044 2233 ἴσῳ,
1100 2158 1335 2213 ἐπιτάσει
1380 2155 1440 2212 δὲ
1480 2163 1570 2211 καὶ
1623 2156 1814 2229 ἀνέσει,

152 2256 229 2316 ὡς
307 2250 669 2327 Ἀριστοτέλης
744 2249 1032 2323 φιλοσοφεῖ,
1110 2247 1240 2302 ἀλλά
1336 2253 1426 2301 καὶ
1507 2247 1811 2320 Σιμπλίκος,

150 2341 311 2397 *Εστι
353 2336 413 2394 δέ
457 2342 487 2398 ἡ
539 2338 821 2413 φιλοσοφία
897 2342 1139 2408 ποιότης,
1224 2334 1443 2411 δέχεται
1518 2333 1816 2390 δ’ἐττίτασιν

151 2435 249 2485 καὶ
296 2431 491 2498 ἄνεσιν,
551 2434 642 2482 καὶ
691 2428 806 2481 κατ’
858 2426 1096 2481 ἐπίτασίν
1138 2446 1193 2481 τε
1248 2432 1337 2480 καὶ
1402 2428 1597 2483 οἰνεσιν.
1680 2425 1819 2502 ’Ἄρα

148 2519 502 2595 Ἀριστοτέλει
570 2523 660 2573 καὶ
729 2518 1016 2591 Σιμπλικίῳ
1085 2520 1116 2577 ἡ
1170 2516 1453 2591 φιλοσοφία
1528 2516 1817 2591 φιλοσοφεῖ-

150 2630 269 2669 ται,
297 2612 476 2663 Πάντα
509 2608 598 2682 μέν
651 2607 738 2661 οὖν
795 2604 890 2661 διὰ
928 2614 1093 2661 ταῦτα
1142 2606 1469 2681 φιλοσοφίας,
1513 2610 1604 2659 καὶ
1648 2608 1821 2661 πάντα

157 2705 577 2775 σταρατηγικῆς,
606 2702 696 2751 καὶ
742 2699 914 2752 πάντα
975 2698 1274 2770 ὑφαντικῆς.
1331 2701 1421 2750 καὶ
1462 2698 1634 2751 πάντα
1682 2716 1817 2774 χρυο

1714 1801 1814 1852 ἔτι·
1858 1850 1863 1855 .

1916 545 2141 608 ἑκάστης
2169 548 2328 625 οὗπερ
2372 550 2533 605 ἔστιν.
2586 547 2744 605 ἕστίν.
2800 547 2955 622 Ἔχει
3013 544 3072 601 δὲ
3127 567 3217 602 και
3242 552 3337 608 τὴν
3386 544 3570 623 διαφο-

1914 640 2009 712 ράν
2048 641 2183 693 κατά
2206 642 2296 702 τὰς
2344 649 2443 694 τῶν
2483 639 2530 692 ἐν
2580 639 2858 713 φιλοσοφίᾳ
2915 646 3242 713 κατηγοριῶν
3299 643 3569 702 κοινωνίας

1915 747 2007 780 και
2055 724 2363 793 διαστολάς*
2426 729 2704 802 ἀνάγονται
2761 725 2821 781 δὲ
2874 727 2942 790 εἰς
2999 732 3081 787 τὴν
3123 727 3328 797 οὐσίαν,
3392 730 3567 804 ὥσπερ

1917 817 2142 890 ἅπασαι,
2174 819 2309 872 οὑτω
2340 815 2408 878 δὴ
2452 838 2541 871 και
2586 818 2658 879 εἰς
2714 821 2809 876 τὴν
2860 819 3014 890 φύσιν
3059 819 3127 870 τά
3177 814 3225 869 ἓν
3276 824 3339 890 τῇ
3395 820 3567 890 φύσει,

1917 905 2012 959 κάν
2066 905 2412 981 ἀποτυγχάνῃ
2470 914 2562 961 τοῦ
2621 907 2760 974 ὅλου,
2818 904 2913 959 κᾶν
2966 909 3066 979 ἴσῳ
3114 908 3246 981 πρὸς
3293 909 3352 958 τὸ
3436 908 3572 959 κατὰ

1920 999 2073 1070 φύσιν
2105 1002 2269 1071 τρέχῃ
2325 996 2528 1072 ῥυθμῷ.
2578 995 2835 1071 ’Υπάρχει
2883 992 2943 1048 δὲ
2988 998 3055 1048 τά
3102 995 3218 1055 τελη
3268 998 3460 1049 τοὺτῶν
3506 995 3573 1048 τά

1920 1090 2009 1161 μεν
2036 1092 2273 1163 κρείττω,
2314 1090 2380 1141 τά
2430 1084 2489 1140 δὲ
2555 1091 2740 1163 χείρω.
2792 1084 2952 1139 Ὠστε
2998 1085 3058 1139 οὐ
3112 1089 3249 1139 κατά
3306 1089 3364 1139 τό
3422 1088 3574 1159 φύσει

1920 1181 2201 1251 κρίνονται-
2268 1177 2312 1230 εἰ
2400 1178 2498 1254 γὰρ
2556 1175 2812 1252 ἐκρίνοντο
2891 1178 3026 1229 κατά
3101 1179 3279 1249 φύσιν,
3361 1175 3574 1249 ἐτιμᾶτο

1922 1265 1984 1318 ἂν
2028 1285 2116 1319 και
2169 1266 2428 1339 Θετταλίᾳ
2482 1269 2553 1329 ὡς
2611 1267 2841 1341 Κορίνθῳ
2916 1268 2973 1318 τό
3058 1269 3332 1339 μουσικόνο
3381 1262 3577 1337 ξπᾶσαι

1922 1358 2022 1430 γάρ
2056 1357 2111 1408 αῖ
2168 1360 2462 1429 συμφωνίαι
2514 1359 2605 1408 καὶ
2651 1357 2707 1408 αἱ
2762 1354 2936 1419 τάξεις
2990 1363 3255 1428 μουσικῆς
3303 1354 3402 1408 εἰσι
3453 1356 3575 1408 θεω-

1922 1449 2059 1521 ρίας.
2105 1444 2456 1519 Συμϐάλλεται
2505 1441 2564 1498 δὲ
2626 1448 2901 1519 συμφωνία
2971 1463 3063 1497 και
3132 1443 3281 1507 τάξις
3352 1442 3432 1497 ἀεί
3503 1442 3577 1506 εἰς

1924 1535 2164 1608 οἰκισμὸν
2237 1533 2431 1588 πόλεών
2506 1552 2562 1587 τε
2632 1552 2723 1586 και
2804 1539 3028 1607 κόσμου·
3100 1529 3281 1592 ἐπειδὴ
3358 1533 3574 1602 πόλεων,

1428 1620 1684 1696 ’Υπάρχει
1753 1616 1813 1673 δὲ
1850 1625 1896 1680 Β
1925 1624 2199 1697 ὑφαντικὸν
2244 1618 2302 1675 δὲ
2358 1622 2418 1674 οὑ
2473 1625 2758 1682 συνίστησι
2805 1621 2973 1678 πόλιν.
3027 1624 3098 1675 Τὸ
3135 1623 3233 1695 μὶυ
3270 1622 3372 1697 γάρ
3435 1619 3574 1674 ἀναι-

1922 1714 2063 1789 ρεθὶν
2130 1711 2388 1787 ἀφανίσει,
2443 1715 2500 1766 τὸ
2566 1707 2625 1765 δε
2692 1710 2992 1785 ἀφανισθὲν,
3061 1711 3156 1765 οὑκ
3214 1710 3458 1785 ἀφανίσει
3495 1711 3579 1766 ὅτι

1924 1803 2050 1858 αὑτό
2077 1803 2382 1877 ἠφάνισται·
2435 1803 2570 1863 ᾧστε
2614 1803 2674 1854 τό
2725 1805 2816 1875 μὲν
2868 1800 3171 1874 ἀναγκαῖον,
3220 1803 3280 1854 τὸ
3328 1797 3389 1855 δὲ
3438 1806 3578 1875 χρὴ·

1926 1911 2099 1967 σιμον·
2150 1897 2501 1965 φυσικώτερον
2557 1886 2612 1943 δ’
2661 1893 2776 1944 ἔστι
2825 1894 2885 1944 τὸ
2929 1888 3209 1964 ἀναγκαῖον
3255 1888 3356 1943 ἀεί·
3426 1910 3582 1963 φυσιο

1923 1988 2144 2057 κώτερον
2186 1982 2289 2054 ἄρα
2337 1999 2427 2034 και
2472 1982 2532 2032 τὸ
2577 1982 2832 2053 μουσικὸν
2880 1986 2973 2032 τοῦ
3020 1980 3328 2052 ὑφαντικοιῖὶ⁹
3397 1979 3459 2033 Εἰ
3519 1975 3580 2033 δέ

1923 2091 2005 2133 τις
2041 2070 2135 2124 οὑκ
2179 2066 2314 2138 οἶδε,
2366 2072 2419 2121 τί
2467 2068 2614 2132 τάξις
2673 2088 2764 2121 και
2818 2073 3113 2142 συμφωνία,
3165 2067 3444 2131 ἐξεταζέτω
3513 2070 3583 2123 τά

1914 2165 2034 2235 περί
2072 2164 2166 2219 τὴν
2224 2160 2505 2232 ὑφαντικὴν
2538 2178 2553 2192 ·
2596 2158 2810 2232 εὑρήσει
2876 2155 2936 2211 δὲ
3021 2177 3113 2211 και
3162 2161 3465 2232 συμφωνίαν
3528 2156 3578 2210 ἓν

1927 2251 2058 2324 αὑτῇ
2105 2249 2267 2302 οὖσαν
2314 2268 2404 2301 και
2446 2247 2612 2312 τάξιν.
2668 2255 2769 2301 Kac:
2818 2254 2973 2301 τοῦτο
3022 2244 3312 2322 πρόδηλον.
3353 2247 3429 2301 Οὑ
3478 2250 3582 2320 μὴν

1928 2338 2007 2408 δὲ,
2034 2338 2163 2392 ἀλλά
2204 2357 2295 2391 και
2340 2342 2458 2411 περί
2504 2339 2594 2399 τάς
2644 2333 2928 2412 οἰκοδομάς
2987 2339 3123 2390 κατά
3173 2339 3260 2390 τὸν
3306 2335 3462 2389 αὐτὸν
3497 2336 3584 2389 λό-

1925 2449 2037 2503 γον.
2096 2432 2198 2483 Καί
2257 2432 2561 2500 πανταχόσε
2614 2431 2674 2480 τό
2734 2424 2794 2481 δὲ
2843 2435 2941 2491 τῆς
3013 2426 3202 2491 τάξεως
3283 2430 3586 2503 τιμιώτερον

1926 2539 2018 2573 και
2065 2527 2162 2579 τῆς
2207 2522 2528 2591 συμφωνίας,
2580 2518 2661 2569 ὅτι
2720 2535 2810 2571 και
2867 2516 3023 2571 αὑτὸν
3075 2516 3292 2593 οὑρανόν
3338 2535 3429 2569 και
3484 2523 3585 2588 γῆν

1925 2629 2015 2663 και
2046 2609 2326 2681 σὺμπᾱιντα
2367 2610 2586 2680 κόσμον,
2642 2605 2772 2679 λέγω
2816 2602 2884 2665 δὴ
2952 2613 3053 2659 τῶν
3115 2604 3168 2669 ἐξ
3226 2604 3445 2679 οὐρανοῦ
3495 2623 3588 2657 και

1926 2707 2026 2775 γῆς
2068 2716 2160 2752 και
2226 2698 2426 2750 πάντων
2483 2700 2585 2749 τῶν
2637 2696 2727 2749 ὑπ’
2804 2694 2975 2748 αὑτῶν
3041 2698 3425 2769 περιεχομένων
3496 2711 3588 2747 και

159 2876 531 2953 prietatibus,
586 2878 951 2951 pertractare
986 2874 1487 2947 constituerimus,
1522 2876 1669 2931 Sunt
1722 2888 1824 2932 au-
1853 2865 1901 2920 Α
1934 2872 2248 2934 textoriam
2278 2877 2488 2944 artem,
2518 2887 2657 2947 quas
2682 2874 2823 2930 sunt
2850 2873 3113 2931 textoriae
3130 2889 3147 2945 ;
3177 2875 3235 2929 et
3261 2870 3468 2930 omnia
3486 2870 3591 2929 illa

159 2973 286 3026 tem
313 2967 519 3024 omnia
546 2966 607 3023 in
630 2969 870 3037 natura,
904 2969 960 3022 et
999 2965 1197 3022 omnis
1263 2980 1361 3022 ars
1411 2964 1525 3021 sub
1577 2963 1825 3021 scientia

164 3054 711 3129 comprehenditur.
744 3055 1032 3111 Dit‘ferunt
1058 3059 1260 3111 autem
1280 3054 1433 3111 inter
1463 3070 1524 3111 se
1555 3058 1659 3111 aut
1677 3070 1823 3127 prte-

168 3145 407 3216 stantia,
440 3150 539 3203 aut
571 3145 857 3219 qualitate
879 3150 981 3202 aut
997 3144 1431 3202 consuetudine
1447 3149 1550 3201 aut
1589 3144 1825 3218 quanti-
1864 3194 1875 3209 ,

163 3234 302 3292 tatis
332 3234 673 3308 aequalitate
695 3239 799 3291 aut
822 3234 1227 3308 inaequalitate
1256 3234 1708 3292 autintensione
1722 3237 1826 3291 aut

162 3323 515 3381 remissione
556 3329 612 3380 et
638 3323 767 3380 aliis
794 3323 1149 3391 rationibus,
1179 3327 1244 3381 ut
1274 3323 1539 3381 Corinthi
1591 3323 1828 3380 musica

160 3413 227 3470 in
243 3413 431 3486 pretio
446 3413 722 3485 habetur,
741 3413 802 3469 in
813 3412 1117 3470 Thessalia
1128 3413 1397 3485 textoria,
1416 3413 1624 3470 Nicaeae
1637 3413 1827 3486 philo-

163 3502 402 3575 sophia,
429 3501 851 3575 Philadelphiae
875 3503 1146 3559 coriaria.
1179 3504 1313 3558 Haec
1350 3502 1556 3559 omnia
1589 3502 1667 3559 ad
1697 3518 1828 3559 eru-

161 3591 454 3648 ditionem
474 3590 828 3663 referuntur,
866 3591 973 3648 sed
987 3607 1369 3664 unaquaeque
1392 3591 1604 3648 civitas
1634 3592 1825 3664 pretio

162 3681 422 3751 dignum
451 3685 621 3753 putat
648 3680 797 3737 illud
826 3681 991 3754 quod
1024 3681 1085 3737 in
1117 3682 1306 3754 pretio
1319 3681 1519 3738 habet.
1540 3682 1829 3738 Diil‘erunt

161 3771 349 3837 etiam
378 3770 686 3844 qualitate,
700 3771 835 3828 utid
848 3770 1013 3845 quod
1028 3775 1115 3828 est
1128 3770 1301 3827 dulce
1316 3771 1622 3844 qualitatis
1645 3775 1755 3839 est,
1772 3775 1829 3828 et

163 3859 334 3932 quod
353 3864 442 3916 est
470 3859 697 3916 salsum
731 3863 820 3917 est
847 3876 1089 3934 quoque
1136 3859 1456 3933 qualitatis.
1530 3860 1644 3919 Sed
1697 3860 1828 3917 ﬁeri

165 3951 366 4020 potest
391 3953 456 4005 ut
480 3949 645 4022 quod
668 3948 832 4022 apud
857 3948 1180 4006 nonnullos
1200 3950 1262 4005 in
1283 3949 1508 4005 deliciis
1548 3949 1824 4022 habetur,

170 4035 254 4093 ab
285 4036 411 4092 aliis
432 4053 555 4094 non
585 4042 920 4112 appetatur.
948 4041 1279 4111 Utrumque
1310 4042 1511 4095 autem
1530 4038 1608 4095 ad
1633 4039 1828 4112 quali-

162 4130 350 4183 tatem
380 4127 630 4184 refertur
642 4127 1109 4184 consuetudines
1126 4127 1412 4184 differunt
1431 4132 1493 4184 ut
1510 4132 1701 4184 textor
1723 4128 1829 4202 qui

163 4215 378 4273 solitus
404 4220 497 4273 est
516 4223 750 4290 partem
774 4218 947 4289 pensi
973 4217 1224 4289 alicujus
1254 4223 1579 4290 pertexere,
1635 4217 1832 4275 dit‘tert

1934 2966 2010 3023 ad
2032 2965 2348 3023 auriﬁcum
2363 2967 2570 3033 artem,
2593 2978 2728 3037 quae
2741 2963 3028 3020 suntartis
3046 2961 3393 3020 auriﬁcum:
3418 2960 3590 3018 item-

1934 3071 2053 3129 que
2078 3069 2457 3128 quaecunque
2484 3057 2624 3109 sunt
2646 3052 2875 3111 fabrilis
2904 3054 3068 3126 artis,
3092 3052 3172 3110 ad
3196 3051 3470 3109 fabrilem
3500 3066 3589 3108 ar-

1935 3150 2053 3203 tem
2073 3162 2086 3201 :
2103 3144 2361 3218 denique
2384 3142 2595 3200 omnia
2619 3142 2698 3200 ad
2723 3158 2910 3200 unam
2935 3158 3240 3216 quamque
3271 3147 3482 3213 artem,
3510 3141 3592 3199 ad

1934 3251 2123 3309 quam
2158 3235 2475 3308 pertinent,
2498 3234 2786 3290 revocari.
2806 3233 3094 3290 Diﬂ‘erunt
3114 3236 3314 3291 autem
3328 3248 3401 3289 ex
3425 3248 3591 3290 com-

1936 3324 2327 3381 munionibus
2358 3322 2910 3380 etdistinctionibus
2931 3323 3369 3394 categoriarum
3384 3322 3594 3396 quaein

1934 3413 2320 3487 philosophia
2332 3413 2667 3470 traduntur:
2677 3412 2784 3469 sed
2800 3417 2865 3469 ut
2879 3427 3089 3469 omnes
3101 3412 3180 3469 ad
3193 3412 3595 3471 substantiam

1936 3508 2313 3569 revocantur,
2344 3502 2427 3559 ita
2457 3501 2638 3558 etiam
2675 3517 2811 3575 quae
2850 3506 2990 3558 sunt
3040 3501 3105 3559 in
3160 3508 3400 3569 natura,
3466 3502 3594 3559 sive

1938 3592 2215 3649 aberrent
2227 3591 2556 3664 aliquando
2574 3596 2766 3656 atoto,
2783 3591 2904 3648 sive
2925 3592 3209 3665 aequabili
3222 3590 3301 3648 ad
3312 3595 3594 3648 naturam

1939 3681 2341 3737 concinnitate
2373 3681 2660 3748 ferantur,
2689 3682 2768 3738 ad
2796 3684 3075 3737 naturam
3096 3681 3596 3738 omniarevocan—

1937 3774 2051 3827 tur.
2084 3772 2263 3826 Porro
2293 3785 2496 3826 rerum
2524 3771 2883 3828 naturalium
2908 3770 3060 3826 ﬁnes
3120 3769 3220 3827 alii
3272 3774 3412 3827 sunt
3448 3786 3598 3843 pra:-

1940 3858 2273 3925 stantiores,
2307 3858 2405 3915 alii
2425 3874 2568 3915 vero
2597 3858 2927 3916 inferiores.
2955 3860 3149 3923 Quare
3195 3874 3319 3917 non
3370 3858 3597 3933 ubique

1938 3948 2218 4005 homines
2231 3963 2305 4004 ex
2326 3964 2397 4004 eo
2416 3948 2583 4021 quod
2596 3953 2910 4005 estnatura
2923 3947 2997 4004 de
3018 3947 3200 4004 rebus
3212 3947 3485 4019 judicare
3504 3962 3597 4005 so-

1937 4038 2032 4095 len
2043 4042 2080 4104 t;
2095 4053 2238 4093 nam
2253 4036 2297 4092 si
2305 4037 2326 4108 j
2337 4037 2848 4111 udicarent,seque
2860 4037 2922 4093 in
2933 4036 3236 4095 Thessalia
3249 4052 3318 4095 ac
3331 4035 3597 4094 Corinthi

1941 4127 2173 4184 musica
2189 4127 2499 4183 coleretur:
2520 4142 2727 4184 omnes
2743 4128 2903 4184 enim
2919 4132 3596 4202 concentus,omnesque

1941 4216 2169 4274 ordinis
2182 4216 2439 4273 rationes
2452 4216 2529 4274 ad
2542 4217 2837 4273 musicam
2851 4217 3266 4273 tractationem
3278 4217 3594 4290 pertinent.

160 4304 247 4363 ab
276 4320 349 4362 eo
374 4305 480 4379 qui
509 4305 759 4362 alteram
790 4310 1232 4379 partemtexere
1253 4307 1565 4363 consuevit
1594 4322 1606 4373 ;
1631 4323 1832 4380 cequa—
1867 4329 1908 4383 Β
1944 4309 2281 4364 Concentus
2312 4310 2515 4362 autem
2541 4311 2599 4363 et
2626 4306 2777 4362 ordo
2802 4305 2883 4363 ad
2910 4305 3261 4363 incolendas
3306 4307 3594 4374 civitates,

159 4394 328 4451 litate
349 4399 406 4450 et
434 4393 859 4467 inaequalitate,
895 4399 959 4450 ut
984 4394 1149 4467 apud
1174 4395 1484 4467 Algyptios
1504 4400 1593 4452 est
1636 4395 1832 4452 abun.

162 4483 374 4541 dantia
399 4483 643 4555 frugum
675 4485 873 4541 omnis
900 4484 1136 4557 generis
1168 4488 1226 4541 et
1280 4485 1606 4555 fructuum,
1667 4487 1834 4560 apud

165 4573 323 4628 Coos
350 4586 495 4629 vero
510 4572 904 4645 suntquidem
926 4572 1123 4629 omnis
1137 4573 1369 4644 generis
1394 4573 1566 4645 fuges
1590 4578 1647 4630 et
1674 4575 1834 4643 truc-
1876 4586 1889 4613 ι

165 4666 293 4727 tus,
307 4660 412 4717 sed
432 4676 557 4718 non
583 4666 748 4718 tanta
765 4666 854 4719 est
875 4661 1049 4735 copia
1063 4666 1292 4734 quanta
1306 4662 1474 4735 apud
1500 4664 1831 4736 Egyptios.

166 4750 243 4807 Et
269 4751 546 4822 quamvis
585 4750 852 4809 similiter
879 4750 1076 4808 omnis
1103 4751 1337 4821 generis
1369 4750 1569 4822 fruges
1600 4757 1656 4808 et
1675 4752 1833 4809 fruc-

162 4839 447 4912 tusapud
459 4842 610 4897 Coos
621 4839 1272 4911 habeantur,diﬂ‘erunt
1284 4845 1490 4897 tamen
1505 4841 1702 4914 aaqual
1715 4847 1833 4899 tate

164 4931 232 4985 et
258 4927 661 5002 inaequalitate
682 4947 696 4986 :
716 4935 1004 5003 praeterea
1024 4929 1356 4987 intensione
1381 4933 1439 4986 et
1457 4930 1832 5000 remissione,

162 5021 239 5076 ut
274 5017 616 5075 Aristoteles
667 5019 1145 5093 philosophatur,
1199 5018 1541 5092 Simplicius
1590 5035 1837 5093 quoque

162 5107 661 5182 philosophatur.
713 5112 811 5166 Est
851 5114 1054 5166 autem
1124 5109 1511 5183 philosophia
1574 5109 1835 5184 qualitas

164 5213 313 5272 quae
342 5197 564 5271 sucipit
586 5199 984 5257 intensionem
1017 5201 1525 5257 etremissionem.
1560 5200 1837 5257 Aristote-

165 5288 262 5346 les
297 5302 441 5359 ergo
462 5292 519 5345 et
548 5289 888 5363 Simplicius
900 5293 1040 5347 sunt
1056 5288 1468 5363 philos0phiet
1494 5288 1591 5347 ille
1615 5290 1834 5361 magis,

167 5377 272 5437 hic
290 5377 491 5434 minus
514 5378 990 5453 philosophatur.
1046 5381 1131 5435 Ex
1173 5379 1397 5453 quibus
1451 5379 1839 5451 intelligimus

170 5466 387 5525 omnia
399 5466 499 5523 illa
516 5467 719 5526 referri
750 5470 1084 5527 etrevocari
1097 5467 1176 5525 ad
1205 5468 1672 5542 philosophiam,
1700 5484 1839 5542 quas

170 5561 322 5615 sunt
359 5554 758 5632 philosophias
788 5577 801 5617 :
836 5566 894 5616 et
920 5559 1127 5617 omnia
1157 5559 1237 5616 ad
1255 5559 1707 5633 imperatoriam
1748 5575 1840 5617 ar-

170 5651 323 5717 tem,
347 5660 486 5720 quae
539 5653 680 5709 sunt
720 5649 1138 5724 imperatoriae
1181 5650 1371 5710 artis:
1404 5653 1462 5711 et
1507 5649 1715 5710 omnia
1760 5648 1842 5709 ad

1944 4400 2124 4470 atque
2141 4394 2293 4453 adeo
2305 4395 2384 4453 ad
2395 4394 2683 4451 mundum
2698 4396 3040 4452 universum
3055 4395 3436 4453 incolendum
3453 4412 3600 4453 sem-

1943 4500 2052 4558 per
2080 4484 2327 4552 confert,
2362 4484 2469 4540 sed
2504 4499 2602 4539 ars
2625 4484 2877 4541 textoria
2907 4483 3205 4541 civitatem
3225 4498 3348 4541 non
3377 4484 3598 4542 consti-

1944 4575 2056 4633 tuit
2087 4573 2358 4631 :sublato
2380 4573 2534 4630 enim
2566 4577 2876 4637 concentu,
2912 4573 3078 4631 nulla
3094 4577 3183 4630 est
3199 4574 3425 4647 civitas,
3454 4573 3601 4647 quia

1946 4664 2229 4721 sublatus
2259 4667 2347 4720 est
2373 4662 2639 4720 musicus
2663 4667 2990 4721 concentus
3018 4680 3031 4719 :
3066 4662 3173 4719 sed
3200 4662 3315 4720 hoc
3338 4663 3597 4735 sublato,

1943 4769 2068 4811 non
2097 4768 2341 4810 necesse
2362 4756 2469 4819 est,
2500 4752 2645 4825 quia
2665 4752 2971 4810 sublatum
3002 4756 3091 4809 est
3108 4752 3339 4809 nullam
3367 4768 3499 4809 esse
3523 4753 3600 4810 ci-

1945 4846 2206 4903 vitatem.
2263 4845 2359 4899 Est
2410 4843 2590 4913 igitur
2655 4844 2893 4901 musica
2934 4843 3295 4911 necessaria,
3351 4843 3601 4903 textoria

1943 4949 2087 4992 vero
2117 4932 2296 4990 utilis.
2325 4933 2439 4991 Sed
2465 4932 2631 5005 quod
2657 4938 2746 4990 est
2766 4933 3187 5003 necessarium,
3216 4947 3456 5006 semper
3474 4948 3602 4991 ma-

1945 5023 2036 5095 gis
2065 5023 2143 5079 ad
2173 5026 2454 5079 naturam
2490 5022 2738 5078 accedit.
2774 5024 2968 5089 Quare
3006 5022 3240 5079 musica
3285 5022 3481 5093 magis
3521 5022 3603 5080 ad

1944 5116 2227 5170 naturam
2279 5110 2509 5168 accedit
2553 5127 2741 5184 quam
2799 5111 3069 5177 textoria,
3125 5111 3298 5178 Quod
3349 5112 3399 5168 si
3461 5112 3600 5185 quis

1943 5202 2180 5274 ignorat
2198 5199 2347 5275 quid
2368 5201 2442 5257 sit
2459 5199 2608 5257 ordo
2629 5205 2685 5258 et
2704 5203 3050 5270 concentus,
3077 5200 3171 5258 vel
3193 5200 3386 5274 ipsam
3413 5205 3603 5260 texto-

1944 5291 2097 5348 riam
2128 5296 2318 5347 artem
2340 5294 2635 5347 scrutetur
2666 5305 2680 5346 :
2722 5291 3052 5361 comperiet
3082 5289 3245 5346 enim
3274 5290 3435 5347 hanc
3464 5305 3605 5349 con-

1946 5384 2122 5437 centu
2142 5384 2199 5436 et
2226 5378 2436 5436 ordine
2461 5393 2663 5436 carere
2688 5394 2809 5436 non
2841 5393 3044 5451 posse.
3070 5382 3262 5453 Atque
3277 5379 3394 5437 hoc
3418 5379 3603 5437 omni-

1946 5469 2061 5527 bus
2091 5469 2481 5526 manifestum
2506 5467 2792 5534 est.Quin
2833 5468 3016 5526 etiam
3062 5467 3316 5527 aediﬁcia
3364 5472 3421 5527 et
3471 5469 3605 5527 reli-

1947 5571 2072 5633 qua
2082 5558 2289 5617 omnia
2304 5557 2516 5616 eadem
2532 5557 2763 5615 ratione
2780 5556 3136 5615 consideret.
3151 5560 3441 5617 Praeterea
3453 5558 3604 5617 ordo

1950 5652 2009 5710 et
2029 5651 2351 5711 consentus
2372 5646 2596 5708 idcirco
2609 5645 2744 5707 aliis
2770 5645 3070 5709 excellunt
3082 5647 3251 5724 quod
3266 5649 3471 5725 ipsum
3489 5663 3605 5707 οω·
