4130 6452
558 335 694 395 i357

2093 322 2454 388 ADD‘ENDA'.

3864 335 3994 398 1348

556 464 892 534 συνημμένων
940 459 1013 521 εἰς
1070 463 1196 531 μίαν
1249 460 1584 530 συναρμογὴν
1636 460 1912 529 συμφωνία
1964 460 2054 507 καὶ
2116 458 2205 507 τὰ-
2238 453 2291 510 Δ
2317 472 2394 514 τις
2418 458 2450 512 ἤ
2486 457 2733 529 συνηθείᾳ
2788 456 2820 515 ἣ
2881 460 3070 528 σχέσει
3129 459 3163 516 ἦ
3213 465 3326 520 ταῖς
3377 459 3574 536 ἑτέραις
3625 457 3992 536 ἰδιοτροπίαις

553 551 628 613 ξις
655 557 786 603 κινεῖ
801 553 890 601 καὶ
923 552 1154 620 συνέχει,
1182 552 1274 599 καὶ
1331 549 1390 598 τὸ
1441 545 1633 614 πλεῖον,
1682 547 1761 598 ὃτι
1825 551 1916 598 καὶ
1973 554 2046 616 τῷ
2105 551 2205 596 σώ-

549 658 678 710 ματι
726 643 1001 710 συμφωνία
1040 636 1227 708 ψυχῆς
1281 641 1371 688 καὶ
1416 635 1566 705 ὕλης,
1637 637 1757 687 ἴσου
1839 640 1929 687 καὶ
2001 633 2200 700 ἀνίσου,

545 726 728 779 λευκοῦ
781 731 872 778 καὶ
917 725 1150 798 μέλανος,
1201 724 1370 785 εὐθέος
1435 729 1526 776 καὶ
1603 731 1926 798 περιφεροῦς,
2015 722 2204 794 ἐλαχί-

550 833 676 866 στου
733 819 822 866 και
869 813 1120 885 μείζονος,
1173 815 1264 862 καὶ
1330 809 1493 861 ἄλλων
1583 819 1730 862 τινών
1821 806 2204 884 συνδραμουσα

545 911 610 975 τῇ
641 900 823 973 τοιᾷδε
850 902 992 965 τάξει
1028 909 1162 954 Θεοῦ
1217 896 1560 974 δημιουργία,
1619 905 1801 973 κρατεῖ
1851 905 1941 950 καὶ
1990 901 2202 970 σύνεχει

545 992 640 1043 κᾶν
708 989 1010 1066 διηρθρωσε
1072 998 1271 1059 πρῶτον
1319 995 1409 1040 καὶ
1471 988 1634 1055 ἔταξε,
1689 992 1860 1040 καίτοι
1914 993 2004 1039 καὶ
2091 995 2201 1051 τοῖς

545 1080 740 1140 ὑλικοίς
798 1085 978 1153 μέρεσι
1037 1086 1235 1150 χυμοῖς
1277 1074 1336 1129 δὲ
1385 1077 1536 1148 λέγω,
1593 1076 1844 1148 ἀναλογία
1889 1081 1979 1128 καὶ
2033 1077 2197 1144 τάξις,

546 1167 674 1220 ἀλλὰ
702 1165 771 1226 δὴ
795 1172 853 1220 τὸ
903 1169 1194 1238 θαυμάσιον
1249 1168 1330 1217 ὅτι
1379 1171 1468 1217 καὶ
1528 1165 1704 1227 αὐτοῖς
1749 1161 1818 1223 δὴ
1871 1173 1976 1225 τοῖς
2029 1163 2200 1236 ψυχι-

544 1265 658 1319 κοῖς
694 1261 898 1329 μέρεσι,
956 1255 1098 1318 τάξις
1155 1260 1246 1306 καὶ
1299 1258 1574 1326 συμφωνία
1627 1261 1720 1305 τού
1773 1258 1844 1325 μὴ
1885 1258 2197 1328 κατεπαίρε-

546 1349 674 1399 σθαι
700 1355 799 1398 τῶν
830 1350 960 1420 ὅρων
990 1346 1019 1404 ἡ
1052 1345 1394 1396 ἐλαττοῦσθαι
1423 1347 1453 1402 ἦ
1491 1339 1822 1395 διαλύεσθαι.

612 1433 883 1506 ¹γ’·Ὠπτε
929 1430 1094 1492 οὐδὴν
1151 1433 1210 1484 οὐ
1265 1441 1362 1493 τῆς
1421 1435 1642 1504 φύσεως,
1694 1431 1823 1484 ἀλλὰ
1883 1434 2055 1484 πάντα
2103 1435 2193 1504 μεν

542 1527 657 1595 ἔχει
715 1527 846 1598 πρὸς
891 1522 1075 1590 αὐτὴν,
1130 1525 1198 1574 τὰ
1234 1524 1323 1594 μὲν
1373 1525 1735 1593 γνησιωτέρως
1802 1525 1896 1579 τὴν
1979 1525 2191 1592 σχέσιν,

541 1617 609 1666 τὰ
663 1611 723 1666 δὲ
771 1613 1100 1688 πορρωτέρω·
1167 1611 1444 1684 ’Υφαντικὴ
1507 1613 1610 1683 ’γὰρ
1689 1609 2040 1682 συμϐάλλεται
2123 1610 2193 1673 εἰς

538 1707 634 1761 τὴν
661 1711 758 1763 τῆς
804 1702 1067 1763 πολιτείας
1101 1705 1390 1764 κοινωνίαν,
1449 1699 1583 1758 πλην
1632 1698 1738 1752 ἀλλ’
1795 1699 1901 1770 οὐχ
1940 1702 2008 1761 ως
2063 1719 2194 1772 μου·

541 1799 688 1851 σικήο
740 1800 825 1846 Δεῖ
871 1789 932 1846 δὲ
976 1797 1049 1864 μὴ
1106 1790 1407 1844 ἀπατᾶσθαι
1457 1797 1528 1861 τῷ
1574 1792 1678 1842 ἔθει
1723 1792 1841 1842 τινὰ
1890 1795 1980 1842 καὶ
2032 1796 2190 1862 τιμᾴν
2225 1806 2269 1862 Β
2301 1787 2434 1837 πάνυ
2482 1785 2672 1857 μᾶλλον
2722 1786 2905 1857 ἕψεται
2976 1789 3182 1840 πάντων

536 1885 596 1934 τὸ
612 1887 685 1954 μὴ
713 1901 919 1954 τίμιον.
975 1876 1188 1939 Ἐπειδὴ
1247 1887 1306 1952 τῇ
1361 1887 1590 1951 μουσικῇ
1651 1879 1798 1941 τάξις
1847 1885 1936 1932 καὶ
1981 1899 2194 1951 συμφω-

537 1989 643 2037 νια,
679 1976 766 2030 καὶ
821 1973 888 2022 τὰ
941 1975 1033 2042 μὲν
1097 1972 1268 2022 πάντα
1314 1968 1365 2020 ἐν
1413 1976 1691 2041 μουσικοῖς
1740 1967 1916 2039 λόγοις
1957 1970 2191 2040 ὑπάρχει

537 2058 590 2110 ἐν
638 2056 715 2121 οἷς
766 2064 856 2112 καὶ
909 2059 1055 2120 τάξις
1110 2063 1200 2111 καὶ
1252 2063 1545 2130 συμφωνία·
1596 2059 1849 2130 ὑφαντικὴ
1935 2054 1994 2110 δε
2073 2057 2191 2110 οὕτε

536 2148 799 2220 μουσικὴν
855 2148 976 2206 ὅλην
1031 2149 1166 2219 ἔχει,
1217 2150 1334 2200 οὔτε
1387 2152 1490 2220 μὴν
1533 2146 1581 2198 ἐν
1637 2147 1728 2220 ὅλῃ
1806 2146 1966 2199 ἐστίν·
2054 2152 2190 2200 ὥστε

539 2241 871 2309 φυσικωτέρα
932 2240 1022 2310 μὶν
1075 2241 1329 2309 μουσικὴ,
1389 2233 1570 2294 ἐπειδὴ
1644 2256 1702 2288 το
1782 2238 2187 2308 καθολικώτερον

535 2327 768 2400 ὑπάρχει
795 2331 886 2379 καὶ
915 2332 1283 2398 φυσικώτερον,
1323 2329 1380 2376 τὸ
1439 2323 1499 2377 δὲ
1557 2344 1905 2397 φυσικωτερον
1961 2323 2186 2397 ἐξανάγ-

533 2434 634 2476 κης
683 2420 774 2467 καί
819 2420 1142 2487 τιμιώτερονσ
1199 2418 1231 2474 η
1277 2419 1506 2486 μουσικὴ
1562 2413 1822 2486 ἐπιστήμη
1874 2414 1978 2488 ἆρα
2059 2418 2186 2466 ταύ-

535 2525 628 2566 της
679 2501 774 2557 διὰ
818 2504 987 2557 ταῦτα
1045 2509 1350 2580 τιμιωτέρα,
1403 2506 1500 2556 Δία
1551 2513 1704 2556 τουτο
1761 2509 1830 2562 μή
1897 2502 2188 2556 ἀπατάσθω

531 2684 684 2754 lum,
715 2688 935 2739 terram
965 2688 1024 2738 et
1050 2682 1352 2738 mundum
1369 2681 1733 2750 universum,
1750 2681 1868 2738 hoc
1890 2686 2185 2739 estrerum

533 2773 795 2829 omnium
806 2787 944 2843 quae
965 2770 1114 2826 coelo
1139 2776 1198 2826 et
1223 2777 1377 2826 terra
1415 2771 2024 2841 comprehenduntur,
2047 2787 2187 2828 con-

533 2862 802 2918 cordiam
825 2867 1005 2932 atque
1035 2859 1511 2915 convenientiam
1541 2859 1791 2929 gignant
1819 2865 1877 2916 et
1923 2860 2183 2918 foveant.

533 2950 830 3022 Imprimis
885 2964 1024 3005 vero
1082 2948 1144 3003 in
1200 2963 1449 3019 corpore
1501 2957 1576 3002 s1t
1648 2953 1975 3004 concentus
2056 2950 2184 3006 ani-

531 3056 648 3096 mae
679 3046 735 3095 et
758 3043 1043 3095 materiae.
1069 3037 1333 3109 Denique
1355 3037 1605 3109 aequalis
1625 3043 1684 3093 et
1699 3037 2038 3109 inaaqualis,
2061 3037 2185 3094 albi

530 3129 780 3198 etnigri,
819 3127 963 3182 recti
986 3131 1043 3182 et
1092 3125 1467 3190 orbicularis,
1518 3126 1753 3181 minimi
1810 3132 1866 3182 et
1911 3127 2181 3199 majoris,
2213 3151 2257 3213 α

530 3217 699 3290 quod
710 3218 890 3273 etiam
902 3217 1177 3272 omnium
1192 3215 1449 3272 aliarum
1479 3231 1679 3270 rerum
1701 3217 2182 3273 convenientiam

530 3304 745 3362 efﬁcax
772 3321 957 3377 opera
969 3305 1073 3360 Dei
1092 3320 1232 3359 cum
1253 3303 1554 3374 ejusmodi
1583 3303 1794 3360 ordine
1819 3320 2182 3362 concurrens

528 3394 710 3452 hodie
735 3395 916 3450 etiam
952 3393 1150 3449 foveat
1199 3398 1258 3448 et
1305 3394 1624 3464 contineat,
1687 3401 1744 3449 et
1785 3394 1846 3448 in
1887 3395 2182 3468 principia

529 3483 990 3541 conformaverit
1031 3487 1088 3538 et
1137 3482 1524 3538 constituerit.
1569 3485 1859 3539 Praeterea
1917 3484 2182 3540 etiamin

529 3573 676 3646 ipsis
703 3572 1026 3630 materiatis
1046 3571 1344 3644 partibus,
1371 3587 1589 3643 nempe
1618 3572 1680 3627 in
1707 3573 2058 3628 humoribus
2091 3578 2181 3631 est

522 3661 800 3734 poportio
825 3665 882 3716 et
908 3660 1080 3716 ordo.
1119 3659 1233 3716 Sed
1253 3659 1369 3715 hoc
1398 3659 1693 3732 imprimis
1768 3661 2039 3716 mirabile
2087 3667 2178 3717 est

520 3750 584 3806 in
614 3749 801 3806 animi
830 3749 1099 3821 partibus
1137 3748 1412 3804 ordinem
1446 3750 1643 3804 inesse
1680 3756 1738 3804 et
1792 3755 2174 3817 concentum,

523 3844 781 3908 utextra
809 3837 1098 3892 terminos
1131 3853 1274 3892 suos
1323 3841 1381 3892 et
1424 3837 1575 3892 ﬁnes
1604 3852 1728 3892 non
1759 3839 2051 3894 excedant
2072 3843 2178 3896 aut

520 3927 816 3983 decedant
843 3932 948 3982 aut
974 3925 1398 3981 dissolvantur.

593 4021 652 4074 3.
690 4019 884 4082 Quare
913 4014 1060 4070 nihil
1084 4021 1172 4070 est
1207 4014 1374 4087 quod
1424 4014 1505 4070 ad
1566 4021 1846 4072 naturam
1885 4033 2007 4072 non
2029 4017 2175 4073 refe-

520 4112 706 4163 ratur.
723 4105 1010 4171 Quamvis
1028 4112 1228 4160 autem
1249 4107 1459 4160 omnia
1471 4110 1685 4162 natura
1700 4105 1836 4178 ipsa
1848 4107 2172 4176 contineat,

523 4201 664 4250 sunt
689 4201 890 4250 tamen
914 4194 1196 4265 quaedam
1221 4208 1358 4264 quae
1387 4195 1582 4264 magis
1613 4196 1941 4263 genuinam
1961 4196 2040 4250 ad
2071 4211 2173 4249 na-

521 4290 712 4339 turam
734 4282 961 4339 habent
979 4282 1350 4348 relationem,
1373 4283 1654 4358 quaedam
1675 4285 1850 4339 etiam
1877 4290 2018 4337 sunt
2037 4300 2174 4354 quin

519 4372 757 4443 longius
788 4389 825 4428 a
843 4378 1059 4428 natura
1086 4372 1328 4428 distant.
1357 4373 1626 4429 Textoria
1647 4374 1812 4428 enim
1836 4378 1928 4426 est
1995 4371 2175 4427 alicu-

513 4463 617 4532 jus
647 4478 795 4518 usus
814 4462 879 4517 in
910 4477 1238 4518 communa
1262 4462 1538 4518 omnium
1565 4464 1868 4530 societate,
1901 4459 2008 4515 sed
2049 4475 2174 4516 non

520 4552 667 4608 tanti
687 4551 897 4624 quanti
915 4557 1006 4606 est
1030 4551 1284 4607 musica.
1317 4550 1536 4605 Verum
1575 4547 1913 4604 cavendum
1960 4554 2047 4605 est
2097 4565 2173 4605 ne
2203 4558 2250 4613 D

521 4656 628 4714 per
645 4641 1143 4697 consuetudinem
1161 4640 1224 4694 in
1236 4654 1500 4694 errorem
1519 4637 1903 4706 inducamur,
1933 4643 1992 4695 et
2005 4639 2174 4711 quod

517 4746 642 4786 non
668 4735 759 4786 est
782 4729 1124 4797 colendum,
1156 4727 1452 4783 colamus.
1474 4725 1774 4791 Quoniam
1809 4729 1970 4784 enim
2020 4722 2170 4784 ordo

517 4825 576 4876 et
604 4827 931 4876 concentus
953 4821 1106 4874 inest
1126 4817 1189 4871 in
1226 4815 1461 4870 musica
1481 4820 1537 4869 et
1565 4815 1773 4870 omnia
1799 4817 2043 4872 musicis
2076 4834 2172 4875 ra-

517 4910 780 4966 tionibus
804 4908 1185 4965 continentur
1203 4905 1265 4960 in
1287 4904 1510 4975 quibus
1542 4906 1697 4961 inest
1719 4907 1868 4962 ordo
1912 4913 1969 4963 et
2020 4924 2168 4964 con-

517 5005 725 5056 centus
753 5017 767 5066 ;
795 4996 1045 5054 textoria
1071 4999 1275 5050 autem
1303 5008 1500 5066 neque
1524 4995 1822 5051 musicam
1850 5001 2036 5053 totam
2065 4998 2167 5054 ha-

516 5089 637 5154 bet,
663 5085 937 5158 nequein
967 5088 1089 5139 tota
1107 5088 1195 5137 est
1225 5082 1476 5154 musica,
1507 5083 1731 5140 idcirco
1756 5087 1987 5142 musica
2033 5102 2168 5158 pro-

516 5177 653 5249 pius
665 5174 743 5230 ad
754 5179 1035 5230 naturam
1047 5171 1296 5240 accedit,
1309 5174 1798 5246 quandoquidem
1811 5176 2047 5231 musica
2058 5181 2165 5239 est,

515 5263 712 5332 magis
739 5261 1097 5316 universalis
1113 5266 1170 5316 et
1188 5259 1390 5315 idinco
1412 5259 1755 5333 diligentius
1780 5263 2034 5320 colenda
2053 5269 2164 5335 est,

518 5358 576 5410 et
603 5351 819 5420 majori
841 5351 902 5406 in
926 5353 1116 5422 pretio
1136 5350 1421 5408 habenda
1447 5369 1634 5426 quam
1652 5359 1919 5411 textoria.
1946 5356 2167 5420 Quam-

515 5441 728 5500 obrem
755 5441 982 5497 nemini
999 5441 1272 5514 imponat
1294 5446 1400 5497 aut
1436 5443 1809 5500 consuetudo
1861 5449 1966 5500 aut
2019 5443 2167 5500 rela-

515 5530 622 5598 tio,
647 5534 752 5586 aut
781 5529 911 5587 alia;
939 5546 1140 5588 rerum
1164 5546 1349 5604 supra
1377 5537 1991 5590 commemoratarum
2025 5548 2166 5606 pro-

512 5617 819 5691 prietates,
855 5625 960 5682 aut
980 5621 1243 5694 denique
1259 5619 1696 5694 proprietatum
1722 5619 1855 5680 alia:
1899 5622 2170 5696 proprie-

2315 551 2414 594 τῶν
2453 544 2752 617 εἰρημένων,
2793 551 2882 597 καὶ
2949 545 2997 597 ἐν
3043 546 3230 619 ἑτέροις
3295 554 3518 602 τουτῶνὶ
3567 559 3671 602 τῶν
3747 548 3990 624 ἰδιωμά-

2313 649 2412 682 των
2446 628 2749 704 ἰδιώμασιν.
2810 632 2966 686 Ἔστι
3021 637 3122 710 ’γὰρ
3171 631 3657 710 διακεχωρισμένον
3710 643 3772 691 τὸ
3839 644 3988 710 φύσει

2310 727 2400 770 τοῦ
2455 723 2593 773 θέσει
2643 741 2697 774 τε
2744 727 2834 775 καὶ
2887 730 2979 775 τοῦ
3019 727 3227 797 κράσει.
3297 724 3554 800 ’Υπάρχει
3594 735 3726 798 γοῦν
3817 733 3987 801 τίμιον

3043 809 3384 886 Φιλαδελφείᾳ
3468 819 3528 866 τὸ
3613 835 3978 873 σκυτευτικον.

2313 901 2412 950 Καὶ
2442 899 2521 949 ὃτι
2547 901 2638 970 μὲν
2697 899 2788 951 οὖν
2837 905 2926 952 καὶ
2981 903 3040 951 τὸ
3099 906 3434 954 σκυτευτικόν
3503 909 3826 975 συνίστησι,
3887 913 3977 959 πό-

2308 983 2426 1046 λεως
2451 991 2606 1061 μέρος
2645 986 2807 1042 ἐστίν.
2864 987 3019 1041 Ἐστι
3069 985 3128 1042 δὲ
3182 989 3345 1048 πολλή
3397 999 3509 1043 τοῖν
3557 989 3712 1045 δυοῖν
3761 997 3795 1053 ἠ
3866 991 3974 1047 δια-

2308 1077 2459 1148 φορά·
2491 1079 2547 1127 τὸ
2600 1079 2692 1147 μεν
2727 1079 2829 1148 γὰρ
2887 1073 3128 1149 διαιροῦν
3182 1081 3364 1149 φύσεις
3410 1084 3500 1132 καὶ
3543 1079 3713 1146 ἑνοῦν,
3771 1087 3865 1135 καὶ
3899 1087 3961 1144 ὡς

2307 1164 2543 1216 ὁπωσοῦν
2608 1169 2681 1237 μὴ
2736 1164 2816 1217 ἑόν
2869 1185 2921 1218 τι
2973 1171 3124 1240 μέρος
3204 1166 3614 1242 ἀνεξερεύνητον,
3699 1171 3820 1246 εὗρε
3890 1178 3968 1225 καί

2303 1255 2399 1308 τὴν
2447 1257 2811 1320 σκυτευτικὴν,
2856 1256 3002 1328 εὑρὸν
3047 1252 3107 1308 δὲ
3165 1262 3521 1330 φυσιοτροπίᾳ
3592 1267 3655 1331 τῇ
3687 1263 3832 1312 κατὰ
3891 1261 3962 1312 λό-

2303 1359 2394 1410 γον
2450 1338 2748 1414 διήρθρωσε
2801 1342 2970 1409 τάξιν,
3031 1350 3342 1404 σκυτευτικὴ
3395 1342 3457 1398 δε
3530 1347 3650 1400 οὔτε
3723 1349 3964 1418 φυσιολο-

2302 1433 2367 1499 γὴ
2381 1447 2523 1481 σασα
2575 1426 2686 1502 εὗρε
2731 1437 3049 1499 τεκτονικὴν,
3115 1435 3233 1486 οὔτε
3281 1430 3538 1487 διελοῦσα
3571 1442 3957 1510 χρυσοχοείαν.

3355 1534 3718 1594 σκυτευτικῆς,
3795 1526 3970 1580 "non:

2304 1615 2648 1670 ωιυτευτικῆς
2674 1612 2764 1680 μὲν
2821 1608 3194 1682 ἀφανισθείσης
3241 1615 3392 1682 ἴσως,
3446 1613 3543 1666 οὐκ
3593 1613 3652 1665 ἆν
3712 1620 3844 1667 ποτε
3896 1636 3974 1678 τις

2302 1699 2418 1769 sim!)
2477 1696 2732 1770 ἐφθάρθαι
2787 1701 2880 1761 τὰς
2927 1699 3121 1760 πόλεις’
3190 1699 3472 1775 φιλοσοφίᾳ
3541 1699 3604 1756 δε
3679 1707 3829 1757 κατὰ
3918 1710 3970 1758 τὸ

3277 1791 3463 1862 φθορά.
3536 1789 3758 1850 Ἐπειδὴ
3825 1789 3889 1846 δε
3940 1796 3965 1852 ἡ

2298 1877 2493 1935 ταύτης
2539 1876 2705 1947 φθορά
2770 1883 2869 1926 τῶν
2934 1875 3176 1928 πλειόνων
3223 1874 3337 1930 ἐστὶ
3391 1880 3580 1951 φθορὰ,
3637 1878 3859 1952 ἀνάγκα
3898 1902 3965 1934 ιο-

2310 814 2507 882 Νικαίᾳ
2572 813 2631 862 τὸ
2671 811 2963 883 φιλόσοφον,

2302 1519 2456 1590 ἄμφω
2507 1521 2606 1594 ’γὰρ
2675 1519 3001 1592 φιλοσοφίας,
3058 1527 3149 1574 καὶ
3197 1522 3256 1574 οὐ

2297 1967 2423 2036 τέρα
2457 1968 2546 2015 καὶ
2574 1967 2818 2038 κρείττων
2857 1962 2992 2018 ἐστί.

2371 2047 2438 2105 δ’.
2497 2059 2582 2104 Δεῖ
2622 2060 2748 2122 γοῦν
2791 2055 2894 2106 ἔθει
2939 2058 3012 2126 μή
3065 2053 3392 2108 ἀπατᾶσθαι·
3450 2053 3604 2110 οὐδὲν
3670 2062 3778 2132 γὰρ
3865 2057 3968 2113 διί-

2300 2141 2465 2193 στειλε
2518 2146 2614 2200 τὴν
2681 2139 2838 2204 δόξαν
2889 2152 2990 2195 τῶν
3047 2143 3242 2197 πόλεών
3297 2165 3352 2198 τι
3408 2150 3439 2204 ἤ
3505 2149 3642 2219 ἔθος,
3702 2152 3766 2200 τὸ
3799 2146 3963 2202 δεινόν

2298 2229 2483 2302 ἀρετῆς
2538 2236 2626 2282 καὶ
2685 2237 2870 2293 κακίας
2925 2236 3159 2306 ὄργανον.
3206 2235 3274 2286 Αἱ
3481 2235 3570 2287 οὖν
3633 2238 3821 2309 ἄμφω,
3885 2260 3966 2312 φι-

2295 2319 2515 2392 λοσοφία
2569 2326 2658 2372 καὶ
2687 2327 3019 2388 σκυτευτικὴ,
3077 2315 3298 2394 φύσεως,
3394 2321 3634 2399 διαφέρει
3737 2323 3801 2380 δὲ

2296 2411 2562 2481 ἀναγκαίῳ
2591 2416 2782 2480 καὶτῷ
2821 2415 2892 2482 μὴ
2943 2412 3022 2464 ἀεὶ
3074 2409 3364 2484 ἀναγκαίῳ.
3427 2412 3550 2466 Ὀτι
3604 2411 3666 2468 δε
3738 2427 3968 2490 τιμᾶται

2296 2506 2358 2570 τῇ
2419 2501 2509 2571 μεν
2564 2503 2621 2550 τὸ
2693 2499 2848 2571 (sic),
2904 2507 2966 2572 τῇ
3029 2496 3079 2552 δ’
3159 2504 3244 2568 οὗ,
3308 2503 3604 2565 συνηθείας
3694 2506 3864 2579 ἄμφω
3921 2505 3976 2562 δε

3908 2350 3970 2398 τερ

2297 2681 2464 2732 tates.
2499 2680 2597 2733 Est
2623 2677 2779 2732 enim
2793 2677 3134 2734 distinctum
3157 2682 3216 2735 et
3233 2684 3577 2752 separatum
3593 2681 3770 2748 illud,
3796 2686 3975 2758 quod

2294 2771 2512 2822 natura
2540 2774 2774 2823 constat
2802 2767 2880 2824 ab
2902 2784 2994 2836 eo,
3022 2768 3192 2841 quod
3221 2770 3519 2842 positione
3549 2776 3608 2826 et
3664 2777 3973 2844 tempera-

2295 2856 2453 2911 tione
2487 2862 2743 2914 constat.
2800 2857 3010 2912 Nicaaaa
3053 2858 3232 2928 igitur
3274 2857 3664 2933 philosophia
3712 2859 3959 2932 colitur,

2293 2943 2720 3016 Philadelphiae
2752 2962 2850 3002 ars
2880 2945 3158 3003 coriaria.
3201 2949 3353 3003 Nam
3404 2953 3464 3004 et
3507 2948 3759 3004 coriaria
3799 2943 3963 3022 quia

2291 3037 2525 3104 partem
2553 3033 2809 3089 civitatis
2828 3032 3160 3106 aliquando
3182 3035 3509 3102 constituit,
3537 3037 3801 3093 civitatis
3811 3054 3970 3111 pars

2291 3122 2538 3176 dicetur.
2571 3123 2668 3176 Est
2708 3127 2910 3178 autem
2955 3138 3182 3193 magna
3227 3123 3552 3180 ambarum
3595 3123 3967 3181 facultatum

2291 3211 2663 3267 differentia:
2695 3228 2841 3267 nam
2878 3213 3046 3284 quod
3093 3213 3434 3270 universam
3479 3220 3773 3270 naturam
3835 3231 3969 3288 per-

2291 3306 2452 3356 meat
2478 3305 2536 3356 et
2570 3301 2829 3371 copulat,
2867 3308 2929 3357 ut
2974 3301 3073 3357 cui
3137 3301 3305 3359 nulla
3350 3319 3492 3374 pars
3551 3308 3643 3359 est
3697 3309 3970 3374 naturae,

2289 3403 2669 3460 quaecunque
2696 3389 2945 3445 tandem
2992 3390 3066 3446 sit
3121 3391 3721 3463 impervestigabilis,
3766 3400 3972 3450 artem

2291 3478 2605 3534 coriariam
2633 3480 2871 3552 reperit,
2902 3479 3210 3536 inventam
3239 3481 3436 3537 dende
3461 3482 3728 3538 naturali
3772 3484 3975 3542 modo

2288 3575 2449 3624 certa
2474 3569 2705 3625 ratione
2725 3569 3127 3626 conformavit
3151 3577 3209 3628 et
3239 3572 3558 3627 constituit.
3590 3579 3663 3628 At
3710 3589 3821 3630 ars
3878 3591 3975 3632 co-

2285 3657 2485 3729 riaria,
2517 3674 2715 3730 neque
2741 3659 2794 3714 vi
2824 3659 3116 3716 naturalis
3145 3661 3408 3716 scientiae
3437 3660 3718 3717 fabrilem
3741 3669 3977 3730 artem,

2285 3764 2482 3820 neque
2521 3748 2575 3803 vi
2627 3748 3024 3804 distinctionis
3067 3757 3259 3806 artem
3312 3749 3635 3808 auriﬁcum
3677 3757 3920 3826 reperit
3949 3774 3968 3827 ;

2285 3844 2540 3910 utraque
2559 3839 2721 3893 enim
2741 3844 2830 3893 est
2850 3838 3249 3912 philosophiae
3271 3845 3328 3895 et
3347 3855 3472 3896 non
3489 3841 3636 3897 artis
3657 3844 3970 3901 ceriaria.

2285 3929 2479 3993 Quare
2509 3927 2746 3982 sublata
2766 3927 2840 3982 de
2888 3928 3081 3984 medio
3133 3929 3410 3999 coriaria,
3464 3945 3650 3986 nemo
3701 3931 3961 3990 fortasse

2281 4015 2512 4084 dixerit,
2564 4016 2829 4072 civitates
2874 4017 3162 4073 interiisse
3207 4037 3226 4090 ;
3279 4018 3386 4074 sed
3430 4018 3479 4073 si
3560 4018 3954 4095 philosophia

2282 4105 2604 4172 tolleretur,
2636 4106 2836 4178 potius
2857 4107 3106 4162 omnino
3136 4112 3486 4178 sequeretur
3533 4109 3817 4166 omnium
3850 4125 3936 4163 re-

2282 4211 2419 4251 rum
2443 4196 2734 4250 interitus.
2765 4197 3060 4259 Quoniam
3081 4201 3284 4252 autem
3305 4196 3723 4270 philosophia
3754 4198 3941 4254 interi-

2283 4287 2380 4339 tus
2427 4284 2690 4356 plurium
2720 4289 2808 4339 est
2853 4284 3137 4352 interitus,
3171 4285 3556 4358 philosophia
3606 4294 3707 4343 est
3765 4288 3955 4344 multo

2286 4375 2480 4442 magis
2504 4374 2869 4442 necessaria,
2891 4373 3202 4445 multoque
3244 4376 3689 4447 praestanstior.

2353 4465 2406 4515 4.
2438 4461 2777 4517 Cavendum
2795 4462 2973 4534 igitur
2993 4478 3067 4518 ne
3087 4465 3523 4520 consuetudine
3544 4464 3959 4538 decipiamur.

2283 4549 2452 4604 Nulla
2479 4550 2640 4605 enim
2668 4549 2786 4606 alia
2804 4566 2896 4606 res
2933 4551 3131 4606 studia
3177 4551 3436 4620 diversa,
3488 4556 3964 4628 sententiasque

2281 4639 2551 4695 diversas
2581 4639 2834 4696 diversis
2886 4641 3226 4698 civitatibus
3277 4643 3496 4708 attulit,
3550 4659 3757 4716 quam
3822 4662 3967 4702 con-

2280 4730 2534 4786 suetudo
2561 4746 2700 4802 qua:
2729 4735 2817 4785 est
2862 4730 3090 4786 virtutis
3143 4735 3200 4787 et
3259 4731 3385 4787 vitii
3441 4730 3958 4791 efﬁcacissimum

2275 4820 2761 4874 instrumentum.
2791 4819 3000 4876 Ambae
3029 4821 3228 4890 igitur,
3255 4836 3519 4893 nemque
3553 4822 3961 4898 philosophia

2277 4915 2334 4965 et
2357 4925 2456 4964 ars
2492 4909 2744 4966 coriaria
2771 4914 2912 4965 sunt
2937 4916 3192 4980 naturae,
3226 4911 3334 4966 sed
3353 4909 3643 4967 differunt
3673 4929 3756 4970 eo
3789 4914 3964 4987 quod

2275 4997 2376 5054 illa
2407 4999 2482 5054 sit
2509 4998 2870 5066 necessaria,
2901 4999 3034 5055 haec
3063 5014 3206 5055 vero
3228 5015 3358 5055 non
3377 5001 3760 5058 necessaria~
3784 5001 3964 5068 Quod

2275 5092 2477 5143 autem
2501 5086 2630 5142 haec
2659 5086 2879 5142 alicubi
2928 5087 3162 5152 colitur,
3209 5087 3312 5144 illa
3344 5103 3483 5144 vero
3536 5087 3778 5146 alicubi
3834 5106 3962 5146 non

2277 5177 2506 5244 colitur,
2550 5182 2640 5232 est
2691 5175 3201 5245 consuedudinis;
3251 5177 3449 5233 ambae
3497 5178 3684 5246 enim,
3730 5195 3960 5252 nempe

2275 5265 2660 5338 philosophia
2689 5271 2747 5321 et
2771 5283 2870 5322 ars
2897 5267 3150 5323 coriaria
3180 5272 3322 5323 sunt
3338 5272 3589 5323 naturae.
3628 5270 3756 5324 Sed
3784 5272 3849 5326 in
3877 5269 3959 5324 ci-

2275 5355 2558 5411 vitatibus
2579 5355 2878 5424 coluntur,
2899 5361 3079 5428 prout
3103 5356 3350 5412 interior
3378 5356 3646 5412 incitatio
3677 5364 3744 5414 et
3789 5357 3968 5414 incli-

2273 5445 2438 5501 natio
2459 5448 2548 5500 est
2566 5444 2763 5514 magis
2785 5444 3095 5512 naturalis,
3129 5450 3236 5501 aut
3257 5461 3296 5500 a
3314 5446 3762 5517 temperatione
3815 5463 3971 5520 pro—

2272 5533 2450 5591 tecta.
2479 5536 2703 5590 Natura
2726 5534 2888 5590 enim
2917 5549 3132 5590 omnes
3151 5535 3488 5606 comparati
3519 5540 3664 5591 sunt
3683 5536 3774 5592 ad
3823 5537 3976 5606 phi-

2271 5622 2606 5696 losophiam
2634 5627 2740 5680 aut
2761 5621 2844 5680 ad
2871 5622 3185 5681 coriariam
3203 5628 3408 5682 artem.
3427 5622 3690 5682 Sedﬁeri
3708 5628 3974 5699 nequit.
