4130 6396
256 321 399 377 1349

1131 317 1487 376 THEODORI
1528 308 1577 370 Π
1616 314 1750 370 1MP.
1795 310 1886 366 DE
1924 307 2386 365 COMMUNIONE
2422 298 2808 368 NATURALI.

3541 313 3680 377 i350

282 453 374 506 τῆς
410 447 632 518 φύσεως,
681 446 815 496 κατά
873 447 1230 516 φυσικωτέρων
1274 444 1440 514 ὁρμήν
1508 437 1566 493 δὲ
1612 443 1702 490 καὶ
1731 453 1891 488 καταε-
1945 432 1994 485 Α
2048 436 2145 489 τὴν
2199 428 2474 506 διαφορὰν,
2537 435 2705 486 πάντα
2753 431 2813 486 δὲ
2858 433 3149 507 ἐπιστήμης
3175 436 3216 470 ⁸·
3267 447 3500 493 κοινωνεῖ
3547 463 3651 518 γαρ

281 538 512 610 κράσεως
605 535 772 606 ὁρμήν
861 540 976 593 ταῖς
1028 532 1210 585 πόλεσι
1275 538 1558 604 τιμώμενα.
1617 530 1890 598 Πεφύκασι

279 627 382 698 γὰρ
468 619 690 694 δυνάμει
747 624 935 682 πάντες
1004 621 1274 693 φιλόσοφοι
1335 622 1364 678 ἡ
1425 622 1608 678 πάντες
1663 623 1885 676 σκυτεῖς,

281 710 538 764 ἀδύνατον
572 708 632 763 δὲ
668 715 728 762 1'6
757 713 893 762 κατά
946 713 1099 762 ποιάν
1138 705 1444 767 οιανδήτινα
1500 713 1687 779 κρᾶσιν
1753 724 1888 777 κρα-

282 803 362 854 θὲν
419 797 621 875 ῥᾳδίως
680 798 1045 856 ἀλλοιωθῆναι.
1109 799 1234 850 Κατ’
1280 798 1466 857 αὐτοὺς
1523 793 1582 848 δὲ
1627 797 1747 855 τοὺς
1795 793 1887 844 λο-

277 909 404 960 γους
451 894 543 942 καὶ
593 893 890 961 στρατηγία
950 892 1040 939 καὶ⁹
1094 887 1352 958 ἐλαχίστη
1436 890 1596 958 τέχνη
1670 883 1794 940 οἶλλη
1851 883 1882 939 ἠ

281 998 562 1052 συγκρισις
592 980 730 1030 κατὰ
765 985 946 1050 χεῖρον
1011 977 1146 1028 οὖσα
1210 981 1300 1028 καὶ
1357 981 1609 1050 κρεῖττον,
1661 969 1765 1024 οἷον
1793 974 1888 1032 τὰς

277 1071 366 1140 μεν
410 1067 583 1129 πόλεις
628 1071 719 1118 καὶ
779 1068 846 1118 τὰ
897 1067 1014 1122 ἔθνη
1074 1069 1133 1117 τό
1202 1067 1572 1138 στρατιωτικόν
1621 1061 1884 1134 φυλάττει,

275 1161 334 1210 τό
377 1159 672 1229 ποιμενικὸν
705 1152 764 1208 δὲ
793 1155 899 1226 οὐχ
948 1155 1133 1216 οὕτως.
1188 1154 1378 1207 Πολλαὶ
1431 1156 1534 1224 γὰρ
1582 1157 1653 1224 μὴ
1703 1169 1886 1208 κτηνο-

275 1254 565 1321 τροφοῡσαι
618 1244 755 1305 ζῶσι
809 1248 902 1295 καὶ
952 1247 1198 1316 μένουσιν
1250 1264 1262 1275 ο
1317 1239 1440 1294 οὐδὲ
1491 1246 1589 1310 μία
1633 1237 1690 1292 δὲ
1743 1237 1883 1290 ἐστιν

277 1333 646 1408 ἀστράτευτος,
699 1334 804 1385 οἷον
893 1331 1147 1390 Μιλήσιοι
1203 1332 1262 1383 οὗ
1328 1329 1594 1404 βουκόλοι,
1649 1332 1883 1402 ἔμπειροι

277 1421 338 1478 δὲ
417 1428 739 1496 ναυμαχίας,
811 1427 902 1474 καὶ
973 1426 1162 1496 μυρίαι
1233 1421 1400 1480 πόλεις
1463 1421 1648 1491 ἕτεραι.
1721 1415 1883 1470 Ὠστε

277 1517 548 1571 σκόπησον
579 1513 604 1564 ὀ
643 1509 944 1584 διακρίνων.
992 1509 1053 1562 Ἠ
1110 1513 1200 1582 μὲν
1247 1514 1348 1584 γὰρ
1406 1509 1649 1561 πλειόνων
1709 1503 1879 1559 δεῖται

271 1600 437 1673 λόγων
503 1601 824 1674 φιλοσοφίας,
885 1605 974 1652 καὶ
1027 1599 1268 1652 πλειόνων
1322 1599 1758 1669 ἐπιτυγχάνουσα
1796 1599 1872 1654 εἵη

268 1689 329 1742 ἂν
369 1692 474 1744 οἷον
518 1695 608 1743 καὶ
668 1693 1000 1764 φυσικωτέρα
1054 1695 1144 1741 καὶ
1199 1692 1459 1762 τιμωτέρα
1505 1686 1701 1739 πολλῶν
1753 1682 1874 1739 δεο-

2051 527 2122 581 εῖς
2161 525 2254 578 τήν
2310 517 2555 573 παιδείαν
2613 522 2798 575 ἅπασα
2843 528 3025 595 τέχνη,
3085 528 3156 587 ὡς
3209 523 3258 578 ἓν
3313 547 3417 580 τινι
3462 517 3651 605 κέντρῲ

2047 607 2260 676 κύκλου,
2296 609 2368 670 εἰς
2419 609 2443 660 ὃ
2490 616 2661 662 πᾶσαι
2726 616 3108 684 προπίπτουσιν
3167 615 3221 665 αἱ
3268 613 3323 666 ἐκ
3369 625 3462 678 τῆς
3508 637 3652 691 περι-

2050 702 2252 769 φερείας
2336 698 2698 771 εἰσερχόμεναι
2752 699 2964 755 εὐθεῖαι.
3027 701 3181 756 Ἀλλά
3237 709 3326 756 καὶ
3382 714 3445 778 τῇ
3498 711 3651 779 φύσει

2047 792 2196 838 πᾶσα
2231 792 2422 861 κρᾶσις
2461 787 2660 839 ἐνουται
2703 786 2888 863 κράσει
2940 794 3075 842 κατά
3125 795 3211 843 τόν
3269 793 3426 845 αὐτὸν
3473 794 3643 868 λόγον,

2052 878 2136 926 καὶ
2190 875 2283 926 οὐκ
2332 878 2444 928 ἔστι
2492 896 2543 927 τι
2595 880 2651 928 τὸ
2696 885 2767 950 μή
2825 882 3044 950 φύσεως,
3109 884 3199 932 καὶ
3252 880 3346 933 οὐκ
3411 885 3522 936 ἔστι
3567 882 3648 948 τις

2046 965 2206 1034 τέχνη
2239 969 2311 1034 μὴ
2357 961 2494 1017 οὖσα
2544 962 2810 1033 παιδείας,
2862 967 2977 1038 ἔχει
3042 964 3101 1019 δὲ
3145 971 3214 1030 ὡς
3264 977 3412 1024 πᾶσα
3458 979 3650 1046 κρᾶσις

2045 1057 2313 1105 κοινωνίαν
2358 1059 2447 1105 καὶ
2499 1050 2784 1114 διαστολὴν
2828 1053 2885 1107 ἐκ
2936 1059 3191 1131 κράσεων,
3243 1059 3376 1112 οὕτω
3427 1057 3495 1121 δή
3554 1067 3647 1117 καὶ

2045 1141 2129 1192 ἐπὶ
2192 1150 2292 1193 τῶν
2367 1151 2566 1213 τεχνῶν
2608 1149 2872 1195 κοινωνίαι
2928 1149 3017 1197 καὶ
3063 1142 3343 1200 διαστολαί
3396 1167 3410 1184 ·
3455 1149 3646 1222 μᾶλλον

2043 1232 2145 1303 γὰρ
2197 1234 2529 1304 ναυμαχικόν
2586 1231 2828 1304 συγγενὲς
2876 1241 2969 1285 τοῦ
3025 1235 3242 1288 ἱππικοῦ
3273 1237 3303 1295 ἦ
3345 1239 3642 1310 ὑφαντικόν,

2042 1324 2132 1370 καὶ
2201 1319 2549 1390 χαλκευτικῆς
2618 1323 2649 1379 ἡ
2737 1321 3017 1394 μεταλλική
3072 1324 3102 1382 ἦ
3163 1331 3463 1398 ποιμενικὴ,
3555 1333 3646 1382 καὶ

2041 1406 2206 1458 ἄλλων
2230 1407 2400 1465 οἶλλαι.
2428 1415 2594 1467 Τοῦτο
2624 1406 2684 1462 δὲ
2739 1416 2829 1462 καὶ
2893 1412 2978 1463 ἐπὶ
3029 1418 3126 1472 τῆς
3173 1416 3368 1484 φύσεως
3413 1420 3640 1484 νοητέον,

2040 1497 2110 1557 ὡς
2191 1501 2280 1549 καὶ
2361 1495 2408 1550 ἓν
2469 1506 2586 1560 ταῖς
2625 1507 2817 1572 χυμῶν
2864 1499 3070 1572 μίξεσιν
3126 1503 3330 1574 εἴρηται
3386 1509 3476 1556 καὶ
3527 1512 3645 1568 ταῖς

2037 1593 2137 1637 τῶν
2161 1591 2461 1658 στοιχείων,
2502 1585 2657 1660 Ἔχει
2714 1585 2776 1640 δε
2830 1595 2932 1641 πᾶν
2986 1593 3018 1640 ὅ
3068 1609 3120 1642 τι
3170 1594 3229 1642 τό
3287 1595 3508 1664 φύσεως,
3573 1597 3644 1658 ὡς

2037 1677 2256 1745 εἴρηται,
2317 1680 2619 1748 συμφωνίαν
2672 1681 2764 1728 καὶ
2812 1680 3020 1748 σχέσιν.
3073 1684 3351 1751 Συμφωνία
3401 1683 3504 1755 γὰρ
3551 1687 3641 1736 καὶ

265 1784 389 1852 μένη
454 1779 763 1852 φιλοσοφίας
826 1784 1027 1852 τρόπων
1084 1783 1174 1830 καὶ
1223 1777 1441 1836 πολλοὺς
1480 1779 1706 1848 ἔχουσα,
1758 1771 1871 1827 δεῖ..
1937 1785 1975 1837 Β
2037 1767 2226 1835 σχέσις
2264 1768 2460 1837 κόσμον
2485 1769 2574 1817 καὶ
2608 1765 2754 1817 πόλιν
2806 1770 2897 1818 καὶ
2952 1772 3131 1839 κώμην
3178 1772 3268 1820 καὶ
3320 1767 3460 1821 οἶκον
3517 1790 3642 1822 συν-

260 1889 348 1921 ται
388 1865 448 1921 δὲ
489 1873 580 1920 καὶ
621 1870 651 1926 ἡ
708 1867 858 1938 ἄλλη,
900 1867 1033 1926 πλήν
1091 1865 1198 1918 ἀλλ’
1247 1867 1354 1937 οὐχ
1393 1867 1572 1934 οὕτως,
1627 1867 1761 1924 ᾧστε
1813 1868 1871 1916 τό

256 1961 384 2030 πρὸς
433 1961 529 2016 τήν
614 1956 912 2028 ἐπιστήμην
992 1955 1284 2018 πλησιάζον
1328 1963 1510 2007 πασῶν
1568 1953 1870 2026 ἐπιστημῶν

257 2052 347 2099 καὶ
420 2054 620 2117 τεχνῶν
689 2046 922 2118 ὑπάρχει
995 2050 1083 2096 καὶ
1149 2051 1472 2117 τιμιώτερον.
1527 2046 1584 2097 Ei.
1640 2046 1730 2115 μὲν
1781 2042 1869 2094 οὖν

258 2134 462 2198 ἀνάξεις
517 2137 708 2203 πάντα,
768 2135 1006 2206 εὑρήσεις
1062 2133 1122 2184 ἂν
1177 2134 1426 2196 ἐξετάσων
1481 2133 1547 2194 εἰς
1611 2137 1705 2190 τήν
1744 2133 1868 2184 καθ-

263 2224 382 2276 όλου
413 2221 678 2290 παιδείαν,
709 2227 778 2283 ὡς
804 2226 1030 2298 εἴρηται,
1065 2221 1375 2293 ἀναγόμενα.

335 2311 387 2368 ε’.
421 2316 655 2366 Μάταιον
697 2309 756 2364 δὲ
813 2311 860 2364 ἓν
919 2312 1137 2364 ἕκαστον
1196 2310 1470 2377 ἐξετάζειν,
1522 2312 1630 2363 ἀλλ’
1683 2313 1738 2362 ἔκ
1793 2331 1868 2362 τι-

260 2423 357 2454 νων
385 2405 556 2453 πάντα
603 2409 753 2456 νοεῖν,
814 2397 968 2473 Ἴδης
1027 2397 1086 2453 δὲ
1143 2402 1314 2452 πάντα
1366 2400 1663 2472 ἐπιστήμης
1723 2405 1865 2470 ὄντα,

262 2497 566 2564 τιμιώτερα,
619 2489 921 2565 ἀτιμότερα,
977 2494 1163 2562 χείρω,
1204 2494 1440 2563 κρείττω,
1501 2495 1590 2541 καὶ
1646 2492 1866 2542 κατὰτὸ

265 2577 376 2632 ἶσον
429 2585 520 2632 καὶ
573 2585 633 2632 τό
689 2581 891 2645 ἄνισον,
946 2579 974 2637 ἦ
1031 2579 1269 2630 ἐπιτάσει
1321 2583 1410 2630 καὶ
1467 2577 1637 2631 ἀνέσει
1676 2581 1868 2651 ἔχοντα

229 2816 297 2867 ut
321 2811 487 2884 quod
516 2809 723 2881 aliqua
747 2809 1179 2876 temperatione
1227 2807 1548 2879 praeditum
1587 2814 1693 2874 est,
1718 2809 1890 2866 facile

225 2900 596 2956 immutetur.
641 2898 862 2954 Eodem
895 2897 1077 2952 modo
1113 2913 1211 2952 ars
1259 2898 1648 2968 imperatoria
1689 2904 1747 2954 et
1783 2899 1893 2954 mi-

227 2989 399 3044 nima
429 3003 525 3043 ars
555 2987 942 3044 conferuntur
964 2987 1115 3041 inter
1148 3001 1232 3051 se,
1257 3001 1330 3041 ex
1351 3001 1444 3053 eo,
1476 2987 1642 3058 quod
1665 2987 1794 3042 hsec
1816 2989 1890 3043 sit

229 3075 492 3141 inferior,
517 3075 615 3132 illa
639 3075 1033 3148 praestantior.
1078 3077 1146 3130 Ut
1169 3091 1265 3130 ars
1314 3075 1580 3130 militaris
1625 3077 1892 3133 civitates

227 3171 289 3221 et
316 3171 519 3236 gentes
554 3169 892 3232 conservat,
928 3163 1032 3219 sed
1050 3179 1148 3220 ars
1198 3164 1506 3235 pastoritia
1537 3180 1654 3219 non
1694 3165 1836 3220 item
1875 3183 1888 3233 ;
1925 3202 1965 3255 Ο

227 3255 435 3310 multae
465 3255 624 3310 enim
673 3255 940 3310 civitates
998 3253 1322 3325 multaeque
1363 3255 1635 3309 nationes
1690 3261 1894 3311 carent

226 3345 517 3400 armentis
537 3349 595 3400 et
623 3342 923 3413 gregibus,
973 3357 1111 3397 cum
1140 3347 1340 3396 tamen
1382 3358 1503 3398 non
1536 3351 1779 3400 careant
1808 3361 1894 3400 re-

225 3434 346 3490 bus
373 3434 451 3490 ad
476 3435 695 3489 victum
713 3432 1088 3498 necessariis,
1116 3437 1180 3486 ut
1205 3432 1398 3487 vivere
1421 3437 1477 3488 et
1501 3433 1561 3487 in
1594 3449 1708 3489 suo
1737 3439 1894 3490 statu

227 3538 584 3595 permanere
610 3525 862 3594 possint.
892 3521 1005 3577 Sed
1032 3520 1270 3576 militari
1300 3527 1424 3576 arte
1469 3521 1634 3577 nulla
1685 3523 1894 3580 civitas

229 3627 434 3668 carere
459 3616 693 3683 potest:
723 3615 789 3665 ut
818 3609 982 3680 apud
1013 3609 1267 3666 Milesios
1299 3625 1421 3664 non
1444 3616 1583 3666 sunt
1621 3611 1889 3678 bubulci,

227 3700 335 3771 qui
361 3706 562 3755 tamen
610 3699 840 3755 navalis
873 3698 1093 3754 militiae
1111 3704 1249 3754 sunt
1295 3698 1662 3769 peritissimi.
1719 3700 1890 3771 Ejus-

228 3789 398 3844 modi
428 3787 676 3844 inﬁnitas
736 3794 873 3843 sunt
926 3787 1191 3842 civitates
1266 3787 1416 3844 alite.
1482 3789 1890 3853 Quamobrem

225 3878 498 3934 distincte
553 3877 888 3933 considera.
943 3879 1077 3932 Esse
1124 3875 1282 3932 enim
1329 3877 1537 3932 civitas
1587 3878 1890 3948 ejusmodi

224 3972 468 4038 postest,
491 3983 628 4040 quae
669 3967 944 4038 pluribus
969 3965 1363 4038 phiIOSOphiae
1416 3966 1697 4022 institutis
1729 3982 1886 4038 opus

220 4055 405 4112 habet
429 4063 486 4112 et
514 4056 788 4128 pluribus
820 4055 1088 4110 abundet
1113 4071 1125 4108 :
1149 4059 1328 4126 atque
1359 4055 1657 4124 ejusmodi
1680 4056 1888 4112 civitas

217 4162 358 4218 quae
387 4146 660 4218 pluribus
685 4144 1083 4217 philosophia)
1116 4145 1386 4216 partibus
1414 4160 1567 4216 opus
1598 4145 1798 4212 habet,
1831 4149 1888 4200 et

217 4234 496 4306 pluribus
521 4234 812 4301 abundat,
869 4233 1064 4302 magis
1103 4249 1176 4288 ex
1236 4232 1468 4301 legibus
1512 4237 1740 4288 naturae
1795 4232 1889 4293 est

219 4325 565 4392 constituta,
587 4322 844 4394 ideoque
868 4323 1258 4392 praestantior.
1289 4323 1427 4376 Esse
1458 4321 1636 4376 etiam
1677 4321 1886 4378 civitas

223 4413 346 4470 alia
370 4413 664 4483 ejusmodi
692 4416 906 4483 potest,
931 4427 1068 4482 quae
1091 4411 1470 4482 philosophia
1489 4411 1754 4482 quidem,
1782 4412 1886 4467 sed

220 4518 350 4558 non
371 4517 652 4574 peraque
685 4507 864 4572 atque
883 4499 982 4555 illa
999 4501 1271 4571 superior
1291 4516 1446 4572 opus
1466 4499 1666 4556 habet.
1693 4503 1886 4566 Quare

222 4591 394 4662 quod
411 4591 488 4648 ad
511 4590 819 4646 scientiam
842 4585 1036 4660 magis
1062 4589 1290 4644 accedit
1309 4589 1585 4645 omnium
1617 4590 1885 4647 scientia-
1918 4623 1920 4625 »

225 4695 383 4742 rum,
417 4680 647 4736 exsistit
670 4681 848 4734 etiam
877 4679 1283 4751 praestantius.
1326 4678 1498 4743 Quod
1531 4679 1581 4733 si
1609 4680 1884 4736 scruteris

221 4769 449 4835 omnia,
483 4768 814 4840 comperies
853 4765 933 4822 ad
980 4766 1320 4836 generalem
1350 4767 1766 4838 eruditionem,
1819 4773 1884 4825 ut

217 4855 445 4914 dictum
474 4863 581 4924 est,
613 4873 746 4912 esse
773 4855 1129 4912 revocanda.

293 4953 350 5004 5.
391 4947 507 5004 Sed
545 4945 782 5017 singula
825 4944 1073 5000 scrutari
1117 4944 1178 5000 in
1217 4945 1535 5016 priesentia
1591 4961 1880 5018 superva-

211 5053 401 5094 cuum
426 5040 614 5102 esset;
649 5052 720 5091 ex
738 5033 1109 5107 quibusdam
1128 5035 1306 5103 igitur
1333 5033 1719 5104 intelligenda
1739 5039 1880 5091 sunt

208 5127 446 5200 reliqua
473 5126 700 5182 omnia.
727 5125 932 5191 Porro,
956 5123 1057 5180 illa
1086 5123 1292 5179 omnia
1308 5125 1725 5195 prmstantiora
1748 5139 1879 5179 esse

209 5216 570 5288 comperies,
615 5231 753 5287 quae
805 5217 944 5269 sunt
995 5213 1255 5268 scientiae
1291 5212 1666 5284 ;comperies
1693 5214 1874 5269 etiam

207 5301 406 5359 multa
458 5319 586 5360 esse
647 5303 893 5359 scientia
943 5301 1171 5368 viliora,
1236 5301 1526 5358 nonnulla
1571 5301 1876 5358 nonnullis

209 5393 630 5464 praestantiora
661 5397 718 5448 et
742 5391 1027 5447 inferiora
1055 5407 1127 5447 ex
1169 5389 1507 5462 aequalitate
1532 5395 1589 5448 et
1613 5391 1878 5462 inaequa-

215 5480 418 5547 litate;
452 5482 786 5538 intensione
815 5486 872 5537 et
900 5480 1252 5535 remissione
1269 5479 1420 5535 inter
1458 5496 1524 5534 se
1579 5479 1876 5536 distincta.

224 5570 371 5635 Quae
401 5577 598 5628 tamen
643 5571 851 5628 omnia
901 5570 977 5626 ad
1020 5569 1329 5625 scientiam
1373 5568 1688 5640 pertinent.
1728 5572 1880 5626 Nam

220 5658 499 5732 quodam
526 5659 974 5718 communionis
1001 5656 1242 5715 vinculo
1259 5673 1403 5715 cum
1447 5656 1714 5728 generali
1748 5671 1879 5716 cru-

2032 1855 2240 1911 ἐστησε.
2297 1858 2397 1906 Καὶ
2448 1856 2503 1906 αἰ
2577 1857 2668 1926 μὲν
2726 1857 2862 1906 κατὰ
2915 1859 3172 1927 φυσικοὺς
3223 1856 3407 1928 λόγους
3467 1863 3642 1931 γιγνό-

2028 1961 2177 2012 μεναι
2208 1944 2499 2014 συνάγουσι
2536 1947 2627 2016 μέν
2669 1962 2788 1994 τινα
2839 1939 3153 2018 διῃρημένα,
3200 1944 3331 2004 πλὴν
3389 1945 3496 1999 ἀλλ’
3544 1948 3640 2000 οὐκ

2028 2028 2214 2102 ὀρθῶς,
2257 2030 2364 2081 οἷον
2418 2049 2495 2090 τις
2549 2031 2731 2102 ἅρχων
2785 2030 2878 2106 ἐρᾷ
2921 2039 3017 2094 τῆς
3056 2042 3358 2105 ποιμενικῆς
3414 2056 3428 2068 ο
3483 2044 3640 2089 τοῦτο

2027 2123 2214 2191 κρᾶσις
2246 2139 2258 2151 ο
2290 2123 2379 2170 καὶ
2401 2120 2481 2170 ὅτι
2508 2121 2598 2190 μὲν
2637 2120 2668 2177 ή
2730 2122 2887 2190 φύσις
2930 2125 3205 2192 ποιμενική
3263 2119 3446 2190 ἔδειξε,
3495 2127 3641 2199 παρὰ

2026 2215 2124 2268 τῆς
2178 2203 2448 2268 παιδείας.
2513 2206 2668 2261 Ἐστι
2717 2210 2780 2259 1'6
2833 2211 2924 2280 μὲν
2978 2207 3226 2282 ἐρώμενον
3284 2215 3524 2282 φυσικόν,
3577 2212 3638 2265 οὐ

2028 2302 2259 2364 φυσικῶς
2290 2292 2349 2347 δὲ
2375 2295 2400 2346 ὃ
2429 2294 2555 2368 ἐρῶν
2586 2294 2679 2369 ἐρᾷ
2710 2317 2722 2328 ·
2757 2298 2981 2370 ἄρχοντι
3010 2300 3112 2372 γὰρ
3152 2302 3206 2350 τί
3259 2303 3428 2351 κοινόν
3458 2301 3489 2359 ἡ
3522 2321 3639 2353 ποι-

2025 2388 2205 2454 μενικὴ
2239 2399 2254 2447 ;
2286 2383 2413 2457 Ἐρᾴ
2468 2380 2527 2436 δὲ
2580 2389 2670 2436 καὶ
2723 2383 3031 2456 φιλοσοφίας
3077 2384 3265 2458 ἔτερος,
3326 2395 3479 2439 τοῦτο
3545 2410 3636 2461 φυ-

2029 2475 2175 2524 σικόν
2227 2473 2395 2542 ὄντως,
2455 2473 2568 2524 ἔστι
2613 2467 2674 2524 δε
2739 2478 2828 2525 καὶ
2883 2476 3021 2525 κατά
3073 2481 3280 2548 κρᾶσιν.
3342 2475 3481 2530 Ἐκεῖ
3532 2481 3635 2552 γὰρ

2023 2568 2209 2636 κρᾶσις
2237 2561 2470 2634 ἀρχικῆς
2523 2567 2610 2614 καὶ
2656 2571 2982 2634 ποιμενικῆς,
3039 2561 3223 2617 ἕνθάδε
3287 2561 3348 2618 δὲ
3403 2564 3639 2639 ἀρχικῆς

2000 2809 2223 2865 ditione
2247 2809 2634 2880 conjungitur
2655 2810 2853 2866 omnis
2869 2810 3140 2881 ars,fnon
3162 2827 3337 2868 secus
3380 2818 3562 2885 atque
3598 2813 3662 2871 in

1999 2904 2203 2954 centro
2235 2897 2438 2953 circuli
2473 2899 2841 2954 conveniunt
2859 2913 3072 2954 omnes
3101 2898 3280 2955 lineas
3321 2906 3496 2956 recte;
3521 2917 3662 2974 qua

1999 3004 2036 3044 a
2085 2989 2586 3043 circumcurrente
2645 2988 2804 3043 linea
2861 2987 3057 3043 ductae
3111 2993 3268 3044 sunt.
3321 2990 3662 3055 Quinetiam

1999 3077 2198 3132 omnis
2253 3076 2603 3148 temperatio
2646 3077 2702 3131 vi
2757 3083 2988 3133 naturae
3040 3093 3178 3132 cum
3228 3079 3661 3151 temperatione

2000 3165 2213 3222 eadem
2242 3167 2471 3222 ratione
2525 3165 2859 3238 copulatur.
2905 3169 3106 3238 Neque
3164 3167 3504 3240 quidquam
3548 3173 3658 3226 est.

1999 3256 2165 3328 quod
2195 3270 2316 3310 non
2353 3255 2688 3314 sitnaturas.
2719 3270 2916 3322 neque
2954 3255 3077 3312 ulla
3123 3261 3211 3312 est
3239 3272 3336 3313 ars
3373 3273 3510 3329 quas
3534 3274 3660 3315 non

2000 3344 2076 3399 sit
2097 3343 2468 3399 eruditionis.
2509 3346 2576 3398 Et
2603 3349 2668 3398 ut
2691 3344 2889 3399 omnis
2915 3345 3263 3416 temperatio
3287 3347 3664 3404 communio-

2000 3447 2140 3488 nem
2173 3447 2244 3487 ac
2275 3431 2714 3488 distinctionem
2754 3449 2827 3488 ex
2879 3433 3413 3505 temperationibus
3450 3436 3659 3507 habet,

1998 3521 2080 3578 ita
2109 3521 2289 3577 etiam
2330 3527 2486 3578 artes
2535 3523 2984 3593 conjunguntur
3031 3526 3186 3580 inter
3239 3540 3302 3580 se
3349 3530 3408 3582 et
3442 3525 3658 3582 distin-

2000 3615 2239 3679 guntur.
2281 3611 2432 3666 Nam
2469 3609 2693 3666 militiaa
2738 3609 2966 3666 navalis
2996 3627 3096 3668 ars
3151 3611 3263 3668 arti
3315 3613 3658 3670 tractando-

1998 3713 2134 3752 rum
2154 3713 2450 3770 equorum
2475 3699 2668 3768 magis
2693 3702 2782 3754 est
2807 3703 3070 3769 cognata
3113 3715 3302 3772 quam
3330 3716 3429 3756 ars
3473 3706 3660 3758 texto-

1997 3788 2085 3842 ria
2113 3805 2130 3858 ;
2164 3792 2218 3842 et
2248 3802 2348 3842 ars
2374 3787 2673 3843 metallica
2691 3788 2914 3844 aerariae
2932 3788 3043 3844 arti
3071 3789 3267 3859 magis
3292 3795 3382 3846 est
3398 3795 3660 3860 cognata

1996 3892 2184 3949 quam
2207 3877 2540 3948 pastoritia,
2572 3881 2628 3932 et
2645 3875 2775 3932 aliis
2808 3875 2952 3933 alias.
2987 3879 3107 3933 Hoc
3133 3883 3335 3934 autem
3381 3879 3565 3936 etiam
3592 3879 3658 3935 in

1997 3970 2214 4021 natura
2233 3964 2741 4021 considerandum
2771 3970 2882 4034 est,
2911 3969 2974 4020 ut
2994 3965 3058 4021 in
3109 3965 3435 4023 humorum
3464 3973 3521 4023 et
3544 3968 3659 4025 ele-

1996 4059 2340 4109 mentorum
2399 4053 2864 4109 admistionibus
2924 4054 3152 4110 dictum
3203 4059 3314 4110 est.
3365 4057 3658 4114 Caeterum

1995 4142 2292 4215 quidquid
2323 4149 2411 4198 est
2432 4143 2494 4198 in
2515 4147 2734 4198 natura
2753 4142 2939 4198 habet
2965 4149 3326 4199 concentum
3342 4148 3400 4200 et
3422 4144 3657 4202 relatio-

1996 4247 2156 4298 nem,
2178 4231 2702 4303 quemadmodum
2731 4232 2956 4287 dictum
2977 4237 3068 4288 est
3094 4247 3108 4298 ;
3141 4239 3468 4290 concentus
3493 4235 3657 4290 enim

1997 4327 2054 4377 et
2082 4321 2287 4377 relatio
2318 4321 2637 4387 mundum,
2665 4321 2981 4386 civitatem,
3012 4321 3213 4377 vicum
3261 4327 3318 4378 et
3361 4322 3656 4380 familiam

1998 4411 2324 4467 constituit.
2351 4417 2432 4466 Ac
2460 4410 2924 4482 temperationes
2944 4411 3192 4482 quidem
3221 4427 3359 4484 quin
3389 4427 3462 4468 ex
3482 4421 3657 4470 natu-

1997 4499 2224 4555 ralibus
2251 4498 2582 4556 rationibus
2622 4499 2912 4554 exsistunt
2952 4499 3236 4571 quaedam
3275 4500 3529 4557 invicem
3568 4501 3654 4558 di-

1995 4592 2125 4643 visa
2154 4587 2459 4660 copulant,
2489 4588 2597 4643 sed
2628 4603 2788 4660 saepe
2817 4604 2942 4644 non
2962 4593 3141 4658 recte,
3171 4588 3356 4646 veluti
3385 4607 3524 4646 cum
3551 4590 3656 4647 ali-

1992 4677 2127 4750 quis
2149 4677 2475 4748 imperator
2497 4676 2638 4733 artis
2658 4677 2982 4749 pastoritiaa
3031 4677 3339 4734 studiosus
3381 4683 3510 4736 est:
3537 4680 3656 4736 hoc

1992 4767 2151 4821 enim
2184 4771 2272 4821 est
2303 4765 2656 4837 temperatio
2689 4785 2701 4836 ;
2735 4783 2806 4822 ac
2851 4766 3003 4822 illud
3031 4767 3280 4839 quidem
3324 4768 3405 4824 ab
3461 4768 3655 4825 erudi-

1990 4855 2149 4910 tione
2180 4855 2448 4910 manavit
2475 4855 2642 4926 quod
2671 4859 2890 4911 natura
2917 4860 3109 4912 artem
3138 4856 3514 4928 pastoritiam
3537 4856 3654 4912 ho-

1989 4942 2254 4998 minibus
2294 4943 2876 5000 commonstraverit.
2919 4945 3087 5010 Quod
3147 4945 3328 5014 igitur
3374 4944 3488 5000 tale
3538 4949 3651 5015 est,

1988 5032 2260 5088 naturale
2284 5033 2532 5105 quidem
2552 5038 2640 5089 est
2673 5053 2688 5088 :
2720 5033 2828 5089 sed
2854 5033 2960 5105 qui
2997 5032 3098 5090 illo
3145 5033 3343 5090 studio
3393 5031 3651 5103 ducitur,

1989 5126 2268 5178 naturam
2290 5122 2563 5195 proxime
2592 5137 2716 5178 non
2739 5126 3026 5194 sequitur.
3051 5125 3202 5179 Nam
3225 5137 3324 5178 ars
3339 5123 3654 5194 pastoritia

1985 5211 2048 5266 in
2070 5211 2432 5283 imperatore
2481 5216 2569 5268 est
2613 5210 2843 5283 aliquid
2898 5211 3234 5268 sordidum.
3291 5211 3449 5268 Alter
3504 5227 3652 5270 vero

1987 5299 2384 5372 philosophiae
2397 5300 2705 5356 studiosus
2723 5303 3016 5372 est,atque
3027 5300 3142 5357 hoc
3153 5316 3362 5358 revera
3377 5306 3469 5357 est
3479 5306 3651 5359 natu-

1987 5389 2130 5445 rale.
2163 5390 2330 5444 Istud
2349 5390 2531 5446 etiam
2541 5406 2615 5445 ex
2632 5391 3060 5461 temperatione
3071 5389 3318 5446 exsistit.
3345 5389 3466 5446 Illic
3489 5390 3652 5448 enim

1988 5483 2079 5534 est
2109 5477 2460 5550 temperatio
2488 5479 2630 5534 artis
2649 5478 3048 5550 imperatoriae
3092 5485 3151 5535 et
3205 5479 3508 5551 pastoriae,
3552 5479 3652 5536 hic

1987 5572 2192 5625 autem
2203 5567 2602 5640 imperatoriae
2614 5573 2672 5624 et
2680 5566 3133 5640 philosophicas.
3151 5568 3457 5642 Numquid
3470 5568 3654 5641 igitur

1986 5657 2103 5716 hoc
2151 5657 2402 5730 quidem
2436 5657 2846 5716 necessarium
2891 5661 3004 5730 est,
3054 5656 3208 5716 illud
3251 5673 3394 5718 vero
3428 5657 3543 5718 vile
3590 5661 3653 5720 et
