4130 6396
480 295 611 361 4351

511 515 570 571 δὲ
624 517 812 590 φαῦλον
846 536 860 585 ;
889 519 1082 591 Τοίγαρ
1141 520 1193 567 τί
1238 513 1592 588 συμϐάλλεται
1648 511 1850 591 ἀρχικῇ
1897 518 1955 568 τό
2009 511 2122 569 ποί-

508 611 713 680 μενικόν
768 622 782 673 ;
839 607 934 658 Διὰ
993 612 1144 658 τοῦτο
1227 609 1316 657 καὶ
1371 608 1459 659 τόν
1514 609 1672 679 σοφὸν
1729 605 1932 659 Φίλωνα
1982 624 2119 668 τινες

510 697 755 768 ἔσκωψαν
786 699 903 757 τοὺς
965 694 1192 769 ἀγαθοὺς
1237 699 1486 769 ποιμένας
1544 695 1774 769 ἀγαθοὺς
1831 695 1961 749 εἶναι
2015 695 2124 771 βα-

510 786 671 850 σιλεῖς
701 785 930 842 εἰπόντα.
961 790 1100 844 Φησὶ
1130 782 1188 838 δὲ
1219 789 1308 838 καὶ
1351 786 1377 838 ό
1424 790 1651 847 ποιητὴς
1710 790 1955 860 ποιμένας
1997 785 2125 840 λαοῦ

505 880 623 938 τοὺς
677 872 938 949 βασιλεῖς,
989 874 1048 928 οὐ
1109 874 1490 949 φυσιολογικῶς
1553 872 1612 929 δὲ
1658 880 1749 929 καὶ
1810 872 2124 929 ἀποδεικτι-

505 974 631 1036 κῶς,
685 963 816 1018 ἀλλᾶ
885 967 1176 1040 ῥητορικῶς
1232 970 1322 1018 καὶ
1375 962 1486 1019 αῖον
1540 966 1857 1027 ὑποθετικῶς
1912 971 2003 1019 καὶ
2058 973 2121 1041 τῇ

507 1051 661 1128 ἀδείᾳ
714 1062 777 1131 τῇ
830 1061 926 1116 τῆς
975 1058 1235 1116 ποιήσεως
1264 1051 1642 1131 ·παράό“ειγμα
1691 1057 1793 1130 γὰρ
1841 1062 1995 1109 τοῦτο
2051 1058 2127 1108 τί-

510 1145 659 1210 θησι,
687 1150 778 1198 καὶ
805 1144 911 1218 οὐχ
939 1148 1006 1207 ὡς
1038 1144 1119 1198 ὅτι
1160 1140 1245 1198 δεῖ
1294 1148 1515 1219 ποιμένα
1580 1146 1711 1199 εἶναι
1756 1149 1841 1199 τὸν
1898 1143 2127 1219 βασιλέα

505 1240 778 1309 ποιμνίων,
837 1233 944 1287 ἀλλ’
1002 1234 1080 1287 ὅτι
1152 1235 1257 1287 οἷον
1307 1240 1503 1309 ποιμήν
1562 1232 1703 1289 ἐστιν
1773 1236 1798 1288 ὁ
1851 1232 2122 1309 βασιλεὺς,

504 1326 699 1383 Τίθησι
730 1320 789 1376 δὲ
814 1327 912 1377 κκὺ
938 1327 1121 1397 μάχας
1153 1321 1443 1399 βατράχων
1470 1331 1559 1378 καὶ
1614 1333 1779 1398 μυῶν,
1823 1324 2011 1398 ἡρῴων
2038 1323 2126 1378 ἰιν-

508 1411 646 1487 δρῶν
700 1408 998 1487 ὑπόδειγμα
1051 1413 1349 1486 σαφηνίζων
1395 1416 1526 1489 πρὸς
1573 1419 1690 1476 τοὺς
1753 1412 2115 1489 ὀλιγωτέρους.

505 1504 779 1578 Νομιζέτω
867 1499 927 1556 δέ
996 1522 1078 1564 τις
1156 1506 1243 1556 τόν
1322 1503 1664 1578 Τρωξάρταον
1760 1502 2124 1577 Ἀγαμέμνονα

503 1598 590 1647 τόν
674 1590 733 1647 δὲ
791 1596 1105 1667 φυσίγνατον
1183 1597 1439 1668 Πρίαμον,
1502 1601 1656 1647 τοῦτο
1701 1601 1799 1646 τῶν
1856 1591 2102 1662 ἀσθενῶν,

506 1685 619 1737 ἔστι
661 1679 721 1736 δὲ
777 1691 849 1754 τῷ
905 1691 1046 1755 σοφῷ
1101 1680 1317 1756 Ὁμήρῳ
1373 1685 1569 1746 σκοπός
1625 1680 1846 1735 ἐπαινεῖν
1904 1680 2117 1756 ἀρετὴν,

508 1768 595 1826 διὸ
624 1776 714 1825 καὶ
750 1778 926 1825 πᾶσαν
956 1780 1149 1844 γνῶσιν
1186 1775 1312 1844 πρὸς
1364 1779 1519 1825 τοῦτο
1564 1767 1658 1825 διὰ
1712 1779 1865 1825 τοῦτο
1923 1771 2124 1845 αἰχμα-
2183 1804 2220 1858 Β

503 1861 734 1923 λωτίζει.
791 1864 994 1934 Ποιμήν
1058 1862 1149 1934 μεν
1206 1856 1294 1913 οὖν
1333 1859 1606 1936 προϐάτων
1666 1861 1696 1922 ᾖ
1755 1860 1937 1936 ἐτέρων
1995 1860 2123 1934 ἁγε-

502 1951 601 2006 λῶν
632 1946 802 2012 οὐδεὶς
846 1952 1049 2027 ἅρχων,
1100 1948 1195 2002 κᾶν
1247 1951 1402 2013 ὅσους
1459 1954 1685 2027 χόρτους
1738 1948 1911 2023 ἀγέλος
1965 1952 2066 2024 ἔχη
2105 1975 2118 1988 ·

506 2040 780 2114 φιλόσοφος
827 2036 885 2093 δι
958 2041 1026 2090 ὢν
1106 2042 1366 2116 μακάριός
1433 2039 1566 2112 ἐστι,
1614 2038 1709 2093 κᾶν
1764 2043 1909 2093 οἴκου
1963 2039 2122 2111 ψιλοῦ

504 2135 656 2203 μόνον
681 2130 851 2202 ἄρχῃ.
894 2133 997 2182 Καὶ
1046 2132 1147 2202 γὰρ
1204 2126 1427 2202 οὐδεμία
1481 2133 1563 2192 τίς
1614 2125 1725 2182 ἔστι
1782 2138 1981 2201 γνῶσις
2042 2136 2117 2199 τῷ

507 2220 687 2280 ἀληθεῖ
776 2214 1249 2292 ὃιαδιὸράσκουσα
1324 2217 1605 2292 φιλοσόφῳ.
1663 2214 1987 2291 ’Υπόδειγμα
2062 2213 2122 2271 δε

504 2312 563 2363 τὸ
601 2309 756 2385 ῥηθεν
802 2315 972 2362 τοῦτο.
1025 2310 1173 2361 Μετὰ
1233 2303 1293 2360 δὲ
1357 2315 1511 2360 τοῦτο
1563 2308 1829 2382 μυριάττα
1886 2305 2118 2380 ἐχόμενα

504 2402 689 2455 τούτου
749 2397 882 2457 πλην
940 2402 1273 2471 φυσικώτερα
1329 2401 1419 2450 καὶ
1467 2400 1540 2470 μὴ
1595 2398 1814 2470 φυσικὰ,
1869 2395 2023 2450 ἅτινα
2070 2400 2118 2450 ἔν

1718 2484 1855 2560 ἄλλῳ
1903 2491 1994 2539 καὶ
2044 2494 2117 2558 τῷ

504 2511 616 2544 τισι
688 2492 979 2551 κοινωνίαις
1063 2489 1364 2554 ὑποπίπτει,
1444 2484 1492 2539 έν
1563 2495 1636 2559 τῷ

505 2578 738 2653 ἀλλοίῳ·
789 2577 884 2631 κᾶν
927 2578 1075 2651 ἕτερα
1121 2579 1245 2651 γὰρ,
1294 2574 1391 2629 κᾶν
1444 2574 1662 2652 ἑτεροῖα,
1722 2580 1842 2651 περὶ
1896 2578 1956 2628 τὸ
2010 2579 2120 2629 κέν-

502 2690 622 2748 τρον
653 2671 967 2743 συνάγονται
996 2671 1022 2723 ὃ
1048 2668 1190 2724 ἐστιν
1220 2668 1250 2727 ἡ
1275 2666 1499 2721 καθόλου
1527 2662 1765 2724 παιδεία.

473 2855 799 2925 indignum
837 2845 866 2902 ?
886 2861 1031 2904 nam
1055 2844 1203 2919 quid
1231 2845 1313 2904 ad
1337 2844 1788 2918 imperatoriam
1830 2843 2147 2918 pastoritia

475 2944 705 3003 confert
724 2941 753 2996 Ἰ
784 2938 1010 2996 Idcirco
1038 2935 1290 3010 quidam
1310 2935 1643 2992 illudebant
1660 2934 1997 3007 sapientem
2016 2934 2145 2992 Phi-

471 3036 675 3093 lonem
743 3027 911 3104 quod
957 3027 1152 3084 bonos
1210 3029 1481 3098 pastores
1544 3024 1742 3082 bonos
1792 3039 1965 3095 reges
2012 3039 2142 3080 esse

469 3123 741 3180 dixisset.
783 3121 849 3174 Et
875 3121 1053 3189 poeta
1073 3129 1244 3185 reges
1273 3112 1484 3187 populi
1526 3118 1802 3186 pastores
1851 3112 2139 3185 appellat,

469 3227 598 3270 non
626 3226 698 3266 ex
727 3204 987 3264 naturali
1014 3203 1261 3260 scientia
1286 3207 1345 3259 et
1368 3198 1652 3259 doctrina
1667 3202 1787 3259 hoc
1808 3201 2137 3274 proferens,

2002 286 2360 361 ADDENDA.

472 433 564 482 καὶ
606 427 930 501 φιλοσοφίας.
990 427 1210 499 Πότερον
1271 421 1364 477 οὖν
1426 427 1485 478 τὸ
1541 427 1632 499 μεν
1699 423 2005 498 ἀναγκαῖον,
2065 428 2122 517 1"
2179 431 2228 485 Α

3803 300 3959 369 1352

2375 449 2440 493 ς’.
2491 436 2588 486 Καὶ
2634 434 2690 486 αἱ
2740 433 2829 506 μὲν
2870 431 3157 506 ἐπιστῆμαι
3221 436 3313 485 καὶ
3378 436 3589 506 τέχναι,
3647 433 3826 496 οὕτως
3857 436 3935 498 ὡς

2287 525 2489 597 εἴρηται
2546 524 2756 595 ἔχουσι,
2813 522 2909 575 κᾶν
2961 524 3081 576 ὅσον
3149 541 3232 586 τις
3289 526 3412 599 φέρῃ
3471 519 3530 577 δὲ
3582 531 3699 587 τοῖς
3740 528 3932 600 πρᾶγ-

2285 616 2421 686 μασί
2474 630 2587 665 τινα
2640 611 2814 688 ἑτέραν
2896 610 3152 683 ἐξέτασιν,
3219 610 3325 664 ἀλλ’
3394 611 3472 665 ἀεὶ
3527 614 3750 689 εὑρήσει
3808 634 3933 669 κοι-

2285 705 2471 763 νωνίας
2537 705 2627 755 καὶ
2677 697 2962 770 διαξύξεις,
3029 708 3144 764 ταῖς
3194 704 3428 774 τέχναις.
3485 705 3639 774 Λέγω
3695 698 3785 771 δὲ,
3852 707 3934 768 ὡς

2285 793 2377 851 τὰς
2416 790 2706 866 εἰρημένας,
2768 792 2956 865 εὑρήσι
2996 786 3047 844 δ’
3098 789 3177 844 ἀεὶ
3232 794 3324 844 καὶ
3376 792 3573 859 πασας,
3631 791 3734 845 κᾶν
3801 812 3930 846 κοι-

2285 887 2441 953 νωνῇ,
2500 879 2595 933 κᾶν
2649 879 2708 933 οὐ
2759 887 3003 955 κοινωνῇ,
3061 883 3187 954 μίαν
3254 879 3483 939 ἑκάστην
3553 889 3928 936 κοινωνοῦσαν

2288 968 2476 1045 ἑκάστῃ
2565 972 2685 1046 περὶ
2771 975 2864 1030 τὴν
2940 968 3237 1044 ἐπιστήμην
3316 990 3330 1005 ·
3392 968 3581 1024 ἐκεῖθεν
3633 974 3745 1048 ’γὰρ
3805 969 3926 1026 ἔστι

2285 1065 2435 1113 πᾶσα
2471 1061 2622 1113 οἱονεὶ
2669 1061 2699 1119 ἠ
2760 1055 3010 1123 παιδείας
3066 1056 3203 1129 ἰδέα,
3257 1064 3350 1113 καὶ
3397 1061 3452 1113 αἱ
3510 1063 3736 1133 κράσεις
3781 1064 3923 1116 κατὰ

2288 1152 2377 1202 τὸν
2454 1148 2607 1203 αὐτόν
2695 1147 2846 1222 λόγον
2920 1170 2933 1184 ·
2994 1149 3165 1203 πᾶσάι
3248 1152 3368 1223 γὰρ,
3427 1151 3494 1210 ὡς
3539 1152 3777 1224 εἴρηται,
3828 1157 3916 1205 καὶ

2288 1244 2595 1291 κοινωνοῦσι
2642 1242 2732 1291 καὶ
2790 1234 3189 1291 διαστέλλονται
3231 1240 3363 1314 πρὸς
3414 1237 3601 1301 αὐτάς,
3662 1244 3800 1313 Περὶ
3852 1237 3909 1293 δε

2289 1331 2382 1385 τὴν
2442 1329 2598 1401 φύσιν
2679 1331 2827 1386 κοινὴ
2883 1333 2982 1381 τῶν
3035 1326 3161 1380 ὅλων
3216 1326 3361 1380 ἐστὶν
3411 1328 3443 1386 ἡ
3511 1327 3820 1391 συνέλευσις
3877 1331 3910 1388 ἦ

2289 1412 2399 1468 ἐστι
2476 1421 2738 1473 κοινωνία.
2820 1420 3057 1489 Γίγνεται
3132 1412 3191 1469 δι
3247 1422 3401 1470 τοῦτο
3468 1421 3563 1470 καὶ
3606 1416 3745 1471 πόλει
3804 1422 3905 1471 καὶ

2287 1508 2491 1577 κόσμῳ,
2523 1509 2614 1558 καὶ
2670 1511 2820 1578 κώμῃ
2878 1508 2969 1558 καὶ
3033 1508 3178 1577 οἴκῳ,
3232 1504 3360 1558 αλλὰ
3417 1501 3488 1565 δὴ
3550 1509 3641 1558 καὶ
3700 1504 3912 1579 ἀτόμῳ.

2285 1599 2501 1667 Τριχῶς
2528 1595 2631 1668 γὰρ
2661 1601 2895 1647 κοινωνεί
2932 1597 2991 1647 τὸ
3048 1593 3257 1667 λογικὸν
3320 1597 3473 1659 ζῶον,
3531 1594 3560 1654 ἦ
3618 1597 3728 1670 γὰρ
3783 1597 3920 1669 κρά-

2290 1684 2424 1743 σειῆ
2487 1686 2639 1756 φύσει
2685 1681 2716 1743 ἣ
2775 1680 3010 1757 παιδείᾳ.
3074 1687 3175 1737 Καὶ
3226 1690 3321 1746 τῆς
3375 1687 3467 1758 μεν
3521 1691 3759 1751 φυσικῆς
3808 1703 3923 1738 κοι-

2286 1776 2442 1825 νωνία
2461 1777 2550 1826 καὶ
2576 1769 2795 1826 παιδεία
2820 1771 2950 1840 ἐστὶ,
3010 1778 3073 1845 τῇ
3128 1767 3188 1825 δὲ
3245 1772 3433 1846 κράσει
3488 1771 3584 1824 οὐκ
3632 1769 3720 1824 ἀεὶ
3783 1789 3923 1824 παι-

2288 1858 2406 1915 δεια
2433 1859 2592 1930 ἐστὶν,
2626 1860 2670 1915 εἰ
2730 1866 2802 1935 μὴ
2855 1862 2995 1914 κατὰ
3054 1863 3175 1921 τοὺς
3218 1859 3519 1937 εἰρημένους
3560 1860 3780 1932 λόγους,
3838 1863 3920 1913 ὅτι

2284 1957 2435 2005 πᾶσα
2464 1950 2680 2013 ὀντότης
2706 1953 2923 2023 φύσεως,
2951 1948 3048 2002 κᾶν
3115 1947 3288 2023 ἀγαθὴ
3341 1947 3436 2002 κᾶν
3481 1948 3564 2021 οὗ,
3614 1955 3712 2003 καὶ
3762 1956 3919 2004 πᾶσα

2284 2046 2445 2114 τέχνη
2475 2039 2769 2115 έπιστήμης
2798 2042 3069 2109 ὡσαύτως,
3125 2045 3215 2093 καὶ
3263 2041 3343 2092 ὅτι
3395 2038 3596 2094 ἔκεῐθθν
3650 2042 3778 2112 ἔχει
3820 2045 3912 2099 τήν

2284 2129 2485 2184 ἕνωσιν.
2518 2134 2619 2184 Καὶ
2649 2137 2711 2204 τῇ
2779 2132 2870 2203 μὲν
2924 2124 3011 2182 οὖν
3061 2135 3255 2204 φυσικῇ
3308 2132 3573 2201 κοινωνίᾳ,
3633 2131 3711 2191 ὡς
3772 2133 3908 2203 εἰρη-

2283 2237 2392 2287 ται,
2451 2218 2770 2292 πεπλεγμένη
2868 2216 2946 2273 ἀεὶ
3015 2222 3103 2272 καὶ
3178 2215 3419 2274 παιδεία.
3482 2223 3739 2271 Κοινωνεῑ
3807 2222 3913 2293 γάρ

2283 2312 2373 2361 καὶ
2447 2307 2671 2370 κλέπτης
2750 2309 2817 2361 τά
2880 2306 3071 2367 κλέπτη
3122 2328 3135 2342 ο
3177 2312 3259 2369 τίς
3312 2303 3372 2361 δε
3423 2307 3449 2366 ἡ
3523 2306 3919 2380 μεσολαϐοῦσα

2283 2393 2547 2462 παιδεία;
2591 2397 2746 2453 Ἀλλά
2796 2402 2887 2451 καὶ
2929 2401 3120 2451 τέκτων
3177 2400 3395 2464 τέκτονι,
3450 2404 3609 2451 τοῦτο
3670 2394 3735 2451 δι
3783 2400 3918 2475 κράο

2286 2506 2435 2556 σεως,
2490 2488 2554 2549 ὡς
2608 2492 2697 2540 καὶ
2745 2490 2803 2540 τὸ
2859 2488 2984 2544 ἄνω.
3036 2491 3274 2562 Διαφέρει
3330 2482 3391 2540 δὲ
3440 2487 3523 2539 ὃτι
3569 2489 3629 2540 τό
3682 2490 3782 2560 μεν
3834 2504 3913 2550 τις

2283 2580 2439 2650 φύσις
2481 2580 2571 2629 καί
2619 2595 2699 2641 τις
2764 2571 2984 2631 παιδεία
3041 2579 3247 2653 ἓκρασε,
3294 2578 3353 2629 τὸ
3404 2570 3464 2629 δέ
3516 2574 3636 2629 οὒτε
3672 2579 3909 2650 φύσεως,

2282 2670 2398 2720 οὔτε
2490 2663 2750 2728 παιδείας.
2844 2662 2979 2723 Οὐδὲ
3040 2668 3143 2741 γάρ
3193 2668 3291 2740 μία
3351 2668 3526 2739 φύσις,
3595 2667 3625 2726 ἣ
3681 2664 3913 2722 παιδεία

2256 2844 2571 2903 muniones
2599 2847 2660 2902 et
2685 2843 3093 2902 distinctiones
3116 2843 3179 2901 in
3217 2842 3467 2902 artibus.
3517 2844 3655 2903 Dico
3708 2848 3916 2902 autem

2253 2940 2704 3008 comperturum
2774 2933 2944 2991 illum
3003 2949 3217 2991 omnes
3263 2938 3421 2991 artes
3465 2934 3920 2991 communionis

2249 3023 2493 3082 vinculo
2532 3024 2804 3081 connecti
2844 3028 2900 3080 et
2954 3023 3034 3081 ad
3083 3023 3395 3080 scientiam
3443 3024 3739 3093 revocari,
3802 3025 3933 3081 sive

2249 3114 2400 3171 inter
2430 3113 2594 3187 ipsas
2632 3112 2705 3169 sit
2744 3112 3023 3186 proxima
3048 3117 3104 3170 et
3150 3112 3492 3170 necessaria
3543 3114 3932 3185 communio,

2250 3203 2375 3259 sive
2400 3219 2523 3260 non
2559 3203 2653 3273 sit,
2684 3207 2749 3259 ut
2777 3202 2839 3258 in
2869 3201 3281 3275 superioribus
3310 3201 3592 3258 diximus.
3628 3204 3790 3260 Nam
3827 3222 3932 3261 su-

472 3299 581 3356 sed
598 3296 889 3354 rhetorice
912 3297 971 3351 et
1006 3291 1188 3349 veluti
1215 3290 1620 3364 hypothetice,
1674 3295 1855 3363 atque
1903 3305 1976 3345 ex
2000 3305 2116 3363 poe
2179 3295 2219 3351 C
2247 3308 2460 3367 prema
2487 3292 2588 3349 illa
2599 3292 2845 3349 scientia
2865 3291 3280 3365 complectitur
3295 3308 3541 3350 omnem
3557 3293 3928 3351 eruditionis

468 3389 589 3446 tica
606 3383 843 3443 licentia
874 3401 888 3453 ;
921 3383 1036 3439 hoc
1060 3380 1221 3437 enim
1266 3385 1565 3452 tanquam
1619 3378 1967 3452 exemplum
1998 3394 2137 3453 pro-

471 3476 662 3552 ponit,
686 3488 810 3531 non
836 3470 1005 3546 quod
1032 3474 1305 3543 oporteat
1332 3484 1536 3540 regem
1558 3484 1687 3525 esse
1715 3469 1911 3539 gregis
1938 3473 2140 3542 pasto-

470 3581 622 3637 rem,
646 3563 752 3621 sed
771 3561 941 3636 quod
959 3576 1066 3617 rex
1092 3559 1168 3615 sit
1192 3557 1371 3616 veluti
1403 3561 1627 3631 pastor.
1653 3558 1940 3630 Proponit
1955 3557 2137 3615 etiam

467 3669 762 3713 ranarum
792 3656 849 3708 et
876 3649 1142 3707 murium
1173 3663 1434 3721 pugnas,
1452 3648 1707 3704 heroum
1725 3663 1864 3704 cum
1881 3647 2137 3704 homini-

468 3744 587 3803 bus
614 3740 998 3799 inferioribus
1025 3754 1265 3812 pugnas
1286 3738 1366 3794 ob
1405 3736 1614 3795 oculos
1641 3753 1897 3810 ponens.
1928 3736 2134 3808 Fingat

467 3835 673 3891 autem
691 3830 911 3904 aliquis
935 3831 1287 3885 Troxartum
1344 3841 1473 3884 esse
1518 3831 2037 3898 Agamemnonem
2079 3831 2137 3884 et

468 3921 949 3996 Physignathum
969 3934 1100 3975 esse
1113 3918 1415 3975 Priamum
1439 3934 1453 3985 ;
1477 3917 1647 3988 quod
1672 3917 1921 3990 quidem
1939 3932 2137 3974 exem-

464 4013 638 4087 plum
664 4015 755 4068 est
782 4008 1245 4067 imbecilliorum
1294 4007 1635 4063 hominum.
1668 4008 1767 4062 Est
1808 4011 2011 4063 autem
2044 4022 2136 4063 sa-

466 4101 657 4175 pienti
686 4101 946 4157 Homero
972 4113 1196 4171 scopus
1222 4096 1568 4169 propositus
1598 4099 1663 4151 ut
1698 4096 1979 4152 virtutem
2011 4095 2136 4152 lau-

466 4190 590 4257 det,
657 4193 715 4245 et
759 4188 983 4244 idcirco
1028 4200 1273 4243 omnem
1315 4185 1719 4257 cognitionem
1767 4185 1820 4239 ei
1869 4184 2133 4254 subjicit.

465 4278 673 4338 Nullus
692 4277 873 4349 igitur
901 4277 1227 4349 imperator
1255 4278 1343 4331 est
1372 4273 1676 4346 pecudum
1709 4277 1812 4329 aut
1853 4272 2028 4327 ullius
2054 4271 2137 4327 al-

465 4366 647 4425 terius
678 4364 877 4437 gregis
895 4370 1122 4437 pastor,
1152 4362 1389 4420 etiamsi
1438 4366 1588 4434 quot
1622 4360 1844 4418 herbas
1882 4364 1971 4416 tot
2006 4374 2136 4431 gre.

467 4472 572 4529 ges
596 4454 819 4512 habeat
849 4471 862 4523 ;
893 4453 1002 4509 sed
1021 4453 1348 4527 imperator
1371 4450 1468 4507 ille
1496 4450 1602 4523 qui
1626 4453 1717 4505 est
1736 4448 2134 4522 philosophus

468 4548 558 4602 est
575 4543 811 4611 beatus,
832 4541 1071 4598 etiamsi
1095 4540 1335 4597 familiae
1351 4538 1530 4597 alicui
1550 4538 1846 4594 duntaxat
1860 4536 2130 4612 imperet.

2246 3381 2471 3449 ideam,
2495 3386 2562 3438 ut
2580 3382 2763 3438 etiam
2778 3386 2993 3439 natura
3014 3382 3431 3454 complectitur
3452 3384 3931 3455 temperationes

2246 3488 2319 3529 ex
2348 3470 2563 3529 eadem
2599 3471 2846 3528 ratione.
2897 3472 3119 3528 Omnes
3166 3471 3349 3540 enim,
3402 3476 3465 3528 ut
3512 3470 3753 3528 dictum
3814 3481 3928 3543 est,

2243 3564 2397 3620 inter
2412 3578 2475 3618 se
2492 3560 2922 3617 communione
2944 3561 3077 3633 conj
3088 3566 3395 3633 unguntur
3409 3566 3515 3618 aut
3526 3561 3925 3634 distinguun-

2246 3651 2505 3708 turinter
2525 3666 2590 3707 se
2619 3666 2632 3718 ;
2661 3650 2762 3707 sed
2790 3649 2871 3707 ad
2887 3654 3167 3707 naturam
3190 3651 3594 3707 communiter
3616 3652 3929 3710 universae

2243 3739 2705 3813 temperationes
2728 3743 3107 3807 revocantur,
3140 3755 3276 3812 quae
3329 3756 3392 3796 es
3431 3739 3716 3813 ipsarum
3766 3741 3926 3799 inter

2244 3844 2307 3885 se
2336 3828 2707 3884 communio.
2741 3827 2864 3883 Hoc
2893 3827 3071 3884 etiam
3102 3827 3165 3883 in
3205 3827 3460 3897 civitate,
3487 3827 3755 3901 mundo,
3793 3830 3929 3887 vico

2243 3916 2471 3975 familia
2490 3918 2552 3974 in
2577 3916 2889 3973 individuo
2933 3916 3205 3989 quolibet
3244 3915 3741 3973 animadvertere
3793 3935 3926 3992 pos-

2243 4022 2471 4063 sumus.
2505 4005 2739 4077 Triplex
2758 4005 2920 4061 enim
2936 4004 3285 4062 communio
3304 4003 3369 4061 in
3390 4005 3646 4062 animali
3666 4008 3915 4065 rationis

2241 4095 2530 4169 participe
2560 4094 2837 4160 cernitur,
2863 4097 2968 4150 aut
2995 4093 3157 4149 enim
3185 4094 3640 4166 temperationis
3675 4103 3784 4153 aut
3806 4111 3904 4152 na-

2240 4188 2389 4255 tura;
2419 4188 2524 4240 aut
2547 4182 2915 4240 eruditionis.
2949 4187 3031 4239 Ac
3060 4182 3122 4238 in
3158 4182 3420 4239 naturali
3466 4183 3731 4256 quidem
3759 4202 3917 4243 com-

2241 4273 2527 4330 munione
2543 4272 2795 4329 eruditio
2810 4288 3055 4346 quoque
3070 4272 3242 4340 inest,
3263 4272 3369 4328 sed
3393 4272 3456 4328 in
3475 4276 3924 4347 temperatione

2238 4377 2365 4417 non
2377 4362 2776 4433 semperinest
2787 4361 3060 4433 eruditio,
3080 4360 3194 4417 nisi
3206 4360 3352 4417 forte
3364 4377 3436 4417 ex
3447 4360 3562 4417 illis
3573 4363 3925 4422 rationibus

2241 4466 2396 4524 quas
2420 4450 2747 4523 attulimus,
2770 4466 2990 4524 nempe
3020 4448 3186 4524 quod
3214 4450 3413 4507 omnis
3452 4451 3695 4519 entitas,
3744 4460 3813 4512 ut
3851 4454 3928 4510 ita

2241 4540 2460 4612 dicam,
2487 4540 2831 4608 sitnaturaa,
2857 4539 2979 4596 sive
3003 4539 3169 4596 bona
3199 4539 3291 4606 sit,
3319 4539 3444 4597 sive
3473 4555 3599 4596 non
3634 4540 3819 4600 bona
3838 4562 3852 4614 ;
3871 4548 3928 4601 et

466 4630 640 4691 Nulla
660 4631 822 4688 enim
855 4634 945 4687 est
963 4628 1224 4700 cognitio
1253 4643 1390 4701 qua
1435 4624 2133 4718 verummphilosophum
2163 4662 2207 4718 Β
2241 4628 2408 4703 quod
2419 4629 2616 4686 omnis
2631 4645 2728 4686 ars
2741 4629 2821 4686 ad
2834 4629 3146 4686 scientiam
3160 4626 3450 4685 referatur
3460 4629 3681 4686 eodem
3703 4633 3923 4700 modo,

467 4722 678 4795 fugiat.
709 4723 830 4777 Hoc
858 4722 1063 4777 autem
1093 4719 1236 4775 satis
1272 4715 1592 4789 perspicue
1644 4714 1759 4772 illis
1784 4732 1922 4790 quas
1974 4717 2134 4776 dicta

469 4817 610 4872 sunt
636 4827 675 4871 a
716 4810 895 4869 nobis
938 4807 1299 4867 ostenditur.
1331 4808 1794 4879 Consequuntur
1812 4806 2029 4865 deinde
2046 4808 2132 4865 in-

466 4918 724 4962 numera
751 4900 870 4959 alia
897 4915 1034 4973 qua:
1053 4896 1276 4971 partim
1302 4894 1382 4953 ad
1396 4899 1676 4952 naturam
1694 4897 1943 4970 propius
1964 4912 2131 4954 acce-

468 4993 643 5059 dunt,
700 4990 923 5065 partim
985 4988 1226 5058 longius
1280 4989 1512 5042 remota
1567 4990 1730 5045 sunt.
1791 4986 2133 5059 Suscipiunt

469 5087 673 5140 autem
693 5079 997 5153 quasdam
1026 5074 1472 5133 communionis
1498 5076 1778 5146 rationes,
1811 5090 1884 5132 ex
1907 5075 2129 5149 quibus

470 5171 601 5229 aliae
628 5184 724 5227 res
751 5174 932 5241 atque
961 5164 1285 5223 dissimiles
1326 5163 1686 5237 efﬁciuntur,
1717 5166 1819 5223 sed
1863 5166 1987 5222 sive
2012 5165 2132 5223 sint

470 5260 601 5319 alia:
660 5257 785 5314 sive
824 5254 1062 5312 dissiles
1121 5253 1183 5312 in
1229 5259 1433 5312 centro
1479 5271 1693 5313 omnes
1739 5254 2126 5326 conveniunt,

469 5347 639 5423 quod
657 5344 905 5421 quidem
936 5348 1208 5402 centrum
1235 5351 1326 5404 est
1354 5344 1705 5403 universalis
1728 5344 2004 5401 eruditio.

543 5440 597 5496 ϐ.
632 5440 716 5494 Ac
744 5434 1005 5492 scientiae
1034 5434 1282 5508 quidem
1312 5440 1370 5494 et
1391 5440 1546 5494 artes
1587 5435 1671 5493 ita
1705 5450 1768 5491 se
1794 5433 2020 5491 habent
2042 5432 2131 5491 uti

470 5527 752 5599 diximus,
778 5529 835 5583 et
860 5524 923 5581 in
942 5539 1373 5601 quamcunque
1410 5529 1646 5601 partem
1698 5539 1763 5580 se
1817 5527 2010 5582 vertat
2032 5522 2131 5581 ille

470 5619 577 5694 qui
595 5631 696 5679 res
722 5613 1030 5677 naturales
1048 5613 1388 5691 investigat,
1421 5630 1661 5691 semper
1681 5612 1937 5689 reperiet
1962 5628 2132 5677 coms

2240 4723 2298 4776 et
2316 4718 2482 4791 quod
2508 4734 2583 4775 ex
2609 4718 2721 4774 illis
2742 4718 3234 4775 communionem
3255 4718 3408 4774 inter
3431 4735 3494 4773 se
3515 4721 3917 4779 constituant.

2238 4808 2506 4866 Naturali
2530 4822 2671 4879 ergo
2693 4808 3109 4865 communioni
3124 4822 3362 4880 semper
3390 4823 3636 4865 annexa
3661 4816 3765 4867 est
3790 4827 3918 4868 eru~

2237 4897 2404 4969 ditio,
2439 4897 2525 4954 uti
2539 4897 2768 4953 dictum
2795 4902 2887 4954 est
2917 4916 2930 4954 :
2961 4896 3068 4953 sed
3089 4897 3593 4970 temperationum
3635 4914 3925 4956 commu-

2236 4986 2536 5045 nioninon
2549 5001 2785 5059 semper
2796 5002 3036 5043 annexa
3047 4991 3136 5044 est
3147 4985 3401 5043 eruditio
3415 5029 3427 5044 .
3443 4989 3593 5042 Nam
3609 4989 3782 5045 fures
3795 4988 3921 5046 duo

2235 5076 2390 5134 inter
2419 5092 2484 5133 se
2512 5076 2940 5134 communione
2969 5078 3410 5143 consociantur,
3455 5092 3753 5149 quaenam
3775 5094 3920 5136 vero

2236 5165 2770 5240 potestinteripsos
2783 5165 3508 5224 eruditionisintercedere
3519 5168 3920 5226 communio?

2238 5259 2547 5322 Praeterea,
2587 5255 2757 5312 faber
2804 5271 2945 5312 cum
3008 5254 3183 5313 fabro
3228 5255 3732 5313 communionem
3783 5258 3913 5327 init,

2237 5349 2418 5418 atque
2445 5344 2561 5402 hoc
2608 5348 2697 5401 est
2744 5344 3218 5418 temperationis,
3271 5344 3811 5418 quemadmodum
3860 5351 3919 5403 et

2234 5432 2383 5491 illud
2403 5433 2701 5507 superius.
2730 5433 3019 5491 Differunt
3047 5439 3248 5492 autem
3270 5449 3341 5491 eo
3360 5432 3527 5507 quod
3548 5434 3668 5491 hoc
3687 5441 3919 5494 natura

2236 5523 2521 5598 quaedam
2540 5528 2599 5582 et
2625 5523 2879 5582 eruditio
2924 5524 3212 5598 quaedam
3266 5525 3715 5598 temperaverit,
3760 5526 3918 5583 illud

2237 5629 2381 5676 vero
2415 5628 2616 5691 neque
2661 5614 2737 5678 sit
2780 5617 3032 5687 nauatae,
3074 5629 3276 5689 neque
3305 5613 3685 5675 eruditionis.
3730 5614 3918 5675 Nulla
