4130 6392
228 350 367 406 1357

1107 344 1463 401 THEODOBI
1504 345 1552 399 ll
1587 345 1724 400 1MP.
1766 340 1857 395 DE
1893 337 2353 399 COMMUNIONE
2392 341 2762 399 NATURALI.

3515 343 3657 399 1358

327 471 392 530 η’.
420 477 491 524 Τό
529 473 619 543 μὲν
658 467 746 522 οὖν
777 472 930 541 φύσει
982 468 1059 522 ἀεὶ
1120 477 1213 522 τοῦ
1280 471 1418 522 θέσει
1481 472 1572 520 καὶ
1627 474 1857 541 κρεῖττον
1913 469 1964 522 Α
2023 466 2307 539 καταλήγει
2334 472 2391 520 τό
2437 470 2624 519 τούτου
2649 464 2940 540 σπούδσμα
2972 473 3139 541 οτιμᾷ
3197 464 3257 520 δὲ
3295 467 3321 519 ὀ
3369 470 3459 540 μὲν
3505 473 3624 530 τοὺς

253 566 345 613 καὶ
401 578 730 635 τιμιώτερον,
803 559 848 610 εἰ
898 564 968 630 μή
1018 578 1098 618 τις
1160 557 1568 630 παραλογίζεται
1613 559 1679 608 τά
1729 557 1859 629 πρά-

256 669 455 722 γματα,
487 653 578 700 καὶ
623 652 800 719 γένους
851 649 880 706 ἣ
950 643 1202 719 πατρίδος
1263 647 1293 704 ή
1360 651 1591 706 τεκόντος
1635 646 1862 716 εὐγενείᾳ

259 739 591 810 ἀπατώμενος
639 736 967 808 παραλόγους
1020 743 1159 787 ποιεῖ
1226 737 1316 795 τάς
1358 739 1626 794 κοινωνίας
1677 733 1860 789 αὐτοῦ.

261 835 404 882 Πᾶσι
471 829 574 898 γάρ
638 833 745 886 τοῖς
804 833 982 896 σοφοῖς
1033 829 1268 886 καὶτοῖς
1313 832 1477 896 σοφῶς
1540 825 1861 897 πράττουσιν

262 917 441 989 ἁρεταί
505 920 596 967 καὶ
664 913 776 987 βίος
858 913 1197 981 ἑλετάξονται,
1256 915 1287 971 ή
1347 912 1546 973 ἀληθής
1607 916 1694 964 καὶ
1752 913 1865 962 θεία

263 1007 504 1075 εὐγένεια.
529 1006 606 1056 Τά
629 1001 679 1056 δ’
701 1003 830 1054 ἄλλα
857 1005 994 1054 θέσει
1042 1007 1132 1053 καὶ
1180 1000 1354 1076 πόρρω
1391 1010 1482 1053 του
1541 1005 1692 1073 φύσει
1741 1005 1866 1050 ὄντα

264 1098 740 1168 παραθεωροῦνται.
761 1089 1088 1145 Διδάσκουσι
1108 1094 1210 1165 γάρ
1236 1096 1326 1142 καὶ
1348 1094 1396 1142 οἱ
1417 1095 1532 1151 τοὺς
1555 1089 1759 1161 ἀγῶκας
1775 1093 1864 1140 καὶ

265 1188 329 1237 τά
356 1183 580 1260 βραϐεῖα
609 1190 878 1242 ποιοῦντες
906 1186 996 1232 καὶ
1022 1176 1258 1240 διδόντες
1286 1185 1380 1237 τήν
1410 1184 1579 1248 νικὴν,
1609 1183 1697 1231 καὶ
1721 1180 1771 1230 οἱ
1799 1179 1866 1229 τὰ

268 1278 544 1346 συμπόσια
561 1271 822 1330 τελοῦντες
841 1289 935 1326 την
965 1287 1131 1325 νικην.
1173 1267 1294 1320 Ὀτι
1321 1271 1410 1340 μὲν
1441 1263 1529 1319 οὖν
1555 1267 1649 1319 οὐκ
1666 1268 1775 1319 ἶσοι
1793 1273 1865 1337 τῷ

263 1367 398 1433 γένει
429 1365 473 1414 εῖ
492 1379 548 1412 τε
571 1361 621 1411 οἱ
642 1358 916 1418 ἀθλοῦντες
940 1359 1092 1428 εἰσιν,
1117 1360 1213 1408 εἴτε
1229 1356 1278 1407 οὶ
1299 1352 1828 1430 πίνοντες,πρόδηλον
1849 1375 1862 1388 ο

268 1449 379 1504 ἶσοι
407 1446 468 1502 δέ
496 1457 558 1521 τῇ
587 1456 737 1521 τιμῇ,
761 1449 896 1498 ὥστε
920 1441 1093 1505 οὐδεὶς
1115 1444 1174 1496 ἂν
1194 1444 1431 1515 λήψηται
1449 1447 1507 1496 τὸ
1528 1449 1706 1516 γέρας,
1729 1443 1774 1496 εἰ
1793 1447 1864 1516 μή

268 1541 294 1592 6
322 1544 553 1596 νικήσων
584 1543 667 1589 καὶ
706 1541 856 1609 μόνος
893 1536 1028 1586 κατά
1057 1553 1108 1586 τε
1155 1536 1221 1584 τά
1270 1528 1402 1586 ἆθλα
1439 1538 1530 1585 καὶ
1568 1536 1655 1584 τὸν
1689 1537 1866 1587 πότον.

273 1631 524 1688 Κοινωνός
555 1623 613 1680 δε
640 1635 739 1679 τῶν
764 1624 1052 1677 ἀθλούντων
1079 1624 1104 1675 6
1132 1630 1430 1697 κορυφαῖος,
1462 1627 1552 1674 καὶ
1579 1631 1678 1674 τῶν
1702 1627 1872 1674 πινόν-

268 1738 370 1770 των
398 1720 424 1769 ό
455 1716 623 1768 αὐτῶν
666 1718 866 1789 ἔφορος,
903 1717 968 1773 ὡς
1002 1715 1180 1787 ἔφορος
1208 1717 1299 1764 καὶ
1332 1713 1434 1782 γάρ
1483 1714 1678 1764 τούτων
1707 1710 1867 1764 ἐστίν.

265 1806 388 1882 Ἆρ’
413 1803 500 1858 οὖν
520 1806 742 1858 ἐνταυθα
794 1808 881 1854 καὶ
935 1803 1125 1877 κροίσις
1166 1819 1222 1854 τε
1257 1819 1348 1852 και
1388 1797 1628 1869 παιδεία,
1680 1805 1771 1852 καὶ
1811 1798 1872 1850 οὗ
1926 1815 1970 1871 Β

262 1900 352 1970 μὲν
378 1895 765 1968 φυσικωτέραή
797 1897 938 1957 νίκη,
971 1891 1030 1943 οὗ
1085 1887 1145 1942 δε
1202 1893 1339 1943 θέσει
1384 1895 1475 1942 καὶ
1511 1894 1686 1962 μόνον.
1745 1895 1875 1950 Ταῖς

263 1985 576 2060 ἀμφοτέραις
615 1979 676 2036 δε
702 1987 894 2055 κρᾶσίς
952 1978 1085 2046 ἔστι,
1140 1984 1230 2031 καὶ
1269 1987 1331 2052 τῇ
1393 1982 1481 2052 μεν
1531 1981 1659 2051 μέθη
1716 1976 1870 2052 τριϐὴ

266 2075 596 2148 ἀλογωτοὲτη,
616 2080 678 2145 τῇ
709 2067 769 2124 δε
798 2069 1018 2129 ἀθλήσει
1055 2066 1277 2122 παιδεία
1320 2088 1400 2130 τις
1424 2089 1438 2102 ο
1469 2070 1625 2140 φύσιν
1668 2070 1766 2140 γάρ
1815 2068 1874 2120 τὸ

271 2165 425 2218 αθλον
483 2169 742 2216 συνιστῶν
785 2159 1226 2232 φιλοτιμούρενος,
1285 2165 1435 2210 τοῦτο
1489 2162 1802 2214 συνίστησιν
1859 2173 1871 2185 ·

275 2254 380 2307 ἰκεῖ
401 2255 504 2328 γάρ
537 2254 722 2323 μάχης
759 2251 903 2324 ἔργα,
939 2245 1149 2313 δίσκος,
1192 2245 1423 2318 δίαυλος,
1487 2250 1696 2318 πυγμὴ,
1735 2245 1874 2303 πάλη

275 2348 366 2395 καὶ
403 2341 562 2408 ἅλμα,
603 2345 847 2414 γρήσιμα
892 2338 1082 2403 πάντα,
1129 2337 1364 2407 πολιτείᾳ
1409 2340 1500 2387 καὶ
1558 2340 1742 2407 κόσμῳ
1788 2339 1879 2387 καὶ

279 2431 384 2505 βίῳ
462 2429 712 2503 ὠφέλιμα,
768 2425 863 2479 κᾶν
920 2428 998 2484 ειη
1053 2423 1109 2477 ἐκ
1164 2433 1264 2477 τῶν
1311 2427 1559 2477 τοιούτων
1609 2443 1686 2484 τις
1737 2425 1879 2494 αὐτῷ

275 2518 549 2581 ἡδονή.⁶0
579 2514 640 2571 δὲ
685 2512 1133 2589 Σαρδαναπάλειος
1180 2520 1270 2568 καὶ
1321 2517 1660 2576 Διονυσιακὸς
1708 2513 1882 2586 ἔφορος

278 2616 432 2683 μόνον
479 2613 574 2667 τήν
629 2607 819 2679 ἄλογον
875 2601 1071 2663 ἡδονήν
1129 2602 1352 2676 βλέπων,
1417 2603 1488 2665 εἰς
1539 2600 1691 2656 οὐδὲν
1742 2602 1884 2665 τέλος

251 2823 390 2874 sunt
418 2811 862 2890 prastantiores
884 2808 1533 2866 communicationibus
1554 2807 1666 2864 illis
1683 2825 1816 2881 qua
1834 2826 1907 2866 ex

252 2904 698 2978 temperatione,
729 2916 851 2957 non
879 2915 952 2956 ex
975 2899 1206 2955 ratione
1243 2899 1557 2962 exsistunt,
1606 2904 1671 2954 ut
1724 2901 1905 2956 etiam

253 2997 513 3052 duorum
540 2992 775 3048 illorum
807 2990 1238 3061 imperatorum
1258 2987 1411 3043 ﬁnes
1428 2989 1802 3044 ostendunt?

326 3089 378 3140 8.
403 3081 572 3148 Quod
593 3080 772 3150 igitur
786 3083 1004 3134 natura
1019 3083 1252 3132 constat
1272 3092 1500 3148 semper
1513 3083 1603 3132 est
1630 3083 1909 3146 praslan-
1943 3117 1983 3172 Ο

254 3175 369 3231 tius
380 3171 686 3240 etdignius
699 3183 770 3222 eo
782 3169 946 3241 quod
961 3167 1251 3238 positione
1263 3166 1634 3225 constat.nisi
1657 3166 1803 3222 forte
1817 3167 1910 3222 ali-

252 3263 388 3336 quis
402 3260 605 3315 fucum
621 3257 801 3312 rebus
813 3256 1006 3312 facere
1021 3255 1156 3310 velit
1168 3261 1225 3310 et
1243 3257 1498 3324 generis,
1515 3256 1720 3328 patria
1735 3261 1791 3311 et
1805 3271 1911 3328 pa-

252 3357 490 3407 rentum
500 3346 806 3404 nobilitate
816 3345 1344 3415 deceptas,prater
1355 3345 1640 3400 rationem
1652 3361 1843 3400 comm
1854 3362 1915 3399 u-

255 3441 454 3496 nicare
476 3437 666 3492 soleat
690 3454 702 3497 ;
736 3449 880 3490 nam
894 3433 1133 3488 virtutes
1153 3439 1211 3487 et
1234 3433 1356 3488 vita
1369 3434 1618 3488 honesta
1631 3434 1915 3488 omnibus

257 3527 630 3602 sapientibus
649 3530 706 3579 et
729 3523 1027 3594 sapienter
1044 3521 1361 3590 agentibus
1382 3522 1682 3578 habentur
1707 3527 1916 3578 etsunt

257 3634 398 3674 vera
427 3633 496 3671 ac
517 3615 721 3671 divina
743 3611 1044 3667 nobilitas.
1061 3610 1188 3666 Alia
1211 3626 1350 3666 vero
1372 3611 1579 3666 omnia
1606 3611 1916 3680 negligun-

257 3714 353 3764 tur
381 3703 771 3777 sapientibus,
799 3700 1086 3772 nulloque
1113 3699 1175 3754 in
1206 3700 1394 3770 pretio
1424 3699 1743 3773 habentur,
1777 3716 1916 3771 qua

257 3795 546 3852 nimirum
570 3789 863 3864 positione
889 3792 1186 3852 constant,
1210 3793 1268 3843 et
1293 3787 1373 3843 ab
1402 3804 1474 3844 eo
1502 3787 1670 3860 quod
1700 3794 1918 3844 natura

258 3888 494 3940 constat
512 3879 860 3950 longissime
875 3877 1099 3932 distant
1116 3893 1130 3944 ;
1149 3893 1293 3932 nam
1307 3877 1413 3948 qui
1433 3877 1761 3932 certamina
1777 3893 1913 3932 con-

261 3974 507 4029 stituunt
533 3977 591 4026 et
613 3967 866 4042 pramia
895 3972 1240 4037 proponunt
1276 3966 1496 4022 docent
1520 3967 1830 4022 victoriam
1859 3971 1917 4021 et

256 4062 360 4136 qui
379 4061 442 4117 in
463 4057 753 4116 conviviis
777 4055 1045 4128 potando
1062 4059 1291 4110 certant
1314 4055 1628 4110 victoriam
1649 4055 1759 4110 sibi
1777 4071 1915 4127 pro-

254 4155 508 4224 ponunt.
532 4145 703 4212 Quod
725 4149 927 4200 autem
957 4158 1082 4198 non
1105 4143 1222 4197 sint
1248 4157 1464 4212 genere
1491 4142 1758 4215 aquales
1791 4150 1916 4198 tum

253 4235 693 4296 exercitationis
716 4248 902 4289 causa
930 4237 1242 4302 certantes,
1273 4239 1402 4287 tum
1431 4231 1610 4288 etiam
1643 4237 1917 4304 potantes

253 4331 407 4386 inter
425 4340 640 4383 omnes
657 4327 920 4379 constat:
936 4319 1042 4376 sed
1058 4321 1323 4392 aquales
1342 4326 1482 4376 sunt
1493 4321 1742 4392 pramio
1755 4321 1918 4393 quod

259 4416 463 4476 nullus
483 4413 800 4486 pramium
829 4409 1108 4481 accipiat,
1141 4410 1255 4465 nisi
1285 4409 1449 4465 solus
1479 4409 1576 4465 ille
1601 4410 1709 4482 qui
1738 4410 1923 4465 victor

258 4507 436 4564 fuerit
463 4505 583 4559 sive
599 4504 660 4558 in
677 4499 1104 4557 certaminibus
1136 4499 1261 4555 sive
1276 4499 1338 4554 in
1353 4498 1920 4571 compotationibus.

264 4597 414 4652 Acin
429 4589 856 4650 certaminibus
876 4588 1125 4660 quidem
1144 4589 1532 4660 quiprinceps
1552 4595 1640 4644 est
1655 4604 1928 4649 commu.

261 4687 504 4744 nionem
515 4682 766 4738 instituti
789 4678 1230 4736 cumcertantib
1239 4695 1307 4733 us
1333 4679 1657 4734 initetcum
1670 4679 1925 4750 potanti-

261 4777 376 4832 bus
386 4775 658 4847 ipsorum
670 4785 894 4842 prases
911 4787 924 4836 ;
939 4783 1083 4823 nam
1099 4766 1337 4823 illorum
1350 4769 1629 4839 princeps
1639 4772 1728 4823 est
1743 4773 1807 4823 ut
1818 4769 1922 4824 ho-

259 4881 395 4922 rum
412 4877 652 4935 prases.
677 4865 892 4914 Annon
911 4857 1091 4926 igitur
1113 4857 1211 4912 hic
1231 4864 1319 4911 est
1339 4857 1689 4928 temperatio
1714 4863 1771 4912 et
1795 4872 1920 4912 eru-

259 4955 404 5010 ditio
418 4955 445 5010 ?
459 4955 656 5022 thuo
671 4948 864 5019 magis
877 4947 954 5003 ad
967 4952 1245 5002 naturam
1258 4945 1487 5002 accedit
1515 4947 1573 5001 in
1588 4945 1914 5002 certamini-

257 5044 377 5102 bus
388 5041 636 5098 victoria
647 5054 718 5095 eo
729 5036 1127 5110 prastantior.
1136 5038 1180 5100 0
1189 5051 1264 5091 uo
1280 5041 1482 5091 autem
1495 5036 1688 5105 magis
1701 5035 1920 5091 consti-

257 5133 486 5191 tutione
513 5133 748 5185 constat
774 5127 879 5182 illa
904 5126 964 5181 in
995 5124 1544 5198 compotationibus
1583 5123 1822 5180 victoria
1849 5139 1921 5180 eo

258 5218 600 5292 ignobilior.
619 5220 796 5274 Porro
806 5215 868 5270 in
880 5230 979 5270 am
988 5213 1182 5270 babus
1195 5213 1456 5269 victoriis
1467 5213 1619 5268 inest
1632 5217 1749 5268 tem
1759 5228 1922 5283 pera-

261 5311 345 5368 tio
376 5326 390 5378 ;
423 5325 494 5364 ac
519 5308 580 5362 in
607 5303 958 5362 temulentia
978 5309 1213 5374 tempus
1237 5306 1449 5375 prater
1476 5318 1721 5358 omnem
1743 5302 1920 5358 ratio-

262 5414 404 5456 nem
423 5395 688 5470 ponitur,
708 5394 770 5449 in
789 5392 1215 5448 certaminibus
1229 5406 1371 5447 vero
1387 5395 1476 5446 est
1491 5390 1775 5462 quaedam
1790 5406 1920 5446 eru-

267 5487 586 5549 ditio;nam
600 5483 705 5555 qui
722 5482 1040 5554 praemium
1056 5480 1399 5537 certaminis
1418 5479 1726 5536 constituit
1750 5484 1920 5535 natu-

268 5575 378 5633 rali
400 5579 457 5630 et
476 5571 766 5630 laudabili
797 5556 994 5627 studio
1023 5569 1263 5636 ductus,
1296 5569 1441 5626 illud
1480 5568 1806 5626 constituit.
1835 5567 1920 5626 lbi

271 5665 436 5727 enim
459 5664 648 5731 disco,
679 5677 880 5728 cursu,
907 5674 1116 5733 pugna
1139 5665 1198 5716 et
1223 5660 1386 5717 lucta
1412 5675 1626 5716 omnes
1656 5673 1931 5716 exercen-

2023 553 2324 623 ἀθλοῦντας,
2349 555 2456 608 όὸε
2494 561 2608 616 τοὺς
2656 561 2910 618 πίνοντας.
2965 560 3023 609 τὸ
3076 561 3166 629 μὲν
3202 565 3407 630 πρῶτον
3464 577 3626 630 φυσι-

2023 649 2264 716 κώτερον,
2333 649 2392 696 τό
2451 641 2500 696 δ’
2546 645 2769 696 ὕστατον
2816 643 3108 717 ἀτιμόττον.
3159 645 3270 697 Οὐκ
3331 649 3474 698 ἔστιν
3525 649 3629 720 ἄρα

2024 740 2115 784 τοῦ
2163 736 2299 786 θέσει
2345 738 2400 785 τό
2467 736 2620 805 φύσει
2677 741 2954 808 κρεῖττον;
3001 738 3100 786 Καὶ
3152 739 3276 805 μὴν,
3334 741 3431 794 πᾶς
3484 738 3626 808 εῐπη,

2026 825 2138 894 ἔχει
2180 825 2278 896 γάρ
2327 822 2519 880 πολλήν
2587 827 2680 880 τήν
2758 821 3022 881 ἀλήθειαν.
3079 823 3200 875 Εἰσὶ
3255 819 3314 875 δὲ
3365 829 3456 876 καὶ
3501 823 3630 876 ἄλλα

2022 914 2158 976 τινά,
2190 920 2298 973 πῶς
2332 914 2422 983 μὲν
2453 910 2734 983 ἐξεχόμενα
2763 914 2981 980 τούτων,
3020 920 3131 972 πῶς
3175 909 3233 964 δὲ
3294 909 3626 987 διαφέροντα,

2025 1004 2316 1073 στρατῦγία
2359 1021 2372 1034 ο
2405 1002 2536 1072 μετά
2580 997 2640 1052 δε
2706 1001 2934 1074 ἰατρική,
2983 1003 3340 1075 φιλάνθρωπος
3391 1006 3491 1074 γάρ
3539 1007 3630 1054 καὶ

2024 1089 2170 1154 αὖ,ή,
2221 1095 2375 1148 Κοινὴ
2435 1086 2494 1141 δὲ
2540 1095 2822 1162 γεωργική.
2888 1095 2988 1143 Καὶ
3031 1096 3124 1148 τήν
3177 1094 3268 1162 μὲν
3315 1096 3627 1166 γεωργικήν⁵

2025 1179 2068 1230 εἰ
2091 1181 2226 1230 κατά
2254 1182 2376 1239 τοὺς
2396 1178 2602 1240 ἀληθεῖς
2630 1197 2712 1240 τις
2751 1175 2844 1250 ἴδῃ
2896 1177 3102 1249 λόγους,
3172 1184 3369 1251 μεστήν
3424 1182 3637 1256 εὑρήσει

2025 1264 2395 1328 παιδείας.Μή
2428 1272 2612 1319 σκόπει
2679 1263 2738 1318 δὲ
2791 1269 2871 1319 ὅτι
2917 1267 3013 1319 οὐκ
3061 1265 3174 1320 οἶδε
3216 1273 3335 1330 τοὺς
3387 1269 3574 1342 λόγους
3606 1272 3632 1323 6

2026 1361 2272 1430 γεωργός,
2305 1355 2431 1408 ἀλλά
2453 1361 2636 1408 σκόπει
2667 1359 2747 1408 ὅτι
2778 1358 2914 1407 κατά
2938 1356 3088 1427 λόγον
3137 1357 3167 1414 ή
3221 1362 3382 1430 τέχνη
3413 1364 3633 1430 γίνεται.

2025 1445 2226 1518 Ὠσπερ
2293 1447 2394 1519 γάρ
2447 1465 2537 1497 και
2589 1444 2932 1520 κυϐερνητικὴ
3006 1445 3063 1497 ἆϐ
3110 1455 3205 1507 τῆς
3261 1454 3475 1520 πρώτης
3521 1452 3636 1520 ἔχει

2028 1538 2094 1587 τά
2173 1543 2386 1607 σημεῖα,
2465 1535 2559 1586 οὐκ
2635 1532 2748 1587 οἶδε
2806 1531 2864 1587 δί
2919 1535 3052 1597 ὃπως
3102 1541 3327 1608 γίνοιντο
3364 1547 3566 1591 ταῦὺτα
3607 1541 3633 1591 6

2030 1621 2375 1698 κυδερνήτης,
2433 1625 2594 1685 οὕτως
2644 1629 2734 1677 καὶ
2785 1626 2811 1676 6
2865 1628 3109 1698 γεωργός,
3177 1626 3232 1678 ἐκ
3285 1635 3381 1689 τῆς
3422 1633 3637 1702 πρώτης

2032 1717 2168 1786 ἔχων
2222 1716 2316 1775 τὰς
2378 1715 2447 1775 ὡς
2505 1713 2642 1774 εἰκὸς
2689 1713 2904 1787 πράξεις
2955 1711 3360 1787 δεδιδαγμένος,
3423 1721 3637 1792 πράττει

2033 1808 2103 1876 μή
2176 1803 2429 1866 ἐξετάζων
2488 1823 2502 1836 ο
2561 1799 3054 1876 ἀποδεικτικοῖςγὰρ
3127 1804 3302 1876 λόγοις
3367 1812 3457 1859 καὶ
3515 1806 3638 1859 ἀνα-

2032 1902 2235 1963 γκαίοις
2264 1895 2294 1951 ἡ
2328 1897 2506 1964 πρώτη
2551 1881 2958 1954 συνήξε’ταύτην
3011 1899 3107 1952 τήν
3150 1898 3362 1966 τέχνην.
3423 1894 3635 1956 Ἐπειδὴ

2033 1987 2092 2034 τὸ
2143 1981 2341 2042 πλῆθος
2419 1981 2582 2038 αὐτήν
2639 1979 2955 2054 ἐργάζεσθαι
3001 1982 3198 2054 ἔμελλεν
3254 1983 3642 2057 ὁμολογούμενα

2037 2069 2096 2124 δὲ
2115 2091 2232 2124 τινα
2262 2067 2508 2143 δόγματα
2534 2067 2855 2142 παραδοῦσα
2899 2079 3005 2132 τοῖς
3047 2077 3294 2146 πρώτοις,
3353 2079 3478 2147 πρὸς
3525 2082 3642 2136 τοὺς

2037 2161 2216 2233 ἐφεξῆς
2261 2168 2431 2212 ταῦτα
2501 2155 2878 2231 μεταδίδονται
2943 2161 3080 2235 ἄχρι
3135 2169 3223 2212 νῦν
3274 2160 3644 2226 ἀϐασανίστως

2035 2255 2126 2302 καὶ
2157 2247 2526 2311 ἀνοξετάστως.
2567 2254 2839 2321 Μαρτυρεῖ
2869 2245 2928 2300 δε
2957 2254 3048 2301 καὶ
3102 2251 3129 2300 6
3185 2256 3402 2311 ποιητής
3469 2251 3644 2305 Ἠσίο-

2041 2335 2153 2406 δός,
2185 2340 2267 2390 ὅτι
2298 2357 2387 2410 περ
2444 2345 2538 2399 τῆς
2584 2342 2797 2409 πρώτης
2849 2338 2878 2394 ἡ
2937 2338 3193 2410 θεωργική
3250 2335 3390 2390 ἔστιν
3439 2341 3503 2400 ὡς
3554 2346 3644 2393 καὶ

2040 2433 2211 2479 πᾶσαι
2262 2447 2275 2460 ο
2317 2425 2546 2489 ὶξετάζει
2603 2428 2704 2499 γὰρ
2762 2430 2853 2477 καὶ
2904 2430 3120 2500 καιροὺς
3172 2432 3262 2479 καὶ
3309 2433 3501 2490 τόπους
3555 2435 3648 2482 καὶ

2039 2515 2222 2586 λόγους
2250 2520 2340 2567 καὶ
2392 2516 2695 2588 πράγματα,
2746 2520 2836 2567 καὶ
2878 2513 3126 2578 ἐξετάσας
3183 2517 3288 2568 οἷον
3347 2514 3647 2592 παράδοσίν

2042 2624 2160 2658 τινα
2232 2611 2460 2656 ποιεῖται
2529 2603 2911 2676 εὐγενεστέραν.
2993 2608 3094 2656 Καὶ
3167 2613 3324 2658 τοῦτο
3395 2601 3490 2658 διὰ
3552 2611 3648 2664 τὴν

2015 2815 2110 2867 tur
2126 2814 2180 2865 et
2201 2809 2259 2864 in
2288 2807 2420 2864 aliis
2450 2807 2630 2863 rebus
2667 2806 3012 2879 reipublica
3042 2807 3274 2864 mundo
3321 2815 3502 2882 atque
3538 2811 3676 2867 vita

2016 2899 2260 2955 utilibus
2279 2914 2352 2953 ex
2371 2897 2594 2970 quibus
2611 2895 2889 2968 voluptas
2909 2897 3161 2953 honesta
3176 2899 3462 2970 quadam
3491 2901 3677 2956 exsis-

2016 2989 2100 3044 tit.
2134 2993 2204 3043 At
2237 3002 2458 3059 prases
2483 2985 2578 3041 ille
2621 2985 3094 3057 Sardanapalius
3121 2993 3180 3041 et
3211 2988 3528 3043 Bacchicus
3571 3004 3678 3045 vo-

2015 3077 2294 3149 luptatem
2309 3075 2556 3130 rationis
2568 3080 2861 3146 expertem
2876 3074 3294 3130 duntaxatsibi
3307 3092 3672 3148 proponens,

2019 3169 2094 3221 ad
2126 3164 2360 3220 nullum
2377 3164 2559 3218 ﬁnem
2579 3164 2904 3219 honestum
2927 3163 3365 3220 etlaudabilem
3385 3168 3678 3238 pervenit.

2019 3263 2101 3310 Ac
2122 3253 2216 3309 ille
2246 3253 2492 3324 quidem
2523 3259 2814 3308 certantes
2851 3253 3082 3308 honore
3139 3253 3339 3322 afﬁcit,
3401 3255 3499 3311 hic
3537 3272 3678 3313 vero

2022 3351 2318 3417 potantes.
2344 3347 2410 3399 Et
2441 3343 2586 3398 illud
2613 3343 2862 3414 quidem
2911 3345 3106 3412 magis
3150 3345 3229 3400 ad
3272 3353 3554 3402 naturam
3579 3363 3677 3402 ac-

2021 3434 2172 3499 cedi,
2205 3433 2365 3488 istud
2381 3448 2518 3488 vero
2544 3438 2912 3503 postremum
2941 3438 3030 3488 est
3047 3434 3481 3504 turpissimum.
3517 3439 3680 3492 Nun-

2021 3523 2164 3595 quid
2213 3522 2392 3591 igitur
2468 3521 2634 3593 quod
2695 3526 2911 3577 natura
2967 3530 3198 3578 constat
3261 3530 3350 3580 est
3399 3531 3682 3596 praestan-

2023 3617 2138 3667 tius
2169 3627 2240 3666 eo
2270 3611 2432 3682 quod
2459 3611 2751 3681 positione
2771 3610 2798 3664 ?
2829 3614 2994 3667 Certe
3015 3612 3408 3684 compellente
3435 3615 3680 3671 veritate

2021 3700 2269 3773 quilibet
2320 3699 2621 3756 fatebitur.
2680 3703 2829 3755 Sunt
2875 3707 3078 3756 autem
3126 3703 3306 3758 etiam
3354 3703 3472 3759 alia
3519 3721 3682 3776 qua-

2023 3791 2164 3846 dam
2196 3805 2332 3861 qua
2369 3789 2588 3860 partim
2616 3804 2757 3843 cum
2786 3789 2878 3844 his
2937 3789 3256 3857 coharent,
3327 3794 3543 3863 partim
3601 3794 3681 3850 ab

2020 3879 2234 3934 iisdem
2266 3876 2568 3933 differunt.
2615 3879 2681 3933 Ut
2705 3893 2803 3933 ars
2855 3878 3112 3934 ducendi
3177 3881 3503 3936 exercitum
3556 3883 3684 3955 pri-

2022 3985 2137 4022 ma
2167 3965 2644 4023 architectonica
2674 3973 2761 4021 est
2789 3967 3082 4038 proxima.
3117 3969 3340 4024 Deinde
3361 3971 3680 4028 medicina.

2023 4060 2171 4112 Nam
2204 4057 2327 4110 hac
2355 4070 2600 4126 quoque
2635 4055 2909 4110 homines
2941 4056 3271 4127 plurimum
3292 4058 3482 4128 juvat.
3517 4061 3683 4130 Agri-

2022 4145 2256 4201 cultura
2279 4160 2418 4200 vero
2440 4150 2532 4199 est
2547 4145 2911 4199 communis.
2931 4147 3014 4200 Ac
3036 4146 3084 4200 si
3101 4148 3238 4217 quis
3255 4149 3683 4219 agriculturam

2024 4252 2097 4289 ex
2125 4234 2280 4290 veris
2317 4233 2649 4289 rationibus
2679 4233 3036 4303 consideret,
3067 4233 3310 4306 plenam
3339 4239 3686 4296 eruditionis

2026 4339 2158 4380 esse
2198 4323 2542 4394 comperiet.
2589 4325 2772 4378 Nemo
2823 4339 2966 4379 vero
2995 4324 3336 4381 otiendatur
3391 4342 3462 4382 eo
3519 4329 3687 4399 quod

2030 4413 2295 4484 agricola
2324 4412 2583 4467 rationes
2604 4427 2727 4467 non
2753 4412 2917 4467 novit
2941 4431 2953 4479 ;
2981 4413 3028 4466 is
3051 4415 3250 4484 potius
3290 4422 3480 4472 artem
3537 4419 3690 4488 agri-

2031 4501 2279 4558 cultura
2301 4517 2371 4556 ex
2388 4501 2618 4557 ratione
2638 4501 2919 4556 exsistere
2937 4501 3252 4572 diligenter
3268 4512 3448 4560 notet.
3474 4509 3691 4573 Quem-

2031 4590 2365 4648 admodum
2391 4591 2553 4645 enim
2583 4605 2678 4644 ars
2707 4589 3118 4658 gubernanda
3171 4593 3343 4649 navis
3377 4595 3688 4667 signorum

2032 4679 2435 4751 cognitionem
2460 4695 2498 4734 a
2533 4678 2730 4751 prima
2760 4680 3009 4752 accepit,
3051 4697 3312 4753 quorum
3361 4689 3561 4741 tamen
3599 4703 3691 4744 ra-

2030 4771 2256 4826 tionem
2280 4767 2530 4824 reddere
2577 4768 2802 4839 nequit,
2835 4769 2915 4824 ita
2940 4770 3120 4826 etiam
3152 4773 3418 4840 agricola
3437 4791 3474 4829 ει
3495 4776 3692 4846 prima

2029 4859 2132 4914 illa
2160 4857 2424 4922 scientia,
2454 4863 2517 4911 ut
2567 4861 2660 4911 est
2687 4872 2952 4926 necesse,
2994 4858 3329 4916 doctrinam
3387 4864 3692 4920 actionum

2030 4947 2258 5019 accepit
2287 4963 2298 5000 :
2331 4947 2454 5014 agit
2478 4950 2678 5001 autem
2696 4946 2955 5001 rationes
2983 4962 3102 5002 non
3132 4948 3518 5018 investigans.
3542 4952 3692 5008 Nam

2030 5037 2227 5110 prima
2257 5035 2504 5090 scientia
2534 5034 2884 5090 certissimis
2916 5040 2973 5091 et
3005 5037 3333 5092 verissimis
3362 5040 3696 5098 conclusio-

2028 5125 2207 5180 nibus
2269 5124 2428 5179 hanc
2477 5129 2666 5178 artem
2721 5123 2973 5178 confecit
3029 5123 3179 5180 Cum
3228 5132 3430 5182 autem
3481 5129 3696 5200 vulgus

2027 5213 2185 5269 hanc
2224 5218 2414 5268 artem
2471 5226 2743 5266 exercere
2807 5211 2992 5281 vellet,
3057 5215 3363 5270 sententia
3410 5217 3698 5288 quadam

2029 5303 2108 5360 ab
2128 5301 2414 5356 omnibus
2441 5307 2717 5372 recepta,
2742 5300 2821 5355 ab
2844 5300 2944 5356 illa
2976 5303 3168 5373 prima
3215 5305 3463 5361 scientia
3519 5319 3704 5379 quasi

2026 5407 2134 5464 per
2159 5406 2378 5447 manus
2413 5389 2644 5445 tradita
2672 5395 2728 5444 et
2762 5390 2842 5444 ad
2864 5396 3137 5462 posteros
3159 5400 3510 5465 propagata
3537 5405 3698 5470 sunt,

2030 5495 2282 5552 quarum
2297 5479 2535 5550 quidem
2557 5479 2975 5534 sententiarum
3003 5480 3264 5536 rationes
3289 5498 3460 5539 nemo
3483 5495 3706 5543 scruta-

2039 5572 2424 5626 tur.Testatur
2437 5568 2616 5624 etiam
2632 5567 2920 5623 Hesiodus
2933 5577 3112 5640 poeta
3124 5577 3314 5627 artem
3329 5574 3706 5645 agricultura

2041 5665 2107 5720 ut
2142 5664 2202 5717 et
2218 5674 2432 5716 omnes
2451 5661 2630 5728 artes,
2660 5673 2698 5712 a
2722 5658 2920 5729 prima
2946 5658 3052 5716 illa
3082 5660 3336 5720 scientia
3376 5678 3706 5734 manasse;
