4130 6396
479 316 615 373 1359

1994 298 2354 367 ΑΒΒΕΝΒΑ.

3768 302 3926 360 1360

475 441 743 512 ὑπόθεσιν,
779 457 871 492 και
898 455 1017 511 περι
1044 453 1145 509 μεν.
1162 434 1358 494 ταύτης
1392 431 1446 495 ἐς
1496 433 1670 487 τόσὸν.
1727 430 1964 501 Εἶπωμεν
2018 424 2077 480 δὲ
2133 429 2182 497 A,
2241 431 2596 503 φυσικωτέραν
2665 434 2855 506 κρᾶσιν
2928 428 3174 481 κοινωνία
3224 429 3317 480 καὶ
3400 424 3595 499 μᾶλλον
3689 428 3884 501 αγαιθή

473 535 594 604 περὶ
627 531 695 581 ὧν
725 528 1114 600 ὑπεσχέθημεν.

546 616 616 677 η’.
642 621 940 691 Στρατηγία
973 618 1063 689 μὲν
1101 610 1189 667 οὖν
1236 617 1399 685 τέχνη
1451 609 1584 670 καλή
1631 613 1719 663 καὶ
1780 611 2075 685 πρωτίστη,

473 710 815 779 χρυσοχοίκὴ
851 701 911 758 δε
939 707 1175 778 περιττή.
1204 707 1448 756 Κοινωνεῖ
1476 696 1535 753 δε
1585 705 1753 771 Κῦρος
1808 699 1897 769 μὲν
1959 712 2079 747 παι-

474 790 594 868 δείᾳ
619 803 693 866 τῷ
717 795 890 866 οἰκείῳ
923 795 1278 868 στρατεύματι
1335 786 1610 844 διδάσκων
1659 786 1786 840 αὑτό
1827 789 1884 838 τὸ
1938 783 2076 836 λιτὸν

470 890 561 938 καὶ
633 888 759 960 πρὸς
805 884 1048 958 περιττὰς
1094 881 1368 953 ἀπέριττον
1431 883 1682 952 χρήσεις.
1744 881 1967 951 Κροῖσος
2017 868 2076 925 δὲ

472 972 754 1031 Πακτωλοῦ
782 973 933 1048 ῥύσει
968 970 1126 1024 πολὺν
1180 970 1535 1044 συναθροίσας
1586 968 1817 1042 χρυσὸν,
1850 970 2077 1018 ποιεῖται

469 1067 600 1139 πρὸς
628 1066 975 1139 χρυσοχόους
1003 1063 1095 1122 τὰς
1135 1063 1420 1128 κοινωνίας,
1453 1054 1488 1111 ὃ
1494 1060 1547 1110 ιὰ
1581 1059 1668 1109 τὸν
1716 1055 2074 1129 μακαρισμὸν,

470 1148 629 1226 οὑπερ
650 1152 745 1205 οὑκ
793 1150 986 1214 ἠξιώθη
1021 1148 1118 1202 κᾶν
1150 1150 1293 1222 παρὰ
1349 1145 1587 1215 Σόλωνος,
1641 1151 1879 1221 χρυσοῦς
1932 1160 2077 1204 τινας

467 1225 723 1315 τρίποδας
762 1239 1169 1300 κατασκευάζων
1228 1241 1317 1291 καὶ
1381 1235 1647 1296 πλίνθους.
1709 1239 1908 1309 Κρᾶσις
1964 1225 2073 1315 ἤδη

472 1333 674 1393 τούτοις
711 1349 803 1382 και
841 1333 1063 1382 κονωνία
1091 1348 1105 1362 '
1137 1331 1229 1380 καὶ
1284 1327 1315 1385 ἡ
1374 1328 1465 1397 μὲν
1524 1326 1873 1397 φυσικωτέρα,
1934 1322 1964 1379 ἡ
2024 1312 2077 1374 δ’

468 1419 595 1477 ἄλλη
619 1418 669 1480 ἐς
704 1423 859 1473 τόσον
915 1416 1128 1491 βασιλεῖ
1182 1415 1432 1491 ἀπρεπής.
1488 1418 1559 1467 T6
1612 1415 1704 1487 μὲν
1759 1415 1861 1485 γὰρ
1917 1406 2075 1464 διδά-

469 1527 611 1562 σκειν
640 1513 698 1562 τό
735 1510 1035 1585 στράτευμα
1061 1511 1148 1565 τὸν
1202 1505 1428 1580 βασιλέα
1473 1508 1750 1580 καρτερίας
1780 1497 2078 1574 ὑπόδειγμα

468 1598 645 1652 ἑαυτὸν
676 1594 981 1652 δεικνύοντα
1028 1596 1330 1671 φιλόσοφον.
1386 1598 1613 1649 Βασιλέα
1665 1595 1769 1667 γὰρ
1820 1590 1879 1645 οὐ
1924 1589 2072 1659 λαοῦ,

467 1687 596 1742 ἀλλά
628 1692 724 1740 σὺν
745 1691 914 1760 τούτῳ
956 1691 1049 1741 καὶ
1101 1694 1200 1739 τῶν
1252 1686 1431 1739 παθῶν
1483 1683 1640 1736 αὑτὸν
1693 1679 1959 1736 δείκνυσιν
1987 1681 2077 1744 ’ἐξ

466 1778 527 1830 οὗ
586 1778 866 1849 συνάγεται
919 1777 1001 1829 ὅτι
1057 1774 1293 1849 βασιλεῖς
1349 1775 1528 1829 παθῶν
1584 1775 1703 1834 τοὺς
1763 1772 1864 1824 ὑπό
1916 1777 2076 1844 χεῖρα

464 1873 628 1919 ποιεῖν
679 1864 857 1921 ἐθέλει.
906 1864 976 1917 ⁴Ω
1027 1871 1118 1917 τοῦ
1164 1869 1505 1938 μακαρισμοῦ
1538 1860 1645 1918 1Τό
1707 1857 1767 1914 δι
1817 1856 2076 1936 τρίποδας

463 1956 871 2018 κατασκευάζειν
929 1960 1172 2027 χρυσοῦς
1208 1957 1299 2006 καὶ
1339 1952 1581 2013 πλίνθους
1620 1955 1711 2004 καὶ
1740 1949 1856 2011 ὅλας
1883 1949 2074 2023 λαμίας

463 2051 695 2119 χρυσοῦ,
779 2044 1122 2116 ὑφασμάτων,
1201 2044 1484 2116 μαργάρων
1583 2038 1864 2114 ἐμπιπλᾴν,
1958 2042 2077 2092 οὔτε

464 2132 647 2185 ἑαυτὸν
678 2131 904 2205 βασιλέα
934 2128 1198 2185 δείκνυσιν
1230 2133 1256 2183 6
1312 2139 1468 2184 τοῦτο
1518 2139 1700 2201 ποιῶν,
1747 2133 1864 2181 οὔτε
1916 2126 2076 2202 βασι-

462 2220 579 2282 λεας
604 2228 723 2274 ποεῖ
744 2225 865 2283 τοῦς
923 2218 1381 2293 βασιλευομένους,
1435 2228 1619 2273 πασῶν
1666 2215 1869 2277 ἡδονῶν
1927 2214 1989 2270 δέ
2014 2236 2075 2289 γε

460 2314 551 2363 καὶ
579 2309 809 2382 μάλιστα
839 2304 1080 2372 δούλους.
1114 2307 1258 2363 Ἴσθι
1290 2304 1350 2362 δὲ
1395 2312 1486 2361 καὶ
1538 2310 1597 2360 τὸ
1638 2307 1778 2369 τελος
1830 2314 1929 2359 τῶν
1976 2306 2074 2380 ἆμ-

460 2401 701 2473 φοτέρων,
759 2401 949 2451 πιστὸν
1012 2397 1079 2459 εἰς
1132 2393 1400 2460 ἀπόδειξιν
1467 2397 1493 2451 ὃ
1549 2401 1639 2450 καὶ
1685 2394 1973 2471 πρόδηλον.
2012 2395 2070 2449 Ὀ

458 2489 548 2559 μεν
578 2489 677 2562 γὰρ
708 2486 763 2540 ἐκ
791 2493 984 2563 μικροῦ
1009 2491 1169 2559 μέγας
1196 2483 1290 2540 διὰ
1310 2490 1368 2540 τὸ
1409 2487 1615 2560 ὓλογον
1647 2485 1749 2540 ἀπὸ
1787 2489 2017 2562 περάτων
2052 2506 2066 2520 ·

456 2578 552 2639 ἕως
576 2578 811 2652 περάτων
872 2597 885 2610 ·
937 2577 964 2629 6
1022 2573 1082 2630 δι
1139 2573 1360 2640 ἰδιώτης
1398 2581 1489 2630 καὶ
1541 2578 1781 2650 ἄχρυσος
1826 2581 1917 2630 καὶ
1963 2574 2067 2630 ἀπὸ

453 2667 688 2742 περάτων
758 2670 850 2720 καὶ
905 2667 1140 2742 περάτων
1193 2667 1285 2730 ἕως
1347 2673 1597 2740 στιγμῆς,
1662 2667 1797 2728 ᾦστε
1850 2667 1881 2725 ἡ
1929 2668 2067 2720 κατὰ

2240 525 2332 581 τῆς
2351 521 2505 591 μόνον
2535 521 2670 572 κατὰ
2692 524 2882 594 κρᾶσιν
2909 522 3002 571 καὶ
3033 518 3195 572 θέσιν.
3234 514 3374 569 Ἴσοι
3428 517 3531 590 γὰρ
3599 523 3664 590 τῇ
3738 522 3883 590 τι.μῇ

2239 604 2405 678 οὗτοι,
2474 609 2585 662 ἐπεὶ
2665 607 2927 683 βασιλεῖς,
2995 606 3100 661 ἀλλ’
3151 608 3177 659 6
3244 608 3334 680 μεν
3385 605 3721 680 μηαλοφυής
3785 615 3886 665 καὶ

2238 696 2570 771 μεγαλοφυῶν
2590 702 2852 762 κοινωνὸς,
2893 700 2918 751 6
2973 694 3034 751 δὲ
3079 700 3359 773 μικρὸνους
3405 702 3496 750 καὶ
3538 694 3884 755 κωπηλεκῶν

2238 791 2480 850 κοινωνός
2511 807 2525 821 '
2559 787 2863 861 ὠνόμασται
2890 787 2992 861 γὰρ
3048 804 3173 839 ποτε
3231 788 3320 838 καὶ
3370 787 3626 862 Τραϊανὸς
3685 789 3875 858 πατὴρ

2241 870 2334 928 διὰ
2357 879 2417 928 1'6
2448 875 2663 950 ἀγαθὸν,
2697 881 2870 951 Νέρων
2895 872 2954 930 δι
3004 877 3204 951 θηρίον,
3248 874 3447 948 Ξέρξης
3503 871 3565 929 δὲ
3604 873 3878 942 κάπηλος,

2237 965 2319 1018 ὅτι
2392 967 2523 1039 ἄγαν
2570 969 2621 1019 ἐν
2671 975 2744 1038 τῷ
2827 968 2920 1028 τὰς
2994 967 3175 1037 φύσεις
3240 963 3550 1024 καπηλεύειν
3612 965 3881 1018 ἑθεοποίεί

2239 1055 2416 1123 αὑτὸν,
2476 1054 2774 1117 πλατάνους
2835 1055 3245 1117 κατασκευάζων
3310 1058 3523 1127 χρυσᾶς
3579 1052 3877 1126 εὐφυλλού·

2241 1162 2352 1213 σας,
2403 1145 2432 1205 ἦ
2511 1143 2702 1218 μᾶλλον
2780 1147 2874 1198 σὺν
2950 1142 3091 1215 αὐτῷ
3156 1144 3349 1215 τάχιον
3417 1141 3871 1218 φυλλορῥοοὺσας-

2236 1234 2395 1288 Ὧστε
2477 1233 2604 1287 αὑτό
2678 1236 2814 1288 θέσει
2887 1233 3002 1286 τινὰ
3060 1234 3256 1286 τούτων
3314 1231 3345 1292 ἦ
3394 1231 3578 1307 ἑτέρων
3637 1236 3733 1285 καί
3787 1251 3865 1285 τοι

2237 1328 2437 1400 μυρίων
2479 1328 2635 1377 ὄντων
2710 1318 2950 1392 ἐδόξασε,
3017 1320 3113 1375 κᾶν
3166 1317 3449 1385 ἐδοξάζετο
3499 1322 3659 1390 θέσει,
3724 1319 3865 1374 ἀλλὰ

2236 1416 2296 1467 τὸ
2324 1416 2498 1487 φύσει,
2528 1414 2652 1486 ὅπερ
2690 1416 2781 1465 καὶ
2819 1416 2991 1485 τίμιον
3046 1415 3136 1464 καὶ
3187 1414 3384 1485 κυρίως
3436 1414 3535 1463 καὶ
3582 1405 3851 1464 ἰδιαίτατα

2236 1508 2568 1576 τιμιώτατον.
2630 1502 2756 1577 Ἐρᾷ
2810 1498 2871 1555 δὲ
2915 1505 3007 1554 καὶ
3074 1498 3346 1574 βασιλεως
3413 1500 3647 1572 ὑφάντης
3693 1506 3857 1552 τοῦτο

2239 1596 2456 1666 φυσικόν
2481 1613 2493 1626 ι
2523 1590 2772 1665 ἀνάγεται
2826 1593 2929 1666 γὰρ
2985 1593 3045 1643 τὸ
3102 1589 3382 1663 ἐλάχιστον
3428 1593 3560 1665 πρὸς
3604 1592 3666 1642 τὸ
3717 1588 3866 1659 ὅλον,

2238 1686 2327 1735 καὶ
2359 1680 2611 1755 βασιλεύς
2649 1677 2972 1753 ἀποδέχεται
3024 1678 3282 1744 λιθοξόον.
3336 1682 3504 1733 Τοῦτο
3560 1678 3875 1752 φιλάνθρω-

2237 1792 2332 1826 πον
2370 1792 2384 1806 ·
2418 1775 2556 1845 φέρει
2584 1772 2686 1845 γὰρ
2724 1774 2785 1823 τὸ
2836 1769 2951 1827 ὅλον
2996 1771 3063 1823 τὰ
3095 1773 3251 1846 μέρη.
3317 1773 3592 1828 Σκόπησον
3662 1765 3727 1822 δε
3783 1771 3876 1822 ὅτι

2239 1862 2421 1935 ἔλλογα
2446 1870 2615 1916 ταῦτα
2638 1882 2650 1896 ·
2678 1861 2791 1917 οὐκ,
2827 1856 2968 1917 εἶπον
3018 1863 3121 1937 γὰρ
3175 1861 3259 1914 ὅτι
3303 1866 3538 1914 κοινωνεῖ
3591 1857 3879 1933 βασιλέως

2239 1955 2484 2028 ὑφάντης,
2511 1951 2615 2006 ἀλλ’
2652 1954 2734 2005 ὅτι
2776 1950 2889 2025 ipa},
2943 1950 3050 2005 ἀλλ’
3096 1947 3239 2004 οὐδὲ·
3268 1949 3529 2023 βασιλεὺς
3568 1957 3669 2003 τοῦ
3723 1949 3876 2004 λιθο-

2240 2043 2358 2107 ξόου
2414 2041 2523 2096 ἀλλ’
2568 2038 2898 2114 ἀποδίχεται
2920 2041 3075 2095 ὥστε
3128 2043 3188 2095 1'6
3269 2035 3668 2112 ἀποδέχεσθαι,
3725 2045 3874 2103 τινός

2238 2132 2350 2187 ἐστι
2404 2136 2494 2185 καὶ
2560 2131 2671 2204 οὐχ
2726 2130 2846 2192 ὅλης
2919 2137 3013 2192 τῆς
3070 2133 3350 2191 κοινωνίας.
3408 2128 3582 2183 Ὅπου
3640 2131 3757 2204 γὰρ
3805 2133 3865 2183 1'6

2236 2224 2533 2275 κοινωνικὸν
2612 2222 2775 2293 ὄνομα
2852 2225 3041 2286 κεῖται,
3121 2222 3215 2278 τὴν
3293 2225 3391 2272 τῶν
3469 2221 3872 2277 κοινωνούντων

2238 2307 2511 2371 δηλοποιεί
2573 2312 2895 2383 συμφωνίαν.
2974 2314 3217 2370 Τοιοῦτος
3282 2308 3388 2384 γάρ
3458 2306 3574 2361 ἔστι
3630 2308 3875 2372 ἕκαστος

2234 2398 2416 2474 οἷσπερ
2455 2397 2640 2461 ἣδεται
2667 2399 2851 2467 ξυνὼν,
2882 2400 2952 2461 ὡς
2977 2402 3070 2451 καὶ
3116 2399 3176 2451 τὸ
3232 2396 3374 2470 φίλος
3410 2400 3463 2449 τί
3512 2395 3660 2450 ἐστιν
3701 2397 3871 2461 ἄλλος

2234 2492 2391 2553 αὐτός
2444 2510 2457 2525 ·
2499 2497 2729 2544 κοινωνεῖ
2772 2490 2865 2562 μὲν
2924 2489 3026 2562 γὰρ
3076 2493 3211 2550 τοῖς·
3245 2487 3463 2559 ὁμοίοις,
3517 2482 3867 2559 ἀποδέχεται

2233 2576 2293 2633 δε
2319 2584 2410 2633 καί
2435 2598 2559 2634 ποτε
2585 2581 2654 2632 τὰ
2706 2582 2778 2651 μὴ
2830 2578 2986 2652 ὅμοιά
3029 2595 3132 2646 τις,
3162 2576 3293 2630 οἷον
3353 2577 3510 2629 ἵππον
3559 2576 3593 2636 ἣ
3633 2574 3773 2649 βοῦν
3828 2579 3860 2637 ὖ

2231 2676 2383 2727 κῦνα.
2416 2664 2611 2732 Οὐδεὶς
2634 2670 2735 2745 γὰρ
2777 2672 3010 2720 κοινωνεῖ
3063 2666 3205 2738 ἵππῳ
3255 2668 3378 2737 τινὶ,
3433 2667 3526 2717 καὶ
3582 2660 3760 2726 οὐδεὶς
3794 2663 3859 2718 οὐ

449 2887 596 2929 nam
626 2876 920 2944 tempora,
936 2872 1122 2943 locos,
1139 2872 1423 2943 rationes,
1440 2876 1498 2930 et
1520 2888 1615 2929 res
1645 2877 1960 2939 scrutatur,
1979 2874 2108 2948 qui—
2147 2873 2189 2927 C
2217 2873 2365 2931 alter
2387 2888 2531 2931 vero
2560 2889 2599 2930 a
2626 2871 2745 2929 ﬁne
2765 2874 2824 2927 et
2842 2870 2965 2927 ﬁne
2987 2884 3185 2943 usque
3205 2868 3287 2927 ad
3306 2871 3606 2942 punctum
3633 2886 3647 2924 :
3683 2866 3871 2925 idiota

446 2961 563 3018 bus
599 2962 968 3032 investigatis
1002 2963 1342 3020 doctrinam
1379 2961 1716 3035 quamdam
1749 2963 2107 3021 nobiliorem

446 3052 644 3108 tradit.
666 3054 787 3108 Hoc
800 3052 861 3108 in
880 3052 1197 3125 praesentia
1211 3052 1551 3126 exemplum
1576 3069 1912 3126 proponere
1924 3053 2106 3110 volui-

442 3156 603 3198 mus.
622 3145 704 3197 Ac
723 3140 798 3197 de
818 3139 1180 3211 agricultura
1200 3141 1449 3214 quidem
1471 3141 1788 3199 hactenus.
1824 3142 2103 3198 Dicamus

441 3245 586 3286 vero
602 3229 678 3286 de
698 3229 833 3298 illis,
854 3229 930 3285 de
951 3229 1173 3302 quibus
1192 3245 1305 3286 nos
1321 3230 1584 3287 dicturos
1605 3230 1851 3303 polliciti
1867 3247 2097 3288 sumus.

513 3322 565 3374 8.
589 3322 697 3374 Ars
725 3317 903 3388 igitur
932 3317 1192 3374 ducendi
1244 3319 1566 3376 exercitum
1615 3319 1871 3376 honesta
1907 3324 1999 3377 est
2044 3325 2103 3378 et

440 3405 751 3478 praeclara,
805 3411 865 3463 at
912 3422 1010 3462 ars
1058 3406 1378 3464 auriﬁcum
1424 3412 1514 3464 est
1555 3407 1879 3481 superﬂua.
1913 3408 2099 3466 Porro

441 3498 629 3568 Cyrus
660 3512 799 3552 cum
831 3510 942 3551 suo
969 3496 1233 3552 exercitu
1259 3496 1609 3552 eruditionis
1645 3502 1874 3554 ratione
1928 3513 2095 3555 com-

436 3584 726 3653 municat,
753 3584 978 3640 docens
996 3584 1193 3657 ipsam
1217 3583 1619 3657 frugalitatem
1643 3591 1701 3641 et
1725 3585 1788 3640 in
1835 3601 1953 3641 usu
1989 3600 2095 3640 su-

435 3673 669 3746 perfluo
689 3673 1189 3731 moderationem.
1215 3675 1450 3731 Croesus
1488 3678 1712 3740 autem,
1754 3690 1827 3730 ex
1856 3671 2094 3731 Pactolo

437 3777 663 3832 magna
692 3762 747 3818 vi
786 3763 918 3819 auri
947 3762 1213 3830 collecta,
1265 3763 1570 3820 constituit
1597 3764 2093 3821 communionem

436 3867 577 3907 cum
601 3851 975 3920 aurificibus,
1006 3852 1121 3908 hoc
1142 3852 1328 3909 modo
1367 3851 1616 3909 beatum
1658 3869 1722 3910 se
1750 3852 1877 3910 fore
1901 3852 2094 3911 existi-

434 3956 634 3997 mans.
665 3942 796 4007 Qua
841 3946 1046 4002 tamen
1103 3940 1405 4009 beatitate,
1452 3957 1643 4014 quam
1689 3941 1975 4016 sperabat
2027 3958 2093 4000 se

433 4035 921 4097 consecuturum,
952 4046 991 4087 a
1020 4029 1235 4089 Solone
1258 4030 1480 4102 dignus
1507 4045 1632 4089 non
1661 4037 1748 4088 est
1763 4032 2089 4104 judicatus,

435 4134 574 4175 cum
598 4119 861 4192 tripodes
900 4118 1203 4193 quosdam
1227 4135 1441 4177 aureos
1488 4124 1547 4178 et
1593 4119 1808 4178 lateres
1845 4137 2091 4195 quoque

432 4222 650 4264 aureos
683 4207 799 4264 sibi
818 4206 1224 4266 conﬁciendos
1243 4211 1498 4266 curaret.
1543 4211 1640 4267 Est
1656 4210 1836 4283 igitur
1863 4211 1925 4267 in
1958 4226 2090 4266 am-

428 4295 631 4353 bobus
652 4297 1001 4371 temperatio
1015 4313 1083 4355 ac
1099 4299 1585 4371 communicatio,
1610 4315 1683 4355 ac
1703 4314 1827 4356 una
1846 4298 2088 4371 quidem

430 4386 629 4458 magis
653 4388 727 4444 ad
747 4392 1029 4445 naturam
1058 4388 1306 4454 accedit,
1354 4389 1539 4447 altera
1569 4405 1707 4446 vero
1739 4404 1945 4459 regem
1965 4404 2090 4446 non

431 4476 623 4534 decet.
650 4480 747 4534 Est
770 4478 932 4536 enim
969 4479 1126 4550 regis
1158 4480 1373 4537 docere
1426 4478 1752 4536 exercitum
1781 4480 2088 4536 continen-

430 4566 578 4622 tiam
604 4572 659 4622 et
679 4566 1125 4637 abstinentiam,
1165 4568 1432 4641 seipsum
1488 4567 1778 4623 exhibens
1829 4567 2089 4640 philoso-

431 4655 644 4726 phum.
674 4659 823 4713 Nam
847 4673 972 4714 non
1001 4657 1201 4714 solum
1228 4657 1437 4730 populi
1483 4671 1688 4725 regem
1746 4657 1855 4713 sed
1904 4659 2086 4716 etiam

431 4744 949 4818 perturbationum
979 4764 1043 4805 se
1062 4746 1322 4804 ostendit
1346 4762 1359 4815 ;
1377 4761 1451 4801 ex
1470 4759 1593 4817 quo
1616 4742 1684 4802 ﬁt
1710 4745 1914 4819 ipsum
1934 4748 2087 4806 velle

429 4849 671 4911 quoque
688 4852 832 4893 suos
849 4836 1065 4893 milites
1090 4833 1611 4909 perturbationum
1627 4850 1799 4906 reges
1816 4836 2048 4895 efﬁcere
2061 4881 2075 4897 .

430 4926 474 4980 Ο
504 4939 711 4982 veram
732 4925 1077 4983 beatitatem
1108 4925 1120 4981 ι
1161 4923 1342 4995 Atqui
1370 4922 1634 4994 tripodes
1652 4925 1943 4984 etlateres
1973 4943 2082 4985 au-

426 5027 561 5069 reos
582 5013 739 5081 facit,
772 5020 826 5071 et
854 5013 1167 5072 conclavia
1192 5013 1325 5084 ipsa
1365 5011 1531 5068 omni
1568 5028 1642 5069 ex
1688 5019 1858 5087 parte
1909 5033 2079 5089 auro,

427 5103 671 5158 texturis
698 5108 756 5159 et
795 5103 1118 5159 unionibus
1149 5100 1409 5173 complet
1441 5118 1454 5157 :
1486 5116 1609 5159 non
1630 5102 1755 5177 ipse
1782 5121 1844 5162 se
1876 5122 2081 5180 regem

425 5192 707 5264 ostendit,
737 5208 934 5264 neque
962 5190 1069 5264 qui
1095 5190 1213 5247 hoc
1230 5190 1374 5247 facit
1398 5190 1530 5247 illos
1581 5209 1737 5267 quos
1791 5196 1944 5267 regit
1983 5212 2082 5254 re-

426 5297 532 5353 ges
567 5280 766 5350 eﬂicit,
796 5297 936 5337 cum
965 5278 1515 5352 perturbationibus
1557 5289 1614 5340 et
1667 5284 2080 5359 voluptatibus

422 5368 766 5441 turpissime
822 5369 1102 5425 serviunt.
1170 5370 1355 5428 Porro
1423 5371 1746 5429 amborum
1792 5374 1929 5432 ﬁnis
1988 5375 2078 5433 fa-

425 5456 643 5512 cillime
685 5456 914 5514 ostendi
961 5462 1174 5531 potest,
1221 5464 1278 5518 et
1331 5459 1559 5517 nemini
1609 5465 1699 5518 est
1754 5462 2073 5522 obscurus.

428 5547 590 5601 Unus
615 5545 776 5602 enim
804 5562 878 5603 ex
905 5562 1092 5621 parvo
1117 5565 1375 5622 magnus
1398 5549 1609 5618 evasit,
1647 5566 1687 5607 a
1730 5554 1850 5608 ﬁne
1880 5568 2076 5627 usque

423 5632 504 5691 ad
523 5631 729 5706 ﬁnem,
749 5635 931 5712 idque
955 5652 1062 5712 per
1101 5640 1485 5714 prudentiam
1523 5645 1581 5698 et
1636 5642 1997 5714 sapientiam
2055 5661 2070 5700 :

2215 2968 2273 3020 et
2301 2962 2432 3019 auri
2469 2977 2683 3035 expers
2708 2960 2913 3018 evasit.
2949 2962 3144 3026 Quare
3191 2958 3544 3015 communio
3591 2957 3695 3015 illa
3737 2973 3880 3031 quin

2213 3057 2305 3108 est
2357 3068 2433 3109 ex
2499 3049 2930 3122 temperatione
2998 3046 3274 3114 naturali,
3330 3044 3522 3105 multo
3567 3045 3788 3103 melior
3828 3050 3890 3104 et

2209 3140 2589 3214 praestantior
2635 3142 2726 3195 est
2771 3153 2864 3207 ea,
2895 3152 3033 3210 quas
3071 3140 3164 3192 est
3214 3151 3290 3192 ex
3346 3135 3788 3209 temperatione
3826 3141 3889 3195 et

2209 3229 2652 3286 constitutione.
2679 3231 2828 3285 Nam
2844 3242 3014 3298 reges
3038 3224 3133 3281 isti
3153 3225 3383 3282 honore
3413 3229 3552 3281 sunt
3582 3225 3884 3298 aequales.

2209 3318 2325 3376 Sed
2351 3333 2505 3374 unus
2521 3323 2615 3375 est
2640 3316 3067 3388 magnanimus
3082 3330 3154 3371 ac
3168 3314 3434 3381 fortis,et
3446 3315 3885 3385 magnonimo-

2204 3424 2341 3464 rum
2360 3423 2432 3465 ac
2450 3407 2694 3464 fortium
2711 3406 2912 3462 socius
2939 3423 2952 3473 ;
2976 3404 3122 3461 alter
3140 3419 3285 3461 vero
3304 3409 3394 3460 est
3413 3403 3657 3475 angusti
3680 3404 3881 3462 animi

2204 3501 2263 3553 et
2289 3512 2638 3570 cauponam
2676 3495 2895 3553 socius.
2920 3497 2984 3551 Et
3010 3493 3305 3565 Trajanus
3333 3492 3478 3550 olim
3521 3492 3879 3566 appellatus

2202 3590 2292 3643 est
2333 3592 2502 3659 pater
2537 3588 2782 3659 propter
2843 3583 3195 3649 bonitatem,
3236 3585 3388 3639 Nero
3444 3581 3593 3650 fera,
3649 3584 3878 3640 Xerxes

2201 3690 2421 3747 caupo,
2465 3674 2759 3749 quoniam
2801 3675 3052 3730 naturas
3103 3685 3307 3727 rerum
3352 3669 3767 3743 cauponando
3810 3687 3880 3729 se

2202 3766 2322 3821 Deo
2341 3779 2553 3838 parem
2584 3762 2832 3820 reddere
2851 3760 3093 3818 volebat
3124 3778 3137 3817 :
3166 3775 3312 3816 cum.
3337 3759 3618 3832 platanos
3646 3776 3881 3821 aureas

2201 3852 2315 3909 sibi
2371 3851 2778 3909 conﬁciendas
2850 3853 3087 3907 curaret
3133 3847 3466 3905 virentibus
3522 3846 3709 3917 foliis,
3768 3867 3883 3910 seu

2200 3942 2398 4015 potius
2417 3958 2559 3999 cum
2587 3941 2720 4015 ipso
2750 3939 2948 3997 ﬂuxis.
2970 3941 3166 4006 Quare
3184 3937 3355 4010 illud,
3383 3937 3555 4011 quod
3572 3941 3880 3999 constitu-

2200 4032 2361 4090 tione
2391 4036 2627 4089 constat
2644 4036 2927 4089 neutrum
2954 4030 3195 4086 illorum
3220 4044 3460 4100 regum,
3502 4044 3713 4102 neque
3735 4031 3875 4090 alio-

2196 4136 2335 4179 rum
2363 4120 2681 4179 hominum
2727 4119 3009 4194 quamvis
3051 4117 3443 4185 inﬁuitorum,
3487 4133 3867 4195 quemquam

2123 4234 2168 4288 ι)
2198 4210 2529 4282 gloriosum
2557 4209 2836 4268 reddidit.
2881 4208 2996 4267 Sed
3042 4207 3140 4264 fac
3183 4206 3516 4277 gloriosum
3555 4209 3745 4267 reddi
3771 4211 3876 4269 ali-

2195 4314 2379 4372 quem
2400 4315 2473 4357 eo
2495 4299 2665 4373 quod
2689 4297 2985 4372 positione
3007 4300 3243 4354 constat
3266 4295 3457 4353 multo
3495 4298 3701 4368 magis
3724 4315 3880 4359 sane

2195 4402 2268 4444 eo
2291 4388 2461 4462 quod
2495 4393 2715 4446 natura
2750 4393 2840 4445 est
2867 4392 2925 4445 et
2962 4389 3219 4457 constat,
3271 4385 3441 4459 quod
3486 4400 3618 4444 non
3661 4388 3879 4448 solum

2193 4476 2424 4534 honore
2446 4475 2701 4549 dignum
2726 4482 2836 4544 est,
2863 4475 2973 4533 sed
2992 4475 3175 4533 etiam
3200 4476 3267 4532 in
3297 4474 3508 4548 primis
3552 4475 3874 4553 longeque

2194 4566 2637 4637 dignissimum.
2656 4570 2866 4631 Textor
2887 4571 3090 4633 autem
3110 4569 3279 4623 amat
3294 4580 3500 4637 regem
3523 4583 3538 4623 :
3561 4567 3871 4627 nimirum

2192 4653 2308 4712 hoc
2337 4660 2427 4712 est
2453 4655 2745 4724 naturale,
2777 4671 2918 4713 cum
2938 4653 3107 4722 illud,
3160 4654 3330 4727 quod
3377 4658 3468 4712 est
3502 4654 3868 4732 minimum,

2193 4744 2272 4802 ad
2292 4748 2485 4803 totum
2530 4746 2844 4803 referatur.
2870 4747 2989 4802 Rex
3035 4759 3280 4817 quoque
3307 4742 3639 4817 lapicidam
3667 4750 3871 4806 susci-

2191 4836 2297 4908 pit,
2317 4834 2603 4892 nimirum
2619 4835 2735 4893 hoc
2755 4835 3095 4891 humanum
3114 4836 3224 4890 est.
3247 4836 3401 4890 Nam
3437 4838 3633 4892 totum
3653 4844 3869 4910 partes

2192 4941 2335 4982 suas
2361 4940 2487 4982 non
2515 4924 2739 4997 abjicit.
2767 4922 3090 4981 Considera
3126 4937 3270 4980 vero
3306 4938 3499 4996 quam
3524 4923 3688 4982 bene
3727 4927 3871 4986 haec

2189 5030 2328 5071 cum
2356 5015 2587 5072 ratione
2615 5013 2932 5088 quadrent.
2955 5015 3084 5071 Non
3112 5012 3235 5070 dixi
3265 5016 3554 5071 textorem
3573 5031 3870 5077 commu-

2187 5106 2434 5162 nionem
2459 5104 2814 5161 constituere
2837 5118 2978 5159 cum
3001 5117 3162 5174 rege,
3195 5101 3305 5159 sed
3338 5117 3545 5174 regem
3593 5109 3796 5165 amari
3827 5126 3873 5168 ε.

2187 5199 2431 5251 textore.
2459 5196 2659 5266 Neque
2686 5208 2792 5249 rex
2811 5190 3138 5265 lapicidam
3184 5207 3393 5249 amore
3438 5196 3867 5272 prosequitur,

2186 5282 2295 5340 sed
2311 5281 2562 5355 suscipit
2578 5280 2891 5338 duntaxat.
2921 5282 3117 5347 Quare
3165 5280 3487 5353 suscipere
3516 5286 3609 5339 est
3644 5283 3869 5359 aliquo

2184 5372 2367 5430 modo
2379 5387 2501 5429 non
2514 5372 2752 5445 penitus
2762 5375 2822 5428 et
2831 5369 3081 5427 omnino
3092 5369 3561 5429 communicare.
3570 5371 3685 5430 Ubi
3696 5376 3864 5433 enim

2183 5462 2627 5521 communionis
2705 5475 2932 5519 nomen
2983 5458 3265 5533 (auditur,
3291 5465 3654 5541 .concentus
3692 5464 3861 5526 inter

2183 5553 2610 5612 communione
2641 5552 2883 5624 junctos
2925 5548 3285 5608 declaratur.
3349 5549 3503 5608 Talis
3539 5552 3705 5611 enim
3758 5564 3857 5618 est

2180 5642 2619 5717 unusquisque,
2649 5640 2861 5716 quales
2889 5643 3031 5698 sunt
3065 5654 3210 5699 cum
3249 5638 3476 5714 quibus
3516 5647 3751 5706 versari
3775 5647 3853 5710 Η.
