  <div class='ocr_page' id='page_1' title='image "/cluster/home/n/w/nwhite01/storage/ocr_20150623/140/coo.31924054870450/690.png"; bbox 0 0 4130 6450; ppageno 0'>
   <div class='ocr_carea' id='block_1_1' title="bbox 310 405 441 461">
    <p class='ocr_par' dir='ltr' id='par_1_1' title="bbox 310 405 441 461">
     <span class='ocr_line' id='line_1_1' title="bbox 310 405 441 461; baseline -0.008 -1"><span class='ocrx_word' id='word_1_1' title='bbox 310 405 441 461; x_wconf 73' lang='grc'><strong>1361</strong></span> 
     </span>
    </p>
   </div>
   <div class='ocr_carea' id='block_1_2' title="bbox 331 524 1047 603">
    <p class='ocr_par' dir='ltr' id='par_1_2' title="bbox 331 524 1047 603">
     <span class='ocr_line' id='line_1_2' title="bbox 331 524 1047 603; baseline -0.001 -21"><span class='ocrx_word' id='word_1_2' title='bbox 331 530 567 582; x_wconf 84' lang='grc' dir='ltr'>κοὶνωνεῖ</span> <span class='ocrx_word' id='word_1_3' title='bbox 603 524 857 603; x_wconf 78' lang='grc' dir='ltr'><strong>ἀνθρώπῳ</strong></span> <span class='ocrx_word' id='word_1_4' title='bbox 896 531 998 581; x_wconf 87' lang='grc' dir='ltr'>τινί</span> <span class='ocrx_word' id='word_1_5' title='bbox 1034 549 1047 562; x_wconf 89' lang='grc'><strong>·</strong></span> 
     </span>
    </p>
   </div>
   <div class='ocr_carea' id='block_1_3' title="bbox 333 613 1942 694">
    <p class='ocr_par' dir='ltr' id='par_1_3' title="bbox 333 613 1942 694">
     <span class='ocr_line' id='line_1_3' title="bbox 333 613 1942 694; baseline 0.002 -23"><span class='ocrx_word' id='word_1_6' title='bbox 333 616 589 692; x_wconf 76' lang='grc' dir='ltr'><strong>ἀνθρώπῳ</strong></span> <span class='ocrx_word' id='word_1_7' title='bbox 618 620 742 684; x_wconf 83' lang='grc' dir='ltr'>τινὶ,</span> <span class='ocrx_word' id='word_1_8' title='bbox 784 615 892 669; x_wconf 83' lang='grc' dir='ltr'>ἁλλ’</span> <span class='ocrx_word' id='word_1_9' title='bbox 925 613 1288 690; x_wconf 80' lang='grc' dir='ltr'>ἀποδέχεσθαι</span> <span class='ocrx_word' id='word_1_10' title='bbox 1334 619 1440 673; x_wconf 82' lang='grc' dir='ltr'>οἷόν</span> <span class='ocrx_word' id='word_1_11' title='bbox 1478 638 1555 682; x_wconf 82' lang='grc' dir='ltr'><strong>τις</strong></span> <span class='ocrx_word' id='word_1_12' title='bbox 1613 622 1942 694; x_wconf 81' lang='grc' dir='ltr'><strong>στρατιώτης</strong></span> 
     </span>
    </p>
   </div>
   <div class='ocr_carea' id='block_1_4' title="bbox 333 702 1942 782">
    <p class='ocr_par' dir='ltr' id='par_1_4' title="bbox 333 702 1942 782">
     <span class='ocr_line' id='line_1_4' title="bbox 333 702 1942 782; baseline -0.001 -21"><span class='ocrx_word' id='word_1_13' title='bbox 333 703 661 780; x_wconf 79' lang='grc' dir='ltr'><strong>ἀποδέχεται</strong></span> <span class='ocrx_word' id='word_1_14' title='bbox 721 705 957 778; x_wconf 75' lang='grc' dir='ltr'>ὑέλοψον,</span> <span class='ocrx_word' id='word_1_15' title='bbox 999 706 1058 760; x_wconf 77' lang='grc' dir='ltr'>οὐ</span> <span class='ocrx_word' id='word_1_16' title='bbox 1096 714 1329 761; x_wconf 80' lang='grc' dir='ltr'>κοινωνεῖ</span> <span class='ocrx_word' id='word_1_17' title='bbox 1379 704 1439 762; x_wconf 83' lang='grc' dir='ltr'>δέ</span> <span class='ocrx_word' id='word_1_18' title='bbox 1475 728 1488 742; x_wconf 64' lang='grc' dir='ltr'><strong>ι</strong></span> <span class='ocrx_word' id='word_1_19' title='bbox 1534 713 1827 782; x_wconf 72' lang='grc' dir='ltr'><strong>στρατιώτῃ</strong></span> <span class='ocrx_word' id='word_1_20' title='bbox 1880 702 1942 760; x_wconf 81' lang='grc' dir='ltr'>δέ</span> 
     </span>
    </p>
   </div>
   <div class='ocr_carea' id='block_1_5' title="bbox 329 792 1939 874">
    <p class='ocr_par' dir='ltr' id='par_1_5' title="bbox 329 792 1939 874">
     <span class='ocr_line' id='line_1_5' title="bbox 329 792 1939 874; baseline -0.001 -23"><span class='ocrx_word' id='word_1_21' title='bbox 329 817 435 851; x_wconf 88' lang='grc' dir='ltr'>τινι</span> <span class='ocrx_word' id='word_1_22' title='bbox 463 802 717 868; x_wconf 80' lang='grc' dir='ltr'>κοινωνεῖ,</span> <span class='ocrx_word' id='word_1_23' title='bbox 757 796 899 869; x_wconf 79' lang='grc' dir='ltr'>ἵππῳ</span> <span class='ocrx_word' id='word_1_24' title='bbox 939 792 1019 868; x_wconf 72' lang='grc' dir='ltr'><strong>δὲ,</strong></span> <span class='ocrx_word' id='word_1_25' title='bbox 1071 797 1101 857; x_wconf 77' lang='grc' dir='ltr'><strong><em>ἦ</em></strong></span> <span class='ocrx_word' id='word_1_26' title='bbox 1142 795 1292 870; x_wconf 79' lang='grc' dir='ltr'>λίθῳ,</span> <span class='ocrx_word' id='word_1_27' title='bbox 1324 797 1354 858; x_wconf 75' lang='grc' dir='ltr'><strong><em>ἦ</em></strong></span> <span class='ocrx_word' id='word_1_28' title='bbox 1384 817 1659 874; x_wconf 77' lang='grc' dir='ltr'>μαργαρῳ,</span> <span class='ocrx_word' id='word_1_29' title='bbox 1710 797 1741 857; x_wconf 77' lang='grc' dir='ltr'><strong>ἣ</strong></span> <span class='ocrx_word' id='word_1_30' title='bbox 1785 796 1939 870; x_wconf 80' lang='grc' dir='ltr'><strong>ἑτέρῳ</strong></span> 
     </span>
    </p>
   </div>
   <div class='ocr_carea' id='block_1_6' title="bbox 329 881 1940 962">
    <p class='ocr_par' dir='ltr' id='par_1_6' title="bbox 329 881 1940 962">
     <span class='ocr_line' id='line_1_6' title="bbox 329 881 1940 962; baseline -0.002 -20"><span class='ocrx_word' id='word_1_31' title='bbox 329 890 434 943; x_wconf 86' lang='grc' dir='ltr'>τινὶ</span> <span class='ocrx_word' id='word_1_32' title='bbox 489 885 549 939; x_wconf 82' lang='grc' dir='ltr'><strong>ού</strong></span> <span class='ocrx_word' id='word_1_33' title='bbox 594 892 844 954; x_wconf 83' lang='grc' dir='ltr'>κοινωνεῖ,</span> <span class='ocrx_word' id='word_1_34' title='bbox 908 892 1139 945; x_wconf 80' lang='grc' dir='ltr'>κοινωνεῖ</span> <span class='ocrx_word' id='word_1_35' title='bbox 1170 883 1228 943; x_wconf 71' lang='grc' dir='ltr'><strong>δὲ</strong></span> <span class='ocrx_word' id='word_1_36' title='bbox 1271 892 1363 942; x_wconf 85' lang='grc' dir='ltr'>καὶ</span> <span class='ocrx_word' id='word_1_37' title='bbox 1398 895 1517 953; x_wconf 88' lang='grc' dir='ltr'>ταῖς</span> <span class='ocrx_word' id='word_1_38' title='bbox 1566 892 1781 962; x_wconf 76' lang='grc' dir='ltr'><strong>τροφαῖς</strong></span> <span class='ocrx_word' id='word_1_39' title='bbox 1846 881 1940 940; x_wconf 78' lang='grc' dir='ltr'>δια</span> 
     </span>
    </p>
   </div>
   <div class='ocr_carea' id='block_1_7' title="bbox 330 973 1940 1051">
    <p class='ocr_par' dir='ltr' id='par_1_7' title="bbox 330 973 1940 1051">
     <span class='ocr_line' id='line_1_7' title="bbox 330 973 1940 1051; baseline -0.002 -20"><span class='ocrx_word' id='word_1_40' title='bbox 330 981 426 1038; x_wconf 80' lang='grc' dir='ltr'>τήν</span> <span class='ocrx_word' id='word_1_41' title='bbox 453 978 735 1032; x_wconf 88' lang='grc' dir='ltr'>σύστασιν.</span> <span class='ocrx_word' id='word_1_42' title='bbox 765 982 930 1031; x_wconf 83' lang='grc' dir='ltr'>Τοῦτο</span> <span class='ocrx_word' id='word_1_43' title='bbox 957 973 1017 1031; x_wconf 72' lang='grc' dir='ltr'>δε</span> <span class='ocrx_word' id='word_1_44' title='bbox 1043 980 1212 1030; x_wconf 83' lang='grc' dir='ltr'>κοινὸν</span> <span class='ocrx_word' id='word_1_45' title='bbox 1259 981 1371 1051; x_wconf 70' lang='grc' dir='ltr'>μὲν,</span> <span class='ocrx_word' id='word_1_46' title='bbox 1433 981 1547 1051; x_wconf 85' lang='grc' dir='ltr'>ἔχει</span> <span class='ocrx_word' id='word_1_47' title='bbox 1595 974 1654 1032; x_wconf 70' lang='lat' dir='ltr'><strong>di</strong></span> <span class='ocrx_word' id='word_1_48' title='bbox 1704 997 1795 1031; x_wconf 89' lang='grc' dir='ltr'><strong>και</strong></span> <span class='ocrx_word' id='word_1_49' title='bbox 1824 995 1940 1030; x_wconf 88' lang='grc' dir='ltr'>τινα</span> 
     </span>
    </p>
   </div>
   <div class='ocr_carea' id='block_1_8' title="bbox 334 1063 1941 1143">
    <p class='ocr_par' dir='ltr' id='par_1_8' title="bbox 334 1063 1941 1143">
     <span class='ocr_line' id='line_1_8' title="bbox 334 1063 1941 1143; baseline -0.001 -22"><span class='ocrx_word' id='word_1_50' title='bbox 334 1063 590 1143; x_wconf 84' lang='grc' dir='ltr'>διαφοράν</span> <span class='ocrx_word' id='word_1_51' title='bbox 619 1087 633 1102; x_wconf 79' lang='grc' dir='ltr'><strong>ο</strong></span> <span class='ocrx_word' id='word_1_52' title='bbox 664 1066 812 1121; x_wconf 77' lang='grc' dir='ltr'>ἄλλοι</span> <span class='ocrx_word' id='word_1_53' title='bbox 847 1068 949 1142; x_wconf 72' lang='grc' dir='ltr'>γὰρ</span> <span class='ocrx_word' id='word_1_54' title='bbox 989 1066 1166 1135; x_wconf 82' lang='grc' dir='ltr'>ἄλλας,</span> <span class='ocrx_word' id='word_1_55' title='bbox 1199 1072 1290 1122; x_wconf 82' lang='grc' dir='ltr'>καὶ</span> <span class='ocrx_word' id='word_1_56' title='bbox 1340 1067 1494 1130; x_wconf 79' lang='grc' dir='ltr'>ἄλλας</span> <span class='ocrx_word' id='word_1_57' title='bbox 1532 1068 1716 1142; x_wconf 77' lang='grc' dir='ltr'>ἕτεροι,</span> <span class='ocrx_word' id='word_1_58' title='bbox 1769 1063 1941 1128; x_wconf 76' lang='grc' dir='ltr'>οὐδεὶς</span> 
     </span>
    </p>
   </div>
   <div class='ocr_carea' id='block_1_9' title="bbox 334 1152 1940 1233">
    <p class='ocr_par' dir='ltr' id='par_1_9' title="bbox 334 1152 1940 1233">
     <span class='ocr_line' id='line_1_9' title="bbox 334 1152 1940 1233; baseline -0.001 -21"><span class='ocrx_word' id='word_1_59' title='bbox 334 1153 395 1212; x_wconf 67' lang='grc' dir='ltr'><strong>δὲ</strong></span> <span class='ocrx_word' id='word_1_60' title='bbox 431 1155 489 1211; x_wconf 82' lang='grc' dir='ltr'><strong>ού</strong></span> <span class='ocrx_word' id='word_1_61' title='bbox 546 1163 776 1211; x_wconf 84' lang='grc' dir='ltr'>κοινωνεῖ</span> <span class='ocrx_word' id='word_1_62' title='bbox 827 1164 1024 1230; x_wconf 82' lang='grc' dir='ltr'>τροφῆς</span> <span class='ocrx_word' id='word_1_63' title='bbox 1079 1158 1109 1217; x_wconf 78' lang='grc' dir='ltr'><strong>ἣ</strong></span> <span class='ocrx_word' id='word_1_64' title='bbox 1161 1154 1504 1231; x_wconf 75' lang='grc' dir='ltr'><strong>ἀποδέχεται.</strong></span> <span class='ocrx_word' id='word_1_65' title='bbox 1574 1158 1815 1233; x_wconf 70' lang='grc' dir='ltr'>Ἐναργές</span> <span class='ocrx_word' id='word_1_66' title='bbox 1880 1152 1940 1210; x_wconf 68' lang='grc' dir='ltr'><strong>δὲ</strong></span> 
     </span>
    </p>
   </div>
   <div class='ocr_carea' id='block_1_10' title="bbox 331 1244 1939 1322">
    <p class='ocr_par' dir='ltr' id='par_1_10' title="bbox 331 1244 1939 1322">
     <span class='ocr_line' id='line_1_10' title="bbox 331 1244 1939 1322; baseline -0.001 -22"><span class='ocrx_word' id='word_1_67' title='bbox 331 1249 421 1300; x_wconf 82' lang='grc' dir='ltr'>καὶ</span> <span class='ocrx_word' id='word_1_68' title='bbox 450 1244 507 1301; x_wconf 69' lang='lat' dir='ltr'><strong>ix</strong></span> <span class='ocrx_word' id='word_1_69' title='bbox 542 1254 643 1299; x_wconf 87' lang='grc' dir='ltr'><strong>τῶν</strong></span> <span class='ocrx_word' id='word_1_70' title='bbox 692 1254 915 1320; x_wconf 89' lang='grc' dir='ltr'>τροφῶν,</span> <span class='ocrx_word' id='word_1_71' title='bbox 973 1247 1054 1300; x_wconf 87' lang='grc' dir='ltr'>ὄτι</span> <span class='ocrx_word' id='word_1_72' title='bbox 1091 1251 1183 1300; x_wconf 81' lang='grc' dir='ltr'>καὶ</span> <span class='ocrx_word' id='word_1_73' title='bbox 1240 1249 1391 1320; x_wconf 88' lang='grc' dir='ltr'>φύσις</span> <span class='ocrx_word' id='word_1_74' title='bbox 1446 1251 1537 1300; x_wconf 82' lang='grc' dir='ltr'>καὶ</span> <span class='ocrx_word' id='word_1_75' title='bbox 1595 1252 1804 1322; x_wconf 84' lang='grc' dir='ltr'>κρᾶσις,</span> <span class='ocrx_word' id='word_1_76' title='bbox 1847 1250 1939 1299; x_wconf 85' lang='grc' dir='ltr'>καὶ</span> 
     </span>
    </p>
   </div>
   <div class='ocr_carea' id='block_1_11' title="bbox 328 1335 1939 1411">
    <p class='ocr_par' dir='ltr' id='par_1_11' title="bbox 328 1335 1939 1411">
     <span class='ocr_line' id='line_1_11' title="bbox 328 1335 1939 1411; baseline -0.001 -22"><span class='ocrx_word' id='word_1_77' title='bbox 328 1339 616 1411; x_wconf 85' lang='grc' dir='ltr'>τιμιωτέρα</span> <span class='ocrx_word' id='word_1_78' title='bbox 678 1337 709 1394; x_wconf 81' lang='grc' dir='ltr'><strong>ἠ</strong></span> <span class='ocrx_word' id='word_1_79' title='bbox 764 1338 922 1409; x_wconf 89' lang='grc' dir='ltr'>φύσις</span> <span class='ocrx_word' id='word_1_80' title='bbox 966 1344 1062 1399; x_wconf 83' lang='grc' dir='ltr'>τῆς</span> <span class='ocrx_word' id='word_1_81' title='bbox 1111 1339 1342 1410; x_wconf 86' lang='grc' dir='ltr'>κράσεως</span> <span class='ocrx_word' id='word_1_82' title='bbox 1396 1354 1409 1368; x_wconf 91' lang='grc'><strong>·</strong></span> <span class='ocrx_word' id='word_1_83' title='bbox 1467 1335 1535 1398; x_wconf 77' lang='grc' dir='ltr'>εἷς</span> <span class='ocrx_word' id='word_1_84' title='bbox 1584 1355 1637 1390; x_wconf 89' lang='grc' dir='ltr'><strong>τι</strong></span> <span class='ocrx_word' id='word_1_85' title='bbox 1698 1337 1802 1411; x_wconf 75' lang='grc' dir='ltr'><strong>’γὰρ</strong></span> <span class='ocrx_word' id='word_1_86' title='bbox 1849 1339 1939 1389; x_wconf 84' lang='grc' dir='ltr'>καὶ</span> 
     </span>
    </p>
   </div>
   <div class='ocr_carea' id='block_1_12' title="bbox 332 1421 1938 1501">
    <p class='ocr_par' dir='ltr' id='par_1_12' title="bbox 332 1421 1938 1501">
     <span class='ocr_line' id='line_1_12' title="bbox 332 1421 1938 1501; baseline -0.001 -22"><span class='ocrx_word' id='word_1_87' title='bbox 332 1432 548 1501; x_wconf 88' lang='grc' dir='ltr'>τροφαῖς</span> <span class='ocrx_word' id='word_1_88' title='bbox 586 1426 616 1485; x_wconf 83' lang='grc' dir='ltr'>ἡ</span> <span class='ocrx_word' id='word_1_89' title='bbox 681 1421 912 1501; x_wconf 84' lang='grc' dir='ltr'>διαφορὰ</span> <span class='ocrx_word' id='word_1_90' title='bbox 965 1429 1055 1478; x_wconf 85' lang='grc' dir='ltr'>καὶ</span> <span class='ocrx_word' id='word_1_91' title='bbox 1101 1428 1151 1478; x_wconf 78' lang='grc' dir='ltr'>ἕν</span> <span class='ocrx_word' id='word_1_92' title='bbox 1199 1445 1332 1493; x_wconf 90' lang='grc' dir='ltr'>τισι,</span> <span class='ocrx_word' id='word_1_93' title='bbox 1384 1428 1478 1488; x_wconf 82' lang='grc' dir='ltr'><strong>τὰς</strong></span> <span class='ocrx_word' id='word_1_94' title='bbox 1529 1422 1590 1479; x_wconf 75' lang='grc' dir='ltr'><strong>δὲ</strong></span> <span class='ocrx_word' id='word_1_95' title='bbox 1617 1427 1793 1487; x_wconf 78' lang='grc' dir='ltr'>κοινὰς</span> <span class='ocrx_word' id='word_1_96' title='bbox 1849 1428 1938 1478; x_wconf 83' lang='grc' dir='ltr'><strong>καὶ</strong></span> 
     </span>
    </p>
   </div>
   <div class='ocr_carea' id='block_1_13' title="bbox 333 1510 1938 1589">
    <p class='ocr_par' dir='ltr' id='par_1_13' title="bbox 333 1510 1938 1589">
     <span class='ocr_line' id='line_1_13' title="bbox 333 1510 1938 1589; baseline -0.001 -22"><span class='ocrx_word' id='word_1_97' title='bbox 333 1517 692 1589; x_wconf 82' lang='grc' dir='ltr'>φυσικωτέρας</span> <span class='ocrx_word' id='word_1_98' title='bbox 746 1516 795 1567; x_wconf 84' lang='grc' dir='ltr'>οὶ</span> <span class='ocrx_word' id='word_1_99' title='bbox 851 1514 1040 1588; x_wconf 86' lang='grc' dir='ltr'>μᾶλλον</span> <span class='ocrx_word' id='word_1_100' title='bbox 1099 1517 1388 1589; x_wconf 81' lang='grc' dir='ltr'>αἱροῦνται.</span> <span class='ocrx_word' id='word_1_101' title='bbox 1474 1513 1629 1588; x_wconf 80' lang='grc' dir='ltr'>Ἔχει</span> <span class='ocrx_word' id='word_1_102' title='bbox 1703 1516 1794 1588; x_wconf 72' lang='grc' dir='ltr'>μὲν</span> <span class='ocrx_word' id='word_1_103' title='bbox 1850 1510 1938 1567; x_wconf 77' lang='grc' dir='ltr'>οὖν</span> 
     </span>
    </p>
   </div>
   <div class='ocr_carea' id='block_1_14' title="bbox 333 1600 1938 1678">
    <p class='ocr_par' dir='ltr' id='par_1_14' title="bbox 333 1600 1938 1678">
     <span class='ocr_line' id='line_1_14' title="bbox 333 1600 1938 1678; baseline -0.001 -20"><span class='ocrx_word' id='word_1_104' title='bbox 333 1605 473 1658; x_wconf 82' lang='grc' dir='ltr'>κατὰ</span> <span class='ocrx_word' id='word_1_105' title='bbox 520 1605 708 1673; x_wconf 88' lang='grc' dir='ltr'>πάντα,</span> <span class='ocrx_word' id='word_1_106' title='bbox 769 1605 841 1667; x_wconf 84' lang='grc' dir='ltr'>ὡς</span> <span class='ocrx_word' id='word_1_107' title='bbox 888 1600 1135 1677; x_wconf 75' lang='grc' dir='ltr'>ἐδείχθη,</span> <span class='ocrx_word' id='word_1_108' title='bbox 1194 1607 1253 1657; x_wconf 88' lang='grc' dir='ltr'>τὸ</span> <span class='ocrx_word' id='word_1_109' title='bbox 1310 1607 1462 1678; x_wconf 80' lang='grc' dir='ltr'>φύσει</span> <span class='ocrx_word' id='word_1_110' title='bbox 1511 1612 1604 1657; x_wconf 82' lang='grc' dir='ltr'>τοῦ</span> <span class='ocrx_word' id='word_1_111' title='bbox 1659 1606 1797 1659; x_wconf 80' lang='grc' dir='ltr'><strong>θέσει</strong></span> <span class='ocrx_word' id='word_1_112' title='bbox 1844 1608 1938 1664; x_wconf 81' lang='grc' dir='ltr'>τὴν</span> 
     </span>
    </p>
   </div>
   <div class='ocr_carea' id='block_1_15' title="bbox 334 1689 1939 1769">
    <p class='ocr_par' dir='ltr' id='par_1_15' title="bbox 334 1689 1939 1769">
     <span class='ocr_line' id='line_1_15' title="bbox 334 1689 1939 1769; baseline 0.001 -23"><span class='ocrx_word' id='word_1_113' title='bbox 334 1694 604 1769; x_wconf 73' lang='grc' dir='ltr'>ύπιροχὰν</span> <span class='ocrx_word' id='word_1_114' title='bbox 640 1714 653 1727; x_wconf 75' lang='grc' dir='ltr'><strong><em>ο</em></strong></span> <span class='ocrx_word' id='word_1_115' title='bbox 690 1700 922 1747; x_wconf 79' lang='grc' dir='ltr'>κοινωνεῖ</span> <span class='ocrx_word' id='word_1_116' title='bbox 960 1689 1020 1747; x_wconf 63' lang='grc' dir='ltr'><strong>δὲ</strong></span> <span class='ocrx_word' id='word_1_117' title='bbox 1042 1698 1133 1747; x_wconf 83' lang='grc' dir='ltr'>καὶ</span> <span class='ocrx_word' id='word_1_118' title='bbox 1173 1694 1333 1769; x_wconf 82' lang='grc' dir='ltr'>ἰατρῷ</span> <span class='ocrx_word' id='word_1_119' title='bbox 1380 1696 1408 1748; x_wconf 84' lang='grc' dir='ltr'><strong><em>ὁ</em></strong></span> <span class='ocrx_word' id='word_1_120' title='bbox 1465 1692 1731 1767; x_wconf 80' lang='grc' dir='ltr'>βασιλεὺς,</span> <span class='ocrx_word' id='word_1_121' title='bbox 1784 1701 1939 1748; x_wconf 82' lang='grc' dir='ltr'>τοῦτο</span> 
     </span>
    </p>
   </div>
   <div class='ocr_carea' id='block_1_16' title="bbox 331 1780 1939 1858">
    <p class='ocr_par' dir='ltr' id='par_1_16' title="bbox 331 1780 1939 1858">
     <span class='ocr_line' id='line_1_16' title="bbox 331 1780 1939 1858; baseline 0.001 -23"><span class='ocrx_word' id='word_1_122' title='bbox 331 1785 552 1855; x_wconf 81' lang='grc' dir='ltr'>φυσικὸν</span> <span class='ocrx_word' id='word_1_123' title='bbox 597 1785 688 1835; x_wconf 85' lang='grc' dir='ltr'>καὶ</span> <span class='ocrx_word' id='word_1_124' title='bbox 740 1780 1098 1858; x_wconf 85' lang='grc' dir='ltr'>φιλάνθρωπον</span> <span class='ocrx_word' id='word_1_125' title='bbox 1139 1804 1152 1817; x_wconf 87' lang='grc'><strong>·</strong></span> <span class='ocrx_word' id='word_1_126' title='bbox 1206 1790 1339 1857; x_wconf 83' lang='grc' dir='ltr'>τρεῖς</span> <span class='ocrx_word' id='word_1_127' title='bbox 1375 1785 1476 1858; x_wconf 69' lang='grc' dir='ltr'><strong>’γὰρ</strong></span> <span class='ocrx_word' id='word_1_128' title='bbox 1533 1786 1799 1836; x_wconf 70' lang='grc' dir='ltr'><strong>κοινωνίαι</strong></span> <span class='ocrx_word' id='word_1_129' title='bbox 1864 1790 1939 1855; x_wconf 81' lang='grc' dir='ltr'>τῷ</span> 
     </span>
    </p>
   </div>
   <div class='ocr_carea' id='block_1_17' title="bbox 325 1867 1932 1948">
    <p class='ocr_par' dir='ltr' id='par_1_17' title="bbox 325 1867 1932 1948">
     <span class='ocr_line' id='line_1_17' title="bbox 325 1867 1932 1948; baseline 0 -24"><span class='ocrx_word' id='word_1_130' title='bbox 325 1873 550 1945; x_wconf 81' lang='grc' dir='ltr'>ἄρχοντι</span> <span class='ocrx_word' id='word_1_131' title='bbox 588 1867 995 1946; x_wconf 84' lang='grc' dir='ltr'>ἁρμοδιώτατοι,</span> <span class='ocrx_word' id='word_1_132' title='bbox 1030 1871 1326 1946; x_wconf 84' lang='grc' dir='ltr'>φιλοσοφία,</span> <span class='ocrx_word' id='word_1_133' title='bbox 1400 1877 1667 1948; x_wconf 83' lang='grc' dir='ltr'>στρατεία,</span> <span class='ocrx_word' id='word_1_134' title='bbox 1724 1873 1932 1948; x_wconf 80' lang='grc' dir='ltr'>ἰατρικὴ</span> 
     </span>
    </p>
   </div>
   <div class='ocr_carea' id='block_1_18' title="bbox 323 1957 1937 2035">
    <p class='ocr_par' dir='ltr' id='par_1_18' title="bbox 323 1957 1937 2035">
     <span class='ocr_line' id='line_1_18' title="bbox 323 1957 1937 2035; baseline -0.001 -21"><span class='ocrx_word' id='word_1_135' title='bbox 323 1963 457 2035; x_wconf 81' lang='grc' dir='ltr'>μετὰ</span> <span class='ocrx_word' id='word_1_136' title='bbox 484 1968 585 2014; x_wconf 88' lang='grc' dir='ltr'><strong>τῶν</strong></span> <span class='ocrx_word' id='word_1_137' title='bbox 627 1957 928 2035; x_wconf 72' lang='grc' dir='ltr'><strong>ἰδιωμάτων</strong></span> <span class='ocrx_word' id='word_1_138' title='bbox 958 1961 1150 2032; x_wconf 73' lang='grc' dir='ltr'>αὐτῶν,</span> <span class='ocrx_word' id='word_1_139' title='bbox 1182 1966 1273 2015; x_wconf 81' lang='grc' dir='ltr'>καὶ</span> <span class='ocrx_word' id='word_1_140' title='bbox 1310 1970 1403 2023; x_wconf 83' lang='grc' dir='ltr'>τῆς</span> <span class='ocrx_word' id='word_1_141' title='bbox 1440 1965 1530 2035; x_wconf 68' lang='grc' dir='ltr'>μὲν</span> <span class='ocrx_word' id='word_1_142' title='bbox 1560 1968 1704 2034; x_wconf 82' lang='grc' dir='ltr'>μιᾶς,</span> <span class='ocrx_word' id='word_1_143' title='bbox 1755 1969 1937 2026; x_wconf 84' lang='grc' dir='ltr'>κοινῆς</span> 
     </span>
    </p>
   </div>
   <div class='ocr_carea' id='block_1_19' title="bbox 321 2046 1931 2125">
    <p class='ocr_par' dir='ltr' id='par_1_19' title="bbox 321 2046 1931 2125">
     <span class='ocr_line' id='line_1_19' title="bbox 321 2046 1931 2125; baseline 0.001 -21"><span class='ocrx_word' id='word_1_144' title='bbox 321 2053 489 2113; x_wconf 76' lang='grc' dir='ltr'>οὔσης</span> <span class='ocrx_word' id='word_1_145' title='bbox 515 2054 608 2104; x_wconf 86' lang='grc' dir='ltr'>καὶ</span> <span class='ocrx_word' id='word_1_146' title='bbox 647 2046 934 2112; x_wconf 79' lang='grc' dir='ltr'>διεπούσης</span> <span class='ocrx_word' id='word_1_147' title='bbox 970 2053 1142 2105; x_wconf 89' lang='grc' dir='ltr'>πάντα</span> <span class='ocrx_word' id='word_1_148' title='bbox 1197 2051 1500 2125; x_wconf 76' lang='grc' dir='ltr'>πολλαχῶς,</span> <span class='ocrx_word' id='word_1_149' title='bbox 1559 2053 1628 2115; x_wconf 84' lang='grc' dir='ltr'><strong>ὡς</strong></span> <span class='ocrx_word' id='word_1_150' title='bbox 1687 2047 1773 2105; x_wconf 80' lang='grc' dir='ltr'>δεῖ</span> <span class='ocrx_word' id='word_1_151' title='bbox 1813 2071 1931 2105; x_wconf 90' lang='grc' dir='ltr'>κοι-</span> 
     </span>
    </p>
   </div>
   <div class='ocr_carea' id='block_1_20' title="bbox 320 2138 1933 2217">
    <p class='ocr_par' dir='ltr' id='par_1_20' title="bbox 320 2138 1933 2217">
     <span class='ocr_line' id='line_1_20' title="bbox 320 2138 1933 2217; baseline 0.002 -24"><span class='ocrx_word' id='word_1_152' title='bbox 320 2147 495 2194; x_wconf 87' lang='grc' dir='ltr'>νωνεῖν</span> <span class='ocrx_word' id='word_1_153' title='bbox 560 2142 748 2216; x_wconf 72' lang='grc' dir='ltr'>ταύτῃ,</span> <span class='ocrx_word' id='word_1_154' title='bbox 848 2138 1273 2215; x_wconf 62' lang='grc' dir='ltr'>διασαφήσαντες</span> <span class='ocrx_word' id='word_1_155' title='bbox 1360 2144 1586 2216; x_wconf 78' lang='grc' dir='ltr'>εἴπομεν.</span> <span class='ocrx_word' id='word_1_156' title='bbox 1672 2146 1933 2217; x_wconf 87' lang='grc' dir='ltr'>Σωτήριος</span> 
     </span>
    </p>
   </div>
   <div class='ocr_carea' id='block_1_21' title="bbox 319 2225 1931 2302">
    <p class='ocr_par' dir='ltr' id='par_1_21' title="bbox 319 2225 1931 2302">
     <span class='ocr_line' id='line_1_21' title="bbox 319 2225 1931 2302; baseline 0.001 -21"><span class='ocrx_word' id='word_1_157' title='bbox 319 2229 422 2302; x_wconf 68' lang='grc' dir='ltr'><strong>⁴γάρ</strong></span> <span class='ocrx_word' id='word_1_158' title='bbox 475 2227 588 2281; x_wconf 75' lang='grc' dir='ltr'>ἐστι</span> <span class='ocrx_word' id='word_1_159' title='bbox 642 2236 825 2283; x_wconf 83' lang='grc' dir='ltr'>πασῶν</span> <span class='ocrx_word' id='word_1_160' title='bbox 887 2233 978 2282; x_wconf 85' lang='grc' dir='ltr'>καὶ</span> <span class='ocrx_word' id='word_1_161' title='bbox 1042 2231 1246 2283; x_wconf 86' lang='grc' dir='ltr'>πάντων</span> <span class='ocrx_word' id='word_1_162' title='bbox 1293 2229 1450 2300; x_wconf 75' lang='grc' dir='ltr'>αὕτη,</span> <span class='ocrx_word' id='word_1_163' title='bbox 1497 2233 1587 2283; x_wconf 84' lang='grc' dir='ltr'>καὶ</span> <span class='ocrx_word' id='word_1_164' title='bbox 1632 2225 1727 2282; x_wconf 78' lang='grc' dir='ltr'><strong>διὰ</strong></span> <span class='ocrx_word' id='word_1_165' title='bbox 1778 2237 1931 2284; x_wconf 85' lang='grc' dir='ltr'>τοῦτο</span> 
     </span>
    </p>
   </div>
   <div class='ocr_carea' id='block_1_22' title="bbox 325 2314 1930 2395">
    <p class='ocr_par' dir='ltr' id='par_1_22' title="bbox 325 2314 1930 2395">
     <span class='ocr_line' id='line_1_22' title="bbox 325 2314 1930 2395; baseline 0.001 -24"><span class='ocrx_word' id='word_1_166' title='bbox 325 2314 412 2371; x_wconf 82' lang='grc' dir='ltr'>δεῖ</span> <span class='ocrx_word' id='word_1_167' title='bbox 436 2324 692 2371; x_wconf 82' lang='grc' dir='ltr'>κοινωνεῖν</span> <span class='ocrx_word' id='word_1_168' title='bbox 722 2320 887 2392; x_wconf 78' lang='grc' dir='ltr'>ταύτῃ</span> <span class='ocrx_word' id='word_1_169' title='bbox 930 2321 1017 2371; x_wconf 86' lang='grc' dir='ltr'>τὸν</span> <span class='ocrx_word' id='word_1_170' title='bbox 1047 2320 1305 2395; x_wconf 79' lang='grc' dir='ltr'>ἄρχοντα,</span> <span class='ocrx_word' id='word_1_171' title='bbox 1365 2315 1545 2378; x_wconf 77' lang='grc' dir='ltr'>ἐπειδὴ</span> <span class='ocrx_word' id='word_1_172' title='bbox 1606 2323 1780 2395; x_wconf 81' lang='grc' dir='ltr'>σωτὴρ</span> <span class='ocrx_word' id='word_1_173' title='bbox 1840 2324 1930 2373; x_wconf 80' lang='grc' dir='ltr'>καὶ</span> 
     </span>
    </p>
   </div>
   <div class='ocr_carea' id='block_1_23' title="bbox 321 2404 1925 2481">
    <p class='ocr_par' dir='ltr' id='par_1_23' title="bbox 321 2404 1925 2481">
     <span class='ocr_line' id='line_1_23' title="bbox 321 2404 1925 2481; baseline 0.002 -22"><span class='ocrx_word' id='word_1_174' title='bbox 321 2404 642 2480; x_wconf 78' lang='grc' dir='ltr'>ἐπιμελητὴς</span> <span class='ocrx_word' id='word_1_175' title='bbox 671 2405 864 2479; x_wconf 70' lang='grc' dir='ltr'>ψυχῶν</span> <span class='ocrx_word' id='word_1_176' title='bbox 919 2412 1009 2460; x_wconf 87' lang='grc' dir='ltr'>καὶ</span> <span class='ocrx_word' id='word_1_177' title='bbox 1051 2409 1305 2481; x_wconf 87' lang='grc' dir='ltr'>σωμάτων</span> <span class='ocrx_word' id='word_1_178' title='bbox 1336 2406 1469 2476; x_wconf 76' lang='grc' dir='ltr'>ἐστὶ,</span> <span class='ocrx_word' id='word_1_179' title='bbox 1535 2416 1632 2461; x_wconf 81' lang='grc' dir='ltr'><strong>τῶν</strong></span> <span class='ocrx_word' id='word_1_180' title='bbox 1665 2404 1813 2461; x_wconf 76' lang='grc' dir='ltr'>δυοῖν</span> <span class='ocrx_word' id='word_1_181' title='bbox 1846 2405 1925 2477; x_wconf 73' lang='grc' dir='ltr'><strong>δὲ,</strong></span> 
     </span>
    </p>
   </div>
   <div class='ocr_carea' id='block_1_24' title="bbox 321 2496 1929 2572">
    <p class='ocr_par' dir='ltr' id='par_1_24' title="bbox 321 2496 1929 2572">
     <span class='ocr_line' id='line_1_24' title="bbox 321 2496 1929 2572; baseline 0.001 -24"><span class='ocrx_word' id='word_1_182' title='bbox 321 2498 391 2558; x_wconf 82' lang='grc' dir='ltr'>ὡς</span> <span class='ocrx_word' id='word_1_183' title='bbox 452 2497 585 2569; x_wconf 82' lang='grc' dir='ltr'>μετὰ</span> <span class='ocrx_word' id='word_1_184' title='bbox 643 2498 840 2555; x_wconf 88' lang='grc' dir='ltr'>ταύτην</span> <span class='ocrx_word' id='word_1_185' title='bbox 917 2498 1173 2570; x_wconf 84' lang='grc' dir='ltr'>σωμάτων</span> <span class='ocrx_word' id='word_1_186' title='bbox 1241 2496 1409 2550; x_wconf 80' lang='grc' dir='ltr'>ούσῶν</span> <span class='ocrx_word' id='word_1_187' title='bbox 1478 2501 1767 2572; x_wconf 76' lang='grc' dir='ltr'>σωτηρίων,</span> <span class='ocrx_word' id='word_1_188' title='bbox 1847 2498 1929 2550; x_wconf 69' lang='grc' dir='ltr'><strong>ἐπὶ</strong></span> 
     </span>
    </p>
   </div>
   <div class='ocr_carea' id='block_1_25' title="bbox 324 2584 1926 2663">
    <p class='ocr_par' dir='ltr' id='par_1_25' title="bbox 324 2584 1926 2663">
     <span class='ocr_line' id='line_1_25' title="bbox 324 2584 1926 2663; baseline 0.001 -24"><span class='ocrx_word' id='word_1_189' title='bbox 324 2584 527 2662; x_wconf 78' lang='grc' dir='ltr'>μείζονι</span> <span class='ocrx_word' id='word_1_190' title='bbox 572 2588 659 2639; x_wconf 76' lang='grc' dir='ltr'>καὶ</span> <span class='ocrx_word' id='word_1_191' title='bbox 717 2584 949 2640; x_wconf 72' lang='grc' dir='ltr'>ἐλάττονι</span> <span class='ocrx_word' id='word_1_192' title='bbox 1011 2590 1205 2663; x_wconf 83' lang='grc' dir='ltr'>τρόπῳ.</span> <span class='ocrx_word' id='word_1_193' title='bbox 1245 2593 1303 2640; x_wconf 83' lang='lat' dir='ltr'><strong>&#39;II</strong></span> <span class='ocrx_word' id='word_1_194' title='bbox 1367 2588 1457 2661; x_wconf 75' lang='grc' dir='ltr'>μὲν</span> <span class='ocrx_word' id='word_1_195' title='bbox 1512 2588 1615 2661; x_wconf 73' lang='grc' dir='ltr'><strong>γὰρ</strong></span> <span class='ocrx_word' id='word_1_196' title='bbox 1667 2593 1760 2640; x_wconf 77' lang='grc' dir='ltr'>τοῦ</span> <span class='ocrx_word' id='word_1_197' title='bbox 1808 2586 1926 2640; x_wconf 83' lang='grc' dir='ltr'>ὅλου</span> 
     </span>
    </p>
   </div>
   <div class='ocr_carea' id='block_1_26' title="bbox 296 2815 1960 2892">
    <p class='ocr_par' dir='ltr' id='par_1_26' title="bbox 296 2815 1960 2892">
     <span class='ocr_line' id='line_1_26' title="bbox 296 2815 1960 2892; baseline 0 -17"><span class='ocrx_word' id='word_1_198' title='bbox 296 2815 448 2875; x_wconf 77' lang='lat' dir='ltr'><strong>bene</strong></span> <span class='ocrx_word' id='word_1_199' title='bbox 473 2816 656 2876; x_wconf 81' lang='lat' dir='ltr'><strong>solet:</strong></span> <span class='ocrx_word' id='word_1_200' title='bbox 699 2817 849 2892; x_wconf 90' lang='lat' dir='ltr'><strong>quid</strong></span> <span class='ocrx_word' id='word_1_201' title='bbox 876 2818 1039 2876; x_wconf 89' lang='lat' dir='ltr'><strong>enim</strong></span> <span class='ocrx_word' id='word_1_202' title='bbox 1069 2822 1162 2876; x_wconf 88' lang='lat' dir='ltr'><strong>est</strong></span> <span class='ocrx_word' id='word_1_203' title='bbox 1182 2816 1348 2877; x_wconf 80' lang='lat' dir='ltr'>aliud</span> <span class='ocrx_word' id='word_1_204' title='bbox 1397 2817 1630 2876; x_wconf 89' lang='lat' dir='ltr'><strong>amicus</strong></span> <span class='ocrx_word' id='word_1_205' title='bbox 1657 2834 1846 2892; x_wconf 86' lang='lat' dir='ltr'><strong>quam</strong></span> <span class='ocrx_word' id='word_1_206' title='bbox 1878 2817 1960 2875; x_wconf 88' lang='lat' dir='ltr'><strong>al-</strong></span> 
     </span>
    </p>
   </div>
   <div class='ocr_carea' id='block_1_27' title="bbox 296 2906 1963 2979">
    <p class='ocr_par' dir='ltr' id='par_1_27' title="bbox 296 2906 1963 2979">
     <span class='ocr_line' id='line_1_27' title="bbox 296 2906 1963 2979; baseline 0 -14"><span class='ocrx_word' id='word_1_207' title='bbox 296 2909 383 2965; x_wconf 87' lang='lat' dir='ltr'><strong>ter</strong></span> <span class='ocrx_word' id='word_1_208' title='bbox 402 2906 580 2979; x_wconf 85' lang='lat' dir='ltr'><strong>ipse?</strong></span> <span class='ocrx_word' id='word_1_209' title='bbox 610 2910 760 2966; x_wconf 86' lang='lat' dir='ltr'><strong>Nam</strong></span> <span class='ocrx_word' id='word_1_210' title='bbox 799 2907 1027 2966; x_wconf 81' lang='lat' dir='ltr'><strong>similes</strong></span> <span class='ocrx_word' id='word_1_211' title='bbox 1072 2924 1212 2966; x_wconf 91' lang='lat' dir='ltr'><strong>cum</strong></span> <span class='ocrx_word' id='word_1_212' title='bbox 1269 2907 1564 2965; x_wconf 85' lang='lat' dir='ltr'><strong>similibus</strong></span> <span class='ocrx_word' id='word_1_213' title='bbox 1618 2908 1963 2966; x_wconf 88' lang='lat' dir='ltr'><strong>societatem</strong></span> 
     </span>
    </p>
   </div>
   <div class='ocr_carea' id='block_1_28' title="bbox 294 2997 1962 3074">
    <p class='ocr_par' dir='ltr' id='par_1_28' title="bbox 294 2997 1962 3074">
     <span class='ocr_line' id='line_1_28' title="bbox 294 2997 1962 3074; baseline 0.002 -22"><span class='ocrx_word' id='word_1_214' title='bbox 294 2998 627 3055; x_wconf 88' lang='lat' dir='ltr'><strong>consituere</strong></span> <span class='ocrx_word' id='word_1_215' title='bbox 653 2997 870 3059; x_wconf 77' lang='lat' dir='ltr'><strong>solent.</strong></span> <span class='ocrx_word' id='word_1_216' title='bbox 885 3003 959 3056; x_wconf 78' lang='lat' dir='ltr'><strong>At</strong></span> <span class='ocrx_word' id='word_1_217' title='bbox 977 2999 1224 3074; x_wconf 82' lang='lat' dir='ltr'><strong>suscipit</strong></span> <span class='ocrx_word' id='word_1_218' title='bbox 1242 3014 1367 3057; x_wconf 90' lang='lat' dir='ltr'><strong>non</strong></span> <span class='ocrx_word' id='word_1_219' title='bbox 1398 2998 1616 3056; x_wconf 80' lang='lat' dir='ltr'><strong>similia</strong></span> <span class='ocrx_word' id='word_1_220' title='bbox 1631 2998 1962 3072; x_wconf 80' lang='lat' dir='ltr'><strong>aliquando</strong></span> 
     </span>
    </p>
   </div>
   <div class='ocr_carea' id='block_1_29' title="bbox 1209 394 2832 464">
    <p class='ocr_par' dir='ltr' id='par_1_29' title="bbox 1209 394 2832 464">
     <span class='ocr_line' id='line_1_29' title="bbox 1209 394 2832 464; baseline 0.001 -4"><span class='ocrx_word' id='word_1_221' title='bbox 1209 403 1563 461; x_wconf 81' lang='lat' dir='ltr'><strong>THEODORI</strong></span> <span class='ocrx_word' id='word_1_222' title='bbox 1592 404 1639 461; x_wconf 88' lang='lat' dir='ltr'><strong>II</strong></span> <span class='ocrx_word' id='word_1_223' title='bbox 1668 401 1811 461; x_wconf 85' lang='lat' dir='ltr'><strong>IMP.</strong></span> <span class='ocrx_word' id='word_1_224' title='bbox 1845 400 1937 456; x_wconf 88' lang='lat' dir='ltr'><strong>DE</strong></span> <span class='ocrx_word' id='word_1_225' title='bbox 1968 394 2428 460; x_wconf 75' lang='lat' dir='ltr'><strong>COMMUNIONE</strong></span> <span class='ocrx_word' id='word_1_226' title='bbox 2457 404 2832 464; x_wconf 79' lang='lat' dir='ltr'><strong>NATUBALI.</strong></span> 
     </span>
    </p>
   </div>
   <div class='ocr_carea' id='block_1_30' title="bbox 1109 518 3711 608">
    <p class='ocr_par' dir='ltr' id='par_1_30' title="bbox 1109 518 3711 608">
     <span class='ocr_line' id='line_1_30' title="bbox 1109 518 3711 608; baseline 0.002 -27"><span class='ocrx_word' id='word_1_227' title='bbox 1109 529 1220 581; x_wconf 71' lang='grc' dir='ltr'>ἔστι</span> <span class='ocrx_word' id='word_1_228' title='bbox 1258 525 1318 582; x_wconf 64' lang='grc' dir='ltr'>δι</span> <span class='ocrx_word' id='word_1_229' title='bbox 1382 549 1485 582; x_wconf 91' lang='grc' dir='ltr'>τινι</span> <span class='ocrx_word' id='word_1_230' title='bbox 1548 532 1621 604; x_wconf 76' lang='grc' dir='ltr'>μὴ</span> <span class='ocrx_word' id='word_1_231' title='bbox 1681 531 1937 582; x_wconf 81' lang='grc' dir='ltr'>κοινωνεῖν</span> <span class='ocrx_word' id='word_1_232' title='bbox 2000 527 2049 582; x_wconf 78' lang='grc' dir='ltr'><strong>Α</strong></span> <span class='ocrx_word' id='word_1_233' title='bbox 2106 525 2244 589; x_wconf 79' lang='grc' dir='ltr'>ζώου</span> <span class='ocrx_word' id='word_1_234' title='bbox 2298 527 2464 600; x_wconf 84' lang='grc' dir='ltr'>φύλαξ</span> <span class='ocrx_word' id='word_1_235' title='bbox 2516 528 2810 605; x_wconf 74' lang='grc' dir='ltr'>ἀνθρώπου,</span> <span class='ocrx_word' id='word_1_236' title='bbox 2865 530 2892 589; x_wconf 81' lang='grc' dir='ltr'><strong>ἠ</strong></span> <span class='ocrx_word' id='word_1_237' title='bbox 2963 525 3023 582; x_wconf 66' lang='grc' dir='ltr'>δι</span> <span class='ocrx_word' id='word_1_238' title='bbox 3067 529 3212 604; x_wconf 73' lang='grc' dir='ltr'>παρὰ</span> <span class='ocrx_word' id='word_1_239' title='bbox 3269 531 3440 603; x_wconf 83' lang='grc' dir='ltr'>μέρος.</span> <span class='ocrx_word' id='word_1_240' title='bbox 3507 518 3711 608; x_wconf 75' lang='grc' dir='ltr'>’ἰητρὸς</span> 
     </span>
    </p>
   </div>
   <div class='ocr_carea' id='block_1_31' title="bbox 3600 408 3737 465">
    <p class='ocr_par' dir='ltr' id='par_1_31' title="bbox 3600 408 3737 465">
     <span class='ocr_line' id='line_1_31' title="bbox 3600 408 3737 465; baseline 0.029 -4"><span class='ocrx_word' id='word_1_241' title='bbox 3600 408 3620 461; x_wconf 74' lang='grc'><strong>1</strong></span> <span class='ocrx_word' id='word_1_242' title='bbox 3633 409 3737 465; x_wconf 78' lang='grc'><strong>362</strong></span> 
     </span>
    </p>
   </div>
   <div class='ocr_carea' id='block_1_32' title="bbox 2103 613 3706 694">
    <p class='ocr_par' dir='ltr' id='par_1_32' title="bbox 2103 613 3706 694">
     <span class='ocr_line' id='line_1_32' title="bbox 2103 613 3706 694; baseline 0.003 -25"><span class='ocrx_word' id='word_1_243' title='bbox 2103 617 2206 690; x_wconf 71' lang='grc' dir='ltr'><strong>γὰρ</strong></span> <span class='ocrx_word' id='word_1_244' title='bbox 2233 614 2361 689; x_wconf 75' lang='grc' dir='ltr'>ἀνὴρ</span> <span class='ocrx_word' id='word_1_245' title='bbox 2388 616 2585 670; x_wconf 87' lang='grc' dir='ltr'>πολλῶν</span> <span class='ocrx_word' id='word_1_246' title='bbox 2616 616 2855 682; x_wconf 74' lang='grc' dir='ltr'>ἀντάξιος</span> <span class='ocrx_word' id='word_1_247' title='bbox 2884 616 3066 683; x_wconf 82' lang='grc' dir='ltr'>ἄλλων,</span> <span class='ocrx_word' id='word_1_248' title='bbox 3104 621 3222 691; x_wconf 85' lang='grc' dir='ltr'>περὶ</span> <span class='ocrx_word' id='word_1_249' title='bbox 3277 613 3337 671; x_wconf 65' lang='grc' dir='ltr'><strong>δὲ</strong></span> <span class='ocrx_word' id='word_1_250' title='bbox 3382 629 3706 694; x_wconf 74' lang='grc' dir='ltr'>στρατηγοῦ,</span> 
     </span>
    </p>
   </div>
   <div class='ocr_carea' id='block_1_33' title="bbox 2105 702 3705 785">
    <p class='ocr_par' dir='ltr' id='par_1_33' title="bbox 2105 702 3705 785">
     <span class='ocr_line' id='line_1_33' title="bbox 2105 702 3705 785; baseline 0.004 -28"><span class='ocrx_word' id='word_1_251' title='bbox 2105 705 2178 766; x_wconf 82' lang='grc' dir='ltr'>εἷς</span> <span class='ocrx_word' id='word_1_252' title='bbox 2206 709 2406 779; x_wconf 83' lang='grc' dir='ltr'>μυρίοι,</span> <span class='ocrx_word' id='word_1_253' title='bbox 2442 702 2685 765; x_wconf 83' lang='grc' dir='ltr'>δηλονότι</span> <span class='ocrx_word' id='word_1_254' title='bbox 2714 707 2785 770; x_wconf 81' lang='grc' dir='ltr'>εἷς</span> <span class='ocrx_word' id='word_1_255' title='bbox 2815 710 3001 768; x_wconf 86' lang='grc' dir='ltr'>πάντες</span> <span class='ocrx_word' id='word_1_256' title='bbox 3032 725 3045 738; x_wconf 89' lang='grc'><strong>·</strong></span> <span class='ocrx_word' id='word_1_257' title='bbox 3074 706 3134 760; x_wconf 81' lang='grc' dir='ltr'><strong>ού</strong></span> <span class='ocrx_word' id='word_1_258' title='bbox 3186 709 3287 780; x_wconf 71' lang='grc' dir='ltr'><strong>γὰρ</strong></span> <span class='ocrx_word' id='word_1_259' title='bbox 3343 706 3450 762; x_wconf 83' lang='grc' dir='ltr'>εἶπε</span> <span class='ocrx_word' id='word_1_260' title='bbox 3504 713 3705 785; x_wconf 88' lang='grc' dir='ltr'>μύριοι,</span> 
     </span>
    </p>
   </div>
   <div class='ocr_carea' id='block_1_34' title="bbox 2105 790 3706 871">
    <p class='ocr_par' dir='ltr' id='par_1_34' title="bbox 2105 790 3706 871">
     <span class='ocr_line' id='line_1_34' title="bbox 2105 790 3706 871; baseline 0.002 -26"><span class='ocrx_word' id='word_1_261' title='bbox 2105 791 2233 846; x_wconf 80' lang='grc' dir='ltr'><strong>ἀλλά</strong></span> <span class='ocrx_word' id='word_1_262' title='bbox 2260 799 2462 869; x_wconf 82' lang='grc' dir='ltr'>μυρίοι,</span> <span class='ocrx_word' id='word_1_263' title='bbox 2510 802 2667 849; x_wconf 80' lang='grc' dir='ltr'>τοῦτο</span> <span class='ocrx_word' id='word_1_264' title='bbox 2723 791 2784 848; x_wconf 71' lang='grc' dir='ltr'><strong>δὲ</strong></span> <span class='ocrx_word' id='word_1_265' title='bbox 2812 798 2871 848; x_wconf 84' lang='grc' dir='ltr'>τὸ</span> <span class='ocrx_word' id='word_1_266' title='bbox 2918 797 3107 857; x_wconf 84' lang='grc' dir='ltr'>πάντες</span> <span class='ocrx_word' id='word_1_267' title='bbox 3155 790 3326 853; x_wconf 83' lang='grc' dir='ltr'>δηλοῖ.</span> <span class='ocrx_word' id='word_1_268' title='bbox 3373 802 3560 871; x_wconf 81' lang='grc' dir='ltr'>Πρώτη</span> <span class='ocrx_word' id='word_1_269' title='bbox 3614 801 3706 871; x_wconf 69' lang='grc' dir='ltr'><strong>μιν</strong></span> 
     </span>
    </p>
   </div>
   <div class='ocr_carea' id='block_1_35' title="bbox 2103 878 3763 961">
    <p class='ocr_par' dir='ltr' id='par_1_35' title="bbox 2103 878 3763 961">
     <span class='ocr_line' id='line_1_35' title="bbox 2103 878 3763 961; baseline 0.003 -24"><span class='ocrx_word' id='word_1_270' title='bbox 2103 878 2189 937; x_wconf 72' lang='grc' dir='ltr'>οὖν</span> <span class='ocrx_word' id='word_1_271' title='bbox 2249 885 2279 944; x_wconf 82' lang='grc' dir='ltr'>ἡ</span> <span class='ocrx_word' id='word_1_272' title='bbox 2333 889 2685 960; x_wconf 80' lang='grc' dir='ltr'>στρατιωτικὴ</span> <span class='ocrx_word' id='word_1_273' title='bbox 2763 886 2825 948; x_wconf 79' lang='grc' dir='ltr'><strong>ἧς</strong></span> <span class='ocrx_word' id='word_1_274' title='bbox 2895 882 3008 938; x_wconf 73' lang='grc' dir='ltr'>ἔστι</span> <span class='ocrx_word' id='word_1_275' title='bbox 3062 889 3152 938; x_wconf 80' lang='grc' dir='ltr'>καὶ</span> <span class='ocrx_word' id='word_1_276' title='bbox 3191 883 3244 949; x_wconf 81' lang='grc' dir='ltr'><strong>ἐξ</strong></span> <span class='ocrx_word' id='word_1_277' title='bbox 3292 885 3357 949; x_wconf 78' lang='grc' dir='ltr'>ἧς</span> <span class='ocrx_word' id='word_1_278' title='bbox 3412 889 3557 961; x_wconf 78' lang='grc' dir='ltr'>παρὰ</span> <span class='ocrx_word' id='word_1_279' title='bbox 3609 895 3708 950; x_wconf 84' lang='grc' dir='ltr'>τῆς</span> <span class='ocrx_word' id='word_1_280' title='bbox 3758 893 3763 899; x_wconf 88' lang='grc'><em>’</em></span> 
     </span>
    </p>
   </div>
   <div class='ocr_carea' id='block_1_36' title="bbox 2102 971 3706 1050">
    <p class='ocr_par' dir='ltr' id='par_1_36' title="bbox 2102 971 3706 1050">
     <span class='ocr_line' id='line_1_36' title="bbox 2102 971 3706 1050; baseline 0.002 -23"><span class='ocrx_word' id='word_1_281' title='bbox 2102 978 2314 1049; x_wconf 85' lang='grc' dir='ltr'>πρώτης</span> <span class='ocrx_word' id='word_1_282' title='bbox 2343 975 2486 1028; x_wconf 84' lang='grc' dir='ltr'>καὶὸ</span> <span class='ocrx_word' id='word_1_283' title='bbox 2516 977 2668 1049; x_wconf 86' lang='grc' dir='ltr'>φύσει</span> <span class='ocrx_word' id='word_1_284' title='bbox 2709 977 3026 1048; x_wconf 73' lang='grc' dir='ltr'>στρατηγὸς,</span> <span class='ocrx_word' id='word_1_285' title='bbox 3085 971 3330 1050; x_wconf 77' lang='grc' dir='ltr'>δευτέραν</span> <span class='ocrx_word' id='word_1_286' title='bbox 3370 972 3430 1029; x_wconf 66' lang='grc' dir='ltr'><strong>δὲ</strong></span> <span class='ocrx_word' id='word_1_287' title='bbox 3471 981 3706 1048; x_wconf 78' lang='grc' dir='ltr'>κρίνομεν</span> 
     </span>
    </p>
   </div>
   <div class='ocr_carea' id='block_1_37' title="bbox 2099 1061 3708 1139">
    <p class='ocr_par' dir='ltr' id='par_1_37' title="bbox 2099 1061 3708 1139">
     <span class='ocr_line' id='line_1_37' title="bbox 2099 1061 3708 1139; baseline 0.004 -24"><span class='ocrx_word' id='word_1_288' title='bbox 2099 1067 2194 1122; x_wconf 71' lang='grc' dir='ltr'>τὴν</span> <span class='ocrx_word' id='word_1_289' title='bbox 2252 1063 2514 1138; x_wconf 77' lang='grc' dir='ltr'>ἰατρικὴν,</span> <span class='ocrx_word' id='word_1_290' title='bbox 2569 1067 2702 1139; x_wconf 83' lang='grc' dir='ltr'><strong>μετά</strong></span> <span class='ocrx_word' id='word_1_291' title='bbox 2777 1061 2838 1118; x_wconf 72' lang='grc' dir='ltr'>δε</span> <span class='ocrx_word' id='word_1_292' title='bbox 2887 1067 3081 1127; x_wconf 84' lang='grc' dir='ltr'>ταύτας</span> <span class='ocrx_word' id='word_1_293' title='bbox 3155 1064 3215 1118; x_wconf 83' lang='grc' dir='ltr'><strong>ού</strong></span> <span class='ocrx_word' id='word_1_294' title='bbox 3275 1073 3530 1120; x_wconf 76' lang='grc' dir='ltr'>κοινωνεῖν</span> <span class='ocrx_word' id='word_1_295' title='bbox 3597 1063 3708 1121; x_wconf 80' lang='grc' dir='ltr'>δεῖν</span> 
     </span>
    </p>
   </div>
   <div class='ocr_carea' id='block_1_38' title="bbox 2103 1151 3704 1229">
    <p class='ocr_par' dir='ltr' id='par_1_38' title="bbox 2103 1151 3704 1229">
     <span class='ocr_line' id='line_1_38' title="bbox 2103 1151 3704 1229; baseline 0.001 -23"><span class='ocrx_word' id='word_1_296' title='bbox 2103 1159 2220 1215; x_wconf 87' lang='grc' dir='ltr'>ταῖς</span> <span class='ocrx_word' id='word_1_297' title='bbox 2264 1151 2447 1217; x_wconf 80' lang='grc' dir='ltr'>ἄλλαις</span> <span class='ocrx_word' id='word_1_298' title='bbox 2514 1156 2601 1207; x_wconf 88' lang='grc' dir='ltr'>τὸν</span> <span class='ocrx_word' id='word_1_299' title='bbox 2653 1154 2893 1229; x_wconf 82' lang='grc' dir='ltr'>ἄρχοντα</span> <span class='ocrx_word' id='word_1_300' title='bbox 2968 1152 3179 1226; x_wconf 74' lang='grc' dir='ltr'>λέγομεν</span> <span class='ocrx_word' id='word_1_301' title='bbox 3238 1152 3348 1206; x_wconf 77' lang='grc' dir='ltr'>ἀλλ’</span> <span class='ocrx_word' id='word_1_302' title='bbox 3395 1154 3704 1228; x_wconf 80' lang='grc' dir='ltr'>οἰκονομεῖν,</span> 
     </span>
    </p>
   </div>
   <div class='ocr_carea' id='block_1_39' title="bbox 2104 1239 3708 1318">
    <p class='ocr_par' dir='ltr' id='par_1_39' title="bbox 2104 1239 3708 1318">
     <span class='ocr_line' id='line_1_39' title="bbox 2104 1239 3708 1318; baseline 0.002 -24"><span class='ocrx_word' id='word_1_303' title='bbox 2104 1239 2400 1296; x_wconf 76' lang='grc' dir='ltr'>ἐπιτάσσων</span> <span class='ocrx_word' id='word_1_304' title='bbox 2453 1244 2627 1316; x_wconf 79' lang='grc' dir='ltr'>ὥσπερ</span> <span class='ocrx_word' id='word_1_305' title='bbox 2703 1240 2756 1306; x_wconf 81' lang='grc' dir='ltr'><strong>ἐξ</strong></span> <span class='ocrx_word' id='word_1_306' title='bbox 2856 1240 3140 1318; x_wconf 75' lang='grc' dir='ltr'>ἀκρωρείας</span> <span class='ocrx_word' id='word_1_307' title='bbox 3216 1246 3358 1307; x_wconf 87' lang='grc' dir='ltr'>τινὸς</span> <span class='ocrx_word' id='word_1_308' title='bbox 3419 1245 3708 1318; x_wconf 72' lang='grc' dir='ltr'>καθήμενος</span> 
     </span>
    </p>
   </div>
   <div class='ocr_carea' id='block_1_40' title="bbox 2103 1329 3704 1405">
    <p class='ocr_par' dir='ltr' id='par_1_40' title="bbox 2103 1329 3704 1405">
     <span class='ocr_line' id='line_1_40' title="bbox 2103 1329 3704 1405; baseline 0.001 -20"><span class='ocrx_word' id='word_1_309' title='bbox 2103 1331 2239 1393; x_wconf 85' lang='grc' dir='ltr'>ὅπως</span> <span class='ocrx_word' id='word_1_310' title='bbox 2289 1331 2404 1385; x_wconf 88' lang='grc' dir='ltr'>κατ’</span> <span class='ocrx_word' id='word_1_311' title='bbox 2455 1330 2753 1405; x_wconf 77' lang='grc' dir='ltr'>ἐπιστήμην</span> <span class='ocrx_word' id='word_1_312' title='bbox 2806 1336 2895 1385; x_wconf 82' lang='grc' dir='ltr'><strong>καὶ</strong></span> <span class='ocrx_word' id='word_1_313' title='bbox 2962 1351 3118 1405; x_wconf 83' lang='grc' dir='ltr'>φυσιν</span> <span class='ocrx_word' id='word_1_314' title='bbox 3163 1334 3223 1385; x_wconf 84' lang='grc' dir='ltr'>τὸ</span> <span class='ocrx_word' id='word_1_315' title='bbox 3273 1337 3376 1385; x_wconf 86' lang='grc' dir='ltr'>πᾶν</span> <span class='ocrx_word' id='word_1_316' title='bbox 3434 1329 3704 1403; x_wconf 78' lang='grc' dir='ltr'>διέπηται,</span> 
     </span>
    </p>
   </div>
   <div class='ocr_carea' id='block_1_41' title="bbox 2101 1419 3710 1495">
    <p class='ocr_par' dir='ltr' id='par_1_41' title="bbox 2101 1419 3710 1495">
     <span class='ocr_line' id='line_1_41' title="bbox 2101 1419 3710 1495; baseline 0.002 -21"><span class='ocrx_word' id='word_1_317' title='bbox 2101 1426 2192 1475; x_wconf 84' lang='grc' dir='ltr'>καὶ</span> <span class='ocrx_word' id='word_1_318' title='bbox 2229 1425 2344 1495; x_wconf 80' lang='grc' dir='ltr'>περὶ</span> <span class='ocrx_word' id='word_1_319' title='bbox 2400 1424 2491 1495; x_wconf 70' lang='grc' dir='ltr'>μὲν</span> <span class='ocrx_word' id='word_1_320' title='bbox 2548 1429 2639 1475; x_wconf 81' lang='grc' dir='ltr'>τοῦ</span> <span class='ocrx_word' id='word_1_321' title='bbox 2678 1425 2883 1494; x_wconf 86' lang='grc' dir='ltr'>πρώτου</span> <span class='ocrx_word' id='word_1_322' title='bbox 2939 1428 3126 1489; x_wconf 82' lang='grc' dir='ltr'>ταῦτα,</span> <span class='ocrx_word' id='word_1_323' title='bbox 3177 1429 3278 1474; x_wconf 83' lang='grc' dir='ltr'><strong>τῶν</strong></span> <span class='ocrx_word' id='word_1_324' title='bbox 3318 1419 3370 1476; x_wconf 87' lang='grc' dir='ltr'><strong>δ’</strong></span> <span class='ocrx_word' id='word_1_325' title='bbox 3423 1421 3590 1475; x_wconf 81' lang='grc' dir='ltr'>ἄλλων</span> <span class='ocrx_word' id='word_1_326' title='bbox 3643 1426 3710 1477; x_wconf 80' lang='grc' dir='ltr'>τὰ</span> 
     </span>
    </p>
   </div>
   <div class='ocr_carea' id='block_1_42' title="bbox 2053 1507 3705 1588">
    <p class='ocr_par' dir='ltr' id='par_1_42' title="bbox 2053 1507 3705 1588">
     <span class='ocr_line' id='line_1_42' title="bbox 2053 1507 3705 1588; baseline 0.002 -24"><span class='ocrx_word' id='word_1_327' title='bbox 2053 1507 2056 1510; x_wconf 62' lang='grc'><strong>’</strong></span> <span class='ocrx_word' id='word_1_328' title='bbox 2104 1511 2328 1588; x_wconf 75' lang='grc' dir='ltr'>έπρμενα</span> <span class='ocrx_word' id='word_1_329' title='bbox 2400 1516 2491 1564; x_wconf 81' lang='grc' dir='ltr'><strong>καὶ</strong></span> <span class='ocrx_word' id='word_1_330' title='bbox 2551 1513 2671 1564; x_wconf 86' lang='grc' dir='ltr'>ὅσον</span> <span class='ocrx_word' id='word_1_331' title='bbox 2726 1514 2790 1564; x_wconf 81' lang='grc' dir='ltr'>τὰ</span> <span class='ocrx_word' id='word_1_332' title='bbox 2854 1510 3058 1584; x_wconf 65' lang='grc' dir='ltr'>ὒλογα.</span> <span class='ocrx_word' id='word_1_333' title='bbox 3142 1515 3346 1586; x_wconf 73' lang='grc' dir='ltr'>Χρῄζει</span> <span class='ocrx_word' id='word_1_334' title='bbox 3381 1513 3484 1588; x_wconf 70' lang='grc' dir='ltr'><strong>γὰρ</strong></span> <span class='ocrx_word' id='word_1_335' title='bbox 3551 1517 3642 1567; x_wconf 82' lang='grc' dir='ltr'>καὶ</span> <span class='ocrx_word' id='word_1_336' title='bbox 3680 1514 3705 1566; x_wconf 85' lang='grc' dir='ltr'><strong><em>ὁ</em></strong></span> 
     </span>
    </p>
   </div>
   <div class='ocr_carea' id='block_1_43' title="bbox 2101 1599 3706 1674">
    <p class='ocr_par' dir='ltr' id='par_1_43' title="bbox 2101 1599 3706 1674">
     <span class='ocr_line' id='line_1_43' title="bbox 2101 1599 3706 1674; baseline 0.001 -20"><span class='ocrx_word' id='word_1_337' title='bbox 2101 1600 2383 1673; x_wconf 74' lang='grc' dir='ltr'>ἑλάχιστος</span> <span class='ocrx_word' id='word_1_338' title='bbox 2435 1599 2728 1674; x_wconf 82' lang='grc' dir='ltr'>βλάναυσός</span> <span class='ocrx_word' id='word_1_339' title='bbox 2803 1620 2941 1662; x_wconf 88' lang='grc' dir='ltr'>τινος</span> <span class='ocrx_word' id='word_1_340' title='bbox 3000 1599 3356 1673; x_wconf 71' lang='grc' dir='ltr'>λογικότητος.</span> <span class='ocrx_word' id='word_1_341' title='bbox 3429 1601 3525 1665; x_wconf 87' lang='grc' dir='ltr'>Ὃς</span> <span class='ocrx_word' id='word_1_342' title='bbox 3578 1609 3706 1674; x_wconf 77' lang='grc' dir='ltr'>γοῦν</span> 
     </span>
    </p>
   </div>
   <div class='ocr_carea' id='block_1_44' title="bbox 2103 1687 3706 1765">
    <p class='ocr_par' dir='ltr' id='par_1_44' title="bbox 2103 1687 3706 1765">
     <span class='ocr_line' id='line_1_44' title="bbox 2103 1687 3706 1765; baseline 0.001 -22"><span class='ocrx_word' id='word_1_343' title='bbox 2103 1690 2283 1762; x_wconf 75' lang='grc' dir='ltr'>οὕτως,</span> <span class='ocrx_word' id='word_1_344' title='bbox 2326 1693 2394 1754; x_wconf 83' lang='grc' dir='ltr'>ὡς</span> <span class='ocrx_word' id='word_1_345' title='bbox 2424 1692 2648 1765; x_wconf 72' lang='grc' dir='ltr'>εἴρηται,</span> <span class='ocrx_word' id='word_1_346' title='bbox 2697 1688 2945 1764; x_wconf 82' lang='grc' dir='ltr'>βιοτεύει,</span> <span class='ocrx_word' id='word_1_347' title='bbox 3008 1692 3266 1765; x_wconf 85' lang='grc' dir='ltr'>μακάριος</span> <span class='ocrx_word' id='word_1_348' title='bbox 3315 1690 3372 1754; x_wconf 89' lang='grc' dir='ltr'>ὃς</span> <span class='ocrx_word' id='word_1_349' title='bbox 3400 1687 3451 1744; x_wconf 73' lang='grc' dir='ltr'><strong>δ’</strong></span> <span class='ocrx_word' id='word_1_350' title='bbox 3482 1695 3540 1745; x_wconf 83' lang='grc' dir='ltr'>οὺ</span> <span class='ocrx_word' id='word_1_351' title='bbox 3571 1698 3706 1765; x_wconf 81' lang='grc' dir='ltr'>φαῦ-</span> 
     </span>
    </p>
   </div>
   <div class='ocr_carea' id='block_1_45' title="bbox 2099 1777 3705 1855">
    <p class='ocr_par' dir='ltr' id='par_1_45' title="bbox 2099 1777 3705 1855">
     <span class='ocr_line' id='line_1_45' title="bbox 2099 1777 3705 1855; baseline 0.001 -22"><span class='ocrx_word' id='word_1_352' title='bbox 2099 1778 2201 1842; x_wconf 79' lang='grc' dir='ltr'>λος.</span> <span class='ocrx_word' id='word_1_353' title='bbox 2224 1780 2367 1834; x_wconf 82' lang='grc' dir='ltr'>Ἐπεὶ</span> <span class='ocrx_word' id='word_1_354' title='bbox 2399 1777 2460 1835; x_wconf 62' lang='grc' dir='ltr'><strong>δὲ</strong></span> <span class='ocrx_word' id='word_1_355' title='bbox 2487 1783 2795 1854; x_wconf 85' lang='grc' dir='ltr'>πανταχόσε</span> <span class='ocrx_word' id='word_1_356' title='bbox 2849 1784 2908 1834; x_wconf 88' lang='grc' dir='ltr'>τὸ</span> <span class='ocrx_word' id='word_1_357' title='bbox 2940 1781 3089 1854; x_wconf 83' lang='grc' dir='ltr'>φύσει</span> <span class='ocrx_word' id='word_1_358' title='bbox 3126 1787 3220 1833; x_wconf 81' lang='grc' dir='ltr'>τοῦ</span> <span class='ocrx_word' id='word_1_359' title='bbox 3284 1782 3422 1834; x_wconf 86' lang='grc' dir='ltr'>θέσει</span> <span class='ocrx_word' id='word_1_360' title='bbox 3471 1787 3705 1855; x_wconf 81' lang='grc' dir='ltr'>κρεῖττον</span> 
     </span>
    </p>
   </div>
   <div class='ocr_carea' id='block_1_46' title="bbox 2100 1866 3706 1944">
    <p class='ocr_par' dir='ltr' id='par_1_46' title="bbox 2100 1866 3706 1944">
     <span class='ocr_line' id='line_1_46' title="bbox 2100 1866 3706 1944; baseline 0.001 -21"><span class='ocrx_word' id='word_1_361' title='bbox 2100 1870 2281 1944; x_wconf 79' lang='grc' dir='ltr'>εὑρέθη</span> <span class='ocrx_word' id='word_1_362' title='bbox 2314 1867 2369 1922; x_wconf 77' lang='grc' dir='ltr'>ἐκ</span> <span class='ocrx_word' id='word_1_363' title='bbox 2399 1870 2603 1923; x_wconf 87' lang='grc' dir='ltr'>πάντων</span> <span class='ocrx_word' id='word_1_364' title='bbox 2653 1877 2752 1923; x_wconf 90' lang='grc' dir='ltr'><strong>τῶν</strong></span> <span class='ocrx_word' id='word_1_365' title='bbox 2804 1867 2853 1922; x_wconf 79' lang='grc' dir='ltr'>ἓν</span> <span class='ocrx_word' id='word_1_366' title='bbox 2908 1877 2981 1941; x_wconf 84' lang='grc' dir='ltr'>τῷ</span> <span class='ocrx_word' id='word_1_367' title='bbox 3047 1872 3229 1943; x_wconf 82' lang='grc' dir='ltr'>κόσμω</span> <span class='ocrx_word' id='word_1_368' title='bbox 3282 1873 3460 1939; x_wconf 81' lang='grc' dir='ltr'>ὄντων,</span> <span class='ocrx_word' id='word_1_369' title='bbox 3517 1866 3706 1943; x_wconf 84' lang='grc' dir='ltr'>μηδεὶς</span> 
     </span>
    </p>
   </div>
   <div class='ocr_carea' id='block_1_47' title="bbox 2099 1956 3700 2032">
    <p class='ocr_par' dir='ltr' id='par_1_47' title="bbox 2099 1956 3700 2032">
     <span class='ocr_line' id='line_1_47' title="bbox 2099 1956 3700 2032; baseline 0.001 -21"><span class='ocrx_word' id='word_1_370' title='bbox 2099 1956 2390 2013; x_wconf 82' lang='grc' dir='ltr'>ἆπατάσθω</span> <span class='ocrx_word' id='word_1_371' title='bbox 2451 1964 2609 2032; x_wconf 82' lang='grc' dir='ltr'>τιμᾷν</span> <span class='ocrx_word' id='word_1_372' title='bbox 2651 1961 2712 2013; x_wconf 86' lang='grc' dir='ltr'>τὸ</span> <span class='ocrx_word' id='word_1_373' title='bbox 2757 1963 2830 2032; x_wconf 78' lang='grc' dir='ltr'>μὴ</span> <span class='ocrx_word' id='word_1_374' title='bbox 2890 1963 3064 2032; x_wconf 88' lang='grc' dir='ltr'>τίμιον</span> <span class='ocrx_word' id='word_1_375' title='bbox 3118 1958 3147 2019; x_wconf 76' lang='grc' dir='ltr'><strong>ἣ</strong></span> <span class='ocrx_word' id='word_1_376' title='bbox 3204 1966 3460 2012; x_wconf 86' lang='grc' dir='ltr'>κοινωνεῖν</span> <span class='ocrx_word' id='word_1_377' title='bbox 3507 1959 3649 2031; x_wconf 81' lang='grc' dir='ltr'>αύτῷ</span> <span class='ocrx_word' id='word_1_378' title='bbox 3686 1980 3700 1993; x_wconf 88' lang='grc'><strong>·</strong></span> 
     </span>
    </p>
   </div>
   <div class='ocr_carea' id='block_1_48' title="bbox 2095 2046 3703 2124">
    <p class='ocr_par' dir='ltr' id='par_1_48' title="bbox 2095 2046 3703 2124">
     <span class='ocr_line' id='line_1_48' title="bbox 2095 2046 3703 2124; baseline -0.001 -22"><span class='ocrx_word' id='word_1_379' title='bbox 2095 2054 2194 2123; x_wconf 87' lang='grc' dir='ltr'><strong>μία</strong></span> <span class='ocrx_word' id='word_1_380' title='bbox 2220 2050 2323 2124; x_wconf 70' lang='grc' dir='ltr'>γάρ</span> <span class='ocrx_word' id='word_1_381' title='bbox 2355 2046 2497 2102; x_wconf 82' lang='grc' dir='ltr'>ἐστιν</span> <span class='ocrx_word' id='word_1_382' title='bbox 2535 2050 2566 2109; x_wconf 77' lang='grc' dir='ltr'>ἡ</span> <span class='ocrx_word' id='word_1_383' title='bbox 2621 2047 2815 2110; x_wconf 78' lang='grc' dir='ltr'>ἀληθὴς</span> <span class='ocrx_word' id='word_1_384' title='bbox 2866 2048 3093 2121; x_wconf 69' lang='grc' dir='ltr'>εὐγένειά</span> <span class='ocrx_word' id='word_1_385' title='bbox 3128 2052 3219 2100; x_wconf 84' lang='grc' dir='ltr'>καὶ</span> <span class='ocrx_word' id='word_1_386' title='bbox 3247 2052 3374 2121; x_wconf 82' lang='grc' dir='ltr'>τιμὴ</span> <span class='ocrx_word' id='word_1_387' title='bbox 3429 2046 3478 2101; x_wconf 78' lang='grc' dir='ltr'>ἰν</span> <span class='ocrx_word' id='word_1_388' title='bbox 3530 2046 3703 2121; x_wconf 70' lang='grc' dir='ltr'>ἐμψύ-</span> 
     </span>
    </p>
   </div>
   <div class='ocr_carea' id='block_1_49' title="bbox 2094 2135 3705 2211">
    <p class='ocr_par' dir='ltr' id='par_1_49' title="bbox 2094 2135 3705 2211">
     <span class='ocr_line' id='line_1_49' title="bbox 2094 2135 3705 2211; baseline 0 -19"><span class='ocrx_word' id='word_1_389' title='bbox 2094 2158 2215 2211; x_wconf 81' lang='grc' dir='ltr'>χοις</span> <span class='ocrx_word' id='word_1_390' title='bbox 2260 2157 2316 2192; x_wconf 86' lang='grc' dir='ltr'><strong>τε</strong></span> <span class='ocrx_word' id='word_1_391' title='bbox 2390 2142 2481 2191; x_wconf 82' lang='grc' dir='ltr'>καὶ</span> <span class='ocrx_word' id='word_1_392' title='bbox 2533 2135 2767 2210; x_wconf 74' lang='grc' dir='ltr'>ἀψύχοις</span> <span class='ocrx_word' id='word_1_393' title='bbox 2820 2140 2868 2192; x_wconf 79' lang='grc' dir='ltr'>ἓν</span> <span class='ocrx_word' id='word_1_394' title='bbox 2915 2137 3141 2210; x_wconf 77' lang='grc' dir='ltr'>λογικοῖς</span> <span class='ocrx_word' id='word_1_395' title='bbox 3199 2141 3289 2191; x_wconf 84' lang='grc' dir='ltr'>καὶ</span> <span class='ocrx_word' id='word_1_396' title='bbox 3351 2136 3558 2210; x_wconf 76' lang='grc' dir='ltr'>ἀλόγοις</span> <span class='ocrx_word' id='word_1_397' title='bbox 3613 2143 3705 2192; x_wconf 85' lang='grc' dir='ltr'>καὶ</span> 
     </span>
    </p>
   </div>
   <div class='ocr_carea' id='block_1_50' title="bbox 2091 2226 3704 2300">
    <p class='ocr_par' dir='ltr' id='par_1_50' title="bbox 2091 2226 3704 2300">
     <span class='ocr_line' id='line_1_50' title="bbox 2091 2226 3704 2300; baseline 0 -20"><span class='ocrx_word' id='word_1_398' title='bbox 2091 2234 2272 2300; x_wconf 78' lang='grc' dir='ltr'>πᾶσιν,</span> <span class='ocrx_word' id='word_1_399' title='bbox 2312 2229 2343 2286; x_wconf 77' lang='grc' dir='ltr'>ἡ</span> <span class='ocrx_word' id='word_1_400' title='bbox 2395 2229 2549 2300; x_wconf 82' lang='grc' dir='ltr'>φύσει</span> <span class='ocrx_word' id='word_1_401' title='bbox 2586 2226 2832 2299; x_wconf 76' lang='grc' dir='ltr'>εὐγένεια,</span> <span class='ocrx_word' id='word_1_402' title='bbox 2883 2232 2974 2281; x_wconf 86' lang='grc' dir='ltr'>καὶ</span> <span class='ocrx_word' id='word_1_403' title='bbox 3034 2232 3132 2300; x_wconf 89' lang='grc' dir='ltr'><strong>μία</strong></span> <span class='ocrx_word' id='word_1_404' title='bbox 3184 2231 3429 2280; x_wconf 87' lang='grc' dir='ltr'>κοινωνία</span> <span class='ocrx_word' id='word_1_405' title='bbox 3483 2229 3514 2286; x_wconf 81' lang='grc' dir='ltr'>ἡ</span> <span class='ocrx_word' id='word_1_406' title='bbox 3568 2230 3704 2280; x_wconf 83' lang='grc' dir='ltr'><strong>κατά</strong></span> 
     </span>
    </p>
   </div>
   <div class='ocr_carea' id='block_1_51' title="bbox 2092 2312 3704 2392">
    <p class='ocr_par' dir='ltr' id='par_1_51' title="bbox 2092 2312 3704 2392">
     <span class='ocr_line' id='line_1_51' title="bbox 2092 2312 3704 2392; baseline 0 -23"><span class='ocrx_word' id='word_1_407' title='bbox 2092 2320 2247 2391; x_wconf 88' lang='grc' dir='ltr'>φύσιν</span> <span class='ocrx_word' id='word_1_408' title='bbox 2286 2321 2376 2370; x_wconf 82' lang='grc' dir='ltr'>καὶ</span> <span class='ocrx_word' id='word_1_409' title='bbox 2444 2318 2565 2370; x_wconf 85' lang='grc' dir='ltr'>ὅσον</span> <span class='ocrx_word' id='word_1_410' title='bbox 2617 2320 2749 2392; x_wconf 82' lang='grc' dir='ltr'>πρὸς</span> <span class='ocrx_word' id='word_1_411' title='bbox 2802 2315 3121 2391; x_wconf 74' lang='grc' dir='ltr'>ἐπιστήμην,</span> <span class='ocrx_word' id='word_1_412' title='bbox 3190 2319 3245 2370; x_wconf 82' lang='grc' dir='ltr'>αἱ</span> <span class='ocrx_word' id='word_1_413' title='bbox 3289 2312 3341 2369; x_wconf 81' lang='grc' dir='ltr'><strong>δ’</strong></span> <span class='ocrx_word' id='word_1_414' title='bbox 3393 2315 3547 2369; x_wconf 78' lang='grc' dir='ltr'>ἄλλαι</span> <span class='ocrx_word' id='word_1_415' title='bbox 3608 2317 3704 2370; x_wconf 86' lang='grc' dir='ltr'><strong>ούκ</strong></span> 
     </span>
    </p>
   </div>
   <div class='ocr_carea' id='block_1_52' title="bbox 2089 2405 3701 2482">
    <p class='ocr_par' dir='ltr' id='par_1_52' title="bbox 2089 2405 3701 2482">
     <span class='ocr_line' id='line_1_52' title="bbox 2089 2405 3701 2482; baseline 0 -23"><span class='ocrx_word' id='word_1_416' title='bbox 2089 2408 2309 2479; x_wconf 80' lang='grc' dir='ltr'>ἀγαθαί.</span> <span class='ocrx_word' id='word_1_417' title='bbox 2404 2413 2584 2460; x_wconf 83' lang='grc' dir='ltr'>Ταῦτα</span> <span class='ocrx_word' id='word_1_418' title='bbox 2649 2413 2774 2478; x_wconf 75' lang='grc' dir='ltr'>γοῦν</span> <span class='ocrx_word' id='word_1_419' title='bbox 2825 2405 3176 2476; x_wconf 80' lang='grc' dir='ltr'>ἐξετάσαντες,</span> <span class='ocrx_word' id='word_1_420' title='bbox 3235 2413 3441 2482; x_wconf 85' lang='grc' dir='ltr'>πρῶτον</span> <span class='ocrx_word' id='word_1_421' title='bbox 3495 2409 3701 2479; x_wconf 82' lang='grc' dir='ltr'>εἴπομεν</span> 
     </span>
    </p>
   </div>
   <div class='ocr_carea' id='block_1_53' title="bbox 2088 2492 3705 2570">
    <p class='ocr_par' dir='ltr' id='par_1_53' title="bbox 2088 2492 3705 2570">
     <span class='ocr_line' id='line_1_53' title="bbox 2088 2492 3705 2570; baseline -0.001 -21"><span class='ocrx_word' id='word_1_422' title='bbox 2088 2494 2124 2549; x_wconf 85' lang='grc' dir='ltr'><em>ἂ</em></span> <span class='ocrx_word' id='word_1_423' title='bbox 2151 2501 2241 2549; x_wconf 84' lang='grc' dir='ltr'>καὶ</span> <span class='ocrx_word' id='word_1_424' title='bbox 2271 2492 2643 2569; x_wconf 67' lang='grc' dir='ltr'>κεφαλαιωδῶς</span> <span class='ocrx_word' id='word_1_425' title='bbox 2674 2495 2870 2570; x_wconf 82' lang='grc' dir='ltr'>ἀπάρτι</span> <span class='ocrx_word' id='word_1_426' title='bbox 2927 2495 2975 2549; x_wconf 81' lang='grc' dir='ltr'><strong>έν</strong></span> <span class='ocrx_word' id='word_1_427' title='bbox 3032 2498 3162 2569; x_wconf 81' lang='grc' dir='ltr'>ἕκτῳ</span> <span class='ocrx_word' id='word_1_428' title='bbox 3216 2497 3350 2569; x_wconf 78' lang='grc' dir='ltr'><strong>λόγῳ</strong></span> <span class='ocrx_word' id='word_1_429' title='bbox 3402 2493 3705 2558; x_wconf 75' lang='grc' dir='ltr'>δηλωποιήο</span> 
     </span>
    </p>
   </div>
   <div class='ocr_carea' id='block_1_54' title="bbox 2091 2584 3461 2662">
    <p class='ocr_par' dir='ltr' id='par_1_54' title="bbox 2091 2584 3461 2662">
     <span class='ocr_line' id='line_1_54' title="bbox 2091 2584 3461 2662; baseline 0.004 -23"><span class='ocrx_word' id='word_1_430' title='bbox 2091 2604 2273 2649; x_wconf 85' lang='grc' dir='ltr'>σαντες</span> <span class='ocrx_word' id='word_1_431' title='bbox 2301 2590 2393 2646; x_wconf 69' lang='grc' dir='ltr'>τὴν</span> <span class='ocrx_word' id='word_1_432' title='bbox 2417 2589 2777 2662; x_wconf 69' lang='grc' dir='ltr'>πραγματείαν</span> <span class='ocrx_word' id='word_1_433' title='bbox 2806 2584 3085 2660; x_wconf 79' lang='grc' dir='ltr'>ἐντελεχῶς</span> <span class='ocrx_word' id='word_1_434' title='bbox 3115 2584 3461 2662; x_wconf 78' lang='grc' dir='ltr'>ἀπολύσομεν.</span> 
     </span>
    </p>
   </div>
   <div class='ocr_carea' id='block_1_55' title="bbox 2065 2817 3724 2893">
    <p class='ocr_par' dir='ltr' id='par_1_55' title="bbox 2065 2817 3724 2893">
     <span class='ocr_line' id='line_1_55' title="bbox 2065 2817 3724 2893; baseline 0.001 -18"><span class='ocrx_word' id='word_1_435' title='bbox 2065 2822 2240 2884; x_wconf 87' lang='lat' dir='ltr'><strong>artes,</strong></span> <span class='ocrx_word' id='word_1_436' title='bbox 2253 2834 2390 2893; x_wconf 71' lang='lat' dir='ltr'><strong>quae</strong></span> <span class='ocrx_word' id='word_1_437' title='bbox 2407 2834 2546 2876; x_wconf 90' lang='lat' dir='ltr'><strong>cum</strong></span> <span class='ocrx_word' id='word_1_438' title='bbox 2562 2817 2664 2876; x_wconf 90' lang='lat' dir='ltr'><strong>illa</strong></span> <span class='ocrx_word' id='word_1_439' title='bbox 2679 2818 3293 2892; x_wconf 90' lang='lat' dir='ltr'><strong>supremahominum</strong></span> <span class='ocrx_word' id='word_1_440' title='bbox 3309 2834 3568 2893; x_wconf 87' lang='lat' dir='ltr'><strong>corpora</strong></span> <span class='ocrx_word' id='word_1_441' title='bbox 3579 2834 3724 2877; x_wconf 91' lang='lat' dir='ltr'><strong>con-</strong></span> 
     </span>
    </p>
   </div>
   <div class='ocr_carea' id='block_1_56' title="bbox 2064 2907 3724 2982">
    <p class='ocr_par' dir='ltr' id='par_1_56' title="bbox 2064 2907 3724 2982">
     <span class='ocr_line' id='line_1_56' title="bbox 2064 2907 3724 2982; baseline 0.001 -19"><span class='ocrx_word' id='word_1_442' title='bbox 2064 2912 2324 2980; x_wconf 90' lang='lat' dir='ltr'><strong>servant,</strong></span> <span class='ocrx_word' id='word_1_443' title='bbox 2354 2907 2538 2981; x_wconf 89' lang='lat' dir='ltr'><strong>idque</strong></span> <span class='ocrx_word' id='word_1_444' title='bbox 2563 2908 2795 2980; x_wconf 82' lang='lat' dir='ltr'><strong>majore</strong></span> <span class='ocrx_word' id='word_1_445' title='bbox 2816 2913 2873 2966; x_wconf 94' lang='lat' dir='ltr'><strong>et</strong></span> <span class='ocrx_word' id='word_1_446' title='bbox 2897 2908 3127 2966; x_wconf 89' lang='lat' dir='ltr'><strong>minore</strong></span> <span class='ocrx_word' id='word_1_447' title='bbox 3183 2908 3369 2966; x_wconf 92' lang='lat' dir='ltr'><strong>modo</strong></span> <span class='ocrx_word' id='word_1_448' title='bbox 3400 2927 3414 2967; x_wconf 88' lang='lat'><strong>:</strong></span> <span class='ocrx_word' id='word_1_449' title='bbox 3450 2924 3575 2965; x_wconf 88' lang='lat' dir='ltr'><strong>una</strong></span> <span class='ocrx_word' id='word_1_450' title='bbox 3593 2909 3724 2982; x_wconf 92' lang='lat' dir='ltr'><strong>qui-</strong></span> 
     </span>
    </p>
   </div>
   <div class='ocr_carea' id='block_1_57' title="bbox 2061 2997 3723 3056">
    <p class='ocr_par' dir='ltr' id='par_1_57' title="bbox 2061 2997 3723 3056">
     <span class='ocr_line' id='line_1_57' title="bbox 2061 2997 3723 3056; baseline 0 -2"><span class='ocrx_word' id='word_1_451' title='bbox 2061 2997 2202 3054; x_wconf 89' lang='lat' dir='ltr'><strong>dem</strong></span> <span class='ocrx_word' id='word_1_452' title='bbox 2245 3002 2337 3055; x_wconf 92' lang='lat' dir='ltr'><strong>est</strong></span> <span class='ocrx_word' id='word_1_453' title='bbox 2405 3002 2606 3056; x_wconf 90' lang='lat' dir='ltr'><strong>custos</strong></span> <span class='ocrx_word' id='word_1_454' title='bbox 2657 2998 2840 3055; x_wconf 83' lang='lat' dir='ltr'><strong>totius</strong></span> <span class='ocrx_word' id='word_1_455' title='bbox 2889 2997 3199 3055; x_wconf 86' lang='lat' dir='ltr'><strong>hominis:</strong></span> <span class='ocrx_word' id='word_1_456' title='bbox 3233 2997 3420 3055; x_wconf 85' lang='lat' dir='ltr'><strong>altera</strong></span> <span class='ocrx_word' id='word_1_457' title='bbox 3457 3013 3601 3055; x_wconf 90' lang='lat' dir='ltr'><strong>vero</strong></span> <span class='ocrx_word' id='word_1_458' title='bbox 3648 3014 3723 3054; x_wconf 84' lang='lat' dir='ltr'><strong>ex</strong></span> 
     </span>
    </p>
   </div>
   <div class='ocr_carea' id='block_1_58' title="bbox 292 3084 3719 3161">
    <p class='ocr_par' dir='ltr' id='par_1_58' title="bbox 292 3084 3719 3161">
     <span class='ocr_line' id='line_1_58' title="bbox 292 3084 3719 3161; baseline 0 -19"><span class='ocrx_word' id='word_1_459' title='bbox 292 3084 531 3159; x_wconf 80' lang='lat' dir='ltr'><strong>aliquis,</strong></span> <span class='ocrx_word' id='word_1_460' title='bbox 555 3091 619 3143; x_wconf 90' lang='lat' dir='ltr'><strong>ut</strong></span> <span class='ocrx_word' id='word_1_461' title='bbox 641 3102 890 3161; x_wconf 85' lang='lat' dir='ltr'><strong>equum,</strong></span> <span class='ocrx_word' id='word_1_462' title='bbox 903 3088 1145 3156; x_wconf 85' lang='lat' dir='ltr'><strong>bovem,</strong></span> <span class='ocrx_word' id='word_1_463' title='bbox 1169 3104 1412 3147; x_wconf 89' lang='lat' dir='ltr'><strong>canem:</strong></span> <span class='ocrx_word' id='word_1_464' title='bbox 1434 3102 1613 3146; x_wconf 90' lang='lat' dir='ltr'><strong>nemo</strong></span> <span class='ocrx_word' id='word_1_465' title='bbox 1639 3088 1796 3146; x_wconf 87' lang='lat' dir='ltr'><strong>enim</strong></span> <span class='ocrx_word' id='word_1_466' title='bbox 1818 3105 1960 3146; x_wconf 91' lang='lat' dir='ltr'><strong>cum</strong></span> <span class='ocrx_word' id='word_1_467' title='bbox 1984 3140 2023 3161; x_wconf 63' lang='grc' dir='ltr'>η</span> <span class='ocrx_word' id='word_1_468' title='bbox 2061 3092 2242 3161; x_wconf 90' lang='lat' dir='ltr'><strong>parte.</strong></span> <span class='ocrx_word' id='word_1_469' title='bbox 2273 3091 2446 3157; x_wconf 89' lang='lat' dir='ltr'><strong>Nam,</strong></span> <span class='ocrx_word' id='word_1_470' title='bbox 2479 3093 2545 3146; x_wconf 87' lang='lat' dir='ltr'><strong>ut</strong></span> <span class='ocrx_word' id='word_1_471' title='bbox 2572 3088 2654 3146; x_wconf 86' lang='lat' dir='ltr'><strong>ait</strong></span> <span class='ocrx_word' id='word_1_472' title='bbox 2689 3088 3002 3158; x_wconf 85' lang='lat' dir='ltr'><strong>Homerus,</strong></span> <span class='ocrx_word' id='word_1_473' title='bbox 3036 3087 3122 3145; x_wconf 89' lang='lat' dir='ltr'><strong>vir</strong></span> <span class='ocrx_word' id='word_1_474' title='bbox 3193 3088 3463 3146; x_wconf 88' lang='lat' dir='ltr'><strong>medicus</strong></span> <span class='ocrx_word' id='word_1_475' title='bbox 3515 3087 3719 3145; x_wconf 87' lang='lat' dir='ltr'><strong>multis</strong></span> 
     </span>
    </p>
   </div>
   <div class='ocr_carea' id='block_1_59' title="bbox 291 3176 1962 3247">
    <p class='ocr_par' dir='ltr' id='par_1_59' title="bbox 291 3176 1962 3247">
     <span class='ocr_line' id='line_1_59' title="bbox 291 3176 1962 3247; baseline 0.002 -16"><span class='ocrx_word' id='word_1_476' title='bbox 291 3188 451 3247; x_wconf 88' lang='lat' dir='ltr'><strong>equo</strong></span> <span class='ocrx_word' id='word_1_477' title='bbox 476 3176 966 3234; x_wconf 85' lang='lat' dir='ltr'><strong>communionem</strong></span> <span class='ocrx_word' id='word_1_478' title='bbox 1012 3177 1286 3236; x_wconf 79' lang='lat' dir='ltr'><strong>instituit.</strong></span> <span class='ocrx_word' id='word_1_479' title='bbox 1336 3178 1400 3234; x_wconf 86' lang='lat' dir='ltr'><strong>Et</strong></span> <span class='ocrx_word' id='word_1_480' title='bbox 1418 3176 1621 3235; x_wconf 89' lang='lat' dir='ltr'><strong>nullus</strong></span> <span class='ocrx_word' id='word_1_481' title='bbox 1647 3192 1772 3234; x_wconf 91' lang='lat' dir='ltr'><strong>non</strong></span> <span class='ocrx_word' id='word_1_482' title='bbox 1800 3193 1962 3235; x_wconf 87' lang='lat' dir='ltr'><strong>com-</strong></span> 
     </span>
    </p>
   </div>
   <div class='ocr_carea' id='block_1_60' title="bbox 285 3265 1960 3342">
    <p class='ocr_par' dir='ltr' id='par_1_60' title="bbox 285 3265 1960 3342">
     <span class='ocr_line' id='line_1_60' title="bbox 285 3265 1960 3342; baseline 0.002 -20"><span class='ocrx_word' id='word_1_483' title='bbox 285 3265 639 3323; x_wconf 89' lang='lat' dir='ltr'><strong>munionem</strong></span> <span class='ocrx_word' id='word_1_484' title='bbox 656 3266 765 3324; x_wconf 91' lang='lat' dir='ltr'><strong>init</strong></span> <span class='ocrx_word' id='word_1_485' title='bbox 784 3283 925 3324; x_wconf 90' lang='lat' dir='ltr'><strong>cum</strong></span> <span class='ocrx_word' id='word_1_486' title='bbox 957 3266 1163 3342; x_wconf 89' lang='lat' dir='ltr'><strong>aliquo</strong></span> <span class='ocrx_word' id='word_1_487' title='bbox 1197 3267 1464 3325; x_wconf 88' lang='lat' dir='ltr'><strong>homine.</strong></span> <span class='ocrx_word' id='word_1_488' title='bbox 1501 3269 1617 3324; x_wconf 92' lang='lat' dir='ltr'><strong>Usu</strong></span> <span class='ocrx_word' id='word_1_489' title='bbox 1641 3271 1844 3325; x_wconf 90' lang='lat' dir='ltr'><strong>autem</strong></span> <span class='ocrx_word' id='word_1_490' title='bbox 1866 3284 1960 3325; x_wconf 86' lang='lat' dir='ltr'><strong>ve-</strong></span> 
     </span>
    </p>
   </div>
   <div class='ocr_carea' id='block_1_61' title="bbox 283 3352 1956 3429">
    <p class='ocr_par' dir='ltr' id='par_1_61' title="bbox 283 3352 1956 3429">
     <span class='ocr_line' id='line_1_61' title="bbox 283 3352 1956 3429; baseline 0.003 -20"><span class='ocrx_word' id='word_1_491' title='bbox 283 3352 373 3410; x_wconf 90' lang='lat' dir='ltr'><strong>nit</strong></span> <span class='ocrx_word' id='word_1_492' title='bbox 393 3352 747 3428; x_wconf 91' lang='lat' dir='ltr'><strong>aliquando,</strong></span> <span class='ocrx_word' id='word_1_493' title='bbox 782 3359 847 3413; x_wconf 88' lang='lat' dir='ltr'><strong>ut</strong></span> <span class='ocrx_word' id='word_1_494' title='bbox 863 3355 1048 3413; x_wconf 89' lang='lat' dir='ltr'><strong>homo</strong></span> <span class='ocrx_word' id='word_1_495' title='bbox 1070 3372 1210 3413; x_wconf 90' lang='lat' dir='ltr'><strong>cum</strong></span> <span class='ocrx_word' id='word_1_496' title='bbox 1273 3355 1478 3429; x_wconf 89' lang='lat' dir='ltr'><strong>aliquo</strong></span> <span class='ocrx_word' id='word_1_497' title='bbox 1515 3356 1760 3414; x_wconf 87' lang='lat' dir='ltr'><strong>homine</strong></span> <span class='ocrx_word' id='word_1_498' title='bbox 1788 3372 1956 3414; x_wconf 85' lang='lat' dir='ltr'><strong>com-</strong></span> 
     </span>
    </p>
   </div>
   <div class='ocr_carea' id='block_1_62' title="bbox 285 3442 1957 3518">
    <p class='ocr_par' dir='ltr' id='par_1_62' title="bbox 285 3442 1957 3518">
     <span class='ocr_line' id='line_1_62' title="bbox 285 3442 1957 3518; baseline 0.002 -19"><span class='ocrx_word' id='word_1_499' title='bbox 285 3442 638 3501; x_wconf 85' lang='lat' dir='ltr'><strong>munionem</strong></span> <span class='ocrx_word' id='word_1_500' title='bbox 663 3459 787 3502; x_wconf 91' lang='lat' dir='ltr'><strong>non</strong></span> <span class='ocrx_word' id='word_1_501' title='bbox 814 3444 995 3513; x_wconf 90' lang='lat' dir='ltr'><strong>ineat,</strong></span> <span class='ocrx_word' id='word_1_502' title='bbox 1028 3445 1137 3503; x_wconf 90' lang='lat' dir='ltr'><strong>sed</strong></span> <span class='ocrx_word' id='word_1_503' title='bbox 1161 3462 1303 3503; x_wconf 91' lang='lat' dir='ltr'><strong>eum</strong></span> <span class='ocrx_word' id='word_1_504' title='bbox 1355 3445 1665 3518; x_wconf 81' lang='lat' dir='ltr'><strong>suscipiat,</strong></span> <span class='ocrx_word' id='word_1_505' title='bbox 1696 3449 1763 3503; x_wconf 91' lang='lat' dir='ltr'><strong>ut</strong></span> <span class='ocrx_word' id='word_1_506' title='bbox 1787 3445 1957 3503; x_wconf 86' lang='lat' dir='ltr'><strong>miles</strong></span> 
     </span>
    </p>
   </div>
   <div class='ocr_carea' id='block_1_63' title="bbox 284 3531 1954 3608">
    <p class='ocr_par' dir='ltr' id='par_1_63' title="bbox 284 3531 1954 3608">
     <span class='ocr_line' id='line_1_63' title="bbox 284 3531 1954 3608; baseline 0.002 -20"><span class='ocrx_word' id='word_1_507' title='bbox 284 3531 503 3605; x_wconf 82' lang='lat' dir='ltr'><strong>aliquis</strong></span> <span class='ocrx_word' id='word_1_508' title='bbox 539 3532 945 3606; x_wconf 87' lang='lat' dir='ltr'><strong>hyeldopsum</strong></span> <span class='ocrx_word' id='word_1_509' title='bbox 977 3534 1243 3608; x_wconf 81' lang='lat' dir='ltr'><strong>suscipit,</strong></span> <span class='ocrx_word' id='word_1_510' title='bbox 1277 3534 1384 3591; x_wconf 89' lang='lat' dir='ltr'><strong>sed</strong></span> <span class='ocrx_word' id='word_1_511' title='bbox 1408 3550 1531 3592; x_wconf 89' lang='lat' dir='ltr'><strong>non</strong></span> <span class='ocrx_word' id='word_1_512' title='bbox 1580 3536 1954 3592; x_wconf 90' lang='lat' dir='ltr'><strong>communio-</strong></span> 
     </span>
    </p>
   </div>
   <div class='ocr_carea' id='block_1_64' title="bbox 283 3620 1950 3697">
    <p class='ocr_par' dir='ltr' id='par_1_64' title="bbox 283 3620 1950 3697">
     <span class='ocr_line' id='line_1_64' title="bbox 283 3620 1950 3697; baseline 0.003 -20"><span class='ocrx_word' id='word_1_513' title='bbox 283 3635 427 3677; x_wconf 90' lang='lat' dir='ltr'><strong>nem</strong></span> <span class='ocrx_word' id='word_1_514' title='bbox 447 3620 558 3678; x_wconf 91' lang='lat' dir='ltr'><strong>init</strong></span> <span class='ocrx_word' id='word_1_515' title='bbox 588 3639 603 3678; x_wconf 87' lang='lat'><strong>:</strong></span> <span class='ocrx_word' id='word_1_516' title='bbox 631 3626 694 3678; x_wconf 90' lang='lat' dir='ltr'><strong>at</strong></span> <span class='ocrx_word' id='word_1_517' title='bbox 706 3638 846 3679; x_wconf 91' lang='lat' dir='ltr'><strong>cum</strong></span> <span class='ocrx_word' id='word_1_518' title='bbox 870 3622 1053 3680; x_wconf 91' lang='lat' dir='ltr'><strong>milite</strong></span> <span class='ocrx_word' id='word_1_519' title='bbox 1075 3622 1279 3697; x_wconf 87' lang='lat' dir='ltr'><strong>aliquo</strong></span> <span class='ocrx_word' id='word_1_520' title='bbox 1310 3623 1803 3681; x_wconf 87' lang='lat' dir='ltr'><strong>communionem</strong></span> <span class='ocrx_word' id='word_1_521' title='bbox 1824 3623 1950 3696; x_wconf 89' lang='lat' dir='ltr'><strong>init,</strong></span> 
     </span>
    </p>
   </div>
   <div class='ocr_carea' id='block_1_65' title="bbox 284 3713 1955 3786">
    <p class='ocr_par' dir='ltr' id='par_1_65' title="bbox 284 3713 1955 3786">
     <span class='ocr_line' id='line_1_65' title="bbox 284 3713 1955 3786; baseline 0.001 -18"><span class='ocrx_word' id='word_1_522' title='bbox 284 3727 425 3769; x_wconf 90' lang='lat' dir='ltr'><strong>cum</strong></span> <span class='ocrx_word' id='word_1_523' title='bbox 446 3727 606 3786; x_wconf 89' lang='lat' dir='ltr'><strong>equo</strong></span> <span class='ocrx_word' id='word_1_524' title='bbox 633 3728 773 3769; x_wconf 88' lang='lat' dir='ltr'><strong>vero</strong></span> <span class='ocrx_word' id='word_1_525' title='bbox 803 3717 908 3771; x_wconf 88' lang='lat' dir='ltr'><strong>aut</strong></span> <span class='ocrx_word' id='word_1_526' title='bbox 934 3713 1159 3786; x_wconf 89' lang='lat' dir='ltr'><strong>lapide,</strong></span> <span class='ocrx_word' id='word_1_527' title='bbox 1203 3719 1306 3771; x_wconf 89' lang='lat' dir='ltr'><strong>aut</strong></span> <span class='ocrx_word' id='word_1_528' title='bbox 1345 3713 1567 3771; x_wconf 88' lang='lat' dir='ltr'><strong>unione</strong></span> <span class='ocrx_word' id='word_1_529' title='bbox 1592 3717 1722 3779; x_wconf 51' lang='lat' dir='ltr'><strong>,‘aut</strong></span> <span class='ocrx_word' id='word_1_530' title='bbox 1749 3713 1955 3786; x_wconf 85' lang='lat' dir='ltr'><strong>aliqua</strong></span> 
     </span>
    </p>
   </div>
   <div class='ocr_carea' id='block_1_66' title="bbox 282 3801 1948 3872">
    <p class='ocr_par' dir='ltr' id='par_1_66' title="bbox 282 3801 1948 3872">
     <span class='ocr_line' id='line_1_66' title="bbox 282 3801 1948 3872; baseline 0.001 -13"><span class='ocrx_word' id='word_1_531' title='bbox 282 3801 660 3872; x_wconf 83' lang='lat' dir='ltr'><strong>ejusmodire</strong></span> <span class='ocrx_word' id='word_1_532' title='bbox 683 3817 808 3859; x_wconf 92' lang='lat' dir='ltr'><strong>non</strong></span> <span class='ocrx_word' id='word_1_533' title='bbox 824 3801 928 3859; x_wconf 86' lang='lat' dir='ltr'><strong>init</strong></span> <span class='ocrx_word' id='word_1_534' title='bbox 951 3803 1443 3860; x_wconf 88' lang='lat' dir='ltr'><strong>communionem</strong></span> <span class='ocrx_word' id='word_1_535' title='bbox 1466 3802 1948 3861; x_wconf 85' lang='lat' dir='ltr'><strong>autsocietatem-</strong></span> 
     </span>
    </p>
   </div>
   <div class='ocr_carea' id='block_1_67' title="bbox 283 3889 1951 3964">
    <p class='ocr_par' dir='ltr' id='par_1_67' title="bbox 283 3889 1951 3964">
     <span class='ocr_line' id='line_1_67' title="bbox 283 3889 1951 3964; baseline 0.001 -18"><span class='ocrx_word' id='word_1_536' title='bbox 283 3890 598 3961; x_wconf 62' lang='lat' dir='ltr'><strong>Praeterea,</strong></span> <span class='ocrx_word' id='word_1_537' title='bbox 628 3906 770 3948; x_wconf 89' lang='lat' dir='ltr'><strong>cum</strong></span> <span class='ocrx_word' id='word_1_538' title='bbox 799 3890 1101 3948; x_wconf 87' lang='lat' dir='ltr'><strong>alimentis</strong></span> <span class='ocrx_word' id='word_1_539' title='bbox 1151 3891 1645 3949; x_wconf 89' lang='lat' dir='ltr'><strong>communionem</strong></span> <span class='ocrx_word' id='word_1_540' title='bbox 1670 3889 1779 3947; x_wconf 92' lang='lat' dir='ltr'><strong>init</strong></span> <span class='ocrx_word' id='word_1_541' title='bbox 1810 3907 1951 3964; x_wconf 90' lang='lat' dir='ltr'><strong>pro-</strong></span> 
     </span>
    </p>
   </div>
   <div class='ocr_carea' id='block_1_68' title="bbox 285 3978 1947 4052">
    <p class='ocr_par' dir='ltr' id='par_1_68' title="bbox 285 3978 1947 4052">
     <span class='ocr_line' id='line_1_68' title="bbox 285 3978 1947 4052; baseline 0.001 -18"><span class='ocrx_word' id='word_1_542' title='bbox 285 3981 413 4050; x_wconf 87' lang='lat' dir='ltr'><strong>pter</strong></span> <span class='ocrx_word' id='word_1_543' title='bbox 434 3979 705 4051; x_wconf 90' lang='lat' dir='ltr'><strong>corporis</strong></span> <span class='ocrx_word' id='word_1_544' title='bbox 735 3979 1247 4051; x_wconf 85' lang='lat' dir='ltr'><strong>constitutionem,</strong></span> <span class='ocrx_word' id='word_1_545' title='bbox 1282 3979 1510 4035; x_wconf 82' lang='lat' dir='ltr'><strong>sed‘est</strong></span> <span class='ocrx_word' id='word_1_546' title='bbox 1558 3978 1806 4052; x_wconf 87' lang='lat' dir='ltr'><strong>aliquod</strong></span> <span class='ocrx_word' id='word_1_547' title='bbox 1858 3978 1947 4035; x_wconf 91' lang='lat' dir='ltr'><strong>di-</strong></span> 
     </span>
    </p>
   </div>
   <div class='ocr_carea' id='block_1_69' title="bbox 281 4067 1945 4140">
    <p class='ocr_par' dir='ltr' id='par_1_69' title="bbox 281 4067 1945 4140">
     <span class='ocr_line' id='line_1_69' title="bbox 281 4067 1945 4140; baseline 0.001 -17"><span class='ocrx_word' id='word_1_548' title='bbox 281 4067 560 4124; x_wconf 80' lang='lat' dir='ltr'><strong>scrimen.</strong></span> <span class='ocrx_word' id='word_1_549' title='bbox 592 4067 704 4124; x_wconf 90' lang='lat' dir='ltr'><strong>Alii</strong></span> <span class='ocrx_word' id='word_1_550' title='bbox 727 4068 889 4125; x_wconf 89' lang='lat' dir='ltr'><strong>enim</strong></span> <span class='ocrx_word' id='word_1_551' title='bbox 918 4068 1071 4125; x_wconf 87' lang='lat' dir='ltr'><strong>alios</strong></span> <span class='ocrx_word' id='word_1_552' title='bbox 1103 4068 1217 4127; x_wconf 89' lang='lat' dir='ltr'><strong>sibi</strong></span> <span class='ocrx_word' id='word_1_553' title='bbox 1251 4068 1419 4125; x_wconf 89' lang='lat' dir='ltr'><strong>cibos</strong></span> <span class='ocrx_word' id='word_1_554' title='bbox 1466 4071 1697 4140; x_wconf 87' lang='lat' dir='ltr'><strong>optant.</strong></span> <span class='ocrx_word' id='word_1_555' title='bbox 1758 4071 1945 4125; x_wconf 83' lang='lat' dir='ltr'><strong>Nemo</strong></span> 
     </span>
    </p>
   </div>
   <div class='ocr_carea' id='block_1_70' title="bbox 278 4157 1939 4231">
    <p class='ocr_par' dir='ltr' id='par_1_70' title="bbox 278 4157 1939 4231">
     <span class='ocr_line' id='line_1_70' title="bbox 278 4157 1939 4231; baseline 0.001 -19"><span class='ocrx_word' id='word_1_556' title='bbox 278 4170 418 4213; x_wconf 87' lang='lat' dir='ltr'><strong>vero</strong></span> <span class='ocrx_word' id='word_1_557' title='bbox 442 4171 566 4213; x_wconf 89' lang='lat' dir='ltr'><strong>non</strong></span> <span class='ocrx_word' id='word_1_558' title='bbox 578 4157 902 4231; x_wconf 83' lang='lat' dir='ltr'><strong>participat</strong></span> <span class='ocrx_word' id='word_1_559' title='bbox 920 4157 1294 4229; x_wconf 83' lang='lat' dir='ltr'><strong>alimentum,</strong></span> <span class='ocrx_word' id='word_1_560' title='bbox 1314 4161 1420 4214; x_wconf 87' lang='lat' dir='ltr'><strong>aut</strong></span> <span class='ocrx_word' id='word_1_561' title='bbox 1438 4157 1637 4230; x_wconf 90' lang='lat' dir='ltr'><strong>ipsum</strong></span> <span class='ocrx_word' id='word_1_562' title='bbox 1658 4157 1905 4230; x_wconf 83' lang='lat' dir='ltr'><strong>suscipit</strong></span> <span class='ocrx_word' id='word_1_563' title='bbox 1925 4177 1939 4229; x_wconf 91' lang='lat'><strong>;</strong></span> 
     </span>
    </p>
   </div>
   <div class='ocr_carea' id='block_1_71' title="bbox 1983 3140 2025 3197">
    <p class='ocr_par' dir='ltr' id='par_1_71' title="bbox 1983 3140 2025 3197">
     <span class='ocr_line' id='line_1_71' title="bbox 1983 3140 2025 3197; baseline 0 0"><span class='ocrx_word' id='word_1_564' title='bbox 1983 3140 2025 3197; x_wconf 91' lang='lat' dir='ltr'><strong>C</strong></span> 
     </span>
    </p>
   </div>
   <div class='ocr_carea' id='block_1_72' title="bbox 276 4246 2010 4338">
    <p class='ocr_par' dir='ltr' id='par_1_72' title="bbox 276 4246 2010 4338">
     <span class='ocr_line' id='line_1_72' title="bbox 276 4246 2010 4338; baseline 0.002 -36"><span class='ocrx_word' id='word_1_565' title='bbox 276 4249 461 4319; x_wconf 83' lang='lat' dir='ltr'><strong>atque</strong></span> <span class='ocrx_word' id='word_1_566' title='bbox 485 4261 560 4303; x_wconf 84' lang='lat' dir='ltr'><strong>ex</strong></span> <span class='ocrx_word' id='word_1_567' title='bbox 588 4246 886 4304; x_wconf 87' lang='lat' dir='ltr'><strong>alimentis</strong></span> <span class='ocrx_word' id='word_1_568' title='bbox 906 4247 1240 4318; x_wconf 83' lang='lat' dir='ltr'><strong>intelligunt</strong></span> <span class='ocrx_word' id='word_1_569' title='bbox 1273 4262 1484 4305; x_wconf 88' lang='lat' dir='ltr'><strong>omnes</strong></span> <span class='ocrx_word' id='word_1_570' title='bbox 1505 4262 1636 4304; x_wconf 87' lang='lat' dir='ltr'><strong>esse</strong></span> <span class='ocrx_word' id='word_1_571' title='bbox 1659 4250 1942 4305; x_wconf 87' lang='lat' dir='ltr'><strong>naturam</strong></span> <span class='ocrx_word' id='word_1_572' title='bbox 1970 4284 2010 4338; x_wconf 71' lang='grc' dir='ltr'>ο</span> 
     </span>
    </p>
   </div>
   <div class='ocr_carea' id='block_1_73' title="bbox 273 4335 1941 4409">
    <p class='ocr_par' dir='ltr' id='par_1_73' title="bbox 273 4335 1941 4409">
     <span class='ocr_line' id='line_1_73' title="bbox 273 4335 1941 4409; baseline 0.001 -17"><span class='ocrx_word' id='word_1_573' title='bbox 273 4340 334 4392; x_wconf 89' lang='lat' dir='ltr'><strong>et</strong></span> <span class='ocrx_word' id='word_1_574' title='bbox 353 4337 880 4408; x_wconf 87' lang='lat' dir='ltr'><strong>temperationem:</strong></span> <span class='ocrx_word' id='word_1_575' title='bbox 906 4352 977 4393; x_wconf 87' lang='lat' dir='ltr'><strong>ac</strong></span> <span class='ocrx_word' id='word_1_576' title='bbox 1010 4341 1293 4393; x_wconf 88' lang='lat' dir='ltr'><strong>naturam</strong></span> <span class='ocrx_word' id='word_1_577' title='bbox 1348 4335 1597 4409; x_wconf 89' lang='lat' dir='ltr'><strong>quidem</strong></span> <span class='ocrx_word' id='word_1_578' title='bbox 1643 4340 1941 4409; x_wconf 87' lang='lat' dir='ltr'><strong>tempera-</strong></span> 
     </span>
    </p>
   </div>
   <div class='ocr_carea' id='block_1_74' title="bbox 273 4424 1940 4499">
    <p class='ocr_par' dir='ltr' id='par_1_74' title="bbox 273 4424 1940 4499">
     <span class='ocr_line' id='line_1_74' title="bbox 273 4424 1940 4499; baseline 0.002 -19"><span class='ocrx_word' id='word_1_579' title='bbox 273 4424 435 4481; x_wconf 86' lang='lat' dir='ltr'><strong>tione</strong></span> <span class='ocrx_word' id='word_1_580' title='bbox 465 4440 596 4482; x_wconf 87' lang='lat' dir='ltr'><strong>esse</strong></span> <span class='ocrx_word' id='word_1_581' title='bbox 615 4426 1111 4499; x_wconf 69' lang='lat' dir='ltr'><strong>praestantiorem.</strong></span> <span class='ocrx_word' id='word_1_582' title='bbox 1145 4429 1292 4483; x_wconf 87' lang='lat' dir='ltr'><strong>Nam</strong></span> <span class='ocrx_word' id='word_1_583' title='bbox 1324 4425 1649 4483; x_wconf 87' lang='lat' dir='ltr'><strong>discrimen</strong></span> <span class='ocrx_word' id='word_1_584' title='bbox 1697 4425 1940 4487; x_wconf 85' lang='lat' dir='ltr'><strong>alimen-</strong></span> 
     </span>
    </p>
   </div>
   <div class='ocr_carea' id='block_1_75' title="bbox 273 4513 1938 4589">
    <p class='ocr_par' dir='ltr' id='par_1_75' title="bbox 273 4513 1938 4589">
     <span class='ocr_line' id='line_1_75' title="bbox 273 4513 1938 4589; baseline 0.002 -19"><span class='ocrx_word' id='word_1_585' title='bbox 273 4516 474 4570; x_wconf 89' lang='lat' dir='ltr'><strong>torum</strong></span> <span class='ocrx_word' id='word_1_586' title='bbox 497 4514 577 4571; x_wconf 87' lang='lat' dir='ltr'><strong>ad</strong></span> <span class='ocrx_word' id='word_1_587' title='bbox 595 4515 858 4589; x_wconf 88' lang='lat' dir='ltr'><strong>aliquem</strong></span> <span class='ocrx_word' id='word_1_588' title='bbox 888 4513 1075 4573; x_wconf 82' lang='lat' dir='ltr'><strong>ﬁnem</strong></span> <span class='ocrx_word' id='word_1_589' title='bbox 1101 4520 1327 4588; x_wconf 90' lang='lat' dir='ltr'><strong>spectat</strong></span> <span class='ocrx_word' id='word_1_590' title='bbox 1363 4519 1420 4572; x_wconf 92' lang='lat' dir='ltr'><strong>et</strong></span> <span class='ocrx_word' id='word_1_591' title='bbox 1456 4516 1518 4573; x_wconf 91' lang='lat' dir='ltr'><strong>in</strong></span> <span class='ocrx_word' id='word_1_592' title='bbox 1570 4515 1938 4589; x_wconf 88' lang='lat' dir='ltr'><strong>quibusdam</strong></span> 
     </span>
    </p>
   </div>
   <div class='ocr_carea' id='block_1_76' title="bbox 277 4602 1939 4676">
    <p class='ocr_par' dir='ltr' id='par_1_76' title="bbox 277 4602 1939 4676">
     <span class='ocr_line' id='line_1_76' title="bbox 277 4602 1939 4676; baseline 0.002 -16"><span class='ocrx_word' id='word_1_593' title='bbox 277 4602 568 4660; x_wconf 87' lang='lat' dir='ltr'><strong>consistit.</strong></span> <span class='ocrx_word' id='word_1_594' title='bbox 602 4604 959 4661; x_wconf 87' lang='lat' dir='ltr'><strong>Communia</strong></span> <span class='ocrx_word' id='word_1_595' title='bbox 987 4610 1191 4662; x_wconf 87' lang='lat' dir='ltr'><strong>autem</strong></span> <span class='ocrx_word' id='word_1_596' title='bbox 1234 4608 1293 4662; x_wconf 89' lang='lat' dir='ltr'><strong>et</strong></span> <span class='ocrx_word' id='word_1_597' title='bbox 1313 4605 1507 4676; x_wconf 87' lang='lat' dir='ltr'><strong>magis</strong></span> <span class='ocrx_word' id='word_1_598' title='bbox 1532 4605 1612 4662; x_wconf 89' lang='lat' dir='ltr'><strong>ad</strong></span> <span class='ocrx_word' id='word_1_599' title='bbox 1655 4610 1939 4665; x_wconf 88' lang='lat' dir='ltr'><strong>naturam</strong></span> 
     </span>
    </p>
   </div>
   <div class='ocr_carea' id='block_1_77' title="bbox 278 4692 1934 4767">
    <p class='ocr_par' dir='ltr' id='par_1_77' title="bbox 278 4692 1934 4767">
     <span class='ocr_line' id='line_1_77' title="bbox 278 4692 1934 4767; baseline 0.002 -18"><span class='ocrx_word' id='word_1_600' title='bbox 278 4692 623 4750; x_wconf 87' lang='lat' dir='ltr'><strong>accedentia</strong></span> <span class='ocrx_word' id='word_1_601' title='bbox 649 4693 949 4750; x_wconf 87' lang='lat' dir='ltr'><strong>elementa</strong></span> <span class='ocrx_word' id='word_1_602' title='bbox 970 4694 1271 4766; x_wconf 89' lang='lat' dir='ltr'><strong>sapientes</strong></span> <span class='ocrx_word' id='word_1_603' title='bbox 1297 4693 1412 4751; x_wconf 88' lang='lat' dir='ltr'><strong>sibi</strong></span> <span class='ocrx_word' id='word_1_604' title='bbox 1442 4694 1638 4765; x_wconf 88' lang='lat' dir='ltr'><strong>potius</strong></span> <span class='ocrx_word' id='word_1_605' title='bbox 1689 4695 1934 4767; x_wconf 86' lang='lat' dir='ltr'><strong>eligunt.</strong></span> 
     </span>
    </p>
   </div>
   <div class='ocr_carea' id='block_1_78' title="bbox 277 4782 1938 4856">
    <p class='ocr_par' dir='ltr' id='par_1_78' title="bbox 277 4782 1938 4856">
     <span class='ocr_line' id='line_1_78' title="bbox 277 4782 1938 4856; baseline 0.003 -18"><span class='ocrx_word' id='word_1_606' title='bbox 277 4783 515 4840; x_wconf 77' lang='lat' dir='ltr'><strong>Excellit</strong></span> <span class='ocrx_word' id='word_1_607' title='bbox 543 4783 720 4854; x_wconf 81' lang='lat' dir='ltr'><strong>igitur</strong></span> <span class='ocrx_word' id='word_1_608' title='bbox 749 4784 812 4840; x_wconf 91' lang='lat' dir='ltr'><strong>in</strong></span> <span class='ocrx_word' id='word_1_609' title='bbox 837 4783 1124 4840; x_wconf 88' lang='lat' dir='ltr'><strong>omnibus</strong></span> <span class='ocrx_word' id='word_1_610' title='bbox 1162 4782 1313 4839; x_wconf 91' lang='lat' dir='ltr'><strong>illud</strong></span> <span class='ocrx_word' id='word_1_611' title='bbox 1342 4784 1511 4856; x_wconf 90' lang='lat' dir='ltr'><strong>quod</strong></span> <span class='ocrx_word' id='word_1_612' title='bbox 1538 4789 1750 4843; x_wconf 85' lang='lat' dir='ltr'><strong>natura</strong></span> <span class='ocrx_word' id='word_1_613' title='bbox 1773 4791 1860 4843; x_wconf 90' lang='lat' dir='ltr'><strong>est</strong></span> <span class='ocrx_word' id='word_1_614' title='bbox 1882 4790 1938 4843; x_wconf 89' lang='lat' dir='ltr'><strong>et</strong></span> 
     </span>
    </p>
   </div>
   <div class='ocr_carea' id='block_1_79' title="bbox 274 4872 1936 4946">
    <p class='ocr_par' dir='ltr' id='par_1_79' title="bbox 274 4872 1936 4946">
     <span class='ocr_line' id='line_1_79' title="bbox 274 4872 1936 4946; baseline 0.002 -18"><span class='ocrx_word' id='word_1_615' title='bbox 274 4875 516 4945; x_wconf 64' lang='lat' dir='ltr'><strong>prestat</strong></span> <span class='ocrx_word' id='word_1_616' title='bbox 529 4872 759 4946; x_wconf 90' lang='lat' dir='ltr'><strong>eiquod</strong></span> <span class='ocrx_word' id='word_1_617' title='bbox 780 4878 868 4930; x_wconf 88' lang='lat' dir='ltr'><strong>est</strong></span> <span class='ocrx_word' id='word_1_618' title='bbox 897 4872 1212 4946; x_wconf 89' lang='lat' dir='ltr'><strong>positione.</strong></span> <span class='ocrx_word' id='word_1_619' title='bbox 1244 4872 1428 4929; x_wconf 86' lang='lat' dir='ltr'><strong>Porro</strong></span> <span class='ocrx_word' id='word_1_620' title='bbox 1446 4889 1520 4929; x_wconf 86' lang='lat' dir='ltr'><strong>ex</strong></span> <span class='ocrx_word' id='word_1_621' title='bbox 1536 4890 1779 4946; x_wconf 90' lang='lat' dir='ltr'><strong>quoque</strong></span> <span class='ocrx_word' id='word_1_622' title='bbox 1796 4890 1936 4931; x_wconf 91' lang='lat' dir='ltr'><strong>cum</strong></span> 
     </span>
    </p>
   </div>
   <div class='ocr_carea' id='block_1_80' title="bbox 271 4960 1927 5019">
    <p class='ocr_par' dir='ltr' id='par_1_80' title="bbox 271 4960 1927 5019">
     <span class='ocr_line' id='line_1_80' title="bbox 271 4960 1927 5019; baseline 0 0"><span class='ocrx_word' id='word_1_623' title='bbox 271 4960 511 5019; x_wconf 89' lang='lat' dir='ltr'><strong>medico</strong></span> <span class='ocrx_word' id='word_1_624' title='bbox 525 4961 1017 5019; x_wconf 88' lang='lat' dir='ltr'><strong>communionem</strong></span> <span class='ocrx_word' id='word_1_625' title='bbox 1035 4960 1165 5019; x_wconf 90' lang='lat' dir='ltr'><strong>init.</strong></span> <span class='ocrx_word' id='word_1_626' title='bbox 1178 4963 1315 5017; x_wconf 85' lang='lat' dir='ltr'><strong>Tres</strong></span> <span class='ocrx_word' id='word_1_627' title='bbox 1328 4962 1488 5018; x_wconf 92' lang='lat' dir='ltr'><strong>enim</strong></span> <span class='ocrx_word' id='word_1_628' title='bbox 1503 4967 1645 5019; x_wconf 89' lang='lat' dir='ltr'><strong>sunt</strong></span> <span class='ocrx_word' id='word_1_629' title='bbox 1659 4978 1927 5019; x_wconf 90' lang='lat' dir='ltr'><strong>commu-</strong></span> 
     </span>
    </p>
   </div>
   <div class='ocr_carea' id='block_1_81' title="bbox 266 5050 1927 5126">
    <p class='ocr_par' dir='ltr' id='par_1_81' title="bbox 266 5050 1927 5126">
     <span class='ocr_line' id='line_1_81' title="bbox 266 5050 1927 5126; baseline 0.001 -18"><span class='ocrx_word' id='word_1_630' title='bbox 266 5050 598 5108; x_wconf 85' lang='lat' dir='ltr'><strong>nicationes</strong></span> <span class='ocrx_word' id='word_1_631' title='bbox 613 5051 960 5125; x_wconf 86' lang='lat' dir='ltr'><strong>imperatori</strong></span> <span class='ocrx_word' id='word_1_632' title='bbox 977 5051 1644 5118; x_wconf 68' lang='lat' dir='ltr'><strong>accommodatissimas,</strong></span> <span class='ocrx_word' id='word_1_633' title='bbox 1668 5052 1927 5126; x_wconf 79' lang='lat' dir='ltr'><strong>philoso-</strong></span> 
     </span>
    </p>
   </div>
   <div class='ocr_carea' id='block_1_82' title="bbox 261 5139 1925 5216">
    <p class='ocr_par' dir='ltr' id='par_1_82' title="bbox 261 5139 1925 5216">
     <span class='ocr_line' id='line_1_82' title="bbox 261 5139 1925 5216; baseline 0.002 -19"><span class='ocrx_word' id='word_1_634' title='bbox 261 5140 426 5215; x_wconf 87' lang='lat' dir='ltr'><strong>phia,</strong></span> <span class='ocrx_word' id='word_1_635' title='bbox 454 5139 683 5208; x_wconf 88' lang='lat' dir='ltr'><strong>militia,</strong></span> <span class='ocrx_word' id='word_1_636' title='bbox 726 5141 1024 5199; x_wconf 87' lang='lat' dir='ltr'><strong>medicina</strong></span> <span class='ocrx_word' id='word_1_637' title='bbox 1049 5158 1187 5199; x_wconf 90' lang='lat' dir='ltr'><strong>cum</strong></span> <span class='ocrx_word' id='word_1_638' title='bbox 1218 5141 1341 5197; x_wconf 90' lang='lat' dir='ltr'><strong>suis</strong></span> <span class='ocrx_word' id='word_1_639' title='bbox 1382 5156 1640 5215; x_wconf 68' lang='lat' dir='ltr'><strong>qumque</strong></span> <span class='ocrx_word' id='word_1_640' title='bbox 1662 5142 1925 5216; x_wconf 89' lang='lat' dir='ltr'><strong>proprie—</strong></span> 
     </span>
    </p>
   </div>
   <div class='ocr_carea' id='block_1_83' title="bbox 260 5228 1920 5306">
    <p class='ocr_par' dir='ltr' id='par_1_83' title="bbox 260 5228 1920 5306">
     <span class='ocr_line' id='line_1_83' title="bbox 260 5228 1920 5306; baseline 0.001 -18"><span class='ocrx_word' id='word_1_641' title='bbox 260 5228 506 5288; x_wconf 83' lang='lat' dir='ltr'><strong>tatibus.</strong></span> <span class='ocrx_word' id='word_1_642' title='bbox 548 5234 629 5286; x_wconf 83' lang='lat' dir='ltr'><strong>Ac</strong></span> <span class='ocrx_word' id='word_1_643' title='bbox 653 5246 765 5287; x_wconf 91' lang='lat' dir='ltr'><strong>nos</strong></span> <span class='ocrx_word' id='word_1_644' title='bbox 785 5230 1035 5304; x_wconf 86' lang='lat' dir='ltr'><strong>quidam</strong></span> <span class='ocrx_word' id='word_1_645' title='bbox 1100 5231 1243 5287; x_wconf 90' lang='lat' dir='ltr'><strong>satis</strong></span> <span class='ocrx_word' id='word_1_646' title='bbox 1301 5230 1742 5289; x_wconf 83' lang='lat' dir='ltr'><strong>declaravimus</strong></span> <span class='ocrx_word' id='word_1_647' title='bbox 1797 5249 1920 5306; x_wconf 89' lang='lat' dir='ltr'><strong>quo</strong></span> 
     </span>
    </p>
   </div>
   <div class='ocr_carea' id='block_1_84' title="bbox 256 5318 1921 5395">
    <p class='ocr_par' dir='ltr' id='par_1_84' title="bbox 256 5318 1921 5395">
     <span class='ocr_line' id='line_1_84' title="bbox 256 5318 1921 5395; baseline 0.002 -19"><span class='ocrx_word' id='word_1_648' title='bbox 256 5323 436 5392; x_wconf 83' lang='lat' dir='ltr'><strong>pacto</strong></span> <span class='ocrx_word' id='word_1_649' title='bbox 453 5318 645 5375; x_wconf 88' lang='lat' dir='ltr'><strong>multis</strong></span> <span class='ocrx_word' id='word_1_650' title='bbox 666 5319 867 5376; x_wconf 89' lang='lat' dir='ltr'><strong>modis</strong></span> <span class='ocrx_word' id='word_1_651' title='bbox 890 5320 1385 5378; x_wconf 90' lang='lat' dir='ltr'><strong>communionem</strong></span> <span class='ocrx_word' id='word_1_652' title='bbox 1406 5319 1570 5378; x_wconf 89' lang='lat' dir='ltr'><strong>illam</strong></span> <span class='ocrx_word' id='word_1_653' title='bbox 1591 5326 1646 5378; x_wconf 90' lang='lat' dir='ltr'><strong>et</strong></span> <span class='ocrx_word' id='word_1_654' title='bbox 1668 5337 1774 5395; x_wconf 88' lang='lat' dir='ltr'><strong>per</strong></span> <span class='ocrx_word' id='word_1_655' title='bbox 1794 5338 1921 5380; x_wconf 92' lang='lat' dir='ltr'><strong>om-</strong></span> 
     </span>
    </p>
   </div>
   <div class='ocr_carea' id='block_1_85' title="bbox 255 5407 1913 5482">
    <p class='ocr_par' dir='ltr' id='par_1_85' title="bbox 255 5407 1913 5482">
     <span class='ocr_line' id='line_1_85' title="bbox 255 5407 1913 5482; baseline 0 -17"><span class='ocrx_word' id='word_1_656' title='bbox 255 5407 357 5465; x_wconf 86' lang='lat' dir='ltr'><strong>nia</strong></span> <span class='ocrx_word' id='word_1_657' title='bbox 384 5413 796 5481; x_wconf 89' lang='lat' dir='ltr'><strong>permeantem</strong></span> <span class='ocrx_word' id='word_1_658' title='bbox 823 5409 1132 5467; x_wconf 86' lang='lat' dir='ltr'><strong>scientiam</strong></span> <span class='ocrx_word' id='word_1_659' title='bbox 1173 5409 1529 5482; x_wconf 86' lang='lat' dir='ltr'><strong>participare</strong></span> <span class='ocrx_word' id='word_1_660' title='bbox 1561 5410 1913 5469; x_wconf 88' lang='lat' dir='ltr'><strong>debeamus.</strong></span> 
     </span>
    </p>
   </div>
   <div class='ocr_carea' id='block_1_86' title="bbox 256 5495 1916 5569">
    <p class='ocr_par' dir='ltr' id='par_1_86' title="bbox 256 5495 1916 5569">
     <span class='ocr_line' id='line_1_86' title="bbox 256 5495 1916 5569; baseline 0.004 -17"><span class='ocrx_word' id='word_1_661' title='bbox 256 5499 390 5569; x_wconf 83' lang='lat' dir='ltr'><strong>Ipsa</strong></span> <span class='ocrx_word' id='word_1_662' title='bbox 403 5495 564 5552; x_wconf 90' lang='lat' dir='ltr'><strong>enim</strong></span> <span class='ocrx_word' id='word_1_663' title='bbox 584 5502 676 5555; x_wconf 92' lang='lat' dir='ltr'><strong>est</strong></span> <span class='ocrx_word' id='word_1_664' title='bbox 697 5497 972 5555; x_wconf 89' lang='lat' dir='ltr'><strong>omnium</strong></span> <span class='ocrx_word' id='word_1_665' title='bbox 994 5498 1380 5556; x_wconf 88' lang='lat' dir='ltr'><strong>scientiarum</strong></span> <span class='ocrx_word' id='word_1_666' title='bbox 1412 5504 1469 5556; x_wconf 90' lang='lat' dir='ltr'><strong>et</strong></span> <span class='ocrx_word' id='word_1_667' title='bbox 1508 5500 1785 5558; x_wconf 90' lang='lat' dir='ltr'><strong>omnium</strong></span> <span class='ocrx_word' id='word_1_668' title='bbox 1812 5501 1916 5558; x_wconf 87' lang='lat' dir='ltr'><strong>ho-</strong></span> 
     </span>
    </p>
   </div>
   <div class='ocr_carea' id='block_1_87' title="bbox 256 5583 1917 5662">
    <p class='ocr_par' dir='ltr' id='par_1_87' title="bbox 256 5583 1917 5662">
     <span class='ocr_line' id='line_1_87' title="bbox 256 5583 1917 5662; baseline 0.004 -21"><span class='ocrx_word' id='word_1_669' title='bbox 256 5583 493 5642; x_wconf 89' lang='lat' dir='ltr'><strong>minum</strong></span> <span class='ocrx_word' id='word_1_670' title='bbox 512 5588 939 5658; x_wconf 81' lang='lat' dir='ltr'><strong>conservatrix,</strong></span> <span class='ocrx_word' id='word_1_671' title='bbox 966 5588 1141 5660; x_wconf 89' lang='lat' dir='ltr'><strong>cujus</strong></span> <span class='ocrx_word' id='word_1_672' title='bbox 1165 5592 1510 5662; x_wconf 80' lang='lat' dir='ltr'><strong>compotem</strong></span> <span class='ocrx_word' id='word_1_673' title='bbox 1526 5593 1760 5662; x_wconf 89' lang='lat' dir='ltr'><strong>oportet</strong></span> <span class='ocrx_word' id='word_1_674' title='bbox 1787 5606 1917 5649; x_wconf 89' lang='lat' dir='ltr'><strong>esse</strong></span> 
     </span>
    </p>
   </div>
   <div class='ocr_carea' id='block_1_88' title="bbox 256 5674 1920 5760">
    <p class='ocr_par' dir='ltr' id='par_1_88' title="bbox 256 5674 1920 5760">
     <span class='ocr_line' id='line_1_88' title="bbox 256 5674 1920 5760; baseline 0.024 -11"><span class='ocrx_word' id='word_1_675' title='bbox 256 5674 704 5751; x_wconf 67' lang='lat' dir='ltr'><strong>inlperatorem,</strong></span> <span class='ocrx_word' id='word_1_676' title='bbox 721 5677 1230 5751; x_wconf 71' lang='lat' dir='ltr'><strong>quandoquidem</strong></span> <span class='ocrx_word' id='word_1_677' title='bbox 1250 5677 1597 5752; x_wconf 64' lang='lat' dir='ltr'><strong>animorum</strong></span> <span class='ocrx_word' id='word_1_678' title='bbox 1626 5684 1684 5738; x_wconf 57' lang='lat' dir='ltr'><strong>et</strong></span> <span class='ocrx_word' id='word_1_679' title='bbox 1710 5696 1920 5760; x_wconf 37' lang='lat' dir='ltr'><strong>00!.qu</strong></span> 
     </span>
    </p>
   </div>
   <div class='ocr_carea' id='block_1_89' title="bbox 256 5760 1921 5830">
    <p class='ocr_par' dir='ltr' id='par_1_89' title="bbox 256 5760 1921 5830">
     <span class='ocr_line' id='line_1_89' title="bbox 256 5760 1921 5830; baseline 0 -1"><span class='ocrx_word' id='word_1_680' title='bbox 256 5761 397 5829; x_wconf 59' lang='lat' dir='ltr'><strong>tum</strong></span> <span class='ocrx_word' id='word_1_681' title='bbox 419 5767 510 5827; x_wconf 76' lang='lat' dir='ltr'><strong>ut</strong></span> <span class='ocrx_word' id='word_1_682' title='bbox 535 5770 802 5827; x_wconf 73' lang='lat' dir='ltr'><strong>servator</strong></span> <span class='ocrx_word' id='word_1_683' title='bbox 820 5760 1153 5827; x_wconf 62' lang='lat' dir='ltr'><strong>etcurators</strong></span> <span class='ocrx_word' id='word_1_684' title='bbox 1193 5768 1343 5827; x_wconf 84' lang='lat' dir='ltr'><strong>Cum</strong></span> <span class='ocrx_word' id='word_1_685' title='bbox 1395 5760 1598 5828; x_wconf 72' lang='lat' dir='ltr'><strong>autem</strong></span> <span class='ocrx_word' id='word_1_686' title='bbox 1646 5767 1783 5827; x_wconf 81' lang='lat' dir='ltr'><strong>duae</strong></span> <span class='ocrx_word' id='word_1_687' title='bbox 1803 5770 1921 5830; x_wconf 83' lang='lat' dir='ltr'><strong>sint</strong></span> 
     </span>
    </p>
   </div>
   <div class='ocr_carea' id='block_1_90' title="bbox 2061 3176 3719 3251">
    <p class='ocr_par' dir='ltr' id='par_1_90' title="bbox 2061 3176 3719 3251">
     <span class='ocr_line' id='line_1_90' title="bbox 2061 3176 3719 3251; baseline 0.001 -17"><span class='ocrx_word' id='word_1_688' title='bbox 2061 3176 2194 3234; x_wconf 89' lang='lat' dir='ltr'><strong>aliis</strong></span> <span class='ocrx_word' id='word_1_689' title='bbox 2224 3181 2486 3251; x_wconf 65' lang='lat' dir='ltr'><strong>praestat.</strong></span> <span class='ocrx_word' id='word_1_690' title='bbox 2519 3177 2669 3234; x_wconf 90' lang='lat' dir='ltr'><strong>Cum</strong></span> <span class='ocrx_word' id='word_1_691' title='bbox 2702 3182 2903 3236; x_wconf 87' lang='lat' dir='ltr'><strong>autem</strong></span> <span class='ocrx_word' id='word_1_692' title='bbox 2928 3177 3003 3234; x_wconf 91' lang='lat' dir='ltr'><strong>de</strong></span> <span class='ocrx_word' id='word_1_693' title='bbox 3028 3176 3182 3234; x_wconf 91' lang='lat' dir='ltr'><strong>duce</strong></span> <span class='ocrx_word' id='word_1_694' title='bbox 3221 3177 3515 3234; x_wconf 79' lang='lat' dir='ltr'><strong>exercitus</strong></span> <span class='ocrx_word' id='word_1_695' title='bbox 3574 3176 3719 3248; x_wconf 89' lang='lat' dir='ltr'><strong>agit.</strong></span> 
     </span>
    </p>
   </div>
   <div class='ocr_carea' id='block_1_91' title="bbox 2061 3266 3719 3342">
    <p class='ocr_par' dir='ltr' id='par_1_91' title="bbox 2061 3266 3719 3342">
     <span class='ocr_line' id='line_1_91' title="bbox 2061 3266 3719 3342; baseline 0 -19"><span class='ocrx_word' id='word_1_696' title='bbox 2061 3268 2248 3337; x_wconf 90' lang='lat' dir='ltr'><strong>Unus,</strong></span> <span class='ocrx_word' id='word_1_697' title='bbox 2273 3267 2488 3342; x_wconf 88' lang='lat' dir='ltr'><strong>inquit,</strong></span> <span class='ocrx_word' id='word_1_698' title='bbox 2515 3272 2605 3326; x_wconf 92' lang='lat' dir='ltr'><strong>est</strong></span> <span class='ocrx_word' id='word_1_699' title='bbox 2626 3269 2815 3326; x_wconf 87' lang='lat' dir='ltr'><strong>instar</strong></span> <span class='ocrx_word' id='word_1_700' title='bbox 2843 3266 3397 3336; x_wconf 75' lang='lat' dir='ltr'><strong>innumerabilium,</strong></span> <span class='ocrx_word' id='word_1_701' title='bbox 3429 3266 3719 3324; x_wconf 86' lang='lat' dir='ltr'><strong>nimirum</strong></span> 
     </span>
    </p>
   </div>
   <div class='ocr_carea' id='block_1_92' title="bbox 2058 3356 3718 3431">
    <p class='ocr_par' dir='ltr' id='par_1_92' title="bbox 2058 3356 3718 3431">
     <span class='ocr_line' id='line_1_92' title="bbox 2058 3356 3718 3431; baseline 0 -17"><span class='ocrx_word' id='word_1_702' title='bbox 2058 3362 2148 3415; x_wconf 91' lang='lat' dir='ltr'><strong>est</strong></span> <span class='ocrx_word' id='word_1_703' title='bbox 2198 3374 2355 3415; x_wconf 90' lang='lat' dir='ltr'><strong>unus</strong></span> <span class='ocrx_word' id='word_1_704' title='bbox 2411 3374 2885 3431; x_wconf 77' lang='lat' dir='ltr'><strong>omneszneque</strong></span> <span class='ocrx_word' id='word_1_705' title='bbox 2924 3357 3085 3415; x_wconf 91' lang='lat' dir='ltr'><strong>enim</strong></span> <span class='ocrx_word' id='word_1_706' title='bbox 3141 3356 3291 3414; x_wconf 80' lang='lat' dir='ltr'><strong>dixit</strong></span> <span class='ocrx_word' id='word_1_707' title='bbox 3345 3359 3549 3431; x_wconf 84' lang='grc' dir='ltr'>μύριοι,</span> <span class='ocrx_word' id='word_1_708' title='bbox 3608 3357 3718 3414; x_wconf 85' lang='lat' dir='ltr'><strong>sed</strong></span> 
     </span>
    </p>
   </div>
   <div class='ocr_carea' id='block_1_93' title="bbox 2057 3444 3713 3521">
    <p class='ocr_par' dir='ltr' id='par_1_93' title="bbox 2057 3444 3713 3521">
     <span class='ocr_line' id='line_1_93' title="bbox 2057 3444 3713 3521; baseline 0.003 -24"><span class='ocrx_word' id='word_1_709' title='bbox 2057 3451 2256 3521; x_wconf 87' lang='grc' dir='ltr'>μυρίοι.</span> <span class='ocrx_word' id='word_1_710' title='bbox 2283 3446 2454 3513; x_wconf 89' lang='lat' dir='ltr'><strong>Quod</strong></span> <span class='ocrx_word' id='word_1_711' title='bbox 2485 3447 2630 3504; x_wconf 89' lang='lat' dir='ltr'><strong>satis</strong></span> <span class='ocrx_word' id='word_1_712' title='bbox 2669 3446 3012 3519; x_wconf 85' lang='lat' dir='ltr'><strong>intclligitur</strong></span> <span class='ocrx_word' id='word_1_713' title='bbox 3062 3462 3134 3503; x_wconf 82' lang='lat' dir='ltr'><strong>ex</strong></span> <span class='ocrx_word' id='word_1_714' title='bbox 3195 3462 3266 3503; x_wconf 88' lang='lat' dir='ltr'><strong>eo</strong></span> <span class='ocrx_word' id='word_1_715' title='bbox 3326 3445 3496 3519; x_wconf 89' lang='lat' dir='ltr'><strong>quod</strong></span> <span class='ocrx_word' id='word_1_716' title='bbox 3551 3444 3713 3513; x_wconf 86' lang='lat' dir='ltr'><strong>dicit,</strong></span> 
     </span>
    </p>
   </div>
   <div class='ocr_carea' id='block_1_94' title="bbox 2056 3533 3715 3609">
    <p class='ocr_par' dir='ltr' id='par_1_94' title="bbox 2056 3533 3715 3609">
     <span class='ocr_line' id='line_1_94' title="bbox 2056 3533 3715 3609; baseline -0.001 -17"><span class='ocrx_word' id='word_1_717' title='bbox 2056 3551 2291 3593; x_wconf 90' lang='lat' dir='ltr'><strong>omnes.</strong></span> <span class='ocrx_word' id='word_1_718' title='bbox 2324 3543 2432 3593; x_wconf 83' lang='lat' dir='ltr'><strong>Ars</strong></span> <span class='ocrx_word' id='word_1_719' title='bbox 2451 3537 2632 3608; x_wconf 86' lang='lat' dir='ltr'><strong>igitur</strong></span> <span class='ocrx_word' id='word_1_720' title='bbox 2654 3535 2921 3594; x_wconf 88' lang='lat' dir='ltr'><strong>militaris</strong></span> <span class='ocrx_word' id='word_1_721' title='bbox 2938 3540 3030 3592; x_wconf 91' lang='lat' dir='ltr'><strong>est</strong></span> <span class='ocrx_word' id='word_1_722' title='bbox 3051 3536 3248 3609; x_wconf 88' lang='lat' dir='ltr'><strong>prima</strong></span> <span class='ocrx_word' id='word_1_723' title='bbox 3267 3550 3457 3608; x_wconf 87' lang='lat' dir='ltr'><strong>quam</strong></span> <span class='ocrx_word' id='word_1_724' title='bbox 3496 3533 3715 3591; x_wconf 86' lang='lat' dir='ltr'><strong>deinde</strong></span> 
     </span>
    </p>
   </div>
   <div class='ocr_carea' id='block_1_95' title="bbox 2055 3626 3713 3700">
    <p class='ocr_par' dir='ltr' id='par_1_95' title="bbox 2055 3626 3713 3700">
     <span class='ocr_line' id='line_1_95' title="bbox 2055 3626 3713 3700; baseline -0.001 -18"><span class='ocrx_word' id='word_1_725' title='bbox 2055 3631 2510 3699; x_wconf 88' lang='lat' dir='ltr'><strong>consequuntur</strong></span> <span class='ocrx_word' id='word_1_726' title='bbox 2553 3627 2832 3700; x_wconf 62' lang='lat' dir='ltr'><strong>reliquae:</strong></span> <span class='ocrx_word' id='word_1_727' title='bbox 2892 3630 2950 3682; x_wconf 90' lang='lat' dir='ltr'><strong>et</strong></span> <span class='ocrx_word' id='word_1_728' title='bbox 3006 3626 3112 3699; x_wconf 92' lang='lat' dir='ltr'><strong>qui</strong></span> <span class='ocrx_word' id='word_1_729' title='bbox 3172 3631 3388 3683; x_wconf 83' lang='lat' dir='ltr'><strong>natura</strong></span> <span class='ocrx_word' id='word_1_730' title='bbox 3447 3629 3576 3681; x_wconf 89' lang='lat' dir='ltr'><strong>est:</strong></span> <span class='ocrx_word' id='word_1_731' title='bbox 3619 3640 3713 3681; x_wconf 86' lang='lat' dir='ltr'><strong>se-</strong></span> 
     </span>
    </p>
   </div>
   <div class='ocr_carea' id='block_1_96' title="bbox 2055 3713 3709 3784">
    <p class='ocr_par' dir='ltr' id='par_1_96' title="bbox 2055 3713 3709 3784">
     <span class='ocr_line' id='line_1_96' title="bbox 2055 3713 3709 3784; baseline -0.001 -15"><span class='ocrx_word' id='word_1_732' title='bbox 2055 3714 2324 3771; x_wconf 90' lang='lat' dir='ltr'><strong>cundum</strong></span> <span class='ocrx_word' id='word_1_733' title='bbox 2354 3731 2493 3772; x_wconf 88' lang='lat' dir='ltr'><strong>vero</strong></span> <span class='ocrx_word' id='word_1_734' title='bbox 2515 3714 2594 3772; x_wconf 90' lang='lat' dir='ltr'><strong>ab</strong></span> <span class='ocrx_word' id='word_1_735' title='bbox 2625 3714 2724 3772; x_wconf 88' lang='lat' dir='ltr'><strong>illa</strong></span> <span class='ocrx_word' id='word_1_736' title='bbox 2763 3714 3127 3771; x_wconf 90' lang='lat' dir='ltr'><strong>medicinam</strong></span> <span class='ocrx_word' id='word_1_737' title='bbox 3185 3728 3316 3769; x_wconf 91' lang='lat' dir='ltr'><strong>esse</strong></span> <span class='ocrx_word' id='word_1_738' title='bbox 3360 3713 3709 3784; x_wconf 87' lang='lat' dir='ltr'><strong>judicamus</strong></span> 
     </span>
    </p>
   </div>
   <div class='ocr_carea' id='block_1_97' title="bbox 2053 3802 3709 3879">
    <p class='ocr_par' dir='ltr' id='par_1_97' title="bbox 2053 3802 3709 3879">
     <span class='ocr_line' id='line_1_97' title="bbox 2053 3802 3709 3879; baseline -0.002 -19"><span class='ocrx_word' id='word_1_739' title='bbox 2053 3819 2192 3861; x_wconf 93' lang='lat' dir='ltr'><strong>cum</strong></span> <span class='ocrx_word' id='word_1_740' title='bbox 2213 3803 2363 3874; x_wconf 88' lang='lat' dir='ltr'><strong>aliis,</strong></span> <span class='ocrx_word' id='word_1_741' title='bbox 2390 3821 2526 3879; x_wconf 72' lang='lat' dir='ltr'><strong>qum</strong></span> <span class='ocrx_word' id='word_1_742' title='bbox 2556 3809 3006 3878; x_wconf 87' lang='lat' dir='ltr'><strong>consequuntur</strong></span> <span class='ocrx_word' id='word_1_743' title='bbox 3025 3802 3517 3860; x_wconf 89' lang='lat' dir='ltr'><strong>communionem</strong></span> <span class='ocrx_word' id='word_1_744' title='bbox 3546 3802 3709 3859; x_wconf 89' lang='lat' dir='ltr'><strong>inerc</strong></span> 
     </span>
    </p>
   </div>
   <div class='ocr_carea' id='block_1_98' title="bbox 2049 3893 3708 3968">
    <p class='ocr_par' dir='ltr' id='par_1_98' title="bbox 2049 3893 3708 3968">
     <span class='ocr_line' id='line_1_98' title="bbox 2049 3893 3708 3968; baseline -0.001 -19"><span class='ocrx_word' id='word_1_745' title='bbox 2049 3909 2174 3951; x_wconf 89' lang='lat' dir='ltr'><strong>non</strong></span> <span class='ocrx_word' id='word_1_746' title='bbox 2199 3893 2376 3952; x_wconf 86' lang='lat' dir='ltr'><strong>debet</strong></span> <span class='ocrx_word' id='word_1_747' title='bbox 2399 3895 2742 3968; x_wconf 86' lang='lat' dir='ltr'><strong>imperator,</strong></span> <span class='ocrx_word' id='word_1_748' title='bbox 2772 3894 2877 3951; x_wconf 89' lang='lat' dir='ltr'><strong>sed</strong></span> <span class='ocrx_word' id='word_1_749' title='bbox 2897 3893 3028 3950; x_wconf 86' lang='lat' dir='ltr'><strong>illas</strong></span> <span class='ocrx_word' id='word_1_750' title='bbox 3052 3908 3257 3964; x_wconf 85' lang='lat' dir='ltr'><strong>regere</strong></span> <span class='ocrx_word' id='word_1_751' title='bbox 3299 3896 3596 3966; x_wconf 84' lang='lat' dir='ltr'><strong>tanquam</strong></span> <span class='ocrx_word' id='word_1_752' title='bbox 3634 3907 3708 3948; x_wconf 80' lang='lat' dir='ltr'><strong>ex</strong></span> 
     </span>
    </p>
   </div>
   <div class='ocr_carea' id='block_1_99' title="bbox 2048 3981 3707 4058">
    <p class='ocr_par' dir='ltr' id='par_1_99' title="bbox 2048 3981 3707 4058">
     <span class='ocr_line' id='line_1_99' title="bbox 2048 3981 3707 4058; baseline 0 -19"><span class='ocrx_word' id='word_1_753' title='bbox 2048 3988 2173 4039; x_wconf 88' lang='lat' dir='ltr'><strong>arte</strong></span> <span class='ocrx_word' id='word_1_754' title='bbox 2203 3985 2473 4057; x_wconf 87' lang='lat' dir='ltr'><strong>quadam</strong></span> <span class='ocrx_word' id='word_1_755' title='bbox 2499 3984 2831 4058; x_wconf 79' lang='lat' dir='ltr'><strong>imperans,</strong></span> <span class='ocrx_word' id='word_1_756' title='bbox 2881 3987 2943 4040; x_wconf 91' lang='lat' dir='ltr'><strong>ut</strong></span> <span class='ocrx_word' id='word_1_757' title='bbox 2988 3983 3194 4039; x_wconf 88' lang='lat' dir='ltr'><strong>omnia</strong></span> <span class='ocrx_word' id='word_1_758' title='bbox 3223 3997 3297 4038; x_wconf 80' lang='lat' dir='ltr'><strong>ex</strong></span> <span class='ocrx_word' id='word_1_759' title='bbox 3355 3981 3604 4038; x_wconf 88' lang='lat' dir='ltr'><strong>scientia</strong></span> <span class='ocrx_word' id='word_1_760' title='bbox 3650 3987 3707 4039; x_wconf 89' lang='lat' dir='ltr'><strong>et</strong></span> 
     </span>
    </p>
   </div>
   <div class='ocr_carea' id='block_1_100' title="bbox 2045 4070 3708 4146">
    <p class='ocr_par' dir='ltr' id='par_1_100' title="bbox 2045 4070 3708 4146">
     <span class='ocr_line' id='line_1_100' title="bbox 2045 4070 3708 4146; baseline 0 -18"><span class='ocrx_word' id='word_1_761' title='bbox 2045 4077 2261 4131; x_wconf 84' lang='lat' dir='ltr'><strong>natura</strong></span> <span class='ocrx_word' id='word_1_762' title='bbox 2289 4072 2641 4131; x_wconf 84' lang='lat' dir='ltr'><strong>efﬁciantur.</strong></span> <span class='ocrx_word' id='word_1_763' title='bbox 2675 4077 2757 4130; x_wconf 82' lang='lat' dir='ltr'><strong>Ac</strong></span> <span class='ocrx_word' id='word_1_764' title='bbox 2785 4073 2860 4129; x_wconf 85' lang='lat' dir='ltr'><strong>de</strong></span> <span class='ocrx_word' id='word_1_765' title='bbox 2898 4072 3095 4146; x_wconf 87' lang='lat' dir='ltr'><strong>prima</strong></span> <span class='ocrx_word' id='word_1_766' title='bbox 3155 4071 3403 4145; x_wconf 90' lang='lat' dir='ltr'><strong>quidem</strong></span> <span class='ocrx_word' id='word_1_767' title='bbox 3458 4070 3708 4128; x_wconf 89' lang='lat' dir='ltr'><strong>scientia</strong></span> 
     </span>
    </p>
   </div>
   <div class='ocr_carea' id='block_1_101' title="bbox 2042 4159 3702 4234">
    <p class='ocr_par' dir='ltr' id='par_1_101' title="bbox 2042 4159 3702 4234">
     <span class='ocr_line' id='line_1_101' title="bbox 2042 4159 3702 4234; baseline -0.002 -16"><span class='ocrx_word' id='word_1_768' title='bbox 2042 4161 2174 4219; x_wconf 72' lang='lat' dir='ltr'><strong>haec</strong></span> <span class='ocrx_word' id='word_1_769' title='bbox 2203 4162 2363 4219; x_wconf 90' lang='lat' dir='ltr'><strong>dicta</strong></span> <span class='ocrx_word' id='word_1_770' title='bbox 2378 4162 2514 4219; x_wconf 90' lang='lat' dir='ltr'><strong>sint.</strong></span> <span class='ocrx_word' id='word_1_771' title='bbox 2542 4162 2681 4220; x_wconf 71' lang='lat' dir='ltr'><strong>Alite</strong></span> <span class='ocrx_word' id='word_1_772' title='bbox 2701 4178 2840 4220; x_wconf 82' lang='lat' dir='ltr'><strong>vero</strong></span> <span class='ocrx_word' id='word_1_773' title='bbox 2861 4166 3316 4234; x_wconf 89' lang='lat' dir='ltr'><strong>consequuntur</strong></span> <span class='ocrx_word' id='word_1_774' title='bbox 3353 4175 3476 4232; x_wconf 92' lang='lat' dir='ltr'><strong>quo</strong></span> <span class='ocrx_word' id='word_1_775' title='bbox 3507 4159 3702 4230; x_wconf 86' lang='lat' dir='ltr'><strong>magis</strong></span> 
     </span>
    </p>
   </div>
   <div class='ocr_carea' id='block_1_102' title="bbox 2042 4248 3701 4310">
    <p class='ocr_par' dir='ltr' id='par_1_102' title="bbox 2042 4248 3701 4310">
     <span class='ocr_line' id='line_1_102' title="bbox 2042 4248 3701 4310; baseline -0.001 -3"><span class='ocrx_word' id='word_1_776' title='bbox 2042 4267 2181 4308; x_wconf 91' lang='lat' dir='ltr'><strong>cum</strong></span> <span class='ocrx_word' id='word_1_777' title='bbox 2200 4252 2430 4309; x_wconf 84' lang='lat' dir='ltr'><strong>ratione</strong></span> <span class='ocrx_word' id='word_1_778' title='bbox 2455 4251 2838 4309; x_wconf 90' lang='lat' dir='ltr'><strong>conveniunt.</strong></span> <span class='ocrx_word' id='word_1_779' title='bbox 2867 4254 3018 4310; x_wconf 87' lang='lat' dir='ltr'><strong>Nam</strong></span> <span class='ocrx_word' id='word_1_780' title='bbox 3077 4266 3176 4306; x_wconf 87' lang='lat' dir='ltr'><strong>ars</strong></span> <span class='ocrx_word' id='word_1_781' title='bbox 3203 4248 3300 4306; x_wconf 87' lang='lat' dir='ltr'><strong>vel</strong></span> <span class='ocrx_word' id='word_1_782' title='bbox 3327 4249 3581 4306; x_wconf 88' lang='lat' dir='ltr'><strong>minima</strong></span> <span class='ocrx_word' id='word_1_783' title='bbox 3608 4265 3701 4305; x_wconf 82' lang='lat' dir='ltr'><strong>se-</strong></span> 
     </span>
    </p>
   </div>
   <div class='ocr_carea' id='block_1_103' title="bbox 2040 4338 3702 4415">
    <p class='ocr_par' dir='ltr' id='par_1_103' title="bbox 2040 4338 3702 4415">
     <span class='ocr_line' id='line_1_103' title="bbox 2040 4338 3702 4415; baseline -0.001 -19"><span class='ocrx_word' id='word_1_784' title='bbox 2040 4339 2312 4398; x_wconf 85' lang='lat' dir='ltr'><strong>dentaria</strong></span> <span class='ocrx_word' id='word_1_785' title='bbox 2340 4341 2586 4398; x_wconf 87' lang='lat' dir='ltr'><strong>rationis</strong></span> <span class='ocrx_word' id='word_1_786' title='bbox 2631 4356 2747 4415; x_wconf 92' lang='lat' dir='ltr'><strong>ope</strong></span> <span class='ocrx_word' id='word_1_787' title='bbox 2774 4340 3022 4411; x_wconf 85' lang='lat' dir='ltr'><strong>indiget.</strong></span> <span class='ocrx_word' id='word_1_788' title='bbox 3056 4340 3170 4406; x_wconf 88' lang='lat' dir='ltr'><strong>Qui</strong></span> <span class='ocrx_word' id='word_1_789' title='bbox 3211 4338 3392 4409; x_wconf 87' lang='lat' dir='ltr'><strong>igitur</strong></span> <span class='ocrx_word' id='word_1_790' title='bbox 3432 4338 3515 4395; x_wconf 86' lang='lat' dir='ltr'><strong>ita</strong></span> <span class='ocrx_word' id='word_1_791' title='bbox 3562 4338 3702 4395; x_wconf 79' lang='lat' dir='ltr'><strong>vivit</strong></span> 
     </span>
    </p>
   </div>
   <div class='ocr_carea' id='block_1_104' title="bbox 2042 4428 3698 4502">
    <p class='ocr_par' dir='ltr' id='par_1_104' title="bbox 2042 4428 3698 4502">
     <span class='ocr_line' id='line_1_104' title="bbox 2042 4428 3698 4502; baseline -0.001 -16"><span class='ocrx_word' id='word_1_792' title='bbox 2042 4430 2131 4502; x_wconf 91' lang='lat' dir='ltr'><strong>(ut</strong></span> <span class='ocrx_word' id='word_1_793' title='bbox 2158 4430 2385 4487; x_wconf 86' lang='lat' dir='ltr'><strong>dictum</strong></span> <span class='ocrx_word' id='word_1_794' title='bbox 2415 4431 2528 4502; x_wconf 87' lang='lat' dir='ltr'><strong>est)</strong></span> <span class='ocrx_word' id='word_1_795' title='bbox 2548 4429 2762 4488; x_wconf 87' lang='lat' dir='ltr'><strong>beatus</strong></span> <span class='ocrx_word' id='word_1_796' title='bbox 2793 4434 2881 4486; x_wconf 90' lang='lat' dir='ltr'><strong>est</strong></span> <span class='ocrx_word' id='word_1_797' title='bbox 2910 4429 3052 4502; x_wconf 88' lang='lat' dir='ltr'><strong>:qui</strong></span> <span class='ocrx_word' id='word_1_798' title='bbox 3082 4429 3269 4499; x_wconf 88' lang='lat' dir='ltr'><strong>aliter,</strong></span> <span class='ocrx_word' id='word_1_799' title='bbox 3296 4428 3495 4485; x_wconf 88' lang='lat' dir='ltr'><strong>miser.</strong></span> <span class='ocrx_word' id='word_1_800' title='bbox 3537 4429 3698 4494; x_wconf 85' lang='lat' dir='ltr'><strong>Quo-</strong></span> 
     </span>
    </p>
   </div>
   <div class='ocr_carea' id='block_1_105' title="bbox 2037 4517 3698 4592">
    <p class='ocr_par' dir='ltr' id='par_1_105' title="bbox 2037 4517 3698 4592">
     <span class='ocr_line' id='line_1_105' title="bbox 2037 4517 3698 4592; baseline -0.001 -16"><span class='ocrx_word' id='word_1_801' title='bbox 2037 4520 2204 4577; x_wconf 89' lang='lat' dir='ltr'><strong>niam</strong></span> <span class='ocrx_word' id='word_1_802' title='bbox 2235 4525 2435 4577; x_wconf 90' lang='lat' dir='ltr'><strong>autem</strong></span> <span class='ocrx_word' id='word_1_803' title='bbox 2466 4536 2539 4576; x_wconf 82' lang='lat' dir='ltr'><strong>ex</strong></span> <span class='ocrx_word' id='word_1_804' title='bbox 2567 4518 2852 4577; x_wconf 88' lang='lat' dir='ltr'><strong>omnibus</strong></span> <span class='ocrx_word' id='word_1_805' title='bbox 2879 4535 3019 4592; x_wconf 67' lang='lat' dir='ltr'><strong>qum</strong></span> <span class='ocrx_word' id='word_1_806' title='bbox 3071 4518 3131 4576; x_wconf 88' lang='lat' dir='ltr'><strong>in</strong></span> <span class='ocrx_word' id='word_1_807' title='bbox 3180 4517 3461 4575; x_wconf 89' lang='lat' dir='ltr'><strong>universo</strong></span> <span class='ocrx_word' id='word_1_808' title='bbox 3513 4517 3698 4574; x_wconf 89' lang='lat' dir='ltr'><strong>modo</strong></span> 
     </span>
    </p>
   </div>
   <div class='ocr_carea' id='block_1_106' title="bbox 2040 4609 3696 4684">
    <p class='ocr_par' dir='ltr' id='par_1_106' title="bbox 2040 4609 3696 4684">
     <span class='ocr_line' id='line_1_106' title="bbox 2040 4609 3696 4684; baseline -0.001 -18"><span class='ocrx_word' id='word_1_809' title='bbox 2040 4612 2173 4667; x_wconf 83' lang='lat' dir='ltr'><strong>sunt</strong></span> <span class='ocrx_word' id='word_1_810' title='bbox 2192 4609 2340 4667; x_wconf 87' lang='lat' dir='ltr'><strong>illud</strong></span> <span class='ocrx_word' id='word_1_811' title='bbox 2362 4610 2528 4684; x_wconf 90' lang='lat' dir='ltr'><strong>quod</strong></span> <span class='ocrx_word' id='word_1_812' title='bbox 2554 4614 2769 4667; x_wconf 86' lang='lat' dir='ltr'><strong>natura</strong></span> <span class='ocrx_word' id='word_1_813' title='bbox 2780 4613 3016 4667; x_wconf 84' lang='lat' dir='ltr'><strong>constat</strong></span> <span class='ocrx_word' id='word_1_814' title='bbox 3041 4609 3421 4683; x_wconf 60' lang='lat' dir='ltr'><strong>praestantius</strong></span> <span class='ocrx_word' id='word_1_815' title='bbox 3443 4624 3605 4675; x_wconf 80' lang='lat' dir='ltr'><strong>esse,</strong></span> <span class='ocrx_word' id='word_1_816' title='bbox 3623 4624 3696 4664; x_wconf 89' lang='lat' dir='ltr'><strong>eo</strong></span> 
     </span>
    </p>
   </div>
   <div class='ocr_carea' id='block_1_107' title="bbox 2036 4697 3694 4773">
    <p class='ocr_par' dir='ltr' id='par_1_107' title="bbox 2036 4697 3694 4773">
     <span class='ocr_line' id='line_1_107' title="bbox 2036 4697 3694 4773; baseline -0.001 -17"><span class='ocrx_word' id='word_1_817' title='bbox 2036 4700 2203 4773; x_wconf 81' lang='lat' dir='ltr'><strong>quod</strong></span> <span class='ocrx_word' id='word_1_818' title='bbox 2225 4700 2520 4773; x_wconf 87' lang='lat' dir='ltr'><strong>positione</strong></span> <span class='ocrx_word' id='word_1_819' title='bbox 2563 4703 2818 4770; x_wconf 88' lang='lat' dir='ltr'><strong>constat,</strong></span> <span class='ocrx_word' id='word_1_820' title='bbox 2871 4703 3252 4772; x_wconf 89' lang='lat' dir='ltr'><strong>compertum</strong></span> <span class='ocrx_word' id='word_1_821' title='bbox 3279 4703 3403 4755; x_wconf 90' lang='lat' dir='ltr'><strong>est:</strong></span> <span class='ocrx_word' id='word_1_822' title='bbox 3429 4697 3694 4754; x_wconf 90' lang='lat' dir='ltr'><strong>nemoin</strong></span> 
     </span>
    </p>
   </div>
   <div class='ocr_carea' id='block_1_108' title="bbox 2036 4787 3693 4862">
    <p class='ocr_par' dir='ltr' id='par_1_108' title="bbox 2036 4787 3693 4862">
     <span class='ocr_line' id='line_1_108' title="bbox 2036 4787 3693 4862; baseline 0 -17"><span class='ocrx_word' id='word_1_823' title='bbox 2036 4805 2299 4847; x_wconf 87' lang='lat' dir='ltr'><strong>errorem</strong></span> <span class='ocrx_word' id='word_1_824' title='bbox 2328 4789 2649 4846; x_wconf 88' lang='lat' dir='ltr'><strong>inducatur</strong></span> <span class='ocrx_word' id='word_1_825' title='bbox 2671 4794 2733 4846; x_wconf 88' lang='lat' dir='ltr'><strong>ut</strong></span> <span class='ocrx_word' id='word_1_826' title='bbox 2756 4788 2913 4846; x_wconf 88' lang='lat' dir='ltr'><strong>colat</strong></span> <span class='ocrx_word' id='word_1_827' title='bbox 2934 4788 3104 4857; x_wconf 86' lang='lat' dir='ltr'><strong>illud,</strong></span> <span class='ocrx_word' id='word_1_828' title='bbox 3137 4787 3304 4862; x_wconf 92' lang='lat' dir='ltr'><strong>quod</strong></span> <span class='ocrx_word' id='word_1_829' title='bbox 3341 4803 3467 4844; x_wconf 92' lang='lat' dir='ltr'><strong>non</strong></span> <span class='ocrx_word' id='word_1_830' title='bbox 3485 4793 3574 4844; x_wconf 89' lang='lat' dir='ltr'><strong>est</strong></span> <span class='ocrx_word' id='word_1_831' title='bbox 3598 4803 3693 4845; x_wconf 87' lang='lat' dir='ltr'><strong>co-</strong></span> 
     </span>
    </p>
   </div>
   <div class='ocr_carea' id='block_1_109' title="bbox 2032 4876 3692 4951">
    <p class='ocr_par' dir='ltr' id='par_1_109' title="bbox 2032 4876 3692 4951">
     <span class='ocr_line' id='line_1_109' title="bbox 2032 4876 3692 4951; baseline -0.001 -17"><span class='ocrx_word' id='word_1_832' title='bbox 2032 4877 2302 4946; x_wconf 89' lang='lat' dir='ltr'><strong>lendum,</strong></span> <span class='ocrx_word' id='word_1_833' title='bbox 2333 4876 2602 4951; x_wconf 90' lang='lat' dir='ltr'><strong>illudque</strong></span> <span class='ocrx_word' id='word_1_834' title='bbox 2629 4877 2964 4951; x_wconf 91' lang='lat' dir='ltr'><strong>participet.</strong></span> <span class='ocrx_word' id='word_1_835' title='bbox 3002 4879 3130 4934; x_wconf 89' lang='lat' dir='ltr'><strong>Una</strong></span> <span class='ocrx_word' id='word_1_836' title='bbox 3158 4877 3320 4934; x_wconf 88' lang='lat' dir='ltr'><strong>enim</strong></span> <span class='ocrx_word' id='word_1_837' title='bbox 3347 4892 3488 4933; x_wconf 88' lang='lat' dir='ltr'><strong>vera</strong></span> <span class='ocrx_word' id='word_1_838' title='bbox 3524 4877 3692 4934; x_wconf 84' lang='lat' dir='ltr'><strong>nobi-</strong></span> 
     </span>
    </p>
   </div>
   <div class='ocr_carea' id='block_1_110' title="bbox 2032 4965 3688 5041">
    <p class='ocr_par' dir='ltr' id='par_1_110' title="bbox 2032 4965 3688 5041">
     <span class='ocr_line' id='line_1_110' title="bbox 2032 4965 3688 5041; baseline -0.001 -17"><span class='ocrx_word' id='word_1_839' title='bbox 2032 4966 2167 5025; x_wconf 91' lang='lat' dir='ltr'><strong>litas</strong></span> <span class='ocrx_word' id='word_1_840' title='bbox 2182 4972 2290 5037; x_wconf 88' lang='lat' dir='ltr'><strong>est,</strong></span> <span class='ocrx_word' id='word_1_841' title='bbox 2314 4983 2607 5041; x_wconf 85' lang='lat' dir='ltr'><strong>verusque</strong></span> <span class='ocrx_word' id='word_1_842' title='bbox 2631 4968 2826 5024; x_wconf 86' lang='lat' dir='ltr'><strong>honor</strong></span> <span class='ocrx_word' id='word_1_843' title='bbox 2848 4967 2905 5023; x_wconf 91' lang='lat' dir='ltr'><strong>in</strong></span> <span class='ocrx_word' id='word_1_844' title='bbox 2925 4966 3204 5024; x_wconf 87' lang='lat' dir='ltr'><strong>animatis</strong></span> <span class='ocrx_word' id='word_1_845' title='bbox 3232 4970 3289 5022; x_wconf 91' lang='lat' dir='ltr'><strong>et</strong></span> <span class='ocrx_word' id='word_1_846' title='bbox 3321 4965 3688 5035; x_wconf 88' lang='lat' dir='ltr'><strong>inanimatis,</strong></span> 
     </span>
    </p>
   </div>
   <div class='ocr_carea' id='block_1_111' title="bbox 2030 5054 3689 5128">
    <p class='ocr_par' dir='ltr' id='par_1_111' title="bbox 2030 5054 3689 5128">
     <span class='ocr_line' id='line_1_111' title="bbox 2030 5054 3689 5128; baseline 0.001 -16"><span class='ocrx_word' id='word_1_847' title='bbox 2030 5056 2093 5112; x_wconf 90' lang='lat' dir='ltr'><strong>in</strong></span> <span class='ocrx_word' id='word_1_848' title='bbox 2119 5057 2348 5113; x_wconf 88' lang='lat' dir='ltr'><strong>ratione</strong></span> <span class='ocrx_word' id='word_1_849' title='bbox 2374 5056 2643 5128; x_wconf 64' lang='lat' dir='ltr'><strong>praeditis</strong></span> <span class='ocrx_word' id='word_1_850' title='bbox 2669 5062 2726 5112; x_wconf 90' lang='lat' dir='ltr'><strong>et</strong></span> <span class='ocrx_word' id='word_1_851' title='bbox 2750 5056 3000 5113; x_wconf 85' lang='lat' dir='ltr'><strong>rationis</strong></span> <span class='ocrx_word' id='word_1_852' title='bbox 3040 5054 3408 5128; x_wconf 83' lang='lat' dir='ltr'><strong>expertibus,</strong></span> <span class='ocrx_word' id='word_1_853' title='bbox 3469 5070 3689 5128; x_wconf 88' lang='lat' dir='ltr'><strong>nempe</strong></span> 
     </span>
    </p>
   </div>
   <div class='ocr_carea' id='block_1_112' title="bbox 2028 5145 3690 5219">
    <p class='ocr_par' dir='ltr' id='par_1_112' title="bbox 2028 5145 3690 5219">
     <span class='ocr_line' id='line_1_112' title="bbox 2028 5145 3690 5219; baseline -0.001 -16"><span class='ocrx_word' id='word_1_854' title='bbox 2028 5145 2130 5203; x_wconf 89' lang='lat' dir='ltr'><strong>illa</strong></span> <span class='ocrx_word' id='word_1_855' title='bbox 2155 5146 2435 5203; x_wconf 88' lang='lat' dir='ltr'><strong>nobilitas</strong></span> <span class='ocrx_word' id='word_1_856' title='bbox 2466 5161 2602 5219; x_wconf 71' lang='lat' dir='ltr'><strong>quae</strong></span> <span class='ocrx_word' id='word_1_857' title='bbox 2621 5151 2837 5204; x_wconf 88' lang='lat' dir='ltr'><strong>natura</strong></span> <span class='ocrx_word' id='word_1_858' title='bbox 2865 5149 3119 5214; x_wconf 89' lang='lat' dir='ltr'><strong>constat,</strong></span> <span class='ocrx_word' id='word_1_859' title='bbox 3150 5150 3208 5202; x_wconf 88' lang='lat' dir='ltr'><strong>et</strong></span> <span class='ocrx_word' id='word_1_860' title='bbox 3257 5160 3379 5201; x_wconf 87' lang='lat' dir='ltr'><strong>una</strong></span> <span class='ocrx_word' id='word_1_861' title='bbox 3419 5160 3690 5202; x_wconf 88' lang='lat' dir='ltr'><strong>commu-</strong></span> 
     </span>
    </p>
   </div>
   <div class='ocr_carea' id='block_1_113' title="bbox 2027 5234 3688 5308">
    <p class='ocr_par' dir='ltr' id='par_1_113' title="bbox 2027 5234 3688 5308">
     <span class='ocr_line' id='line_1_113' title="bbox 2027 5234 3688 5308; baseline -0.001 -15"><span class='ocrx_word' id='word_1_862' title='bbox 2027 5235 2247 5293; x_wconf 88' lang='lat' dir='ltr'><strong>nicatio</strong></span> <span class='ocrx_word' id='word_1_863' title='bbox 2277 5241 2384 5304; x_wconf 90' lang='lat' dir='ltr'><strong>est,</strong></span> <span class='ocrx_word' id='word_1_864' title='bbox 2406 5251 2617 5308; x_wconf 87' lang='lat' dir='ltr'><strong>nempe</strong></span> <span class='ocrx_word' id='word_1_865' title='bbox 2637 5235 2737 5292; x_wconf 89' lang='lat' dir='ltr'><strong>illa</strong></span> <span class='ocrx_word' id='word_1_866' title='bbox 2765 5251 2902 5308; x_wconf 73' lang='lat' dir='ltr'><strong>quas</strong></span> <span class='ocrx_word' id='word_1_867' title='bbox 2929 5250 3003 5292; x_wconf 83' lang='lat' dir='ltr'><strong>ex</strong></span> <span class='ocrx_word' id='word_1_868' title='bbox 3080 5238 3296 5292; x_wconf 88' lang='lat' dir='ltr'><strong>natura</strong></span> <span class='ocrx_word' id='word_1_869' title='bbox 3342 5237 3431 5291; x_wconf 89' lang='lat' dir='ltr'><strong>est</strong></span> <span class='ocrx_word' id='word_1_870' title='bbox 3461 5253 3474 5294; x_wconf 89' lang='lat'><strong>:</strong></span> <span class='ocrx_word' id='word_1_871' title='bbox 3502 5234 3688 5308; x_wconf 90' lang='lat' dir='ltr'><strong>idque</strong></span> 
     </span>
    </p>
   </div>
   <div class='ocr_carea' id='block_1_114' title="bbox 2026 5323 3686 5399">
    <p class='ocr_par' dir='ltr' id='par_1_114' title="bbox 2026 5323 3686 5399">
     <span class='ocr_line' id='line_1_114' title="bbox 2026 5323 3686 5399; baseline 0.001 -18"><span class='ocrx_word' id='word_1_872' title='bbox 2026 5330 2325 5399; x_wconf 89' lang='lat' dir='ltr'><strong>quatenus</strong></span> <span class='ocrx_word' id='word_1_873' title='bbox 2349 5324 2429 5382; x_wconf 89' lang='lat' dir='ltr'><strong>ad</strong></span> <span class='ocrx_word' id='word_1_874' title='bbox 2458 5324 2767 5382; x_wconf 90' lang='lat' dir='ltr'><strong>scientiam</strong></span> <span class='ocrx_word' id='word_1_875' title='bbox 2821 5323 3162 5398; x_wconf 87' lang='lat' dir='ltr'><strong>requiritur,</strong></span> <span class='ocrx_word' id='word_1_876' title='bbox 3210 5323 3341 5382; x_wconf 70' lang='lat' dir='ltr'><strong>alite</strong></span> <span class='ocrx_word' id='word_1_877' title='bbox 3396 5339 3540 5382; x_wconf 87' lang='lat' dir='ltr'><strong>vero</strong></span> <span class='ocrx_word' id='word_1_878' title='bbox 3562 5340 3686 5382; x_wconf 91' lang='lat' dir='ltr'><strong>non</strong></span> 
     </span>
    </p>
   </div>
   <div class='ocr_carea' id='block_1_115' title="bbox 2027 5414 3688 5488">
    <p class='ocr_par' dir='ltr' id='par_1_115' title="bbox 2027 5414 3688 5488">
     <span class='ocr_line' id='line_1_115' title="bbox 2027 5414 3688 5488; baseline 0.001 -16"><span class='ocrx_word' id='word_1_879' title='bbox 2027 5420 2168 5473; x_wconf 90' lang='lat' dir='ltr'><strong>sunt</strong></span> <span class='ocrx_word' id='word_1_880' title='bbox 2193 5415 2391 5472; x_wconf 67' lang='lat' dir='ltr'><strong>bonas.</strong></span> <span class='ocrx_word' id='word_1_881' title='bbox 2424 5417 2558 5473; x_wconf 68' lang='lat' dir='ltr'><strong>Haec</strong></span> <span class='ocrx_word' id='word_1_882' title='bbox 2582 5415 2763 5487; x_wconf 90' lang='lat' dir='ltr'><strong>igitur</strong></span> <span class='ocrx_word' id='word_1_883' title='bbox 2782 5414 3047 5488; x_wconf 90' lang='lat' dir='ltr'><strong>primum</strong></span> <span class='ocrx_word' id='word_1_884' title='bbox 3079 5414 3309 5472; x_wconf 90' lang='lat' dir='ltr'><strong>anobis</strong></span> <span class='ocrx_word' id='word_1_885' title='bbox 3325 5414 3688 5486; x_wconf 85' lang='lat' dir='ltr'><strong>investigata</strong></span> 
     </span>
    </p>
   </div>
   <div class='ocr_carea' id='block_1_116' title="bbox 2027 5504 3687 5593">
    <p class='ocr_par' dir='ltr' id='par_1_116' title="bbox 2027 5504 3687 5593">
     <span class='ocr_line' id='line_1_116' title="bbox 2027 5504 3687 5593; baseline 0 -31"><span class='ocrx_word' id='word_1_886' title='bbox 2027 5504 2334 5593; x_wconf 72' lang='lat' dir='ltr'><strong>attulimus</strong></span> <span class='ocrx_word' id='word_1_887' title='bbox 2361 5520 2496 5578; x_wconf 69' lang='lat' dir='ltr'><strong>quae</strong></span> <span class='ocrx_word' id='word_1_888' title='bbox 2544 5505 2892 5561; x_wconf 85' lang='lat' dir='ltr'><strong>summatim</strong></span> <span class='ocrx_word' id='word_1_889' title='bbox 2946 5504 3009 5560; x_wconf 91' lang='lat' dir='ltr'><strong>in</strong></span> <span class='ocrx_word' id='word_1_890' title='bbox 3049 5511 3218 5561; x_wconf 85' lang='lat' dir='ltr'><strong>sexto</strong></span> <span class='ocrx_word' id='word_1_891' title='bbox 3276 5519 3556 5562; x_wconf 91' lang='lat' dir='ltr'><strong>sermone</strong></span> <span class='ocrx_word' id='word_1_892' title='bbox 3598 5520 3687 5562; x_wconf 90' lang='lat' dir='ltr'><strong>se-</strong></span> 
     </span>
    </p>
   </div>
   <div class='ocr_carea' id='block_1_117' title="bbox 2025 5593 3685 5669">
    <p class='ocr_par' dir='ltr' id='par_1_117' title="bbox 2025 5593 3685 5669">
     <span class='ocr_line' id='line_1_117' title="bbox 2025 5593 3685 5669; baseline 0.001 -18"><span class='ocrx_word' id='word_1_893' title='bbox 2025 5593 2235 5668; x_wconf 88' lang='lat' dir='ltr'><strong>quenti</strong></span> <span class='ocrx_word' id='word_1_894' title='bbox 2262 5593 2580 5667; x_wconf 84' lang='lat' dir='ltr'><strong>complexi,</strong></span> <span class='ocrx_word' id='word_1_895' title='bbox 2605 5595 3042 5669; x_wconf 79' lang='lat' dir='ltr'><strong>tractationem)</strong></span> <span class='ocrx_word' id='word_1_896' title='bbox 3054 5596 3214 5653; x_wconf 84' lang='lat' dir='ltr'><strong>hanc</strong></span> <span class='ocrx_word' id='word_1_897' title='bbox 3257 5594 3543 5654; x_wconf 89' lang='lat' dir='ltr'><strong>omnibus</strong></span> <span class='ocrx_word' id='word_1_898' title='bbox 3571 5612 3685 5653; x_wconf 86' lang='lat' dir='ltr'><strong>nu-</strong></span> 
     </span>
    </p>
   </div>
   <div class='ocr_carea' id='block_1_118' title="bbox 2027 5683 2950 5743">
    <p class='ocr_par' dir='ltr' id='par_1_118' title="bbox 2027 5683 2950 5743">
     <span class='ocr_line' id='line_1_118' title="bbox 2027 5683 2950 5743; baseline 0.001 -2"><span class='ocrx_word' id='word_1_899' title='bbox 2027 5684 2210 5743; x_wconf 88' lang='lat' dir='ltr'><strong>meris</strong></span> <span class='ocrx_word' id='word_1_900' title='bbox 2230 5683 2579 5743; x_wconf 86' lang='lat' dir='ltr'><strong>absolutam</strong></span> <span class='ocrx_word' id='word_1_901' title='bbox 2598 5683 2950 5742; x_wconf 67' lang='lat' dir='ltr'><strong>reddemus:</strong></span> 
     </span>
    </p>
   </div>
  </div>
