4130 6416
436 358 454 410 1
467 356 568 410 363

1958 351 2316 408 ADDENDA.

3723 352 3910 408 1364

657 615 1896 798 ΘΕΟΔΩΡΟΥ
2005 619 2450 794 ΤΟΥ
2555 620 3602 792 ΛΑΣΚΑΡΙ

1119 893 1250 939 ΤΟΥ
1286 892 1441 939 ΥΙΟΥ
1477 891 1795 940 ΜΕΓΑΑΟΥ
1832 891 2152 939 ΒΑΣΙΛΕΩΣ
2193 892 2407 938 ΚΥΡΟΥ
2439 891 2742 938 ῙΩΑΝΝΟΥ
2775 891 2907 938 ΤΟΥ
2945 890 3160 938 ΔΟΥΚΑ

1135 1053 1444 1165 ΤΗΣ
1529 1051 2214 1166 ΦΥΣΙΚΗΣ
2295 1049 3159 1168 ΚΟΙΝΩΝΙΑΣ

1685 1294 2078 1382 ΛΟΓΟΣ

2191 1293 2602 1380 ΕΚΤΟΣ.

1156 1662 2128 1802 THEODORI
2190 1657 3141 1798 LASGARIS

1262 1901 1420 1957 FlLlI
1461 1903 1681 1957 SUMMI
1716 1901 2190 1958 IMPERATORIS
2227 1901 2473 1959 DOMINI
2510 1897 2800 1956 JOANNIS
2840 1897 3042 1953 DUCA‘J
3082 1938 3085 1941 -

942 2071 1142 2176 DE
1245 2070 2122 2178 NATURALI
2237 2063 3364 2178 COMMUNIONE

1752 2265 2075 2355 SEBMO
2147 2263 2559 2355 SEXTUS.

548 2622 854 2691 Ἀναγκαῖαι
881 2625 972 2672 καὶ
1000 2629 1203 2693 πρῶται
1257 2622 1462 2672 πάντων
1518 2623 1675 2692 φύσις
1727 2625 1811 2672 καὶ
1853 2620 2074 2678 ἐπιστή-
2132 2624 2177 2674 Α
2238 2640 2318 2680 τις
2347 2616 2400 2672 εὖ
2430 2640 2490 2691 ’γε
2520 2622 2717 2691 φύσεως
2765 2619 2853 2685 ὠν,
2887 2618 2930 2670 εἰ
2987 2623 3057 2690 μή
3087 2638 3168 2670 τοι
3205 2622 3295 2670 καὶ
3332 2617 3631 2689 ἐπιστήμην
3665 2619 3699 2677 ἦ
3759 2623 3868 2690 μέ-

474 2730 546 2782 μη
587 2731 599 2742 ο
633 2717 695 2781 τῇ
730 2712 819 2781 μὲν
850 2711 948 2782 ’γὰρ
985 2711 1266 2779 συνάγεται
1297 2715 1442 2761 πᾶσα
1468 2716 1676 2777 κρᾶσις,
1722 2718 1782 2781 τῇ
1841 2706 1898 2761 δὲ
1928 2715 2076 2761 πᾶσα

472 2795 692 2851 παιδεία
733 2819 745 2831 ·
780 2799 864 2859 αἷς
895 2797 1009 2850 ἐστι
1039 2801 1096 2849 τὸ
1128 2801 1279 2869 φύσει
1307 2817 1362 2850 τε
1401 2797 1574 2849 καὶτὸ
1626 2800 1782 2850 θέσει.
1817 2801 1966 2870 Λέγω
2017 2795 2076 2850 δὲ

475 2891 628 2960 φύσει
656 2893 757 2940 πᾶν
810 2889 837 2939 ὅ
883 2907 934 2938 τι
987 2886 1160 2955 καλὸν,
1213 2889 1351 2939 θέσει
1409 2884 1468 2940 δὲ
1506 2891 1564 2938 τὸ
1613 2884 1873 2939 δεικτικὸν
1916 2886 2075 2938 καλοῦ

472 2981 657 3049 καὶμὴ
691 2975 850 3028 καλοῦ
876 2981 965 3028 καὶ
990 2984 1174 3031 κακοῦ.
1235 2981 1457 3048 Πότερον
1523 2972 1610 3028 οὖν
1649 2979 1707 3027 τὸ
1756 2980 1903 3048 φύσει
1954 2974 2075 3028 πολ-

471 3064 648 3136 λαχῶς
694 3072 786 3117 τοῦ
837 3067 972 3117 θέσει
1023 3062 1340 3136 ἀποδειχθὲν
1390 3071 1690 3139 τιμιώτερον
1779 3061 2075 3122 δηλοποιεῖν

473 3155 552 3207 ὅτι
581 3159 672 3206 καὶ
691 3158 750 3206 τὸ
788 3155 901 3206 κατ’
932 3153 1228 3226 ἐπιστήμην
1275 3161 1367 3205 τοῦ
1417 3157 1554 3206 κατὰ
1604 3157 1797 3226 τέχνην
1846 3157 1957 3206 ἐστὶ
1990 3173 2075 3206 τι-

472 3248 768 3315 μιώτερον;
814 3241 898 3301 Ὠς
943 3245 1043 3315 γὰρ
1086 3242 1156 3303 εἰς
1200 3245 1355 3312 φύσιν
1411 3248 1621 3315 κρᾶσις,
1671 3242 1806 3294 οὕτω
1860 3239 1928 3299 δὴ
1983 3245 2074 3292 καὶ

474 3331 544 3392 εἰς
603 3330 898 3402 ἐπιστήμην
945 3335 1128 3401 τέχνη,
1205 3335 1294 3382 καὶ
1367 3334 1435 3390 ὡς
1510 3335 1792 3404 τιμιωτέρα
1841 3332 2076 3402 κράσεως

1908 3441 1921 3453 '
1984 3416 2077 3475 διὰ

471 3515 624 3560 τοῦτο
671 3513 759 3558 καὶ
812 3511 871 3558 τὸ
924 3505 1039 3559 κατ’
1079 3506 1372 3580 ἐπιστήμην
1415 3513 1714 3580 γιγνόμενον
1771 3514 2076 3583 τιμιώτερόν

475 3422 650 3491 φύσις,
711 3419 845 3470 οὕτω
900 3423 1183 3491 τιμιωτέρα
1233 3423 1427 3490 τέχνης
1481 3421 1512 3477 ἡ
1565 3418 1830 3491 ἐπιστήμη

475 3596 591 3648 ἐστι
622 3603 711 3648 τοῦ
750 3599 885 3647 κατὰ
939 3601 1130 3668 τέχνην
1182 3601 1507 3670 γιγνομένου,
1563 3601 1631 3658 ὡς
1686 3603 1776 3650 καὶ
1828 3602 1886 3650 τὸ
1941 3600 2076 3650 κατὰ

475 3689 630 3757 φύσιν
673 3693 764 3736 τοῦ
804 3688 939 3736 κατὰ
975 3692 1185 3760 κρᾶσιν,
1219 3692 1304 3738 Δεῖ
1352 3695 1477 3758 ⁴γοῦν
1531 3684 1565 3739 δ
1572 3690 1623 3739 ιὰ
1677 3695 1841 3738 ταῦτα
1897 3687 2077 3762 ἀρετῆς

473 3781 728 3825 κοινωνεῖν
761 3795 773 3808 ι
803 3782 956 3826 τοῦτο
1007 3777 1107 3849 ’γὰρ
1162 3780 1337 3848 μίγμα
1373 3782 1462 3828 καὶ
1511 3775 1805 3848 ἐπιστήμης
1855 3782 1945 3828 καὶ
1985 3779 2074 3848 φύ-

476 3883 622 3923 σεως.
664 3868 835 3915 Δεῖται
879 3866 979 3938 γὰρ
1035 3865 1166 3924 αὕτη
1234 3874 1334 3917 τῶν
1396 3864 1694 3938 ἀμφοτέρων
1742 3887 1754 3900 ’
1798 3867 1920 3917 ὅσον
1971 3867 2074 3940 γάρ

2237 2729 2322 2782 ρος
2368 2715 2457 2760 καὶ
2513 2710 2617 2760 οἷον
2699 2706 2968 2779 ἀπήχημα
3020 2709 3210 2767 ταύτης
3289 2709 3422 2777 ἔχει,
3465 2707 3561 2758 οὐκ
3614 2708 3678 2758 ἄν
3728 2728 3864 2760 ποτε

2239 2796 2426 2871 ἀρετήν
2456 2798 2738 2872 ἐργάσεται
2778 2796 2859 2861 ἂν,
2888 2798 3062 2868 ὥσπερ
3103 2791 3227 2848 οὐδε
3265 2797 3291 2847 ὁ
3335 2800 3488 2867 μόνον
3548 2795 3852 2866 ἐπιστήμης

2238 2885 2490 2948 ἀκούσας,
2558 2887 2650 2938 οὐκ
2724 2889 2838 2956 ἔχει
2908 2882 2965 2937 δὲ
3043 2887 3200 2956 φύσιν
3261 2884 3540 2956 ἐργάσεται
3617 2883 3832 2956 ἀγαθόν.

2237 2973 2522 3028 Ἀδύνατον
2577 2971 2637 3026 δί
2688 2973 2984 3045 ἐπιστήμην
3037 2969 3231 3026 εἰδέναι
3281 2977 3400 3025 τινὰ
3453 2973 3628 3034 καλῶς
3677 2972 3850 3044 κει-γα-

2240 3067 2358 3130 θῶς,
2389 3064 2432 3116 εἰ
2479 3068 2552 3136 μὴ
2583 3068 2673 3115 καὶ
2728 3067 2881 3134 φύσιν
2934 3065 3048 3133 ἔχει
3101 3065 3234 3114 πάνυ
3273 3068 3544 3136 χρηστήν.
3609 3061 3851 3116 ’Υποϐάο

2240 3155 2339 3225 θρα
2374 3156 2464 3226 μὲν
2522 3148 2609 3204 οὖν
2662 3152 2776 3204 ἐστι
2808 3153 2959 3222 φύσις
3005 3156 3094 3202 καὶ
3149 3152 3254 3202 οἷον
3299 3151 3416 3208 ὕλη,
3457 3150 3727 3222 ἕπιστήμη
3792 3147 3860 3204 δὶ

2237 3237 2378 3302 εἶδος
2447 3242 2553 3293 οἷον
2636 3245 2726 3292 καὶ
2798 3242 3058 3311 ἓκφανσις.
3112 3237 3312 3313 Ὠσπερ
3377 3241 3478 3314 γὰρ
3529 3244 3622 3291 καὶ
3668 3239 3858 3300 λίθους

2239 3327 2556 3403 ἀδιαφόρους
2615 3338 2686 3399 τῷ
2742 3333 2989 3400 σχήματι
3063 3327 3319 3400 βλέπομεν
3367 3333 3458 3380 καὶ
3485 3325 3538 3380 εὖ
3591 3347 3650 3399 γε
3703 3329 3854 3400 μάλα

2237 3419 2438 3492 ἑτέρους
2491 3415 2768 3490 μονοειδῶς
2843 3416 3354 3490 ἐσχηματισμένους,
3419 3422 3510 3468 καὶ
3575 3414 3855 3492 διακρίνο-

2237 3527 2324 3578 μεν
2377 3510 2514 3569 ὃπως
2567 3507 2730 3560 ἐκεῖσε
2794 3510 2853 3558 τὸ
2919 3503 3059 3568 εἶδος
3137 3511 3229 3564 τήν
3295 3505 3424 3565 ὕλην
3481 3507 3545 3578 ἐμ

2235 3598 2265 3656 ἣ
2299 3600 2435 3669 φυτὰ
2483 3596 2512 3654 ἦ
2565 3597 2712 3670 ἕτερά
2743 3613 2880 3659 τινα,
2921 3596 3057 3647 οὕτω
3093 3593 3160 3653 δή
3203 3600 3293 3648 καὶ
3339 3599 3461 3657 τοὺς
3520 3593 3673 3667 βίους
3725 3591 3850 3647 δια-

2234 3691 2424 3759 κρίνειν
2509 3681 2794 3756 δυνάμεθα,
2874 3686 2967 3736 εἶθ’
3033 3684 3196 3746 οὕτως
3277 3690 3364 3736 καὶ
3422 3691 3682 3736 κοινωνεῖν
3736 3691 3856 3745 τοῖς

2237 3774 2448 3848 βιοῦσιν
2483 3795 2495 3807 ·
2538 3774 2611 3835 εἰς
2638 3776 2740 3847 γὰρ
2793 3776 2859 3825 τὰ
2902 3769 3211 3846 σφαιροειδῆ
3267 3774 3298 3831 ἦ
3353 3777 3654 3848 τετράγωνα
3679 3780 3853 3844 ’σχή-

2234 3883 2376 3937 ματα
2436 3866 2628 3935 ἔχοντα
2669 3870 2881 3935 νοοῦμεν
2957 3864 3035 3914 ὅτι
3097 3860 3306 3934 ἀγαθῶς
3361 3862 3528 3915 ἐκεῖσε
3577 3864 3639 3914 τὸ
3707 3859 3854 3924 εἶδος

519 4041 802 4097 Omnium
838 4058 1038 4097 rerum
1079 4043 1339 4099 maxime
1383 4045 1734 4100 necessariae
1777 4049 1832 4100 et
1891 4045 2098 4116 primae
2131 4045 2174 4096 Β
2208 4043 2281 4098 tis
2303 4058 2437 4098 esse
2462 4041 2783 4113 participes
2814 4058 2827 4106 ;
2859 4040 2989 4095 haec
3018 4039 3176 4095 enim
3222 4049 3314 4095 est
3339 4044 3571 4094 naturae
3593 4045 3650 4095 et
3682 4042 3861 4096 scien-

445 4135 582 4185 sunt
605 4135 819 4187 natura
855 4137 913 4186 et
941 4133 1220 4195 scientia:
1254 4133 1330 4188 ad
1363 4133 1524 4188 illam
1547 4134 1704 4189 enim
1737 4135 1934 4189 omnis
1957 4139 2100 4188 tem-

445 4219 673 4290 peratio
702 4225 1036 4284 revocatur,
1063 4221 1136 4275 ad
1161 4222 1317 4276 hanc
1341 4223 1537 4276 omnis
1558 4223 1811 4277 eruditio
1837 4239 1850 4276 :
1874 4221 2098 4291 quibus

443 4306 659 4362 deinde
690 4308 842 4362 inest
869 4307 1013 4363 illud
1044 4310 1202 4381 quod
1254 4316 1466 4366 natura
1513 4317 1603 4366 est
1655 4316 1709 4365 et
1766 4313 1996 4366 constat
2042 4313 2099 4362 et

443 4395 608 4466 quod
627 4397 939 4467 positione.
971 4399 1140 4462 Quod
1165 4405 1378 4454 natura
1404 4398 1800 4455 constatillud
1835 4396 2093 4467 appello,

443 4484 851 4556 quodcunque
864 4486 1181 4542 honestum
1195 4493 1348 4543 estet
1362 4485 1791 4551 bonum.Quod
1806 4485 2096 4556 positione

445 4579 683 4629 constat
712 4574 854 4629 illud
877 4575 1134 4648 appello,
1154 4577 1320 4649 quod
1343 4578 1659 4631 honestum
1684 4581 1741 4630 et
1769 4589 1885 4629 non
1915 4575 2097 4630 bone-

443 4667 601 4718 stum
624 4667 803 4736 atque
821 4664 1050 4719 malum
1083 4669 1413 4736 susscipere
1436 4670 1645 4735 potest.
1683 4667 1887 4719 Utrum
1917 4666 2098 4731 igitur

441 4751 605 4824 quod
629 4758 843 4808 natura
859 4759 1095 4810 constat
1117 4753 1498 4826 praestantius
1517 4768 1648 4807 esse
1667 4768 1757 4819 eo,
1802 4755 1967 4824 quod
1991 4771 2095 4826 po-

444 4839 655 4894 sitione
685 4841 887 4896 multis
921 4841 1119 4896 modis
1159 4841 1637 4896 demonstratum
1688 4845 1778 4897 est
1804 4843 2018 4908 ?Quod
2048 4844 2095 4898 si

442 4945 651 4985 verum
683 4937 769 4986 est
791 4931 1177 4987 manifestum
1211 4929 1337 4996 erit,
1381 4930 1528 4984 illud
1577 4932 1742 5003 quod
1787 4949 1858 4988 ex
1911 4934 2096 4988 scien-

443 5018 525 5073 tia
557 5034 629 5074 eo
649 5019 812 5090 quod
841 5024 930 5074 est
955 5035 1027 5074 ex
1049 5024 1196 5081 arte,
1224 5033 1356 5072 esse
1390 5021 1786 5089 praestantius.
1825 5023 1889 5076 Ut
1933 5021 2092 5076 enim

440 5109 794 5179 temperatio
825 5123 886 5162 sc
909 5106 1090 5162 habet
1117 5107 1193 5161 ad
1253 5112 1568 5163 naturam:
1602 5109 1681 5164 ita
1723 5126 1966 5182 quoque
1997 5127 2094 5166 ars

443 5211 505 5249 se
534 5195 718 5251 habet
747 5195 820 5249 ad
846 5194 1176 5252 scientiam.
1211 5197 1276 5250 Et
1305 5201 1368 5250 ut
1393 5201 1604 5252 natura
1660 5203 1748 5253 est
1798 5205 2091 5271 tempera-

442 5283 599 5338 tione
631 5283 1023 5354 praestantior,
1067 5283 1148 5338 ita
1173 5286 1350 5339 etiam
1384 5286 1632 5342 scientia
1658 5293 1747 5343 est
1774 5294 1895 5342 arte
1945 5305 2092 5360 prte-

441 5371 711 5426 stantior.
739 5370 1144 5434 Quamobrem
1172 5372 1311 5428 illud
1353 5375 1515 5447 quod
1549 5391 1619 5431 ex
1649 5377 1892 5432 scientia
1919 5377 2096 5432 efﬁci-

441 5465 537 5514 tur
556 5458 941 5530 prestantius
983 5466 1071 5516 est
1112 5477 1183 5517 eo
1226 5465 1388 5535 quod
1446 5480 1516 5519 ex
1574 5471 1698 5520 arte
1737 5465 2009 5530 efﬁcitur,
2033 5471 2096 5520 ut

439 5548 621 5601 etiam
643 5545 786 5601 illud
827 5548 988 5617 quod
1017 5555 1109 5606 est
1162 5567 1232 5606 ex
1260 5568 1476 5608 natura
1514 5555 1894 5625 praestantius
1915 5562 2093 5610 esteo

438 5634 605 5712 quod
637 5640 814 5710 este;
834 5640 1281 5718 temperatione.
1307 5643 1502 5725 Quare
1535 5645 1770 5725 oportet
1783 5657 1896 5712 nos
1915 5643 2090 5699 virtu-

2207 4133 2300 4188 tiae
2314 4132 2614 4188 admistio.
2636 4134 2852 4187 Natura
2869 4129 3028 4184 enim
3055 4135 3328 4201 utraque,
3347 4145 3564 4201 nemqe
3583 4129 3864 4185 virtuteet

2207 4221 2448 4276 scientia
2485 4226 2637 4287 eget.
2671 4222 2814 4274 Nam
2837 4235 2959 4290 quo
2995 4218 3211 4290 aliquis
3231 4222 3319 4273 est
3339 4223 3556 4272 natura
3582 4216 3870 4287 feliciora,

2205 4310 2316 4364 nisi
2339 4310 2646 4364 scientiam
2671 4313 2774 4364 aut
2789 4307 3046 4364 scientiae
3068 4312 3319 4378 partem.
3349 4307 3656 4378 autipsius
3677 4308 3871 4362 scien-

2205 4397 2300 4452 tias
2316 4397 2643 4464 imaginem
2655 4396 2989 4467 quamdam
3001 4395 3242 4462 habeat,
3257 4394 3405 4450 nihil
3419 4410 3618 4467 unqua
3630 4412 3687 4449 m
3703 4402 3849 4467 pote

2204 4488 2276 4540 rit
2298 4503 2367 4541 ex
2392 4487 2602 4541 virtute
2628 4501 2826 4555 agere,
2856 4491 2919 4541 ut
2943 4486 3122 4542 etiam
3183 4485 3287 4557 qui
3343 4485 3663 4540 scientiam
3715 4485 3873 4541 dun-

2205 4581 2369 4631 taxat
2415 4577 2698 4648 percepit,
2769 4591 2879 4631 nec
2935 4575 3116 4631 habet
3167 4580 3469 4640 naturam,
3516 4573 3663 4629 boni
3722 4575 3874 4631 nihil

2205 4669 2486 4736 praestare
2548 4669 2760 4736 potest.
2825 4665 2966 4719 Fieri
3013 4669 3211 4719 autem
3265 4664 3472 4735 nequit
3536 4668 3599 4717 ut
3649 4661 3871 4736 aliquis

2202 4754 2356 4810 bene
2385 4760 2438 4810 et
2468 4753 2846 4809 laudabiliter
2867 4753 3176 4808 scientiam
3208 4755 3422 4821 teneat,
3470 4751 3584 4806 nisi
3648 4758 3870 4808 natura

2204 4843 2452 4900 omnino
2482 4844 2642 4898 bona
2676 4843 2752 4897 sit
2774 4843 3088 4915 praeditus.
3125 4841 3542 4909 Naturaigitur
3557 4840 3868 4897 velutfun-

2203 4934 2557 4988 damentum
2588 4938 2645 4986 et
2683 4932 2968 4994 materia;
3015 4931 3263 4986 scientia
3299 4945 3443 4986 vero
3466 4935 3555 4985 est
3582 4930 3779 4987 forma
3807 4939 3864 4988 et

2201 5023 2376 5078 veluti
2409 5021 2743 5094 patefactio.
2789 5021 3030 5077 Utenim
3054 5019 3284 5092 lapides
3321 5020 3516 5090 ﬁgura
3545 5035 3669 5074 non
3695 5020 3863 5078 diﬂ‘e-

2200 5116 2396 5166 rentes
2417 5111 2719 5164 cernimus
2757 5113 2814 5164 et
2843 5110 2992 5164 alios
3031 5107 3350 5164 artiﬁciose
3389 5113 3448 5163 et
3486 5107 3862 5165 uniformiter

2129 5183 2167 5236 Ο
2201 5200 2513 5267 ﬁguratas,
2538 5203 2719 5270 atque
2739 5195 3138 5253 discernimus
3166 5212 3290 5269 quo
3319 5203 3497 5269 pacto
3522 5195 3642 5251 illic
3664 5196 3861 5254 forma

2201 5287 2513 5342 materiam
2590 5286 2952 5354 informavit,
3025 5292 3152 5341 tum
3196 5285 3456 5358 plantas,
3496 5290 3619 5340 tum
3679 5286 3856 5343 etiam

2200 5376 2483 5448 quaelibet
2519 5375 2656 5432 alia.
2688 5377 2770 5432 ita
2795 5391 3040 5448 quoque
3078 5374 3314 5432 vivendi
3370 5389 3591 5443 genera
3634 5374 3854 5432 discer-

2201 5481 2341 5521 nere
2364 5481 2722 5537 possumus:
2752 5463 2969 5520 deinde
3001 5481 3139 5520 cum
3197 5464 3313 5520 hoc
3369 5472 3473 5518 aut
3531 5463 3634 5518 illo
3673 5465 3856 5521 modo

2201 5555 2540 5610 viventibus
2576 5553 3068 5609 communionem
3089 5553 3333 5609 habere.
3359 5555 3506 5609 Cum
3528 5553 3691 5608 enim
3733 5555 3855 5610 ani-

2198 5643 2634 5718 madvertimus
2665 5642 2925 5708 formam
2942 5643 3105 5705 illam
3127 5643 3203 5698 de
3224 5641 3490 5708 bonitate
3513 5640 3854 5726 pradican-
