4130 6466
411 343 553 404 1367

1870 323 1872 326 ’
1944 317 2368 393 ΑῠῡΕΝυΑ.Δ

3701 343 3849 400 1368

433 470 546 524 ἔστι
585 473 677 523 τοῦ
715 467 822 524 ΑΒ
852 467 948 521 ΓΔ
989 468 1332 542 τετραγώνου,
1383 462 1446 517 οὗ
1494 459 1770 540 διάμετροι
1828 463 1883 516 αἱ
1926 468 1972 516 Ν
1997 469 2045 514 Ω
2097 463 2145 516 Α
2208 457 2336 510 ἀλλά
2363 461 2455 513 καὶ
2485 457 2586 513 διπά
2624 467 2722 525 τῆς
2759 467 2800 516 Γ
2828 461 2912 517 ἕπὶ
2946 466 3040 524 τὴν
3072 470 3194 519 Καῖ
3233 468 3478 538 τέμνουσι
3527 468 3665 521 κατὰ
3686 473 3745 522 τό
3777 476 3818 523 Δ

431 567 486 615 Μ
515 565 556 620 θ
611 563 724 613 ἔστι
781 554 840 612 δὲ
890 553 1233 629 διαστήματα
1294 553 1388 608 ἶσα
1441 562 1502 627 τῇ
1568 561 1620 608 Μ
1652 561 1719 617 Χ,
1753 559 1802 606 Χ
1832 560 1900 622 Θ,
1933 560 2041 606 ΘΡ

433 653 730 721 αναγκαίως
781 651 871 701 καὶ
916 648 975 699 τὸ
1017 653 1062 699 Θ
1113 649 1318 718 κέντρον
1377 641 1491 696 ἐστὶ
1555 650 1647 696 τοῦ
1672 649 1720 697 Ν
1748 649 1795 696 Ω
1822 649 1870 697 Ψ
1899 645 2041 695 Σκαὶ

431 737 541 791 ἐπεὶ
567 739 636 798 ὡς
691 740 823 810 πρὸς
869 738 928 788 τὸ
949 743 998 790 Χ
1018 737 1077 787 τὸ
1111 740 1149 787 Α
1178 739 1215 785 Β
1240 739 1278 785 Γ
1307 737 1343 785 Δ
1372 731 1535 802 εστὶν,
1590 731 1717 785 ἀλλὰ
1765 737 1856 786 καὶ
1911 734 1970 786 τὸ
1995 739 2042 785 Ν

433 835 645 894 Ω,ΩΘ
699 831 790 880 καὶ
848 829 975 902 πρὸς
1019 827 1085 876 τό
1135 831 1182 877 Θ
1239 825 1298 876 τό
1347 823 1614 892 ΝΩΨΣ,
1663 821 1792 876 ἀλλὰ
1844 825 2044 876 τὸΑΓ

429 923 479 972 Χ
509 923 568 983 Ρ,
600 921 691 969 καὶ
719 918 775 968 τό
803 917 850 970 ’Ν
881 919 913 966 Σ
939 919 986 968 Ψ
1005 918 1071 982 Ω,
1099 914 1203 988 ἄρα
1232 913 1548 984 τετράγωνον
1589 914 1649 964 τό
1705 914 1760 964 ἑκ
1811 919 1901 974 τῆς
1925 918 1970 964 Ν
1998 918 2046 963 Ω

437 1002 724 1080 διαμέτρου
781 1005 1110 1069 συνεπακὸς,
1146 1001 1260 1054 ἶσόν
1313 1001 1429 1053 ἐστι
1478 1008 1552 1071 τῷ
1608 1001 1714 1054 ΑΒ
1744 1005 1836 1053 ΓΔ
1866 1019 2046 1073 τετραο

429 1101 578 1169 γώνῳ
605 1116 617 1129 ·
644 1094 711 1146 ὧν
749 1095 850 1167 γὰρ
885 1090 977 1146 ἶσα
1004 1093 1071 1145 τὰ
1115 1094 1266 1166 μέρη,
1325 1093 1413 1142 καὶ
1454 1086 1546 1142 ἶσα
1599 1091 1767 1142 ταῦτά
1809 1088 1938 1144 ἐστι.
1973 1093 2044 1143 Τό

435 1186 540 1260 ἄρα
589 1191 688 1247 τῆς
744 1182 802 1236 ἐκ
853 1189 950 1244 τῆς
996 1189 1246 1255 γραμμῆς
1274 1177 1640 1252 ἀρχομένηςΝ
1673 1186 1722 1233 Ω
1757 1175 2042 1254 διαμέτρου

432 1275 774 1348 τετράγωνον,
826 1273 947 1333 ἴσας
983 1272 1108 1341 ἔχον
1148 1268 1392 1343 πλευρὰς,
1432 1266 1544 1321 ἶσόν
1571 1267 1683 1322 ἐστι
1710 1275 1780 1340 τῷ
1806 1275 1845 1322 Α
1877 1275 1913 1321 Β
1941 1274 1980 1321 Γ
2009 1274 2044 1322 Δ

433 1366 740 1436 τετραγώνῳ
763 1360 919 1435 οὗπέρ
960 1357 1074 1412 ἐστι
1135 1353 1418 1431 διάμετρος
1441 1358 1469 1416 ἡ
1506 1364 1639 1415 ΝΩ.
1675 1361 1775 1411 Καὶ
1823 1354 2042 1430 ἐδείχθη

431 1451 729 1526 παρ’ἠμῶν
758 1457 912 1502 τοῦτο
950 1449 1121 1510 καθὼς
1152 1444 1280 1504 ἔδει.
1343 1448 1700 1520 Δειχθήσεται
1748 1443 1808 1501 δε
1849 1452 1940 1501 καὶ
1989 1451 2046 1502 τό

432 1537 735 1600 διπλάσιον.
766 1543 918 1592 Ἔστι
957 1533 1016 1590 δε
1057 1535 1217 1594 οὕτως
1241 1556 1255 1570 ο

503 1627 573 1702 β’.
622 1628 684 1682 Ἥ
767 1633 860 1681 τοῦ
929 1631 1256 1702 τετραγώνου
1345 1621 1629 1700 διάμετρος
1680 1630 1855 1700 τρισὶν
1906 1628 2050 1692 ἴσαις

429 1720 589 1792 ταύτῃ
667 1717 1032 1789 συζευχθεῖσα
1090 1713 1312 1778 εὐθείαις
1389 1711 1670 1770 διπλάσιον
1719 1721 1932 1775 ποιήσει
1975 1735 2053 1769 τε·

2036 1796 2054 1830 ι

2205 551 2412 622 κέντρον
2441 547 2681 613 ἀλλήλας.
2703 551 2763 605 Εἰ
2795 554 2900 626 ἄρα
2921 559 2960 606 Γ
2990 561 3026 606 Β
3050 562 3112 628 τῇ
3146 561 3183 608 Β
3215 563 3254 609 Κ
3277 559 3368 615 ἴση
3399 555 3492 616 ἒση
3526 557 3691 626 ἐστὶν,
3717 559 3819 612 ὑπ-

2206 641 2366 713 άρχει
2399 634 2458 692 δὲ
2498 639 2656 712 βάσις
2693 649 2783 694 τοῦ
2810 649 2848 696 Β
2877 649 2916 696 Γ
2941 649 2976 696 Δ
3032 651 3309 718 τριγώνου,
3358 650 3448 700 καὶ
3504 648 3534 705 ἠ
3569 653 3604 700 Β
3637 654 3678 701 Κ
3709 646 3815 722 βά-

2209 747 2291 792 σις
2323 727 2439 781 ἐστὶ
2468 736 2559 782 τοῦ
2589 735 2623 782 Δ
2657 737 2698 784 K
2731 737 2769 783 B
2805 738 3082 807 τριγώνου,
3115 739 3205 787 καὶ
3255 737 3286 795 ἡ
3347 736 3450 809 ἄρα
3476 742 3568 789 ΓΔ
3593 735 3812 812 πλευρα,

2206 819 2298 876 ἴση
2328 816 2438 871 ἐστὶ
2467 827 2529 892 τῇ
2563 824 2602 871 Β
2631 824 2667 872 Δ
2698 825 2788 873 καὶ
2815 827 2858 875 K
2889 830 2925 876 Δ
2950 825 3044 882 ἴση
3103 822 3217 877 ἐστὶ
3258 833 3320 896 τῇ
3348 831 3381 878 Δ
3403 831 3439 878 Β
3463 824 3677 902 πλευρᾷ,
3722 831 3815 880 καὶ

2207 909 2237 966 ἠ
2267 913 2304 960 Β
2326 913 2361 961 Δ
2386 909 2478 966 ἴση
2511 905 2624 962 ἐστὶ
2653 916 2715 982 τῇ
2759 915 2798 963 Γ
2827 917 2880 964 Δ.
2915 910 3012 964 Ὠν
3067 909 3126 967 δὶ
3165 915 3219 966 αἱ
3265 913 3482 990 πλευραὶ
3540 913 3674 982 ἶσαι,
3721 920 3816 969 καὶ

2205 998 2261 1049 αἱ
2289 996 2478 1070 βάσεις
2508 995 2641 1066 ἶσαι,
2679 996 2794 1052 ἶσαι
2840 1007 2930 1055 καὶ
2975 1004 3029 1055 αἱ
3085 1008 3304 1076 γωνίαι·
3334 1005 3401 1056 ὧν
3457 1006 3559 1080 γάρ
3610 1002 3702 1059 ἶσα
3746 1007 3819 1059 τὰ

2206 1089 2359 1161 μέρη,
2417 1093 2508 1142 καὶ
2559 1095 2728 1142 ταῦτα
2763 1090 2856 1144 ἴσα
2886 1093 3020 1150 ἔστι,
3077 1099 3161 1165 Τῷ
3213 1095 3376 1168 ἅραΓ
3406 1101 3443 1147 Β
3488 1101 3525 1148 Δ
3577 1099 3816 1171 τριγώνῳ

2208 1173 2321 1230 ἶσόν
2353 1175 2541 1230 ἔστιτὸ
2569 1183 2606 1229 Β
2639 1185 2680 1232 Κ
2711 1185 2745 1232 Δ
2800 1185 3067 1254 τρίγωνον.
3119 1181 3280 1239 Ἐπεὶ,
3296 1189 3420 1254 γοῦν
3469 1187 3527 1236 τό
3558 1190 3596 1236 Β
3621 1189 3656 1237 Δ
3700 1180 3816 1238 ἶσόν

2209 1264 2321 1319 ἐστι
2349 1274 2421 1338 τῷ
2449 1271 2486 1318 Γ
2517 1272 2554 1319 Β
2579 1273 2613 1320 Δ
2642 1275 2893 1340 τριγώνῳ,
2945 1272 3057 1323 ἔστι
3106 1267 3166 1324 δὲ
3219 1274 3385 1344 ἣμισυ
3446 1278 3538 1324 τοῦ
3569 1276 3609 1324 Δ
3653 1279 3689 1324 Β
3709 1278 3749 1326 Γ
3779 1277 3818 1325 Δ

2209 1361 2533 1430 τετραγώνου
2580 1364 2753 1424 τοῦτο,
2799 1363 2887 1411 καὶ
2925 1363 2982 1412 1'6
3015 1364 3108 1412 AB
3137 1366 3175 1413 Γ
3201 1362 3239 1411 ὡ
3271 1366 3516 1435 τρίγωνον
3553 1368 3644 1414 τοῦ
3694 1367 3732 1413 Β
3772 1367 3821 1413 Γ·

2213 1442 2678 1516 Λκτετραγώνου
2736 1446 2849 1498 ἶσόν
2907 1445 3022 1500 ἐστι
3076 1456 3148 1519 τῷ
3208 1455 3248 1502 Α
3278 1454 3372 1501 ΓΒ
3399 1454 3652 1524 τριγώνῳ.
3706 1451 3815 1500 Καὶ

2211 1532 2318 1586 ἐπεὶ
2391 1540 2482 1586 τοῦ
2513 1550 2518 1553 ·
2548 1537 2638 1606 μὲν
2685 1540 2722 1586 Β
2753 1541 2797 1588 Κ
2828 1541 2870 1588 Λ
2901 1541 2940 1588 Γ
2978 1541 3300 1612 τετραγώνου
3369 1540 3421 1589 τί
3479 1539 3523 1590 Κ
3549 1543 3584 1590 Δ
3613 1543 3651 1590 Β
3705 1539 3821 1610 τρί-

2210 1641 2372 1695 γωνον
2453 1625 2696 1695 τέταρτόν
2771 1621 2908 1677 ἔστιν
2942 1645 2956 1660 σ
2986 1625 3220 1698 ὑπάρχει
3259 1622 3318 1679 δὲ
3378 1621 3491 1677 ἴσον
3567 1631 3696 1697 τῷΒ
3723 1630 3762 1678 Γ
3785 1630 3828 1678 Δ

2151 1743 2154 1750 -
2213 1715 2514 1785 τετραγώνῳ
2565 1716 2656 1766 καὶ
2711 1716 2767 1766 τὸ
2808 1719 2842 1766 Δ
2875 1720 2911 1766 Β
2938 1719 2996 1770 Γ.
3061 1713 3199 1790 ’Ἄρα
3234 1715 3482 1788 τετάρτου
3514 1721 3604 1768 τοῦ
3632 1721 3670 1767 Β
3708 1719 3753 1767 Κ
3777 1718 3825 1766 Λ

429 1812 712 1886 τράγωνον,
799 1808 859 1861 οὗ
915 1805 1028 1860 ἔστι
1083 1802 1392 1880 διάμετμος.
1456 1811 1539 1860 Δεί
1612 1802 1680 1864 δὴ
1740 1802 1911 1871 δεῖξαι
1977 1802 2054 1860 ὅτι
2113 1814 2158 1871 Β
2216 1807 2254 1856 Γ
2292 1807 2615 1874 τετραγώνου
2668 1805 2782 1857 ἶσόν
2829 1803 2946 1858 ἐστι
2983 1810 3257 1877 τῷΒΒΛ
3290 1811 3579 1880 Γτριγώνῳ
3630 1813 3704 1877 τῷ
3732 1811 3838 1858 τοῦ

432 1900 565 1960 αὐτὴ
619 1901 650 1960 ἡ
720 1894 1004 1973 διάμετρος
1075 1900 1247 1974 τρισὶν
1321 1898 1461 1958 ἴσαις
1527 1898 1692 1970 ταύτῃ
1753 1898 2058 1950 συντεθεῖσα

434 1989 700 2065 πλευραῖς,
736 1983 1017 2040 διπλάσιον
1069 1989 1282 2044 ποιήσει
1325 1985 1646 2057 τετράγωνον
1678 1991 1770 2037 τοῦ
1829 1985 1890 2039 οὖ
1937 1983 2057 2039 ἐστι

439 2076 737 2153 διάμετρος.
821 2076 1099 2151 Γεγράφθω
1180 2077 1237 2128 τό
1288 2079 1329 2128 Α
1357 2080 1394 2127 Β
1423 2080 1462 2128 Γ
1491 2080 1526 2128 Δ
1571 2076 1909 2150 τετράγωνον,
1972 2081 2062 2130 καὶ

444 2168 671 2241 ἀχθὴτω
725 2161 1008 2239 διάμετρος
1044 2165 1141 2226 ἠΒ
1172 2167 1318 2216 Γκαὶ
1368 2167 1584 2222 ποιήσει
1639 2165 1794 2237 ὅμοιοι
1836 2166 1902 2218 τὰ
1930 2171 1968 2218 Β
1995 2171 2058 2223 Δ,

441 2263 482 2312 Γ
511 2261 574 2323 A,
608 2262 646 2310 Β
675 2261 733 2311 Γ.
790 2253 982 2326 Ἤχθω
1028 2241 1130 2306 ἀττίό
1209 2261 1304 2315 τῆς
1353 2258 1450 2305 ΒΓ
1494 2249 1779 2328 διαμέτρου
1837 2257 2059 2328 γραμμὴ

445 2345 639 2405 εὐθεῖα,
667 2343 1323 2424 ἕτὶ.τήνκ1ίτῖσῃρτοιύτῃ,
1376 2343 1625 2404 ὡσαύτως
1670 2347 1760 2400 καὶ
1800 2341 1918 2400 ,ἀπὸ
1972 2351 2069 2406 τῆς

446 2435 532 2494 ἰπὶ
573 2438 683 2495 an)»
722 2421 779 2495 [Α
806 2471 812 2482 ι
839 2436 932 2500 ἴση
954 2421 1156 2505 ταύτῃ,
1181 2430 1326 2492 ,ἄλλὰ
1372 2427 1462 2491 ,δὴ
1489 2436 1580 2488 καὶ
1631 2431 1736 2488 ἀπὸ
1785 2439 1882 2496 τῆς
1910 2437 1956 2490 Α
1985 2430 2068 2487 ἐπὶ

445 2529 612 2585 τὴννΓ
637 2525 775 2581 κατὰ
798 2520 1095 2583 τὸν,;αρτόν
1147 2519 1320 2594 λόγον,
1375 2519 1604 2579 καὶλέιπό
1645 2531 1749 2598 ,τῆς
1782 2527 1822 2576 Γ
1856 2521 1947 2575 ’ἐπὶ
1971 2526 2068 2582 τὴν

451 2621 508 2682 Β,
542 2614 821 2688 τετμήσθω,
848 2607 909 2671 δὲ
933 2613 1068 2672 κατὰ
1105 2607 1390 2688 διαμέτρου
1413 2665 1416 2668 ,
1438 2614 1516 2668 1'6'
1547 2609 1601 2664 ἐκ
1643 2613 1844 2669 τούτων
1887 2612 2069 2686 τετρά-

451 2722 614 2782 γωνον
646 2703 842 2778 ,ἤχθω
861 2707 990 2775 γοῦν
1008 2699 1120 2759 ,ἀπὸ
1179 2707 1277 2765 τῆς
1332 2707 1370 2754 Β
1411 2698 1496 2757 ἐπὶ
1538 2705 1634 2761 τὴν
1679 2706 1722 2758 Α
1764 2697 2068 2779 διάμετρος,

431 2987 1346 3063 est-intervallo-quodestinter
1369 2987 1486 3058 PT,
1544 2987 1654 3045 erit
1712 3002 1959 3063 quoque
2004 2991 2094 3046 TR

433 3078 666 3153 aequale
690 3077 946 3152 ipsi'PM.
964 3077 1144 3151 Atqui
1155 3092 1304 3152 quae
1316 3077 1512 3135 eidem
1524 3081 1664 3134 sunt
1675 3077 1951 3151 aequalia,
1995 3078 2096 3136 illa

435 3172 588 3229 sunt:
602 3168 756 3224 inter
787 3165 1160 3241 sefmqualia.
1178 3182 1186 3202 τ’
1205 3165 1402 3228 Quare
1461 3165 1774 3225 intervalla
1833 3169 1943 3240 MP,
1992 3169 2095 3236 PT,

435 3261 544 3326 TR,
573 3255 827 3332 aequalia
857 3257 1010 3314 inter
1031 3271 1094 3313 se
1116 3260 1309 3313 erunt.
1341 3258 1409 3313 Et
1435 3257 1728 3330 quoniam
1758 3259 1798 3314 P
1829 3261 1917 3314 est
1963 3273 2097 3315 cenv

437 3311 1169 3421 maintained;
1217 3311 1405 3418 £31.qu
1441 3311 1727 3404 Ξὲὲῷᾇῆ
1759 3311 1918 3404 ὲ,ιὶἁὶ
1972 3311 2097 3415 i6,
2133 3311 2173 3367 ο
2211 3311 2418 3404 ᾗᾶιῖέ

441 3438 560 3506 MT,
594 3432 1305 3493 sunt-autem-intervalla
1339 3438 1452 3504 MP,
1512 3437 1618 3503 PT,
1671 3439 1780 3503 ΤΒ,
1843 3438 2101 3510 aequalia

442 3528 594 3588 inter
623 3540 704 3592 se,
732 3524 1073 3581 necessario
1111 3526 1436 3581 Tcentrum
1448 3525 1866 3598 eritquadradi
1889 3529 2096 3594 NOSQ.

444 3620 512 3675 Et
541 3615 833 3690 quoniam
881 3620 946 3672 ut
1005 3630 1067 3672 se
1124 3614 1308 3672 habet
1361 3617 1548 3673 ABCD
1601 3616 1969 3689 quadratum
2024 3617 2102 3674 ad

447 3721 626 3764 suum
665 3709 937 3761 centrum
966 3707 1006 3760 P
1038 3723 1052 3761 :
1085 3708 1143 3762 et
1161 3708 1450 3778 praeterea
1500 3707 1615 3772 NO,
1667 3707 1759 3763 MT
1823 3706 1902 3763 ad
1941 3707 2103 3765 idem

449 3799 720 3853 centrum
753 3812 766 3850 :
798 3793 882 3850 ita
905 3809 1150 3867 quoque
1181 3795 1362 3860 NOSQ
1396 3809 1460 3850 se
1489 3793 1672 3851 habet
1717 3795 1796 3852 ad
1843 3798 1904 3868 T,
1959 3813 2104 3854 cen-

448 3890 609 3944 trum
637 3902 650 3943 :
675 3889 732 3942 et
756 3887 1044 3957 praeterea
1065 3886 1175 3950 AC,
1211 3886 1296 3940 PR
1327 3901 1340 3939 :
1379 3884 1748 3956 quadratum
1791 3901 1933 3958 ergo
1986 3889 2102 3954 NQ,

444 3977 559 4043 ,SO,
584 3973 754 4048 quod
782 3989 854 4030 ex
885 3973 1179 4031 diametro
1210 3974 1303 4031 ΝΟ
1333 3974 1723 4032 constitutum
1751 3981 1842 4032 est
1875 3977 2106 4050 aequale

447 4064 748 4140 quadrato
775 4064 976 4122 ABCD.
1007 4065 1276 4130 Quorum
1300 4066 1463 4120 enim
1499 4069 1698 4136 partes
1731 4071 1874 4123 eunt
1900 4083 2106 4140 aequa-

447 4155 553 4222 les,
585 4159 642 4212 et
669 4169 740 4211 ea
761 4153 914 4210 inter
939 4168 1001 4208 se
1029 4152 1306 4226 aequalia.
1339 4153 1709 4219 Quadratum
1761 4157 1904 4225 ergo
1943 4145 2122 4228 quod.

447 4260 522 4300 ex
550 4242 846 4300 diametro
877 4243 993 4309 ΝΟ,
1017 4245 1312 4314 tanquam
1341 4241 1502 4298 linea
1542 4242 1767 4314 initiati,
1803 4243 2112 4299 constitui-

446 4337 563 4402 tur,
589 4331 777 4389 latera
806 4329 1068 4403 aequalia
1094 4329 1349 4397 habens,
1395 4335 1484 4387 est
1529 4331 1762 4404 aequale
1810 4333 2110 4404 quadrato

447 4423 653 4488 ABCD,
687 4421 861 4492 cujus
890 4419 1183 4477 diameter
1220 4423 1310 4477 est
1344 4422 1460 4477 ΝΟ.
1491 4424 1683 4494 Atque
1711 4421 1828 4477 hoc
1868 4437 1906 4478 a
1932 4421 2110 4478 nobis

447 4510 928 4567 demonstratum
957 4511 1048 4564 est
1071 4512 1138 4563 ut
1161 4511 1254 4564 est
1272 4511 1338 4564 ut
1366 4509 1644 4580 oportuit.
1674 4511 2111 4567 Demonstrabi-

447 4603 544 4657 tur
577 4599 757 4658 etiam
769 4613 842 4654 ex
859 4596 1048 4654 altera
1059 4595 1353 4654 diametro
1366 4595 1620 4669 duplum
1634 4597 1913 4670 quadrati
1959 4599 2111 4657 effici

445 4689 609 4747 hunc
639 4688 702 4744 in
738 4685 1016 4744 modum.

481 4776 1217 4847 '~2'.-Quadratiediameter
1245 4774 1429 4833 tribus
1487 4775 1601 4832 sibi
1641 4778 1978 4850 aequalibus
2024 4795 2109 4837 re-

444 4871 552 4929 ctis
574 4869 882 4943 copulata,
901 4864 1127 4924 efﬁciet
1151 4865 1460 4938 quadrati,
1484 4866 1658 4937 cujus
1689 4872 1782 4924 est
1812 4869 2110 4928 diameter

445 4957 726 5032 duplum;
750 4956 1222 5029 Oportet-autem
1247 4952 1658 5010 demonstrare
1713 4957 1871 5014 hanc
1911 4959 2108 5031 ipsam

444 5048 809 5104 diametrum
840 5041 1216 5100 hacratione
1240 5057 1380 5098 cum
1411 5043 1748 5116 mqualibus
1779 5046 1894 5102 sibi
1918 5048 2109 5104 lateri-

442 5136 610 5194 ribus
636 5135 1039 5206 conjunctam,
1065 5129 1413 5188 etrecturam
1433 5131 1689 5204 duplum
1715 5135 1996 5207 quadrati
2034 5138 2108 5194 il-

442 5225 558 5282 lius
578 5224 752 5296 cujus
781 5226 872 5278 est
896 5221 1208 5278 diameter.
1246 5220 1629 5278 Describatur
1655 5229 1695 5276 Α
1722 5224 1815 5280 BC
1867 5228 1908 5281 υ
1951 5242 2105 5299 qua-

442 5313 708 5371 dratum.
739 5314 1000 5368 Ducatur
1029 5308 1320 5366 diameter
1350 5311 1388 5366 Β
1419 5312 1460 5367 C
1529 5314 1586 5366 et
1625 5310 1841 5370 efficiat
1888 5315 2106 5373 similia

447 5403 646 5459 BDCA.
717 5403 1000 5457 Ducatur
1054 5396 1135 5455 ab
1215 5397 1432 5454 eadem
1483 5399 1569 5455 BC
1610 5399 1905 5458 diametro
1944 5403 2104 5461 linea

442 5495 606 5549 recta
634 5491 696 5547 in
727 5492 772 5546 K
797 5505 936 5562 quas
963 5489 1037 5545 sit
1077 5487 1192 5560 ipsi
1247 5487 1542 5544 diametro
1559 5489 1836 5562 aequalis.
1879 5493 2102 5550 Eodem

443 5579 783 5638 modoKin
841 5581 881 5635 Ι,
934 5591 1072 5660 qua:
1141 5575 1217 5656 sit
1263 5575 1348 5660 illi
1395 5577 1667 5660 aequalis.
1717 5585 2007 5656 praeterea
2046 5583 2100 5660 Β

441 5671 506 5730 in
531 5671 574 5727 ο
595 5663 810 5730 eadem
839 5656 1097 5738 ratiOne,
1113 5661 1172 5725 et
1201 5679 1240 5724 a
1271 5667 1312 5724 C
1332 5658 1396 5723 in
1417 5667 1462 5722 Β
1485 5681 1498 5723 z
1527 5657 1760 5727 secetur
1789 5685 1933 5729 vero
1972 5656 2102 5731 dia-

2216 1894 2259 1950 Α
2288 1898 2326 1946 Β
2355 1898 2394 1945 Γ
2419 1899 2454 1946 Δ
2483 1893 2684 1966 ἡμίσει.
2729 1893 2869 1948 Ἐπεὶ
2897 1901 3022 1967 γοῦν
3051 1897 3117 1948 τὰ
3151 1902 3242 1948 τοῦ
3291 1901 3328 1948 Β
3359 1902 3401 1949 Κ
3424 1901 3469 1950 Λ
3492 1901 3530 1948 Γ
3556 1891 3653 1948 δύο
3678 1899 3842 1949 τέτα-

2219 2001 2319 2057 ρτα
2348 1981 2442 2034 ἷσά
2481 1982 2582 2036 εἰσι
2630 1991 2741 2047 τοῖς
2788 1979 2945 2037 δυσὶν
3011 1986 3232 2057 ἡμίσεσι
3263 1992 3354 2038 τοῦ
3382 1989 3421 2036 Α
3445 1991 3483 2037 Β
3512 1990 3549 2037 Γ
3579 1990 3614 2038 Δ
3635 1984 3695 2037 οὗ
3719 1983 3846 2038 ἐστι

2225 2068 2554 2148 διάμετροςή
2590 2078 2628 2125 Γ
2657 2079 2714 2137 Β,
2753 2077 2844 2127 καὶ
2873 2078 2986 2127 τόΒ
3018 2081 3061 2128 Κ
3092 2079 3138 2129 Λ
3169 2081 3207 2127 Γ
3239 2070 3521 2128 διπλάσιόν
3575 2073 3688 2128 ἐστι
3730 2082 3836 2128 τοῦ

2227 2167 2267 2216 Α
2296 2168 2332 2213 Β
2362 2167 2398 2214 Γ
2428 2167 2464 2214 Δ
2493 2181 2506 2195 ·
2541 2160 2690 2236 ὁγὰρ
2723 2162 2784 2214 οὗ
2821 2158 2934 2216 ἴσον
2970 2163 3160 2236 ἣμισυ,
3201 2167 3260 2217 τό
3292 2163 3404 2217 ὅλον
3437 2163 3597 2218 αὐτοῦ
3638 2160 3848 2218 διπλάο

2229 2271 2341 2306 σιον
2394 2272 2407 2286 ι
2459 2253 2488 2310 ἠ
2545 2253 2648 2326 ἄρα
2697 2259 2788 2305 τοῦ
2845 2259 3168 2327 τετραγώνου
3217 2262 3317 2307 τῶν
3387 2262 3587 2327 γωνιῶν
3646 2250 3851 2328 διάμε-

2226 2359 2346 2415 τρος
2401 2345 2724 2416 τετραγώνου
2793 2343 2998 2394 τεθεῖσα
3069 2340 3267 2418 πλευρὰ
3351 2338 3632 2397 διπλάσιον
3707 2344 3850 2398 αὐτό

2230 2437 2388 2496 ποιεῖ,
2437 2437 2528 2483 τοῦ
2581 2430 2736 2504 οὗπέρ
2788 2429 2904 2484 ἐστι
2974 2427 3278 2506 διάμετρος,
3329 2430 3450 2508 ὅπερ
3505 2429 3611 2487 ἔδει
3657 2430 3847 2498 δεῖξαι

2300 2518 2366 2592 γ’.
2419 2521 2542 2594 Οὐχ
2616 2520 2779 2583 οὕτως
2837 2516 2896 2573 δὲ
2967 2525 3057 2573 καὶ
3110 2530 3207 2583 τῆς
3258 2526 3499 2597 σφαίρας,
3573 2521 3684 2575 ἀλλ’
3751 2522 3854 2577 οἰ).-

2229 2608 2348 2682 λως,
2391 2613 2480 2663 καὶ
2511 2606 2605 2663 διὰ
2640 2616 2793 2664 τοῦτο
2845 2598 2947 2684 ἆρα
2997 2607 3413 2687 μονοειδόστερον
3479 2615 3537 2664 1'6
3594 2611 3857 2676 κυκλικός

2237 2708 2429 2775 σχῆμα
2480 2707 2568 2755 τοῦ
2615 2703 2938 2774 τετραγώνου
2995 2719 3049 2755 τε
3086 2705 3176 2754 καὶ
3233 2699 3484 2778 ἰσότερον.
3542 2701 3682 2757 Ἐκεῖ
3734 2705 3851 2781 γὰρ

2205 2987 2412 3046 metris
2448 2986 2816 3062 quadratum
2839 2987 3018 3045 exhis
3034 2987 3449 3046 constitutum.
3465 2991 3728 3047 Ducatur
3745 2989 3881 3062 igi-

2207 3081 2304 3135 tur
2332 3093 2369 3135 a
2409 3080 2448 3134 Β
2481 3077 2542 3134 in
2573 3080 2613 3134 L
2637 3076 2928 3135 diameter
2955 3095 2968 3135 :
2998 3081 3347 3152 praetereaA
3392 3080 3433 3136 C
3469 3078 3532 3136 in
3586 3080 3794 3154 Kquaa
3823 3081 3888 3138 in

2209 3171 2412 3225 centro
2445 3170 2487 3225 Β
2537 3183 2666 3225 sese
2745 3171 2956 3225 mutuo
3001 3172 3218 3225 secent.
3274 3169 3331 3226 Si
3371 3169 3552 3240 igitur
3605 3171 3645 3226 C
3699 3173 3739 3226 Β
3783 3175 3890 3228 est

2209 3256 2459 3330 aequalis
2488 3256 2659 3313 lineae
2686 3259 2724 3313 Β
2754 3257 2828 3325 Κ,
2854 3261 2943 3314 est
2969 3261 3173 3314 autem
3200 3258 3333 3330 ipsa
3370 3257 3532 3316 basis
3585 3260 3884 3333 trianguli

2474 3350 2562 3403 est
2675 3361 2920 3420 quoque
2994 3349 3035 3402 Β
3082 3344 3311 3403 Kbasis
3369 3347 3650 3419 trianguli
3704 3351 3877 3407 DKB.

2211 3437 2366 3508 Ergo
2388 3435 2546 3493 latus
2579 3435 2670 3492 CD
2689 3439 2778 3492 est
2815 3435 3048 3509 aequale
3095 3435 3263 3492 lateri
3321 3439 3408 3494 BD
3457 3443 3516 3496 et
3562 3437 3723 3494 latus
3781 3440 3890 3496 ΚΒ

2211 3529 2300 3582 est
2321 3525 2554 3598 aequale
2577 3524 2746 3582 lateri
2779 3528 2970 3596 BD,et
3011 3525 3168 3582 latus
3217 3529 3304 3582 BD
3363 3531 3452 3583 est
3497 3526 3734 3600 aequale
3805 3529 3892 3586 la-

2213 3615 2432 3674 teriCD
2450 3616 2718 3681 Quorum
2757 3630 2902 3671 vero
2939 3614 3128 3672 latera
3187 3621 3325 3672 sunt
3373 3615 3632 3689 mqualia
3670 3620 3729 3672 et
3770 3616 3888 3676 ba-

2213 3719 2307 3760 ses
2339 3708 2480 3760 sunt
2506 3704 2789 3777 aequales,
2840 3703 3048 3776 anguli
3109 3720 3355 3777 quoque
3411 3709 3554 3762 sunt
3593 3706 3889 3779 aequales,

2215 3795 2479 3861 Quorum
2513 3795 2672 3850 enim
2705 3799 2906 3868 partes
2937 3799 3079 3852 sunt
3107 3795 3372 3868 aequales
3411 3800 3469 3852 et
3493 3795 3594 3852 illa
3633 3811 3888 3871 quoque

2215 3883 2368 3940 inter
2433 3899 2495 3940 se
2540 3887 2677 3940 sunt
2756 3883 3017 3956 aequalia
3101 3887 3252 3958 Ergo
3333 3884 3636 3955 triangulo
3680 3887 3721 3942 C
3751 3888 3794 3942 Β
3844 3889 3886 3943 D

2216 3972 2447 4047 aequale
2476 3979 2565 4029 est
2594 3973 2964 4045 triangulum
3025 3973 3068 4028 B
3121 3977 3169 4032 K
3216 3977 3284 4030 ι).
3343 3974 3643 4040 Quoniam
3701 3975 3887 4046 igitur

2218 4062 2582 4133 triangulum
2615 4066 2654 4119 Β
2694 4065 2741 4119 Κ
2765 4065 2806 4119 ι)
2837 4068 2924 4120 est
2946 4063 3178 4136 aequale
3207 4063 3510 4134 triangulo
3543 4063 3584 4120 C
3609 4064 3650 4116 Β
3681 4067 3748 4120 D.
3791 4067 3879 4118 Est

2220 4157 2421 4209 autem
2447 4151 2765 4208 dimidium
2791 4152 3074 4225 quadrati
3100 4155 3149 4207 A
3179 4154 3220 4208 Β
3278 4153 3320 4206 C
3369 4153 3432 4207 D.
3493 4152 3877 4224 Triangulum

2220 4256 2461 4314 quoque
2483 4241 2528 4296 D
2553 4244 2590 4296 Β
2617 4243 2656 4297 C
2679 4241 2959 4313 quadrati
2980 4243 3018 4297 Β
3045 4244 3084 4298 C
3116 4243 3154 4297 L
3185 4244 3227 4298 Κ
3285 4246 3374 4299 est
3407 4242 3644 4315 aequale
3691 4242 3889 4299 triamo

2221 4330 2362 4401 gulo
2391 4335 2428 4386 Α
2457 4333 2496 4388 C
2522 4334 2578 4398 Β,
2617 4334 2684 4388 Et
2707 4331 2998 4404 quoniam
3051 4331 3330 4405 quadrati
3375 4332 3626 4405 quidem
3659 4333 3700 4386 Β
3724 4335 3766 4390 C
3786 4335 3824 4388 L
3843 4333 3887 4387 K

2221 4418 2587 4488 triangulum
2609 4421 2655 4475 Κ
2699 4423 2740 4475 D
2763 4420 2804 4473 Β
2835 4420 3004 4476 tertia
3025 4435 3167 4493 pars
3197 4424 3305 4490 est,
3320 4426 3409 4477 est
3423 4427 3622 4478 autem
3650 4419 3886 4494 aequale

2221 4508 2652 4579 tri-anguloAB
2705 4511 2744 4565 C
2792 4512 2855 4565 D.
2917 4511 3140 4576 Quarta
3193 4527 3333 4582 pars
3399 4526 3542 4581 ergo
3600 4510 3884 4582 quadrati

2225 4599 2322 4653 ΒΚ
2356 4600 2393 4653 L
2425 4599 2645 4671 (ζῳων
2698 4604 2789 4654 est
2856 4601 2897 4654 Ι)
2933 4601 2972 4654 Β
3020 4601 3080 4668 C,
3126 4605 3214 4655 est
3266 4599 3514 4672 aequalis
3580 4599 3882 4670 triangula

2144 4655 2188 4709 Β
2219 4690 2332 4744 ΑΒ
2363 4689 2423 4754 C,
2472 4655 2640 4761 quod
2693 4693 2781 4744 est
2835 4655 3154 4745 dimidium
3215 4655 3491 4762 quadrati
3549 4694 3591 4744 Α
3643 4691 3680 4743 Β

2222 4778 2516 4843 Quoniam
2557 4777 2736 4848 igitur
2761 4778 3150 4851 duaequartze
3198 4784 3396 4850 partes
3449 4777 3731 4850 quadrati
3786 4779 3875 4834 ΒΚ

2222 4871 2262 4925 L
2287 4871 2346 4935 C,
2379 4873 2518 4923 sunt
2543 4867 2806 4939 aequales
2832 4867 3074 4925 duabus
3102 4867 3366 4922 dimidiis
3387 4866 3662 4939 partibus
3726 4882 3875 4939 qua—

2217 4956 2372 5014 drati
2402 4959 2449 5011 A
2481 4958 2523 5011 Β
2547 4959 2586 5013 C
2621 4960 2662 5013 ι)
2692 4957 2866 5028 cujus
2893 4962 2984 5013 est
3031 4956 3321 5012 diameter
3378 4959 3417 5012 C
3468 4958 3527 5022 Β,
3580 4955 3874 5026 colligitur

2221 5048 2258 5102 Β
2279 5047 2327 5100 Κ
2359 5048 2396 5102 L
2424 5049 2463 5102 C
2500 5062 2628 5102 esse
2650 5045 2904 5119 duplum
2931 5045 3210 5119 quadrati
3235 5051 3270 5100 Α
3315 5048 3350 5100 Β
3375 5047 3415 5101 C
3448 5047 3510 5100 Β.
3530 5048 3678 5101 Nam
3701 5044 3867 5115 cujus

2217 5135 2526 5192 dimidium
2548 5135 2882 5208 cstmquale
2909 5134 3074 5190 alteri
3102 5135 3228 5203 toti,
3249 5139 3438 5190 totum
3467 5134 3624 5190 illius
3647 5131 3876 5190 dimidii

2215 5230 2306 5281 est
2336 5224 2575 5281 alterius
2605 5224 2879 5296 duplum.
2915 5225 3110 5290 Quare
3163 5223 3456 5280 diameter
3511 5222 3875 5294 angulorum

2213 5315 2492 5390 quadrati
2521 5314 2678 5372 facta
2703 5314 2982 5387 quadrati
3005 5313 3160 5371 latus
3186 5313 3443 5387 duplum
3491 5311 3670 5370 efficit
3721 5312 3877 5369 illius

2213 5405 2388 5477 cujus
2415 5409 2501 5461 est
2530 5404 2841 5474 diameter,
2859 5403 3027 5476 quod
3055 5403 3320 5477 oportuit
3334 5402 3778 5460 demonstrare.

2285 5498 2337 5550 3.
2359 5494 2472 5551 Sed
2499 5493 2558 5549 in
2589 5492 2827 5565 sphaera
2842 5508 2964 5549 non
2983 5492 3199 5562 ita,sed
3221 5491 3389 5550 aliter
3419 5507 3482 5547 se
3517 5508 3613 5548 res
3643 5491 3831 5547 habet
3861 5503 3875 5544 :

2213 5586 2393 5655 atque
2422 5581 2558 5639 ideo
2578 5581 2776 5653 ﬁgura
2797 5581 3101 5658 circularis
3122 5585 3210 5647 est
3237 5580 3430 5656 magis
3472 5579 3802 5657 ‘nniformis
3824 5580 3878 5634 et

2209 5669 2408 5744 magis
2429 5662 2699 5746 (aqualis,
2732 5657 2922 5744 quam
2951 5659 3342 5742 triangulumi
3376 5672 3526 5729 Nam
3545 5663 3609 5728 in
3649 5657 3874 5725 circulo
