4130 6414
242 367 380 427 1369

1129 372 1484 436 THEODORI
1519 378 1567 436 ll
1604 377 1743 438 IMP.
1783 376 2374 441 DE‘COMMUNIONE
2410 384 2789 443 NATURALI.

3527 387 3664 450 1370

266 505 359 556 καὶ
383 500 438 554 αἱ
461 493 736 570 διάμετροι
765 498 854 548 καὶ
888 495 943 549 αἱ
997 499 1128 572 πρὸς
1178 502 1238 554 τὸ
1280 507 1485 578 κέντρον
1531 504 1722 560 εὐθεῖαι
1783 507 1873 558 καὶ
1931 506 1979 560 Α
2037 526 2127 560 και
2151 506 2388 564 ἁπάντων
2413 513 2608 570 τούτων
2654 516 2806 590 πέρας
2855 514 2914 567 τὸ
2963 521 3034 572 Χ.
3085 513 3164 568 Τὰ
3212 521 3339 588 γοῦν
3393 521 3483 570 τοῦ
3535 523 3572 570 Β
3627 523 3665 572 Γ

263 592 296 651 ἡ
357 589 412 642 ἐκ
452 593 545 642 τοῦ
601 589 814 661 κέντρου
873 585 968 639 κοῖν
1032 586 1361 660 ὶλαττῶνται,
1415 595 1510 647 κᾶν
1571 595 1725 669 αύξῃ,
1795 593 1874 648 ἀεὶ

267 677 380 737 ἷσαί
410 680 534 746 εἰσι,
565 678 624 730 τὸ
658 672 716 731 δὲ
738 677 1056 748 τετράγωνον
1087 682 1222 734 κατὰ
1248 683 1340 744 τὰς
1393 680 1709 758 διαμέτρους
1764 685 1872 758 ούχ

264 772 424 830 ούτως
454 770 587 840 ἔχει.
628 765 686 819 Ἠ
744 767 845 839 γὰρ
902 766 957 818 ἐκ
1000 776 1091 829 τῆς
1141 779 1391 844 γραμμῆς
1444 773 1702 848 ληφθεῖσα
1755 770 1873 828 διά-

262 878 445 934 μετρος
492 858 701 912 “eam
754 855 952 931 πλευρὰ
1005 855 1117 911 ἴσον
1172 869 1245 933 τῷ
1300 858 1360 915 οὗ
1410 862 1522 918 ἐστι
1598 861 1875 940 διάμετρος

263 951 402 1004 ποιεῖ
425 947 817 1022 τιτροὲγωνον,ἠ
872 942 932 1000 δὲ
984 953 1180 1022 κυρίως
1237 947 1514 1029 διάμετρος
1570 957 1601 1014 ἡ
1660 954 1716 1008 έκ
1771 963 1874 1008 τῶν

262 1046 462 1113 γωνιῶν
521 1044 662 1090 ποιεῖ
701 1033 1006 1093 διπλάσιον.
1056 1042 1199 1094 Εἴπω
1249 1037 1309 1096 δὲ
1359 1047 1450 1096 καὶ
1517 1043 1662 1111 ἄλλο,
1740 1045 1874 1106 ὅπως

265 1124 425 1194 δείξω
455 1128 538 1182 ὅτι
561 1131 620 1180 τό
653 1123 794 1190 εἶδος
823 1132 1131 1201 κρειττόνως
1166 1150 1225 1184 το
1268 1131 1512 1186 κυκλικὸν
1568 1131 1873 1192 αἰδοποίησε

265 1226 461 1292 σχῆμα
477 1225 570 1272 τοῦ
599 1223 923 1293 τετραγώνου
980 1223 1071 1272 καὶ
1126 1223 1332 1275 πάντων
1385 1226 1514 1298 πρὸς
1563 1227 1622 1277 τὸ
1677 1221 1868 1292 δεῖξαι,

262 1309 344 1362 ὅτι
379 1310 440 1362 τὰ
460 1315 552 1361 τοῦ
580 1306 772 1360 κύκλου
815 1310 946 1382 μέρη
994 1308 1201 1364 ἅπαντα
1241 1307 1334 1364 ἶσα
1383 1315 1510 1386 πρὸς
1556 1316 1615 1367 τὸ
1663 1317 1870 1389 κέντρον

261 1403 354 1452 καὶ
371 1398 534 1451 αὐτοῦ
563 1402 886 1470 τετραγώνου
915 1419 927 1432 ο
956 1394 1040 1452 δεῖ
1077 1396 1137 1453 δὲ
1204 1404 1400 1474 τέμνειν
1467 1398 1561 1456 διὰ
1610 1410 1711 1456 τῶν
1780 1400 1873 1458 δια

263 1492 461 1564 μέτρων
483 1486 654 1541 αὐτῶν
685 1492 776 1540 καὶ
799 1483 968 1550 δεῖξαι
994 1489 1072 1541 ὃτι
1102 1489 1198 1542 ἴσα
1238 1493 1305 1543 τὰ
1358 1495 1488 1565 μέρη
1537 1493 1710 1546 πάντα
1770 1492 1871 1545 αύ-

263 1584 378 1634 τοῦ.
408 1576 627 1631 Ἐστωό
659 1582 756 1630 ΒΓ
813 1576 1020 1645 κύκλος,
1078 1581 1287 1653 κέντρον
1341 1576 1401 1634 δὲ
1452 1583 1638 1635 τούτου
1693 1583 1751 1635 τὸ
1801 1589 1870 1639 Χ.

263 1671 608 1740 Διαστήματα
635 1662 694 1719 δί
721 1668 780 1719 τὸ
804 1672 844 1720 Δ
872 1673 910 1719 Γ
949 1673 986 1719 Β
1014 1674 1050 1721 Δ
1088 1673 1178 1722 καὶ
1203 1670 1362 1740 ἤχθω
1391 1668 1493 1724 ἀπὸ
1519 1678 1614 1734 τῆς
1679 1677 1720 1726 Α
1775 1690 1870 1725 πέ-

262 1759 549 1831 ρατουμένη
580 1755 752 1810 εύθιία
809 1756 893 1809 ἐπὶ
953 1761 1045 1816 τὴν
1106 1764 1143 1812 Γ
1192 1755 1286 1813 διὰ
1349 1767 1441 1815 τοῦ
1498 1768 1568 1828 Χ,
1619 1762 1872 1824 ὡσαύτως

262 1865 353 1900 και
373 1843 473 1899 ἀπὸ
502 1853 596 1907 τῆς
639 1851 676 1899 Δ
732 1843 816 1898 έπὶ
868 1853 959 1908 τῆς
1012 1852 1050 1900 Β
1089 1848 1145 1899 αἰ
1189 1847 1295 1902 his:
1345 1856 1438 1902 τού
1481 1856 1518 1902 Β
1567 1855 1605 1903 Γ
1679 1849 1868 1903 κύκλου

262 1933 556 2011 διάμετροι.
599 1938 801 2010 Κέντρῳ
838 1930 896 1989 δὲ
925 1934 1079 1988 πάλιν
1117 1945 1190 2008 τῷ
1246 1944 1303 2008 Β,
1352 1937 1539 2004 κύκλος
1589 1941 1869 2014 γεγράφθω

152 2078 169 2088 δ
260 2025 287 2079 ὁ
315 2031 364 2079 Ν
385 2031 450 2096 Β,
484 2020 765 2099 διάμετρος
791 2021 850 2078 δὲ
875 2026 904 2086 ἠ
943 2032 988 2079 Χ
1016 2033 1083 2092 Ν,
1111 2025 1259 2102 ἑτέρα
1286 2024 1344 2080 δὲ
1380 2030 1410 2087 ἠ
1470 2035 1508 2083 Φ
1552 2035 1618 2088 Η.
1678 2029 1870 2083 Ὡσαύ-

259 2134 357 2178 τως
387 2111 446 2169 δὲ
474 2118 665 2189 κέντρῳ
695 2121 767 2185 τῷ
791 2121 827 2167 Δ
865 2114 1052 2178 κύκλος
1072 2118 1351 2191 γεγράφθω
1426 2119 1452 2170 ὁ
1508 2126 1555 2173 Χ
1613 2126 1680 2186 Θ,
1742 2115 1870 2172 διά-

259 2224 440 2280 μετρος
479 2200 593 2262 δ’ιή
640 2209 778 2271 ΛΘ,
812 2204 959 2278 ἑτέρα
980 2201 1039 2258 δὲ
1098 2208 1127 2264 ἡ
1180 2213 1216 2258 Ρ
1269 2214 1338 2263 Χ.
1393 2212 1492 2262 Καὶ
1551 2208 1703 2271 αὖθις
1757 2212 1870 2265 κέν-

261 2313 365 2367 τρῳ
386 2301 456 2366 τῷ
488 2299 545 2363 Γ,
576 2293 764 2356 κύκλος
791 2296 1100 2367 γεγράρφθω
1140 2296 1165 2347 ὁ
1198 2302 1239 2349 Η
1273 2302 1347 2362 Μ,
1381 2292 1660 2374 διάμετρος
1714 2295 1774 2352 δὲ
1832 2300 1862 2359 ἠ

258 2391 304 2438 Χ
337 2389 410 2454 Μ,
443 2387 531 2435 καὶ
562 2381 687 2442 ἄλλη
723 2385 750 2442 ἠ
789 2391 834 2437 Θ
867 2390 928 2438 Η.
967 2389 1066 2438 Καὶ
1105 2383 1259 2438 πάλιν
1297 2391 1488 2463 κέντρῳ
1528 2396 1602 2460 τῷ
1661 2393 1722 2456 Α,
1779 2391 1867 2440 κό-

254 2471 377 2535 κλος
403 2472 738 2546 γεγράφθωὸ
799 2477 837 2524 Φ
899 2480 966 2539 Χ,
1032 2469 1316 2550 διάμετρος
1355 2471 1415 2529 δὲ
1468 2477 1498 2536 ἠ
1558 2483 1598 2531 Ε
1653 2484 1721 2548 Χ,
1774 2480 1866 2529 καὶ

255 2561 407 2637 ἱτέρα
448 2562 478 2620 ἠ
531 2566 576 2614 Λ
653 2567 714 2618 Φ.
783 2564 946 2634 -Λέγω
1025 2570 1152 2634 γοῦν
1219 2566 1301 2618 ὅτι
1368 2567 1436 2619 τὰ
1493 2573 1591 2619 τῶν
1663 2573 1756 2620 τού
1830 2571 1866 2618 Β

255 2656 296 2704 Γ
357 2648 548 2703 κύκλου
605 2654 805 2726 πέρατα
879 2646 1173 2726 διαμέτρων
1249 2659 1287 2706 Β
1373 2661 1410 2708 Γ
1513 2662 1548 2709 Δ
1630 2662 1670 2710 Α
1755 2659 1866 2712 κέν-

255 2738 913 2816 τραέστίτῶνΦΝΗΗ
953 2747 1150 2797 ΜΘΘ
1191 2749 1306 2798 ΡΛ
1345 2749 1395 2800 Λ.
1443 2751 1482 2798 Ε
1543 2749 1582 2800 Φ
1639 2744 1860 2816 κύκλων,

224 2863 505 2923 diametri
551 2867 609 2921 et
670 2863 842 2921 lineas
893 2869 1069 2924 rectas
1121 2867 1201 2925 ad
1238 2873 1513 2926 centrum
1572 2869 1796 2939 ductae,
1844 2873 1904 2929 et

225 2971 366 3029 quae
397 2970 435 3012 a
463 2957 666 3012 centro
710 2953 1034 3024 ducuntur,
1097 2958 1217 3015 sive
1273 2959 1472 3017 minor
1520 2961 1649 3019 sive
1702 2962 1904 3035 major

226 3040 337 3100 ﬁat
385 3043 664 3112 circulus,
716 3060 954 3118 semper
1032 3051 1170 3103 sunt
1236 3049 1528 3122 aequales.
1605 3055 1677 3108 At
1744 3067 1898 3124 qua-

228 3131 466 3190 dratum
500 3132 732 3190 ratione
781 3133 1216 3193 diametrorum
1261 3153 1384 3194 non
1441 3140 1524 3196 ita
1572 3155 1635 3196 se
1684 3140 1890 3198 habet.

224 3223 378 3280 Nam
401 3227 644 3295 sumpta
664 3222 761 3280 illa
780 3239 917 3296 quae
942 3229 1030 3282 est
1053 3225 1350 3283 linearum
1367 3229 1594 3286 ratione
1607 3229 1902 3288 diameter

224 3317 282 3369 et
300 3311 456 3369 latus
478 3311 688 3369 effecta
716 3313 950 3386 aequale
976 3315 1349 3387 quadratum
1373 3317 1552 3375 efﬁcit
1573 3319 1704 3390 ejus
1725 3320 1903 3390 cujus
1933 3301 1974 3358 (ἶ

225 3407 315 3459 est
350 3402 661 3460 diameter.
717 3406 789 3458 At
834 3419 969 3475 quae
1019 3405 1260 3478 proprie
1318 3407 1540 3464 dicitur
1587 3408 1899 3476 diameter,

224 3506 446 3564 nempe
476 3489 838 3561 angulorum
879 3493 1109 3549 ratione
1164 3493 1324 3552 dicta
1379 3495 1671 3553 diameter
1723 3497 1902 3555 efﬁcit

222 3580 506 3654 quadrati
536 3579 813 3652 duplum.
841 3579 1120 3638 Dicamus
1144 3583 1322 3640 etiam
1348 3584 1517 3641 aliud
1540 3589 1602 3641 ut
1623 3585 1902 3642 ostenda-

224 3685 362 3726 mus
394 3669 650 3726 l'ormam
677 3667 1040 3726 circularem
1068 3673 1508 3744 praetentiorem
1558 3690 1691 3730 esse
1744 3690 1900 3748 qua-

225 3759 401 3816 drato
429 3764 485 3815 et
504 3758 637 3815 aliis
661 3758 1032 3831 quibuslibet
1058 3761 1286 3832 liguris.
1329 3762 1418 3818 Ad
1453 3763 1899 3821 ostendendum

227 3863 441 3905 omnes
470 3849 671 3909 circuli
702 3853 903 3924 partes
932 3849 1198 3922 mquales
1222 3867 1352 3907 esse
1377 3851 1456 3907 ad
1479 3857 1750 3909 centrum
1773 3869 1899 3908 non

230 3941 429 3993 autem
459 3939 739 4010 quadrati
766 3943 964 4012 partes
1010 3957 1024 4006 ;
1085 3945 1320 4012 Oportet
1366 3955 1568 3998 secare
1607 3941 1898 3999 circulum

231 4025 535 4083 diametris
562 4028 724 4101 ipsis.
751 4031 886 4084 Esto
915 4031 952 4083 Β
1010 4030 1050 4084 C
1098 4030 1380 4097 circulus,
1430 4037 1702 4088 centrum
1755 4047 1898 4088 vero

224 4115 408 4188 hujus
436 4117 508 4172 sit
531 4118 587 4173 X.
626 4117 941 4174 Intervalla
972 4133 1108 4174 vero
1138 4119 1255 4174 sint
1296 4127 1338 4174 Α
1368 4121 1407 4177 C
1440 4123 1478 4175 Β
1522 4123 1586 4178 D.
1638 4123 1898 4176 Ducatur

224 4205 386 4263 linea
415 4205 560 4264 abA
590 4223 697 4280 per
739 4211 780 4265 X
823 4223 957 4281 qua:
1005 4208 1357 4265 tcrminetur
1403 4210 1463 4265 in
1506 4213 1544 4266 C
1597 4227 1610 4266 :
1677 4210 1895 4267 eodem

227 4295 413 4353 modo
435 4311 472 4353 a
501 4301 725 4370 puncto
760 4297 884 4353 Din
910 4303 1199 4369 punctum
1231 4298 1274 4350 Β
1304 4297 1560 4356 ducatur
1585 4299 1771 4356 altera
1824 4299 1896 4355 li-

227 4399 364 4454 nea,
413 4385 648 4459 sintque
681 4384 878 4442 ambae
923 4385 1197 4442 diametri
1227 4386 1432 4442 circuli
1469 4388 1511 4440 Β
1560 4389 1620 4443 C.
1666 4391 1894 4444 Rursus

226 4476 454 4532 circum
483 4479 760 4531 centrum
795 4477 832 4530 Β
859 4473 1116 4531 circulus
1133 4474 1493 4533 describitur
1516 4479 1560 4533 N
1589 4478 1634 4532 K
1661 4495 1674 4545 ;
1700 4476 1893 4551 sitque

225 4579 352 4620 una
371 4565 663 4620 diameter
687 4567 728 4620 X
755 4567 818 4631 Ν,
853 4563 1039 4619 altera
1061 4580 1203 4621 vero
1228 4567 1269 4620 H
1302 4565 1372 4619 K.
1428 4565 1653 4622 Eodem
1709 4567 1891 4623 modo

2061 741 3552 2131 355%},

2399 1430 3480 2122 A99!

2030 2294 2222 2348 κύκλου
2249 2298 2448 2368 πέρατα
2471 2302 2570 2349 τῶν
2605 2290 2900 2369 διαμέτρων
2943 2300 2980 2346 Β
3036 2298 3075 2346 Γ
3127 2299 3164 2347 Δ
3195 2297 3234 2346 Α
3269 2296 3470 2364 κέντρα
3522 2295 3636 2347 ἐστὶ

2029 2394 2129 2439 τῶν
2161 2385 2342 2461 ἑτέρων
2367 2385 2586 2453 κύκλων,
2621 2387 2680 2438 τὸ
2708 2380 2768 2439 δὲ
2805 2391 2856 2439 Χ
2916 2387 3074 2459 πέρας
3119 2383 3308 2438 αὐτῶν.
3371 2383 3521 2439 Ἐπεί
3580 2379 3639 2437 δὲ

2029 2479 2185 2551 πέρας
2223 2481 2440 2528 τῶνΒΡ
2480 2481 2518 2528 Γ
2561 2481 2596 2531 Δ
2653 2479 2695 2527 Α
2753 2477 2973 2550 κέντρων
3020 2474 3136 2528 ἐστί
3189 2476 3249 2527 τὸ
3302 2480 3351 2528 Χ
3405 2473 3638 2546 ὑπάρχει

2031 2561 2091 2618 δὲ
2127 2565 2185 2617 τὸ
2247 2571 2347 2617 τῶν
2413 2565 2643 2638 ἡμίσεων
2705 2562 2872 2616 αὐτῶν
2943 2559 3261 2638 διαμέτρων,
3337 2560 3637 2634 ἀναγκαίως

2029 2654 2264 2728 ὑπάρχει
2301 2674 2392 2706 και
2421 2655 2488 2707 τὰ
2542 2660 2588 2707 Ν
2657 2660 2710 2708 Μ
2755 2660 2793 2706 P
2839 2659 2877 2707 E
2925 2655 3126 2726 πέρατα
3168 2659 3267 2704 τῶν
3321 2649 3467 2712 ἐκτὸς
3515 2651 3638 2722 ἡμι-

2029 2743 2252 2798 κυκλίων
2271 2746 2468 2818 ἡμίσεα
2504 2751 2606 2796 τῶν
2644 2750 2691 2798 Ν
2747 2750 2797 2798 Χ
2861 2749 2913 2796 Μ
2977 2747 3029 2795 Χ
3089 2747 3127 2795 Ρ
3191 2747 3242 2795 Χ
3295 2736 3592 2814 διαμέτρων
3619 2759 3634 2774 ·

2011 2869 2308 2937 Quoniam
2333 2873 2535 2928 autem
2561 2867 2852 2927 terminus
2883 2866 3318 2927 diametrorum
3344 2867 3384 2922 Β
3414 2867 3477 2938 C,
3505 2867 3548 2921 D
3617 2869 3665 2926 A

2110 3076 3582 4450 δεξξμη

2174 3768 3511 4443 199!

2002 4563 2091 4615 est
2111 4563 2382 4616 centrum
2412 4563 2469 4617 Χ.
2508 4565 2599 4618 Est
2628 4565 2835 4618 aulam
2864 4560 3043 4618 etiam
3074 4564 3347 4616 centrum
3379 4557 3662 4616 dimidia-

230 4653 455 4708 circum
483 4659 757 4708 centrum
783 4654 823 4706 ι)
847 4651 1222 4707 describatur
1243 4652 1502 4709 circulus
1530 4655 1570 4708 Χ
1594 4657 1635 4709 Τ
1659 4671 1672 4709 :
1700 4654 1891 4726 sitque
1928 4662 1968 4716 ι)
1999 4664 2132 4704 rum
2155 4649 2610 4712 diametrorum.
2647 4650 2982 4706 necessario
3009 4665 3253 4723 quoque
3280 4652 3324 4706 N
3347 4651 3456 4706 ΜΒ
3482 4650 3520 4703 Ε
3545 4646 3649 4721 qui

234 4755 354 4796 una
385 4739 674 4796 diameter
709 4743 745 4796 L
775 4742 837 4808 Τ,
855 4738 1042 4795 altara
1077 4756 1216 4795 vero
1245 4743 1288 4796 Β
1349 4743 1408 4796 Χ.
1462 4744 1718 4798 Rursum
1776 4744 1891 4799 cir-

229 4847 372 4887 cum
402 4837 674 4887 centrum
707 4833 747 4887 C
779 4829 1036 4886 circulus
1079 4829 1456 4887 describatur
1510 4834 1629 4899 KM,
1696 4834 1891 4906 sitque

228 4919 532 4977 diametur
561 4936 684 4975 una
705 4919 754 4973 X
776 4921 846 4986 M,
887 4917 1075 4975 altera
1105 4934 1244 4974 vero
1274 4920 1393 4975 ΤΚ.
1424 4923 1491 4976 Ει
1511 4937 1722 4977 rursus
1776 4925 1888 4978 cir-

227 5025 369 5066 cum
397 5013 669 5065 centrum
708 5009 756 5062 A
789 5007 1046 5064 circulus
1067 5006 1443 5064 describatur
1477 5009 1518 5062 ΙΙ
1571 5011 1632 5078 Χ,
1695 5009 1890 5084 sitque

227 5098 522 5154 diameter
562 5113 684 5154 una
713 5099 752 5151 E
777 5097 835 5168 X,
867 5096 1053 5153 altera
1079 5111 1216 5152 vero
1250 5098 1286 5152 L
1312 5096 1380 5154 Η.
1417 5097 1555 5153 Dico
1595 5097 1776 5168 igitur
1829 5099 1890 5155 in

227 5186 453 5244 circulo
483 5189 519 5241 Β
544 5188 582 5243 C
603 5185 750 5242 ﬁnes
771 5201 880 5241 seu
897 5186 1184 5241 terminos
1205 5185 1638 5242 diametrorum
1670 5202 1890 5259 nempe

232 5278 273 5332 Β
307 5275 346 5330 C
388 5276 428 5327 D
460 5279 506 5330 Α
536 5290 668 5330 esse
695 5278 896 5330 centra
917 5273 1276 5330 circulorum
1306 5276 1347 5329 H
1383 5277 1423 5330 N
1457 5275 1580 5342 K,K
1628 5277 1678 5332 M
1723 5274 1791 5347 T,
1850 5279 1892 5332 T

231 5367 276 5421 R
311 5364 370 5435 L,
407 5365 443 5419 L
472 5365 512 5419 E
545 5365 610 5433 Η,
643 5366 701 5419 et
728 5362 947 5418 horum
999 5361 1274 5418 omnium
1335 5367 1608 5420 centrum
1648 5378 1781 5420 esse
1829 5365 1888 5432 Χ,

231 5453 650 5510 Extremitates
679 5466 824 5522 ergo
847 5451 1281 5507 diametrorum
1303 5467 1428 5524 qraa
1455 5456 1595 5508 sunt
1619 5454 1657 5509 Β
1689 5454 1728 5508 C
1770 5456 1812 5508 ι)
1843 5456 1892 5508 Α

229 5543 296 5600 in
335 5541 558 5598 circulo
591 5543 631 5597 Β
656 5539 721 5598 C.
752 5543 890 5596 sunt
918 5539 1176 5597 aliorum
1224 5539 1608 5622 circulorum.
1631 5545 1766 5598 cent
1832 5559 1889 5610 ει,

231 5628 610 5716 Circuloru'm
641 5645 780 5716 vero
809 5629 1065 5686 istorum
1095 5628 1369 5685 omnium
1394 5629 1688 5712 terminus
1720 5635 1810 5689 est
1829 5631 1888 5688 Χ.

305 5720 390 5832 ﬁt}
414 5724 604 5814 Locus
631 5752 696 5813 in
721 5720 924 5814 Gratia
950 5724 1280 5816 mendosus
1317 5724 1426 5814 est:

1998 4744 2135 4793 sunt
2167 4738 2400 4794 termini
2431 4756 2534 4794 seu
2561 4740 2964 4796 extremitates
2999 4738 3358 4795 exteriorum
3393 4736 3658 4793 semicir-

1999 4826 2270 4884 culorum
2304 4834 2444 4885 sunt
2473 4829 2738 4885 dimidiae
2764 4833 2964 4902 partes
2995 4827 3428 4885 diametrorum
3451 4829 3496 4883 N
3521 4829 3584 4894 Χ,
3609 4828 3659 4882 Μ

1998 4917 2074 4986 Χ,
2095 4919 2135 4972 Ε
2153 4919 2211 4972 Χ.
2243 4918 2538 4983 Quoniam
2559 4923 2759 4975 autem
2799 4921 2840 4974 Χ
2873 4920 2911 4974 Β
2935 4921 3027 4974 est
3054 4916 3308 4973 dimidia
3364 4914 3662 4972 diameter

1996 5004 2242 5075 integras
2254 5007 2480 5063 dimetri
2503 5009 2541 5061 Β
2553 5009 2594 5064 Χ
2611 5011 2666 5074 Β,
2682 5006 3172 5081 quandoquidem
3187 5006 3370 5076 hujus
3389 5009 3655 5060 centrum

1998 5098 2086 5150 est
2116 5097 2177 5162 X,
2211 5097 2250 5150 Β
2281 5099 2320 5151 Χ
2345 5111 2589 5168 quoque
2629 5096 2738 5151 erit
2765 5095 3018 5152 dimidia
3063 5094 3355 5151 diameter
3410 5094 3659 5166 integrae

1997 5181 2272 5249 diametri
2290 5188 2333 5241 N
2359 5186 2418 5250 X.
2453 5185 2511 5241 in
2531 5184 2750 5241 circulo
2767 5187 2808 5240 N
2825 5187 2891 5243 Η.
2906 5185 3200 5250 Quoniam
3215 5184 3375 5240 enim
3390 5183 3594 5241 circuli
3613 5186 3660 5240 Α

2001 5279 2043 5326 Κ
2062 5278 2331 5329 centrum
2352 5279 2440 5330 est
2465 5276 2775 5347 Bquorum
2789 5290 2931 5332 vero
2947 5273 3199 5330 dimidia
3219 5277 3359 5330 sunt
3376 5271 3656 5347 aequalia,

2001 5365 2121 5420 tota
2150 5361 2302 5419 inter
2314 5378 2374 5419 se
2387 5378 2632 5436 quoque
2651 5369 2792 5420 sunt
2804 5363 3060 5438 aequalia
3076 5378 3089 5418 :
3107 5378 3251 5420 sane
3266 5362 3543 5420 diametri
3564 5363 3658 5420 in-

2000 5456 2086 5509 ter
2114 5468 2176 5508 se
2203 5457 2376 5509 erunt
2401 5453 2778 5526 aequales“).
2798 5453 3021 5510 Eadem
3039 5453 3189 5510 ratio
3202 5457 3291 5509 est
3311 5453 3491 5509 etiam
3510 5453 3660 5510 alia-

1997 5555 2133 5622 rum
2167 5540 2600 5622 diametrorum
2627 5543 2686 5597 in
2717 5541 2849 5600 aliis
2878 5540 3135 5598 circulis.
3187 5544 3339 5599 Nam
3379 5541 3660 5598 diametri

1997 5621 2244 5702 integrae
2273 5621 2314 5688 Χ
2343 5630 2394 5686 Μ
2424 5623 2675 5689 dimidia
2711 5645 2854 5704 pars
2882 5633 2974 5688 est
2998 5632 3040 5688 Χ
3067 5629 3129 5687 Ε.
3158 5629 3460 5697 Quoniam
3485 5629 3648 5688 enim
