4130 6400
489 369 622 428 1371

2015 359 2371 421 ADDENDA.

3769 375 3924 428 i372

516 500 696 562 ἔπειδή
739 500 802 556 δέ
831 512 922 563 τῆς
980 510 1074 555 τοῦ
1126 509 1164 555 Β
1219 509 1242 556 Ι
1310 505 1505 558 κύκλου
1556 503 1840 581 διαμέτρου
1899 510 1934 556 Δ
1982 509 2029 554 Χ
2079 501 2115 545 Β
2172 488 2224 542 Α
2281 491 2628 560 περαιουμένη
2657 509 2670 521 ’
2714 487 2870 542 Ἀλλά
2918 509 3009 541 και
3051 491 3114 542 οἶν
3173 497 3456 554 συστὺσεις
3510 501 3734 571 σφαῖραν
3792 496 3892 555 ἴση

515 595 684 665 ἧμισύ
716 593 856 644 ἐστιν
895 595 926 651 ἡ
977 599 1027 646 Χ
1067 600 1104 645 Β
1151 590 1331 651 ἐπειδή
1393 599 1594 670 κέντρον
1650 596 1762 649 ἐστί
1814 597 2001 646 τούτου
2055 592 2114 641 τὸ

514 691 580 754 Χ,
615 685 753 740 καιὴ
787 689 899 737 ΒΧ
960 682 1126 755 ἢμισύ
1177 683 1289 736 ἐστι
1347 693 1443 748 τῆς
1494 693 1540 738 Ν
1591 692 1642 738 Χ
1687 684 1972 756 διαμέτρου
2026 687 2114 732 τοῦ

512 779 558 825 Ν
599 779 639 824 Η
667 771 859 824 κύκλου
891 795 902 805 ·
947 770 1127 832 ἐπειδὴ
1155 777 1256 848 γὰρ
1280 777 1512 848 ὑπάρχει
1563 778 1750 826 τούτου
1797 778 2002 844 κέντρον
2055 772 2114 820 τὸ

512 868 549 913 Β
577 861 644 912 ὧν
677 857 736 913 δὲ
758 859 848 913 ἶσα
874 865 939 913 τὰ
963 863 1160 930 ἡμίσεα
1183 883 1272 915 και
1305 867 1371 917 τὰ
1410 865 1502 917 ὅλα
1523 861 1614 916 ἷσά
1665 863 1796 928 ἐστι,
1845 863 1980 912 κατὰ
2028 863 2115 910 τὸν

514 950 669 1002 αὐτὸν
702 946 760 1002 δὲ
789 949 938 1021 λόγον
964 971 1054 1003 και
1074 951 1157 1004 ἐπί
1186 962 1284 1004 τῶν
1309 953 1471 1005 ἄλλων
1499 975 1510 986 ·
1546 961 1642 1013 τῆς
1661 955 1760 1026 γὰρ
1797 959 1836 1004 Α
1860 958 1906 1004 Χ
1933 956 1970 1002 Γ
1998 946 2031 1000 ὃ
2037 969 2115 1000 ια-

513 1043 700 1114 μέτρου
730 1047 822 1090 του
846 1046 883 1091 Β
911 1046 946 1092 Γ
974 1041 1166 1094 κύκλου
1188 1045 1354 1114 ἥμισύ
1381 1042 1523 1094 ἐστιν
1549 1044 1579 1100 ἠ
1608 1047 1658 1094 Χ
1685 1047 1722 1093 Γ
1773 1036 1950 1096 ἐπειδὴ
1999 1041 2116 1090 κὲν-

513 1147 633 1201 τρον
655 1127 768 1179 ἐστί
792 1130 977 1179 τούτου
1008 1133 1066 1180 τὸ
1091 1134 1141 1181 Χ
1170 1149 1259 1180 και
1287 1132 1318 1188 ἠ
1354 1136 1391 1182 Γ
1410 1137 1457 1184 Χ
1479 1132 1646 1201 ἥμισύ
1671 1129 1783 1181 ἐστι
1807 1136 1902 1188 τῆς
1937 1134 1987 1179 Μ
2021 1132 2038 1178 Ι
2068 1133 2115 1178 Χ

515 1212 800 1289 διαμέτρου
830 1224 922 1268 τοῦ
952 1224 994 1269 Η
1026 1223 1078 1270 Μ
1130 1218 1322 1270 κύκλου
1357 1241 1368 1251 ·
1422 1215 1596 1276 ἐπειδὴ
1651 1220 1883 1291 ὑπάρχει
1929 1219 2115 1268 τούτου

513 1308 720 1377 κέντρον
747 1307 805 1356 τὸ
837 1311 875 1356 Γ
917 1327 928 1337 ·
961 1305 1028 1356 ὧν
1057 1302 1117 1357 δὲ
1137 1307 1232 1358 ἶσα
1271 1309 1339 1358 τὰ
1367 1309 1586 1378 ἡμίσεα,
1627 1325 1718 1357 και
1769 1308 1837 1357 τὰ
1887 1304 1978 1356 ὅλα
2024 1311 2118 1354 ἰσα

516 1393 674 1446 ἐστίν.
746 1392 1016 1456 Ὡσαύτως
1075 1414 1165 1446 και
1220 1403 1316 1456 τῆς
1363 1402 1400 1448 Β
1449 1401 1498 1448 Χ
1559 1402 1593 1447 Δ
1671 1391 1954 1466 διαμέτρου
2025 1401 2116 1444 τού

515 1480 872 1539 ΒΓκύκλουὴ
930 1487 979 1533 Χ
1038 1490 1073 1534 Δ
1117 1486 1287 1555 ἥμισύ
1337 1483 1450 1536 έστι
1501 1491 1598 1544 τῆς
1647 1490 1687 1537 Φ
1739 1489 1784 1535 Χ
1830 1479 2116 1554 διαμέτρου

514 1576 605 1621 τοῦ
636 1577 684 1623 Χ
716 1577 760 1622 Θ
799 1569 1012 1636 κύκλου,
1050 1568 1232 1630 ἐπειδὴ
1266 1576 1472 1645 κέντρον
1501 1575 1614 1624 ἔστί
1653 1574 1841 1624 τούτου
1898 1575 1956 1622 τὸ
2009 1577 2044 1622 Δ
2101 1591 2113 1602 '

515 1658 582 1708 ὧν
607 1655 664 1710 δὲ
696 1655 787 1710 ἶσα
815 1662 881 1711 τὰ
900 1661 1119 1732 ἡμίσεα,
1148 1666 1239 1713 καί
1285 1664 1354 1714 τὰ
1415 1661 1508 1714 ὅλα
1563 1662 1657 1714 ἶσά
1708 1661 1870 1714 ἐστιν.
1921 1658 2118 1711 Ὠσαύ-

513 1767 614 1808 τως
637 1744 696 1799 δὶ
724 1767 814 1799 και
843 1755 1002 1808 τῆςΓ
1039 1754 1089 1801 Χ
1149 1756 1182 1802 Α
1243 1745 1529 1823 διαμέτρου
1591 1756 1683 1802 τοῦ
1743 1756 1776 1801 Β
1842 1755 1879 1800 Γ
1927 1747 2118 1800 κύκλου

513 1837 544 1894 ἡ
574 1841 688 1890 ΧΑ
717 1835 885 1901 ἣμισύ
934 1837 1098 1906 ἐστιν,
1145 1835 1328 1897 ἐπειδὴ
1385 1843 1591 1913 κέντρον
1642 1837 1754 1890 έστί
1809 1840 1994 1889 τούτου
2059 1839 2119 1888 τὸ

513 1933 681 1980 Χκαι
710 1927 740 1983 ἡ
784 1932 825 1979 Δ
855 1931 906 1978 Χ
971 1926 1139 1998 ἣμισύ
1190 1929 1303 1978 ἔστι
1361 1936 1458 1990 τῆς
1504 1933 1539 1979 Ε
1589 1935 1637 1981 Χ
1694 1923 1980 1999 διαμέτρου
2029 1932 2121 1977 τοῦ

515 2021 554 2068 Φ
579 2021 629 2067 Χ
657 2013 872 2083 κύκλου,
905 2011 1084 2073 ἐπειδὴ
1115 2019 1322 2088 κέντρον
1368 2017 1482 2068 ἐστί
1529 2019 1715 2070 τούτου
1755 2019 1813 2067 τὸ
1897 2021 1937 2068 Α
1995 2035 2008 2048 ’
2059 2014 2126 2064 ὧν

516 2099 576 2154 δὲ
603 2105 672 2153 τὰ
706 2104 903 2172 ἡμίσεα
930 2103 1044 2169 ἶσα,
1105 2123 1194 2155 και
1227 2106 1295 2156 τὰ
1348 2104 1444 2157 ὂλα
1496 2101 1588 2156 ἶσά
1636 2103 1749 2156 ἐστι
1801 2122 1890 2154 και
1933 2105 1964 2159 ἡ
2023 2101 2128 2175 ἂρα

513 2195 634 2243 ΝΧ
695 2185 972 2262 διάμετρος
1014 2199 1076 2263 τῇ
1126 2198 1163 2243 Β
1211 2199 1246 2244 Δ
1302 2193 1390 2249 ἴση
1445 2192 1579 2252 ἐστί,
1646 2211 1736 2244 και
1778 2193 1808 2248 ἡ
1860 2193 1908 2246 Μ
1964 2195 2013 2242 Χ
2059 2197 2122 2261 τῇ

515 2277 1530 2353 ΛΓᾶλλακαιήΦΧτῇΒΔκαιή
1582 2287 1807 2352 ΕΧτῇ
1861 2285 1902 2332 Α
1952 2284 1990 2331 Γ
2034 2281 2127 2330 καί

514 2368 732 2442 ἑκατέρα
757 2375 820 2437 τῇ
854 2367 1072 2440 ἑκατέρᾳ
1101 2369 1218 2421 ἶσαί
1249 2369 1353 2421 εἰσι
1383 2390 1396 2402 ο
1429 2371 1496 2421 τά
1517 2371 1620 2443 γάρ
1687 2377 1760 2439 τῷ
1810 2367 1949 2438 αὐτῷ
2007 2365 2121 2431 ἶσα,

513 2475 604 2509 και
641 2454 880 2518 ἀλληλοις
906 2454 998 2510 ἶσά
1044 2457 1176 2524 ἐστι,
1223 2477 1314 2510 και
1341 2459 1409 2510 ὧν
1447 2460 1512 2510 τά
1569 2462 1698 2533 μέρη
1749 2453 1860 2518 ἶσα,
1925 2476 2016 2508 και
2057 2457 2124 2508 τά

513 2544 608 2597 ὂλα
645 2540 737 2598 ἶσοὶ
762 2545 875 2598 ἐστι
903 2553 1006 2600 Kac.
1026 2554 1127 2598 τῶν
1142 2545 1245 2621 ἆρα
1268 2549 1395 2600 ἰσων
1445 2544 1794 2621 διαμέτρωνοὶ
1838 2549 1886 2599 οἱ
1939 2545 2119 2598 κύκλοι

513 2631 624 2686 ἶσοί
673 2638 800 2699 έίσι,
847 2654 939 2687 και
992 2638 1161 2688 πάντα
1216 2638 1282 2689 τά
1347 2644 1438 2690 τοῦ
1493 2636 1686 2688 κύκλου
1753 2639 1956 2708 πέρατα
2029 2631 2121 2687 ἶσά

514 2723 676 2778 ἐστιν.
702 2722 844 2777 Ἐπεί
868 2721 929 2777 δὲ
953 2745 1044 2777 και
1085 2727 1153 2778 τά
1198 2735 1292 2789 τῆς
1345 2732 1572 2801 σφαίρας
1622 2730 1822 2800 πέρατα
1866 2721 2121 2796 δέχονται

511 2815 630 2874 τοὺς
697 2811 886 2878 αὐτοὺς
935 2813 1153 2876 κύκλους
1209 2835 1299 2868 και
1354 2820 1570 2890 πέρατα,
1614 2815 1681 2865 ὧν
1742 2815 1932 2890 θάτερα
1974 2815 2119 2865 θατέ-

511 2921 636 2978 ρους
697 2923 787 2955 και
839 2905 974 2956 κατά
1021 2913 1109 2965 τῆς
1168 2910 1395 2979 σφαίρας
1441 2908 1570 2979 μέρη
1621 2906 1792 2956 πάντα
1838 2901 1930 2954 ἷσοὶ
1980 2902 2113 2967 ἐστι,

1637 2995 1828 3052 ταύτης

512 3011 604 3044 και
661 2997 812 3045 πᾶσα
877 2996 1069 3054 ταύτης
1134 2991 1414 3068 διάμετρος
1465 3001 1537 3064 τῷ
1637 2995 1828 3052 ταύτης
1924 2995 2115 3062 κέντρῳ

2278 574 2390 631 ἐστὶ
2407 583 2468 648 τῇ
2498 577 2560 637 ἧς
2601 576 2713 630 ἐστι
2748 574 3054 651 διάμετρος,
3093 601 3182 632 και
3248 581 3274 633 ὃ
3321 592 3514 655 σχῆμα
3567 590 3896 643 ποιήσουσιν

2279 665 2333 716 αἱ
2363 673 2452 726 τῆς
2481 662 2764 739 διαμέτρου
2800 667 2992 721 εὐθεῖαι
3043 673 3210 742 ταύτῃ
3271 667 3384 724 ἶσόν
3431 674 3560 740 ἐστι,
3614 677 3751 728 καθά
3815 673 3889 733 δὴ

2278 773 2368 806 και
2391 764 2484 806 του
2513 755 2704 808 κύκλου
2742 777 2753 788 ·
2780 761 3108 815 συνέστησαν
3139 763 3240 831 γάρ
3268 763 3320 812 αἱ
3351 770 3396 814 Θ
3457 769 3494 815 Γ
3560 770 3601 816 Η
3649 771 3686 818 Φ
3746 772 3783 817 Β
3839 772 3886 818 Η

2280 850 2326 898 Λ
2357 850 2395 895 Α
2437 850 2475 897 Φ
2517 851 2562 898 Θ
2593 852 2628 896 Δ
2662 851 2707 898 Λ
2745 854 2846 896 τῶν
2885 847 3086 898 κύκλων
3119 844 3392 923 διάμετροι
3440 856 3498 904 τὸ
3553 859 3592 906 Φ
3650 860 3691 906 Η
3742 862 3789 907 Θ
3840 861 3894 907 Λ

2277 952 2615 1005 τετραγωνον,
2652 942 2803 986 τοῦτο
2835 931 2896 987 δέ
2931 942 3223 995 ποιήσουσι
3269 959 3360 992 και
3408 944 3463 993 αἱ
3515 951 3606 1004 τῆς
3662 948 3893 1016 σφαίρας

2280 1019 2555 1094 διάμετροι
2577 1023 2697 1096 ὅπερ
2732 1019 2841 1076 idat
2867 1020 3060 1086 δεῖξαι.

2351 1106 2422 1164 δ’.
2453 1117 2618 1162 Τοῦτο
2639 1107 2700 1164 δέ
2723 1112 2830 1184 οὐχ
2856 1120 2979 1186 εὑρη
3008 1133 3085 1175 τις
3115 1115 3190 1177 εἰς
3216 1123 3393 1170 πᾶσαν
3412 1125 3662 1192 γραμμὴν
3688 1140 3779 1172 και
3826 1123 3892 1172 τὸ

2277 1202 2380 1269 μὴν
2405 1206 2498 1251 τοῦ
2547 1206 2869 1271 τετραγώνου
2917 1201 3007 1263 τὰς
3064 1200 3157 1256 δια
3201 1213 3295 1258 τοῦ
3333 1210 3498 1278 μέσου
3539 1227 3631 1260 και
3676 1213 3892 1282 κέντρου

2279 1287 2522 1358 ἠγμένας,
2539 1307 2629 1339 και
2660 1288 2811 1350 αὖθις
2839 1294 2965 1362 πρὸς
2995 1295 3052 1343 τό
3093 1288 3264 1355 δεῖξαι
3317 1295 3400 1347 ὅτι
3466 1299 3585 1349 οὔτε
3644 1298 3758 1350 ἴσον
3813 1304 3892 1368 τῷ

2279 1381 2581 1450 τετραγώνῳ
2631 1383 2780 1432 πᾶσα
2837 1375 3118 1453 ὃιὰμετρος
3181 1379 3277 1434 διὰ
3345 1391 3438 1435 τοῦ
3511 1389 3726 1458 κέντρου
3799 1406 3900 1438 και

2279 1467 2441 1536 μέσου
2501 1465 2718 1536 ἠγμένη,
2779 1472 2835 1518 τό
2882 1468 3009 1520 αύτὸ
3055 1477 3195 1522 ποιεῖ
3241 1467 3300 1523 οὗ
3382 1468 3678 1547 διάμετρος,
3767 1478 3903 1528 οὔτε

2280 1553 2448 1627 ἕτερον
2480 1554 2593 1605 ἴσον
2623 1573 2712 1605 και
2732 1563 2803 1625 τῷ
2831 1555 2969 1626 αὐτῷ
2995 1577 3006 1590 ·
3065 1553 3148 1609 δεῖ
3199 1566 3321 1628 γοῦν
3379 1557 3585 1620 ἀνίσους
3641 1559 3733 1622 τὰς
3791 1570 3904 1615 τοῦ

2281 1647 2605 1714 τετραγώνου
2635 1638 2805 1705 δεῖξαι
2828 1640 3143 1719 διαμέτρους
3162 1665 3250 1698 και
3283 1645 3351 1698 τὰ
3406 1647 3460 1699 ἐκ
3497 1650 3691 1702 τούτων
3746 1655 3902 1719 711:6-

2375 1736 3771 2802 ξ,

2278 2926 2406 2980 μενα
2503 2911 2761 2979 σχήματα
2855 2905 2956 2959 εἴτε
3055 2906 3279 2969 κύκλους
3372 2906 3467 2959 εἴτε
3568 2907 3878 2982 τετράγωνα.

2273 2995 2447 3048 Ἔστω
2473 3003 2529 3048 το
2562 3003 2599 3047 Α
2638 3003 2672 3047 Β
2698 3002 2734 3047 Γ
2763 3005 2817 3062 Δ,
2849 2993 3247 3071 προαπεδείχθη
3295 2997 3373 3048 ὅτι
3417 2998 3447 3054 ἡ
3519 3002 3557 3049 Β
3598 3002 3636 3050 Γ
3701 2992 3895 3067 διὰμεη

486 3177 691 3234 circuli
711 3180 758 3233 K
777 3180 828 3234 M
853 3182 1125 3232 centrum
1154 3181 1246 3232 est
1282 3179 1344 3246 C,
1374 3177 1623 3244 integrae
1675 3173 1952 3231 diametri
2004 3175 2052 3228 M
2105 3174 2146 3227 Χ
2182 3172 2222 3227 C
2254 3170 2354 3227 illa
2379 3171 2608 3226 ratione
2641 3171 2894 3244 aequalis
2913 3172 3221 3229 diametris
3238 3172 3492 3228 utetiam
3516 3171 3797 3228 diametri
3813 3173 3922 3230 cir-

485 3266 742 3321 dimidia
765 3281 909 3337 pars
941 3264 1050 3320 erit
1082 3268 1122 3321 C
1155 3267 1195 3319 Χ
1225 3265 1285 3320 in
1345 3265 1566 3320 circulo
1616 3267 1661 3320 K
1718 3267 1784 3326 M,
1845 3261 2141 3328 Quoniam

485 3353 648 3409 enim
675 3352 858 3423 hujus
889 3351 1094 3408 circuli
1126 3357 1400 3408 centrum
1440 3355 1590 3409 estC
1621 3369 1633 3408 :
1684 3366 1946 3423 quorum
2003 3364 2144 3404 vero

485 3440 737 3496 dimidia
765 3445 904 3495 sunt
925 3439 1203 3512 aequalia,
1230 3445 1356 3496 tota
1376 3441 1536 3496 enim
1553 3444 1692 3496 sunt
1707 3438 1986 3511 aequalia,
2007 3442 2141 3505 etc.,

484 3529 799 3586 utdictum
829 3533 935 3596 est,
960 3528 1036 3584 de
1065 3529 1422 3585 diametroB
1461 3532 1502 3584 X
1538 3533 1578 3584 D
1613 3529 1675 3584 in
1719 3527 1939 3583 circulo
1991 3530 2029 3581 Β
2081 3531 2140 3582 C.

485 3617 710 3674 Eodem
740 3616 925 3673 modo
958 3620 1000 3674 X
1023 3620 1065 3672 D
1096 3621 1184 3672 est
1211 3617 1463 3674 dimidia
1495 3634 1636 3690 pars
1658 3618 1903 3687 integrae
1919 3615 2145 3671 diame-

483 3707 557 3762 tri
577 3705 778 3762 circuli
805 3708 900 3761 XT
926 3709 992 3764 R.
1031 3707 1299 3772 Quorum
1325 3723 1462 3763 vero
1491 3706 1744 3762 dimidia
1764 3710 1905 3761 sunt
1951 3720 2145 3777 aequa-

483 3793 585 3863 lia,
617 3800 707 3851 etc
733 3798 799 3850 Et
827 3796 952 3851 utC
993 3797 1034 3850 X
1082 3798 1129 3848 Α
1184 3796 1427 3866 integrae
1487 3796 1764 3852 diametri
1808 3797 1867 3850 in
1921 3793 2143 3850 circulo

483 3886 525 3939 B
556 3886 596 3940 C
627 3883 878 3940 dimidia
915 3899 1058 3956 pars
1102 3889 1190 3940 est
1231 3887 1271 3941 Χ
1327 3889 1394 3950 Α,
1450 3884 1949 3957 quandoquidem
2005 3898 2142 3938 cen-

481 3969 643 4028 trum
670 3973 853 4044 hujus
881 3973 1086 4030 circuli
1107 3979 1199 4030 est
1221 3977 1279 4042 Χ,
1303 3975 1384 4030 ita
1413 3975 1475 4030 in
1506 3974 1728 4030 circulo
1755 3989 1998 4046 quoque
2019 3976 2058 4028 H
2104 3975 2142 4028 Χ

483 4064 594 4119 erit
618 4067 666 4118 A
693 4065 735 4117 X
771 4063 1023 4119 dimidia
1053 4079 1192 4135 pars
1218 4065 1463 4134 integrae
1503 4064 1780 4120 diametri
1806 4067 1844 4118 E
1875 4065 1930 4117 Χ.
1976 4064 2140 4128 Quo-

483 4167 620 4208 rum
647 4157 850 4207 autem
874 4152 1125 4208 dimidia
1143 4158 1281 4209 sunt
1311 4153 1568 4225 a-qualia
1588 4153 1981 4215 interse,tota
1995 4166 2140 4222 quo-

485 4255 603 4312 que
629 4244 768 4295 sunt
786 4241 1059 4313 aequalia.
1101 4243 1290 4307 Quare
1319 4241 1610 4296 diameter
1641 4244 1683 4296 Ν
1728 4242 1768 4294 Χ
1809 4239 1916 4293 erit
1942 4254 2137 4309 aequa-

481 4327 554 4384 lis
576 4327 927 4384 diametroB
951 4331 994 4384 D
1018 4335 1074 4384 et
1093 4330 1383 4386 diameter
1407 4331 1454 4383 Μ
1489 4331 1529 4384 Χ
1559 4329 1667 4383 erit
1715 4326 1963 4398 aequalis
2016 4325 2138 4380 dia-

485 4421 737 4472 metroA
764 4415 824 4472 Ο.
853 4418 1142 4474 Praeterea
1195 4418 1489 4473 diameter
1529 4419 1574 4470 R
1630 4419 1670 4470 X
1739 4415 1847 4469 erit
1889 4412 2138 4484 aequalis

485 4505 778 4563 diametro
807 4508 850 4560 Ι)
877 4509 936 4574 Β,
970 4513 1027 4562 et
1049 4507 1342 4562 diameter
1386 4507 1425 4559 E
1484 4507 1523 4559 X
1577 4502 1843 4558 similiter
1888 4501 2136 4573 aequalis
2167 4515 2213 4569 ι)

484 4594 778 4653 diametro
803 4600 852 4652 A
877 4597 934 4663 C,
968 4601 1025 4651 et
1045 4595 1259 4665 singuli
1287 4593 1532 4664 singulis
1547 4591 1808 4664 mquales
1822 4597 1977 4647 sunt.
1996 4593 2136 4657 Quae

487 4685 648 4740 enim
667 4685 862 4740 eidem
895 4690 1035 4739 sunt
1063 4683 1342 4755 aequalia,
1374 4683 1524 4736 inter
1565 4697 1627 4736 se
1681 4687 1821 4736 sunt
1859 4681 2134 4753 aequalia.

482 4774 550 4829 Et
575 4789 837 4845 quorum
882 4776 1080 4845 partes
1123 4775 1262 4825 sunt
1306 4769 1570 4842 aequales
1619 4771 1852 4840 integra
1895 4787 2139 4843 quoque

484 4860 639 4918 inter
677 4878 738 4917 se
761 4866 904 4916 sunt
925 4858 1200 4932 aequalia.
1229 4857 1438 4914 Circuli
1477 4875 1618 4929 ergo
1649 4859 1973 4931 aequalium
2015 4861 2139 4916 dia-

484 4955 811 5006 metrorum
840 4952 980 5004 sunt
1001 4946 1286 5018 aequales,
1319 4953 1376 5001 et
1403 4962 1614 5002 omnes
1645 4947 1846 5003 circuli
1867 4949 2140 5005 extremi—

483 5043 637 5093 tates
663 5041 804 5092 sunt
824 5037 978 5092 inter
991 5051 1050 5090 se
1067 5035 1653 5106 aequales,Quoniam
1669 5043 1868 5092 autem
1885 5037 2136 5110 sphaerae

488 5129 892 5181 extremitates
949 5123 1198 5180 cosdem
1243 5124 1497 5180 circulos
1555 5127 1818 5198 capiunt,
1875 5143 2138 5199 quorum

484 5213 829 5283 singillatim
858 5217 1058 5286 partes
1078 5213 1230 5269 inter
1242 5229 1302 5268 se
1319 5214 1752 5286 suntaequales,
1767 5230 1975 5270 eornm
1991 5232 2136 5288 quo—

482 5316 602 5372 que
629 5318 839 5357 omnes
870 5301 1046 5358 simul
1068 5309 1268 5374 partes
1301 5303 1751 5375 eruntaaquales
1780 5309 1834 5358 et
1856 5305 2138 5376 quaelibet

481 5390 665 5462 hujus
717 5390 1004 5447 diameter
1059 5391 1173 5446 illis
1228 5397 1432 5447 ccutro
1487 5391 1920 5447 terminabitur.
1983 5395 2135 5460 Quin

487 5480 668 5536 etiam
700 5481 748 5534 si
774 5481 1002 5553 sphaera
1015 5497 1073 5535 in
1087 5482 1436 5546 constituas,
1451 5486 1577 5536 erat
1593 5482 1841 5552 aequalis
1861 5483 2133 5552 sphaerae,

484 5563 656 5640 cujns
673 5568 961 5624 diameter
991 5574 1080 5624 est
1101 5568 1372 5641 aequalis,
1399 5573 1456 5624 et
1486 5585 1672 5641 quam
1707 5569 1959 5637 ﬁguram
2003 5571 2134 5625 efﬁ-

483 5656 641 5717 cient
666 5665 841 5713 rectaa
867 5657 1122 5715 diametr
1150 5657 1362 5728 ilineae,
1401 5673 1470 5713 ea
1496 5657 1628 5728 ipsa
1655 5656 1848 5727 ﬁgura
1899 5658 2007 5714 erit
2061 5659 2160 5717 ex'

2254 3259 2525 3314 culorum
2551 3266 2719 3315 erant
2750 3260 3036 3332 :equales.
3066 3264 3214 3317 Nam
3243 3259 3605 3316 circulorum
3634 3260 3917 3318 diametri

2253 3348 2493 3405 fuerunt
2522 3349 2714 3418 TCK,
2748 3352 2791 3404 H
2826 3356 2862 3401 B
2893 3352 2936 3405 K
2967 3392 2983 3420 ,
3011 3349 3052 3404 L
3075 3358 3120 3406 Α
3151 3353 3214 3417 II,
3248 3353 3289 3406 Τ
3318 3353 3361 3405 D
3388 3350 3449 3416 L,
3483 3367 3556 3406 ex
3585 3351 3815 3424 quibus
3849 3353 3919 3409 ﬁt

2253 3439 2620 3512 quadratum
2645 3439 2685 3492 ll
2719 3441 2765 3494 Κ
2799 3441 2835 3493 L
2858 3442 2920 3496 T.
2954 3443 3072 3494 Hoc
3098 3446 3298 3496 autem
3340 3439 3609 3496 efﬁciunt
3657 3441 3914 3512 sphaerae

2255 3527 2550 3593 diametri,
2577 3526 2744 3599 quod
2766 3527 3030 3598 oportuit
3048 3527 3482 3584 demonstrare.

2325 3616 2376 3670 4.
2407 3617 2525 3670 Hoc
2550 3621 2750 3670 autem
2782 3615 2947 3688 quod
2977 3616 3037 3670 in
3069 3615 3290 3672 circulo
3336 3616 3738 3688 ostendimus,
3782 3634 3911 3676 non

2253 3704 2412 3760 cadit
2436 3705 2496 3759 in
2529 3721 2773 3760 omnem
2794 3703 3012 3759 lineam
3036 3705 3337 3776 quadrati,
3363 3707 3917 3778 etomnequadrati

2256 3800 2657 3866 segmentum,
2676 3811 2810 3867 quae
2827 3811 2931 3866 per
2944 3795 3210 3849 medium
3226 3799 3281 3850 et
3293 3801 3566 3850 centrum
3579 3795 3916 3854 ducuntur.

2252 3887 2445 3956 Atque
2471 3884 2586 3938 hoc
2615 3883 2774 3938 idem
2793 3883 2947 3938 valet
2978 3883 3055 3938 ad
3083 3883 3492 3955 probandum,
3515 3899 3638 3939 non
3663 3899 3916 3944 omnem

2250 3972 2528 4046 quadrati
2547 3971 2907 4027 diametrum
2921 3977 3308 4045 porcentrum
3321 3977 3375 4027 et
3389 3972 3651 4028 medium
3665 3973 3917 4032 ductam

2249 4063 2408 4118 idem
2440 4062 2806 4134 quadratum
2821 4061 3055 4118 efﬁcere
3077 4079 3214 4116 cum
3229 4077 3298 4117 eo
3311 4061 3485 4132 cujus
3498 4066 3587 4117 est
3599 4063 3906 4132 diameter,

2248 4166 2444 4223 neque
2470 4151 3383 4221 omnemquadratidiametrum
3399 4151 3653 4207 alterum
3677 4152 3908 4210 efﬁcere

2248 4239 2613 4310 quadratum
2645 4238 2875 4311 aequale
2897 4239 2948 4294 ei
2979 4240 3151 4310 cujus
3174 4245 3260 4295 est
3307 4240 3618 4297 diameter.
3670 4243 3920 4316 Oportet

2375 4391 3745 5436 ἒ

2239 5571 2417 5640 igitur
2437 5569 2750 5626 ostendere
2770 5569 3097 5643 inaequales
3111 5587 3238 5627 esse
3253 5572 3532 5644 quadrati
3552 5572 3922 5641 diametros;

2237 5677 2366 5718 esse
2392 5676 2634 5736 quoque
2658 5660 2986 5740 inaequales
3021 5661 3263 5731 ﬁguras,
3285 5678 3422 5734 qua:
3453 5678 3522 5717 ex
3555 5662 3650 5718 his
3711 5665 3920 5724 conﬁ-
