4130 6400
217 386 356 443 1373

1125 384 1476 442 THEODORI
1505 383 1552 437 ΙΙ
1581 382 1727 440 IMP.
1756 381 1846 438 DE
1872 381 2334 439 COMMUNIONE
2359 382 2737 439 NATURALI.

3501 381 3640 442 1374

237 529 363 585 τρος
398 513 689 568 συνέστησε
718 512 776 561 16
824 514 931 562 ΒΚ
964 515 1009 562 Λ
1056 515 1095 561 Γ
1142 510 1483 583 τετράγωνον,
1540 507 1601 559 οὗ
1653 506 1850 580 πλευρά
1905 519 1954 570 Α
2009 510 2216 578 κέντρον
2265 509 2322 558 τὸ
2361 514 2410 560 Χ
2459 510 2619 568 οὕτως
2647 511 2737 560 καὶ
2796 514 2887 560 τοῦ
2934 513 2983 560 Ν
3017 513 3067 560 Ω
3110 511 3150 558 Γ
3194 507 3234 560 Ξ
3288 510 3611 580 τετραγώνου

238 604 464 672 γέγονεν.
497 598 653 671 Ἔχει
679 596 740 652 δε
769 602 828 652 τὸ
859 602 972 670 μεν,
1005 605 1046 652 Δ
1106 605 1142 651 Β
1187 604 1224 650 Γ
1273 605 1307 648 Δ
1353 595 1450 650 δύο
1503 601 1732 668 τρίγωνα
1785 597 1850 648 τά

241 695 279 742 Δ
311 695 409 741 ΒΓ
455 692 514 740 τὸ
560 685 621 741 δε
676 695 712 740 Β
754 694 795 741 K
840 693 885 741 A
918 694 956 739 Γ
996 708 1009 720 ο
1045 691 1280 760 τέσσαρα
1334 683 1427 739 ἶσα
1466 693 1576 747 τοῖς
1615 681 1742 738 δυσὶ
1789 688 1849 738 τὸ

240 783 967 831 ΔΒΚΔΛΚΔΓΛΔΓ
1005 783 1061 842 Β,
1109 773 1260 828 οὔδε
1321 778 1386 828 τά
1437 771 1693 848 τεταρδύο
1740 780 1849 836 τοῖς

237 886 378 928 τινος
412 863 572 919 δυσὶν
628 869 878 939 ἡμίσεσιν
931 862 1042 931 ἶσα,
1094 869 1153 917 1'6
1211 864 1324 917 ὅλον
1383 861 1662 917 διπλάσιόν
1710 862 1848 915 ἐστιν

241 956 426 1025 αὐτοῦ,
473 962 564 1008 τοῦ
613 961 652 1007 Α
709 962 746 1008 Β
774 961 812 1006 Γ
866 962 900 1007 Δ
957 975 970 988 ο
1000 954 1103 1028 ἄρα
1132 959 1189 1006 τό
1251 961 1286 1006 Β
1343 961 1384 1006 Κ
1430 960 1470 1006 Λ
1512 959 1550 1004 Γ
1594 953 1849 1026 τετράγω-

237 1063 322 1096 νον
377 1040 660 1096 διπλάσιόν
698 1042 859 1097 ἐστιν.
918 1043 975 1095 Ἠ
1043 1044 1147 1114 ἄρα
1206 1050 1299 1094 τοῦ
1378 1045 1703 1114 τετραγώνου
1748 1048 1848 1090 τῶν

237 1141 439 1204 γωνιῶν
501 1129 778 1207 διάμετρος
852 1129 1133 1184 διπλάσιον
1193 1131 1354 1183 αὑτοῦ
1401 1135 1712 1188 συνίστησιν
1771 1126 1849 1180 ἀεὶ

234 1224 578 1296 τετράγωνον,
670 1223 792 1296 ὅπερ
855 1218 966 1274 ἔδει
1052 1217 1240 1284 δεῖξαι.
1334 1221 1588 1272 Δεικνύειν
1650 1214 1708 1270 δε
1768 1213 1851 1269 δεῖ

237 1309 658 1383 ὁμολογουμένως
731 1313 799 1362 τὰ
883 1307 1294 1381 ἀποδειχθέντα.
1379 1315 1465 1360 Δεῖ
1512 1315 1637 1380 γοῦν
1677 1303 1850 1369 δεῖξαι

237 1400 323 1452 ὃτι
351 1403 442 1452 καὶ
479 1401 511 1458 ἡ
570 1405 617 1452 Ν
660 1406 708 1452 Ω
759 1395 1042 1473 διάμετρος
1097 1406 1196 1450 τῶν
1254 1398 1460 1450 εὐθειῶν
1507 1403 1600 1448 τοῦ
1643 1401 1681 1447 Α
1730 1402 1767 1446 Β
1812 1401 1848 1445 Δ

239 1494 584 1563 τετραγώνου,
647 1493 970 1563 τετραγώνου
1024 1507 1078 1540 τε
1136 1489 1287 1540 θεῖσα
1337 1486 1534 1561 πλευρὰ
1586 1483 1698 1536 ἶσον
1758 1487 1848 1535 καὶ

240 1578 397 1630 πάλιν
431 1577 558 1629 αὖτό
610 1583 748 1630 ποιεῖ
777 1577 932 1652 οὗπέρ
982 1575 1095 1628 ἐστι
1135 1573 1433 1648 διάμετρος.
1481 1577 1627 1629 Ἐπεὶ
1676 1577 1848 1625 τοίνυν

242 1671 400 1739 μέσον
429 1674 530 1719 τῶν
583 1665 658 1738 ἄγ’
693 1666 930 1739 ἑκάτερον
980 1664 1228 1737 ἀνάλογόν
1259 1663 1372 1716 ἐστι
1418 1667 1477 1716 τὸ
1532 1669 1580 1716 Ν
1615 1669 1706 1722 τῆς
1739 1667 1778 1712 Β
1808 1667 1847 1714 Α

246 1755 487 1830 πλευρᾶς,
542 1763 635 1808 τοῦ
686 1761 722 1808 Α
755 1763 793 1808 Β
823 1761 862 1808 Γ
890 1762 926 1808 Δ
978 1774 1322 1828 τετραγώνου,
1389 1757 1504 1806 ἔστι
1557 1749 1616 1804 δε
1667 1755 1757 1803 καὶ
1813 1752 1844 1808 ἠ

243 1851 293 1899 Ν
322 1853 354 1900 2
378 1848 471 1904 ἴση
525 1852 588 1917 τῇ
643 1851 682 1899 Δ
723 1851 780 1913 Β,
813 1847 883 1907 ὡς
913 1840 1234 1915 ἀπεδείχθη,
1264 1848 1354 1895 καὶ
1393 1845 1424 1901 ἠ
1464 1849 1503 1896 Α
1553 1846 1688 1914 μέση
1726 1839 1847 1892 6nd-

239 1934 390 2006 λογός
415 1933 530 1986 ἐστι
549 1941 646 1996 τῆς
675 1941 710 1988 Σ
737 1940 802 1989 Ν.
855 1934 989 1987 Ἐπεὶ
1025 1930 1084 1986 δε
1131 1941 1227 1996 τῆς
1256 1940 1301 1986 Ν
1347 1929 1630 2005 διαμέτρου
1686 1933 1848 2001 πέρας

236 2023 355 2078 ἆστὶ
395 2027 451 2076 τὸ
482 2030 530 2076 Ω
555 2030 648 2075 τοῦ
687 2030 726 2077 Α
758 2030 796 2076 Β
822 2029 859 2075 Γ
887 2029 922 2074 Δ
961 2027 1306 2096 τετραγώνου,
1351 2024 1464 2074 ἔστι
1532 2017 1591 2073 δὴ
1646 2022 1846 2092 πέρατα

233 2120 334 2174 τῆς
367 2119 407 2168 Α
441 2119 477 2164 Β
522 2111 746 2186 πλευρᾶς
797 2113 827 2171 ἠ
886 2117 923 2164 Γ
989 2119 1044 2182 Δ,
1103 2115 1195 2164 καὶ
1250 2113 1280 2169 ἠ
1327 2118 1374 2162 Ω
1414 2113 1548 2182 μέση
1596 2107 1843 2180 ἀνάλογός

235 2199 350 2253 ἐστι
377 2209 438 2273 τῇ
481 2208 516 2254 Δ
557 2207 614 2257 Γ.
655 2206 755 2255 Καὶ
786 2199 892 2253 ἐπεὶ
960 2197 1018 2252 δε
1065 2201 1096 2260 ἡ
1142 2207 1181 2253 Α
1211 2204 1369 2272 γωνία
1402 2203 1536 2271 μέση
1597 2196 1844 2269 ἀνάλογος

237 2290 354 2344 έστι
377 2299 438 2363 τῇ
490 2298 534 2344 Ν
565 2299 598 2344 Σ
627 2290 842 2363 πλευρᾷ,
901 2295 991 2343 καὶ
1025 2292 1055 2350 ἠ
1114 2296 1152 2342 Γ
1179 2295 1342 2360 γωνία
1400 2293 1535 2360 μέση
1597 2286 1844 2359 ἀνάλογος

235 2378 353 2434 ἔστι
383 2389 444 2454 τῇ
476 2387 524 2433 Ω
553 2387 589 2433 Ρ
625 2383 824 2454 πλευρᾷ
868 2401 881 2415 ο
914 2388 1026 2442 τοῖς
1049 2383 1148 2454 γὰρ
1177 2383 1312 2440 ἴσοις
1352 2375 1444 2431 ἶσα
1471 2378 1839 2452 προστεθέντα,

235 2470 406 2522 πάντα
446 2466 537 2522 ἶσοί
575 2468 713 2522 ἔστιν
755 2490 768 2504 ·
803 2469 911 2522 ἐπεὶ
968 2465 1028 2522 δε
1077 2477 1138 2542 τῇ
1194 2475 1240 2522 Ν
1286 2476 1334 2520 Ω
1385 2464 1649 2540 διαμέτρῳ
1705 2470 1839 2536 μέση

238 2557 491 2629 ἀνάλογος
517 2558 658 2611 ἔστιν
697 2560 726 2616 ἠ
761 2566 809 2612 Χ
839 2561 908 2621 ὡς
931 2567 1024 2611 τοῦ
1075 2566 1116 2612 Α
1162 2565 1198 2612 Β
1222 2564 1259 2610 Γ
1307 2565 1343 2610 Δ
1391 2561 1624 2630 κέντρου,
1671 2557 1841 2627 ὑπάρ-

240 2666 334 2718 χει
366 2643 712 2720 δεὴΝΩτῇ
747 2650 1002 2710 ΑΒῖση,
1037 2647 1164 2700 ἀλλὰ
1197 2643 1264 2705 δὴ
1321 2646 1500 2718 καὶτῇ
1536 2653 1570 2698 Δ
1602 2650 1639 2696 Γ
1686 2642 1843 2716 ἀναγ-

1334 1221 1588 1272 Δεικνύειν
1650 1214 1708 1270 δε

240 2740 406 2788 καίως
448 2741 538 2787 καὶ
565 2740 622 2788 τὸ
663 2745 708 2790 Θ
739 2741 928 2811 κέντρῳ
959 2739 1072 2789 ἐστι
1101 2745 1193 2788 τοῦ
1223 2743 1268 2789 Ν
1295 2744 1342 2788 Ω
1372 2742 1408 2788 Γ
1439 2743 1470 2787 Σ
1500 2739 1842 2808 τετραγώνου,

238 2821 423 2882 ἐπειδὴ
454 2829 513 2877 τὸ
546 2831 584 2878 Α
646 2830 780 2897 μέση
837 2824 1085 2897 ἀνάλογος
1113 2829 1226 2878 ἐστι
1259 2834 1320 2898 τῇ
1376 2832 1416 2877 Ν
1451 2832 1483 2876 Σ
1514 2824 1729 2894 πλευρᾷ.
1760 2821 1843 2882 Ὠς

236 2915 340 2987 γὰρ
371 2921 463 2966 τοῦ
517 2921 554 2967 Α
591 2921 628 2968 Β
655 2921 693 2967 Γ
722 2922 757 2968 Δ
786 2921 1109 2988 τετραγώνου
1141 2917 1170 2974 ἡ
1214 2923 1259 2968 Ν
1305 2922 1378 2976 Ως
1445 2910 1746 2986 διάμετρος,
1779 2911 1844 2972 ἧς

2013 592 2288 668 διάμετρος
2318 596 2377 656 ἧς
2415 595 2531 648 ἐστι
2567 593 2860 669 κέντροίτὸ
2893 604 2960 650 Θ.
2991 595 3082 658 Ὠς
3121 597 3224 669 γὰρ
3250 596 3281 653 ἡ
3336 602 3390 648 Μ
3450 603 3496 648 Θ

2009 685 2807 758 ΩΝἴση,οῦτωκαὶὴΧΨτῇ
2845 690 3100 739 ΑΓ·καὶ
3129 686 3254 745 ὡςή
3289 690 3328 735 Α
3361 690 3612 756 ΓτῇΝΣ

2007 777 2126 843 ἴση,
2158 774 2321 837 οὕτως
2347 780 2437 827 καὶ
2461 777 2491 832 ἠ
2521 782 2568 827 Ω
2598 782 2636 828 Φ
2667 783 2727 848 τῇ
2758 783 2792 828 Σ
2823 782 2859 826 Ρ
2879 779 2969 828 καὶ
2995 777 3025 834 ἡ
3059 783 3106 828 Χ
3134 781 3180 828 Ψ
3199 771 3303 848 ἆρα
3328 775 3519 846 ὁμοίως
3543 781 3607 847 τῇ

2011 870 2056 914 Θ
2086 870 2159 918 M.
2191 863 2335 916 Ἐπεὶ
2367 866 2464 938 γὰρ
2498 866 2527 922 ἡ
2571 871 2611 917 Α
2665 870 2701 916 Β
2731 867 2821 922 ἴση
2853 862 2967 918 ἐστὶ
3004 871 3066 935 τῇ
3111 869 3159 916 Ν
3182 871 3216 916 Σ
3247 862 3374 916 ἀλλὰ
3400 868 3490 915 καὶ
3545 871 3608 936 τῇ

2010 959 2047 1004 Β
2074 958 2129 1020 Δ,
2158 957 2249 1004 καὶ
2279 955 2308 1011 ἡ
2335 959 2371 1005 Β
2399 963 2432 1006 Δ
2457 957 2549 1011 ἴση
2579 952 2692 1006 ἐστὶ
2723 962 2785 1026 τῇ
2814 961 2850 1006 Δ
2877 959 2934 1019 Γ,
2964 955 3111 1010 καὶὴ
3140 959 3176 1005 Δ
3215 958 3254 1003 Γ
3281 955 3372 1009 ἴση
3401 951 3512 1004 ἐστὶ
3544 960 3606 1024 τῇ

2011 1047 2048 1094 Γ
2075 1045 2140 1108 Α,
2167 1047 2254 1094 καὶ
2277 1045 2306 1100 ἡ
2334 1050 2370 1094 Γ
2391 1046 2543 1100 Λῖση
2568 1041 2679 1095 ἐστὶ
2700 1051 2762 1116 τῇ
2795 1051 2833 1096 Λ
2861 1049 2918 1106 Β,
2945 1062 3036 1093 και
3067 1041 3110 1093 εἰ
3127 1047 3286 1101 τῆςΑ
3312 1043 3613 1102 Βῖσηςποὲ-

2011 1151 2127 1192 σαις
2152 1131 2290 1184 ἐστίν
2317 1134 2345 1190 ἡ
2375 1139 2457 1186 ΝΣ
2482 1135 2575 1191 ἴση
2601 1134 2795 1192 πάσαις
2821 1130 2935 1184 ἐστί
2957 1137 3074 1192 ταῖς
3094 1133 3238 1192 ἴσαις
3267 1129 3422 1201 αὐτῇ.
3452 1130 3612 1182 Πάλιν

2009 1220 2190 1279 ἐπειδὴ
2227 1223 2257 1279 ἡ
2292 1229 2337 1274 Ν
2367 1229 2400 1276 Σ
2451 1225 2542 1279 ἴση
2577 1222 2690 1274 ἐστί
2727 1229 2789 1294 τῇ
2853 1226 2897 1280 Α
2947 1225 2986 1272 Β
3012 1218 3140 1276 ἀλλὰ
3169 1238 3260 1270 και
3288 1220 3318 1277 ἠ
3352 1226 3386 1271 Σ
3443 1225 3482 1272 Φ
3520 1221 3610 1277 ἴση

2423 1341 2464 1392 Σ
2558 1347 2739 1402 WA
2927 1345 2974 1398 Ν
3180 1346 3222 1402 Β

2393 1605 2435 1655 Ψ

2408 1918 2448 1966 Ρ
2661 1918 2698 1973 Γ
2922 1921 2982 1977 Ω
3195 1931 3232 1979 Δ

2007 2033 2222 2105 ἑστίτῇ
2287 2040 2418 2102 ΡΩ,
2469 2037 2688 2095 καιήΡ
2751 2037 2920 2092 Ωἴση
2979 2035 3096 2086 ἐστί
3131 2039 3278 2106 τῇΩ
3324 2036 3391 2100 Ν,
3431 2045 3523 2080 και
3574 2024 3604 2086 ἦ

2006 2127 2053 2173 Ν
2081 2128 2129 2173 Ω
2164 2123 2255 2180 ἴση
2289 2121 2402 2176 έστί
2426 2132 2488 2197 τῇ
2521 2131 2568 2177 Ν
2610 2131 2643 2176 2
2674 2127 2718 2176 εἰ
2757 2131 2848 2186 τῆς
2894 2129 2939 2176 Ν
2995 2129 3028 2176 Σ
3081 2125 3175 2180 ἴση
3225 2120 3361 2186 ἐστί,
3391 2118 3608 2182 πάσαις,

2006 2211 2037 2268 ἢ
2094 2215 2132 2262 Α
2187 2217 2222 2263 Β
2249 2214 2341 2270 ἴση
2375 2211 2488 2266 ἐστί
2545 2219 2660 2274 ταῖς
2706 2215 2853 2275 ἴσαις
2905 2211 3060 2283 αὐτῇ,
3105 2214 3207 2264 Καί
3265 2208 3375 2262 ἐπεί
3415 2208 3470 2260 αἱ
3515 2210 3608 2256 τοῦ

2006 2305 2044 2352 Α
2084 2307 2118 2351 Β
2160 2306 2197 2354 Γ
2228 2309 2263 2354 Δ
2327 2307 2650 2373 τετραγώνου
2707 2301 2924 2375 πλευραί
2979 2296 3092 2354 ἶσαί
3176 2298 3279 2351 εἰσι
3353 2302 3468 2357 ταῖς
3515 2301 3608 2346 τοῦ

2662 2387 2684 2403 .,
2825 2388 2838 2405 ,
3049 2391 3059 2405 ,
3169 2389 3180 2403 ,
3267 2382 3290 2399 ν
3505 2387 3515 2398 .

2004 2395 2048 2442 Ν
2077 2397 2109 2442 Σ
2140 2397 2262 2460 ΡΩ,
2299 2410 2388 2442 και
2443 2399 2608 2444 ταῦτα
2662 2391 2754 2446 ισά
2817 2409 2950 2444 εστι.
2995 2396 3073 2448 Τα
3122 2407 3224 2462 γαρ
3269 2405 3358 2438 ισα
3401 2385 3610 2444 τεθεντα

2003 2481 2159 2540 ἴσοις,
2195 2482 2360 2531 πάντα
2385 2476 2480 2532 ἶσά
2515 2478 2649 2545 ἐστι,
2703 2499 2793 2532 και
2824 2479 2890 2530 ὧν
2931 2474 3024 2530 ἶσα
3051 2479 3117 2534 τὰ
3142 2481 3270 2552 μέρη
3324 2494 3413 2528 και
3443 2479 3610 2526 ταῦτα

2005 2565 2097 2621 ἷσά
2127 2567 2261 2637 ἐστι,
2291 2588 2382 2620 και
2433 2571 2490 2621 αἱ
2543 2565 2819 2642 διάμετροι
2863 2567 3029 2620 αὐτῶν
3069 2563 3184 2619 ἶσαί
3239 2565 3343 2618 εἰσι
3398 2583 3489 2616 και
3543 2565 3609 2614 τὰ

2003 2662 2186 2731 κέντρα
2223 2657 2391 2709 αὐτῶν
2416 2661 2566 2720 ἴσους
2596 2661 2787 2730 ἔχουσι
2835 2661 3046 2717 τόπους,
3100 2675 3187 2706 και
3224 2657 3284 2706 τὸ
3315 2660 3363 2707 Χ
3417 2654 3520 2724 ἄρα
3560 2659 3606 2704 Θ

2006 2747 2072 2807 εἰς
2145 2749 2198 2798 ὃν
2237 2747 2343 2799 εἰσι
2399 2752 2605 2820 κέντρα,
2656 2767 2748 2798 και
2800 2754 2968 2800 ταῦτα
3025 2744 3117 2798 ἶσά
3172 2743 3333 2797 ἔστιν.
3387 2749 3446 2795 Ἦ
3503 2743 3608 2813 οἰρα

2001 2843 2092 2888 τοῦ
2146 2841 2467 2910 τετραγώνου
2525 2833 2805 2910 διάμετρος
2859 2837 2888 2893 ἡ
2943 2834 3000 2886 ἐκ
3048 2842 3138 2894 τῆς
3189 2833 3428 2907 πλευρᾶς,
3491 2828 3604 2883 ἶσον

2003 2933 2075 2985 τῷ
2106 2925 2166 2977 οὗ
2227 2922 2288 2984 ἦν
2353 2931 2694 2999 τετραγώνου,
2753 2927 2874 3001 ὅπερ
2938 2921 3046 2977 ἔδει
3085 2921 3253 2986 δεῖξαι
3298 2943 3311 2956 ο
3365 2942 3456 2975 και
3493 2920 3601 2974 ἐπεί

214 3135 468 3201 ciuntur,
493 3136 616 3192 sive
633 3136 752 3192 sint
780 3136 1005 3203 circuli,
1035 3137 1158 3192 sive
1177 3136 1494 3209 quadrata.
1525 3138 1659 3190 Esto
1690 3138 1734 3188 A
1768 3135 1804 3186 Β
1827 3133 1865 3186 C
1903 3134 1942 3189 C
1976 3129 2079 3185 dia
2099 3127 2566 3200 proportionalis
2594 3127 2871 3184 diametri
2898 3129 2940 3184 Ν
2973 3129 3039 3186 0.
3065 3132 3122 3183 et
3151 3131 3240 3182 est
3279 3125 3482 3182 media
3533 3123 3634 3181 illa

212 3227 258 3280 Ι)
284 3226 667 3298 quadratum,
703 3243 889 3298 supra
908 3231 1216 3282 ostensum
1248 3233 1336 3281 est
1364 3229 1400 3280 Β
1428 3227 1467 3282 C
1505 3226 1865 3280 diametrum
1976 3218 2318 3291 quadratiA
2349 3220 2384 3271 Β
2409 3219 2513 3272 CD
2537 3222 2828 3272 centrum.
2871 3219 2970 3274 Est
3026 3221 3227 3273 autem
3287 3219 3332 3272 N
3374 3217 3417 3272 Ο
3475 3214 3632 3271 linea

210 3315 587 3371 constituisse
618 3317 655 3369 Β
685 3316 736 3368 Κ
763 3318 798 3370 Ι,
838 3316 878 3370 C
899 3315 1285 3386 quadratum,
1335 3317 1510 3383 cujus
1553 3313 1706 3369 latus
1736 3311 1868 3383 ipsa
1975 3307 2225 3380 aqualis
2248 3306 2416 3362 linea
2439 3311 2481 3360 A
2514 3309 2569 3368 Β,
2595 3311 2649 3361 et
2681 3311 2970 3378 praterea
2996 3306 3168 3361 linea
3203 3307 3246 3359 ι)
3279 3306 3336 3371 C,
3362 3320 3630 3360 necessa-

207 3402 721 3459 diametereﬂecta
735 3409 846 3466 est.
863 3404 1268 3460 Habetautem
1296 3404 1663 3477 quadratum
1679 3401 1865 3455 ΑΒ(ὶο

207 3490 333 3546 duo
350 3492 668 3564 triangula,
688 3509 906 3566 nempe
932 3494 974 3546 D
1003 3496 1040 3548 Β
1062 3495 1101 3549 C
1117 3499 1173 3549 et
1189 3495 1236 3548 A
1259 3497 1298 3550 Β
1320 3495 1377 3549 C.
1403 3499 1474 3550 At
1500 3493 1865 3565 quadratum

208 3581 249 3634 B
280 3581 325 3634 K
361 3582 397 3635 L
437 3583 475 3635 C
508 3581 688 3636 habet
717 3589 976 3653 quatuor
1005 3582 1305 3652 triangula
1335 3581 1614 3654 aqualia.
1647 3594 1867 3650 nempe

205 3669 417 3735 DBK,
451 3669 557 3724 DL
586 3672 652 3740 Κ,
707 3673 748 3726 D
799 3672 840 3727 C
889 3670 1018 3740 L,D
1059 3673 1100 3728 C
1133 3673 1188 3726 Β.
1236 3672 1503 3736 Quorum
1559 3670 1682 3725 duo
1727 3673 1867 3722 sunt

203 3757 467 3829 aqualia
486 3757 726 3813 duobus
755 3758 870 3814 illis
889 3775 1026 3830 qua
1047 3759 1190 3815 illud
1209 3759 1481 3830 superius
1499 3757 1865 3830 quadratum

203 3845 593 3902 constituunt.
623 3847 802 3918 Cujus
829 3863 972 3903 vero
993 3854 1253 3920 quatuor
1280 3853 1477 3920 partes
1500 3853 1638 3902 sunt
1664 3852 1861 3911 tanta,

206 3933 494 3992 utharum
517 3935 652 3992 dua
665 3936 907 3993 duabus
919 3937 1183 3994 dimidiis
1195 3936 1468 4009 partibus
1481 3937 1735 4006 alicujus
1748 3935 1866 3992 sint

205 4025 492 4095 aquales,
509 4031 666 4081 certe
683 4029 870 4082 totum
890 4025 1037 4082 illud
1057 4032 1150 4081 est
1171 4026 1421 4098 duplum
1447 4025 1647 4096 hujus.
1672 4026 1864 4090 Quare

202 4112 569 4184 quadratum
595 4117 633 4170 Β
664 4116 709 4170 Κ
740 4117 776 4170 Ι,
807 4116 848 4168 C
876 4114 1238 4188 estduplum
1280 4115 1559 4188 quadrati
1590 4122 1635 4171 Α
1661 4114 1700 4166 Β
1731 4115 1769 4169 C
1792 4115 1861 4168 D.

203 4203 518 4275 Diametey
549 4219 692 4274 ergo
750 4203 1106 4273 angulorum
1148 4204 1425 4277 quadrati
1473 4203 1727 4275 duplum
1772 4203 1861 4275 ip-

200 4292 327 4347 sius
353 4291 630 4362 quadrati
660 4293 964 4349 constituit
991 4293 1374 4364 quadratum,
1402 4294 1566 4365 quod
1598 4293 1862 4364 oportuit

199 4379 615 4436 demonstrare
626 4424 638 4438 .
655 4384 893 4454 Oportet
914 4397 946 4438 a
957 4387 1116 4438 utem
1131 4383 1243 4438 hoc
1258 4384 1453 4456 ipsum
1467 4399 1539 4437 ex
1568 4382 1857 4437 confessis

2373 3431 3226 4056 π

1969 4117 2058 4173 rio
2078 4120 2120 4174 T
2143 4123 2410 4176 centrum
2437 4119 2546 4174 erit
2573 4117 2853 4190 quadrati
2876 4118 2918 4172 N
2943 4117 2988 4172 0
3027 4116 3064 4172 S
3113 4115 3182 4180 Q.
3227 4115 3295 4170 Ut
3325 4110 3485 4166 enim
3513 4110 3554 4164 Ν
3580 4108 3624 4162 0

1970 4210 2059 4262 est
2088 4206 2380 4262 diameter
2400 4206 2676 4278 quadrati
2709 4212 2755 4261 Α
2787 4208 2824 4260 Β
2857 4207 2977 4270 Cl),
3015 4203 3189 4273 cujus
3233 4204 3503 4257 centrum
3538 4201 3628 4253 est

1968 4298 2008 4350 P
2036 4312 2048 4350 :
2075 4295 2156 4352 ita
2179 4297 2482 4369 quoqueA
2515 4298 2554 4351 Ο
2585 4301 2671 4351 est
2710 4295 2995 4350 diameter
3046 4290 3320 4364 quadrati
3343 4293 3386 4345 N
3411 4290 3454 4345 Ο
3485 4289 3520 4344 S
3553 4288 3623 4356 Ο,

1967 4385 2140 4457 cujus
2168 4392 2433 4441 centrum
2459 4391 2546 4441 est
2563 4388 2621 4440 T.
2653 4387 2720 4440 Ut
2749 4384 2909 4440 enim
2933 4387 2980 4440 Μ
3007 4385 3048 4439 Τ
3077 4382 3234 4438 linea
3265 4385 3354 4436 est
3377 4376 3626 4451 aqualis

198 4469 574 4541 apertissime
597 4469 924 4527 declarare.
979 4472 1522 4527 Demonstrandum
1555 4477 1644 4527 est
1679 4471 1858 4539 igitur
1890 4491 1932 4544 ο
1965 4475 2136 4532 linea
2167 4474 2210 4529 N
2227 4477 2291 4541 0,
2311 4477 2392 4531 ita
2411 4491 2656 4548 quoque
2678 4474 2720 4528 P
2745 4477 2787 4530 Β
2805 4471 3161 4545 estaqualis
3197 4469 3372 4526 linea
3399 4473 3448 4524 Α
3473 4470 3534 4524 C.
3561 4469 3627 4522 Et

197 4559 366 4631 quod
391 4559 684 4615 diameter
710 4564 1008 4616 rectarum
1038 4559 1333 4616 linearum
1365 4563 1407 4616 Ν
1463 4562 1528 4631 Ο,
1577 4559 1857 4632 quadrati

201 4651 246 4702 Δ
279 4649 316 4702 Β
340 4651 378 4704 C
408 4650 470 4715 D,
505 4647 552 4704 si
583 4647 858 4705 ﬁatlatus
888 4648 1254 4721 quadratum
1269 4649 1500 4722 aequale
1532 4651 1856 4706 constituat

199 4735 252 4792 ei
283 4736 606 4809 quadrato,
629 4739 804 4809 cujus
832 4743 921 4794 est
945 4737 1256 4793 diameter.
1309 4739 1608 4803 Quoniam
1653 4744 1853 4794 autem

194 4829 240 4883 N
273 4833 362 4883 est
379 4826 648 4883 medium
672 4828 950 4899 utrinque
978 4827 1422 4898 proportionale
1440 4826 1640 4883 lateris
1662 4838 1703 4883 A
1730 4830 1768 4880 Β
1794 4830 1854 4884 in

193 4916 495 4990 quadrato
527 4921 569 4971 Α
595 4919 632 4972 Β
653 4919 692 4973 C
726 4920 788 4973 ι).
815 4919 1126 4973 Estautem
1149 4918 1190 4972 N
1217 4918 1260 4981 Ο
1284 4916 1719 4988 aqualislinea
1743 4920 1852 4985 ΑΒ,

192 5010 263 5061 ut
278 5005 443 5077 prius
463 5005 940 5064 demonstratum
961 5010 1072 5074 est,
1089 5021 1234 5061 sane
1252 5008 1296 5059 A
1316 5006 1582 5062 medium
1599 5007 1853 5062 alterum

192 5093 646 5166 proportionale
694 5096 806 5149 erit
884 5093 1057 5149 linea
1099 5096 1143 5159 Ο
1190 5097 1256 5149 Ν.
1311 5095 1610 5159 Quoniam
1651 5101 1849 5151 autem

190 5182 474 5238 diametri
503 5186 546 5239 N
575 5183 926 5255 quadratiA
968 5185 1008 5237 Β
1060 5185 1098 5238 C
1138 5185 1201 5249 D,
1258 5183 1546 5238 terminus
1596 5190 1682 5240 est
1736 5186 1779 5241 0
1835 5204 1848 5240 :

190 5275 340 5329 sunt
359 5277 557 5328 autem
581 5276 620 5328 C
651 5274 694 5326 D
717 5271 951 5328 αετωὶΠὶ
989 5272 1191 5328 lateris
1234 5278 1280 5327 Α
1311 5274 1371 5342 Β,
1420 5273 1530 5332 erit
1577 5275 1620 5330 Ο
1654 5273 1848 5329 simili-

188 5367 281 5418 ter
303 5361 571 5417 medium
593 5360 1042 5433 proportionale
1063 5361 1260 5416 lateris
1295 5365 1333 5416 Ι)
1357 5362 1418 5418 C.
1456 5364 1520 5417 Et
1559 5363 1850 5436 quoniam

187 5449 455 5520 angulus
506 5449 742 5506 medius
824 5455 870 5505 Α
935 5455 1026 5506 est
1095 5451 1601 5522 proportionnalis
1650 5452 1851 5508 lateris

184 5541 235 5596 Ν
269 5538 337 5607 Ο,
377 5539 636 5610 angulus
692 5555 936 5610 quoque
989 5539 1029 5594 C
1082 5541 1190 5594 erit
1237 5540 1472 5595 medius
1517 5541 1851 5613 proportio-

181 5627 342 5687 nalis
361 5628 529 5684 lateri
551 5630 594 5684 0
615 5629 670 5684 S.
698 5628 1048 5700 Equalibus
1070 5629 1227 5684 enim
1252 5629 1513 5700 aequalia
1539 5629 1588 5684 si
1618 5630 1850 5688 addan-

182 5725 285 5782 tur
303 5717 510 5773 omnia
534 5721 674 5772 sunt
701 5715 976 5795 aqualia.
1011 5718 1308 5791 Quoniam
1337 5723 1541 5777 autem
1565 5721 1603 5774 P
1618 5723 1707 5780 est
1725 5736 1850 5775 me-

1965 4569 2027 4620 ut
2045 4569 2093 4620 A
2117 4565 2162 4616 Β
2191 4571 2284 4620 est
2311 4563 2559 4637 aqualis
2583 4563 2754 4620 linea
2777 4566 2819 4619 Ν
2843 4564 2888 4629 Q
2915 4580 2927 4618 :
2962 4562 3044 4617 ita
3063 4575 3306 4633 quoque
3351 4559 3512 4614 linea
3539 4559 3623 4612 OS

1962 4658 2051 4710 est
2069 4652 2318 4726 aqualis
2339 4653 2508 4710 linea
2530 4655 2574 4718 Q
2615 4655 2671 4709 S.
2717 4652 2902 4708 Linea.
2941 4667 3083 4719 ergo
3107 4653 3146 4706 P
3183 4653 3340 4705 Rest
3375 4645 3626 4718 aqualis

1961 4742 2132 4798 linea
2163 4746 2204 4800 Τ
2237 4745 2306 4800 Μ.
2350 4746 2498 4798 Cum
2530 4742 2688 4798 enim
2723 4741 2884 4797 linea
2913 4743 2959 4795 A
2993 4745 3026 4796 l‘.
3071 4741 3144 4794 sit
3173 4737 3423 4811 aqualis
3449 4737 3622 4794 linea

1963 4835 2006 4888 N
2039 4834 2082 4897 Q
2131 4838 2312 4904 atque
2355 4833 2533 4888 etiam
2571 4831 2742 4888 linea
2789 4831 2830 4885 Β
2880 4833 2946 4896 D,
2990 4829 3148 4886 linea
3191 4842 3434 4900 quoque
3477 4828 3515 4882 Β
3578 4827 3620 4880 D

1963 4922 2070 4977 erit
2093 4921 2343 4993 aqualis
2371 4921 2542 4976 linea
2566 4924 2607 4975 Ι)
2631 4923 2694 4989 C,
2724 4927 2781 4976 et
2808 4919 2964 4976 linea
2995 4919 3039 4972 υ
3077 4921 3116 4974 C
3159 4916 3409 4989 aequalis
3451 4915 3622 4972 linea

1964 5012 2004 5066 C
2035 5015 2100 5079 A,
2129 5015 2187 5066 et
2214 5009 2372 5065 linea
2392 5010 2432 5063 Ε
2470 5013 2515 5062 Α
2546 5009 2795 5080 aqualis
2811 5007 2982 5064 linea
3003 5011 3045 5062 Α
3071 5009 3128 5060 Β.
3185 5003 3356 5070 Quod
3397 5003 3445 5060 si
3465 5002 3623 5059 linea

1963 5099 2007 5153 N
2069 5101 2112 5165 Q
2164 5097 2336 5154 linea
2399 5105 2446 5153 A
2506 5097 2550 5150 Β
2603 5103 2690 5154 est
2737 5096 3009 5168 aqualis,
3066 5093 3314 5167 aqualis
3366 5099 3453 5149 est
3495 5109 3621 5149 om-

1961 5188 2141 5243 nibus
2162 5187 2299 5242 huic
2321 5185 2675 5259 aqualibus.
2703 5187 2929 5241 Rursus
2960 5184 3250 5256 quoniam
3305 5181 3464 5239 linea
3501 5185 3544 5238 N
3579 5185 3620 5239 G

1961 5282 2050 5332 est
2077 5275 2328 5348 aqualis
2358 5275 2527 5330 lineae
2577 5280 2622 5329 Α
2671 5277 2708 5329 Β
2758 5290 2772 5341 ;
2818 5279 3110 5346 praterea
3157 5272 3317 5328 linea
3365 5273 3408 5337 Q
3458 5272 3493 5327 S
3534 5275 3623 5327 est

1961 5365 2215 5438 aqualis
2239 5364 2410 5420 linea
2449 5366 2485 5418 S
2513 5365 2581 5433 0,
2604 5368 2660 5419 et
2691 5365 2726 5420 S
2760 5364 2802 5419 Ο
2851 5361 3100 5434 aqualis
3129 5366 3222 5417 est
3261 5361 3432 5417 linea
3484 5360 3528 5416 Ο
3574 5363 3618 5416 Ν

1961 5461 2018 5510 et
2040 5455 2196 5510 linea
2219 5455 2262 5510 Ο
2287 5457 2328 5508 Ν
2357 5452 2609 5524 aqualis
2647 5457 2736 5508 est
2772 5451 2944 5507 linea
2988 5454 3032 5507 N
3061 5453 3142 5517 Q:
3184 5451 3228 5507 si
3275 5450 3435 5506 linea
3485 5455 3532 5506 A
3584 5453 3622 5506 Β

1960 5545 2210 5616 aqualis
2240 5549 2330 5598 est
2353 5543 2521 5598 lineae
2545 5544 2587 5597 N
2629 5543 2697 5610 Q,
2726 5547 2788 5597 ut
2814 5546 2902 5597 est
2956 5541 3204 5613 aqualis
3259 5547 3346 5597 est
3374 5556 3622 5613 quoque

1959 5634 2244 5690 omnibus
2278 5638 2336 5688 et
2362 5630 2612 5703 aqualis
2634 5630 2920 5688 omnibus
2983 5631 3099 5702 ipsi
3154 5629 3510 5702 aqualibus.
3556 5631 3621 5685 Et

1957 5721 2249 5802 quoniam
2267 5718 2455 5778 latera
2473 5717 2752 5797 quadrati
2769 5723 2817 5780 Α
2839 5721 2876 5774 Β
2898 5720 2938 5778 C
2969 5717 3016 5772 D
3043 5722 3182 5775 sunt
3195 5716 3456 5799 aqualia
3477 5716 3617 5773 late-
