4130 6390
505 383 641 440 137³5

527 513 652 579 γοῦν
681 507 713 565 ἠ
741 508 935 581 κυρίως
960 501 1236 580 διάμετρος
1289 510 1382 558 τοῦ
1424 510 1774 582 τετραγώνου,
1829 506 1859 565 ἡ
1927 503 1984 558 ἑκ
2031 511 2132 557 τῶν

525 604 724 669 γωνιῶν
751 591 1028 649 διπλάσιον
1053 597 1239 648 τούτου
1264 601 1420 660 ποιεῖ,
1452 596 1483 656 ἠ
1545 593 1604 649 δὲ
1647 595 1702 648 ἐκ
1750 603 1845 656 τῆς
1911 593 2133 666 πλευρᾶς

531 681 642 737 ἶσον
681 683 843 755 αὐτῷ,
878 683 973 736 οὐκ
1011 685 1116 756 ἄρα
1142 686 1238 735 ἶσα
1267 684 1437 736 πάντα
1482 686 1549 738 τὰ
1600 688 1730 758 μέρη
1781 683 1962 754 αὐτοῦ,
2009 684 2132 756 ὅπερ

529 770 636 826 ἔδει
689 769 899 837 δεῖξαι·
956 779 1039 826 Δεῖ
1085 769 1144 826 δὲ
1181 791 1271 825 και
1325 775 1418 835 τὰς
1477 770 1792 849 διαμέτρους
1830 773 1990 826 αὐτοῦ
2043 773 2132 824 κύ-

527 861 650 919 κλου
691 859 1002 938 διαμέτρους
1032 864 1194 917 θεῖναι
1231 881 1322 916 και
1362 859 1532 928 δεῖξαι
1591 865 1672 917 ὃτι
1712 863 1920 925 ἀνίσους
1968 861 2132 926 αὗτάς

1726 1035 1785 1091 N

1712 1714 1770 1772 Ω

529 1868 621 1938 ρία
662 1859 920 1936 διάμετος,
949 1863 980 1922 ἡ
1007 1869 1044 1915 Β
1074 1867 1130 1933 Γ,
1159 1860 1309 1934 ἑτέρα
1334 1857 1394 1914 δί
1423 1860 1452 1917 ἡ
1485 1864 1532 1911 Ν
1559 1864 1605 1909 Ω
1632 1858 1788 1929 μέσον
1821 1850 1881 1907 δὲ
1918 1854 2132 1923 τούτων,
2199 1852 2241 1907 Β

530 1973 622 2008 και
696 1953 800 2008 οἷον
867 1956 1095 2024 κέντρον,
1148 1953 1207 2003 τὸ
1261 1957 1310 2004 Χ
1359 1944 1482 2002 οὐδὲ
1527 1947 1629 2020 γὰρ
1687 1948 1876 2019 κυρίως
1931 1945 2137 2016 κέντρον

531 2039 708 2112 τοῦτο,
764 2039 893 2093 ἀλλὰ
937 2044 1116 2113 μέσον,
1169 2035 1404 2113 διαφέρει
1440 2037 1542 2108 γὰρ
1590 2040 1683 2088 τοῦ
1731 2036 1894 2106 μέσου
1934 2034 1993 2084 τὸ
2027 2033 2137 2082 κέν-

530 2149 650 2205 τρον
694 2133 831 2183 κατὰ
877 2132 963 2184 τὸν
1031 2128 1150 2202 ἰμὸν
1199 2127 1372 2200 λόγον,
1413 2129 1473 2178 τὸ
1505 2125 1584 2178 ὅτι
1640 2124 1695 2176 αἱ
1740 2124 1873 2197 πρὸς
1922 2123 1980 2173 τὸ
2033 2121 2141 2171 κέν-

530 2240 650 2296 τρον
706 2224 1132 2294 προσπίπτουσαι
1183 2217 1375 2270 εὐθεῖαι
1427 2214 1484 2268 ἐκ
1537 2220 1632 2274 τῆς
1675 2213 1983 2286 περιμέτρου
2024 2206 2141 2260 ἶσαι

532 2310 772 2372 ἀλλήλαις
829 2311 952 2378 εἰσί,
1005 2311 1064 2361 τὸ
1119 2304 1178 2361 δὲ
1221 2310 1378 2379 μέσον
1440 2307 1648 2370 τούτου,
1709 2303 1789 2354 ὅτι
1841 2305 2012 2352 πᾶσαι
2051 2301 2140 2371 μὲν

530 2405 952 2474 προσπίπτουσιν
1010 2397 1078 2459 εἰς
1127 2395 1272 2464 αὐτὸ,
1350 2400 1520 2448 πᾶσαι
1602 2388 1660 2445 δὲ
1717 2389 1960 2450 ἀλλήλαις
2026 2384 2141 2440 ἷσαί

531 2489 684 2559 εἰσιν,
727 2491 861 2543 ὥστε
907 2492 1100 2562 κυρίως
1151 2490 1356 2558 κέντρον
1407 2483 1493 2536 ἐπί
1522 2489 1613 2536 τοῦ
1661 2480 1851 2533 κύκλου
1908 2499 1995 2532 και
2047 2485 2142 2540 τῆς

533 2584 759 2655 σφαίρας
817 2578 1165 2652 ὀνομάζεσθαι
1235 2573 1446 2648 λέγομεν
1499 2593 1513 2608 ο
1558 2577 1660 2625 πᾶν
1703 2573 1806 2644 γὰρ
1839 2571 1883 2622 εἶ
1931 2588 1985 2621 τι
2027 2571 2142 2621 κέν-

1907 2707 1954 2764 Β

1199 2765 1952 3344 ι.

2031 370 2387 431 ADDENDA.

3789 368 3933 428 i376

2293 499 2556 572 γενέσθαι,
2629 497 2751 572 ὅπερ
2823 493 3032 573 ῥᾴδιον,
3082 515 3174 550 και
3230 495 3276 550 εἰ
3315 502 3486 562 τοῦτο,
3535 515 3626 550 και
3675 500 3905 572 σφαίρας

2295 587 2509 651 ἀνίσους
2540 596 2810 648 συστῆσαι
2883 607 2898 622 ο
2943 593 3036 639 τοῦ
3091 591 3130 640 Α
3163 593 3264 641 ΒΓ
3314 593 3350 640 Δ
3403 592 3719 662 τετραγώνου
3801 583 3905 639 δύο

2295 675 2570 754 διάμετροί
2600 677 2732 730 εἰσιν
2761 678 2790 736 ἡ
2818 683 2854 730 Β
2875 682 2913 729 Γ
2942 683 2988 730 Ν
3019 680 3068 729 Ω.
3111 697 3123 710 ·
3161 672 3246 730 δεῖ
3273 673 3334 730 δὲ
3359 674 3549 730 ἀνίσων
3582 672 3752 738 δεῖξαι
3784 671 3908 727 δια-

2293 773 2512 843 μέτρους
2557 765 2758 819 κύκλων
2797 765 2980 835 αὐτὰς,
3039 785 3132 819 και
3186 766 3229 820 εἰ
3278 766 3479 819 κύκλων
3535 773 3756 839 φανῶσι,
3809 783 3909 816 και

2297 866 2525 933 σφαιρῶν
2551 855 2844 930 ἀναγκαίως
2873 855 3027 913 εἰσίν.
3059 855 3233 912 Ἔστω
3263 858 3422 930 ἠςτῶν
3459 862 3654 930 γωνιῶν
3691 873 3784 906 και
3811 872 3909 906 κυ-

2603 1068 2660 1123 N
2943 1060 3016 1123 ,B

3770 1169 3827 1228 ό

2607 1363 2660 1418 Χ

3201 1536 3258 1582 Α

2612 1665 2667 1722 Ω

2298 1867 2440 1923 τρον,
2491 1865 2582 1900 και
2629 1848 2789 1918 μέσον
2841 1861 2932 1896 και
2982 1845 3180 1916 στιγμή
3243 1860 3332 1895 και
3392 1845 3632 1913 σημεῖον,
3673 1839 3718 1890 εἶ
3769 1854 3824 1888 τι
3883 1829 3948 1917 δὲ

2299 1941 2475 2012 μέσον,
2526 1936 2556 1995 ἣ
2611 1937 2831 2006 στιγμὴ,
2903 1933 2932 1991 ἦ
2987 1939 3220 2005 σημεῖον,
3303 1929 3362 1984 οὗ
3428 1932 3656 2004 κέντρον,
3733 1926 3917 1997 ὥσπερ

2300 2024 2424 2080 οὐδὲ
2495 2030 2646 2078 πᾶσα
2692 2022 2868 2076 ἐὐθεῖα
2906 2025 3125 2096 γραμμὴ
3199 2017 3294 2073 διὰ
3342 2025 3434 2072 τοῦ
3505 2021 3668 2092 μέσου
3708 2015 3916 2088 ἠγμένη

2300 2135 2390 2168 και
2453 2115 2832 2186 περατουμένη,
2877 2115 3072 2184 κυρίως
3157 2106 3458 2185 διάμετρος,
3531 2105 3638 2158 ἀλλ’
3712 2103 3916 2170 ἁπλῶς,

2301 2206 2489 2277 κυρίως
2543 2197 2602 2254 δὲ
2663 2195 2940 2272 διάμετρός
2983 2199 3124 2250 ἐστιν
3195 2200 3226 2257 ἡ
3279 2199 3346 2250 τὰ
3401 2195 3564 2270 μείζω
3640 2195 3780 2269 ἄκρα
3826 2212 3921 2246 πε-

2301 2293 2590 2368 ρατουμένη
2637 2288 2725 2341 ὑπ’
2770 2286 2936 2340 αὐτῶν
2985 2283 3302 2353 συνδέουσα,
3335 2287 3442 2340 οἷον
3479 2288 3508 2345 ἡ
3561 2291 3598 2338 Β
3645 2290 3703 2351 Γ,
3755 2288 3925 2355 κυρία

2305 2380 2365 2437 δὲ
2415 2399 2507 2434 και
2552 2379 2848 2453 κυριωτάτη
2907 2395 2997 2428 και
3044 2381 3338 2452 πρωτίστη,
3391 2378 3422 2434 ἡ
3472 2383 3522 2430 Χ
3553 2382 3597 2428 Θ
3645 2376 3739 2432 ἴση
3802 2371 3925 2426 ἐστὶ

2303 2478 2412 2533 ταῖς
2474 2469 2535 2523 οὗ
2588 2467 2697 2521 ἐστι
2760 2463 3037 2540 διάμετρος
3096 2461 3402 2541 διαμέτροις
3486 2467 3705 2526 πάσαις.
3765 2465 3925 2534 Λέγω

2304 2568 2429 2636 γοῦν
2461 2561 2540 2614 ὃτι
2557 2560 2587 2618 ἡ
2621 2559 2712 2632 μὲν
2739 2563 2776 2609 Β
2803 2563 2840 2610 Γ
2866 2556 2929 2619 ἧς
2957 2559 3046 2629 μὲν
3068 2559 3225 2629 μέσον
3247 2558 3306 2608 τό
3327 2563 3376 2611 Χ
3405 2551 3686 2630 διάμετρος
3707 2554 3927 2607 τεθεῖσα

2543 2719 3261 3322 Θ

501 3380 668 3438 ribus
693 3386 1038 3458 quadratiN
1070 3394 1114 3460 Q
1149 3395 1185 3451 S
1215 3394 1280 3462 Ο,
1315 3395 1449 3466 ipsa
1471 3391 1651 3448 etiam
1691 3389 1992 3464 quadrata
2024 3390 2168 3448 sunt
2197 3393 2238 3451 C
2283 3390 2564 3464 quadrati
2592 3395 2639 3448 Α
2671 3394 2710 3448 Β
2740 3390 2782 3449 C
2807 3393 2873 3459 D,
2925 3403 3146 3462 nempe
3185 3389 3225 3444 Β
3269 3387 3310 3442 C
3347 3387 3390 3442 N
3449 3383 3494 3440 Ο
3535 3383 3774 3454 oportet
3813 3377 3950 3434 inas-

505 3469 657 3530 inter
682 3491 744 3532 se
761 3480 1035 3552 aequalia.
1059 3487 1205 3540 Nam
1230 3483 1277 3538 si
1299 3481 1558 3556 aequalia
1580 3480 1914 3554 aequalibus
1939 3479 2168 3537 addan-

504 3568 617 3632 tur,
651 3568 858 3626 omnia
886 3576 1026 3628 sunt
1052 3573 1330 3646 aequalia.
1365 3575 1429 3628 Et
1488 3587 1751 3644 quorum
1801 3574 2002 3644 partes
2032 3573 2171 3627 sunt

503 3656 790 3729 aequales,
815 3660 946 3731 ipsa
959 3678 1204 3736 quoque
1225 3660 1658 3734 suntmqualia,
1681 3664 1738 3717 et
1756 3660 2024 3733 ipsorum
2047 3659 2172 3717 dia-

506 3745 681 3802 metri
706 3753 845 3805 sunt
863 3751 1148 3823 aequales,
1183 3751 1519 3825 etipsorum
1542 3753 1746 3807 centra
1770 3748 2172 3821 tequalialoca

507 3834 798 3894 obtinent.
817 3840 1088 3912 Equalia
1104 3857 1247 3912 ergo
1269 3844 1409 3897 sunt
1433 3842 1473 3895 X
1493 3843 1551 3896 et
1570 3842 1612 3896 'l‘
1636 3839 1698 3894 in
1723 3838 1947 3912 quibus
1969 3843 2172 3896 centra

507 3928 665 3983 sunt.
691 3927 749 3984 Si
776 3927 958 3998 igitur
985 3930 1266 4004 quadrati
1288 3929 1410 4001 illa,
1438 3946 1574 4003 quae
1605 3933 1696 3986 est
1721 3927 2018 3986 linearum
2049 3929 2174 3986 dia-

506 4017 714 4087 meter,
745 4015 850 4074 ﬁat
888 4017 1068 4088 latus,
1127 4019 1444 4076 constituet
1493 4017 1860 4091 quadratum
1919 4017 2172 4076 alterum

507 4104 740 4176 aequale
767 4105 821 4163 ei
860 4109 1033 4179 cujus
1077 4113 1165 4166 est
1200 4109 1492 4166 diameter
1545 4107 1712 4181 quod
1758 4107 2173 4164 demonstrare

507 4193 786 4264 oportuit.
813 4197 1113 4262 Quoniam
1136 4198 1460 4272 igiturquse
1483 4197 1723 4270 proprie
1757 4196 2047 4251 diameter
2070 4211 2172 4268 ap-

507 4281 784 4356 pellatur,
809 4302 1026 4361 nempe
1061 4288 1164 4347 illa
1192 4305 1331 4363 quas
1369 4287 1734 4358 angulorum
1771 4284 2056 4356 quadrati
2086 4290 2174 4341 est

507 4371 816 4444 diameter,
839 4377 1096 4451 duplum
1115 4379 1397 4452 quadrati
1418 4377 1575 4433 illius
1593 4375 1765 4444 cujus
1787 4371 2175 4430 estdiameter

507 4463 937 4522 constituit:at
959 4466 1060 4525 illa
1083 4482 1221 4540 quas
1273 4466 1570 4523 linearum
1619 4460 1837 4517 dicitur
1885 4460 2174 4519 diameter

505 4552 736 4624 aequale
755 4555 1125 4627 quadratum
1165 4553 1469 4612 constituit
1501 4565 1662 4618 ;non
1713 4565 1856 4622 ergo
1904 4552 2171 4625 aequales

507 4646 682 4698 erunt
695 4645 1108 4717 omnesipsius
1131 4648 1330 4717 partes
1351 4639 1548 4714 ;quod
1565 4639 2172 4712 oportuitostendere.

2281 3480 2552 3554 qualium
2566 3480 2927 3539 circulorum
2941 3494 3071 3536 esse
3082 3478 3411 3534 diametros
3427 3475 3591 3546 ipsos
3603 3469 3948 3528 ostendere.

2282 3571 2454 3638 Quod
2482 3572 2527 3628 si
2552 3571 2911 3629 circulorum
2933 3566 3325 3641 inaequalium
3351 3567 3491 3620 sunt
3509 3561 3812 3630 diametri,
3843 3573 3950 3616 ne~

2281 3662 2540 3720 cessario
2569 3677 2815 3737 quoque
2841 3658 3230 3732 inmqualium
3244 3651 3950 3729 sphaerarumeruntdia-

2280 3752 2474 3809 metri.
2519 3755 2650 3808 Esto
2704 3749 3068 3822 angulorum
3123 3745 3403 3820 quadrati
3467 3743 3763 3802 diameter
3813 3758 3953 3815 quas

2281 3842 2765 3917 propriejdicitur
2816 3841 3108 3897 diameter
3153 3839 3198 3892 Β
3236 3837 3295 3900 C,
3341 3833 3526 3891 altera
3584 3849 3719 3889 vero
3773 3835 3819 3889 N
3881 3835 3952 3902 Ο,

2283 3933 2554 3990 medium
2579 3948 2723 3989 vero
2752 3932 2970 3988 harum
3001 3932 3058 3985 et
3077 3926 3260 3984 veluti
3305 3929 3580 3982 centrum
3622 3925 3685 3979 Χ.
3742 3926 3951 3997 Neque

2282 4024 2443 4080 enim
2473 4021 2712 4096 proprie
2742 4025 3012 4077 centrum
3044 4021 3130 4074 est
3158 4016 3297 4078 hoc.
3328 4013 3435 4070 sed
3474 4013 3767 4069 medium.
3805 4016 3941 4070 Nam

2284 4129 2420 4170 meo
2438 4112 2664 4183 judicio
2691 4115 2964 4167 centrum
2993 4107 3190 4165 differt
3217 4121 3254 4162 a
3273 4102 3496 4173 medio,
3523 4102 3697 4176 quod
3732 4117 3938 4158 omnes

2282 4201 2454 4258 linem
2489 4217 2562 4258 ex
2589 4199 3010 4258 ciconferentia
3064 4197 3126 4253 in
3174 4198 3445 4251 centrum
3496 4196 3945 4260 concurrentes,

2285 4290 2562 4346 sintinter
2583 4306 2643 4347 se
2663 4289 2928 4362 aequales
2957 4303 2970 4355 ;
2997 4286 3131 4343 atin
3143 4283 3410 4341 medium
3429 4282 3680 4356 quidem
3699 4298 3953 4340 concur-

2283 4385 2419 4438 rant
2465 4397 2678 4438 omnes
2718 4380 2911 4445 lineae,
2953 4375 3058 4432 sed
3099 4391 3222 4432 non
3269 4374 3388 4430 sint
3434 4371 3724 4446 aequales.
3754 4375 3952 4441 Quare

2283 4470 2523 4544 proprie
2543 4473 2816 4526 centrum
2845 4467 2905 4524 in
2926 4464 3148 4522 circulo
3167 4469 3228 4521 et
3255 4463 3494 4537 sphaera
3523 4463 3838 4536 ursurpati
3866 4464 3954 4521 di-

2285 4560 2501 4616 cimus.
2537 4560 2724 4616 Omne
2750 4557 2910 4613 enim
2935 4559 3205 4612 centrum
3230 4557 3318 4610 est
3338 4551 3629 4622 medium,
3647 4559 3955 4625 punctum

2286 4655 2342 4706 et
2371 4647 2711 4706 extremitas
2746 4665 2757 4700 :
2788 4651 2848 4703 at
2869 4647 2916 4702 si
2945 4643 3096 4718 quid
3115 4647 3205 4699 est
3225 4641 3516 4709 medium,
3572 4657 3699 4698 non
3748 4646 3956 4700 statim

507 4732 748 4803 Oportet
773 4737 972 4791 autem
1000 4733 1189 4806 ipsius
1210 4732 1538 4788 diametros
1592 4729 1832 4788 circulis
1883 4731 2173 4806 adaptare
2208 4760 2252 4813 Ι)
2286 4743 2702 4812 estpunctum,
2729 4741 2834 4794 aut
2857 4733 3202 4792 extremitas
3233 4736 3338 4789 aut
3387 4735 3682 4788 centrum.
3741 4735 3816 4790 Ut
3844 4749 3951 4790 nec

507 4828 563 4878 et
588 4823 899 4880 ostendere
916 4822 1245 4897 inaequales
1265 4837 1397 4878 esse
1446 4820 1635 4894 (quod
1691 4819 1879 4877 mullo
1931 4826 2171 4894 negotio

505 4910 632 4968 ﬁeri
659 4915 879 4985 potest)
905 4917 962 4969 et
989 4917 1055 4968 ut
1079 4911 1403 4968 diametros
1441 4909 1796 4982 inaequales,
1851 4912 1932 4969 ita
1989 4915 2169 4974 etiam

507 4999 557 5054 si
569 5000 762 5058 literas
776 5000 1102 5074 inaequales
1117 4997 1416 5057 constitui.
1439 4999 1587 5056 Cum
1607 4997 1743 5054 dum
1757 4998 1874 5056 sint
1888 5000 2164 5062 diametri

1905 5123 1947 5178 B

2283 4828 2481 4885 omnis
2501 4827 2658 4884 linea
2677 4831 2838 4884 recta
2856 4840 2964 4899 per
2989 4823 3258 4880 medium
3304 4821 3487 4878 ducta
3532 4825 3589 4877 et
3629 4823 3958 4881 terminata

2284 4924 2371 4976 est
2399 4918 2638 4993 proprie
2666 4917 2978 4986 diameter,
3005 4913 3110 4970 sed
3138 4911 3376 4986 proprie
3404 4916 3492 4968 est
3529 4911 3832 4970 diameter
3852 4915 3956 4972 illa

2282 5009 2440 5066 linea
2457 5011 2639 5077 recta,
2658 5023 2796 5080 quae
2818 5023 2854 5063 a
2865 5006 2900 5062 d
2911 5004 3106 5062 uebus
3118 5001 3454 5072 majoribus
3469 5003 3958 5062 extremitatibus
