4130 6424
182 344 323 401 1377

212 472 303 523 τὸν
334 473 448 522 ΠΘ
478 462 826 541 προσελάϐετο
881 463 1067 519 κύκλὸν
1119 465 1167 520 ἓν
1221 466 1374 539 ἑαυτῇ
1433 462 1813 540 περιγράψασα

209 564 282 623 ὡς
301 560 485 611 τούτου
514 552 957 632 διάμέτρος,ἠδὲ
1005 564 1051 613 Ν
1098 565 1146 611 Ω
1192 554 1254 621 ἧς
1306 561 1394 611 καὶ
1442 556 1603 620 αὐτῆς
1653 559 1811 630 μέσον

207 653 270 704 τὸ
310 650 466 703 Χτὸν
494 653 535 700 Τ
565 653 617 702 Μ
650 663 663 676 ·
695 647 801 700 ἐπεὶ
831 665 1001 700 τοινυν
1048 648 1078 707 ἡ
1135 655 1172 701 Β
1211 653 1249 702 Γ
1300 643 1578 701 διπλάσιον
1626 646 1812 720 τετρά-

206 758 373 812 γωνον
398 743 556 807 ποιεῖ,
583 736 645 790 οὗ
675 735 785 789 ἐστι
807 732 1104 811 διάμετρος,
1155 741 1213 791 τὸ
1261 740 1362 812 γὰρ
1413 734 1514 790 ἀπὸ
1571 744 1666 798 τῆς
1719 741 1812 788 τοῦ

207 833 534 904 τετραγώνου
594 823 878 900 διαμέτρου
935 830 1263 902 καταγραφὲν
1330 828 1648 901 τετράγωνον
1732 821 1813 878 δι-

206 919 430 972 πλάσιον
443 916 577 985 ἐστὶ,
603 924 695 970 τοῦ
721 917 782 970 οὗ
804 917 918 970 ἐστι
935 914 1215 993 διάμετρος
1240 920 1269 977 ἡ
1294 926 1446 971 τοῦτο
1471 922 1810 988 συστήσασα,

208 1011 240 1069 ἡ
300 1005 360 1062 δε
406 1007 530 1083 παρ’
579 1008 724 1080 ἡμῶν
771 1005 1124 1082 ὀνομαζομένη
1176 1004 1452 1084 διάμετρος
1509 1007 1599 1067 ἱση
1678 1007 1814 1061 οὖσα

1336 1250 1388 1301 6⁵

756 1440 796 1493 Π
1414 1458 1460 1510 θ

833 1680 944 1747 Λη.

206 1998 324 2045 οὔτε
347 1996 516 2046 πᾶσαι
545 1989 761 2066 πλευραὶ
800 1990 1030 2042 τεθεῖσαί
1096 1995 1209 2042 ἴσον
1248 1990 1414 2061 τούτῳ
1467 1995 1681 2042 ποιοῦσι
1727 2006 1809 2040 τε·
1870 1989 1909 2043 Β

201 2083 487 2157 τρὰγωνον,
545 2081 662 2134 οὒτε
706 2087 880 2134 πᾶσαι
939 2084 1012 2152 μὴ
1071 2075 1202 2152 ἴσον,
1263 2079 1380 2132 οὔτε
1451 2085 1620 2132 πᾶσαι
1680 2080 1807 2131 ἰσων

201 2171 401 2224 κύκλων
447 2173 678 2246 ὑπάρχει
729 2167 1024 2246 διάμετρον
1083 2171 1219 2222 κατά
1257 2172 1343 2222 τὸν
1397 2169 1552 2222 αύτόν
1612 2164 1670 2221 δὲ
1725 2167 1808 2221 λό-
1875 2175 1884 2188 ‘

200 2278 296 2332 γον
323 2256 444 2316 οὐδὲ
470 2268 694 2335 σφαῖραν
756 2266 927 2314 πᾶσαι
960 2259 1079 2318 ἰσην
1124 2262 1387 2331 ποίοῦσιν,
1443 2257 1574 2312 ἀλλὰ
1612 2261 1667 2312 αἱ
1716 2259 1806 2332 μὲν

199 2350 434 2424 μείζονα,
469 2347 610 2404 αἰδε
631 2350 896 2419 ἐλάττονα,
944 2346 1125 2409 ἐπειδὴ
1195 2354 1284 2402 καὶ
1339 2350 1370 2409 ἡ
1428 2356 1524 2413 τῆς
1581 2353 1809 2424 σφαίρας

197 2442 336 2492 κατὰ
391 2440 613 2502 κύκλους
670 2443 811 2493 ἐστὶν
867 2441 1156 2513 ἐπιφάνεια,
1190 2439 1222 2498 ἧ
1267 2457 1323 2492 τε
1365 2440 1536 2492 θεῖσαι
1579 2441 1635 2492 αἰ
1714 2446 1805 2492 τοῦ

193 2535 526 2604 τετραγώνου
583 2526 858 2606 διάμετροι
925 2528 1197 2590 έλαττονας
1263 2532 1350 2581 καὶ
1399 2529 1645 2602 μείζονας
1693 2548 1808 2582 ποι-

198 2624 398 2678 ἡσουσι
428 2623 651 2696 σφαίρας
685 2621 754 2682 ὡς
783 2624 872 2672 καὶ
893 2618 1131 2687 κύκλους,
1165 2617 1299 2670 ὥστε
1328 2617 1434 2691 οὐχ
1481 2621 1550 2682 ὡς
1602 2618 1668 2680 εἰς
1720 2622 1806 2671 τόν

202 2706 392 2760 κύκλον
414 2713 503 2761 καὶ
531 2712 626 2768 τὴν
655 2716 878 2783 σφαῖραν
905 2711 964 2760 τὸ
995 2704 1130 2770 εἶδος
1171 2703 1474 2767 εἰδοποίησε
1520 2712 1614 2768 τὴν
1656 2704 1804 2780 ὓλην,

198 2797 366 2860 οὕτως
404 2801 492 2852 καὶ
520 2797 588 2860 εἰς
611 2797 756 2866 αύτο,
797 2801 914 2851 οὔτε
953 2800 1026 2861 εἷς
1081 2801 1130 2852 ἓν
1191 2796 1376 2874 ἓτερον·
1440 2801 1506 2853 τά
1551 2800 1653 2872 γάρ
1712 2806 1804 2852 τοῦ

1085 336 1441 400 THEODORI
1470 340 1514 395 Il
1543 339 1678 396 IMP.
1713 335 1802 408 DE
1831 333 2284 396 GOIIMUNIONE
2316 334 2686 398 NATURALI.

3473 337 3608 398 1378

1975 462 2190 537 πλευρά,
2220 466 2333 519 ἴσον
2353 470 2443 519 καὶ
2471 467 2794 541 καταγράφει
2820 466 3135 542 τετράγωνον
3175 461 3234 518 οὗ
3289 466 3404 518 ἐστι
3463 461 3581 518 διά-

1974 573 2160 630 μετρος
2187 559 2245 609 τό
2277 553 2336 610 δὲ
2367 553 2402 611 δ
2407 557 2645 611 ιπλασιον
2665 564 2758 611 τοῦ
2784 558 3017 631 ἡμίσεως
3044 555 3238 629 μεῖξον,
3269 575 3360 609 και
3390 555 3446 618 ὃς
3471 557 3579 630 ἄρα

1973 643 2162 708 κύκλος
2189 647 2550 723 συμπεριλαϐῃ
2582 652 2677 708 τὴν
2697 647 2910 722 μείζονα
2937 643 2971 700 δ
2979 665 3216 723 ιαμετρον
3264 646 3333 709 εἰς
3387 646 3581 699 οἰκείαν

1976 731 2275 813 διάμετρον,
2307 737 2361 801 ἐξ
2387 735 2619 811 ἀνάγκης
2647 739 2834 812 μείζων
2883 741 2998 790 ἐστί
3044 742 3136 789 τοῦ
3193 739 3288 795 τὴν
3337 735 3582 790 ἐλάττονα

1975 824 2450 900 συμπεριλαϐόντος
2491 827 2583 894 εἰς,
2601 831 2794 880 οικείαν
2833 822 3112 900 διάμετρον
3144 842 3156 856 ·
3200 826 3225 877 ὁ
3286 822 3392 901 ἆρα
3439 832 3482 878 Π
3533 831 3579 878 Θ

1973 914 2177 986 κύκλος,
2205 916 2230 968 ὁ
2261 919 2352 975 τὴν
2380 924 2416 970 Β
2445 922 2484 970 Γ
2511 916 2698 983 λαϐὼν,
2743 916 2934 990 μείζων
2981 919 3094 969 ἐστί
3145 923 3237 969 τοῦ
3288 918 3383 974 τὴν
3432 921 3479 967 Ν
3534 921 3583 966 Ω.

1976 1003 2222 1068 λαϐόντος
2273 1012 2314 1060 Τ
2365 1013 2436 1062 Μ.
2484 1009 2550 1060 Αἱ
2601 1007 2705 1081 ἄρα
2755 1013 2848 1059 τοῦ
2923 1009 3243 1082 τετραγώνου
3307 1000 3581 1078 διαμετροι

2616 1173 2671 1228 Ν

2619 1838 2669 1894 Ω

1970 1988 2160 2043 κύκλου
2193 1992 2323 2066 μέρη
2358 1986 2662 2056 ἶσαπαντα,
2684 2005 2774 2039 και
2823 1986 2924 2040 ὅσα
2973 1986 3035 2039 ἂν
3089 1996 3308 2044 ποιῶσιν
3356 1991 3412 2044 αἱ
3457 1993 3578 2044 τού-

1969 2083 2061 2132 τόῡ
2093 2076 2385 2154 διάμετροι,
2423 2073 2514 2131 ἶσα
2553 2081 2711 2146 ἐστιν,
2750 2078 2820 2139 ὡς
2855 2073 3096 2150 ἐδείχθη⁵
3157 2081 3213 2132 αἰ
3261 2077 3320 2135 δὲ
3362 2089 3456 2135 τοῦ
3506 2100 3584 2136 τε-

1971 2175 2240 2244 τραγώνου
2263 2172 2380 2222 οὔτε
2403 2167 2559 2240 αύτῶη
2597 2174 2709 2220 ἴσον
2761 2172 2932 2220 πᾶσαι
2976 2175 3216 2222 ποιοῦσιν
3260 2170 3287 2224 ὃ
3339 2180 3581 2225 ποιοῦσιν

1971 2261 2089 2312 οὔτε
2109 2263 2178 2334 μὴ
2205 2257 2340 2325 ἴσον,
2375 2256 2484 2310 ἀλλ’
2515 2258 2570 2309 αἱ
2599 2260 2689 2330 μὲν
2715 2253 2850 2324 ἶσον,
2885 2259 2941 2309 αἱ
2977 2253 3037 2311 δὲ
3093 2258 3188 2312 οὐκ
3229 2267 3362 2318 ἴσον.
3418 2269 3582 2316 Τοῦτο

1973 2344 2032 2402 δὲ
2061 2368 2152 2402 και
2184 2349 2252 2411 εἰς
2276 2349 2439 2422 ἕτερα,
2474 2348 2642 2408 καθὼς
2674 2344 2722 2399 ἒν
2778 2347 2884 2408 τοῖς
2938 2346 3149 2411 κύκλοις
3215 2346 3460 2424 ἐδείχθη.
3512 2354 3582 2406 Τὸ

1969 2439 2075 2511 ἄρα
2106 2435 2246 2503 εἶδος
2283 2442 2585 2512 κρειττόνως
2640 2441 2734 2495 τὴν
2784 2435 2913 2496 ύλὴν
2946 2463 2952 2471 ν
2980 2445 3204 2514 σφαῖραν
3261 2445 3348 2494 καὶ
3395 2441 3583 2494 κύκλον

1970 2529 2001 2590 ἣ
2056 2531 2377 2604 τετράγωνον
2427 2525 2756 2599 εἰδοποίησε,
2806 2532 2896 2580 καὶ
2953 2524 3177 2602 ἐδείχθη
3245 2532 3415 2593 καθὼς
3473 2527 3584 2587 ἔδει

1969 2625 2123 2674 τοῦτο
2165 2615 2467 2692 δειχθῆναι.
2511 2625 2676 2672 Τοῦτο
2701 2613 2760 2671 δὲ
2789 2622 2879 2670 καὶ
2936 2616 3021 2672 ἐπὶ
3068 2628 3161 2673 τοῦ
3207 2627 3460 2698 τριγώνου
3493 2630 3585 2678 καὶ

1970 2710 2195 2765 πάντων.
2235 2715 2387 2762 ’Ἐστι
2416 2704 2475 2761 δὲ
2513 2706 2695 2769 οὕτως.
2735 2708 2790 2760 αἱ
2841 2714 2934 2760 τοῦ
2996 2713 3250 2782 τριγώνου
3307 2706 3584 2787 διάμετροι

1971 2802 2027 2853 αἱ
2053 2798 2222 2853 ἕκτου
2253 2802 2462 2873 κέντρου
2515 2802 2601 2852 καὶ
2651 2801 2815 2872 μέσου
2886 2793 3250 2874 διερχόμεναι,
3291 2801 3336 2855 εἰ
3381 2805 3580 2858 τεθῶσι

173 2977 511 3044 terminata,
535 2977 699 3051 ipsas
731 2943 974 3052 copulat
995 2981 1059 3034 ut
1098 2979 1136 3032 Β
1164 2977 1222 3044 C,
1251 2977 1515 3034 maxime
1541 2993 1684 3035 vero
1699 2994 1836 3052 pro-
1868 2981 1909 3038 C
1947 2978 2263 3050 diametro,
2295 2976 2550 3052 duplum
2581 2981 2673 3035 est
2698 2976 2850 3035 illius
2871 2977 3150 3052 quadrati
3186 2977 3356 3052 cujus
3375 2985 3462 3038 est
3489 2983 3613 3042 dia-

173 3066 309 3141 pria
336 3073 393 3124 et
413 3067 564 3124 inter
592 3083 804 3124 omnes
840 3065 1055 3140 prima,
1081 3069 1204 3122 utX
1233 3068 1294 3132 T,
1324 3083 1458 3140 quae
1505 3071 1593 3124 est
1639 3084 1838 3142 requa-

175 3157 250 3213 lis
279 3157 558 3212 omnibus
595 3156 906 3213 diametris
931 3154 1134 3212 circuli
1182 3153 1361 3226 illius,
1398 3157 1569 3228 cujus
1599 3162 1686 3214 est
1715 3158 1840 3215 dia-

177 3251 379 3302 meter.
415 3245 554 3302 Dico
611 3245 790 3316 igitur
849 3244 1206 3302 diametrum
1237 3246 1280 3298 B
1333 3247 1393 3316 C,
1453 3245 1626 3317 cujus
1673 3249 1714 3303 Χ
1752 3250 1842 3303 est

174 3335 443 3393 medium
474 3333 762 3392 circulum
796 3337 834 3390 P
874 3333 916 3389 T
979 3333 1503 3406 circumscriptum
1542 3336 1838 3408 majorem

175 3441 488 3482 assumere
519 3424 739 3481 circulo
767 3425 808 3480 Τ
832 3425 901 3494 Μ,
923 3439 1105 3497 quem
1146 3424 1398 3481 assumit
1419 3423 1700 3482 diameter
1725 3429 1768 3482 Ν
1795 3428 1837 3483 0

177 3514 352 3586 cujus
372 3514 640 3571 medium
662 3511 867 3570 itidem
894 3517 982 3568 est
1009 3514 1062 3567 li.
1101 3511 1398 3579 Quoniam
1423 3512 1603 3585 igitur
1617 3515 1840 3572 diame-

175 3613 263 3666 ter
285 3605 654 3680 quadratum
683 3602 988 3660 constituit
1015 3602 1270 3676 duplum
1323 3603 1500 3675 illius,
1554 3605 1727 3676 cujus
1756 3611 1847 3665 est

190 3699 474 3764 Ezameter
504 3695 670 3768 (nam
695 3691 1059 3766 quadratum
1089 3691 1450 3764 descriptum
1480 3709 1516 3750 a
1565 3695 1846 3767 quadrati

1313 3924 1370 3983 .65

844 4406 895 4455 '1

1947 3074 2134 3126 meter
2157 3085 2229 3126 ex
2267 3085 2392 3142 qua
2416 3068 2694 3125 effectum
2719 3067 2850 3140 est).
2905 3069 2977 3124 At
3020 3066 3120 3124 illa
3162 3068 3457 3128 diamater
3475 3088 3612 3145 qua:

1948 3159 2125 3216 nobis
2157 3157 2371 3215 dicitur
2398 3157 2642 3232 aqualis
2684 3157 2852 3214 lateri
2893 3157 3172 3230 quadrati
3229 3158 3342 3215 illis
3371 3159 3501 3232 ejus
3527 3167 3615 3220 est

1949 3249 2256 3322 diameter,
2313 3247 2680 3322 quadratum
2745 3247 3047 3304 constituit
3111 3248 3345 3321 aequale
3389 3248 3472 3308 illi
3510 3269 3613 3308 cu-

1947 3340 2048 3412 jus
2115 3345 2204 3396 est
2273 3338 2582 3396 diameter.
2643 3336 2820 3411 Atqui
2887 3336 3145 3410 duplum
3213 3343 3302 3396 est
3361 3340 3613 3401 dimidio

1951 3429 2180 3500 majus.
2217 3428 2482 3485 Circulus
2535 3443 2700 3499 ergo,
2749 3426 2855 3500 qui
2895 3426 3192 3498 majorem
3249 3429 3613 3491 diametrum

1954 3517 2412 3590 comprehendit
2433 3521 2490 3574 et
2511 3516 2628 3573 sibi
2645 3515 3088 3586 accommodat,
3119 3520 3456 3578 necessario
3487 3539 3613 3580 ma-

1949 3607 2047 3680 jor
2084 3611 2172 3665 est
2205 3607 2424 3664 circulo
2469 3607 2571 3663 illo
2626 3606 2730 3680 qui
2782 3605 3078 3662 minorem
3133 3610 3611 3683 comprehendit,

1955 3701 2014 3756 et
2043 3697 2155 3754 sibi
2175 3696 2598 3755 accommodat
2621 3697 3003 3754 diametrum.
3036 3696 3298 3754 Circulus
3354 3715 3496 3774 ergo
3517 3703 3614 3759 PT

2889 3955 2936 4000 0

2362 4364 2428 4424 ὁ

175 4615 287 4690 qui
306 4617 600 4689 majorem
621 4619 1456 4692 comprehenditdiametrum
1488 4626 1532 4678 A
1555 4623 1618 4692 Β,
1641 4621 1838 4694 major
1866 4623 1910 4680 Ι)
1946 4623 2004 4677 et
2024 4634 2398 4693 quaecunque
2451 4621 2719 4680 efﬁciunt
2773 4622 2978 4702 circuli
3033 4623 3311 4682 diametri
3357 4622 3614 4698 aequalia

180 4711 276 4764 est
311 4708 534 4764 circulo
559 4711 599 4766 P
625 4711 694 4780 Μ,
727 4710 830 4783 qui
861 4713 903 4767 N
937 4713 981 4768 Ο
1037 4713 1337 4785 minorem
1385 4713 1659 4770 assumit.
1709 4714 1841 4769 Non

176 4813 391 4854 omnes
421 4813 564 4868 ergo
609 4798 888 4856 diametri
931 4801 1366 4874 quadratorum
1395 4802 1585 4860 latera
1617 4802 1840 4860 effectae

174 4886 744 4960 aequaliaquadrata
762 4888 1040 4962 efﬁciunt,
1057 4905 1252 4963 neque
1265 4907 1477 4948 omnes
1493 4892 1836 4965 inaequalia,

171 4994 377 5051 neque
406 4993 617 5034 omnes
643 4978 969 5052 aequalium
991 4979 1349 5037 circulorum
1367 4985 1506 5039 sunt
1523 4980 1794 5038 diametri
1818 5003 1836 5056 ς

171 5086 253 5126 ex
281 5067 498 5124 eadem
525 5067 755 5123 ratione
785 5083 906 5123 non
942 5085 1152 5125 omnes
1187 5070 1492 5142 sphaaram
1541 5069 1840 5143 aequalem

171 5158 468 5222 efﬁciunt,
503 5155 609 5211 sed
634 5157 852 5228 partim
875 5157 1190 5230 majorem,
1247 5159 1468 5232 partim
1516 5160 1833 5216 minorem.

171 5245 480 5314 Quoniam
511 5248 712 5301 autem
771 5246 1020 5319 sphwrm
1063 5248 1411 5321 superﬁcies
1471 5265 1544 5305 ex
1599 5247 1838 5305 circulis

171 5338 420 5414 constat
454 5333 732 5392 diametri
763 5335 1198 5408 quadratorum
1248 5335 1480 5394 circulis
1501 5354 1842 5396 accommo-

168 5427 356 5496 datae,
380 5424 643 5495 majores
667 5428 723 5480 et
753 5424 1016 5481 minores
1047 5425 1314 5499 sphaeras
1340 5425 1608 5484 efﬁciunt
1635 5433 1700 5484 ut
1729 5429 1840 5484 cir-

170 5514 370 5573 culos.
403 5515 596 5580 Quare
622 5528 744 5569 non
799 5513 884 5571 ita
930 5513 1128 5573 forma
1179 5517 1496 5574 materiam
1553 5516 1757 5574 circuli
1781 5521 1842 5576 et

169 5604 434 5680 sphaerae
454 5601 819 5671 informavit,
832 5605 900 5660 ut
919 5603 1032 5662 sibi
1053 5609 1110 5662 et
1138 5605 1268 5663 aliis
1297 5605 1507 5678 ﬁguris
1522 5606 1837 5677 haberent,

168 5693 350 5772 quod
359 5689 766 5771 habent.Nam
779 5691 976 5753 circuli
991 5700 1193 5768 partes
1206 5699 1557 5758 suntomnes
1574 5696 1841 5772 aequales

1949 4713 2109 4778 sunt,
2136 4714 2201 4766 ut
2217 4709 2701 4768 demonstratum
2722 4717 2828 4770 est.
2849 4718 2920 4771 At
2945 4729 3067 4771 non
3099 4730 3311 4770 omnes
3333 4714 3614 4787 quadrati

1951 4798 2230 4855 diametri
2246 4799 2480 4872 mquale
2495 4801 2662 4874 quod
2677 4801 2927 4872 faciunt,
2951 4803 3314 4876 quadratum
3328 4802 3612 4859 reddunt-

1949 4901 2148 4961 neque
2183 4887 2482 4961 inmquale
2514 4888 2619 4946 sed
2649 4889 2868 4961 partim
2905 4891 3154 4964 aequale,
3196 4891 3417 4965 partim
3473 4891 3615 4948 inte-

1951 4975 2152 5050 quale.
2183 4983 2373 5050 Atque
2387 4977 2545 5035 hanc
2567 4995 2742 5035 suam
2770 4980 3195 5053 proprietatem
3223 4980 3352 5036 aliis
3369 4995 3613 5054 quoque

1951 5068 2160 5138 ﬁguris
2177 5068 2648 5139 communicant,
2663 5069 2804 5125 utin
2823 5069 3059 5126 circulis
3077 5069 3412 5143 majoribus
3431 5074 3487 5127 et
3503 5069 3612 5126 mi-

1951 5156 2202 5214 noribus
2222 5157 2699 5214 demonstratum
2730 5163 2840 5215 est.
2876 5161 3087 5216 Forma
3115 5175 3258 5230 ergo
3297 5158 3612 5216 materiam

1952 5247 2112 5320 globi
2146 5252 2203 5304 et
2223 5246 2426 5304 circuli
2447 5248 2845 5320 prcestantiori
2862 5249 3067 5320 modo,
3090 5266 3278 5323 quam
3294 5249 3613 5307 materiam

1951 5336 2234 5410 quadrati
2257 5337 2617 5394 informavit.
2643 5339 2834 5411 Atque
2855 5338 2970 5395 hoc
3017 5342 3498 5396 demonstratum
3521 5343 3613 5396 est

1951 5441 2024 5484 eo
2049 5425 2255 5496 modo,
2280 5417 2403 5500 quo
2419 5426 2964 5484 demonstrandum
2984 5428 3112 5486 fuit.
3147 5429 3319 5495 Quod
3337 5429 3517 5487 etiam
3549 5428 3612 5485 in

1951 5517 2252 5588 triangulo
2272 5515 2578 5574 observari
2599 5519 2794 5589 potest
2823 5521 2880 5574 et
2909 5516 2970 5574 in
2995 5519 3280 5576 omnibus
3299 5519 3431 5576 aliis
3453 5517 3612 5590 ﬁgu-

1950 5603 2055 5665 ris.
2086 5611 2168 5664 Ac
2191 5607 2354 5664 hunc
2381 5605 2444 5662 in
2471 5602 2725 5663 modum
2754 5605 3316 5683 demonstratratur,
3372 5623 3510 5683 quae
3538 5623 3614 5666 ex

1953 5701 2158 5758 centro
2173 5713 2283 5773 per
2296 5695 2568 5780 medium
2590 5692 2894 5756 ducuntur
2910 5697 3192 5782 trianguli
3211 5698 3507 5769 diametri,
3542 5697 3616 5770 si-
