4130 6396
225 329 360 388 1381

1122 329 1483 390 THEODORI
1512 331 1562 384 II
1591 331 1733 385 IMP.
1765 313 1858 382 DE
1887 325 2347 389 COMMUNIONE
2377 334 2754 391 NATURALI.

3504 321 3646 390 4382

251 453 556 528 διαμέτρου,
586 456 645 506 τὸ
693 461 738 508 Ψ
788 461 834 506 Ν
886 461 976 506 καὶ
1027 463 1120 507 τοῦ
1173 463 1211 507 Ζ
1242 462 1286 508 Κ
1317 460 1521 526 κέντρον
1566 457 1655 526 μὲν
1706 455 1767 504 τὸ
1816 459 1856 504 Υ
1909 455 1960 508 Α
2014 456 2344 524 ΒΑκὲντρον
2369 462 2496 513 τὸΝ
2538 459 2669 516 ἀλλά
2716 461 2807 509 καὶ
2861 459 2922 508 τὸ
2973 462 3012 508 Γ
3050 463 3091 508 Α
3151 464 3193 510 Υ
3247 463 3286 509 Δ
3349 453 3441 510 ἶσά
3506 457 3620 510 ἐστι

249 565 453 619 πέρατα
483 540 541 596 δὲ
564 551 660 604 τῆς
693 543 854 594 αὐτοῦ
885 540 1170 618 διαμέτρου
1201 548 1259 596 τὸ
1295 553 1342 596 Ω
1365 551 1428 597 Ν.
1458 546 1535 596 Τὰ
1565 545 1666 615 ’γὰρ
1705 548 1748 594 Π
1808 548 1853 593 Θ

248 639 453 708 πέρατα
477 637 663 706 κέντρα
693 630 806 684 ἐστὶ
837 641 934 684 τῶν
965 635 1014 690 Μ
1045 641 1087 685 Η
1111 641 1141 686 Σ
1197 640 1242 686 Λ
1271 640 1310 684 Ζ
1365 640 1405 684 Τ
1465 635 1504 685 Ξ
1546 639 1588 685 Κ
1626 631 1850 684 κύκλων.

254 723 399 775 Ἐπεὶ
449 729 574 792 γοῦν
631 725 696 772 τὰ
754 729 846 772 τοῦ
907 729 948 773 II
1027 729 1072 775 Θ
1153 731 1250 773 τῶν
1307 718 1600 794 διαμέτρων
1657 725 1858 792 πέρατα

253 808 986 883 ΑΒΥΟΙΔκέντραέστὶ
1034 818 1214 864 τώνΜ
1265 818 1302 862 Η
1367 818 1398 861 Σ
1448 818 1490 862 Λ
1541 813 1579 862 Ξ
1634 816 1675 861 Κ
1729 816 1768 860 Ζ
1816 817 1856 862 Τ

252 900 473 968 κύκλων,
513 903 572 950 τὸ
607 895 666 950 δὲ
704 903 909 972 κέντρον
968 904 1124 971 μέσον
1182 899 1297 951 ἐστὶ
1354 906 1447 950 τοῦ
1489 898 1679 950 κύκλου
1728 899 1858 973 πρὸς

255 989 281 1040 ὃ
307 1007 478 1040 πασαι
505 989 560 1039 αἱ
606 992 1041 1059 προσπίπτουσαι
1072 988 1265 1040 εὐθεῖαι
1289 987 1343 1039 ἐκ
1398 995 1492 1048 τῆς
1547 990 1732 1039 τούτου
1772 1006 1856 1038 πε-

255 1081 514 1152 ριφερείας
546 1074 659 1128 ἶσαι
693 1075 940 1136 ἀλλήλαις
973 1076 1128 1145 εἰσὶν,
1160 1080 1223 1136 ὡς
1267 1079 1324 1128 1'6
1377 1083 1423 1128 N
1476 1078 1580 1150 ἄρα
1621 1080 1749 1149 πρὸς
1798 1078 1856 1126 τὸ

255 1172 410 1218 Βκαὶ
465 1186 522 1217 το
554 1169 746 1239 Χπρὸς
801 1168 860 1217 τὸ
916 1172 952 1217 Β
1004 1175 1103 1216 τῶν
1169 1168 1269 1237 γὰρ
1338 1165 1586 1238 ἑκατέρων
1652 1169 1858 1235 κέντρον

255 1260 374 1308 τόΒ
415 1258 485 1318 ὡς
523 1260 612 1307 καὶ
669 1263 767 1306 τῶν
823 1262 864 1308 Α
922 1261 960 1307 Β
1013 1260 1220 1329 κέντρον
1276 1258 1334 1306 1'6
1386 1263 1431 1307 Ν
1480 1253 1606 1306 ἀλλὰ
1661 1259 1751 1305 καὶ
1799 1257 1858 1305 1'6

257 1353 294 1398 P
327 1351 411 1398 BI
445 1352 504 1407 Β,
554 1343 644 1396 ἶσα
684 1343 794 1396 ἐστι
838 1351 950 1405 τοῖς
999 1351 1044 1396 Ν
1096 1351 1132 1395 Β
1181 1352 1229 1397 Χ
1291 1350 1327 1396 Β
1361 1365 1373 1376 ·
1425 1350 1629 1416 κέντρον
1693 1347 1861 1394 κοινοι

257 1437 358 1508 γάρ
390 1439 449 1486 τὸ
477 1441 530 1488 Β.
563 1433 621 1486 Ἡ
649 1433 752 1508 ἂρα
782 1441 818 1485 Ρ
847 1431 1125 1507 διάμετρος
1178 1442 1271 1485 του
1325 1441 1356 1486 Σ
1421 1440 1464 1486 Λ
1520 1432 1711 1485 κύκλου
1767 1435 1856 1490 ἴση

257 1522 371 1575 ἐστὶ
407 1531 468 1596 τῇ
505 1530 552 1577 Χ
582 1529 627 1576 Ν
656 1523 817 1574 αὐτον
851 1519 1133 1596 διαμέτρῳο
1188 1520 1254 1573 ὧν
1309 1523 1407 1596 γάρ
1456 1519 1569 1574 ἶσαι
1619 1524 1684 1574 τά
1736 1523 1859 1594 ἠμί-

257 1631 370 1678 σεα,
426 1617 516 1664 καὶ
545 1613 608 1664 τά
653 1611 746 1663 ὅλα
772 1608 864 1663 ἷσά
912 1611 1042 1675 ἐστι,
1072 1613 1205 1663 κατά
1235 1615 1320 1662 τὸν
1375 1610 1532 1662 αὑτὸν
1579 1610 1746 1682 λόγον·
1790 1613 1859 1670 ὡς

251 1699 354 1772 ἆρα
382 1703 439 1752 1'6
467 1708 512 1753 N
551 1703 680 1772 πρὸς
707 1704 763 1751 1'6
819 1706 836 1752 Ι
882 1705 971 1751 καὶ
1025 1703 1085 1751 1'6
1131 1706 1177 1752 Ψ
1219 1703 1350 1772 πρὸς
1395 1703 1454 1751 1'6
1505 1705 1544 1752 Ι·
1599 1709 1699 1750 τών
1755 1702 1854 1773 γαρ

251 1792 496 1861 ἔκατέρων
549 1793 755 1863 κέντρον
785 1791 843 1840 1'6
889 1793 909 1840 Ι
964 1790 1029 1847 ὡς
1082 1794 1171 1840 καὶ
1230 1796 1328 1839 τῶν
1360 1794 1447 1840 ΔΙ
1487 1792 1694 1861 κέντρον
1720 1791 1778 1838 1'6
1808 1794 1853 1840 N
1909 1799 1954 1852 B

245 1877 374 1929 ἀ).λά
403 1876 579 1929 καὶτὸ
606 1882 690 1929 BI
728 1883 765 1929 Φ
798 1882 814 1929 l
856 1875 947 1928 ἶσά
1008 1876 1123 1928 ἐστι
1167 1885 1270 1936 τοῖς
1317 1882 1361 1928 Ν
1411 1883 1430 1929 1
1489 1883 1532 1930 Ψ
1572 1882 1590 1928 Ι
1650 1881 1852 1950 κέντρον

244 1971 411 2019 κοινὸν
441 1968 542 2040 γάρ
573 1969 632 2016 τὸ
663 1972 681 2018 Ι
715 1968 744 2022 ὴ
781 1967 884 2038 ἄρα
915 1972 951 2016 Β
1018 1972 1056 2018 Φ
1112 1961 1393 2037 διάμετρος
1443 1972 1534 2016 τοῦ
1580 1973 1618 2017 Ζ
1669 1972 1709 2016 Τ
1763 1967 1853 2015 κύ-

243 2056 387 2127 κλου,
425 2058 513 2113 ἰση
547 2054 662 2106 ἐστὶ
692 2063 755 2127 τῇ
788 2061 834 2108 Ψ
866 2061 910 2106 Ν
942 2054 1100 2106 αὐτοῦ
1143 2051 1429 2126 διαμέτρῳ·
1480 2051 1548 2104 ὧν
1609 2056 1710 2127 γάρ
1763 2052 1856 2106 ἶσα

245 2147 310 2197 τά
331 2147 546 2217 ἡμίσεα,
580 2150 670 2195 καὶ
737 2145 801 2195 τά
868 2142 962 2194 ὅλα
1012 2141 1105 2194 ἶσά
1163 2142 1320 2197 ἐστιν.
1375 2142 1639 2202 Ὡσαύτως
1685 2138 1744 2194 δὲ
1786 2145 1856 2203 ὡς

247 2239 304 2286 το
324 2240 368 2286 Ν
397 2237 528 2308 πρὸς
556 2236 613 2284 τὸ
645 2240 685 2285 Υ
715 2237 804 2285 καὶ
835 2236 893 2283 1'6
922 2239 969 2283 Ω.
997 2235 1127 2306 πρὸς
1181 2235 1240 2283 τὸ
1287 2239 1326 2284 Υ
1380 2239 1480 2282 τῶν
1522 2234 1625 2304 ’γάρ
1678 2231 1852 2284 ἑκατέ-

249 2342 349 2396 ρων
375 2325 580 2394 κέντρον
605 2324 664 2372 τὸ
719 2329 760 2372 Υ
811 2323 875 2381 ὡς
919 2325 1007 2371 καὶ
1058 2327 1150 2372 τοῦ
1211 2328 1250 2372 Υ
1318 2327 1362 2374 Ψ
1417 2324 1622 2392 κέντρον
1676 2324 1736 2372 τὸ
1783 2327 1852 2374 Ν.

253 2409 406 2463 Ἀλλά
434 2415 524 2462 xui
556 2412 614 2461 1'6
640 2415 677 2461 A
712 2417 752 2461 Υ
781 2415 864 2461 ΦΥ
893 2409 986 2460 ῖσά
1009 2406 1122 2459 ἐστι
1152 2416 1262 2470 τοῖς
1320 2414 1362 2460 Ν
1426 2417 1465 2460 Υ
1528 2415 1575 2460 Ω.
1630 2416 1687 2461 Υ·
1746 2412 1850 2460 γέν-

247 2517 368 2573 τρον
400 2501 568 2550 κοινὸν
613 2500 714 2571 γὰρ
767 2501 825 2548 τὸ
874 2505 935 2553 Υ.
996 2496 1054 2548 Ἠ
1105 2495 1208 2568 ἆρα
1263 2501 1312 2549 Α
1354 2503 1391 2550 Φ
1445 2493 1726 2571 διάμετρος
1763 2505 1854 2549 τοῦ

247 2591 287 2641 Ξ
319 2594 360 2641 K
390 2587 603 2648 κύκλον,
635 2589 722 2644 ἰση
764 2585 874 2637 ἐστὶ
924 2593 986 2657 τῇ
1047 2593 1094 2637 Ω
1141 2592 1187 2637 Ν
1237 2586 1393 2637 αὐτοῦ
1449 2582 1734 2659 διαμέτρῳ·
1788 2587 1854 2636 ὧν

248 2677 350 2748 γάρ
374 2677 439 2726 τά
469 2676 664 2747 ἡμίσεα
692 2671 804 2741 ἶσα,
825 2679 916 2726 καὶ
981 2676 1043 2726 τά
1094 2673 1187 2725 ὁλα
1234 2670 1329 2725 ἶσοὶ
1382 2672 1516 2740 ἐστι,
1574 2676 1706 2726 κατά
1764 2678 1852 2726 τὸν

247 2765 404 2816 αὐτὸν
430 2763 602 2836 λόγον·
633 2763 720 2826 Ὠς
748 2763 851 2837 ἄρα
870 2766 928 2815 τὸ
955 2771 995 2816 Υ
1022 2766 1153 2835 πρὸς
1180 2767 1236 2815 τὸ
1296 2770 1340 2818 Α
1395 2769 1484 2815 καὶ
1541 2767 1598 2815 τὸ
1652 2769 1690 2817 Ε
1729 2768 1854 2834 πρὸς

244 2857 304 2906 τὸ
336 2859 376 2908 Α
407 2860 508 2906 τῶν
552 2855 654 2927 γὰρ
704 2853 952 2926 ἑκατέρων
1005 2857 1211 2926 κέντρον
1257 2855 1316 2904 τὸ
1372 2857 1411 2904 Α
1481 2856 1550 2913 ὡς
1606 2858 1697 2905 καὶ
1753 2862 1852 2906 τῶν

220 3053 546 3104 metrorum
577 3047 780 3104 circuli
811 3049 854 3114 Q
886 3050 949 3118 H,
975 3052 1114 3103 sunt
1147 3051 1187 3102 D
1222 3050 1260 3102 Β
1287 3049 1331 3103 U
1357 3048 1400 3112 Q
1437 3047 1457 3101 Ι
1487 3051 1533 3102 A
1567 3067 1578 3114 ;
1614 3052 1670 3103 et
1699 3048 1757 3102 in
1787 3048 1879 3103 his

2012 552 2324 606 τοίςΝΑΕ
2376 556 2435 602 Α·
2495 552 2700 622 κέντρον
2748 550 2918 598 κοινὸν
2977 549 3075 621 γάρ
3121 549 3181 598 τὸ
3249 551 3310 600 Α.

2014 639 2052 685 Γ
2073 642 2112 686 Υ
2141 633 2420 711 διάμετρος
2442 645 2532 690 τού
2561 643 2613 689 Μ
2644 644 2687 689 Η
2724 637 2914 687 κύκλου
2937 639 3027 692 ἴση
3071 635 3184 688 ἐστὶ
3233 643 3296 707 τῇ
3345 643 3384 689 Ε
3433 643 3478 689 Ν
3519 637 3619 688 αύ-

2013 730 2106 774 τοῦ
2145 721 2429 801 διαμέτρῳ.
2491 725 2557 778 ὧν
2608 728 2710 799 γάρ
2766 727 2831 777 τά
2870 729 3068 796 ἡμίσεα
3120 723 3231 794 ἶσα,
3281 729 3371 777 καὶ
3417 728 3484 778 τά
3525 725 3619 778 ὃλα

2016 814 2108 863 me
2134 813 2290 866 ἐστιν·
2325 818 2465 868 Ἐπεὶ
2491 823 2614 886 γοῦν
2644 817 2674 872 ἡ
2739 821 2774 866 Γ
2816 823 2856 866 Υ
2914 816 3006 870 ἴση
3063 813 3176 866 ἐστὶ
3220 822 3285 886 κῇ
3341 821 3378 867 Ε
3422 822 3467 868 Ν
3525 819 3616 867 καὶ

2016 904 3042 975 ἡΑΒτῇΝΧκαὶὴΡΙτῇΒΦκαὶ
3091 905 3118 960 ἡ
3182 910 3229 956 Ψ
3282 911 3330 955 Ν
3383 912 3445 976 τῇ
3502 911 3521 957 I
3582 910 3617 955 Δ

2017 993 2806 1064 καὶήΩΝτῇΥΟκαὶὴΦ
2869 997 2911 1043 Δ
2972 999 3035 1062 τῇ
3095 999 3136 1044 Υ
3185 998 3224 1044 Γ
3275 996 3366 1044 καὶ
3419 992 3612 1050 ἑκάστη

2017 1077 2208 1138 ἑκάστη
2239 1083 2331 1138 ἴση
2357 1081 2490 1142 ἐστὶ,
2518 1083 2584 1132 τά
2632 1083 2734 1153 γάρ
2764 1088 2836 1150 τῷ
2881 1079 3025 1150 αύτῷ
3079 1077 3191 1144 ἶσα,
3241 1085 3332 1132 xui
3380 1079 3619 1142 ἀλλήλοις

2020 1163 2369 1222 ῖσάέστικαὶ
2412 1172 2460 1221 οἱ
2504 1177 2622 1223 ΠΘ
2666 1177 2698 1221 Σ
2755 1176 2801 1221 Λ
2854 1176 2893 1222 Ζ
2944 1175 2985 1222 Τ
3035 1171 3075 1222 Ξ
3127 1175 3166 1221 Κ
3223 1176 3272 1222 Μ
3323 1175 3367 1222 Η
3413 1170 3615 1237 κύκλοι,

2021 1254 2127 1310 ἷσοί
2146 1258 2298 1310 εἰσινο
2327 1259 2395 1309 ὧν
2419 1261 2520 1329 γάρ
2543 1258 2600 1308 αἱ
2643 1254 2920 1330 διάμετροι
2969 1256 3105 1324 ἶσαι,
3160 1263 3252 1310 xui
3314 1265 3481 1312 ταῦτα
3527 1257 3620 1312 ἶσά

3360 545 3620 621 Ἠἆρα

2018 1343 2178 1397 ἐστιν·
2214 1349 2263 1400 οἱ
2291 1346 2393 1418 ἆρα
2421 1346 2602 1398 κύκλοι
2632 1349 2815 1406 mine;
2839 1343 2945 1398 ἷσοί
2981 1345 3105 1412 εἱσι,
3166 1352 3257 1398 xui
3304 1350 3364 1399 1'6
3415 1346 3470 1399 ἐκ
3518 1357 3618 1399 τῶν

2020 1431 2310 1508 διαμέτρων
2363 1444 2531 1487 αυτών
2591 1439 2910 1496 συνεστακὸς
2963 1439 3213 1508 τρίγωνον
3262 1433 3375 1489 ἶσόν
3454 1435 3618 1496 ἐστιν,

2015 1522 2074 1575 Ἠ
2125 1531 2248 1594 γοῦν
2292 1530 2333 1577 Α
2385 1529 2422 1576 Β
2470 1520 2754 1598 διάμετρος
2792 1531 2884 1576 τοῦ
2942 1530 2983 1575 Π
3035 1531 3080 1577 Θ
3128 1523 3321 1576 κύκλου
3378 1529 3472 1583 τὴν
3523 1529 3615 1584 ἴση

2016 1614 2181 1684 ταύτῃ
2225 1609 2503 1685 διαμέτρου
2556 1619 2597 1666 Δ
2654 1619 2693 1666 Φ
2749 1620 2843 1665 τοῦ
2889 1619 2927 1665 Ζ
2971 1619 3013 1666 Κ
3059 1611 3251 1665 κύκλου
3299 1613 3619 1688 προσλαϐέτε

2015 1700 2259 1774 πλευράν,
2291 1707 2381 1753 xui
2406 1705 2538 1759 αὕτη
2559 1706 2649 1762 τὴς
2694 1707 2733 1754 Φ
2791 1708 2828 1754 Β
2881 1698 3162 1775 διάμετρον
3209 1709 3302 1755 τοῦ
3353 1710 3392 1754 Ζ
3447 1705 3484 1758 Γ
3525 1706 3618 1754 κύ-

2015 1789 2138 1842 κλου
2163 1790 2408 1862 πλευράν,
2436 1796 2527 1844 καὶ
2557 1795 2806 1849 συστητω
2830 1792 2888 1842 τὸ
2921 1797 2961 1842 Α
2993 1797 3028 1842 Β
3083 1797 3121 1842 Φ
3175 1795 3440 1862 τρίγωνον.
3499 1791 3618 1844 Ἐπι

2013 1883 2184 1931 τοίνυν
2217 1875 2329 1931 ἶσαί
2391 1880 2522 1932 εἰσιν
2568 1882 2623 1932 αἱ
2681 1876 2975 1950 διάμετροι,
3041 1882 3110 1941 ὡς
3165 1876 3412 1951 ἐδείχθη,
3470 1879 3618 1932 ἀνοι-

2013 1971 2210 2036 γκαίως
2239 1973 2328 2018 καὶ
2379 1971 2438 2018 τὸ
2479 1965 2535 2019 ἐκ
2593 1970 2788 2019 τούτων
2846 1970 3161 2028 συνεστακὸς
3216 1972 3490 2042 τρίγωνον,
3533 1971 3618 2022 ἱ.σὸ

2012 2053 2228 2127 πλευρόν
2258 2059 2374 2108 ἐστι
2403 2075 2494 2107 και
2527 2055 2817 2127 ἰσογώνιον,
2846 2059 2904 2108 1'6
2954 2055 3057 2130 ἄρα
3108 2057 3154 2109 Α
3202 2061 3242 2109 Β
3288 2062 3327 2109 Φ
3369 2061 3618 2130 τρίγωνον

2016 2140 2127 2196 ἶσόν
2184 2148 2344 2217 ἐστιν,
2406 2141 2586 2203 ἐπειδή
2641 2144 2944 2217 ἰσόπλευρόν
2998 2148 3110 2198 ἐστι
3160 2164 3251 2197 και
3325 2145 3616 2216 ἰσογώνιον.

2017 2234 2080 2286 Ai
2137 2232 2239 2304 ἄρα
2287 2241 2379 2285 τοῦ
2431 2233 2623 2285 κύκλου
2678 2231 2955 2306 διάμετροι
3004 2237 3061 2284 ἐκ
3102 2240 3192 2285 τοῦ
3245 2237 3458 2308 κέντρου
3529 2254 3621 2286 και

2015 2326 2176 2384 μέσου
2198 2324 2421 2395 ἠγμέναι
2467 2320 2558 2374 ἶσα
2621 2329 2838 2375 ποιοῦσι
2893 2327 3172 2395 σχήματα,
3233 2319 3416 2380 ἐπειδὴ
3474 2329 3621 2378 πᾶσα

2015 2411 2176 2463 αὐτοῦ
2205 2408 2482 2485 διάμετρος
2522 2414 2610 2469 ῖση
2653 2411 2786 2478 ἐστὶ,
2817 2409 2912 2464 διὰ
2956 2419 3108 2464 τοῦτο
3160 2417 3251 2464 καὶ
3301 2418 3404 2464 πᾶν
3458 2412 3621 2465 αὐτοῦ

2013 2503 2168 2574 μέρος
2196 2504 2321 2573 πρὸς
2359 2504 2417 2553 1'6
2475 2505 2679 2574 κέντρον
2733 2497 2844 2553 ἶσον
2891 2507 2997 2560 τοῖς
3031 2499 3225 2562 Δοἰλλοις
3289 2501 3450 2554 αὐτοῦ
3508 2499 3622 2554 ἐστι

2013 2593 2214 2661 μέρεσι,
2245 2591 2416 2651 καθώς
2444 2585 2764 2660 ἀπεδείχθη.
2791 2589 2955 2642 Τοῦτο
3002 2585 3061 2642 δὲ
3113 2589 3208 2642 οὐκ
3257 2589 3345 2642 ἐπὶ
3389 2593 3481 2642 τοῦ
3507 2610 3622 2665 τρι-

2011 2679 2276 2748 γώνου,αἱ
2308 2681 2408 2750 γὰρ
2436 2680 2623 2730 τούτου
2669 2677 2888 2749 πλευραὶ
2940 2675 3035 2730 οὐκ
3089 2673 3202 2730 ἴσον
3256 2685 3474 2730 ποιοῦσι
3529 2687 3622 2740 τῆς

2016 2765 2176 2817 αὐτοῦ
2217 2763 2502 2839 διαμέτρου
2563 2772 2653 2818 xui
2705 2768 2924 2819 καθέτου
2982 2766 3168 2818 κύκλον
3244 2767 3273 2825 ἦ
3343 2772 3616 2840 τρίγωνον·

2013 2863 2105 2907 τοῦ
2134 2859 2232 2928 γὰρ
2259 2855 2450 2908 κύκλου
2476 2858 2505 2915 ἡ
2543 2853 2817 2928 διάμετρος
2876 2860 3051 2930 τρίτον
3113 2854 3227 2907 ἐστὶ
3282 2863 3379 2918 τῆς
3432 2859 3620 2910 τούτου

1987 3051 2263 3123 aequalia,
2306 3055 2361 3106 et
2395 3054 2520 3106 tota
2539 3050 2672 3122 ipsa
2697 3050 3439 3124 suntaequalia.Quoniam
3468 3051 3648 3122 igitur

222 3141 362 3192 sunt
383 3143 589 3193 contra
619 3137 980 3192 circulorum
1008 3139 1055 3192 M
1089 3139 1129 3192 G
1160 3139 1195 3192 S
1228 3138 1266 3191 L
1289 3137 1330 3192 Ο
1362 3137 1412 3190 Κ
1444 3138 1484 3190 F
1511 3139 1576 3207 T;
1609 3143 1879 3192 centrum
1918 3157 1958 3212 ρ
1988 3141 2286 3195 diametur
2312 3141 2351 3196 C
2387 3141 2425 3195 U
2461 3146 2549 3194 est
2587 3139 2838 3211 a2qualis
2863 3140 3158 3196 diametro
3190 3143 3230 3195 Ε
3260 3143 3325 3210 Ν,
3357 3141 3648 3196 diameter

219 3232 419 3281 autem
443 3231 532 3281 est
564 3226 832 3281 medium
865 3225 1067 3281 circuli
1100 3225 1176 3281 ad
1199 3225 1364 3298 quod
1397 3225 1591 3281 ductae
1615 3242 1826 3282 omnes
1847 3243 1882 3282 a

221 3314 701 3371 circumferentia
731 3315 901 3370 lineae
929 3320 1068 3370 sunt
1097 3315 1249 3369 inter
1312 3331 1373 3369 se
1417 3315 1683 3386 aequales
1733 3334 1744 3370 :
1819 3321 1885 3371 ut

220 3405 400 3474 igitur
423 3407 463 3459 N
490 3420 550 3460 se
582 3405 764 3460 habet
792 3403 870 3459 ad
896 3407 952 3473 B,
985 3404 1070 3459 ita
1099 3403 1281 3458 etiam
1313 3405 1354 3457 Y
1381 3421 1440 3458 se
1474 3403 1655 3460 habet
1686 3406 1761 3461 ad
1797 3407 1835 3460 Β
1868 3421 1881 3458 :

222 3495 535 3567 utriusque
566 3496 725 3550 enim
752 3506 1021 3549 centrum
1063 3500 1152 3550 est
1181 3495 1243 3559 Β,
1281 3498 1342 3548 ut
1371 3493 1550 3548 etiam
1604 3495 1884 3550 termino-

221 3599 361 3639 rum
386 3588 433 3638 A
465 3587 524 3652 Β,
553 3591 825 3638 centrum
847 3589 932 3637 est
957 3586 1019 3637 N.
1046 3583 1219 3654 Atqui
1244 3585 1287 3637 R
1305 3585 1362 3647 Β,
1399 3584 1486 3650 lB,
1512 3590 1648 3638 sunt
1685 3599 1889 3654 aequa-

221 3673 305 3728 lia
324 3672 474 3744 ipsis
503 3675 544 3727 N
575 3675 633 3739 Β,
666 3674 708 3726 Y
745 3675 803 3728 Β.
839 3674 989 3727 Nam
1015 3671 1057 3723 Β
1085 3678 1357 3725 centrum
1401 3677 1488 3725 est
1537 3687 1881 3739 commune,

222 3762 522 3816 Diameter
551 3777 693 3832 ergo
721 3763 765 3816 Β
792 3762 834 3827 Ι,
869 3761 1074 3816 circuli
1107 3762 1141 3816 S
1169 3763 1224 3822 L,
1260 3766 1350 3815 est
1375 3760 1626 3832 aequalis
1658 3761 1884 3816 diame-

219 3855 310 3906 tro
365 3852 407 3905 Y
454 3853 522 3919 N,
583 3852 851 3915 Quorum
909 3849 1072 3904 enim
1126 3849 1392 3904 dimidiae
1471 3855 1671 3920 partes
1744 3858 1885 3906 sunt

222 3938 506 4008 aequales,
539 3938 672 4010 ipsa
703 3943 826 3993 tota
857 3943 995 3992 sunt
1018 3937 1296 4009 aequalia.
1330 3940 1407 3992 Ex
1420 3938 1632 3994 eadem
1654 3939 1884 3996 ratione

225 4030 289 4080 ut
314 4041 372 4080 se
396 4026 643 4082 habetN
690 4027 768 4081 ad
825 4030 865 4095 l_,
914 4027 996 4082 ita
1038 4027 1218 4081 etiam
1272 4027 1317 4080 Ζ·
1371 4026 1449 4082 ad
1507 4028 1526 4079 1
1576 4028 1884 4099 utriusque

220 4115 384 4171 enim
413 4121 684 4170 centrum
723 4119 814 4171 est
844 4117 883 4169 l.
911 4118 1036 4170 Non
1071 4130 1243 4169 secus
1266 4121 1447 4186 atque
1483 4117 1878 4172 terminorum

221 4205 269 4270 Ο
297 4207 316 4258 l
345 4209 618 4259 centrum
648 4209 737 4260 est
764 4206 826 4259 N.
858 4204 1037 4276 Atqui
1081 4204 1124 4256 Β
1182 4203 1202 4257 Ι
1247 4207 1286 4258 Χ
1342 4204 1363 4257 I
1420 4204 1679 4275 aequalia
1747 4212 1886 4262 sunt

221 4292 338 4349 illis
363 4295 404 4347 N
440 4293 458 4346 ι
490 4295 526 4347 Ζ
557 4295 577 4346 l
613 4309 626 4357 ;
655 4308 791 4348 nam
821 4294 1175 4347 [commune
1196 4297 1460 4347 centrum
1475 4299 1581 4348 est.
1601 4293 1886 4350 Diameter

225 4397 369 4451 ergo
401 4384 440 4436 Β
481 4383 542 4451 Χ,
572 4381 774 4437 circuli
806 4384 844 4437 F
872 4383 934 4451 T,
964 4381 1215 4453 aequalis
1255 4386 1343 4436 est
1388 4382 1682 4438 diametro
1719 4390 1759 4434 Z
1817 4387 1884 4441 N.

1990 3229 2170 3285 etiam
2197 3232 2244 3281 A
2277 3231 2312 3282 Β
2334 3228 2442 3284 erit
2470 3228 2719 3301 aequalis
2747 3229 3042 3284 diametro
3069 3232 3113 3284 N
3143 3232 3204 3300 Y,
3232 3234 3288 3285 et
3331 3232 3375 3285 R
3448 3234 3466 3284 ι
3513 3229 3647 3286 dia-

1991 3324 2178 3373 meter
2207 3316 2455 3390 aequalis
2511 3317 2806 3372 diametro
2865 3321 2902 3371 B
2951 3320 3012 3386 X,
3061 3322 3117 3372 et
3167 3318 3460 3374 diameter
3513 3319 3553 3371 Z
3604 3321 3645 3374 N

1992 3406 2240 3478 aequalis
2261 3407 2554 3463 diametro
2584 3408 2604 3460 Ι
2645 3409 2712 3476 Q,
2755 3410 2811 3462 et
2838 3406 3129 3463 diameter
3161 3409 3244 3462 FF
3293 3411 3337 3464 N
3397 3407 3648 3481 aequalis

1992 3496 2285 3552 diametro
2317 3497 2358 3551 U
2383 3497 2426 3548 D
2459 3513 2472 3562 ;
2501 3502 2557 3550 et
2577 3494 2927 3550 diameterx
2962 3501 3003 3550 Α
3043 3495 3294 3567 aequalis
3352 3497 3648 3554 diametro

1994 3587 2036 3641 U
2068 3586 2108 3640 C
2130 3602 2142 3652 ;
2167 3584 2429 3656 denique
2453 3584 2701 3654 singulae
2723 3583 2972 3654 singulis
3007 3588 3147 3639 sunt
3173 3585 3438 3657 aequales
3464 3605 3476 3653 ;
3503 3602 3648 3642 nam

1992 3689 2129 3746 quae
2167 3672 2365 3728 eidem
2399 3679 2537 3728 sunt
2563 3671 2933 3744 aequaliailla
2951 3672 3104 3727 inter
3119 3691 3182 3729 se
3213 3679 3355 3728 sunt
3369 3674 3649 3746 aequalia.

1991 3763 2130 3828 EtQ
2173 3761 2702 3818 HSLFTOKM
2761 3763 2803 3817 G
2861 3767 3002 3817 sunt
3040 3762 3320 3833 aequales,
3381 3762 3648 3834 circuli;

1989 3867 2134 3907 nam
2156 3851 2388 3921 ﬁgurae,
2417 3866 2678 3922 quarum
2709 3849 2984 3906 diametri
3014 3856 3154 3907 sunt
3180 3851 3469 3924 aequales,
3499 3853 3652 3925 ipsa

1989 3941 2142 3995 inter
2159 3956 2220 3995 se
2255 3945 2394 3995 sunt
2427 3938 2692 4011 aequales
2735 3958 2749 4007 ;
2783 3946 2840 3995 et
2867 3940 3033 4012 quod
3053 3956 3126 3996 ex
3154 3940 3300 4012 ipsis
3345 3940 3652 3998 diametris

1991 4029 2370 4085 constituitur
2400 4028 2767 4097 triangulum
2790 4029 3024 4102 aequale
3054 4035 3161 4086 est.
3186 4031 3484 4087 Diameter
3506 4047 3650 4102 ergo

1990 4121 2038 4172 A
2076 4119 2140 4184 B,
2174 4117 2380 4173 circuli
2411 4119 2452 4173 G
2475 4118 2524 4171 Η
2543 4124 2810 4174 assumat
2829 4118 3120 4190 aequalem
3142 4119 3255 4174 sibi
3294 4119 3652 4176 diametrum

1992 4211 2041 4261 A
2077 4209 2114 4262 Χ
2149 4206 2350 4261 circuli
2385 4207 2428 4262 Ο
2450 4207 2503 4260 Κ
2529 4225 2542 4274 ;
2571 4211 2628 4261 et
2646 4206 2780 4276 ipsa
2812 4213 3084 4264 assumat
3107 4207 3471 4264 diametrum
3505 4209 3561 4262 X
3610 4208 3653 4262 Β

1994 4295 2256 4352 circuliF
2281 4298 2340 4352 T.
2381 4296 2668 4368 Fiantque
2712 4295 2903 4352 latera
2947 4301 3005 4353 et
3047 4297 3444 4354 constituatur
3473 4298 3652 4354 trian-

1995 4385 2203 4455 gulum
2232 4391 2276 4440 A
2313 4391 2352 4443 C
2372 4388 2435 4442 X.
2460 4384 2758 4451 Quoniam
2773 4385 2957 4455 igitur
2972 4385 3239 4458 aequales
3264 4393 3402 4442 sunt
3426 4387 3654 4444 diame-

228 4473 497 4538 Quorum
521 4471 682 4525 enim
703 4470 969 4526 dimidiae
994 4475 1192 4541 partes
1224 4470 1660 4543 suntaequales,
1687 4479 1742 4528 et
1762 4477 1887 4529 tota
1920 4499 1964 4553 ι)
1995 4475 2084 4545 tri,
2101 4478 2165 4530 ut
2181 4475 2656 4530 demonstratum
2689 4479 2799 4542 est,
2828 4475 3174 4531 necessario
3193 4476 3558 4546 triangulum
3580 4493 3655 4533 ex

225 4561 359 4630 ipsa
379 4558 806 4631 suntaequalia.
835 4558 1048 4613 Eodem
1079 4558 1256 4614 modo
1282 4565 1344 4614 ut
1361 4562 1399 4615 N
1424 4576 1486 4614 se
1508 4560 1692 4617 habet
1714 4562 1792 4617 ad
1819 4564 1881 4629 U,

228 4649 312 4704 ita
332 4649 512 4706 etiam
532 4649 614 4703 FF
641 4648 720 4704 ad
746 4651 816 4715 U;
840 4647 1148 4720 utriusque
1165 4649 1326 4702 enim
1356 4650 1591 4706 termini
1613 4656 1885 4706 centrum

229 4741 317 4794 est
346 4740 412 4807 U,
441 4743 506 4795 ut
535 4741 577 4793 Ν
613 4757 624 4795 ;
660 4743 929 4793 centrum
959 4740 1047 4791 est
1072 4738 1464 4793 terminorum
1498 4741 1541 4794 U
1592 4743 1653 4795 Ι).
1706 4739 1886 4812 Atqui

222 4833 271 4881 A
304 4827 348 4881 U
380 4828 421 4880 X
454 4828 497 4881 U
521 4831 658 4881 sunt
683 4824 940 4897 aequalia
961 4824 1085 4879 istis
1117 4827 1161 4880 N
1197 4827 1238 4879 U
1295 4827 1337 4881 U
1385 4828 1485 4880 FF.
1537 4829 1687 4884 Nam
1745 4844 1884 4884 cen-

222 4921 383 4971 trum
424 4930 748 4970 commune
779 4918 865 4970 est
893 4915 957 4969 U.
995 4914 1292 4969 Diameter
1323 4930 1466 4983 ergo
1505 4917 1552 4969 A
1591 4920 1633 4972 Χ
1682 4917 1886 4973 circuli

221 5007 266 5062 0
291 5006 336 5059 Κ
364 5003 619 5076 aequalis
651 5010 738 5059 est
763 5002 1056 5059 diametro
1087 5003 1280 5074 ipsius
1340 5004 1420 5060 FF
1480 5006 1544 5058 N.
1616 5008 1884 5070 Quorum

216 5095 380 5151 enim
405 5092 658 5148 dimidia
693 5098 831 5148 sunt
843 5091 1123 5164 aequalia,
1143 5097 1266 5147 tota
1286 5092 1418 5163 ipsa
1443 5099 1581 5148 sunt
1605 5094 1882 5166 aequalia,

214 5187 305 5239 Ex
325 5181 540 5237 eadem
564 5183 795 5238 ratione
829 5187 895 5236 ut
927 5197 990 5235 se
1019 5179 1204 5236 habet
1234 5184 1276 5236 N
1318 5181 1394 5236 ad
1435 5185 1506 5251 A,
1534 5184 1618 5239 ita
1639 5184 1815 5240 etiam
1844 5187 1884 5239 E

213 5271 300 5330 ad
333 5275 378 5324 A
399 5291 417 5344 ;
443 5271 752 5344 utriusque
774 5271 928 5326 enim
955 5277 1221 5326 centrum
1243 5277 1331 5326 est
1359 5278 1427 5326 A.
1453 5275 1582 5328 Non
1599 5291 1769 5330 secus
1800 5281 1882 5331 at-

216 5375 338 5434 que
355 5360 749 5416 terminorum
767 5363 804 5414 B
836 5365 900 5430 A,
930 5364 1197 5414 centrum
1223 5364 1311 5415 est
1340 5363 1402 5416 Ν.
1419 5363 1599 5432 Atqui
1617 5364 1656 5419 C
1681 5365 1728 5415 A
1758 5365 1880 5435 UA,

221 5450 485 5522 aequalia
511 5455 650 5504 sunt
665 5449 791 5505 istis
821 5453 862 5504 Ν
890 5454 932 5502 Α
965 5449 1007 5503 U
1037 5454 1112 5516 A;
1133 5465 1268 5505 nam
1285 5454 1548 5506 centrum
1574 5457 1884 5508 Commune

226 5543 326 5596 est-
347 5539 418 5594 A.
459 5538 756 5594 Diameter
781 5551 924 5608 ergo
957 5539 996 5592 C
1027 5539 1092 5604 U,
1124 5539 1327 5594 circuli
1349 5542 1398 5595 Μ
1429 5541 1488 5610 C,
1516 5541 1766 5612 aequalis
1797 5545 1884 5598 est

224 5623 427 5703 ipsius
477 5627 773 5684 diametro
802 5631 842 5681 Ε
870 5629 914 5682 Ν
947 5641 964 5692 ς
994 5628 1254 5698 quorum
1293 5629 1455 5686 enim
1479 5629 1884 5688 dimidiasunt

1994 4563 2084 4617 his
2116 4563 2506 4618 constitutum
2544 4568 2632 4618 est
2654 4563 3069 4634 aequilaterum
3096 4569 3154 4620 et
3171 4565 3652 4637 aequiangulum.

1995 4651 2276 4706 Diametri
2311 4667 2454 4721 ergo
2484 4668 2557 4708 ex
2576 4657 2779 4708 centro
2817 4669 2889 4708 ex
2944 4653 3144 4709 medio
3171 4654 3365 4710 ductae
3390 4654 3655 4726 aequales

1994 4740 2363 4796 constituunt
2390 4740 2638 4812 ﬁguras,
2676 4742 3177 4814 quandoquidem
3217 4745 3414 4800 omnis
3452 4743 3658 4800 circuli

1993 4829 2277 4884 diameter
2298 4837 2384 4885 est
2415 4830 3400 4904 aequalis;idcircoquilibetipsius
3425 4849 3567 4904 pars
3596 4832 3656 4888 in

1994 4924 2264 4973 centrum
2296 4934 2658 4974 concurrens
2681 4919 2929 4990 reliquis
2956 4920 3231 4991 partibus
3254 4926 3344 4976 est
3379 4921 3652 4994 aequalis,

1994 5012 2059 5063 ut
2090 5024 2274 5079 supra
2297 5007 2778 5063 demonstratum
2807 5013 2917 5063 est.
2952 5014 3023 5064 At
3082 5008 3198 5065 hoc
3253 5011 3316 5065 in
3356 5009 3655 5080 triangula

1992 5096 2195 5152 locum
2226 5112 2350 5152 non
2370 5097 2556 5152 habet
2589 5113 2603 5163 ;
2632 5113 2778 5152 nam
2799 5096 2989 5169 ipsius
3009 5097 3195 5153 latera
3227 5113 3350 5154 non
3391 5097 3658 5154 efﬁciunt

1993 5185 2304 5253 circulum,
2357 5191 2460 5242 aut
2511 5185 2880 5255 triangulum
2928 5186 3161 5258 aequale
3205 5187 3506 5259 triangulo
3553 5193 3659 5244 aut

1993 5273 2213 5330 circulo
2245 5275 2346 5347 qui
2401 5291 2472 5329 ex
2525 5273 2712 5345 ipsius
2769 5274 3062 5331 diametro
3117 5276 3447 5348 conﬁcitur,
3509 5294 3657 5333 nam

1991 5361 2286 5418 diameter
2323 5361 2529 5417 circuli
2550 5367 2604 5416 et
2627 5361 2798 5417 tertia
2824 5377 2966 5433 pars
3022 5363 3447 5420 circumductae
3486 5363 3657 5421 lineae

1991 5467 2180 5525 quam
2221 5452 2268 5507 si
2295 5453 2428 5524 quis
2451 5457 2720 5508 assumat
2741 5457 2799 5507 et
2823 5451 3130 5523 adhibeat,
3155 5455 3660 5512 utseceteircum-

1994 5541 2301 5598 ferentiam
2327 5540 2552 5610 circuli,
2578 5545 2693 5596 tres
2728 5541 2991 5613 aequales
3005 5543 3504 5602 diametrolineas
3536 5544 3661 5608 etﬁ.

1998 5631 2132 5704 ciet;
2163 5648 2349 5704 quam
2380 5631 2628 5704 quidem
2650 5629 2841 5688 lineas
2860 5631 2908 5688 si
2927 5631 3066 5705 quis
3094 5637 3160 5691 ut
3211 5634 3400 5692 latera
3445 5641 3657 5708 ponat,
