4130 6396
475 339 610 398 1383

2001 313 2235 382 ADDEN
2242 321 2330 382 DA
2341 365 2356 380 .

3761 318 3906 382 1384

502 464 844 540 περιφερείας,
880 459 940 518 ἢν
997 476 1077 520 τις
1127 454 1172 509 εἶ
1208 453 1338 529 λάϐῃ
1398 456 1489 507 καὶ
1548 460 1611 527 τῇ
1673 447 1937 540 διαμέτρῳ
1995 449 2098 513 θεὶς
2155 452 2202 508 Α
2262 471 2366 522 τος,
2387 456 2540 506 τούΛ
2608 459 2645 506 Β
2701 459 2740 507 Γ
2785 454 3064 526 τριγώνου,
3113 445 3395 524 διάμετρος
3461 443 3521 502 δὲ
3579 454 3671 502 τοῦ
3724 456 3771 504 Π
3837 457 3874 503 Σ

502 539 662 628 τεμεῖ,
718 557 852 628 τρεῖς
905 548 1025 609 ἴσας
1091 547 1252 618 ταύτῃ
1324 549 1535 604 ποιήσει
1591 541 1648 604 ἃς
1715 544 1821 604 θεὶς
1875 539 2102 614 πλευρὰς

507 645 777 716 ἰσογώνιον
835 643 925 692 καὶ
983 635 1286 710 ἰσόπλευρον
1351 639 1560 693 ποιήσει
1607 636 1876 707 τρίγωνον,
1943 629 1986 683 εἰ
2044 625 2103 683 δι

503 738 637 810 τρεῖς
722 729 1041 803 διαμέτρους
1104 725 1379 791 κυκλώσει,
1433 727 1606 800 τρίτον
1660 718 1719 776 δὲ
1792 724 2102 796 περιμέτρου

506 827 658 882 θήσει
698 818 999 894 διάμετρον,
1051 819 1077 870 ὁ
1137 815 1296 879 αὐτὸς
1341 819 1432 867 καὶ
1481 812 1635 867 πάλιν
1692 809 1880 873 κύκλος
1951 813 2105 884 γενή-

507 932 673 968 σεται.

577 1019 630 1076 ε’.
670 1017 795 1091 Ούχ
819 1016 980 1076 οὕτως
1011 1010 1070 1068 δὲ
1109 1010 1194 1066 ἐπὶ
1235 1017 1334 1074 ,τοῦ
1364 1015 1640 1086 τριγώνουο
1683 1006 1743 1061 ού
1772 1007 1874 1082 γὰρ
1905 1007 1964 1059 τό
1997 1008 2111 1079 τρί-

505 1128 592 1164 τον
621 1116 712 1170 τςῆ
747 1106 907 1160 αύτοῦ
944 1106 1256 1179 περιμέτρου
1295 1100 1326 1160 ἢ
1387 1101 1606 1153 καθέτου
1671 1105 1784 1150 ἴσον
1844 1104 1908 1169 τῇ
1952 1094 2113 1148 αὐτοῦ

509 1195 798 1273 διαμέτρῳ,
853 1193 983 1248 ἁλλὰ
1019 1192 1219 1266 μεῖζον,
1261 1191 1397 1242 ὥστε
1447 1191 1664 1263 μείζονα
1725 1190 1816 1240 καὶ
1870 1185 2116 1238 ἐλάττονα

507 1292 598 1341 καὶ
619 1287 804 1340 κύκλον
829 1289 918 1338 καὶ
948 1287 1197 1358 τρίγωνον
1228 1283 1547 1338 ποιήσουσιν
1588 1279 1644 1332 αἱ
1700 1279 1888 1330 τούτου
1954 1273 2112 1328 πλευ-

507 1382 598 1452 ραί
626 1393 682 1430 τι
709 1380 800 1429 καὶ
831 1377 861 1433 ἡ
906 1369 1190 1446 διάμετρος
1214 1374 1304 1422 καὶ
1333 1371 1363 1428 ἡ
1407 1370 1642 1429 κάθετος·
1686 1369 1799 1420 ἔστι
1847 1362 1907 1419 δὲ
1962 1371 2115 1417 τοῦτο

507 1477 602 1530 τῆς
663 1465 991 1530 ἀνισότητος,
1047 1464 1296 1534 καὶπερὶ
1335 1461 1425 1532 μὶν
1475 1465 1575 1511 τῶν
1635 1457 1797 1509 ἄλλων
1854 1459 2117 1528 τριγώνων

509 1553 687 1619 οὐδεὶς
737 1555 805 1616 εἰς
862 1547 1134 1614 ἀπόδειξιν
1198 1549 1370 1620 λόγος·
1441 1547 1662 1623 ἐναργὴς
1718 1547 1818 1619 γὰρ
1877 1546 1907 1602 ἠ
2008 1545 2117 1613 θεα,

511 1643 616 1701 οἷον
645 1652 738 1698 τοῦ
787 1641 1106 1706 ἰσοσκελοῡς,
1172 1646 1265 1691 τοῦ
1325 1636 1630 1710 ὀξυγωνίου,
1697 1641 1791 1688 τοῦ
1845 1631 2121 1706 ἀμϐλυγωο

511 1737 704 1809 νίου,ἡ
767 1727 1038 1794 ἀπόδειξις
1096 1725 1156 1781 δὲ
1209 1730 1483 1801 χρήσιμός
1543 1724 1658 1778 ἐστι
1697 1719 1983 1796 δειχθῆναι
2035 1721 2122 1774 ἰπὶ

511 1832 608 1882 τοῦ
671 1823 1000 1898 ἰσοπλεύρου.
1074 1818 1226 1872 Ἐστι
1283 1813 1343 1870 δέ
1396 1819 1550 1874 αὕτη·
1603 1817 1634 1874 ἡ
1699 1821 1792 1867 τοῦ
1868 1815 2120 1888 τριγώνου
2175 1809 2221 1865 Β

513 1917 712 1990 πλευρὰ
735 1919 825 1968 καὶ
854 1913 884 1972 ἡ
929 1905 1206 1984 διὰμιτρος
1241 1908 1272 1965 ἡ
1308 1903 1403 1959 διὰ
1458 1912 1552 1958 τοῦ
1610 1907 1822 1977 κέντρου
1889 1905 1980 1954 καὶ
2031 1901 2122 1974 μέ-

517 2027 610 2061 σου
651 2007 850 2078 ἠγμένη
897 2003 987 2054 καὶ
1035 2001 1065 2057 ἠ
1113 1999 1345 2065 κάθετος,
1405 1995 1499 2048 οὐκ
1540 1995 1687 2056 ἱσους
1740 1991 1960 2053 κύκλους
2009 2007 2124 2043 ποι-

515 2103 685 2165 οῦσιν,
720 2091 826 2147 ἀλλ’
856 2089 1091 2151 ἁνὶσους,
1127 2086 1234 2138 ἀλλ’
1260 2081 1383 2138 οὐδε
1413 2088 1644 2158 τρίγωνα
1698 2077 1793 2134 ἶσα
1836 2088 1910 2152 τῷ
1955 2078 2116 2149 αύτῷ*

517 2182 604 2238 δεῖ
649 2180 709 2236 δί
767 2185 1013 2255 τρίγωνον
1069 2181 1154 2229 καὶ
1208 2174 1397 2227 κύκλον
1463 2178 1994 2246 σχηματογραφῆσαι
2031 2171 2121 2221 καὶ

518 2273 693 2336 δεῖξαι
722 2269 930 2330 ἀνίσους
956 2266 1180 2328 κύκλους
1206 2267 1324 2327 τοὺς
1355 2261 1411 2316 ἐκ
1448 2271 1544 2324 τῆς
1566 2261 1789 2334 πλευρᾶς
1853 2265 1956 2312 τοῦ·
2009 2275 2120 2331 τρι-

514 2373 684 2441 γώνου
720 2363 1020 2436 γινομένους
1041 2361 1133 2409 καὶ
1173 2364 1264 2416 τῆς
1331 2351 1617 2427 διαμέτρου
1684 2355 1775 2404 καὶ
1822 2358 1915 2412 τῆς
1971 2349 2122 2402 καθέ-

515 2439 628 2522 του,
658 2461 729 2524 τῷ
759 2457 860 2505 ΑΒ
911 2453 949 2501 Γ
996 2447 1251 2523 τριγώνῲ³
1311 2441 1500 2504 κύκλος
1549 2440 1830 2518 γεγράφθω
1888 2439 1912 2491 ὀ
1971 2444 2024 2491 Μ
2081 2443 2120 2490 Φ

517 2549 708 2618 κέντρῳ
731 2543 790 2594 τὸ
829 2539 881 2596 Κ
917 2542 1008 2590 καὶ
1034 2542 1097 2609 τῇ
1127 2539 1163 2588 Β
1199 2541 1240 2588 Ε
1295 2529 1581 2608 διαμέτρῳ,
1639 2531 1664 2582 ὁ
1720 2537 1770 2584 Χ
1828 2535 1869 2582 Α
1928 2531 2121 2602 κέντρῳ

516 2636 572 2688 τὸ
593 2617 643 2687 N7
661 2635 750 2685 καὶ
769 2637 831 2703 τῇ
864 2635 906 2682 Η
939 2632 976 2680 Γ
1004 2626 1225 2696 καθέτῳ,
1257 2621 1282 2675 ὁ
1317 2628 1359 2674 Π
1391 2629 1425 2674 Σ
1455 2623 1646 2695 κέντρῳ
1703 2622 1762 2672 τὸ
1817 2625 1852 2670 Ρ
1918 2617 1948 2675 ἡ
2019 2617 2124 2691 ἄρα

518 2729 558 2776 Α
592 2731 628 2776 Β
679 2719 896 2794 πλευρὰ,
942 2719 1075 2769 ἔστω
1123 2720 1214 2766 τοῦ
1251 2717 1303 2765 Μ
1343 2717 1381 2765 Φ
1446 2705 1743 2782 διάμετρος,
1771 2712 1863 2760 τοῦ
1912 2711 1954 2759 A
2018 2709 2055 2758 B
2085 2708 2123 2756 Γ

517 2817 772 2889 τριγώνου
811 2811 902 2861 καὶ
933 2809 1022 2859 τὸῡ
1067 2811 1110 2858 Χ
1141 2809 1178 2856 Γ
1205 2801 1395 2854 κύκλου
1438 2795 1719 2874 διάμετρος
1762 2799 1792 2859 ἡ
1851 2804 1891 2851 Β
1936 2803 1975 2851 Ε
2017 2799 2123 2856 ἤτω

517 2887 733 2976 ττλευρὰ,
757 2906 848 2953 τοῦ
887 2897 1339 2969 ΕΒΖτρογώνου
1389 2887 1516 2942 ἀλλὰ
1567 2893 1658 2942 καὶ
1721 2889 1750 2948 ἡ
1804 2894 1847 2941 Η
1896 2891 1934 2941 Γ
1969 2887 2122 2939 mes.

2262 540 2477 612 κύκλου,
2517 545 2626 602 ἤτω
2655 542 2850 616 πλευρὰ
2881 547 2972 594 τοῦ
3031 544 3070 592 Γ
3130 545 3174 592 Η
3228 545 3274 592 Θ
3342 542 3622 611 τριγώνου,
3681 541 3776 590 καὶ
3839 538 3873 596 ἡ

2264 639 2356 685 τοῦ
2396 631 2725 686 ΜΦκύκλου
2784 627 3079 704 διάμετρος,
3139 627 3334 704 πλευρὰ
3391 622 3452 680 δὲ
3511 635 3604 680 τοῦ
3655 633 3696 680 Α
3744 633 3784 679 Β
3840 631 3880 680 Γ

2265 725 2538 796 τριγώνου,
2572 723 2678 782 ἣτω
2738 719 2936 798 πλευρὰ
2983 725 3076 773 τοῦ
3129 723 3169 772 Α
3223 724 3261 771 Β
3307 725 3356 770 Ω
3405 723 3676 793 τριγώνου.
3728 715 3879 770 Ἐπεὶ

2519 949 3536 1824 λδ

2295 925 3878 2494 οι

2282 2628 2454 2679 τοίνυν
2484 2625 2513 2684 ἡ
2547 2618 2825 2697 διάμετρος
2853 2621 3024 2694 τρίτον
3063 2612 3174 2671 ἐστι
3233 2622 3329 2678 τῆς
3391 2610 3516 2678 ὅλης
3559 2620 3654 2668 τοῦ
3691 2609 3896 2666 κύκλου

2284 2719 2623 2790 περιφερείας,
2646 2713 2880 2788 ὑπάρχει
2911 2706 2970 2763 δὲ
3008 2709 3038 2768 ἡ
3083 2714 3186 2763 ΑΒ
3243 2704 3526 2782 διαμετρος
3576 2711 3668 2758 τοῦ
3735 2709 3788 2757 Μ
3854 2709 3897 2757 Φ

2284 2803 2497 2874 κύκλου,
2529 2808 2621 2858 καὶ
2656 2802 2853 2877 πλευρὰ
2884 2806 2977 2854 τοῦ
3030 2805 3070 2854 Α
3129 2805 3166 2851 Β
3211 2803 3250 2851 Γ
3299 2801 3557 2871 τριγώνου
3611 2799 3698 2848 καὶ
3743 2795 3890 2845 ἔστιν

2287 2894 2339 2960 ἐξ
2393 2894 2619 2968 ἀνάγκης
2685 2897 2775 2946 καὶ
2826 2893 3011 2945 τούτου
3073 2893 3266 2964 τρίτον·
3328 2882 3510 2944 ἐπειδὴ
3593 2886 3642 2938 ἑν
3695 2881 3887 2954 ἑτέραις

491 2959 859 3074 triangulum
888 2959 1582 3064 eﬂiciet'ae'quiangulum
1614 2991 1672 3044 et
1703 2986 2142 3060 aaquilateruni,

2275 2959 2341 3050 ,er
2379 2959 2582 3050 autem
2606 2990 2814 3048 circuit
2842 2991 2886 3056 Ο
2918 2990 2976 3058 S,
3008 2986 3083 3044 sit
3106 2959 3275 3043 latus
3326 2982 3610 3055 trianguli
3660 2982 3701 3038 C
3749 2979 3795 3035 G
3849 2981 3924 3036 ll.

491 3090 730 3169 quodsi
757 3087 863 3160 qui
886 3091 1006 3143 tres
1045 3082 1371 3138 diametros
1408 3078 1467 3134 in
1522 3077 1811 3133 circulum
1851 3077 2144 3148 torqueat.

493 3163 728 3242 tertiam
752 3179 985 3251 partem
1005 3167 1495 3229 circumferentia
1536 3173 1722 3239 ponat
1768 3163 1972 3221 circuli
2025 3163 2149 3220 dia-

495 3276 775 3338 metrum,
807 3264 970 3321 idem
992 3276 1198 3318 rursus
1219 3256 1432 3314 redibit
1471 3254 1746 3312 circulus.

567 3366 620 3418 5.
652 3361 728 3413 At
763 3355 925 3412 idem
961 3351 1077 3407 hac
1105 3364 1231 3405 non
1277 3345 1460 3403 habet
1481 3344 1683 3400 locum
1730 3343 1793 3399 in
1827 3341 2149 3414 triangula,

495 3465 641 3509 nam
661 3445 834 3505 tertia
852 3457 992 3516 pars
1018 3436 1321 3512 perimetri
1346 3440 1451 3492 aut
1489 3434 1647 3491 linea
1705 3432 2154 3507 perpendicula-

496 3540 578 3596 ris
597 3534 829 3610 aequale
851 3528 1214 3600 triangulum
1244 3525 1294 3582 ei
1316 3524 1484 3598 quod
1512 3524 1579 3580 ﬁt
1607 3539 1681 3580 ex
1717 3523 1909 3596 ipsius
1930 3522 2154 3579 diame-

496 3635 588 3688 tra
609 3644 732 3686 non
752 3622 1142 3685 constituunt,
1167 3616 1277 3674 sed
1306 3615 1526 3686 majus.
1546 3615 1739 3680 Quare
1780 3614 2076 3686 majorem
2101 3617 2159 3670 et

498 3719 779 3774 minorem
811 3709 1094 3769 circulum
1130 3706 1416 3776 :itemque
1443 3703 1635 3774 majus
1660 3717 1730 3758 ac
1761 3703 1958 3758 minus
1978 3702 2160 3759 trian-

498 3805 704 3879 gulum
719 3804 905 3860 latera
926 3797 1120 3871 ipsius
1137 3792 1416 3863 efﬁcient,
1432 3791 1688 3864 itemque
1709 3790 2000 3848 diameter
2026 3795 2081 3848 et
2097 3791 2162 3847 li-

498 3912 615 3953 nea
643 3884 1177 3967 perpendicularis.
1205 3883 1304 3938 Est
1343 3885 1544 3938 autem
1573 3879 1689 3937 hac
1717 3880 2160 3954 inaaqualitatis.

495 3988 578 4042 Ac
607 3983 682 4040 de
703 3981 837 4040 aliis
853 3976 1103 4052 quidem
1124 3970 1433 4042 triangulis
1456 3985 1579 4026 non
1606 3973 1698 4027 est
1725 3969 1894 4044 quad
1914 3969 2164 4028 deman-

499 4073 845 4132 stratianem
858 4068 1234 4124 instituamus
1249 4077 1262 4128 ;
1281 4064 1480 4134 potest
1496 4060 1655 4117 enim
1667 4059 1970 4117 evidenter
1985 4059 2166 4116 anim-

501 4161 732 4222 adverti
753 4161 814 4217 in
825 4159 977 4215 trian
987 4153 1127 4227 gula
1139 4165 1374 4209 crurum
1394 4149 1734 4223 aequalium,
1754 4149 1814 4206 in
1831 4165 1900 4206 ac
1908 4155 2166 4218 utangu-

498 4254 558 4312 Ia
579 4249 878 4321 triangula
908 4247 1150 4303 obtuso.
1172 4241 1286 4300 Sed
1310 4256 1509 4314 aperte
1530 4233 1788 4312 pretium
1809 4243 1898 4295 est
1917 4239 2169 4293 deman-

502 4347 689 4400 strare
718 4340 781 4397 in
821 4333 1118 4407 triangula
1149 4329 1757 4406 aequaliumlaterum.
1793 4329 2168 4384 Demanstra-
2200 4367 2246 4423 Β

501 4433 582 4489 tia
608 4435 809 4488 autem
839 4427 901 4484 in
937 4426 1100 4482 hunc
1125 4422 1378 4479 modum
1405 4418 1738 4477 conﬁcitur.
1774 4418 1949 4472 Latus
1988 4413 2169 4470 triano

504 4521 629 4594 guli
659 4525 716 4577 et
745 4519 1058 4586 diameter,
1108 4529 1244 4586 quae
1297 4526 1404 4583 per
1456 4511 1727 4564 centrum
1775 4520 1846 4561 ac
1898 4503 2168 4562 medium

503 4593 688 4668 ducta
714 4612 822 4676 est,
864 4611 921 4663 et
974 4597 1491 4679 perpendicularis
1547 4595 1706 4651 linea
1743 4609 1867 4650 nan
1905 4593 2170 4653 efﬁciunt

506 4699 763 4772 aequales
780 4693 1059 4763 circulos,
1083 4689 1189 4746 sed
1209 4684 1567 4758 inaequales,
1607 4684 1730 4746 ima
1765 4697 1959 4758 neque
1986 4684 2171 4741 trian-

508 4789 651 4862 gula
697 4787 893 4845 eidem
934 4778 1194 4855 aequalia
1232 4774 1488 4831 eﬂiciun.
1534 4775 1775 4844 Oportet
1833 4772 2172 4832 describere

509 4877 790 4951 trianguli
819 4880 876 4933 et
905 4868 1107 4930 circuli
1144 4867 1399 4937 ﬁguram
1447 4877 1518 4918 ac
1551 4862 1862 4919 ostendere
1903 4863 2172 4938 inaequa-

507 4969 596 5027 les
623 4984 756 5024 esse
796 4961 1050 5022 circulos
1083 4955 1189 5029 qui
1240 4967 1313 5009 ex
1361 4952 1545 5008 latere
1582 4951 1826 5024 tringuli
1849 4953 2171 5025 [diametro

512 5072 584 5116 ac
610 5057 769 5115 linea
788 5042 1275 5129 perpendiculari
1313 5040 1671 5099 efﬁciuntur.

584 5147 648 5203 In
672 5139 973 5213 triangula
995 5143 1042 5192 Α
1070 5135 1114 5190 Β
1145 5135 1186 5191 C
1215 5130 1475 5188 circulus
1502 5133 1552 5189 Μ
1574 5132 1617 5188 U
1641 5131 2033 5208 describatur,
2071 5134 2170 5193 sit-

512 5252 632 5312 que
661 5237 934 5292 centrum
966 5229 1029 5284 G.
1062 5225 1330 5296 Itemque
1382 5221 1608 5281 circum
1637 5222 1997 5281 diametrum
2067 5229 2106 5281 Β
2133 5228 2170 5282 ιε]

515 5324 772 5385 circulus
801 5323 843 5378 X
875 5321 913 5376 L
937 5316 1191 5374 ducatur
1222 5313 1415 5385 sitque
1465 5317 1736 5371 centrum
1779 5315 2170 5390 N.§;Itemque

516 5415 743 5474 circum
772 5403 1331 5484 perpendicularem
1361 5400 1585 5459 lineam
1616 5404 1654 5460 Ε
1682 5405 1742 5472 C,
1774 5404 2034 5462 circulus
2065 5408 2109 5473 ρ
2135 5407 2170 5461 S

517 5503 910 5568 describatur,
941 5497 1135 5569 sitque
1161 5499 1433 5551 centrum
1485 5494 1549 5549 Β.
1603 5494 1778 5550 Latus
1829 5511 1973 5567 ergo
2029 5498 2077 5552 A
2128 5498 2172 5552 Β

521 5591 761 5663 tringuli
781 5595 828 5646 A
853 5591 893 5645 Β
914 5590 953 5645 C
991 5588 1067 5644 sit
1103 5584 1394 5641 diameter
1423 5581 1626 5639 circuli
1645 5585 1694 5642 Μ
1721 5585 1764 5642 U
1795 5589 1854 5643 et
1885 5584 2174 5647 diameter

523 5687 564 5740 Β
593 5681 636 5738 Ε
657 5679 860 5738 circuli
888 5681 929 5735 x
956 5678 998 5733 L
1025 5675 1099 5733 sit
1116 5673 1272 5731 latus
1294 5670 1534 5742 tringuli
1565 5673 1606 5728 E
1673 5675 1713 5730 Β
1770 5675 1831 5733 F.
1881 5677 2176 5741 Praeterea

523 5776 567 5834 G
597 5774 639 5833 C
673 5763 1184 5847 perpendicularis
1208 5762 1369 5825 linea
1391 5759 1674 5834 trianguli
1698 5764 1746 5823 Α
1770 5761 1817 5820 Β
1844 5767 1902 5838 C,
1952 5768 2175 5834 diame.

2261 3083 2482 3140 Eadem
2513 3080 2696 3138 modo
2727 3078 3020 3136 diameter
3045 3074 3249 3132 circuli
3273 3076 3323 3130 M
3357 3075 3401 3130 U
3427 3087 3564 3146 quas
3591 3069 3811 3127 eadem
3837 3072 3930 3124 est

2256 3173 2413 3231 latus
2442 3169 2725 3240 trianguli
2750 3173 2798 3224 A
2823 3169 2916 3224 BC
2949 3166 3024 3222 sit
3047 3164 3203 3222 latus
3234 3159 3517 3233 trianguli
3541 3166 3587 3216 A
3615 3161 3729 3216 B0.
3766 3160 3929 3224 Qua-

2258 3262 2423 3318 niam
2455 3259 2634 3330 igitur
2681 3255 2969 3312 diameter
3019 3259 3106 3309 est
3156 3250 3328 3308 tertia
3377 3265 3522 3323 pars
3567 3247 3752 3304 totius
3806 3245 3928 3301 cir-

2261 3345 2696 3406 cumcurrentis
2717 3344 2890 3401 lineae
2922 3341 3145 3408 circuli,
3171 3343 3475 3396 estautem
3504 3342 3550 3393 Α
3571 3338 3612 3392 Β
3629 3335 3931 3392 diameter

2263 3437 2466 3496 circuli
2494 3438 2543 3494 Μ
2570 3437 2635 3508 U,
2664 3439 2722 3492 et
2767 3433 2923 3491 latus
2951 3429 3232 3502 trianguli
3261 3430 3312 3482 A
3335 3427 3377 3481 Β
3409 3428 3480 3495 C;
3536 3429 3626 3483 est
3677 3439 3931 3498 quoque

2358 4428 3896 5260 ε,

2277 5330 2619 5389 necessaria
2632 5325 3143 5389 circumcurrentis
3158 5326 3332 5384 lineae
3346 5324 3518 5383 tertia
3545 5339 3713 5399 pars.
3736 5323 3946 5391 Quam.

2277 5417 2608 5493 daquidem
2635 5420 2700 5477 in
2725 5419 2856 5476 aliis
2881 5415 3216 5492 aequalibus
3245 5415 3537 5474 lateribus
3577 5414 3696 5473 hac
3731 5412 3948 5487 ipsum

2277 5508 2462 5567 habet
2483 5509 2707 5578 locum,
2731 5507 3014 5582 quoniam
3038 5509 3086 5561 A
3105 5509 3144 5563 Β
3197 5508 3238 5564 C
3293 5503 3526 5580 perﬁcit
3560 5502 3948 5576 triangulum

2279 5601 2327 5653 Α
2357 5599 2397 5653 Β
2424 5600 2484 5669 C,
2501 5599 2844 5657 necessario
2861 5602 2905 5654 Α
2935 5598 2980 5654 Β
3001 5596 3292 5655 diameter
3309 5594 3470 5652 latus
3491 5592 3726 5662 affecta,
3751 5590 3950 5666 majo-

2277 5701 2410 5744 rem
2437 5685 2729 5748 circulum
2757 5687 3119 5747 constituent
3165 5699 3357 5761 quam
3406 5683 3525 5742 sint
3577 5682 3664 5740 illi
3708 5678 3947 5754 circuli,

2277 5775 2388 5852 qui
2415 5777 2642 5841 circum
2670 5776 2952 5855 trianguli
2976 5772 3539 5855 perpendicularem
3559 5772 3815 5849 lineam,
3835 5773 3950 5838 aut
