4130 6412
213 290 354 359 1385

1102 290 1460 357 ΤΗΕΟΒΟΒΙ
1495 296 1544 355 Ii
1580 299 1716 356 IMP.
1758 287 1850 355 DE
1890 286 2350 356 COMMUNIONE
2389 290 2766 356 THEODORI.

3508 292 3646 354 1386

235 427 386 488 ἴσαις
466 425 630 498 ταύτῃ
680 429 719 480 Α
752 430 789 479 Β
819 430 858 478 Γ
903 422 1181 500 ἀπαρτίζει
1233 428 1291 478 τὸ
1349 430 1599 500 τρίγωνον
1648 435 1693 480 Α
1725 427 1847 494 ΒΓ,
1905 420 1952 476 Α
2014 422 2270 493 λαϐοῦσα,
2327 418 2380 488 ἐξ
2432 422 2663 497 ἀνάγκης
2721 427 2793 496 τῷ
2849 416 2912 476 οὗ
2949 417 3181 496 ἶπλευρὰ,
3239 413 3354 475 ἴσον
3406 418 3622 481 ἐποίησε

241 511 537 585 ἀναγκαίως
567 515 596 572 ἡ
637 520 729 567 τοῦ
770 520 809 567 Α
833 521 870 566 Β
905 519 943 567 Γ
973 518 1012 566 Α
1051 521 1087 566 Β
1135 510 1417 590 διάμετρος
1473 516 1680 568 τεθεῖσα
1731 517 1849 587 μεί-

241 605 368 667 ζονα
439 603 626 656 κύκλον
692 607 982 662 συνέστησε
1025 611 1134 666 τοῖς
1177 613 1272 657 τοῦ
1318 609 1573 679 τριγώνου
1627 605 1849 657 καθέτου

238 696 332 746 καὶ
390 689 676 766 διαμέτρου
746 695 1233 767 συσταθησομένοις
1305 694 1512 755 κύκλοις
1573 697 1736 747 τόνΜ
1770 700 1846 748 Φ·

238 779 349 836 ἐπεὶ
416 779 476 836 δὲ
505 783 534 842 ἠ
570 788 608 835 Γ
638 788 680 835 Η
710 784 926 846 κάθετος
977 783 1070 836 οὐκ
1126 786 1219 842 ἴση
1272 791 1334 856 τῇ
1365 791 1404 838 Α
1438 790 1474 835 Β
1499 782 1698 859 πλευρᾷ
1734 781 1850 835 κατ’

237 871 468 938 ἔλαττον,
522 873 635 924 ἔστι
716 868 776 926 δε
839 877 930 925 καὶ
983 873 1115 932 αὕτη
1175 869 1448 950 διάμετρος
1492 881 1585 927 τοῦ
1620 880 1665 927 Π
1697 881 1731 927 Σ
1763 874 1853 925 κύ-

238 960 388 1032 κλου,
424 960 713 1034 ἀναγκαίως
765 960 878 1016 ἐστὶ
926 966 1015 1015 καὶ
1063 962 1296 1024 ὁκύκλος
1357 964 1417 1017 οὗ
1489 963 1620 1022 αὕτη
1671 959 1852 1037 διάμε-

238 1069 362 1126 τρος
417 1057 460 1103 Π
489 1057 542 1117 Σ,
593 1050 707 1104 κατ’
763 1051 972 1105 ἔλαττον
1029 1053 1209 1114 ἄνισος
1249 1060 1329 1125 τῷ
1378 1059 1429 1106 Μ
1457 1059 1494 1107 Φ
1554 1053 1746 1126 κύκλῳ,
1791 1051 1851 1106 οὗ

243 1138 521 1218 διάμετρος
578 1143 608 1200 ἡ
663 1146 786 1208 ΑΒ,
861 1147 950 1195 καὶ
1023 1146 1082 1196 τὸ
1143 1144 1306 1219 ἄραΓ
1334 1151 1459 1198 ΜΘ
1503 1148 1748 1218 τρίγωνον
1823 1141 1850 1195 ὃ

241 1231 272 1290 ἡ
308 1237 348 1284 Α
380 1232 652 1292 Γκάθετος
735 1236 825 1284 καὶ
906 1229 1206 1308 διάμετρος,
1266 1241 1358 1285 τοῦ
1393 1239 1430 1287 Α
1464 1241 1501 1285 Β
1533 1239 1571 1285 Γ
1594 1238 1847 1307 τριγώνου

242 1325 333 1374 καὶ
365 1328 456 1373 τοῦ
511 1327 615 1374 ΠΣ
646 1320 860 1390 κύκλου,
919 1321 1114 1395 πλευρὰ
1165 1327 1438 1396 γεναμένη,
1509 1326 1847 1392 συνέστησεν,

244 1415 422 1466 ἄνισόν
463 1409 595 1481 ἔστι,
645 1411 760 1464 κατ⁹
808 1412 1014 1465 ἔλαττον
1069 1408 1128 1466 δὲ
1183 1421 1275 1466 τοῦ
1307 1420 1346 1468 Α
1380 1421 1416 1467 Β
1454 1419 1491 1467 Γ
1543 1421 1798 1490 τριγώνου
1833 1437 1846 1450 ·

245 1504 300 1555 αἱ
352 1503 451 1577 γὰρ
501 1499 718 1574 πλευραὶ
765 1501 1131 1554 ὑποτείνουσαι
1189 1501 1433 1570 ἀλλήλας,
1484 1504 1695 1576 μεὶζους
1735 1504 1852 1558 ἑαυ-

241 1591 329 1649 τὰς
358 1596 448 1649 τῆς
497 1584 782 1663 διαμέτρου
830 1596 921 1644 καὶ
976 1594 1196 1645 καθέτου
1249 1599 1464 1645 ποιοῦσι
1519 1593 1695 1663 πάλιν,
1741 1593 1852 1657 ἐπεὶ

241 1678 271 1737 ἡ
304 1685 454 1732 Βτοῦ
509 1687 552 1734 Α
592 1685 630 1731 Γ
682 1687 938 1754 τριγώνου
992 1683 1085 1734 ούκ
1141 1685 1232 1740 ἴση
1286 1691 1348 1755 τῇ
1411 1682 1597 1735 ἑαυτοῦ
1655 1683 1852 1758 πλευρᾷ

241 1772 278 1819 Β
307 1773 345 1820 Γ
399 1770 541 1820 ἔστιν
634 1769 762 1821 ὅπου
821 1769 880 1820 ἂν
926 1773 1152 1844 -περάσῃ,
1218 1771 1262 1824 εἰ
1307 1777 1438 1844 μήτι
1480 1775 1616 1825 κατά
1671 1776 1794 1826 τόΓ
1824 1775 1850 1827 ὅ

243 1852 355 1908 ἐστι
423 1860 583 1930 πέρας
657 1866 753 1920 τῆς
816 1865 852 1912 Β
891 1866 930 1913 Γ
992 1860 1237 1936 πλευρᾶς,
1297 1867 1384 1914 καὶ
1435 1867 1710 1934 γενήσεται
1759 1869 1849 1917 καὶ

242 1945 372 2004 αὕτη
420 1946 638 2022 πλευρὰ,
698 1949 724 2000 6
786 1968 840 2002 τε
900 1955 990 2002 καὶ
1041 1959 1132 2003 του
1189 1959 1284 2012 τῆς
1330 1947 1614 2027 διαμέτρου
1639 1951 1844 2028 ἀποστῇ

243 2033 511 2108 ὀνόματος,
545 2038 744 2104 ἄνισος,
794 2039 906 2090 κατ’
945 2037 1153 2091 ἔλαττόν
1211 2039 1322 2092 ἐστι
1345 2050 1440 2103 τῆς
1469 2048 1506 2094 Β
1547 2049 1579 2095 Σ
1604 2043 1847 2116 πλευρᾶς,

245 2126 476 2199 ὑπάρχει
506 2123 565 2179 δὲ
594 2127 624 2185 ἡ
671 2127 799 2186 αύτὴ
843 2133 932 2181 καὶ
984 2137 1076 2182 τοῦ
1116 2137 1160 2184 Χ
1196 2136 1242 2184 Λ
1293 2130 1485 2184 κύκλου
1547 2128 1848 2206 διάμετρος,

251 2213 545 2287 ἀναγκαίως
596 2221 687 2268 καὶ
735 2218 762 2268 6
826 2225 873 2272 Χ
905 2224 950 2272 Λ
1008 2219 1193 2280 κύκλος
1251 2221 1426 2282 ἄνισος
1474 2222 1590 2274 κατ’
1643 2223 1850 2275 ἔλαττόν

254 2303 362 2358 ἔστι
417 2315 487 2378 τῷ
515 2313 567 2360 Μ
598 2313 636 2361 Φ
659 2307 830 2380 κύκλῳ
887 2308 948 2360 οὗ
998 2305 1280 2384 διάμετρος
1304 2313 1333 2368 ἠ
1368 2317 1407 2365 Α
1440 2319 1477 2364 Β
1503 2333 1514 2344 ·
1542 2313 1573 2370 ἡ
1625 2314 1725 2386 γὰρ
1758 2319 1792 2364 Β
1817 2317 1855 2364 Γ

251 2398 342 2456 ἷση
412 2400 572 2472 ταύτῃ
637 2396 772 2468 ἐστὶ,
849 2403 939 2451 καὶ
1023 2403 1080 2452 τὸ
1144 2401 1439 2473 ἄραΕΒΖ
1483 2406 1730 2477 τρίγωνον
1762 2402 1787 2454 ὃ
1820 2402 1849 2460 ἡ

249 2491 394 2545 κοινὴ
453 2483 751 2560 διάμετρος,
800 2494 891 2539 τοῦ
932 2493 974 2542 Λ
1005 2487 1049 2541 Β
1081 2495 1119 2542 Γ
1146 2495 1399 2564 τριγώνου
1456 2496 1545 2544 καὶ
1597 2499 1689 2544 τοῦ
1729 2500 1778 2547 Χ
1811 2496 1856 2545 Λ

250 2576 442 2630 κύκλου
512 2576 706 2652 πλευρὰ
761 2581 1032 2650 γεναμένη,
1114 2583 1430 2640 συνέστησεν
1489 2582 1668 2634 οἰνισὸν
1721 2581 1855 2651 ἐστι,

253 2665 368 2719 κατ’
411 2665 618 2718 ἔλαττον
647 2662 725 2735 δε,
758 2673 830 2738 τῷ
862 2673 907 2722 Α
937 2674 972 2720 Β
1001 2673 1038 2720 Γ
1067 2675 1302 2744 τριγώνῳ
1361 2669 1532 2722 ’πάλιν
1579 2667 1637 2724 6“:
1666 2673 1696 2730 ἡ
1741 2667 1858 2725 διά-

254 2775 438 2830 μετρος
484 2763 576 2808 τού
615 2763 664 2810 Μ
694 2755 908 2826 κύκλου,
967 2754 1146 2817 ἐπειδὴ
1203 2764 1290 2811 καὶ
1342 2759 1539 2832 πλευρά
1596 2759 1710 2814 ἐστι
1767 2769 1858 2815 τοῦ

251 2851 350 2903 ΑΒ
382 2852 421 2899 Γ
473 2851 746 2923 τριγώνου,
800 2850 894 2910 τὰς
953 2855 990 2900 Β
1020 2855 1127 2902 ΩΑ
1157 2857 1205 2902 Ω
1246 2849 1469 2926 πλευρὰς
1512 2852 1637 2914 ἴσας
1690 2855 1854 2928 ταύτῃ

2011 517 2258 586 τρίγωνον
2301 520 2373 584 τῷ
2444 519 2630 570 ΑΒΩ.
2660 515 2762 565 Καὶ
2807 509 2915 564 ἐπεὶ
2966 514 3140 563 τοίνυν
3193 511 3222 570 ἡ
3268 516 3371 564 ΑΒ
3424 508 3622 584 πλευρὰ

2011 603 2202 674 μείζων
2232 601 2348 655 ἐστὶ
2390 609 2486 664 τῆς
2515 607 2615 654 ΒΓ
2666 600 2800 674 (sic)
2856 595 3142 675 διαμέτρου
3202 602 3292 651 καὶ
3345 598 3478 657 αὕτη
3529 606 3622 660 τῆς

2015 697 2058 744 Η
2090 696 2128 744 Γ
2182 693 2420 760 καθέτου,
2489 691 2739 751 ἔπίστησι
2814 685 2894 759 δε,
2979 690 3009 748 ἠ
3063 691 3154 762 μὲν
3199 693 3241 742 Α
3272 693 3310 740 Γ
3361 691 3619 756 τόνΜψ,

2014 775 2616 850 ἡδεΒΕτὸνΧΛ,ὴ
2661 775 2974 833 δεΗΓτὸν
3005 775 3542 850 ΠΣ,ἀναγκαίωςΜ
3580 782 3620 831 Φ

2012 872 2204 944 μείζων
2230 870 2342 924 ἐστὶ
2380 879 2472 924 τοῦ
2507 879 2556 927 Χ
2586 876 2658 941 Λ,
2687 874 2776 923 καὶ
2803 871 2828 923 6
2863 875 2905 924 K
2943 875 2978 922 Δ
2999 876 3092 922 τοῦ
3125 874 3168 922 Π
3199 875 3253 935 Σ,
3312 868 3480 928 καθὼς
3529 870 3622 920 καὶ

2013 961 2076 1023 ἃς
2130 960 2511 1038 προσελάϐοντο
2575 962 2767 1034 ἔχουσι
2807 956 3138 1034 διαμετρους,
3177 962 3268 1011 καὶ
3321 958 3390 1010 τὰ
3444 955 3619 1033 ἅραΑ

2013 1056 2051 1105 Β
2089 1055 2128 1105 Γ
2158 1058 2194 1105 Ε
2224 1058 2260 1104 Β
2284 1057 2323 1104 Ζ
2354 1057 2391 1104 Γ
2419 1057 2459 1104 Η
2491 1059 2536 1106 Θ
2563 1055 2786 1126 τρίγωνα
2835 1049 2998 1112 οὕτως
3043 1051 3260 1123 ἔχουσιν
3289 1066 3303 1082 ο
3332 1049 3404 1110 ὡς
3449 1051 3552 1122 γὰρ
3593 1048 3621 1100 6

2012 1148 2124 1197 ΜΦ
2152 1145 2277 1218 πρὸς
2305 1146 2459 1197 τόνΧ
2489 1146 2646 1196 Λκαὶ
2677 1143 2926 1195 τάΑΒΓ
2981 1143 3109 1216 πρὸς
3140 1143 3199 1194 τὸ
3237 1145 3432 1209 ΒΕΖ,
3465 1141 3531 1202 ὡς
3561 1135 3623 1193 δί

2013 1233 2186 1287 ὁΧΛ
2228 1235 2357 1309 πρὸς
2414 1235 2657 1297 τόνΠΣ,
2690 1233 2745 1284 τὸ
2779 1235 2947 1284 ΒΕΖ
2989 1233 3121 1306 πρὸς
3167 1233 3226 1283 τὸ
3285 1236 3391 1284 ΓΗ
3433 1231 3620 1293 Θοὼς

2013 1323 2116 1396 ἄρα
2141 1323 2332 1396 μείζων
2360 1323 2385 1374 6
2416 1329 2468 1376 Μ
2500 1327 2538 1376 Φ
2567 1329 2664 1374 τῶν
2692 1328 2741 1376 Χ
2769 1326 2816 1375 Λ
2840 1327 2883 1374 Π
2924 1327 2979 1385 Σ,
3012 1320 3147 1374 οὕτω
3202 1325 3294 1373 καὶ
3345 1322 3403 1373 τὸ
3437 1325 3477 1375 Α
3517 1326 3554 1373 Β
3583 1322 3623 1373 Γ

2013 1413 2548 1484 τῶνΒΕΖΓΗΘ,
2582 1416 2736 1485 μόνον
2768 1406 2827 1464 δὲ
2875 1408 2989 1463 ἶσον
3033 1414 3618 1482 τῷΑΒΓτόΑΒΩ.

2011 1501 2080 1556 Ai
2162 1509 2254 1554 τοῦ
2331 1507 2583 1579 τριγώνου
2657 1502 2761 1577 ἄρα
2811 1499 3030 1577 πλευραὶ
3073 1504 3163 1553 καὶ
3218 1495 3497 1576 διάμετρος
3530 1505 3622 1553 καὶ

2013 1592 2244 1659 κάθετος,
2321 1591 2415 1644 ούκ
2496 1593 2639 1652 ἰσους
2686 1590 2902 1650 κύκλους
2964 1590 2994 1649 ἣ
3055 1591 3121 1643 τὰ
3175 1591 3404 1665 τρίγωνα
3451 1591 3623 1643 πάντα

2012 1689 2247 1746 ποιοῦσι,
2305 1684 2440 1734 κατὰ
2496 1684 2554 1734 τὸ
2615 1685 2822 1758 κέντρον
2871 1684 2960 1734 καὶ
3017 1683 3176 1754 μέσον
3221 1681 3621 1755 περατούμεναὶ,

2012 1772 2132 1847 όπερ
2157 1767 2264 1824 ἔδει
2296 1768 2485 1836 δεῖξαι.

2085 1861 2152 1928 ς’.
2205 1865 2338 1937 Πρὸς
2409 1864 2612 1923 τούτοις
2656 1857 2716 1915 δὲ
2779 1862 3017 1933 συγγενὲς
3067 1867 3166 1913 τῶν
3227 1857 3510 1934 λεγομένων
3553 1855 3624 1924 ὡς

2013 1952 2292 2025 ἀναγκαῖον
2337 1955 2573 2025 κρίνομεν
2615 1947 2786 2014 δεῖξαι
2827 1952 2999 2024 ὅτιπερ
3031 1956 3133 2004 πᾶν
3185 1955 3434 2025 τρίγωνον
3471 1953 3528 2003 τὸ
3568 1947 3624 2002 ἐκ

2017 2051 2111 2105 τῆς
2172 2049 2265 2094 τοῦ
2346 2041 2538 2094 κύκλου
2607 2036 2892 2116 διαμέτρου
2948 2043 3302 2116 καταγραφεν,
3355 2044 3414 2094 τὸ
3455 2040 3623 2114 ἣμισυ

2014 2129 2242 2207 ἐμϐαδὸν
2272 2130 2495 2205 περιέξει
2528 2130 2686 2204 οὗπερ
2732 2130 2845 2204 ἔχει
2901 2126 3184 2206 διάμετρον
3237 2129 3429 2184 κύκλου
3473 2130 3626 2183 πλευ-

2013 2218 2277 2299 ρὰν,ὂδὴ
2315 2221 2505 2293 εύγενὶς
2538 2221 2771 2294 ὑπάρχει
2829 2221 3074 2296 Θεὼρημα
3133 2223 3264 2296 πρὸς
3326 2215 3384 2273 τὸ
3453 2208 3624 2284 δεῖξαι
3685 2287 3688 2291 _

2016 2313 2093 2365 ὅτι
2153 2313 2179 2364 6
2230 2311 2418 2372 κύκλος
2477 2306 2770 2363 διπλασίων
2844 2311 2957 2362 ἐστὶ
3004 2317 3097 2363 τοῦ
3155 2307 3257 2363 ἀπὸ
3315 2317 3411 2371 τῆς
3462 2307 3624 2363 αὐτοῦ

2019 2400 2304 2476 διαμέτρου
2352 2403 2768 2476 καταγραφέντος
2817 2405 3069 2475 τριγώνου
3150 2396 3476 2475 ἰσοπλεύρου·
3541 2400 3627 2453 Δεῖ

2020 2490 2079 2546 δὲ
2135 2490 2322 2544 κύκλον
2362 2489 2587 2566 γράψαι,
2643 2495 2734 2542 καὶ
2784 2487 2957 2542 λαϐεῖν
2996 2482 3091 2548 τήν
3135 2489 3303 2543 αὐτοῦ
3346 2487 3626 2564 διάμετρον

2018 2587 2109 2635 καὶ
2137 2587 2392 2655 τριγώνου
2419 2583 2580 2633 θεῖναι
2617 2577 2860 2654 πλευρὰν,
2905 2583 2992 2632 καὶ
3050 2587 3320 2640 συστῆσαι
3362 2579 3508 2642 αὐτὸ,
3537 2577 3628 2632 καὶ

2023 2667 2192 2735 δεῖξαι
2219 2672 2298 2724 ὅτι
2321 2666 2602 2730 διπλάσιος
2655 2667 2796 2722 ἐστιν
2852 2667 3014 2722 αύτοῦ
3061 2667 3087 2722 6
3135 2668 3342 2737 κύκλος,
3398 2667 3460 2721 οὗ
3515 2669 3630 2741 ἔχει

2024 2757 2303 2837 διάμετρον
2351 2759 2574 2836 πλευρὰν
2631 2767 2670 2831 ῷ
2731 2765 2751 2813 Ι
2803 2762 2996 2835 κέντρῳ
3050 2779 3064 2794 ο
3110 2758 3298 2820 κύκλος
3348 2758 3629 2834 γεγράφθω

2023 2853 2049 2904 6
2083 2858 2124 2905 Π
2154 2859 2198 2906 Θ
2233 2847 2569 2924 διαστήμασι
2612 2868 2724 2912 τοις
2773 2854 2814 2903 Α
2835 2854 2872 2901 Β
2901 2855 2942 2902 Τ
2962 2855 3009 2902 Ω
3032 2854 3073 2902 Η
3105 2855 3154 2905 Χ
3178 2868 3191 2882 ⁸
3227 2839 3631 2921 ἒπιζεύχθωσαν

228 3022 585 3083 diametrum
605 3026 954 3085 ductalinea
985 3029 1342 3090 efﬁciuntur.
1363 3032 1660 3098 Quoniam
1683 3037 1884 3090 autem
1922 3028 1962 3086 Ο
1995 3035 2041 3089 Α
2065 3033 2104 3088 Β
2137 3029 2423 3087 circulum
2465 3029 2516 3085 M
2571 3028 2636 3094 U,
2679 3027 2973 3085 diameter
3015 3040 3156 3086 vero
3203 3027 3242 3085 Β
3272 3015 3314 3085 Ε
3365 3026 3658 3086 circulum

231 3114 386 3172 linea
411 3117 920 3190 perpendicularis
943 3123 985 3176 Β
1015 3123 1053 3178 C
1077 3136 1200 3176 non
1223 3127 1307 3178 est
1338 3122 1586 3196 aequalis
1624 3123 1742 3196 ipsi
1769 3126 1882 3193 AB,

229 3209 317 3264 est
344 3211 544 3264 autem
574 3206 864 3265 diameter
886 3209 1154 3277 circuliQ
1196 3213 1252 3280 S,
1305 3213 1646 3269 necessario
1704 3214 1888 3270 circu-

225 3297 462 3368 lusQS,
533 3297 705 3370 cujus
755 3303 842 3355 est
915 3301 1047 3373 ipsa
1104 3299 1417 3368 diameter,
1450 3302 1558 3358 erit
1597 3302 1794 3359 minor
1831 3309 1888 3359 et

225 3385 539 3460 inaequalis
568 3389 789 3444 circulo
807 3391 856 3444 Μ
879 3389 944 3455 U,
972 3390 1146 3461 cujus
1187 3390 1477 3448 diameter
1502 3397 1590 3449 est
1619 3393 1731 3448 AB.
1767 3391 1886 3448 Tri-

227 3478 516 3549 angulum
543 3490 686 3548 ergo
715 3478 760 3531 G
793 3481 834 3534 ll
860 3475 921 3546 C,
972 3479 1144 3552 cujus
1178 3481 1335 3537 linea
1376 3481 1888 3555 perpendicularis

227 3574 378 3624 estA
409 3569 466 3635 C,
488 3573 546 3624 et
573 3567 1158 3641 diametertrianguli
1182 3577 1224 3626 Α
1260 3574 1296 3626 Β
1332 3573 1370 3627 C
1397 3577 1452 3628 et
1505 3572 1707 3629 circuli
1750 3575 1793 3640 Ο
1830 3575 1884 3640 S,

227 3656 436 3715 effecta
457 3658 636 3725 latus,
652 3659 953 3714 constituit
971 3659 1664 3735 trianguluminazquale,
1698 3668 1754 3719 et
1778 3663 1888 3718 mi-

226 3764 343 3806 nus
370 3747 668 3818 triangulo
689 3750 736 3803 A
769 3750 807 3802 Β
826 3751 884 3804 C.
901 3751 1048 3805 Nam
1075 3751 1412 3822 quwlatera
1430 3753 1703 3808 substern
1717 3759 1892 3809 untur

228 3837 344 3894 sibi
371 3837 625 3894 invicem
652 3837 784 3910 ipsa
815 3838 1048 3910 majora
1097 3856 1158 3895 se
1217 3837 1482 3897 efﬁciunt
1513 3840 1808 3898 diametro
1838 3847 1894 3897 et

229 3926 383 3985 linea
403 3927 899 4001 perpendiculari.
933 3930 1155 3984 Rursus
1195 3929 1484 4001 quoniam
1537 3933 1574 3986 Β
1613 3931 1894 4000 trianguli

237 4019 284 4071 Α
311 4020 346 4072 Β
374 4021 411 4074 C
433 4033 556 4074 non
585 4033 655 4073 eo
677 4033 865 4090 usque
885 4017 1261 4098 protenditur
1290 4025 1355 4074 ut
1375 4020 1446 4074 sit
1471 4019 1700 4092 aequale
1727 4021 1895 4076 lateri

230 4107 355 4179 BC,
381 4107 612 4164 eritubi
658 4107 1024 4179 terminatur,
1074 4108 1121 4162 si
1178 4109 1386 4164 nonin
1426 4111 1465 4165 C
1519 4110 1890 4178 terminatur,

230 4195 337 4268 qui
366 4199 454 4252 est
482 4195 775 4251 terminus
813 4195 1012 4251 lateris
1044 4195 1086 4249 Β
1136 4198 1196 4254 C.
1253 4196 1694 4254 Terminabitur
1751 4213 1892 4271 ergo

228 4286 292 4344 in
332 4287 393 4354 E,
427 4290 484 4342 et
519 4285 621 4342 ﬁet
647 4284 826 4352 latus,
870 4284 1171 4358 siquidem
1213 4296 1438 4342 nomen
1476 4286 1751 4343 diametri
1773 4303 1890 4345 non

1998 3123 2120 3189 XL,
2175 3119 2789 3189 rursus‘idiameterG
2819 3119 2860 3176 C
2895 3118 3188 3175 circulum
3238 3119 3283 3185 Q
3341 3119 3378 3174 S
3436 3131 3451 3175 :
3501 3123 3660 3176 certe

1994 3228 2104 3285 pro
2122 3211 2350 3268 ratione
2364 3209 2796 3266 diametrorum
2812 3208 3109 3279 triangula
3123 3213 3167 3265 A
3181 3211 3218 3264 Β
3235 3209 3326 3265 CE
3358 3209 3397 3265 Β
3415 3211 3455 3266 F
3477 3209 3517 3265 C
3537 3209 3581 3266 G
3613 3207 3660 3264 H

1998 3317 2061 3358 se
2085 3299 2423 3358 habebunt.
2472 3301 2538 3355 Ut
2564 3301 2723 3355 enim
2752 3315 2816 3355 se
2869 3299 3054 3356 habet
3109 3301 3158 3356 Μ
3207 3299 3352 3356 Uad
3400 3299 3443 3356 X
3473 3301 3532 3368 L,
3578 3298 3664 3356 ita

1997 3391 2174 3449 etiam
2199 3389 2562 3460 triangulum
2597 3394 2636 3444 A
2666 3391 2703 3444 Β
2723 3392 2761 3446 C
2783 3387 2862 3445 ad
2890 3387 3252 3460 triangulum
3280 3391 3317 3444 Β
3343 3390 3384 3444 Ε
3407 3391 3447 3446 F
3471 3403 3485 3446 :
3520 3391 3576 3445 et
3596 3391 3665 3446 ut

1998 3497 2060 3538 se
2079 3477 2534 3537 habetcirculus
2564 3479 2604 3533 Χ
2633 3480 2671 3534 L
2702 3477 2782 3534 ad
2811 3478 3101 3535 circulum
3145 3479 3189 3545 Q
3238 3479 3294 3547 S,
3350 3478 3434 3536 ita
3479 3476 3663 3535 etiam

1997 3570 2364 3643 triangulum
2396 3572 2434 3625 Β
2467 3572 2506 3625 Ε
2535 3571 2574 3626 F
2612 3568 2692 3624 ad
2713 3568 3076 3641 triangulum
3123 3572 3162 3626 C
3194 3571 3235 3626 G
3287 3571 3352 3626 Η.
3396 3571 3468 3626 Ut
3522 3583 3663 3640 ergo

1998 3661 2195 3733 major
2217 3663 2308 3716 est
2359 3658 2616 3715 circulus
2648 3661 2700 3714 M
2732 3661 2776 3716 U
2802 3659 3036 3715 circulis
3059 3660 3101 3716 X
3123 3661 3163 3715 L
3186 3661 3229 3726 ρ
3253 3660 3310 3728 S,
3339 3658 3425 3716 ita
3479 3657 3663 3716 etiam

2001 3750 2366 3821 triangulum
2393 3754 2438 3806 A
2466 3752 2502 3804 Β
2531 3751 2569 3806 C
2599 3749 2798 3820 majus
2820 3749 3239 3819 esttriangulis
3265 3753 3303 3805 Β
3323 3752 3363 3805 Ε
3387 3751 3446 3818 F,
3465 3750 3504 3806 C
3527 3749 3572 3804 G
3589 3747 3658 3806 H.

2001 3840 2207 3896 Solum
2236 3855 2379 3896 vero
2409 3838 2774 3908 triangulum
2807 3844 2851 3893 Α
2874 3841 2912 3894 Β
2934 3839 2975 3893 C
3002 3843 3092 3895 est
3118 3837 3663 3912 asqualetriangulo

2001 3932 2194 3986 ΑΒΟ.
2242 3927 2543 3999 Trianguli
2569 3944 2712 4000 ergo
2738 3929 2924 3984 latera
2954 3933 3012 3984 et
3057 3929 3352 3986 diameter
3405 3933 3464 3986 et
3503 3928 3666 3985 linea

2002 4017 2513 4092 perpendicularis
2532 4033 2654 4073 non
2672 4033 2883 4074 omnes
2897 4018 3153 4074 circulos
3180 4018 3445 4091 aequales
3465 4033 3664 4092 neque

2003 4108 2210 4164 omnia
2240 4106 2537 4176 triangula
2564 4109 2604 4161 E
2636 4106 2893 4180 aequalia
2915 4106 3198 4171 efﬁciunt,
3219 4124 3358 4164 cum
3396 4123 3503 4180 per
3533 4122 3667 4164 cen-

2002 4202 2163 4254 trum
2190 4196 2532 4253 etmedium
2555 4195 2858 4252 ducuntur
2914 4211 2986 4253 ac
3030 4197 3449 4266 terminantur,
3498 4196 3667 4270 quod

2003 4286 2268 4360 oportuit
2289 4284 2624 4342 ostendere.

229 4375 499 4443 retineat,
543 4373 770 4446 eritque
810 4373 1123 4447 inaequalis
1170 4379 1228 4431 et
1276 4375 1472 4431 minor
1509 4374 1691 4432 latere
1745 4379 1784 4432 Β
1833 4378 1890 4433 C.
1928 4397 1970 4451 υ
2075 4380 2128 4432 6.
2157 4375 2548 4446 Praeterea“)
2577 4390 2771 4448 operae
2809 4375 3068 4448 pretium
3106 4375 3522 4434 existimamus
3572 4391 3668 4432 osa

228 4465 330 4520 Est
357 4467 556 4519 autem
590 4465 630 4518 Β
668 4465 706 4518 Ε
737 4462 1028 4519 diameter
1058 4463 1262 4520 circuli
1320 4463 1361 4519 X
1412 4466 1449 4520 L
1488 4479 1502 4530 ;
1550 4467 1892 4522 necessario

230 4551 412 4622 igitur
441 4553 698 4608 circulus
726 4554 767 4609 Χ
803 4553 845 4606 L
866 4554 974 4608 erit
1008 4554 1326 4627 inaequalis
1357 4559 1414 4611 et
1445 4555 1640 4611 minor
1671 4555 1892 4612 circulo

231 4645 286 4700 Μ
312 4643 356 4699 U
388 4642 561 4714 cujus
591 4642 881 4699 diameter
897 4648 984 4699 est
1012 4646 1059 4697 Α
1114 4645 1152 4698 Β
1182 4659 1194 4711 ;
1237 4657 1381 4700 nam
1410 4644 1568 4702 linea
1609 4647 1646 4700 Β
1689 4648 1728 4702 C
1754 4646 1894 4702 huic

235 4730 486 4807 aequalis
508 4737 613 4801 est,
644 4737 700 4790 et
723 4731 1090 4803 triangulum
1119 4732 1298 4803 igitur
1328 4736 1367 4790 E
1395 4737 1434 4790 Β
1475 4723 1512 4790 F
1551 4736 1717 4808 quod
1768 4735 1895 4793 dia-

233 4827 422 4881 meter
447 4823 708 4879 circulix
737 4825 775 4879 L
805 4821 962 4878 latus
1017 4821 1232 4879 effecta
1274 4823 1579 4880 constituit
1622 4829 1713 4880 est
1763 4825 1897 4881 inae-

233 4911 416 4987 quale
438 4917 497 4970 et
523 4911 722 4968 minus
760 4911 1054 4983 triangulo
1085 4916 1133 4967 A
1156 4915 1194 4969 Β
1221 4914 1283 4970 C.
1337 4915 1562 4970 Rursus
1607 4914 1898 4971 diameter

234 5001 513 5060 circuliM
573 5004 637 5071 U,
688 5002 980 5076 quoniam
1030 5001 1209 5059 etiam
1263 5002 1424 5058 latus
1469 5007 1560 5059 est
1615 5003 1899 5076 trianguli

235 5097 286 5150 A
316 5095 355 5150 Β
373 5094 431 5161 C,
453 5093 782 5166 assumptis
804 5092 1094 5149 lateribus
1119 5095 1157 5148 Β
1181 5095 1245 5161 Ο,
1268 5097 1314 5148 Α
1333 5094 1397 5160 Ο,
1417 5093 1776 5166 aequalibus,
1795 5110 1898 5151 ne-

233 5181 496 5239 cessario
525 5171 828 5238 constituit
855 5180 1224 5252 triangulum
1280 5182 1328 5236 A
1361 5183 1400 5237 Β
1454 5183 1521 5251 0,
1581 5183 1813 5257 aequale
1844 5184 1899 5241 ei

239 5270 414 5337 cujus
438 5276 527 5328 est
551 5270 710 5328 latus
731 5275 778 5327 A
809 5273 868 5330 Β.
901 5273 967 5328 Et
1013 5272 1302 5345 quoniam
1324 5270 1479 5328 latus
1521 5275 1570 5327 A
1621 5273 1665 5324 Β
1700 5273 1899 5345 majus

237 5359 335 5414 est
353 5355 644 5418 diametro
666 5363 704 5417 Β
731 5363 792 5429 Ε,
825 5366 883 5418 et
912 5360 1113 5434 ipsum
1143 5365 1234 5418 est
1289 5375 1535 5435 quoque
1591 5362 1790 5433 majus
1837 5361 1900 5418 li-

236 5461 359 5505 nea
377 5449 858 5522 perpendiculari
886 5452 928 5508 G
961 5454 1019 5524 C,
1049 5450 1354 5508 constituit
1382 5455 1584 5509 autem
1613 5451 1904 5509 diameter

2002 4463 2403 4521 tendereillud
2425 4462 2592 4537 quod
2622 4469 2947 4533 cognatum
2961 4469 3050 4520 est
3072 4465 3143 4521 iis
3155 4481 3292 4539 quae
3321 4465 3663 4538 suntdicta,

2003 4568 2224 4626 nempe
2249 4567 2429 4608 omne
2461 4551 2825 4622 triangulum
2879 4568 2953 4609 ex
3005 4551 3298 4611 diametro
3338 4553 3543 4612 circuli
3568 4553 3670 4610 de-

2004 4643 2293 4715 scriptum
2313 4639 2634 4697 dimidium
2673 4641 2936 4714 spatium
2974 4644 3481 4716 comprehendere
3537 4644 3669 4716 ejus

2004 4729 2285 4804 trianguli
2315 4729 2482 4803 quod
2502 4729 2685 4786 habet
2703 4745 2812 4802 pro
2833 4729 3038 4800 latere,
3057 4732 3261 4788 circuli
3277 4733 3666 4802 diametrum,

2005 4821 2173 4896 quod
2194 4835 2338 4877 sane
2366 4819 2677 4876 theorema
2701 4818 2902 4876 nobile
2923 4824 3032 4890 est,
3055 4826 3112 4876 et
3135 4810 3670 4878 accommodatum

2006 4911 2086 4969 ad
2125 4909 2570 4968 ostendendum
2608 4907 2898 4965 circulum
2936 4908 3161 4983 duplex
3218 4925 3348 4967 esse
3384 4909 3671 4981 trianguli

2007 5001 2333 5075 aequalium
2386 4998 2641 5056 laterum
2698 5015 2735 5056 a
2787 4999 3073 5058 subtensa
3110 5000 3315 5057 circuli
3373 4999 3670 5058 diametro

2008 5093 2307 5166 descripti.
2368 5092 2609 5164 Oportet
2650 5088 2832 5161 igitur
2877 5089 3168 5147 circulum
3229 5090 3567 5148 describere
3614 5095 3673 5148 et

2009 5197 2316 5241 assumere
2340 5180 2532 5254 ipsius
2553 5178 2936 5248 diametrum,
2966 5195 3037 5237 ac
3052 5195 3276 5254 ponere
3289 5181 3487 5254 ipsam
3506 5183 3575 5238 ut
3596 5178 3675 5238 sit

2008 5271 2294 5344 trianguli
2330 5271 2508 5338 latus,
2531 5274 2588 5326 et
2632 5269 2959 5326 constructi
3014 5270 3298 5341 trianguli
3353 5269 3672 5328 ostendere

2011 5361 2301 5420 circulum
2324 5377 2456 5417 esse
2485 5358 2762 5432 duplum,
2787 5360 2962 5432 cujus
3023 5359 3390 5432 triangulum
3433 5375 3546 5434 pro
3576 5358 3673 5418 la»

2012 5457 2132 5510 tere
2161 5438 2750 5510 habet'diametrum.
2778 5449 2844 5506 In
2869 5453 3116 5509 centro!
3159 5449 3416 5509 circulus
3450 5448 3675 5510 scribas

317 5625 398 5700 (l)
437 5625 572 5688 Haec
600 5645 798 5706 usque
838 5629 916 5691 ad
946 5645 1115 5692 num.
1144 5633 1178 5692 7
1207 5647 1330 5694 non
1353 5636 1500 5709 puto
1531 5638 1664 5694 esse
1688 5629 1883 5710 ipsius
1915 5631 2196 5697 auctoris.
2226 5630 2372 5692 Vide
2396 5626 2833 5699 Praefationem.

499 5755 746 5817 Ρλτιιοι.
785 5759 888 5819 Gn.
925 5759 1076 5828 CXL.
