4130 6414
515 263 653 330 1387
2041 251 2146 304 ADL

2320 251 2398 304 DA.
3804 258 3951 331 13,88

539 390 710 440 τοίνυν
758 383 790 442 ἡ
822 387 927 436 ΤΗ
955 387 998 434 Η
1026 389 1063 435 Β
1092 385 1263 434 ΒΩΩ.
1289 383 1408 434 XX
1436 383 1476 431 Α
1512 380 1558 434 Α
1583 383 1624 428 Τ
1659 396 1671 408 ·
1713 373 2141 434 ἐκϐεϐλήσθωσαν
2203 377 2249 426 Α
2305 381 2373 437 Χ,
2406 376 2681 446 τὰὴμὶσεα
2709 378 2878 432 αὐτῶν
2908 387 2946 434 Β
2972 387 2993 434 Ι
3023 388 3066 435 Η
3098 387 3118 435 Ι
3145 383 3242 433 ἶσα
3290 379 3428 450 ἐστὶ,
3478 386 3570 434 καὶ
3617 384 3647 440 ἡ
3684 388 3722 434 Β
3745 388 3790 435 Η
3824 387 3918 441 ἴση

541 471 603 530 δὲ
625 476 683 528 αἱ
711 480 753 529 Α
781 478 823 526 Τ
852 477 890 525 Β
926 476 971 524 Η
998 470 1090 534 ἕως
1111 472 1205 527 τήν
1233 472 1291 537 Δ,
1351 469 1442 520 καὶ
1499 468 1891 524 συσταθήσεται
1934 468 1992 518 τὸ
2033 471 2072 518 Α
2105 472 2142 518 Β
2305 460 2414 516 ἐστὶ
2444 473 2506 538 τῇ
2539 473 2646 536 ΙΗ,
2678 467 2858 530 ἐπειδὴ
2904 475 2997 530 ἴση
3055 469 3169 523 ἐστὶ
3226 477 3289 543 τῇ
3327 477 3362 522 Β
3392 475 3432 522 Α
3460 472 3490 528 ἡ
3525 478 3560 523 Δ
3590 477 3649 541 Β,
3698 477 3791 524 καὶ
3822 475 3851 531 ἡ
3883 479 3922 524 Β

2304 556 2460 612 Δῖση
2498 553 2610 608 ἐστὶ
2654 563 2843 631 τῇΒΑ
2908 561 3354 632 καὶτῇΑΔ.Τάι
3404 565 3920 631 γοῦνΛΤΙΒΗΙ

2302 643 2532 712 τρίγωνα
2572 637 2663 693 ἷσά
2713 642 2814 695 εἰσι
2852 648 2942 697 καὶ
2999 642 3280 718 ἰσόπλευρα
3334 646 3425 694 καὶ
3481 643 3770 715 ἰσογώνιαο
3805 643 3918 696 ἐπι-

2303 729 2617 800 ζεύχθωσαν
2641 727 2700 788 δὲ
2735 740 2904 784 ταῦτα
2943 729 3037 786 διὰ
3088 739 3184 793 τῆς
3211 739 3252 784 Τ
3278 738 3344 794 Η,
3375 737 3466 784 καὶ
3518 734 3921 792 συσταθήσεται

2303 819 2360 869 τὸ
2392 825 2432 871 Τ
2461 826 2501 871 Η
2527 822 2819 894 Ιτρίγωνον
2851 821 2962 875 ἰσον
2991 822 3160 882 αὐτοῖς
3193 843 3207 854 υ
3232 819 3349 873 ἴσαι
3382 824 3486 895 γὰρ
3536 830 3677 896 τρεῖς
3721 824 3921 878 εὐθεῖαι

2303 904 2705 980 ἐπιζευχθεῖσαι
2737 908 2790 973 ἐξ
2810 908 3045 982 ἀνάγκης
3103 908 3408 983 ἰσόπλευρον
3466 915 3762 970 ποιήσουσι
3804 917 3922 986 τρί-

2301 1015 2464 1068 γωνον
2497 1018 2509 1030 ο
2540 999 2595 1048 αἱ
2650 1001 2751 1072 γὰρ
2809 1000 3174 1051 ὑποτείνουσαι
3253 1005 3294 1051 Α
3325 1006 3365 1051 Τ
3406 1006 3442 1050 Β
3472 1005 3515 1051 Η
3574 1003 3641 1052 τὰ
3690 1007 3732 1054 Δ
3764 1007 3806 1054 Τ
3835 1007 3856 1054 Ι
3884 1009 3919 1054 Β

2304 1091 2401 1139 HI
2454 1091 2700 1160 τρίγωνα,
2754 1085 2869 1140 ἶσαί
2928 1088 3058 1140 εἰσιν
3105 1087 3160 1149 ἐξ
3212 1085 3446 1158 ἀνάγκης
3482 1095 3545 1160 τῇ
3579 1095 3622 1142 Τ
3652 1095 3696 1142 Η
3723 1089 3920 1163 πλευρᾷ

2301 1182 2394 1226 τοῦ
2427 1181 2469 1227 Η
2496 1180 2576 1228 Tl
2608 1181 2884 1250 τριγώνου,
2945 1172 3126 1234 ἐπειδὴ
3179 1175 3312 1233 αὕτη
3382 1175 3692 1238 ἐπέζευκται
3734 1187 3798 1251 τῇ
3829 1180 3914 1233 TI

2304 1268 2391 1315 ΗΙ
2452 1266 2589 1315 κατὰ
2655 1267 2722 1316 τὰ
2778 1268 2916 1337 μέσα
2964 1271 3065 1316 τῶν
3115 1270 3155 1317 Α
3187 1271 3222 1316 Δ
3254 1269 3290 1316 Β
3322 1270 3356 1315 Δ
3404 1263 3638 1338 πλευρῶν
3682 1273 3832 1319 τοῡΔ
3871 1271 3905 1318 Β

2302 1359 2339 1404 Δ
2421 1358 2696 1427 τριγώνου,
2783 1356 2873 1404 καὶ
2976 1351 3083 1404 ἐπεὶ
3173 1361 3297 1423 γοῦν
3382 1356 3441 1404 τὸ
3482 1359 3636 1407 ΤΗΙ
3667 1361 3910 1429 τρίγωνον

2305 1437 2417 1493 ἶσόν
2503 1440 2614 1494 ἐστι
2662 1449 2766 1502 τοῖς
2821 1448 2861 1496 Α
2891 1448 2932 1494 Τ
2960 1447 2981 1494 Ι
3020 1447 3118 1516 ΒΗ
3151 1447 3488 1516 Ιτριγώνοις,
3511 1448 3602 1496 καὶ
3649 1448 3707 1496 τὸ
3740 1452 3782 1498 Τ
3807 1452 3852 1497 Η
3881 1452 3916 1497 Δ

2302 1533 2551 1604 τρίγωνον
2583 1526 2694 1582 ἴσον
2719 1533 2924 1592 τούτοις
2962 1535 3095 1584 στίν.
3146 1528 3288 1582 Ἐπεὶ
3324 1531 3427 1605 γὰρ
3482 1534 3616 1583 κατὰ
3665 1534 3730 1584 τὰ
3770 1537 3922 1606 μὲσα

2301 1626 2402 1670 τῶν
2448 1625 2488 1672 Α
2520 1625 2557 1671 Δ
2595 1625 2688 1671 ΒΔ
2739 1619 2968 1691 πλευρῶν
3017 1625 3108 1670 τοῦ
3150 1623 3310 1670 ΑΒΔ
3358 1625 3612 1694 τριγώνου
3656 1622 3686 1678 ἡ
3746 1621 3921 1672 αὐτοῦ

2205 1735 2245 1788 Β
2305 1705 2466 1780 βάσις
2524 1707 2640 1760 ἐστὶ
2677 1710 2720 1764 Τ
2750 1715 2790 1760 Η
2838 1709 2926 1766 ἴση
2968 1715 3087 1769 ταῖς
3128 1709 3168 1761 Τ
3200 1712 3337 1760 ΙΗΙ
3403 1707 3647 1781 πλευραῖς
3687 1716 3849 1763 τοῡΤ
3878 1715 3921 1762 Η

2302 1801 2610 1868 Ῑτριγώνου
2645 1817 2658 1830 ·
2697 1797 2765 1847 ὧν
2801 1799 2902 1872 γὰρ
2962 1799 3029 1848 τὰ
3081 1797 3252 1868 ἡμιση
3302 1793 3396 1848 ἶσα
3450 1802 3542 1849 καὶ
3594 1800 3662 1850 τὰ
3713 1797 3811 1850 ὅλα
3829 1797 3926 1850 ἶσά

2303 1881 2442 1936 ἐστιν
2473 1905 2486 1918 ο
2511 1883 2619 1937 ἐπεὶ
2692 1888 2864 1936 τοίνυν
2925 1886 2993 1936 τὰ
3039 1883 3088 1935 ἐν
3114 1891 3188 1956 τῷ
3211 1891 3252 1938 A
3279 1889 3364 1936 ΒΔ
3411 1891 3646 1958 τριγώνῳ
3686 1891 3928 1959 τρίγωνα

2302 1976 2536 2046 τέσσαρα
2583 1973 3190 2026 ΑΤΙΒΗΙΤΗΙΤ
3229 1978 3332 2025 ΗΔ
3383 1971 3475 2025 ἶσά
3532 1974 3658 2038 εἰσι,
3727 1977 3927 2028 καὶτὰ

2303 2061 2659 2132 ἐντῷΑΒΓ
2706 2067 2961 2136 τριγώνῳ,
3015 2066 3923 2138 ΔΧΙΒΩΙΩΧΙΩΧΓτρί-

883 654 1787 2056 λ.

1168 1664 1527 1990 ῗ
1576 1635 1619 1687 ο

539 2153 575 2202 Δ
625 2153 876 2226 τρίγωνον
931 2149 1257 2226 ἰσόπλευρον,
1319 2149 1610 2223 ἰσογώνιον.
1663 2151 1805 2204 Ἐπεὶ
1851 2153 1952 2222 γὰρ
2003 2152 2068 2209 ὡς
2104 2151 2135 2207 ἡ
2301 2170 2444 2222 γωνα
2476 2155 2711 2223 τέσσαρα
2737 2147 2829 2202 ἶσα
2857 2155 2948 2203 καὶ
2985 2154 3118 2226 πρὸς
3163 2150 3294 2202 αὐτὰ
3320 2155 3411 2202 καὶ
3462 2149 3704 2213 ἀλλήλοις
3761 2153 3921 2222 εἰσὶν,

537 2242 561 2291 Ι
590 2242 724 2311 μέση
757 2237 872 2292 ἐστὶ
925 2247 1021 2302 τῆς
1055 2245 1097 2293 A
1165 2246 1224 2310 Β,
1279 2239 1446 2301 οὕτως
1496 2243 1586 2292 καὶ
1632 2241 1662 2298 ἡ
1693 2245 1796 2292 HT
2040 2246 2138 2289 τῶν
2303 2236 2482 2298 ἐπειδὴ
2511 2247 2604 2291 τοῦ
2637 2246 2678 2292 Π
2705 2248 2749 2292 Θ
2805 2239 2997 2292 κύκλου
3041 2241 3068 2297 ὁ
3115 2244 3152 2292 Α
3193 2246 3228 2291 Β
3273 2235 3557 2312 διάμετρος
3617 2246 3767 2299 κοινὴ
3803 2245 3923 2294 ἐστι

531 2333 574 2382 Δ
605 2333 700 2381 ΔΒ
727 2335 764 2381 Δ
797 2349 811 2362 ο
840 2329 872 2388 ἠ
931 2331 1034 2402 γὰρ
1067 2333 1108 2382 Α
1149 2331 1293 2387 Ιῖση
1352 2327 1466 2382 ἐστὶ
1515 2335 1578 2401 τῇ
1615 2331 1719 2399 ΙΤ,
1769 2324 1948 2385 ἐπειδὴ
2017 2334 2058 2381 Τ
2095 2334 2142 2379 Ω
2303 2329 2497 2403 πλευρά
2522 2335 2622 2379 τῶν
2673 2327 2922 2403 ἑκατέρων
2974 2327 3314 2402 ἰσοπλεύρων,
3373 2330 3659 2400 ἰσογωνίων
3722 2338 3921 2405 τριγώ-

528 2419 623 2476 ἵση
648 2417 762 2470 ἐστὶ
784 2424 850 2490 τῇ
875 2424 915 2472 Α
938 2424 994 2487 Β,
1029 2417 1138 2472 ἐπεὶ
1166 2414 1226 2470 δὲ
1274 2421 1333 2471 τὸ
1391 2423 1414 2471 Ι
1466 2421 1624 2491 μέσον
1673 2417 1784 2470 ἐστὶ
1835 2426 1926 2478 τῆς
1945 2437 2001 2470 τε
2028 2424 2067 2470 Α
2101 2423 2141 2469 Β
2301 2437 2398 2469 νων
2448 2423 2487 2469 Α
2511 2423 2548 2468 Β
2587 2423 2624 2469 Δ
2651 2423 2750 2471 ΑΒ
2781 2423 2818 2469 Γ
2855 2438 2867 2450 ·
2910 2416 2945 2468 ἃ
2981 2414 3040 2470 δὲ
3079 2413 3174 2469 ἶσά
3252 2416 3386 2483 ἐστι,
3431 2423 3520 2470 καὶ
3567 2421 3634 2470 τὰ
3690 2423 3923 2492 τέταρτα

529 2512 620 2561 καὶ
648 2515 745 2570 τῆς
768 2514 809 2560 Τ
833 2514 900 2577 Ω,
930 2509 997 2559 τά
1043 2509 1243 2580 ἡμίσεα
1281 2507 1449 2560 αὐτῶν
1477 2513 1519 2562 Α
1551 2512 1635 2560 IT
1667 2512 1688 2561 Ῑ
1717 2509 1812 2560 ἶσα
1869 2507 2000 2572 ἐστὶ,
2047 2511 2138 2558 καὶ
2300 2509 2494 2559 τούτων
2523 2508 2617 2558 ἵσά
2646 2506 2762 2558 ἐστι
2782 2527 2794 2540 ·
2827 2506 2958 2578 λέγω
2983 2507 3104 2578 γοῦν
3163 2506 3244 2558 ὃτι
3275 2505 3410 2558 ὀκτώ
3467 2507 3571 2559 εἱσι
3625 2510 3694 2560 τὰ
3723 2507 3774 2559 ἐν
3805 2505 3920 2571 τοῖς

527 2599 560 2656 ἡ
595 2605 636 2652 Α
665 2598 819 2654 Τῖση
848 2595 963 2650 ἐστὶ
1007 2604 1070 2669 τῇ
1097 2602 1116 2649 Ι
1146 2603 1208 2670 Τ,
1251 2592 1432 2656 ἐπειδὴ
1490 2598 1584 2655 ἴση
1632 2595 1743 2649 ἐστὶ
1778 2603 1840 2669 τῇ
1899 2598 1948 2650 Α
1977 2602 2014 2648 Β
2039 2597 2069 2655 ἡ
2104 2603 2140 2648 Δ
2303 2593 2433 2648 δυσί
2458 2601 2727 2669 τριγώνοις
2755 2599 2951 2657 ἵσοιςΑ
2985 2603 3021 2648 Β
3051 2603 3087 2648 Δ
3126 2601 3166 2647 Α
3199 2601 3290 2647 ΒΓ
3337 2600 3585 2668 τρίγωνα,
3633 2597 3702 2648 ὧν
3755 2601 3824 2650 τὰ
3865 2597 3921 2661 ἓξ

529 2685 1129 2758 Α,καὶήΔΔῖσηέστὶ
1186 2692 1386 2760 τῇΑΒ
1430 2691 1521 2738 καὶ
1576 2692 1804 2759 τῇΒΔ·
1861 2690 1996 2740 κατὰ
2051 2689 2138 2739 τὸν
2302 2687 3394 2740 ΑΤΙΤΗΙΗΒΙΒΩΙΩΧΙΧΑΙ
3480 2689 3539 2739 τὸ
3620 2694 3714 2739 τοῦ
3793 2695 3920 2742 ΠΘ

526 2779 680 2833 αὐτὸν
702 2772 762 2829 δὲ
789 2774 941 2848 λόγον
969 2781 1060 2829 καὶ
1089 2777 1120 2836 ἡ
1143 2783 1180 2829 Β
1203 2781 1225 2830 Ι
1245 2779 1338 2835 ἴση
1363 2775 1476 2829 ἐστὶ
1501 2784 1563 2848 τῇ
1598 2781 1619 2829 Ι
1643 2783 1708 2846 Η,
1733 2773 1916 2835 ἐπειδὴ
1953 2779 1983 2835 ἡ
2023 2785 2070 2832 Χ
2095 2785 2136 2830 Η
2300 2779 2490 2828 κύκλου
2537 2772 2764 2848 ἐμϐαδὸν
2804 2779 3061 2847 περιέχει,
3116 2774 3349 2827 λείπεται
3400 2771 3460 2828 δὲ
3503 2784 3596 2828 τοῦ
3656 2784 3703 2830 Χ
3729 2784 3776 2828 Ω
3804 2783 3847 2829 Γ
3875 2785 3920 2830 Τ

523 2864 1175 2939 ἴσηέστὶτῇΒΑοέτι-εὶ
1226 2862 1616 2939 δὲτὸΙμέσον
1665 2871 1780 2918 εστὶ
1831 2873 2133 2928 τῆςΒΑΗ
2302 2868 3914 2938 ΗΔοτὰγοῡνΑΤΤΗΗΒΒΩΩΧΧΑτμήματατ-ὀι

496 3001 593 3055 tur
611 2995 656 3061 Ω
687 2994 752 3058 Η,
808 2991 1044 3064 sintque
1091 2989 1406 3048 intervalla
1433 2995 1480 3047 A
1505 2993 1568 3058 Β,
1589 2997 1631 3043 Τ
1651 2991 1714 3061 Ο,
1751 2992 1793 3047 G
1812 2994 1875 3047 X.
1902 2991 2164 3048 Connec-
2202 2995 2241 3051 C
2271 2995 2363 3048 est
2379 2990 2551 3046 linea
2570 2993 2609 3046 Β
2630 2993 2698 3044 Α.
2735 2989 3034 3055 Quoniam
3057 2994 3260 3046 autem
3292 2992 3311 3044 I
3334 2988 3606 3045 medium
3645 2994 3733 3046 est
3757 2989 3944 3049 linea-

495 3089 702 3146 tantur
728 3080 911 3152 igitur
931 3078 978 3133 T
999 3082 1065 3149 G,
1083 3082 1126 3136 G
1143 3080 1208 3146 B,
1228 3083 1269 3136 Β
1291 3081 1360 3150 O,
1385 3081 1429 3136 Ο
1447 3083 1512 3145 Χ,
1554 3081 1598 3136 Χ
1643 3085 1709 3150 Α,
1754 3084 1797 3136 Α
1843 3083 1905 3137 Τ.
1937 3082 2126 3138 Produ

2317 3097 2406 3136 1m
2443 3083 2481 3136 Β
2509 3083 2639 3148 A,G
2684 3081 2742 3150 X,
2803 3078 3069 3134 dimidia
3128 3083 3330 3152 partes
3384 3081 3657 3151 ipsorum
3706 3082 3814 3147 BI,
3866 3082 3948 3138 Gl

2268 3169 2535 3242 aquales
2561 3173 2755 3224 erunt.
2792 3170 2854 3222 Et
2873 3167 3032 3222 linea
3056 3169 3096 3224 Β
3121 3168 3164 3224 G
3190 3165 3440 3239 aqualis
3465 3167 3573 3222 erit
3618 3167 3796 3224 linea
3824 3170 3846 3222 Ι
3879 3172 3940 3242 G,

2267 3257 2767 3330 quandoquidem
2790 3256 2965 3312 linea
2993 3259 3036 3312 D
3062 3259 3100 3312 Β
3119 3256 3371 3328 aqualis
3392 3261 3484 3312 est
3510 3255 3683 3312 linea
3717 3261 3758 3314 B
3790 3266 3860 3330 A,
3891 3266 3944 3316 et

2265 3349 2424 3405 linea
2465 3350 2504 3402 Β
2534 3347 2579 3400 D
2626 3345 2877 3418 aqualis
2935 3350 3023 3400 est
3077 3344 3252 3400 linea
3310 3348 3347 3400 Β
3377 3350 3423 3400 A
3466 3349 3524 3400 et
3564 3344 3740 3402 linea
3803 3350 3940 3404 AD.

2265 3434 2585 3507 Triangula
2609 3450 2751 3505 ergo
2789 3435 2894 3489 AT
2924 3435 2945 3488 Ι
2974 3435 3012 3487 Β
3035 3435 3076 3490 G
3099 3436 3119 3490 l
3142 3438 3281 3489 sunt
3309 3432 3569 3506 aqualia
3603 3436 3941 3507 aqualium

2269 3526 2524 3582 laterum
2573 3529 2631 3580 et
2676 3521 3003 3594 aqualium
3049 3521 3433 3591 angulorum.
3493 3523 3944 3582 Connectantur

2263 3615 2394 3671 hac
2416 3630 2523 3688 per
2551 3613 2771 3669 lineam
2819 3613 2860 3668 T
2903 3612 2967 3681 G,
3013 3617 3070 3666 et
3126 3615 3506 3667 construetur
3559 3611 3942 3683 triangulum

2264 3707 2305 3760 T
2332 3707 2374 3761 G
2392 3708 2438 3770 Ι,
2464 3701 2697 3775 aquale
2719 3700 2864 3774 ipsis
2893 3718 2906 3769 ;
2935 3716 3080 3755 nam
3107 3704 3223 3755 tres
3244 3704 3419 3756 recta
3440 3699 3614 3756 linea
3665 3704 3944 3775 aquales

2265 3811 2553 3852 connexa
2603 3792 2942 3848 necessario
2985 3790 3252 3847 efﬁciunt
3301 3791 3633 3862 aqualium
3672 3792 3945 3851 laterum

2265 3883 2628 3956 triangulum
2661 3925 2674 3950 ,
2701 3897 2847 3937 nam
2882 3879 3305 3936 subtendentia
3347 3879 3537 3936 latera
3574 3883 3677 3936 AT
3703 3882 3748 3935 Β
3781 3887 3825 3942 G
3849 3886 3949 3942 tri-

2264 3973 2626 4047 angulorum
2657 3973 2763 4027 AT
2791 3975 2833 4036 l,
2859 3971 2901 4024 B
2928 3971 2970 4026 G
3002 3973 3044 4038 Ι,
3084 3969 3428 4025 necessario
3485 3975 3628 4026 sunt
3673 3974 3946 4046 aqualia

2263 4064 2431 4121 lateri
2447 4066 2487 4120 T
2509 4065 2551 4119 G
2574 4059 2857 4131 trianguli
2891 4061 2933 4116 G
2959 4062 3000 4115 T
3030 4062 3073 4129 Ι,
3098 4057 3601 4131 quandoquidem
3629 4057 3792 4116 latus
3821 4064 3936 4118 hoc

2263 4167 2607 4210 connexum
2639 4155 2729 4206 est
2750 4165 2890 4204 cum
2910 4147 3083 4204 lineis
3106 4147 3147 4204 Τ
3171 4151 3209 4215 Ι,
3245 4148 3287 4203 G
3317 4149 3358 4213 Ι,
3391 4163 3500 4219 per
3520 4149 3726 4205 media
3743 4149 3934 4206 latera

2265 4245 2314 4296 A
2341 4245 2408 4308 D,
2432 4244 2472 4297 Β
2495 4243 2537 4295 D
2559 4237 2843 4308 trianguli
2861 4243 2908 4292 A
2937 4239 2974 4291 Β
2998 4239 3042 4291 D
3077 4255 3090 4305 ;
3123 4235 3416 4308 quoniam
3451 4234 3635 4304 igitur
3667 4238 3939 4308 triangu-

2193 4352 2237 4406 D
2264 4330 2390 4386 lum
2418 4333 2459 4386 T
2498 4331 2541 4386 G
2562 4326 2833 4400 Iaquale
2855 4329 2947 4382 est
2987 4324 3302 4394 triangulis
3343 4327 3392 4379 A
3419 4326 3460 4380 Τ
3484 4327 3505 4379 I
3538 4327 3579 4380 Β
3609 4328 3655 4382 G
3687 4330 3727 4394 1,
3763 4329 3947 4386 trian-

2265 4419 2477 4491 gulum
2510 4432 2754 4490 quoque
2783 4419 2825 4473 T
2855 4417 2898 4473 G
2931 4417 2973 4471 D
3005 4414 3119 4470 illis
3149 4414 3258 4469 erit
3302 4415 3537 4486 aquale
3578 4430 3592 4482 ;
3636 4420 3942 4488 quoniam

2265 4509 2425 4564 enim
2435 4506 2602 4563 basis
2615 4505 2806 4578 ipsius
2817 4503 3074 4560 estcirca
3092 4502 3294 4558 media
3313 4501 3559 4559 lateraA
3577 4503 3624 4557 D
3637 4504 3683 4559 Β
3698 4507 3743 4560 D
3759 4507 3944 4564 trian-

2263 4595 2388 4668 guli
2408 4600 2453 4650 A
2487 4596 2531 4650 B
2571 4599 2635 4660 D,
2660 4594 2768 4651 erit
2795 4591 3045 4666 aqualis
3072 4591 3360 4648 lateribus
3393 4593 3435 4648 Τ
3466 4594 3487 4647 l
3517 4593 3560 4648 G
3593 4597 3614 4648 Ι
3642 4594 3944 4667 trianguli

2261 4689 2303 4744 T
2329 4688 2369 4743 G
2391 4689 2412 4741 Ι
2437 4703 2451 4755 ;
2483 4699 2745 4758 quorum
2766 4685 2930 4739 enim
2950 4681 3201 4738 dimidia
3231 4684 3372 4736 sunt
3399 4681 3680 4754 aequalia,
3713 4689 3774 4740 et
3802 4687 3942 4758 ipsa

493 4782 709 4838 cantur
733 4785 1028 4854 veroAT,
1061 4784 1100 4840 Β
1125 4784 1190 4850 G,
1222 4794 1419 4854 usque
1451 4777 1530 4836 ad
1560 4780 1625 4834 D.
1659 4780 1725 4834 Et
1765 4775 2154 4835 constituetur
2262 4780 2387 4834 tota
2422 4778 2563 4830 sunt
2587 4771 2867 4846 aqualia.
2910 4771 3206 4838 Quoniam
3242 4771 3421 4841 igitur
3465 4776 3736 4842 quatuor
3757 4774 3940 4831 trian-

489 4871 540 4924 A
562 4871 601 4926 Β
623 4872 668 4927 D
688 4871 1058 4944 triangulum
1075 4869 1403 4944 aqualium
1417 4869 1676 4926 laterum
1696 4865 2149 4937 etangulorum:
2263 4865 2405 4936 gula
2441 4863 2583 4921 ATI
2623 4865 2661 4917 Β
2688 4864 2730 4920 G
2758 4867 2780 4919 1
2816 4864 2858 4918 T
2889 4863 2930 4918 G
2963 4864 2982 4918 Ι
3021 4863 3062 4918 Τ
3084 4863 3127 4918 G
3151 4861 3198 4915 D
3265 4860 3328 4915 in
3371 4859 3676 4932 triangulo
3726 4869 3778 4920 A
3812 4864 3859 4918 Β
3891 4863 3940 4918 D

491 4959 785 5032 quoniam
813 4961 974 5018 enim
989 4965 1055 5016 ut
1075 4963 1097 5016 ι
1123 4963 1212 5016 est
1225 4956 1497 5014 medium
1515 4956 1689 5013 linea
1709 4961 1754 5014 A
1780 4958 1838 5030 Β,
1861 4955 1942 5012 ita
1971 4952 2152 5009 etiam
2262 4960 2403 5012 sunt
2429 4971 2520 5028 aq
2532 4952 2711 5022 ualia,
2732 4951 3036 5023 triangula
3063 4965 3306 5024 quoque
3326 4955 3590 5024 quatuor
3605 4957 3654 5008 Α
3674 4952 3756 5008 XI
3782 4954 3828 5008 Β
3851 4957 3899 5012 0
3922 4959 3945 5008 Ι

492 5051 594 5107 TG
626 5055 769 5107 sunt
812 5051 1016 5108 media
1063 5049 1362 5106 linearum
1387 5052 1436 5102 A
1466 5051 1510 5104 D
1535 5051 1573 5104 Β
1594 5051 1636 5105 D
1656 5066 1676 5121 ;
1696 5063 1842 5105 nam
1869 5045 2029 5102 linea
2055 5049 2104 5100 A
2133 5045 2152 5097 Ι
2264 5046 2307 5102 Ο
2336 5047 2377 5100 x
2408 5048 2428 5100 ι
2482 5044 2526 5099 0
2556 5045 2598 5099 X
2618 5042 2675 5114 C,
2707 5041 2769 5097 in
2819 5039 3120 5111 triangulo
3170 5046 3212 5094 Α
3237 5041 3275 5095 Β
3298 5040 3355 5110 C,
3420 5044 3595 5096 erunt
3666 5041 3828 5100 inter
3878 5059 3948 5101 se

489 5139 743 5212 aqualis
771 5145 863 5198 est
900 5139 1075 5196 linea
1116 5143 1132 5196 Ι
1185 5141 1244 5210 Τ,
1305 5138 1803 5211 quandoquidem
1841 5136 2001 5192 linea
2036 5136 2077 5190 Τ
2107 5133 2151 5190 Ο
2261 5132 2542 5206 aqualia,
2595 5129 3098 5204 quandoquidem
3167 5128 3461 5186 diameter
3521 5130 3631 5184 AB
3726 5131 3948 5190 circuli

491 5232 584 5284 est
610 5231 741 5284 tum
769 5228 944 5285 linea
974 5233 1022 5284 A
1045 5230 1104 5297 Β,
1152 5232 1282 5284 tum
1331 5227 1513 5284 etiam
1550 5227 1724 5284 linea
1780 5229 1821 5282 Τ
1843 5227 1908 5290 Ο,
1951 5221 2152 5280 media
2261 5223 2304 5278 G
2327 5223 2370 5277 Η
2401 5225 2489 5276 est
2526 5235 2850 5276 commune
2876 5219 3032 5274 latus
3069 5217 3382 5292 utriusque
3413 5216 3697 5286 trianguli
3722 5233 3939 5290 aqua-

488 5315 763 5388 ipsorum
784 5321 831 5373 A
856 5320 965 5374 ΠΤ
998 5322 1173 5374 erunt
1192 5317 1470 5391 aqualia,
1497 5316 1868 5390 etquoniam
1900 5311 2150 5386 aqualis
2255 5309 2405 5367 lium
2421 5307 2784 5379 angulorum
2801 5311 2858 5363 et
2871 5307 3201 5381 aqualium
3231 5305 3506 5376 laterum,
3522 5319 3743 5376 nempe
3759 5305 3870 5360 AB
3892 5307 3940 5361 D

489 5407 580 5461 est
606 5403 766 5462 linea
790 5408 899 5464 DA
922 5411 979 5464 et
995 5407 1154 5464 linea
1173 5417 1218 5466 A
1249 5409 1290 5464 Β
1317 5425 1332 5476 ;
1365 5411 1423 5464 et
1442 5407 1603 5478 linea
1629 5412 1677 5462 A
1707 5409 1751 5462 D
1782 5403 2030 5478 aqualis
2061 5405 2150 5457 est
2255 5399 2407 5457 ABG
2436 5417 2449 5467 ;
2482 5413 2618 5471 qua
2640 5413 2781 5452 vero
2833 5395 3093 5468 aqualia
3153 5400 3314 5462 sunt,
3343 5398 3400 5450 et
3439 5397 3670 5466 quarta
3721 5398 3941 5464 partes

485 5490 661 5549 linea
689 5499 736 5550 A
755 5495 798 5549 Β
820 5502 877 5553 et
900 5500 944 5553 Β
967 5502 1009 5556 D
1036 5516 1049 5567 ;
1073 5515 1147 5556 ex
1166 5499 1380 5556 eadem
1408 5499 1639 5555 ratione
1666 5496 1826 5552 linea
1850 5495 1923 5550 BI
1946 5508 2147 5566 aqua-
2251 5491 2528 5562 ipsorum
2550 5491 2689 5541 sunt
2717 5485 3002 5557 aquales.
3038 5485 3177 5541 Dico
3207 5483 3386 5555 igitur
3411 5487 3546 5539 octo
3577 5495 3707 5536 esse
3735 5483 3935 5539 trian-

485 5579 559 5636 lis
597 5586 685 5639 est
700 5583 868 5642 linea
897 5588 919 5644 Ι
949 5591 1017 5660 G,
1036 5588 1538 5666 quandoquidem
1564 5589 1606 5662 ,X
1633 5587 1675 5648 G
1714 5581 2144 5656 linea-aqualis
2248 5579 2395 5664 gula
2419 5577 2483 5634 in
2497 5575 2740 5632 duobus
2771 5573 3083 5645 triangulis
3112 5572 3450 5647 aqualibus
3475 5570 3579 5626 AB
3610 5569 3656 5623 D
3690 5571 3742 5625 A
3777 5571 3821 5627 B
3856 5573 3933 5644 C,

1144 3320 1562 3648 Δ,

874 3304 1766 4660 η
