4130 6402
295 270 432 346 1389

1181 273 1538 330 THEODORI
1571 272 1620 328 II
1658 275 1794 329 IMP.
1835 274 1926 328 DE
1964 273 2424 332 COMMUNIONE
2459 278 2836 337 NATURALI.

3579 290 3716 345 i390

316 392 372 444 ἐκ
402 401 500 459 τῆς
545 401 636 446 τοῦ
683 393 874 446 κύκλου
918 401 1237 468 περιφερείας
1287 401 1376 448 καὶ
1456 405 1556 449 τῶν
1598 405 1697 450 τῶν
1735 402 1922 471 τριγώ-
1983 401 2030 451 Α
2086 403 2218 470 τομὴ
2252 401 2385 451 ἔστω
2439 398 2532 453 διὰ
2589 411 2680 454 τοῦ
2724 407 2886 475 μέσου
2938 409 3028 458 καὶ
3069 409 3284 479 κέντρου
3344 409 3467 461 κατ’
3521 411 3718 463 εύθεῖα
3763 448 3782 470 .

314 499 412 533 νων
441 483 670 557 πλευρῶν
699 489 942 556 γινόμενα
973 486 1206 538 ἔστωσαν
1255 489 1349 538 ἶσα
1387 493 1491 548 τοῖς
1549 483 1678 538 δυσὶ
1731 491 1920 560 τριγώ-

314 577 472 631 νοιςΤ
502 578 543 623 Η
577 577 610 623 Δ
637 577 684 625 Χ
714 579 762 624 Ω
791 578 849 626 Γ.
877 573 1036 628 Δηλοῖ
1079 575 1180 648 γὰρ
1239 575 1367 627 αύτό
1413 579 1500 627 καὶ
1555 577 1586 633 ἠ
1648 577 1918 636 αἴσθησις.

313 662 383 713 T6
411 659 510 734 γὰρ
536 666 577 714 Τ
609 667 650 714 Η
681 670 864 735 τμῆμα
891 670 983 714 τού
1017 669 1056 715 Π
1086 670 1133 716 Θ
1181 664 1371 715 κύκλου
1429 668 1486 716 τό
1519 669 1557 715 Α
1589 671 1678 716 ΤΒ
1719 671 1758 716 ii
1788 667 1922 716 κατά

312 769 370 822 γε
394 755 666 808 ποσότητα
715 749 1012 824 προσλαϐὸν
1079 751 1440 828 ἀναπληρώσει
1491 755 1550 804 τό
1597 761 1688 804 τοῦ
1731 760 1772 806 Τ
1805 761 1844 805 H
1877 759 1922 806 Λ

311 846 570 914 τριγώνου
602 837 849 911 ἐμϐαδον.
873 839 1144 903 Ὡσαύτως
1173 847 1262 893 καὶ
1321 845 1379 894 τό
1405 850 1452 895 Χ
1505 849 1554 894 Ω.
1595 850 1777 914 τμῆμα
1831 849 1924 894 τοῦ

313 927 472 980 αύτού
508 935 546 980 fl
570 932 610 981 Θ
638 928 830 980 κύκλου
860 931 926 981 τὰ
950 936 989 983 Α
1037 937 1085 983 Χ
1146 937 1182 982 Β
1234 938 1281 982 Ω
1334 937 1588 1003 τμήματα
1628 930 1923 1005 προσλαϐὸν

313 1015 674 1092 ἀναπληρώσει
707 1036 766 1070 το
795 1024 887 1069 τοῦ
917 1026 965 1070 Χ
1011 1026 1058 1070 Ω
1115 1025 1152 1070 Γ
1193 1025 1447 1090 τριγώνου
1501 1016 1752 1092 ἐμϐαδόνι
1824 1017 1923 1079 δη-

309 1106 627 1181 λοποιεῖγᾶρ
658 1115 812 1160 τοῦτο
841 1113 929 1159 καὶ
958 1109 988 1165 ἡ
1039 1107 1156 1178 ὄψις
1209 1110 1362 1167 αὐτή.
1418 1114 1518 1161 Καὶ
1577 1111 1708 1180 ὁμοῦ
1761 1111 1827 1162 τὰ
1874 1108 1922 1164 ἕν

309 1203 382 1266 τῷ
410 1191 623 1267 ἔμϐαδῷ
702 1203 795 1248 τοῦ
854 1203 894 1248 Π
965 1203 1010 1250 Θ
1051 1196 1244 1248 κύκλου
1304 1203 1652 1271 περιεχόμενα
1700 1202 1925 1270 τρίγωνα

311 1285 466 1357 ὀκτὼ,
526 1283 848 1360 τετραδικῶς
912 1292 1017 1346 τοῖς
1069 1283 1198 1338 δυσὶ
1263 1292 1447 1358 γώνοις
1498 1293 1537 1338 Α
1587 1294 1680 1340 ΒΔ
1713 1295 1751 1341 Α
1808 1294 1844 1341 Β
1889 1294 1926 1340 Γ

309 1376 641 1452 ὑπάρχοντα·
672 1372 952 1428 διπλάσιον
983 1377 1165 1447 ἄρατὸ
1202 1383 1294 1427 τοῦ
1329 1383 1368 1428 Π
1435 1383 1481 1428 Θ
1529 1375 1722 1430 κύκλου
1764 1375 1923 1448 ἔμϐα-

313 1458 427 1524 δόν,
459 1469 552 1516 τού
583 1468 622 1518 Α
691 1469 729 1516 Β
787 1469 822 1514 Δ
878 1468 1154 1536 τριγώνου,
1211 1463 1279 1514 ὧν
1338 1466 1393 1515 αἰ
1439 1468 1742 1537 περίμετροι
1786 1466 1922 1531 ἶσαι,

313 1549 491 1611 ἐπειδὴ
541 1555 798 1626 τεττάρων
889 1552 936 1604 ἐν
1018 1551 1090 1604 ἑνὶ
1146 1551 1350 1624 ἑκάστῳ
1433 1557 1634 1626 μείζονι
1689 1560 1925 1626 τριγώνῳ

311 1641 467 1693 ὄντων
515 1647 800 1716 τριγώνων·
858 1644 972 1713 ἔχει
1023 1649 1150 1712 γοῦν
1202 1643 1229 1692 ό
1275 1641 1466 1702 κύκλός
1515 1647 1606 1694 καὶ
1643 1645 1710 1694 τὰ
1766 1647 1922 1695 οκτώ.

309 1729 409 1791 ⁸ος
462 1731 567 1804 ἄρα
611 1729 799 1792 κύκλος
864 1728 1028 1783 δώσει
1085 1727 1366 1803 διάμετρον
1413 1736 1504 1783 καὶ
1563 1736 1814 1789 συντησει
1868 1730 1924 1784 ἔκ

307 1821 502 1882 ταύτης
561 1820 865 1892 ἰσόπλευρον
949 1819 1222 1892 ἰσόγώνιον
1297 1825 1565 1894 τρίγωνον,
1639 1818 1924 1884 διπλάσιος

306 1912 494 1961 τούτου
527 1907 660 1976 ἐστὶ,
691 1912 882 1970 καθώς·
915 1905 1022 1962 ἔδει
1067 1905 1258 1972 δεῖξαι.
1308 1915 1410 1962 Καὶ
1464 1916 1632 1962 ταῦτα
1688 1912 1780 1982 μὶν
1834 1914 1923 1982 μό-

305 2017 405 2072 χρι
423 1994 581 2050 τοῦδε
613 2040 627 2064 ,
659 1998 687 2050 6
719 1995 779 2051 δε
840 1998 992 2070 λόγος
1045 1996 1390 2072 ἀναδραμέτω
1438 1999 1593 2052 πάλιν
1647 1998 1811 2070 λέγειν
1855 2002 1923 2053 τὰ

304 2100 423 2169 περὶ
487 2103 588 2148 τῶν
659 2097 789 2148 ἴσων
857 2101 948 2149 καὶ
1034 2095 1224 2148 ἆνίσών
1284 2105 1387 2148 τῶν
1446 2093 1574 2149 εῖδει
1625 2099 1919 2170 σχημάτων

309 2186 800 2257 σχηματισθέντῳν,
917 2188 1003 2237 ἴνα
1091 2189 1148 2237 τὸ
1224 2185 1578 2260 παρεμπεσὸν..
1673 2187 1920 2259 θεώρημα

306 2273 647 2344 καταλείψας,
680 2277 807 2345 πρὸς
861 2279 950 2326 τόν
995 2277 1190 2326 σκοπὸν
1248 2271 1533 2346 βάδιῆται,
1566 2277 1594 2327 δ
1630 2279 1720 2328 καὶ
1760 2281 1918 2347 γενή-

305 2380 468 2416 σεται.

375 2451 643 2513 ξ’.Ί¹οίνυν
686 2452 745 2505 ού
791 2457 944 2525 μόνον
998 2460 1072 2524 τῷ
1126 2452 1298 2525 κύκλῳ
1351 2457 1440 2505 καὶ
1486 2460 1550 2512 τῆ
1613 2457 1812 2528 σφαίρᾳ
1826 2459 1917 2507 καὶ

300 2545 538 2616 τριγώνῳ
557 2545 647 2593 καὶ
675 2547 978 2617 τετραγώνῳ
1021 2547 1255 2614 γίγνεται
1294 2543 1325 2601 ἡ
1383 2541 1544 2614 ἐξοχὴ
1600 2551 1693 2595 τοῦ
1723 2543 1916 2596 κύκλοῦ

301 2633 434 2699 πρὸς
461 2633 520 2682 τὸ
549 2632 713 2690 πάντη
747 2628 878 2698 ἶσον,
908 2630 1036 2684 ἀλλὰ
1085 2636 1242 2684 παντὶ
1295 2636 1542 2704 σχήματι
1586 2634 1913 2705 γραφομένῳ.

303 2713 508 2777 Μηδεὶς
533 2713 782 2791 δ’ἀλόγως
810 2723 966 2792 τέμνη
998 2722 1086 2772 τὸν
1135 2719 1322 2772 κύκλον
1383 2721 1414 2779 ἦ
1448 2720 1646 2788 τὀἷλλα,
1716 2720 1826 2772 αλλ’
1878 2723 1910 2780 ἡ

2085 487 2312 560 οιμῶσα,
2372 489 2434 540 ἶν’
2519 490 2681 553 οὕτως
2735 500 2832 555 πᾶς
2894 498 3125 566 περάτων
3191 497 3410 567 εὐθεῖαν,
3467 518 3688 571 σχημα-

2085 587 2318 650 τογραφῆ
2381 581 2515 631 κατὰ
2585 579 2751 652 λόγον.
2831 588 2955 656 Περὶ
3009 581 3068 636 δε
3116 594 3216 636 τῶν
3262 588 3458 658 τόμέων
3514 585 3690 652 οὐδεὶς

2084 665 2228 737 λόγος
2267 673 2398 729 νυνὶ,
2459 673 2633 739 ὅτιπερ
2693 667 2816 722 ούδέ
2875 677 3063 733 σκοπός
3117 676 3186 736 εἰς
3235 675 3382 741 αὐτὸ,
3436 675 3545 730 ἀλλ’
3606 678 3689 730 ὁτι

2085 762 2190 814 πῶς
2245 759 2302 807 τὸ
2355 752 2495 818 εἶδος
2559 756 2607 809 ἓν
2651 760 2864 810 ἕκαστον
2949 759 3310 833 ἐγνωμάτευσε
3391 768 3688 836 σχημάτων

2085 840 2265 914 ἑτέρων
2287 841 2626 919 διαχωρίσαν
2667 851 2959 919 σχημάτων
2998 850 3144 904 αύτό.
3173 858 3327 904 Ἐστι
3385 850 3446 906 δὲ
3491 860 3688 928 πρώτο-

2088 948 2206 982 στον
2235 937 2325 984 καὶ
2350 933 2814 1009 οἶκλινέστατονῌ)
2855 945 3046 1010 σχῆμα
3082 941 3108 990 ό
3165 941 3371 1007 κύκλος,
3399 939 3472 994 δι’
3506 943 3568 994 οὗ
3597 947 3688 996 καί

2085 1021 2116 1078 ἦ
2152 1028 2348 1093 σφαῖρα
2401 1027 2732 1089 συνίσταται,
2777 1029 2906 1096 μετὰ
2936 1023 2994 1079 δε
3022 1031 3080 1078 τὸ
3122 1032 3456 1101 τετράγωνον,
3481 1038 3592 1083 εἶτα
3626 1034 3688 1084 1'6

2087 1109 2388 1184 ἰσόπλευρον
2414 1117 2684 1186 τρίγωνον,
2727 1120 2818 1166 καί
2847 1116 2964 1169 οὔτε
3012 1115 3306 1190 κύλινδρος,
3335 1122 3453 1172 οὔτε
3507 1129 3688 1190 κῶνος,

2085 1199 2201 1252 οὗτε
2250 1198 2511 1267 πλαίσιον,
2576 1206 2693 1254 οὔτε
2751 1210 2979 1276 πυραμίς
3043 1209 3108 1267 ὡς
3161 1207 3315 1274 αὐτά,
3359 1209 3520 1261 ἄνισα
3562 1211 3687 1284 γάρ,

2085 1288 2275 1360 μᾶλλον
2305 1297 2396 1340 τοῦ
2443 1297 2762 1364 τετραγώνου
2817 1299 2906 1345 καί
2953 1300 3046 1346 τού
3101 1302 3358 1370 τριγώνου
3406 1305 3532 1350 οῖον·
3578 1299 3693 1370 ἔχει

2086 1376 2148 1431 δέ
2202 1384 2293 1431 καί
2365 1383 2414 1432 ἓν
2485 1381 2703 1434 ἕκαστον
2769 1392 2963 1455 σχῆμα
3073 1392 3230 1439 παντί
3321 1385 3578 1462 διαφοράν
3625 1398 3688 1448 τῆ

2087 1469 2294 1525 ἰσότητι
2333 1472 2422 1520 καὶ
2449 1469 2741 1528 ἀνισότητι.
2801 1471 2946 1524 ’Όσα
3004 1482 3129 1545 γοῦν
3181 1478 3400 1547 ἔχουσιν
3459 1477 3694 1552 ἰσοτέραν

2083 1562 2179 1616 τὴν
2207 1559 2369 1626 ϐόσιν,
2429 1558 2598 1612 ἐκεῖνα
2652 1565 2742 1614 καὶ
2815 1567 3124 1634 κρειττόνως
3178 1567 3323 1639 παρὰ
3372 1573 3466 1618 τοῦ
3521 1564 3694 1630 εἴδους

2085 1643 2518 1706 εἰδοποιὴθησαν.
2577 1656 2662 1719 Τῷ
2714 1653 2804 1722 μὲν
2861 1647 2949 1702 οὖν
3009 1652 3181 1724 κύκλῳ
3224 1659 3315 1706 καὶ
3383 1663 3446 1714 τῆ
3495 1660 3695 1730 σφαίρᾳ

2083 1741 2188 1797 πᾶς
2246 1734 2307 1787 ἄν
2365 1737 2684 1810 ὁμολογήση,
2751 1741 2927 1812 ὅτιπερ
2983 1737 3133 1793 οὐδὲν
3189 1746 3418 1817 ἱσότερον
3475 1744 3618 1810 ἄλλο,
3659 1745 3690 1802 ἣ

2085 1827 2317 1892 ὡσαυτὰ,
2367 1835 2468 1879 τῶν
2541 1824 2601 1880 δὲ
2666 1827 2830 1881 ἄλλων
2885 1833 3090 1882 πάντων
3142 1835 3168 1883 ό
3225 1835 3314 1903 μὲν
3369 1832 3486 1904 ἰμος
3540 1833 3694 1904 λόγος

2086 1912 2344 1990 διακρίνει
2404 1918 2464 1967 τὸ
2546 1918 2866 1988 τετράγωνον
2915 1923 3006 1971 καὶ
3047 1923 3107 1971 τό
3159 1919 3462 1993 ἰσόπλευρον
3504 1925 3693 1994 τρίγω-

2083 2023 2187 2070 νον,
2228 2003 2323 2056 οὐκ
2352 2006 2472 2056 ἄνευ
2501 2013 2652 2057 τινῶν
2717 2002 2779 2058 δε
2831 2007 2971 2060 τοῦτ’
3043 2008 3172 2060 αύτὸ
3225 2008 3405 2062 αἰτιῶν
3458 2009 3689 2081 λέγομεν,

2085 2091 2190 2145 ἀλλ’
2241 2095 2322 2146 ὅτι
2371 2099 2464 2146 καὶ
2526 2093 2828 2164 ἀναγκαῖονο
2888 2096 2934 2149 εἰ
3007 2093 3067 2150 δέ
3105 2096 3252 2173 παρὰ
3300 2102 3388 2150 τὸν
3445 2101 3691 2175 ἡμέτερον

2084 2186 2279 2238 σκοπὸν
2303 2182 2468 2244 ἄλλως
2497 2203 2606 2244 πως
2627 2182 2756 2258 ἁνήρ
2781 2204 2861 2247 τις
2912 2185 3035 2261 εὗρη
3082 2186 3205 2242 ἄλλο
3265 2187 3514 2263 ἓσότερον,
3579 2191 3692 2260 χά-

2079 2291 2165 2348 ρις
2187 2277 2277 2325 καὶ
2301 2275 2468 2343 τούτῳ
2495 2273 2677 2340 πολλὴ,
2744 2279 3059 2347 συγγνώμην
3109 2273 3169 2329 δε
3223 2282 3313 2329 καὶ
3364 2279 3513 2350 ἡμεῖς
3559 2277 3695 2341 ἐξαι-

2078 2363 2309 2432 τούμεθα
2351 2362 2431 2415 ότι
2481 2364 2610 2416 αὐτὸ
2693 2363 2874 2416 ἄνισον
2919 2363 3131 2437 λὲγομεν
3193 2373 3266 2436 τῷ
3308 2365 3504 2420 ἀκλινεί
3554 2368 3687 2438 ἴσον,

2081 2450 2207 2502 ἀλλὰ
2240 2455 2334 2509 τὴν
2357 2455 2514 2523 τιμὴν
2533 2459 2605 2522 τῷ
2630 2453 2732 2524 ἴσῳ
2759 2450 3137 2525 ἀφόσιούμεθα.
3186 2452 3361 2512 Ἔστω
3391 2451 3450 2509 δὲ
3502 2455 3547 2516 εἰ
3595 2461 3688 2527 μὴ,

2076 2538 2147 2600 ὠς
2175 2541 2476 2614 όήμέτερος
2497 2539 2882 2612 λόγοςεῖρηκεν,
2939 2539 3045 2594 ἀλλ’
3095 2544 3167 2604 ὡς
3211 2545 3239 2597 6
3295 2549 3512 2609 εκείνου,
3560 2549 3686 2618 τιμὴ

2075 2637 2149 2699 τῷ
2174 2629 2200 2681 ὁ
2237 2632 2438 2703 εἴρηκεν
2495 2647 2663 2698 ουτος,
2714 2627 3065 2700 συμϐάλλεται
3121 2627 3182 2684 δε
3231 2635 3322 2684 καὶ
3371 2634 3398 2684 ό
3445 2635 3688 2708 ἡμέτερος

2077 2718 2143 2778 εἰς
2182 2721 2268 2770 τόν
2313 2717 2496 2788 αὑτοῦ,
2569 2722 2650 2770 ὅτι
2697 2721 2755 2770 τό
2779 2715 2892 2770 ἴσον
2941 2723 3246 2792 κρειττόνως
3292 2723 3352 2773 1'6
3410 2719 3550 2784 εἶδος
3593 2729 3686 2775 τοῦ

274 2915 543 2974 quorum
565 2913 673 2954 sex
703 2899 810 2953 AT
832 2899 849 2952 Ι
874 2899 918 2953 Τ
941 2898 985 2954 G
1021 2896 1040 2951 Ι
1075 2898 1116 2953 G
1150 2899 1188 2952 Β
1219 2899 1239 2950 1
1272 2899 1310 2952 Β
1345 2898 1390 2954 0
1430 2900 1446 2952 1
1475 2897 1520 2953 0
1568 2899 1610 2953 x
1660 2901 1678 2956 Ι
1732 2899 1774 2954 Χ
1817 2902 1862 2952 A
1907 2898 1932 2955 l
1963 2895 2004 2954 C
2043 2898 2265 2952 temere
2288 2899 2446 2950 secet
2475 2893 2769 2954 circulum
2799 2901 2903 2954 aut
2922 2897 3069 2955 alias
3094 2897 3341 2969 ﬁguras,
3383 2897 3491 2954 sed
3521 2896 3710 2955 sectio

279 2989 539 3062 spatium
571 2985 774 3043 circuli
807 2989 853 3051 ρ
887 2986 1576 3059 Hcomprehendunt(2).
1604 2987 1935 3058 Supersunt

282 3084 480 3134 autem
511 3079 553 3133 Χ
582 3077 714 3137 00.
765 3077 808 3132 T
845 3077 888 3131 G
941 3077 1007 3130 Β.
1053 3078 1374 3147 Segmenta
1415 3075 1594 3143 igitur
1639 3080 1684 3129 Α
1713 3076 1755 3130 'l‘
1803 3076 1843 3129 Τ
1889 3076 1933 3130 G

281 3167 321 3224 G
354 3166 397 3220 B
427 3167 467 3222 Β
497 3167 541 3222 0
573 3166 618 3221 0
639 3167 679 3220 Χ
711 3166 751 3219 Χ
801 3165 868 3227 Α,
919 3178 1059 3235 quas
1097 3179 1169 3218 ex
1226 3164 1730 3220 circumcurrente
1775 3162 1936 3219 linea

277 3253 480 3311 circuli
518 3258 576 3310 et
627 3252 916 3308 lateribus
973 3251 1410 3322 triangulorum
1454 3251 1767 3321 exsistunt,
1818 3252 1936 3308 sint

276 3343 539 3416 aequalia
567 3341 813 3397 duobus
842 3339 1214 3411 triangulisT
1241 3342 1284 3397 G
1327 3342 1390 3408 D,
1420 3343 1461 3398 x
1488 3342 1611 3398 OC.
1637 3343 1758 3397 Hoc
1773 3342 1932 3398 enim

276 3435 406 3507 ipse
432 3448 644 3488 sensus
671 3432 1057 3486 demonstrat.
1117 3434 1267 3488 Nam
1327 3434 1368 3488 Τ
1418 3433 1484 3498 G,
1552 3438 1932 3502 segmentum

277 3523 480 3580 circuli
513 3523 559 3588 Ο
581 3522 646 3590 Η,
665 3525 977 3592 assumpta
997 3521 1332 3592 quantitate
1346 3525 1393 3574 Α
1410 3521 1456 3574 Τ
1481 3523 1594 3585 BG,
1611 3520 1935 3588 complebit

278 3613 543 3686 spatium
561 3609 904 3680 trianguliT
928 3612 970 3665 ϐ
992 3611 1054 3664 D.
1072 3608 1292 3664 Eodem
1335 3609 1513 3665 modo
1552 3614 1928 3677 segmentum

279 3705 321 3758 x
347 3703 392 3757 0
417 3699 689 3772 ejusdem
706 3697 906 3754 circuli
940 3699 985 3764 0
1021 3701 1084 3762 Η,
1109 3698 1439 3770 assumptis
1466 3698 1791 3768 segmentis
1813 3701 1860 3752 A
1893 3699 1934 3754 Χ

280 3787 730 3861 BO,complebit
741 3787 1002 3859 spatium
1018 3787 1296 3856 trianguli
1311 3788 1351 3841 Χ
1364 3789 1408 3844 0
1424 3789 1636 3844 C.Nam
1652 3791 1931 3858 aspectus

281 3880 408 3952 ipse
437 3879 553 3933 hoc
590 3876 987 3932 demonstrat.
1009 3875 1723 3946 Ettriangulaigiturocto
1751 3875 1931 3932 simul

283 3964 791 4039 eomprehensain
815 3965 1012 4036 spatio
1022 3964 1284 4029 circuliQ
1299 3966 1364 4032 Η,
1387 3979 1650 4036 quorum
1670 3969 1934 4035 quatuor

281 4054 650 4127 triangulum
674 4058 1016 4124 utrumque,
1041 4053 1240 4124 majus
1259 4067 1478 4124 nempe
1508 4059 1553 4108 A
1583 4054 1620 4108 Β
1665 4055 1708 4108 D
1737 4057 1784 4107 A
1825 4054 1863 4106 Β
1895 4051 1934 4108 .C

278 4143 668 4214 constituunt,
697 4140 960 4212 spatium
1005 4141 1212 4197 circuli
1267 4140 1678 4212 complebunt.
1736 4143 1933 4206 Quare

2041 2983 2147 3042 ﬂat
2176 2998 2284 3056 per
2311 2983 2582 3040 medium
2607 2988 2664 3040 et
2691 2991 2986 3056 centrum,
3017 2987 3100 3044 ita
3121 2993 3180 3044 ut
3212 2987 3274 3044 in
3303 2993 3529 3044 rectum
3563 3003 3702 3059 pro-

2041 3073 2218 3130 cedat
2247 3077 2308 3132 ut
2333 3073 2448 3130 hoc
2477 3073 2663 3130 modo
2683 3075 2884 3130 omnis
2907 3076 3165 3132 circulus
3195 3093 3268 3132 ex
3311 3077 3542 3134 ratione
3597 3077 3702 3134 de-

2044 3161 2344 3220 scribatur
2371 3160 2570 3220 ductis
2600 3168 2762 3218 recta
2785 3162 2957 3222 lineis
2981 3164 3058 3220 ad
3111 3166 3420 3222 terminos.
3455 3165 3572 3222 Sed
3631 3166 3707 3222 de

2043 3251 2373 3307 sectoribus
2399 3266 2560 3308 nunc
2589 3266 2712 3308 non
2758 3258 2850 3308 est
2904 3253 3075 3310 nobis
3126 3270 3324 3312 sermo
3378 3255 3705 3321 institutus,

2042 3341 2291 3413 quando
2313 3355 2509 3413 neque
2563 3357 2785 3414 scopus
2828 3343 2924 3410 hic
2964 3343 3142 3400 nobis
3199 3350 3290 3400 est
3333 3344 3700 3417 propositus,

2044 3445 2177 3485 cum
2193 3429 2504 3486 ostendere
2516 3431 2918 3494 constituerim
2929 3448 2996 3487 us
3007 3433 3310 3504 quomodo
3325 3449 3704 3506 unaquaeque

2041 3518 2234 3576 forma
2254 3535 2745 3593 unamquamque
2761 3520 3016 3592 ﬁguram
3033 3521 3466 3592 informavit,ut
3477 3522 3555 3578 ab
3571 3522 3701 3578 aliis

2043 3608 2252 3677 ﬁguris
2268 3614 2670 3680 separaretur.
2703 3612 2799 3665 Est
2828 3616 3031 3667 autem
3083 3611 3279 3683 prima
3325 3616 3384 3667 et
3426 3611 3700 3668 omnium

2044 3697 2306 3754 maxime
2325 3697 2604 3754 ordinata
2633 3698 2828 3768 ﬁgura
2858 3699 3136 3758 circulus.
3153 3716 3222 3755 ex
3235 3715 3360 3770 quo
3379 3699 3559 3756 etiam
3571 3699 3700 3768 glo-

2043 3785 2156 3842 bus
2185 3790 2438 3856 constat,
2467 3786 2685 3842 deinde
2705 3788 3092 3859 quadratum,
3116 3787 3335 3843 deinde
3363 3787 3699 3858 triangulus

2043 3874 2367 3946 aequalium
2393 3874 2644 3932 laterum
2677 3894 2695 3948 ;
2726 3891 2921 3948 nequc
2941 3875 3249 3948 cylindrus
3277 3891 3472 3950 neque
3489 3893 3698 3945 conus,

2044 3979 2240 4036 neque
2273 3962 2504 4034 prisma
2533 3979 2730 4036 neque
2753 3965 3017 4037 pyramis
3040 3970 3180 4020 sunt
3203 3964 3524 4037 ejusmodi,
3557 3980 3700 4021 nam

2044 4053 2240 4123 magis
2270 4053 2600 4124 inaequales
2625 4060 2765 4110 sunt
2785 4069 2974 4126 quam
3005 4054 3372 4127 quadratum
3419 4060 3478 4110 et
3525 4055 3703 4112 trian-

2042 4142 2274 4213 gulum,
2302 4148 2360 4196 ut
2396 4157 2774 4215 unaquaeque
2806 4143 3004 4214 ﬁgura
3025 4143 3378 4204 discernitur
3405 4144 3482 4200 ab
3514 4143 3703 4199 altera

283 4233 548 4307 spatium
572 4231 774 4288 circuli
802 4233 846 4296 Ο
869 4234 908 4286 Η
944 4229 1201 4303 duplum
1223 4237 1316 4286 est
1336 4231 1615 4300 trianguli
1645 4237 1688 4286 Α
1738 4233 1774 4286 Β
1825 4233 1865 4286 C
1917 4245 1932 4296 ;
1966 4257 2008 4310 ι)
2043 4230 2380 4303 aequalitate
2410 4231 2906 4304 etinaequalitale.
2929 4234 3312 4304 Quaecunque
3328 4232 3701 4302 igitursitum

277 4337 424 4379 nam
463 4319 666 4377 circuli
688 4325 745 4376 et
789 4319 1112 4375 amborum
1161 4319 1595 4389 triangulorum
1638 4318 1936 4390 perimetri

279 4416 422 4468 sunt
441 4409 728 4482 ρηοδιυς,
749 4424 890 4464 cum
909 4413 1172 4480 quatuor
1197 4409 1313 4464 sint
1334 4409 1630 4478 triangula
1674 4408 1735 4464 in
1779 4411 1935 4464 utro-

278 4517 402 4574 que
431 4497 752 4570 triangulo.
783 4497 968 4553 Habet
983 4498 1164 4567 igitur
1177 4497 1585 4554 circulusoctn
1599 4496 1933 4568 triangula;

279 4590 387 4663 qui
422 4585 876 4659 igitur‘circulul
897 4586 1305 4659 suppeditabit
1323 4586 1684 4646 diametrum
1713 4603 1785 4642 ex
1813 4601 1938 4658 qua

281 4682 666 4735 construatur
681 4674 1050 4745 triangulum
1070 4675 1398 4746 acqualium
1408 4675 1664 4734 laterum
1681 4681 1938 4744 etaugu-

279 4767 502 4836 lorum,
514 4766 739 4839 duplus
750 4770 838 4821 est
855 4764 1043 4837 ipsius
1057 4764 1366 4834 trianguli;
1377 4765 1544 4837 quod
1562 4765 1828 4837 oportuit
1841 4763 1942 4820 de-

281 4855 639 4914 monstrare.
653 4856 844 4927 Atque
856 4853 986 4909 haec
996 4853 1246 4924 quidem
1257 4853 1371 4910 hac
1379 4859 1473 4910 ten
1481 4854 1782 4911 us.0ratio
1800 4869 1940 4910 vero

281 4948 614 5002 revertatur
651 4941 729 4998 ad
743 4941 1120 5015 propositum
1132 4941 1278 4997 illud
1291 4942 1367 4998 de
1379 4942 1588 5012 ﬁguris
1599 4942 1941 5014 imparibus

280 5035 480 5091 forma
497 5031 834 5106 equalibus
853 5035 912 5087 et
931 5030 1334 5102 inaequalibus
1351 5030 1632 5088 utrelicto
1645 5038 1759 5089 hoc
1780 5031 1942 5087 theo-

280 5127 512 5184 remata
532 5120 701 5194 quod
724 5119 918 5176 obiter
944 5119 1154 5176 incidit
1173 5119 1252 5176 ad
1269 5135 1523 5193 scopum
1541 5119 1797 5176 festinet.

354 5219 410 5267 7.
441 5214 568 5268 Non
581 5208 1130 5280 estigiturcirculus
1144 5209 1441 5268 duntaxat
1453 5208 1793 5283 aequalitate
1824 5209 1945 5266 exi-

285 5300 445 5357 mitis
455 5311 642 5373 supra
652 5313 900 5356 omnem
936 5300 1198 5370 ﬁguram
1213 5298 1532 5372 aequalem,
1549 5315 1750 5356 verum
1766 5299 1943 5356 etiam

283 5405 473 5462 supra
490 5404 736 5447 omnem
767 5387 1024 5459 ﬁguram
1051 5404 1189 5461 qute
1201 5387 1779 5446 describitur.Nemo
1804 5404 1946 5444 vero

2043 4321 2270 4377 habent
2294 4319 2770 4390 atquahiliorem,
2812 4321 2913 4377 illa
2959 4327 3096 4378 sunt
3144 4322 3578 4394 praestantiora,
3639 4327 3705 4377 ut

2045 4411 2225 4466 etiam
2249 4409 2387 4466 talia
2425 4409 2502 4464 ab
2550 4409 2683 4481 ipsa
2729 4410 2927 4466 forma
2983 4409 3192 4468 effecta
3239 4416 3397 4468 sunt.
3449 4411 3703 4477 Quilibet

2043 4499 2223 4570 igitur
2248 4497 2528 4554 fatebitur
2556 4497 2704 4554 nihil
2731 4501 2926 4570 magis
2949 4499 3182 4574 mquaie
3213 4515 3343 4556 esse
3380 4517 3568 4572 quam
3596 4502 3708 4556 cir-

2047 4591 2253 4644 culum
2271 4591 2330 4642 et
2360 4586 2684 4658 sphaeram,
2709 4587 2788 4644 ab
2808 4588 2939 4644 aliis
2979 4594 3181 4644 autem
3228 4589 3513 4646 omnibus
3569 4603 3707 4645 meo

2042 4675 2272 4748 judicio
2325 4675 2746 4732 discernuntur
2791 4677 3164 4750 quadratum
3217 4682 3274 4733 et
3339 4677 3708 4748 triangulum

2049 4764 2371 4837 aequalium
2399 4763 2675 4820 laterum
2702 4764 2870 4837 quod
2900 4781 3024 4821 non
3046 4765 3278 4838 absque
3310 4766 3538 4822 ratione
3567 4764 3710 4820 dici-

2050 4868 2211 4918 mus;
2238 4853 2362 4910 imo
2383 4857 2475 4908 est
2497 4853 2613 4908 hoc
2639 4853 3251 4920 necessarium.0uod
3270 4855 3316 4908 si
3338 4853 3474 4928 quis
3494 4857 3712 4926 praeter

2050 4942 2198 5002 illud
2223 4946 2498 4998 nostrum
2521 4942 2907 5015 propositum
2927 4943 3185 5014 reperiat
3217 4942 3398 4998 aliam
3449 4941 3711 5011 ﬁguram

2053 5030 2275 5086 circulo
2299 5029 2496 5100 magis
2526 5029 2846 5102 aequalem,
2871 5029 2954 5094 illi
2973 5045 3263 5102 magnam
3305 5030 3562 5102 gratiam
3609 5029 3713 5085 ha-

2052 5119 2236 5177 bituri
2265 5135 2495 5174 sumus.
2519 5119 2766 5175 Veniam
2782 5124 2980 5178 autem
2995 5135 3106 5176 nos
3120 5119 3519 5192 deprecamur
3544 5118 3713 5192 quod

2055 5224 2350 5281 negemus
2374 5208 2734 5280 inaequalem
2767 5208 3024 5277 ﬁguram
3040 5224 3168 5264 esse
3201 5207 3715 5278 ordinataaﬁguraa

2057 5298 2341 5370 aequalem
2381 5313 2520 5354 cum
2546 5301 2876 5370 praesertim
2895 5297 3007 5354 hoc
3031 5298 3210 5354 modo
3233 5295 3374 5353 illud
3408 5295 3575 5368 quod
3631 5300 3718 5352 est

2060 5387 2293 5460 aequale
2313 5385 2599 5458 inaequali
2622 5385 3035 5458 praeferamus.
3068 5386 3181 5442 Sed
3207 5391 3333 5442 esto
3363 5384 3569 5458 aliqua
3598 5377 3718 5444 alia

385 5541 437 5610 l)
476 5544 778 5618 Τεταγμένα
803 5544 1065 5618 σχῂματα
1088 5511 1176 5618 ab
1195 5545 1436 5618 auctore
1467 5539 1846 5618 appellantur
1866 5537 1946 5592 οἱκῖ

2064 5557 2231 5592 ι’τατα.
2269 5534 2413 5591 Vide
2441 5531 2817 5618 Aristotelem
2847 5535 3042 5608 primo
3069 5538 3155 5594 De
3184 5537 3352 5594 coelo.

355 5535 437 5680 Et)
476 5544 778 5612 Τεταγμένα
803 5544 1065 5616 σχήματα
1088 5538 1168 5606 ab
1195 5545 1436 5596 auctore
1467 5539 1813 5622 appellantu

379 5628 436 5700 2)
475 5613 690 5684 Αἴτημα
719 5610 832 5664 ὶίαν
857 5611 1036 5674 εὔηθες
1067 5616 1133 5668 ut
1159 5611 1422 5684 loquitur
1451 5611 1817 5668 Aristoteles.
