2065 3205
238 169 304 201 1591

1004 165 1183 199 ADDENDA.

1879 167 1958 201 1392

241 239 333 265 ἀνίσου
358 235 526 265 ιὶδοποιῆσοιι
560 234 664 272 φάσκει·
692 230 778 265 οὐδεὶς
802 234 854 272 γὰρ
881 242 928 263 In
954 234 1046 271 ὄπιπιρ
1074 235 1099 262 Α
1126 232 1231 269 ἀγαθῶν
1246 235 1292 271 μέν
1305 233 1409 272 πλήρης
1425 230 1500 270 γαῖα,
1530 232 1560 261 τὸ
1581 230 1604 261 τ’
1631 230 1662 261 ἃν
1688 232 1791 272 πλήρης
1825 231 1940 273 δ’ὑγροὶ.

241 285 271 310 τὸ
289 282 378 309 ἄνισον
410 289 561 318 κριιττονως
589 278 741 309 ιίδοποίησι
753 280 783 306 τὸ
798 277 879 314 εἶδος,
909 277 931 306 εἰ
951 280 987 316 μή
1019 287 1046 304 τι

242 326 464 365 παραλογίζηται.

276 371 310 401 η’.
326 373 436 407 Δέγομιν
447 369 491 397 οὖν
506 368 548 396 ὃτι
560 369 647 406 ὥσπερ
658 370 683 395 iv
706 368 754 399 ὕλη
783 369 813 396 τό
842 365 921 401 εἶδος,
948 366 973 394 ἂν
995 367 1045 404 φύ-

243 426 283 444 σιι
295 414 415 449 παιδεία,
425 416 471 441 καὶ
486 414 574 451 ὥσπερ
588 414 601 440 ὁ
618 418 715 451 σχῆμα
749 413 864 451 ἰσότιμον
896 414 1046 450 κρειττόνως

240 463 313 500 παρὰ
324 464 371 488 τοῦ
387 458 477 491 ιίδους
487 457 642 489 ιίδοποιήθη
673 463 720 486 τοῦ
747 461 782 496 μὴ
812 458 915 488 ἰσότητι
924 459 975 494 ἴσῳ
1000 457 1046 484 αὖ·

240 507 395 542 τοῡ,οὗτῶς
425 505 496 534 καὶὴ
528 505 628 540 φύσιςή
656 503 833 542 ρυθμισθεῖσα
860 501 969 530 παιδιία
1000 504 1046 529 καὶ

241 553 293 579 οἷον
318 549 514 579 εἰδοποιηθιῐσα
547 551 666 586 κρείττων
703 548 758 575 ἐστί
788 552 833 579 τῆς
859 549 893 585 μὴ
922 545 1044 574 παιδείαν

243 598 373 633 σχούσης.
391 594 467 631 Ἐχςι
481 592 509 620 δὲ
524 593 619 625 πλάτος
630 594 694 620 πολὺ
707 598 755 625 τῆς
765 595 886 629 σχούσης
902 594 916 622 ’ἦ
931 591 1045 629 διαφορὰ

242 643 282 668 ὅτι
292 644 332 672 τὶς
348 642 391 677 μὲν
407 642 484 676 φύσις
497 641 575 675 ἔσχον
584 639 643 668 ὃλην
657 637 789 672 παιδείαν,
817 641 858 669 τις
890 636 919 664 δί
948 639 1043 674 ἣμισυ,

241 689 277 717 τὶς
289 685 318 712 δὲ
333 686 393 714 ὃλην
413 685 485 722 παρά
510 693 537 710 τε
568 683 640 719 ἔτερα
674 682 704 710 δέ
731 683 799 709 κατά
823 681 960 719 βασμίδας
981 681 1043 716 οἷον,

241 732 286 761 ἕως
301 735 348 761 τῆς
361 732 449 766 μέσον,
465 731 509 754 καὶ
541 728 568 754 ἐκ
599 730 690 754 τούτου
704 728 750 758 ἓως
778 731 824 754 τοῦ
862 732 909 758 τῆς
924 726 1045 756 παιδείας

242 777 309 802 κατὰ
325 777 368 801 τὸν
377 774 454 800 αὐτόν
466 773 551 809 λόγον,
569 773 696 809 ἐσχάτου,
714 774 728 802 ἡ
752 771 781 799 δί
804 775 839 809 μὴ
870 775 978 808 σχοῦσα
1004 773 1044 797 τέ-

241 820 306 855 λεον,
333 819 476 856 ἀτιμοτάτη
508 818 600 846 τέλεον,
635 821 709 854 Τρεῖς
739 821 801 854 γοῦν
826 817 963 853 εἰρήκαμεν
991 825 1045 842 κοι-

241 867 332 895 νωνίας
349 866 510 901 πρωτίστας,
535 867 570 898 τῷ
600 863 711 899 ἄρχοντι
737 866 865 888 κοινωνεῖν
891 861 922 892 ἃς
943 862 1045 897 εἰπομσν

241 914 290 936 τῶν
305 908 330 935 δ’
351 909 433 935 ἀλλων
454 907 632 944 ἐπιμελεῖσθαι
654 908 716 937 ὅσας
740 905 773 936 δὴ
804 911 840 942 τῷ
869 909 947 942 κοὶνῳ
978 915 1046 942 σνμσ

241 954 397 991 ϐαλλομένας
431 954 489 991 ὁρᾷ,
522 954 556 983 si;
585 961 612 978 τε
641 954 771 978 σύστασιν
810 953 856 977 καὶ
898 951 1045 987 sulpitium,

241 1001 302 1030 τοὺς
315 997 344 1025 δί
359 999 424 1034 μιτὰ
437 1000 480 1024 τὸν
491 1001 592 1035 πρῶτον
620 1001 657 1032 τῷ
683 999 777 1033 πρώτῳ
804 997 959 1033 ὁμοιοῦσθαι
988 996 1047 1033 ορί-

242 1044 329 1080 ζομιν·
355 1043 376 1069 si
401 1044 452 1079 γὰρ
481 1042 573 1072 ἐκεῖνος
595 1045 711 1068 κοινωνεῖ
735 1046 787 1072 τοῖς
819 1044 938 1077 φυσικοῖς
967 1050 993 1066 rs
1003 1042 1047 1066 καὶ

242 1086 459 1123 πεπαιδευμένοις
474 1086 571 1122 λόγοις,
597 1086 670 1112 οὗτοι
695 1084 724 1113 δὲ
747 1088 808 1117 τοὺς
839 1084 920 1112 αὖτοῦ
946 1085 1046 1121 λόγους,

242 1133 328 1170 ὢσπιρ
354 1133 424 1162 τινὰς
460 1133 561 1168 μορφὰς
585 1132 697 1168 αἴροντος
728 1130 764 1162 εἷς
788 1130 913 1161 ἀλλήλους
941 1135 1048 1157 ποιοῦσι

241 1178 288 1209 τὰς
302 1178 444 1210 κοινωνίας,
466 1174 542 1202 οὐδέν
568 1175 638 1201 ἔστιν
673 1175 744 1211 ἄλλο,
765 1176 780 1205 ἦ
809 1176 849 1202 ὅτι
868 1175 941 1202 κατὰ
968 1177 1047 1212 φύσιν

241 1231 287 1248 και
305 1219 429 1249 παιδείαν
457 1224 572 1247 κοινωνεῖ
597 1225 634 1256 τῷ
663 1225 749 1256 κοινῷ,
776 1224 849 1251 Πόση
880 1220 905 1248 δ’
934 1221 997 1248 αὐτὸ
1021 1231 1048 1248 τε

242 1266 351 1303 ὠφέλεια
373 1268 474 1303 κόσμου
502 1267 597 1292 ὀποταν
625 1265 702 1302 λόγος
727 1267 771 1302 μὲν
801 1266 888 1304 ὁρίζῃ,
914 1268 992 1303 φύσις
1018 1265 1048 1293 δὲ

241 1313 356 1349 πράττη,
370 1313 415 1337 καὶ
428 1313 456 1337 τὸ
476 1313 511 1348 μή
528 1310 606 1347 λόγου
627 1313 673 1337 καὶ
697 1312 807 1348 φύσεως,
832 1311 920 1350 πόῤῥω
945 1311 1042 1348 βαίνει,

230 1400 327 1435 ﬁgura
340 1402 447 1437 praeter
457 1400 606 1429 circulum
617 1400 749 1429 maxime
763 1401 899 1430 omnium
911 1401 1060 1430 ordinata.

1125 276 1233 308 Ἐπειδὴ
1260 277 1289 306 δὴ
1313 278 1360 306 οὐκ
1386 280 1444 306 ἔστι
1464 288 1541 306 τουτο
1567 278 1659 317 ὠριίν,
1688 281 1798 316 χάρονς
1827 280 1880 317 γὰρ
1912 280 1940 307 οἱ

1125 322 1240 358 πλείους,
1270 323 1331 356 τούς
1375 323 1499 361 ὁρισμοὺς
1603 324 1677 361 ἡμεῖς
1720 323 1940 362 ἀναγεγράφαμεν

1124 369 1171 394 καὶ
1197 369 1245 398 τήν
1269 368 1391 398 (meum
1416 369 1530 405 εἴπομεν,
1564 367 1647 405 ἄράτω
1675 367 1706 396 δὲ
1727 369 1741 395 ὁ
1766 368 1937 406 βουλομινος,

1125 413 1150 439 οἱ
1162 410 1189 439 δ’
1204 412 1276 441 ἄλλοι
1291 415 1324 445 ὡς
1336 416 1381 440 καὶ
1396 412 1532 450 βούλοιντό
1554 411 1783 451 διατριχὶτωσαν.
1803 411 1876 440 Οἶδα
1906 412 1938 441 δί

1124 457 1219 493 καλῶς,
1232 458 1273 484 ὃτι
1285 461 1335 490 πᾶς
1350 459 1419 495 ἔχων
1444 462 1503 485 νοῦν
1530 458 1577 485 οὔκ
1602 459 1633 485 ἀν
1655 468 1717 485 mm
1750 457 1853 488 ἀποστῇ
1884 462 1939 485 τῶν

1124 505 1225 539 τρόπων
1249 508 1299 530 τῶν
1334 505 1483 541 silentibus,
1510 504 1556 530 ἄτα
1579 503 1732 540 φιλοσοφίας
1761 506 1808 530 καὶ
1840 506 1939 540 σοφίας

1125 547 1338 585 ἓγχαραττόντων
1353 550 1399 580 τὰς
1415 547 1502 582 ὀδοὺς,
1533 548 1582 584 ἐγὼ
1609 547 1650 583 δὲ,
1675 548 1723 575 κᾶν
1750 549 1764 575 ὁ
1785 548 1867 580 πολὺς
1893 550 1939 576 ἇν-

1125 594 1226 630 ορωπος
1256 592 1438 631 ἀπαρέολκηται
1469 595 1499 619 τὸ
1531 593 1619 628 καλὸν,
1661 594 1754 620 οὔκουν
1781 592 1934 622 ὑποστελῦι

1125 637 1178 664 ἀλλ’
1192 637 1368 669 ἀνυποστόλως
1384 638 1446 676 ἱρῶν
1461 640 1505 664 καὶ
1517 636 1593 669 αὖθις
1606 638 1759 675 εξοήσομαι.

1162 682 1192 710 ΘΖ
1207 684 1262 710 Λὺο
1276 687 1339 719 γοῦν
1355 682 1417 709 οἶδα
1432 681 1498 709 εἶναῖ
1522 684 1599 719 φύσιν
1627 685 1673 709 καὶ
1701 685 1731 710 τὸ
1757 681 1935 720 συμϐεϐηκός,

1125 730 1169 754 καὶ
1180 730 1210 754 τὸ
1230 730 1275 765 μὲν
1290 730 1391 764 φύσεως
1410 729 1512 764 ποίημά
1528 727 1584 754 ἐστι
1599 730 1643 754 καὶ
1674 727 1732 754 λίαν
1760 727 1826 762 ἔστι,
1847 729 1879 755 τὸ
1904 726 1938 755 δι

1125 776 1170 799 τοῦ
1188 772 1380 809 συμϐεϐῆκὴτος
1402 774 1470 799 κατά
1495 776 1589 809 κρᾶσιν
1620 774 1697 809 μόνον
1724 774 1847 809 γίγνεται·
1873 773 1937 800 ἔστι

1126 815 1156 844 δὲ
1172 816 1291 844 δεκτικὸν
1302 820 1397 855 κρᾶσις
1412 817 1493 844 καλοῦ
1522 820 1566 844 καὶ
1599 820 1634 854 μή
1661 817 1742 845 καλοῦ
1771 820 1815 845 καὶ
1836 821 1939 853 κακοῦ,

1126 863 1158 893 ὡς
1172 865 1217 888 καὶ
1232 864 1261 888 τό
1281 862 1456 899 συμϐεϐηκὸς,
1480 872 1543 894 οων,
1571 862 1611 889 ὃτι
1633 872 1671 894 τις
1695 865 1859 901 στρατιώτης
1882 872 1943 889 xor.-

1125 910 1198 933 νωνεῑ
1210 916 1271 942 τινι,
1298 909 1374 933 τοῦτο
1385 910 1490 944 κρᾶσις·
1519 907 1541 934 εἰ
1566 909 1610 944 μὲν
1637 907 1681 933 οὖν
1708 906 1800 944 ἀγαθῷ
1823 910 1946 934 κοινωνιί

1126 961 1207 988 τιχνη
1224 954 1269 978 καὶ
1284 953 1370 988 φύσει,
1385 953 1399 981 ὴ
1417 955 1510 988 κρᾶσις
1524 950 1577 982 ἤδη
1603 952 1683 978 καλοῦ
1711 950 1832 988 δεκτικὴ,
1861 952 1885 978 si
1911 950 1945 979 δῖ

1127 999 1163 1033 μὴ
1177 997 1247 1031 καλῷ
1271 1001 1301 1026 τῆ
1319 1006 1399 1033 τεχνη
1428 999 1472 1023 καὶ
1498 1000 1529 1033 τῇ
1565 998 1653 1033 φύσει,
1678 999 1713 1028 ὡς
1739 999 1837 1033 πέφυκε
1861 1000 1944 1024 τοῦτο

1128 1040 1418 1077 γενέσθαι,ἀλλ“ὰπλ.ῶς
1439 1043 1501 1077 ὠτι,
1531 1042 1545 1071 ἡ
1576 1045 1671 1079 κρᾶσις
1696 1039 1802 1071 δεκτική
1830 1043 1869 1078 μὴ
1893 1051 1944 1068 κα-

1128 1086 1184 1112 λοῦο
1221 1086 1243 1112 εἰ
1268 1084 1297 1113 ὸῚ
1322 1088 1440 1122 κακίστῳ
1463 1086 1530 1112 κατά
1556 1096 1582 1112 τε
1616 1087 1694 1123 φύσιν
1720 1088 1766 1112 καὶ
1794 1087 1906 1122 τέχνην,
1924 1085 1941 1116 ᾗ

1129 1135 1223 1169 κρᾶσις
1249 1129 1356 1160 δεκτικὴ
1385 1135 1430 1158 τοῦ
1463 1135 1557 1165 κακοῦ,
1584 1132 1598 1161 ἡ
1623 1132 1675 1169 clpa
1701 1134 1798 1169 κρᾶσις
1825 1129 1940 1161 δεκτικὴ

1129 1176 1219 1210 καλοῦ,
1235 1178 1328 1212 καὶμὴ
1340 1175 1420 1202 καλοῦ
1444 1178 1488 1202 καὶ
1517 1179 1611 1204 κακοῦ.
1626 1179 1671 1207 Τις
1693 1177 1738 1212 μὲν
1769 1173 1814 1202 οὖν
1838 1179 1942 1214 κρᾶσις

1129 1220 1153 1247 ἐν
1168 1222 1254 1258 φύσει,
1282 1223 1327 1248 καὶ
1353 1223 1393 1252 τίς
1422 1223 1497 1258 φὺσίς
1529 1220 1553 1248 ἐν
1581 1222 1684 1259 κράσει,
1712 1220 1741 1247 αῖ
1767 1220 1942 1252 ἐξισοιζονται

1129 1266 1162 1297 εἰς
1189 1266 1251 1293 αὐτὸ
1272 1268 1306 1300 ;ἠ
1341 1267 1391 1303 γὰρ
1425 1266 1525 1302 ἀγαθοῦ
1559 1265 1649 1302 ἀγαθῷ
1669 1268 1800 1300 κοινωνία,
1824 1269 1938 1303 κρᾶσις,

1129 1311 1192 1338 ἀλλὰ
1206 1312 1274 1338 κατὰ
1292 1312 1379 1348 φύσιν·
1404 1311 1428 1337 ἓν
1454 1312 1536 1341 mam
1552 1315 1615 1348 γοῦν
1643 1313 1673 1341 τὴ
1707 1309 1800 1348 κροίσιὶ
1825 1320 1872 1338 και
1896 1321 1938 1343 τις

1117 1401 1197 1429 tione
1217 1409 1281 1429 esse
1297 1400 1436 1437 positam,
1458 1400 1507 1428 vix
1527 1401 1628 1428 autem
1643 1399 1703 1429 dici
1721 1400 1829 1437 possit,
1849 1407 1949 1438 quan-

231 1445 341 1473 Verum
359 1453 396 1473 ne
411 1445 453 1474 sic
472 1446 596 1483 quidem
613 1449 714 1474 noster
729 1447 950 1475 sermoinutilis
964 1447 1059 1475 fuerit.
1081 1456 1100 1484 ρ
1116 1448 1179 1474 tum
1201 1445 1412 1481 adjumentum
1428 1444 1710 1474 societatihumanaa
1739 1445 1901 1480 efferretur,
1919 1445 1945 1474 si

229 1497 291 1526 quo
298 1498 506 1519 asseveramus
515 1491 696 1527 mqualitatis
707 1492 835 1520 formam
845 1492 1061 1528 insequalitatis

229 1535 328 1563 forma
336 1542 403 1563 esse
411 1537 649 1572 pmstantiorem
667 1543 673 1569 ;
686 1544 775 1564 nemo
783 1537 863 1564 enim
872 1537 977 1565 dixerit
988 1537 1056 1565 lDtB-

230 1579 384 1616 qualitatis
400 1580 531 1609 formam
544 1581 722 1617 tequalitatis
736 1582 834 1610 forma
845 1589 910 1610 esse
917 1585 1061 1618 pra-istan-

230 1624 345 1660 tiorem,
362 1624 419 1652 nisi
434 1625 524 1653 rebus
544 1625 653 1653 fucum
668 1626 799 1662 aliquem
815 1626 913 1655 faciat.

267 1670 293 1696 8.
312 1669 536 1705 Dicimusigitur
547 1670 680 1698 formam
688 1671 718 1698 in
725 1671 849 1699 materia
862 1671 893 1699 id
906 1671 1061 1708 essequod

231 1713 315 1741 estin
329 1716 438 1742 natura.
450 1714 578 1743 eruditio
596 1718 643 1750 ;et
662 1718 694 1743 ut
717 1716 815 1751 ﬁgura
842 1716 974 1744 maxime
998 1724 1061 1745 om-

231 1758 315 1786 nium
322 1758 446 1795 aequalis
453 1759 582 1788 formam
589 1760 867 1789 nactaestomnium
874 1762 1060 1797 praestantis-

232 1803 352 1837 slmam,
365 1804 405 1832 ita
418 1804 507 1832 etiam
521 1808 630 1833 natura
645 1805 811 1833 eruditione
821 1808 929 1834 ornata
941 1808 969 1834 et
983 1814 1059 1842 qua-

232 1847 258 1875 si
270 1847 432 1877 informata
447 1850 638 1885 praestantior
652 1852 696 1878 est
710 1858 746 1878 ea
759 1858 826 1886 quae
840 1850 1006 1878 eruditione
1013 1859 1060 1879 ca-

231 1895 286 1920 ret.
302 1892 358 1920 Sed
372 1900 519 1929 magnum
536 1902 659 1931 quoque
693 1894 789 1923 latum
830 1895 991 1923 discrimen
1016 1903 1058 1923 re-

230 1936 344 1973 peritur
362 1937 392 1965 in
406 1941 514 1967 natura
522 1939 719 1967 eruditionem
727 1939 866 1975 habente,
882 1940 965 1977 quod
978 1948 1059 1977 quae-

231 1980 304 2009 dam
319 1983 427 2010 natura
442 1983 616 2011 universam
630 1984 828 2012 eruditionem
844 1985 964 2019 habeat,
979 1993 1059 2022 quie-

231 2024 303 2054 dam
322 2034 394 2055 vero
403 2027 553 2063 simplum,
562 2027 702 2064 quaedam
710 2037 813 2057 rursus
820 2030 991 2058 universam
1005 2030 1061 2058 ali—-

231 2069 318 2106 cujus
324 2071 428 2107 partis,
435 2072 528 2100 altera
534 2080 604 2100 vero
611 2074 649 2101 ab
657 2073 769 2101 intimis
776 2074 814 2102 ad
822 2074 956 2102 medium
964 2082 1060 2111 usque

232 2115 367 2162 ascendit
379 2118 409 2144 et
422 2117 548 2145 amedio
559 2125 654 2154 usque
670 2118 709 2146 ad
724 2119 1060 2148 eruditionem.Eadem-
1079 2135 1100 2162 υ

232 2160 527 2196 querationenatura
534 2169 602 2198 quae
614 2163 654 2191 ad
667 2163 807 2192 ultimum
822 2170 915 2200 usque
931 2163 1060 2198 gradum

232 2203 397 2233 descendit.
420 2206 492 2239 Quae
504 2214 573 2235 vero
594 2207 713 2236 tandem
738 2207 863 2235 omnino
895 2207 1061 2236 eruditione

233 2251 325 2282 caret,
337 2252 383 2278 est
393 2251 524 2279 maxime
544 2251 682 2280 omnium
702 2251 853 2287 ignobilis.
865 2252 1061 2288 Diximusigi-

232 2295 346 2322 turtres
361 2302 427 2323 esse
433 2295 732 2332 communicationes,
748 2295 863 2332 primas
869 2296 1061 2334 scilicetquas

232 2335 345 2367 habere
352 2339 525 2369 societatem
531 2342 559 2369 et
564 2340 810 2368 communionem
818 2348 886 2370 cum
902 2342 965 2370 viro
978 2342 1060 2378 prin-

234 2382 300 2420 cipe
320 2383 462 2414 diximus.
476 2384 552 2414 Aliaa
571 2392 643 2414 vero
655 2384 697 2413 ita
710 2387 779 2414 sunt
793 2385 823 2414 in
838 2387 934 2423 pretio
948 2387 1061 2416 haben-

233 2427 292 2464 daa,
308 2431 398 2465 prout
411 2429 570 2458 conferunt
579 2429 618 2458 ad
631 2436 826 2458 communem
841 2431 923 2459 illam
938 2432 1061 2461 societas

232 2473 304 2509 tem,
318 2473 380 2502 sive
395 2473 436 2502 ad
450 2473 705 2508 constitutionem,
730 2474 790 2502 sive
828 2476 867 2504 ad
896 2476 1058 2505 faciliorem

230 2516 381 2546 rationem
391 2518 568 2555 pertineant.
598 2515 667 2546 Illos
691 2519 817 2555 proinde
845 2521 897 2557 qui
927 2522 1061 2558 primum

231 2561 317 2591 illum
327 2561 674 2599 gradumassequuntur,
684 2563 782 2600 primo
789 2565 901 2594 similes
914 2574 979 2595 esse
989 2566 1060 2594 dici-

231 2614 301 2635 mus
310 2606 365 2644 (t).
375 2607 450 2636 Nam
461 2607 485 2636 si
493 2607 662 2644 primusille
669 2609 818 2647 particeps
827 2611 1059 2640 estnaturalium

231 2653 262 2680 et
275 2650 473 2680 eruditiorum
488 2659 673 2687 sermonum,
689 2653 719 2681 hi
734 2655 864 2684 rationes
890 2655 968 2684 illius
996 2658 1060 2685 tan-

229 2700 326 2732 quam
337 2694 449 2724 formas
466 2696 616 2733 quasdam
632 2698 1060 2735 suscipientescommunicant

229 2739 308 2768 inter
319 2747 363 2769 se.
377 2741 463 2774 Quod
478 2742 553 2770 nihil
565 2742 646 2771 aliud
669 2746 713 2772 est
744 2753 838 2781 quam
865 2753 1059 2775 communem

228 2783 313 2814 illam
332 2786 636 2816 communicationem
652 2788 684 2817 in
709 2789 817 2818 natura
846 2792 875 2819 et
902 2790 933 2819 in
962 2787 1058 2820 erudi-

1116 1491 1192 1519 ratio
1208 1490 1415 1527 pmscriberet
1426 1492 1455 1518 et
1469 1492 1579 1518 natura
1597 1492 1710 1525 ageret,
1727 1492 1756 1518 et
1767 1490 1793 1519 si
1808 1490 1948 1519 aratione

1117 1543 1152 1563 ac
1167 1538 1275 1563 natura
1289 1543 1448 1571 nunquam
1455 1534 1688 1563 declinaremus.
1702 1535 1781 1563 Tunc
1794 1535 1876 1564 enim
1891 1535 1950 1564 bo-

1115 1588 1225 1608 norum
1240 1580 1326 1608 tellus
1333 1582 1411 1607 esset
1419 1579 1509 1616 plena
1517 1581 1544 1607 et
1552 1587 1634 1607 mare
1641 1579 1767 1615 plenum
1781 1588 1788 1615 ;
1799 1579 1952 1616 quoniam

1116 1626 1216 1654 autem
1228 1625 1286 1653 hoc
1301 1632 1362 1653 non
1378 1624 1610 1661 potestinveniri
1622 1627 1704 1658 (nam
1716 1624 1951 1661 etimperfectio-

1115 1677 1162 1698 res
1182 1672 1210 1698 et
1224 1669 1325 1706 plures
1344 1669 1577 1705 temperationes
1604 1669 1830 1706 descripsimus,
1846 1670 1891 1699 ita
1918 1671 1951 1700 ut

1114 1714 1145 1742 id
1164 1714 1246 1751 quod
1262 1723 1368 1743 verum
1378 1717 1421 1742 est
1431 1714 1615 1749 dixerimus),
1626 1717 1730 1742 nostra
1747 1714 1951 1751 amplectatur

1114 1760 1167 1796 qui
1180 1759 1269 1793 volet;
1285 1760 1335 1788 alii
1349 1767 1421 1788 vero
1453 1766 1489 1787 ea
1525 1759 1665 1788 insistant
1683 1759 1733 1788 via
1757 1766 1827 1796 quin
1846 1760 1949 1797 magis

1114 1804 1186 1841 ipsis
1205 1804 1360 1840 placuerit,
1378 1811 1556 1841 quanquam
1572 1804 1634 1832 scio
1650 1803 1818 1840 quemlibet
1841 1807 1948 1835 mente

1114 1848 1272 1885 praeditum
1292 1856 1451 1885 nunquam
1468 1848 1672 1877 discessurum
1683 1848 1813 1877 amodis
1836 1857 1947 1886 supra-

1114 1893 1253 1928 dictis,eo
1267 1893 1351 1930 quod
1361 1894 1391 1921 in
1403 1901 1503 1922 veram
1522 1893 1721 1929 philosophia:
1737 1895 1767 1922 et
1787 1893 1948 1930 sapientiai

1113 1940 1190 1968 viam
1206 1939 1407 1968 introducam.
1420 1940 1480 1974 Ego
1493 1946 1562 1967 vero
1577 1938 1694 1967 etiamsi
1704 1938 1791 1967 multi
1805 1938 1950 1970 homines

1114 1984 1305 2012 offendantur
1315 1990 1474 2019 nunquam
1488 1982 1635 2011 dubitabo
1644 1982 1676 2011 id
1686 1982 1771 2020 quod
1780 1991 1891 2013 verum
1903 1987 1952 2014 est

1115 2029 1226 2063 dicere,
1235 2028 1326 2065 idque
1338 2036 1442 2056 rursus
1452 2030 1597 2064 repetam.

1151 2075 1177 2101 9.
1194 2074 1257 2101 Duo
1273 2080 1338 2100 esse
1350 2075 1432 2100 certo
1451 2072 1512 2100 scio
1532 2074 1672 2101 naturam
1685 2074 1715 2101 et
1727 2072 1889 2107 accidens;
1906 2079 1944 2102 ac

1116 2120 1232 2146 naturas
1246 2117 1371 2153 quidem
1384 2125 1461 2154 opus
1475 2116 1655 2154 praeclarum
1668 2119 1722 2151 est,
1739 2120 1770 2146 at
1783 2117 1947 2148 accidentis

1117 2170 1152 2190 ex
1167 2161 1382 2198 temperatione
1397 2162 1521 2190 exsistit.
1532 2162 1721 2198 Temperatio
1734 2167 1808 2191 Vero
1819 2165 1886 2192 tum
1895 2163 1951 2193 bo-

1115 2214 1190 2234 num
1205 2209 1268 2234 tum
1284 2207 1375 2234 etiam
1398 2206 1513 2235 malum
1538 2207 1689 2243 suscipere
1712 2209 1824 2243 potest,
1846 2209 1952 2244 potest

1116 2259 1238 2288 quoque
1251 2251 1400 2280 accidens.
1417 2252 1452 2279 Ut
1466 2251 1588 2280 similes
1603 2259 1673 2279 cum
1689 2251 1793 2288 aliquo
1805 2260 1950 2282 commu-

1116 2297 1238 2325 nionem
1248 2296 1338 2329 ineat,
1345 2295 1508 2332 hocipsum
1515 2297 1559 2325 est
1565 2296 1743 2333 temperatio
1755 2303 1764 2331 ;
1778 2296 1806 2326 si
1819 2297 1949 2334 quidem

1115 2341 1205 2377 igitur
1219 2340 1300 2370 bono
1314 2348 1345 2369 se
1351 2340 1508 2377 adjungat,
1523 2345 1646 2377 propter
1652 2342 1747 2370 artem
1759 2343 1790 2370 et
1799 2343 1949 2372 naturam

1115 2385 1287 2422 temperatio
1293 2385 1404 2414 bonum
1413 2385 1595 2422 suscipit;sin
1602 2385 1673 2414 boni
1679 2385 1948 2423 particepsoxurte

1115 2438 1177 2459 non
1183 2433 1238 2465 est,
1245 2437 1281 2458 ex
1287 2432 1470 2459 naturavero
1476 2432 1574 2466 potest
1581 2430 1948 2464 esse,hocestsiabsolute

1115 2476 1161 2503 est
1172 2474 1203 2503 id
1216 2475 1300 2512 quod
1314 2477 1369 2509 est,
1383 2474 1535 2511 ejusmodi
1547 2474 1723 2511 temperatio
1737 2474 1858 2505 bonum
1876 2484 1950 2506 sus-

1115 2520 1214 2556 cipere
1228 2521 1336 2556 potest.
1351 2520 1401 2548 Sin
1416 2528 1453 2548 ex
1465 2520 1575 2548 natura
1589 2521 1618 2548 et
1630 2522 1737 2551 exarte
1752 2520 1950 2557 improb“.

1115 2574 1183 2593 mus
1196 2567 1241 2593 est
1250 2565 1367 2602 aliquis,
1382 2565 1448 2602 ejus
1460 2564 1637 2601 temperatio
1663 2564 1780 2594 malum
1801 2567 1952 2605 suscepit.

1115 2610 1211 2643 Quare
1225 2610 1402 2647 temperatio
1416 2617 1485 2646 quin
1500 2609 1618 2638 bonum
1633 2612 1662 2638 et
1673 2617 1736 2638 non
1748 2609 1868 2641 bonum
1881 2619 1952 2639 sns-

1114 2655 1213 2692 cipere
1228 2657 1334 2692 potest.
1343 2654 1458 2683 malum
1464 2660 1588 2692 quoque
1600 2657 1699 2692 potest
1705 2654 1872 2692 suscipere.
1881 2656 1953 2690 Quo

1114 2704 1204 2738 pacto
1217 2701 1307 2737 igitur
1321 2701 1499 2738 temperatio
1513 2703 1557 2729 est
1572 2700 1604 2728 in
1618 2703 1728 2730 natura
1751 2703 1781 2730 et
1801 2708 1867 2738 quo
1894 2708 1957 2738 pa-

1115 2749 1163 2775 cto
1178 2749 1286 2775 natura
1293 2746 1372 2775 estin
1383 2744 1599 2783 temperatione
1614 2746 1746 2783 'INempe
1758 2753 1830 2775 cum
1844 2745 1953 2776 amba

1116 2787 1244 2821 simulln
1250 2791 1358 2822 eodem
1363 2793 1523 2829 aequantur
1530 2797 1614 2827 tuam
1625 2790 1776 2822 bonicum
1781 2790 1867 2823 bono
1876 2798 1952 2822 com

263 2845 306 2885 (t)
323 2847 396 2878 Vide
414 2849 560 2881 Thomam
572 2851 615 2881 De
629 2855 696 2881 eme
710 2853 739 2882 et
751 2852 934 2883 Averrhoem
949 2852 981 2884 in
995 2854 1219 2892 Metaphysicz's.
