4130 6396
267 332 409 392 1393

1153 328 1512 388 THEODOBI
1549 333 1596 388 Π
1632 333 1772 389 ΙΜΡ.
1815 332 1907 388 DE
1947 330 2406 390 COMMUNIONE
2443 333 2816 392 NATURALI.

3564 341 3704 400 1394

293 458 470 530 φύσις,
516 453 668 509 καὶὶν
717 455 881 530 τάύτῃ
933 461 994 529 τῇ
1057 473 1210 529 φυσει
1260 459 1350 510 καὶ
1401 462 1588 533 κρᾶσις
1646 435 1903 516 κατάλληο
1960 460 2006 514 Α
2064 475 2150 529 τη,
2198 458 2282 509 ἵνα
2305 457 2366 520 ὃς
2413 457 2508 511 ούκ
2547 461 2660 532 ἔχει
2705 459 2821 514 κατ’
2872 455 3072 514 εὖθεῖαν
3126 462 3220 519 τὴν
3277 461 3542 535 σύμπηξιν
3586 483 3676 522 και

291 545 380 609 λος
407 544 738 604 καταλλήλων
768 549 858 600 καὶ
901 547 962 598 16
1019 546 1150 618 ὁμοῦ
1207 549 1451 618 φυσικὸν,
1503 549 1584 610 τίς
1634 542 1694 600 δὲ
1745 548 1902 608 κακὸς

292 643 438 708 κακῷ
457 643 707 701 κοινωνεῖ,
735 641 926 710 κρᾶσις
984 643 1133 708 γοῦν,
1170 633 1276 687 ἀλλ’
1313 635 1372 688 ού
1420 637 1574 709 φύσις
1622 634 1782 706 ἔστὶν,
1840 635 1899 688 ού

291 724 424 799 λέγω
454 722 514 779 δὲ
542 725 624 778 ὅτι
645 722 755 779 ἐστὶ
783 729 873 778 καὶ
901 729 1025 798 τιμή
1086 732 1184 788 τῆς
1242 727 1467 798 φύσεως,
1522 723 1652 778 ἀλλὰ
1700 727 1900 799 φύσεως

293 817 384 890 μεν
413 819 504 868 καὶ
532 817 599 869 τὰ
626 815 876 887 κάκιστα,
909 813 1312 887 πλημμελούσης
1370 811 1429 869 δε
1466 833 1526 887 γε
1573 818 1604 876 ἦ
1674 813 1901 890 ἀπορού-

298 907 557 971 σης,ί’νθα
611 909 701 958 καί
751 907 810 958 16
861 902 1187 978 συμϐεϐηκὸς
1240 911 1530 979 προχωρεῖ·
1589 907 1746 978 φύσις
1796 907 1900 980 γὰρ

293 999 384 1048 καὶ
439 994 716 1068 φιλόσοφος
769 992 1184 1066 ἐπιτυγχάνουσι
1233 1002 1333 1046 τῶν
1402 993 1602 1047 οἰκειων
1695 1002 1901 1048 σκοπῶν

293 1091 395 1137 τῶν
440 1083 594 1138 τελῶν
642 1085 776 1136 κατὰ
819 1083 878 1136 τό
931 1082 1142 1156 μᾶλλον,
1204 1081 1480 1156 συμϐαίνει
1557 1079 1618 1137 6'1
1700 1081 1901 1156 συμϐε-

296 1171 482 1232 ϐηκότι
529 1176 587 1226 16
612 1179 909 1250 χρήσιμον,
940 1173 1000 1226 ού
1047 1177 1150 1246 μήν
1204 1169 1273 1233 δὴ
1320 1175 1379 1226 τό
1442 1171 1745 1246 ἀναγκαῖον,
1795 1169 1902 1227 οἷον

293 1262 468 1336 ὥσπερ
521 1262 668 1317 λίθου
724 1264 1000 1336 τμηθέντος
1061 1267 1152 1316 καὶ
1203 1264 1272 1325 ὡς
1364 1265 1524 1335 ἔτυχε
1599 1265 1900 1337 φερομένου,

294 1349 406 1407 εἶτα
435 1354 650 1413 στάντος
690 1351 746 1416 ἕξ
789 1351 1084 1426 ἀνωμαλίας
1128 1357 1312 1420 τόπου,
1366 1352 1395 1412 ἦ
1451 1353 1533 1405 ὅτι
1587 1360 1684 1413 τῆς
1741 1357 1900 1426 φορᾶς

293 1443 572 1503 σταθείσης
597 1448 694 1503 τῆς
729 1443 979 1504 κινούσης
1031 1440 1209 1506 αύτόν,
1270 1440 1342 1503 εἰς
1400 1437 1664 1514 καθέδραν
1712 1439 1900 1500 ἑπιτη-

294 1528 439 1586 δείου
481 1550 532 1585 τε
565 1549 859 1604 γεγονοτος,
897 1530 993 1584 οὐκ
1030 1531 1136 1605 ἄρα
1171 1533 1374 1604 φύσεως
1439 1537 1596 1584 τοῦτο
1663 1528 1803 1583 ἐστιν
1865 1531 1896 1592 ἦ

291 1619 594 1694 ἀναγκαῖον,
621 1619 752 1674 ἀλλὰ
814 1617 1197 1693 συμϐεϐηκότος
1257 1623 1348 1673 καὶ
1400 1625 1698 1692 χρήσιμον,
1763 1620 1901 1673 ὥστε

291 1710 534 1786 ὁρίζομεν
585 1717 838 1783 φυσικῶς,
893 1711 961 1762 τὰ
1002 1717 1100 1773 τῆς
1137 1711 1342 1782 φύσεως
1397 1714 1670 1778 ποιήματα
1734 1708 1902 1763 οἰκεῖα

293 1804 381 1854 καὶ
402 1797 598 1872 ἀγαθὰ,
622 1801 688 1852 161
713 1796 772 1852 6'1
818 1800 1056 1873 κράσεως
1107 1818 1163 1853 τε
1215 1804 1304 1853 καὶ
1359 1797 1768 1872 συμϐεϐηκότος,
1835 1801 1900 1861 ὡς

292 1891 384 1962 μεν
412 1891 478 1950 ὡς
502 1883 662 1956 δὀὔ,
708 1889 954 1960 τιθεμεθα
997 1893 1085 1941 καὶ
1130 1889 1326 1947 ταύτην
1386 1884 1545 1952 δοξαν
1599 1888 1682 1941 ὅτι
1727 1888 1902 1942 πάντα

293 1985 390 2041 τῆς
417 1979 622 2052 φύσεως
657 1975 753 2030 κᾶν
778 1982 998 2051 κρείττω
1021 1976 1116 2030 κᾶν
1146 1981 1334 2053 χείρω.
1371 1978 1592 2052 Εἴρηται
1614 1973 1648 2030 δ
1653 1978 1676 2030 '1
1703 1976 1786 2030 ὅτι
1833 1978 1901 2031 τὰ

294 2070 384 2142 μεν
413 2068 637 2134 ἄτακτα,
666 2065 987 2129 ἀσθενούσης
1014 2067 1044 2127 ἦ
1087 2066 1518 2140 πλημμελούσης,
1577 2068 1645 2120 τὰ
1702 2063 1738 2120 δ
1761 2064 1900 2138 ἁγα-

297 2159 366 2211 θὰ
413 2158 752 2230 ὑγιαινούσης
790 2175 846 2210 τε
895 2162 986 2210 καί
1036 2156 1306 2219 ἁλήθινῆςο
1357 2165 1540 2211 τοῦτον
1614 2162 1742 2228 γοῦν
1812 2157 1899 2210 τὸν

296 2250 482 2322 τρόπον
513 2249 667 2320 φύσις
699 2242 893 2300 ἰδοῦσα
914 2250 1001 2299 καὶ
1027 2248 1106 2300 611
1137 2250 1352 2323 τρεπτόν
1410 2245 1524 2300 ἐστι
1580 2248 1639 2300 16
1699 2246 1900 2309 ταύτης

295 2335 396 2390 ἀπὸ
429 2343 562 2390 Θεοῦ
593 2332 992 2411 δημιούργημα,
1024 2339 1082 2390 16
1117 2339 1274 2410 σοφόν
1324 2332 1391 2396 δή
1441 2335 1573 2408 λέγω
1630 2335 1760 2398 ζῶον
1809 2337 1898 2388 τὸν

292 2426 581 2502 ἄνθρωπον,
637 2430 729 2478 καὶ
785 2426 864 2478 ὅτι
915 2430 1004 2481 καὶ
1075 2425 1207 2485 αύτή
1291 2424 1654 2498 ἀποτυγχάνει
1723 2432 1897 2492 τινῶν,

292 2515 578 2588 ἐπεμελήθη
619 2515 761 2568 τοῦτ’
809 2513 973 2577 αὐτῆς
1025 2522 1250 2590 καρποῦ,
1304 2514 1589 2573 καλλίστην
1637 2517 1728 2567 καὶ
1783 2511 1898 2586 ἀρίο

295 2623 426 2662 στην
465 2601 588 2658 ὁδὸν
644 2605 929 2680 ίξευρούσα
963 2609 1058 2664 τὴν
1097 2608 1415 2678 ἐπιστήμην⁸
1457 2608 1566 2658 ἐπεὶ
1606 2599 1666 2657 6'1
1728 2604 1893 2677 ταύτῃ

293 2699 356 2766 τῇ
399 2695 551 2765 φύσει
590 2698 678 2747 καὶ
716 2700 922 2769 κρᾶσις,
983 2690 1140 2748 διεῖλε
1185 2695 1381 2752 ταύτην
1433 2693 1501 2755 εἰς
1546 2695 1753 2766 τέχνας,
1807 2711 1899 2744 και

293 2784 491 2847 ταύτας
521 2782 748 2857 συνῆψεν
804 2783 935 2859 αύτῇ
996 2787 1170 2861 ὥσπερ
1221 2803 1312 2838 και
1361 2784 1451 2846 τὰς
1507 2784 1719 2860 κράσεις
1774 2782 1894 2836 ἰαυ-

273 2961 623 3030 municatio,
658 2960 1009 3035 temperatio
1033 2965 1142 3033 est,
1176 2961 1284 3018 sed
1313 2977 1385 3018 ex
1405 2963 1644 3018 natura.
1693 2961 1760 3016 In
1813 2958 1929 3016 hac

275 3049 454 3122 igitur
476 3051 911 3125 temperatione
943 3055 1032 3109 est
1059 3050 1345 3124 quaedam
1366 3055 1604 3121 natura,
1631 3053 1689 3107 et
1708 3049 1769 3106 in
1814 3048 1932 3105 hac

275 3146 492 3199 natura
519 3147 612 3200 est
644 3141 927 3216 quaedam
951 3142 1322 3214 temperatio.
1353 3139 1760 3212 Ambmigitur
1778 3139 1932 3197 inter

273 3246 401 3288 sese
428 3232 854 3290 consociantur
881 3235 941 3288 et
971 3231 1152 3288 simul
1179 3231 1411 3304 aliquid
1444 3229 1718 3288 naturale
1751 3228 1935 3287 conﬂ-

271 3319 441 3378 citur.
482 3323 707 3378 Rursus
758 3321 955 3378 malus
999 3337 1140 3378 cum
1192 3320 1356 3377 malo
1386 3320 1784 3377 consociatur.
1835 3321 1935 3376 Est

269 3409 450 3481 igitur
473 3410 850 3482 temperatio,
878 3409 987 3466 sed
1013 3425 1139 3467 non
1161 3414 1397 3468 natura.
1413 3409 1542 3466 Non
1554 3409 1691 3466 dico
1703 3406 1935 3481 aliquid

267 3515 403 3558 esse
433 3500 603 3573 quod
625 3515 749 3557 non
773 3500 847 3556 sit
872 3504 1100 3556 naturae
1130 3517 1144 3556 :
1172 3503 1386 3557 namet
1401 3499 1934 3572 pessimaquaeque

267 3594 408 3647 sunt
433 3595 662 3648 natura:
690 3590 960 3664 quidem,
993 3589 1100 3646 sed
1120 3589 1495 3647 abundantia
1541 3593 1645 3646 aut
1696 3587 1934 3646 defectu

264 3679 614 3737 laborantis.
641 3685 834 3754 Atque
859 3683 1002 3736 tunc
1023 3679 1303 3736 accidens
1323 3678 1515 3737 locum
1533 3678 1718 3739 habet
1749 3696 1763 3748 ;
1786 3692 1933 3735 nam

268 3774 488 3826 natura
513 3773 570 3826 et
588 3769 984 3843 philosophus
1017 3785 1274 3842 scopum
1299 3767 1414 3824 sibi
1445 3766 1816 3842 propositum
1844 3771 1932 3824 at-

270 3859 700 3933 tinguntidque
714 3858 1063 3931 plurimum.
1081 3857 1382 3927 Contingit
1393 3861 1586 3914 autem
1601 3855 1932 3932 aliquando

277 3951 342 4005 ut
366 3949 567 4023 ipsum
593 3947 872 4007 accidens
900 3948 1154 4020 situtile,
1186 3953 1253 4005 ut
1295 3947 1346 4004 si
1380 3963 1599 4004 saxum
1637 3947 1712 4004 sit
1782 3946 1934 4004 exci-

278 4054 413 4096 sum
443 4042 498 4095 et
523 4042 745 4096 temere
770 4038 1014 4102 feratur,
1053 4038 1249 4112 sitque
1274 4036 1443 4094 locus
1485 4036 1821 4110 inmqualis,
1879 4039 1939 4095 et

278 4127 332 4185 si
370 4127 576 4200 aliquo
604 4126 790 4184 modo
818 4126 1248 4185 labefactatum
1279 4127 1354 4183 sit
1383 4142 1454 4183 ex
1483 4125 1779 4184 concitato
1804 4141 1937 4182 mo-

277 4221 364 4281 tu,
405 4216 632 4290 ﬁatque
671 4222 814 4291 apta
854 4217 1163 4285 cathedra,
1221 4217 1338 4273 hoc
1383 4231 1506 4274 non
1560 4219 1648 4273 est
1688 4221 1934 4288 naturas,

279 4310 385 4363 aut
402 4306 832 4364 necessarium.
858 4306 982 4375 sed,
1008 4305 1538 4378 accidentis,quod
1565 4309 1767 4362 tamen
1803 4307 1942 4364 utile

2065 545 2125 599 ού
2177 545 2346 609 καλῶς
2400 551 2684 613 πίπηκται,
2748 557 2854 610 τοῖς
2917 557 3014 611 τῆς
3093 546 3335 612 παιδείας
3413 549 3676 625 ἂρήγηται

2068 637 2304 709 θεσμοῖς,
2365 656 2454 690 και
2494 640 2564 702 είς
2614 640 2673 692 16
2743 636 2930 700 ἕντελὶς
2994 637 3231 713 βιοτεύη.
3297 639 3432 693 Ἀλλ’
3486 641 3672 713 οἴμοιε

2064 726 2114 778 οὶ
2145 724 2352 789 πλείους
2388 728 2447 778 1'6
2470 722 2640 800 δῶρον
2693 729 3072 800 μυσάττονται,
3118 729 3168 782 οἱ
3221 724 3274 782 δ’
3317 728 3676 802 ἀγχινούστα-

2064 833 2146 867 τοι
2211 834 2303 868 και
2367 819 2560 890 κυρίως
2617 815 2674 870 ἐκ
2725 819 2926 890 γύσεως
2970 815 3298 879 ἀσπάζονται
3365 818 3530 880 καλῶς
3584 838 3676 876 και

2065 901 2296 975 ἁγαθῶς,
2358 924 2448 957 και
2512 908 2606 964 τὴν
2691 903 2747 958 ἐκ
2815 909 2998 960 τούτου
3052 905 3293 980 ὠφέλειαν
3349 903 3674 965 διαδιδόασι

2066 988 2471 1068 διασπείρουσιν
2503 994 2576 1058 εὶς
2600 998 2716 1056 τοὺς
2747 993 3125 1069 ἀτημελήτους.

2137 1080 2186 1136 ι’.
2227 1087 2456 1155 Λὲγομεν
2475 1090 2602 1156 γοῦν
2630 1080 2726 1138 διὰ
2769 1090 2939 1139 ταῦτα
2980 1086 3148 1139 πάντα
3198 1086 3279 1139 ὅτι
3344 1085 3499 1139 καλόν
3560 1085 3674 1142 ὶστε

2063 1191 2155 1225 και
2205 1170 2596 1245 ὠφελιμώτατον
2653 1181 2910 1228 κοινωνεῖν
2969 1175 3190 1230 ἕκαστον
3229 1183 3328 1229 τῶν
3388 1174 3673 1251 ἀνθρώπων

2064 1260 2365 1334 φιλοσοφίᾳ·
2399 1262 2424 1315 6
2450 1265 2542 1336 μὲν
2571 1265 2674 1338 γὰρ
2725 1260 3031 1326 παιδευθείς
3091 1265 3230 1337 ἔχων
3286 1284 3376 1318 και
3440 1273 3670 1322 κοινωνεὶ

2064 1352 2090 1406 ὁ
2131 1346 2183 1404 δ’
2210 1349 2290 1418 ού,
2328 1350 2423 1404 κᾶν
2455 1357 2762 1406 κοινωνείτω
2802 1360 3002 1427 σοφοῖς,
3038 1354 3103 1406 ἶν’
3135 1353 3323 1408 ἐκεῖθεν
3381 1356 3480 1429 ἔχῃ
3537 1354 3674 1428 ὠφέ-

2061 1438 2222 1494 λειανο
2256 1443 2456 1514 εἴρηται
2481 1443 2584 1514 γὰρ
2635 1443 2716 1495 ὃτι
2781 1449 2952 1516 Σοφῶν
3022 1444 3180 1518 θύρας
3236 1441 3458 1517 ἔκτριϐε,
3511 1443 3675 1498 πλου-

2065 1533 2192 1586 σίων
2220 1525 2280 1582 δε
2305 1529 2386 1597 ού,
2409 1533 2514 1585 νόει
2558 1527 2618 1584 6‘1
2666 1532 2823 1606 θύρας
2878 1533 2947 1586 τὰ
2999 1532 3182 1605 χείλη,
3238 1552 3328 1586 και
3375 1533 3455 1587 ὄτι
3504 1542 3674 1606 σοφῶν

2065 1614 2148 1672 ἶνα
2172 1620 2238 1671 τὰ
2262 1617 2451 1692 ἀρετῆς
2482 1617 2678 1692 ἀκούῃς
2724 1624 2894 1693 λόγια,
2934 1622 3089 1675 οἶτινα
3147 1619 3419 1694 βελτιούσι
3461 1620 3672 1695 ψυχήν,

2060 1710 2120 1762 τό
2167 1707 2429 1763 πλουσίων
2475 1705 2535 1764 δὲ
2587 1709 2668 1776 ού,
2719 1708 2806 1764 ἳνα
2866 1714 2938 1784 μή
3004 1708 3183 1765 διόλου
3226 1715 3346 1788 περί
3392 1719 3482 1773 τῆς
3545 1711 3673 1776 ὕλης

2061 1795 2254 1851 ἐκείνου
2299 1798 2550 1870 λέγοντος,
2609 1801 2889 1873 καταχθῆς
2918 1801 3018 1855 ύπό
3057 1809 3157 1874 γῆν
3217 1820 3309 1854 και
3384 1799 3675 1874 βελτιῶσης

2060 1889 2150 1961 μὲν
2176 1885 2322 1956 ὓλην,
2354 1885 2624 1960 ἀτιμάσῃς
2643 1885 2704 1944 δέ
2762 1908 2822 1962 γε
2878 1892 2938 1943 16
2994 1893 3188 1966 νοερὸν.
3243 1896 3350 1958 Δεῖ,
3407 1886 3490 1944 δεῖ
3544 1897 3674 1962 γοῦν

2061 1997 2152 2031 και
2175 1977 2470 2051 φιλοσοφεῖν
2526 1998 2617 2032 και
2663 1987 2920 2035 κοινωνεῖν
2978 1979 3306 2054 φιλοσόφοις,
3351 1985 3434 2032 ῖνα
3478 1999 3570 2034 και
3611 1984 3672 2034 τό

2061 2069 2227 2122 Γνῶθι
2273 2070 2462 2122 σαυτὸν
2522 2067 2745 2142 ἔχωμεν,
2832 2088 2922 2122 και
3007 2069 3194 2145 ἀρετήν
3255 2071 3520 2143 κτώμεθα,
3582 2089 3675 2126 και

2059 2157 2267 2211 πάντων
2315 2157 2566 2232 ἡγώμεθα
2604 2178 2694 2211 και
2730 2161 2800 2221 ὡς
2839 2158 3064 2233 ἑπόμενα
3090 2162 3313 2233 ἔχωμεν·
3371 2163 3532 2233 σοφίᾳ
3567 2162 3670 2234 γὰρ

2061 2265 2155 2299 και
2199 2249 2332 2310 Θεὸς
2381 2245 2434 2310 ἐξ
2481 2246 2577 2301 ούκ
2627 2250 2772 2310 ὄντος
2807 2252 2867 2302 1'6
2897 2255 3000 2302 πᾶν
3037 2248 3292 2321 συμπήξει
3337 2289 3460 2306 ....
3529 2248 3674 2317 ἔταξε

2061 2355 2155 2390 και
2187 2341 2345 2410 σοφίᾳ
2370 2344 2521 2405 κινεῖ,
2547 2357 2638 2391 και
2665 2337 2813 2392 λύσει
2839 2359 2928 2392 και
2962 2337 3236 2393 ἀλλοιώσει
3295 2345 3444 2394 τοῦτο
3499 2358 3673 2412 119111-

2060 2444 2217 2488 τονως
2275 2431 2434 2500 σοφίᾳ
2493 2428 2576 2482 ὅτι
2631 2447 2723 2481 και
2765 2426 3033 2502 βούλεται,
3079 2435 3258 2484 Ταῦτα
3301 2431 3392 2502 μὶν
3445 2424 3532 2482 οὖν
3583 2448 3674 2484 και

2061 2515 2214 2588 ἡμεῖς
2256 2535 2347 2568 και
2391 2519 2458 2570 τὰ
2499 2516 2658 2570 πλείω
2718 2519 2914 2571 τούτων
2965 2537 3057 2572 και
3102 2520 3275 2572 πάντα
3321 2515 3418 2572 διὰ
3491 2521 3675 2592 σοφίας

2057 2605 2370 2678 πεπράχθαι
2427 2609 2486 2660 16
2543 2612 2693 2661 Θεῖον
2742 2612 3040 2677 νοήσαντες,
3089 2628 3180 2662 και
3224 2608 3320 2661 ούκ
3381 2607 3548 2671 illo);
3613 2611 3674 2662 τό

2059 2690 2255 2766 ἀγαθόν
2286 2697 2336 2749 1'11
2362 2700 2470 2756 τοῖς
2493 2701 2616 2749 οὖσι
2653 2691 3012 2770 διακρίναντες
3055 2703 3206 2765 εῖναι,
3246 2696 3278 2757 ἦ
3337 2691 3429 2749 διὰ
3487 2699 3673 2768 σοφίας

2057 2801 2151 2837 και
2202 2786 2516 2859 ἐπιστήμης,
2601 2783 2760 2848 αύτὰς
2841 2786 3222 2859 ἠγαπήσαμεν,
3302 2782 3672 2858 ἀγαπήσαντες

2039 2960 2527 3033 temperationes,
2552 2977 2626 3019 ex
2647 2960 2862 3020 eadem
2882 2962 3114 3020 ratione
3131 2963 3445 3021 scientiam
3461 2961 3521 3020 in
3540 2966 3700 3020 artes

2040 3047 2365 3120 distribuit,
2413 3055 2692 3124 artesque
2729 3067 2871 3108 cum
2914 3052 3162 3110 scientia
3208 3051 3478 3126 perinde,
3517 3055 3700 3125 atque

2041 3139 2501 3212 temperationes
2523 3156 2729 3198 secum
2751 3141 3142 3201 consociavit.
3161 3145 3230 3200 Ut
3257 3143 3420 3216 quod
3446 3157 3568 3198 non
3587 3141 3700 3198 ha-

2041 3226 2227 3296 beret,
2259 3229 2543 3302 quamvis
2572 3229 2632 3287 ia
2651 3235 2813 3288 recta
2833 3231 3352 3302 coagmentatione
3377 3230 3698 3297 habentur,

2043 3333 2150 3374 seu
2171 3318 2370 3390 potius
2391 3320 2559 3393 quod
2574 3336 2696 3377 non
2711 3327 2868 3378 recte
2891 3326 3382 3393 coagmentatum
3413 3325 3590 3388 esset,
3616 3320 3705 3377 in-

2043 3407 2258 3464 stitutis
2283 3407 2635 3466 eruditionis
2665 3415 3162 3484 compensaretur
3178 3411 3256 3468 ad
3277 3410 3534 3484 perfecte
3562 3409 3704 3467 bea-

2044 3499 2220 3570 teque
2243 3497 2592 3555 vivendum.
2624 3500 2738 3557 Sed
2769 3499 2923 3572 proh
2947 3499 3121 3556 dolor
3143 3499 3156 3557 l
3189 3499 3458 3573 plerique
3478 3498 3703 3556 donum

2041 3587 2158 3642 hoc
2185 3585 2699 3660 abominantur,et
2722 3589 2825 3661 qui
2856 3589 3100 3658 ingenio
3128 3587 3371 3663 reliquis
3383 3587 3699 3660 excellunt,

2039 3673 2274 3732 bonum
2321 3675 2438 3733 hoc
2484 3677 2928 3752 amplectuntur
2969 3677 3216 3751 quidem
3260 3681 3327 3735 ut
3364 3677 3556 3746 decet,
3597 3677 3704 3734 sed

2041 3764 2188 3823 tanti
2217 3765 2362 3822 boni
2392 3765 2653 3824 fructum
2688 3767 3142 3826 communicant
3165 3783 3306 3826 cum
3341 3766 3572 3838 ignavis
3599 3766 3705 3825 ho-

2042 3853 2332 3912 minibus.

2115 3944 2376 4001 Dicimus
2396 3945 2575 4018 igitur
2602 3950 2660 4004 et
2678 3962 2751 4004 ex
2781 3946 2893 4003 illis
2912 3946 3201 4006 omnibus
3239 3962 3378 4021 quas
3419 3945 3706 4015 diximus,

2043 4032 2382 4107 colligimus
2402 4035 2761 4109 praeclarum
2781 4051 2914 4093 esse
2944 4040 3002 4094 et
3019 4035 3178 4105 utile,
3202 4037 3253 4093 si
3285 4035 3706 4110 unusquisque

2043 4123 2362 4180 hominum
2396 4125 2793 4198 philosophias
2817 4125 2891 4183 sit
2913 4127 3236 4200 particeps;
3268 4141 3413 4182 nam
3437 4125 3542 4199 qui
3571 4141 3708 4182 eru-

2048 4212 2208 4270 ditus
2221 4217 2325 4276 est.
2350 4218 2408 4270 et
2428 4215 2676 4272 scientia
2691 4214 3152 4288 prasditus,cum
3183 4214 3315 4273 aliis
3343 4215 3576 4272 bonum
3592 4214 3711 4271 hoc

2052 4303 2466 4362 communicat
2497 4321 2510 4372 ;
2537 4304 2643 4376 qui
2665 4320 2803 4361 vero
2829 4304 3086 4362 scientiae
3117 4309 3208 4362 est
3232 4321 3467 4378 expers,
3493 4304 3711 4376 abjun~

279 4401 396 4454 est.
423 4398 617 4464 Quare
633 4401 860 4455 naturae
876 4370 1063 4470 opera
1077 4370 1943 4466 naturaliterdeﬁnimusmem-
1972 4370 2019 4428 D
2055 4398 2158 4466 gat
2178 4409 2240 4449 se
2269 4370 2642 4467 sapientibus
2670 4412 2688 4466 ;
2723 4409 2866 4450 nam
2893 4393 3034 4451 inde
3064 4370 3433 4468 magnopere
3454 4370 3712 4468 quilibet

279 4501 357 4560 pe
386 4502 523 4562 qum
555 4502 590 4543 a
615 4490 832 4543 natura
859 4486 1126 4560 profecta
1155 4490 1296 4543 sunt
1323 4485 1512 4543 bona.
1544 4489 1616 4543 At
1644 4490 1942 4561 tempera-

280 4575 460 4634 tionis
483 4579 540 4632 et
559 4575 884 4632 accidentis
905 4591 1090 4649 opera
1110 4576 1332 4649 partim
1350 4579 1490 4632 sunt
1513 4575 1699 4644 bona,
1723 4575 1943 4649 partim

282 4680 407 4724 non
437 4669 592 4723 sunt.
620 4664 946 4722 Statuimus
968 4681 1215 4740 quoque
1243 4663 1448 4722 omnia
1474 4680 1605 4722 esse
1623 4669 1853 4723 natura;
1872 4664 1944 4722 si-

282 4770 353 4812 ve
379 4755 797 4828 prmstantiora
825 4755 948 4811 sive
992 4753 1110 4811 sint
1141 4753 1378 4812 viliora.
1429 4753 1697 4811 Diximus
1739 4759 1944 4812 autem

283 4843 386 4902 illa
404 4861 540 4920 quas
563 4848 775 4918 prater
809 4843 1086 4902 ordinem
1103 4843 1416 4911 exsistunt,
1440 4848 1672 4900 naturas
1695 4843 1944 4918 quidem

283 4948 436 5002 esse,
457 4933 564 4990 sed
583 4933 912 4991 deﬁcientis
927 4936 1032 4992 aut
1051 4931 1442 4999 abundantis,
1465 4931 1632 4990 bona
1650 4949 1791 4992 vero
1815 4948 1945 4990 esse

284 5027 516 5082 naturae
530 5024 781 5081 valentis
801 5028 859 5081 et
879 5023 1148 5082 sincerae.
1181 5022 1330 5078 Cum
1351 5021 1530 5093 igitur
1549 5026 1767 5080 natura
1787 5022 1946 5080 hanc

285 5113 583 5170 rationem
615 5113 791 5186 quasi
832 5111 1163 5186 perciperet
1206 5110 1555 5185 videretque
1598 5127 1752 5184 opus
1797 5110 1948 5168 illud

290 5219 470 5261 suum
507 5204 1096 5276 praestantissimum,
1129 5201 1295 5276 quod
1321 5217 1358 5259 a
1391 5201 1514 5258 Deo
1561 5201 1762 5266 habet,
1817 5217 1948 5260 esse

288 5290 548 5350 flexibile
595 5298 654 5351 et
693 5292 990 5362 versatile,
1042 5291 1308 5362 intelligo
1351 5291 1593 5365 sapiens
1629 5291 1778 5348 illud
1825 5291 1950 5349 ani-

287 5381 431 5454 mal,
455 5397 675 5456 nempe
702 5383 1032 5449 hominem,
1069 5382 1429 5455 sentiretque
1459 5397 1522 5438 se
1554 5397 1733 5438 suum
1763 5381 1950 5439 tinem

291 5487 536 5546 semper
556 5489 678 5529 non
700 5472 1005 5545 consequi,
1028 5471 1313 5528 nimirum
1332 5471 1422 5527 sui
1443 5469 1597 5528 fetus
1618 5487 1827 5528 curam
1848 5487 1950 5544 ge-

289 5560 924 5634 rens,pulcherrimam
939 5565 997 5618 et
1012 5561 1306 5634 optimam
1325 5559 1510 5628 viam,
1526 5559 1837 5620 scientiam
1855 5576 1952 5618 ex-

292 5649 595 5722 cogitavit;
664 5649 964 5720 Quoniam
999 5653 1204 5709 autem
1242 5647 1305 5706 in
1342 5652 1562 5708 natura
1595 5652 1736 5707 sunt
1769 5649 1952 5707 etiam

2047 4483 2246 4558 juvari
2269 4487 2484 4558 potest.
2517 4485 2580 4540 Et
2601 4484 2842 4554 sapiens
2868 4483 3201 4557 quemlibet
3240 4484 3511 4541 hortatur
3551 4485 3712 4541 hunc

2052 4577 2116 4632 in
2147 4576 2422 4630 modum:
2438 4575 2578 4629 Tere
2597 4572 2808 4629 limina
2829 4573 3192 4647 sapientum,
3211 4589 3334 4631 non
3351 4572 3716 4641 divitum,in—

2053 4663 2250 4735 tellige
2269 4662 2501 4733 limina,
2535 4662 2699 4720 labia
2719 4663 3080 4737 sapientum,
3116 4669 3182 4721 ut
3209 4663 3489 4722 institutis
3529 4663 3716 4720 virtu-

2053 4755 2129 4814 tis
2153 4753 2450 4824 abundcs,
2489 4769 2629 4827 quae
2660 4754 2934 4811 animum
2964 4753 3276 4812 meliorem
3305 4753 3567 4811 reddunt
3599 4771 3618 4823 ;
3657 4755 3720 4811 at

2054 4844 2311 4903 divitum
2338 4842 2549 4900 limina
2594 4848 2780 4900 terere
2824 4843 2966 4912 noli,
3015 4860 3092 4901 ne
3134 4844 3284 4902 forte
3327 4843 3574 4900 divitem
3603 4858 3718 4900 au-

2054 4935 2190 4993 dias
2231 4935 2309 4992 de
2363 4932 2548 4990 rebus
2585 4932 2914 4990 materiatis
2970 4938 3270 5004 agentem,
3346 4937 3528 5006 atque
3600 4932 3718 4988 hoc

2056 5023 2246 5082 modo
2277 5021 2392 5079 sub
2423 5027 2640 5080 terram
2667 5021 3026 5093 detrudaris,
3045 5038 3117 5080 ac
3137 5021 3452 5078 materiam
3467 5019 3720 5094 quidem

2057 5111 2366 5170 meliorem
2396 5109 2617 5168 reddas
2665 5114 2724 5168 et
2769 5110 3120 5181 auctiorem,
3176 5107 3532 5183 particulam
3582 5122 3722 5165 vero

2057 5200 2460 5272 intelligentia:
2503 5215 2788 5274 capacem
2851 5199 3146 5258 dedecore
3205 5197 3456 5256 afﬁcias.
3480 5199 3727 5270 Oportet

2056 5291 2239 5362 igitur
2262 5289 2698 5362 philosophari,
2729 5293 2787 5346 et
2816 5305 2956 5346 cum
2977 5287 3355 5363 philosophis
3387 5285 3632 5357 versari,
3659 5288 3728 5342 ut

2058 5379 2206 5438 illud
2221 5380 2409 5437 Nosce
2429 5379 2682 5448 teipsum
2708 5383 3043 5447 teneamus,
3065 5382 3126 5435 et
3163 5377 3378 5435 virtute
3395 5374 3630 5450 praediti
3653 5374 3728 5432 si-

2060 5485 2220 5540 mus,
2245 5473 2312 5527 ut
2334 5470 2513 5526 etiam
2529 5468 2805 5526 omnium
2817 5468 3003 5526 duces
3018 5468 3231 5538 simus,
3268 5482 3501 5541 nosque
3521 5465 3730 5523 omnia

2061 5576 2100 5618 a
2123 5563 2290 5630 tergo
2319 5561 2625 5632 sequatur.
2649 5555 2800 5615 Nam
2843 5557 3138 5630 sapientia
3186 5559 3341 5615 Deus
3379 5559 3572 5614 totum
3611 5554 3729 5611 hoc

2062 5649 2414 5707 universum
2435 5646 2738 5706 constituit
2765 5651 2824 5706 et
2851 5646 3169 5718 ordinavit,
3201 5644 3503 5720 sapientia
3527 5647 3728 5702 movet
