4130 6402
263 337 397 398 1401
1234 335 1398 395 Αυν.
1427 335 1782 396 PLOTINUM
1809 337 1894 396 DE

2000 336 2176 398 ΗΜΛ.
2215 366 2289 389 ι-
2309 340 2650 402 MONITUM.
3493 339 3631 402 1402

258 460 544 519 eumdem
569 461 801 516 exstare
826 457 888 516 in
923 458 1128 518 codice
1156 460 1444 519 Vaticano
1473 477 1534 519 n.
1568 462 1727 530 1374,
1761 461 1864 535 huj
1877 478 2065 536 usque
2091 463 2229 522 libri
2255 464 2485 526 lemma
2506 466 2756 525 meliora
2779 480 2878 525 me
2899 463 3126 532 docuit,
3146 463 3240 522 vel
3268 461 3471 537 potius
3503 464 3633 535 ejus

257 549 558 609 lemmatis
583 548 851 606 eruditus
876 547 1165 623 interpres
1196 551 1593 625 Hieronymus
1637 551 1854 608 Amati.

2002 553 2061 608 Id
2115 554 2200 612 ita
2247 555 2430 615 habet
2476 575 2490 615 :
2545 564 2649 614 Τοῦ
2700 558 2997 631 σοφωτάτου
3037 553 3286 610 ’ἐπισκοπ.
3335 560 3426 608 τοῦ
3483 573 3633 630 καρι-

257 641 430 695 κλείου
461 637 779 702 autem»;
807 641 936 712 πρὸς
969 638 1224 693 Πλωτίνον
1250 661 1302 698 χ.
1333 661 1382 698 τ.
1411 641 1457 698 λ.
1485 644 1616 698 Jam
1645 642 1888 699 Amatiu:

2002 660 2101 700 um
2140 644 2202 702 in
2258 645 2462 704 codice
2516 652 2802 718 agnosset
2842 661 3093 705 manum
3151 643 3442 718 Scipionis
3497 645 3633 700 Car-

261 730 610 793 teromachi,
633 727 894 785 hominis
921 730 1281 803 caeteroquin
1308 731 1521 789 eruditi
1549 730 1748 807 (cujus
1774 732 1968 789 Vitam
2007 732 2276 792 editurus
2303 742 2394 794 est
2419 737 2724 812 Ciampius
2773 736 3077 810 professor
3110 734 3363 792 Pisanus
3411 732 3633 790 additis

259 819 477 878 Amatii
505 817 1077 889 observationibus),
1091 819 1401 891 ingeniose
1421 821 1762 894 suspicatus
1783 826 1871 878 est
1886 822 2044 880 male
2070 826 2397 884 correxisse
2416 843 2576 896 eum,
2597 844 2708 885 nec
2729 827 2944 886 melius
2968 824 3352 900 descripsisse
3369 823 3467 882 illa
3487 824 3632 900 ima.

261 929 318 963 κ.
339 928 388 965 τ.
417 909 466 965 λ.
499 908 585 965 sic
611 907 811 981 potius
834 907 1117 979 legenda,
1151 908 1236 964 ἐπί
1264 917 1357 964 τοῦ
1387 910 1702 968 χανικ).ιίου.
1728 911 1889 968 ldem

2004 931 2012 968 τ
2052 913 2142 970 vir
2167 914 2402 984 doctus,
2446 933 2586 976 cum
2610 917 2787 975 sciret
2815 933 2887 975 ea
2929 897 3216 987 dignitate
3239 914 3476 972 functos
3523 897 3635 969 hos

264 998 611 1059 triumviros
637 1013 650 1055 :
681 998 978 1058 Joannem
1004 997 1312 1072 Scylitzen,
1343 1000 1601 1059 Leonem
1623 1001 1970 1071 Magistrum
1997 1007 2055 1060 et
2077 1005 2370 1064 Joannem
2404 1010 2808 1079 Camaterum,
2838 1005 3016 1064 unius
3041 1004 3137 1062 vel
3167 1003 3404 1062 alterius
3435 1018 3634 1059 eorum

258 1087 375 1146 hoc
403 1087 465 1145 in
494 1087 789 1146 Plotinum
814 1087 1178 1160 opusculum
1205 1105 1334 1146 esse
1357 1095 1741 1163 persuaserat
1771 1091 1904 1160 sibi,
1930 1108 2000 1150 ac
2021 1095 2464 1166 propemodum
2497 1096 2678 1154 etiam
2699 1096 2868 1154 mihi.
2897 1095 3049 1153 Illud
3071 1093 3392 1152 molestum
3419 1090 3529 1148 fuit
3557 1089 3637 1148 ad

261 1177 561 1248 ejusmodi
575 1177 940 1251 paucitatem
952 1178 1271 1236 hominum
1284 1179 1470 1250 redigi
1486 1179 1649 1236 illam
1661 1180 2016 1250 dignitatem
2030 1183 2280 1240 caniclei
2297 1182 3458 1258 praefectorquuocircaampliandum
3471 1179 3635 1249 duxi,

261 1284 333 1326 ac
354 1267 547 1325 sicubi
577 1267 919 1324 evocandus
958 1273 1084 1326 erat
1105 1269 1252 1326 mihi
1267 1269 1363 1326 ille
1383 1269 1596 1328 Plotini
1626 1270 2430 1349 adversarius,Anonymum
2465 1274 2732 1342 evocavi,
2767 1273 3256 1346 circumspiciens
3281 1271 3527 1337 interea,
3559 1283 3638 1326 an

261 1357 412 1416 forte
443 1357 686 1414 aliunde
718 1374 779 1414 se
815 1356 1098 1416 otl‘errent
1120 1358 1269 1415 mihi
1299 1359 1499 1432 plures
1521 1375 1594 1418 ex
1619 1360 1829 1419 ordine
1858 1369 1955 1415 τῶν
1977 1362 2291 1418 κανικ).είων.
2324 1366 2486 1420 Unus
2527 1379 2591 1421 se
2641 1363 2854 1422 obtulit
2883 1363 2942 1421 in
2970 1363 3270 1420 Villoisoni
3295 1359 3635 1426 Anecdott.,

262 1449 409 1504 tom.
426 1445 494 1510 ΙΙ,
511 1461 568 1520 p.
587 1449 676 1508 72,
692 1450 870 1520 atque
886 1446 965 1503 isi
976 1462 1084 1520 pse
1106 1463 1288 1522 quem
1307 1463 1468 1506 nunc
1485 1449 1731 1522 quidem
1746 1451 2348 1524 quaerebamﬁempe
2367 1453 2726 1511 Villoisonus
2750 1453 2976 1510 ibidem
2993 1455 3262 1510 recenset
3277 1447 3636 1525 opusculum

267 1535 489 1593 codicis
527 1535 806 1594 Marciani
834 1535 950 1594 hoc
979 1537 1148 1594 titulo
1180 1537 1417 1609 insigne
1453 1555 1466 1596 :
1495 1539 1580 1593 Ἐκ
1611 1549 1709 1592 τῶν
1733 1540 1898 1594 imm

2007 1563 2012 1587 ι
2044 1549 2134 1595 τοῦ
2159 1541 2242 1596 ἐπί
2269 1550 2363 1596 κοῦ
2395 1543 2685 1597 κανικλείου
2707 1551 2797 1600 τοῦ
2816 1546 3080 1618 Χούμνου,
3111 1557 3307 1616 neque
3339 1538 3491 1597 allus
3531 1537 3638 1594 im-

263 1625 558 1699 pugnavit
586 1625 878 1683 Plotinum
907 1643 921 1693 ;
945 1631 1000 1684 et
1017 1629 1204 1697 plane
1226 1629 1378 1686 idem
1393 1644 1606 1687 nomen
1635 1631 1848 1688 emt-od.
1876 1631 2082 1687 Vat.n.
2109 1632 2206 1687 112
2222 1639 2426 1704 postea
2451 1634 2793 1704 expiscatus
2823 1638 2907 1691 est
2935 1633 3234 1689 Amatius.
3259 1632 3456 1688 Exstat
3477 1627 3636 1685 enim

263 1715 348 1774 ibi
439 1715 801 1790 opusculum
882 1716 1036 1774 alius
1112 1718 1228 1775 hoc
1289 1717 1459 1776 titulo
1495 1736 1507 1775 :
1537 1726 1639 1774 Τοῦ
1697 1740 1894 1793 σοφωτο

2048 1720 2133 1776 ἐπί
2178 1721 2469 1776 τανικλείου
2524 1722 2830 1794 (ascripsit
2890 1737 3112 1779 manus
3157 1718 3429 1779 secunda
3475 1723 3637 1792 κυροῠ

264 1809 566 1881 Νικηφόρον
591 1813 683 1860 τοῦ
709 1807 977 1880 Χούμνου)
1010 1811 1129 1879 πιρί
1155 1806 1308 1880 λόγον
1342 1811 1561 1884 κρίσεως
1599 1828 1688 1862 και
1721 1809 1895 1886 imam

2024 1811 2176 1878 Quid
2205 1812 2427 1885 quaeris
2457 1812 2484 1870 ?
2515 1814 2616 1869 Est
2647 1810 3019 1884 Nicephorus
3061 1810 3394 1874 Chumnus,
3452 1806 3636 1882 idem,

268 1917 297 1946 α
337 1895 445 1969 qui
479 1899 536 1952 et
563 1896 911 1954 Nathanael
938 1895 1132 1954 dictus
1161 1897 1500 1955 monachus
1524 1897 1740 1967 factus,
1773 1899 2088 1972 praefectus
2112 1900 2356 1958 caniclei
2385 1900 2544 1975 (1-2),
2590 1904 2646 1958 et
2672 1917 2872 1958 rerum
2914 1905 3130 1974 potens
3159 1898 3273 1955 sub
3297 1896 3641 1954 Andronico

265 1985 520 2052 seniore,
561 1985 738 2057 cujus
778 1984 903 2044 ﬁlia
930 1987 1094 2044 Irene
1129 1987 1336 2060 nupsit
1364 1987 1578 2046 Joanni
1607 1988 1962 2061 Palmologo,
1995 1989 2100 2064 qui
2120 1989 2338 2047 deinde
2361 1989 2687 2064 imperator
2718 1989 2797 2046 ab
2835 2005 2891 2047 a.
2922 1990 2985 2046 C.
3015 1989 3175 2047 1295.
3220 2010 3247 2039 ››
3281 1987 3346 2044 In
3369 1985 3502 2043 cod.
3536 1988 3644 2042 Re-

267 2075 365 2146 gio
404 2075 585 2132 Paris.
618 2079 674 2133 et
703 2074 1012 2134 Colberteo
1051 2076 1181 2149 ejus
1209 2076 1374 2134 varia
1400 2077 1694 2152 opuscula
1740 2082 1799 2135 et
1839 2078 2068 2154 aliquot
2119 2079 2384 2153 epistolae
2425 2079 2508 2137 sic
2546 2079 2958 2136 inscribuntur
2990 2097 3002 2136 :
3045 2086 3148 2134 Τοῦ
3179 2079 3642 2150 παρακοιμωμένου

267 2172 359 2220 τοῦ
381 2167 645 2238 Χούμνου,
671 2169 730 2221 et
751 2164 971 2221 deinde
996 2173 1088 2220 τοῦ
1111 2165 1566 2231 Φιλιππονπόλεως
1587 2167 1686 2242 (3),
1707 2167 1867 2224 unde
1888 2184 1898 2241 ]

2012 2169 2086 2226 ria
2120 2168 2382 2226 hominis
2413 2174 2816 2240 cognoscitur.
2844 2172 3035 2243 Atque
3057 2184 3129 2224 ex
3159 2167 3305 2240 ipsis
3329 2164 3643 2238 Nicephori

273 2253 503 2327 epistoli
534 2259 610 2310 1s.
645 2253 1047 2312 CAsaubonus
1069 2258 1148 2327 (4)
1182 2255 1380 2326 refert,
1411 2272 1704 2330 apparere
1734 2280 1755 2308 ι
1778 2256 1947 2329 illum
1977 2257 2233 2315 alterum
2263 2257 2448 2314 fuisse
2471 2257 2711 2328 Johum,
2744 2257 2840 2314 cui
2866 2262 2951 2314 tot
2980 2257 3237 2314 adversa
3267 2253 3640 2324 contigerint,

274 2348 338 2400 ut
358 2343 474 2401 dici
512 2344 613 2400 vix
638 2348 838 2418 queat.
865 2367 893 2396 »
934 2344 1090 2401 Idem
1117 2345 1207 2402 vir
1233 2362 1508 2402 summus
1528 2345 1674 2404 ibid.
1698 2346 1986 2420 praedicat
2035 2349 2318 2420 pietatem
2369 2347 2500 2419 ejus
2541 2353 2595 2404 et
2629 2369 2657 2399 α
2701 2347 2956 2417 dignum
3003 2345 3144 2402 dicit
3197 2344 3300 2418 qui
3329 2343 3580 2415 legatur.
3613 2363 3642 2398 ››

272 2433 570 2492 Disertum
609 2434 788 2491 etiam
815 2433 1080 2507 appellat
1108 2435 1368 2505 Cangius
1384 2435 1446 2492 in
1468 2436 1596 2508 ejus
1623 2436 1904 2510 operibus
1931 2437 2246 2507 diligenter
2272 2441 2566 2494 versatus.
2611 2438 2760 2494 Sunt
2786 2441 2989 2494 autem
3038 2436 3181 2494 satis
3229 2433 3438 2504 multa,
3467 2432 3529 2488 in
3549 2432 3644 2488 his

273 2522 606 2580 consolatio
636 2523 713 2580 ad
740 2521 1089 2596 βασίλισσαν,
1112 2523 1173 2580 id
1201 2529 1289 2582 est
1307 2524 1496 2581 ﬁliam
1527 2525 1992 2600 imperatricem,
2023 2526 2097 2582 de
2123 2527 2307 2597 hujus
2359 2525 2645 2583 viduitate
2689 2543 2702 2595 ;
2736 2525 2854 2583 alia
2904 2525 3046 2582 item
3083 2523 3233 2582 varii
3285 2521 3644 2594 argumenti,

275 2629 416 2670 cum
445 2612 630 2669 civilis
657 2618 782 2670 tum
814 2613 891 2669 ad
920 2630 1157 2671 sacram
1181 2615 1654 2672 Christianorum
1698 2615 2079 2690 disciplinam
2111 2616 2480 2688 pertinentis,
2516 2615 2696 2672 etiam
2755 2614 3121 2689 philosopha
3155 2630 3170 2682 ;
3205 2629 3235 2669 e
3261 2629 3385 2686 quo
3430 2626 3646 2681 genere

275 2702 392 2760 hoc
431 2706 519 2758 est
539 2701 829 2760 adversus
859 2703 1175 2760 Plotinum.
1209 2705 1440 2762 Etenim
1480 2721 1602 2762 non
1623 2706 1809 2762 modo
1829 2706 1891 2762 in
1921 2705 2198 2774 catalogo
2229 2705 2502 2763 biblioth.
2530 2707 2674 2775 Reg,
2706 2704 2977 2769 Parisin.,
3008 2702 3114 2760 sed
3135 2703 3315 2760 etiam
3341 2718 3378 2759 a
3409 2698 3646 2758 Labbeo

272 2792 461 2861 Bibl.,
483 2807 643 2864 nov.,
666 2809 828 2860 mss.,
860 2808 922 2866 p.
947 2798 1073 2863 295,
1103 2793 1203 2851 illa
1228 2794 1468 2868 scriptio
1493 2794 1712 2852 diserte
1742 2794 2021 2852 tribuitur
2047 2794 2188 2852 huic
2226 2794 2562 2866 Nicephoro
2605 2794 2901 2851 Chumno.
2947 2791 3046 2850 ille
3077 2791 3320 2864 quidem
3351 2787 3648 2846 insnotitia

275 2882 500 2939 codicis
531 2899 592 2940 n.
625 2886 767 2941 2104
797 2883 880 2939 sic
905 2883 1088 2941 habet
1121 2903 1133 2940 :
1159 2906 1186 2936 «
1223 2886 1439 2942 Contra
1466 2884 1760 2942 Plotinum
1783 2885 1858 2941 de
1879 2884 2085 2941 anima
2120 2883 2396 2942 rationali
2426 2883 2790 2958 quaestiones
2813 2881 3016 2951 varias,
3051 2881 3156 2939 ubi
3185 2879 3259 2937 de
3282 2883 3648 2952 metempsy-

276 2972 462 3042 chosi,
489 2972 564 3028 de
595 2972 827 3044 belluis,
851 2977 1052 3030 utrum
1077 2973 1372 3031 intellectu
1400 2973 1665 3046 praeditas
1695 2975 1834 3040 sint,
1863 2989 2070 3046 necne,
2095 2974 2169 3030 de
2197 2989 2520 3048 corporum
2547 2973 2983 3032 resurrectione
3015 2975 3073 3029 et
3105 2970 3235 3029 aliis
3260 2969 3589 3026 disseritur.
3616 2987 3646 3019 ››

278 3060 553 3119 Labbeus
576 3065 781 3118 autem
808 3062 917 3119 ita:
939 3084 967 3112 «
1003 3063 1433 3120 Antirrbeticus
1452 3064 1746 3120 adversus
1759 3064 2057 3121 Plotinum
2091 3080 2104 3130 ;
2135 3061 2504 3120 animasnon
2534 3063 2702 3135 prius
2715 3062 3000 3119 exsistere
3015 3076 3204 3134 quam
3231 3059 3596 3132 corpora(5).
3618 3078 3647 3108 »

281 3151 450 3216 Quod
471 3151 520 3207 si
537 3151 716 3222 igitur
736 3151 1091 3208 Fabriciana
1108 3151 1474 3210 Bibliotheca
1495 3169 1634 3210 eum
1657 3169 1836 3210 usum
1852 3156 2184 3226 praestaret,
2201 3169 2382 3228 quem
2405 3151 2666 3210 debebat
2692 3155 3354 3226 prmstare;poteramus
3373 3162 3650 3220 compen-

277 3238 468 3296 diaria
489 3240 586 3296 via
608 3255 679 3296 eo
700 3240 1037 3312 pervenire,
1052 3256 1175 3313 quo
1203 3241 1471 3298 eundum
1486 3246 1612 3298 erat
1635 3257 1744 3315 per
1763 3242 2336 3316 ambages,quoque
2353 3258 2466 3312 ego
2483 3242 2609 3298 sine
2629 3240 2984 3314 hujusmodi
3013 3240 3187 3299 duce.
3212 3237 3455 3312 qualem
3477 3239 3653 3293 Ama-

275 3327 396 3384 tius
429 3344 491 3385 se
513 3329 804 3400 praestitit,
835 3327 1089 3386 fortasse
1119 3345 1436 3403 nunquam
1458 3330 1884 3404 pervenissem.
1921 3331 2034 3388 Sed
2062 3332 2123 3388 in
2153 3331 2254 3389 illa
2282 3331 2668 3399 Bibliotheca,
2707 3335 3042 3403 casteroque
3067 3328 3247 3387 laude
3265 3326 3647 3397 dignissima,

280 3416 427 3473 alias
450 3433 694 3491 quoque
707 3417 990 3474 idoneam
1004 3419 1147 3475 satis
1164 3434 1414 3491 operam
1427 3435 1584 3490 aegre
1600 3419 1934 3478 desideravi
1955 3438 1969 3488 ;
1993 3437 2128 3493 quae
2142 3436 2384 3478 narrare
2397 3420 2648 3490 longum
2662 3425 2766 3476 est.
2787 3422 2953 3476 Nunc
2965 3419 3080 3476 hoc
3095 3434 3285 3475 unum
3309 3417 3498 3474 voluit
3523 3431 3654 3472 mo-

279 3505 494 3574 nitum,
527 3507 830 3564 volumine
868 3508 1079 3578 quinto
1103 3523 1164 3581 p.
1196 3511 1299 3565 688
1319 3508 1472 3565 Harl.
1498 3513 1622 3566 not.
1659 3527 1732 3577 τυ,
1759 3525 1867 3582 pro
1891 3514 2211 3584 Anonymo
2240 3510 2591 3585 ponendum
2611 3525 2742 3567 esse
2759 3525 2984 3567 nomen
3003 3509 3426 3567 Nat/tandem.
3447 3503 3654 3562 Libelli

280 3595 527 3652 virtutes
553 3595 817 3668 vitiaque
841 3611 966 3652 non
1000 3600 1089 3653 est
1107 3595 1275 3670 quod
1291 3613 1547 3669 operose
1573 3613 1923 3671 persequar.
1959 3601 2120 3656 Patet
2139 3599 2270 3672 jam
2299 3598 2642 3672 unicuique,
2677 3604 2733 3656 et
2763 3598 3060 3656 doctiores
3088 3613 3200 3655 nec
3243 3596 3454 3654 moniti
3484 3593 3651 3654 intel-

279 3684 486 3756 ligent.
517 3687 636 3741 Hoc
662 3691 911 3749 certum,
933 3685 1281 3759 philosophi
1301 3690 1499 3760 partes
1526 3687 1609 3743 sic
1640 3687 1782 3745 satis
1808 3687 2084 3746 sustineri
2105 3703 2141 3745 a
2161 3688 2492 3746 Christiano
2515 3687 2780 3755 homine,
2805 3687 2910 3760 qui
2927 3703 3055 3744 rem
3081 3702 3255 3742 suam
3279 3699 3483 3756 gerere
3505 3682 3652 3740 sciat

281 3773 412 3831 sola
425 3774 673 3846 ratione,
695 3774 776 3831 nil
797 3791 942 3830 usus
961 3775 1309 3832 auctoritate
1334 3774 1625 3832 librorum
1649 3792 1979 3834 sacrorum.
2007 3780 2133 3834 Non
2161 3779 2360 3833 minus
2385 3782 2584 3835 autem
2609 3777 2912 3834 Platonem
2938 3776 3124 3848 tangit
3144 3791 3332 3849 quam
3351 3773 3653 3832 Plotinum

281 3863 670 3936 Nicephorus.
698 3863 871 3930 Quod
909 3870 966 3920 et
997 3865 1127 3936 ipse
1153 3864 1418 3920 sensisse
1474 3863 1724 3922 videtur.
1759 3868 1909 3922 Nam
1936 3882 2075 3924 cum
2095 3867 2156 3922 in
2178 3866 2424 3923 exordio
2441 3866 2747 3939 professus
2769 3870 2928 3923 esset
2949 3865 3250 3923 Plotinum
3283 3880 3320 3921 a
3343 3878 3404 3919 se
3433 3861 3572 3936 peti,
3590 3861 3653 3916 in

283 3951 551 4010 clausula
579 3957 779 4009 tamen
801 3952 1000 4025 posuit
1021 3952 1121 4009 illa
1149 3952 1347 4026 εἨμεῖς
1368 3952 1422 4016 ἐξ
1443 3953 1747 4016 ἀντιθέσεως
1766 3962 1914 4008 ταῦτα

2026 3959 2076 4016 ὸς
2101 3954 2351 4008 Πλάτωνα
2374 3960 2463 4009 καὶ
2495 3955 2772 4010 Πλωτῖνον.
2792 3953 3138 4011 Inscribitur
3169 3957 3371 4010 autem
3394 3952 3651 4024 idopus-

281 4041 484 4098 culum
511 4057 651 4098 cum
679 4042 742 4098 in
771 4041 1224 4100 Vindobonensi
1260 4041 1413 4099 libro
1456 4046 1582 4099 tum
1612 4043 1674 4100 in
1716 4045 1995 4102 Vaticano
2053 4045 2416 4114 Ἀντιθετικὸς,
2449 4049 2506 4103 et
2528 4049 2724 4118 potest
2777 4045 2916 4102 huic
2958 4043 3126 4100 titulo
3157 4039 3653 4116 patrocinarihoc

279 4132 484 4203 ipsum
505 4131 673 4204 quod
715 4131 900 4188 modo
929 4147 961 4188 e
986 4131 1168 4188 libelli
1197 4131 1316 4189 ﬁne
1359 4132 1746 4190 excitavimus
1777 4133 1833 4199 ἐξ
1892 4132 2211 4202 ἀντιθέσεως,
2271 4150 2382 4196 nec
2409 4135 2609 4192 minus
2669 4133 2835 4201 illud,
2875 4133 3042 4207 quod
3071 4133 3378 4189 rhetorum
3407 4129 3653 4204 quidem

281 4219 523 4274 ἀντίθετα
545 4227 600 4278 et
623 4219 912 4275 ἁντθετικοὶ
941 4221 1087 4294 λόγοι
1117 4221 1337 4294 saepius
1359 4223 1905 4286 memorantur,lice

2022 4223 3105 4299 >n|eodem,utplurimuin,significatu
3120 4223 3219 4299 (6):
3232 4227 3430 4280 tamen
3449 4236 3522 4277 ex
3537 4220 3653 4276 hoc

280 4327 498 4385 genere
529 4312 901 4384 scriptorum,
934 4311 1158 4384 quibus
1188 4312 1505 4384 aggregari
1535 4312 1715 4370 debet
1742 4313 1837 4369 hic
1877 4313 2225 4382 Nathanael,
2281 4315 2496 4385 magis,
2529 4315 2695 4387 quod
2741 4314 2948 4382 sciam,
2990 4313 3402 4386 frequentatur
3431 4325 3654 4367 nomen

283 4401 679 4478 ἀντιῤῥητικῶν.
713 4402 824 4469 Sic,
853 4406 917 4457 ut
939 4402 1056 4457 hoc
1086 4407 1240 4469 utar,
1277 4401 1524 4476 Josephi
1550 4409 1762 4459 contra
1793 4403 1914 4473 Apf

2020 4421 2083 4460 ’m
2112 4403 2245 4460 libri
2272 4403 2580 4462 codicibus
2607 4403 2833 4477 aliquot
2863 4401 3273 4460 inscribuntur
3295 4398 3651 4476 ἀντιῤῥητικά,

285 4497 343 4549 et
368 4492 602 4549 Eusebii
649 4490 1028 4549 Caesariensis
1066 4490 1215 4548 illud
1258 4507 1412 4564 opus
1473 4491 1762 4550 adversus
1808 4492 2138 4551 Hieroclem
2191 4493 2251 4550 in
2312 4493 2810 4550 membranarum
2859 4495 3027 4566 parte
3081 4489 3393 4548 exhibetur
3443 4490 3558 4548 hoc
3587 4488 3656 4546 ti-

360 4637 496 4716 (02.)
529 4637 681 4716 Inter
700 4632 982 4716 epistolas
998 4634 1228 4704 Georgii
1243 4635 1428 4716 Cypri
1451 4635 1884 4716 suntquaedam
2001 4709 2039 4716 __
2075 4635 2758 4716 (4).ln_§'asat_t_lgonignis.
2787 4650 2850 4716 p.
2875 4639 3010 4716 .21”
3041 4633 3138 4716 ed.
3184 4636 3234 4691 J.
3280 4634 3413 4716 Chr.
3443 4705 3451 4716 ι
3484 4631 3650 4714 Wolf.

291 4703 378 4764 ad
398 4703 802 4776 Nicephorum
846 4703 1206 4772 Chumnuni,
1245 4703 1890 4777 quaestoremfet'rheoc
2000 4703 2212 4763 llamb.
2246 4710 2407 4764 1710.
2438 4707 2629 4764 Mirari
2669 4703 2828 4763 subit
2855 4705 3273 4762 doctissimum
3321 4705 3563 4764 Saxium
3593 4703 3655 4760 in

290 4779 422 4857 dori
447 4777 786 4857 ltduzalonis,
804 4778 1034 4857 ﬂectant
1050 4777 1366 4857 teget/aeta:
1395 4778 1888 4857 successoremin
1999 4779 2382 4857 Onomastico
2397 4778 2485 4857 nil
2505 4793 2841 4857 memorare
2859 4777 3045 4857 hujus
3057 4777 3321 4857 hominis
3340 4781 3396 4857 et
3411 4777 3654 4857 scripto-

291 4845 1089 4921 cod.Ctesar.Vind.67}Vid.
1112 4845 1891 4921 Lambec.Vlll,pag.1069-
1996 4865 2132 4908 rum
2165 4849 2852 4921 varietateethonorum
2884 4845 3278 4921 amplitudine
3312 4848 3457 4902 satis
3489 4845 3652 4902 clari.

291 4865 424 4906 con.
443 4865 658 4907 aesar.
681 4865 946 4929 Vindex.
971 4865 1089 4902 για.
1112 4865 1388 4905 Lambec.
1416 4865 1704 4976 vm,(pag.
1725 4865 1891 4906 1069-
1996 4865 2132 4908 rum
2165 4865 2445 4905 varietate
2475 4865 2532 4904 et
2553 4865 2852 4904 nonorum
2884 4865 3278 4926 amplitudine
3312 4865 3457 4902 saus
3489 4865 3652 4902 Clﬂl‘l.

291 4923 450 5001 1072,
467 4921 610 5001 coll.
643 4920 870 5001 Fabric.
1006 4920 1109 5001 GI:
1150 4922 1260 4989 VII,
1289 4925 1482 5001 p_._675
1508 4936 1565 5001 ‘eA
1604 4963 1614 4975 .
1653 4920 1830 5001 _Harl..
2000 4991 2046 5001 η
2066 4923 2146 5001 (5]
2372 4920 2599 5001 Fabric.
2647 4921 2926 5001 liibL‘gr.
2947 4919 3092 5001 “vol.
3119 4919 3270 5001 ,κει-ι,
3301 4935 3363 4990 p.
3527 4932 3652 4989 seq.

363 4989 614 5073 (ngid:
635 4991 926 5073 Cangium
1028 4989 1391 5073 ‘Glossaallll,
1425 5007 1484 5073 ρ.
1505 4995 1592 5073 30_.
1611 4997 1667 5073 e_t
1683 4991 1888 5073 patriae
1999 4989 2320 5073 Harl._ibiq.
2341 4997 2622 5073 escerpta
2663 4989 2927 5073 Catalogi
2944 4989 3200 5073 Parisini
3219 4991 3286 5072 ll,
3307 4989 3375 5073 ’p‘.
3399 4993 3504 5070 44εὸ
3525 5004 3655 5060 seq.

287 5059 564 5122 notitiam
599 5063 737 5119 hinc
764 5059 920 5118 adde
952 5063 1216 5118 Fabricio
1243 5063 1391 5119 Bibl.
1427 5059 1532 5120 Gr.
1560 5063 1598 5119 l.
1633 5059 1888 5118 lCEtiam
1998 5068 2054 5120 et
2083 5059 2302 5119 Labbei
2340 5064 2499 5119 Bibl.
2521 5059 2674 5120 'nov.
2708 5079 2844 5118 mss.
2873 5059 2911 5118 Ῑ.
2941 5061 2984 5118 l.
3009 5061 3109 5116 His
3147 5059 3500 5132 ipsis'locis
3528 5059 3656 5116 rem

290 5135 439 5192 illud
469 5134 625 5207 adde
654 5133 841 5206 ipsius
871 5133 1059 5188 tilium
1083 5134 1376 5207 Joannem
1413 5134 1754 5190 Chumnum
1781 5150 1889 5189 nec
1997 5133 2232 5207 confici,
2262 5139 2318 5190 et
2357 5135 2755 5207 Nicephorum
2794 5134 2996 5205 hujus.
3033 5147 3234 5207 quem
3277 5132 3654 5207 exhibemus,

289 5207 496 5288 minus.
528 5203 982 5288 claruisse-cum
1002 5205 1366 5288 scriptorum
1424 5207 1648 5288 majore
1701 5221 1884 5288 quam
1995 5205 2130 5261 libri
2157 5211 2459 5288 auctorem
2479 5203 2610 5288 esse
2633 5207 2758 5279 ipse
2779 5203 3024 5288 queque
3047 5203 3312 5262 Amatius
3347 5203 3514 5273 vidit,
3538 5217 3658 5259 me-

235 5341 240 5346 ,
288 5294 400 5352 pro
419 5277 534 5334 illis
562 5276 941 5352 temporibus
965 5275 1282 5352 elegantia,
1312 5283 1436 5332 tum
1472 5275 1888 5352 virtute_'mili-
1995 5293 2115 5352 que
2142 5282 2350 5352 postea
2379 5293 2484 5349 per
2507 5275 2731 5334 litteras
2761 5275 3010 5352 monuit,

289 5345 419 5415 tari,
444 5353 513 5422 ut_
535 5365 630 5422 me
655 5345 856 5422 docuit
884 5348 1044 5422 idem
1076 5347 1487 5422 Amatius,qui
1514 5349 1577 5422 in
1598 5348 1728 5422 cod.
1760 5350 1886 5404 Vat.
2010 5345 2031 5422 ξ
2069 5345 2160 5418 (0)“
2198 5345 2606 5422 Ηυίὶ1.ἰιιρυε
2659 5365 2718 5420 p.
2761 5352 2880 5422 I257
2910 5345 3222 5422 Ruhnken.
3266 5363 3280 5414 ;
3311 5345 3655 5422 Quintilian.

287 5438 348 5478 n.
386 5420 683 5491 112hujus
713 5418 1030 5491 epistolam
1091 5419 1342 5491 offendit
1397 5417 1512 5475 hoc
1546 5419 1711 5476 titulo
1743 5435 1755 5474 :
1785 5426 1890 5473 Τοῦ
1996 5417 2197 5475 Ιηεεὶι.
2237 5426 2393 5476 orat.
2435 5417 2514 5484 ιχ,
2555 5424 2588 5473 2
2622 5417 2712 5487 10,
2756 5434 2819 5491 p.
2859 5421 2961 5473 443
3015 5417 3322 5490 Spalding.
3361 5436 3375 5484 ;
3431 5417 3660 5491 Ernesti

288 5489 870 5573 παρακοιμῴμένοτίτοῡ
898 5493 1138 5572 Χούμενου
1182 5490 1374 5543 ἐκείνου
1413 5499 1575 5574 κῆυροῦ
1625 5491 1889 5573 ςιωάννρυ,

2032 5493 2143 5574 ἐστι’.
2175 5491 2433 5547 teclmol.
2465 5493 2565 5574 Gr:
2602 5489 2827 5574 rhetor.
2854 5504 2915 5574 ρ.
2939 5494 3008 5573 εξ
3028 5489 3663 5574 ,ειυειςιᾳιιξιῐξιξοριῇο

288 5558 415 5638 πρὶς
443 5558 530 5616 τόὖ
566 5558 750 5616 saturat)
779 5565 978 5635 πατέρα
1009 5558 1110 5614 ἶπὶ
1147 5569 1240 5614 τοῦ
1285 5558 1574 5616 κανικ).ἐίου
1617 5558 1887 5630 ἐπιστολὴ,

2026 5565 2503 5638 immensaque
2538 5561 2833 5638 ferantur-
2857 5558 3242 5638 ἆντξῤῥηέυεοίι
3267 5558 3376 5638 ὐέ.
3404 5558 3657 5638 Ῑιὶθέίῐέίῖι

289 5631 374 5690 5+.
403 5636 510 5708 μετ’
539 5634 725 5704 ὀλίγων
750 5635 886 5687 πάνυ
910 5631 1164 5708 ’τρόπαιον
1217 5636 1311 5688 cf”
1374 5641 1488 5705 Θεῷ
1537 5636 1728 5695 ἔστησε
1755 5637 1894 5687 κατὰ

289 5715 390 5762 τῶν
423 5703 724 5782 βαρϐάρωνέ

2031 5631 2581 5702 ΞΙωτὶοἱὶίαΙὶόΓυω,
2609 5633 2691 5692 Cf.
2714 5631 2858 5692 ibid.
2882 5647 2942 5707 p.
2961 5631 3052 5702 2'9,
3083 5631 3288 5708 ibique
3319 5632 3522 5692 Photri
3549 5633 3662 5688 Bi-

2031 5702 2214 5764 llioth.
2246 5704 2379 5771 cod;
2423 5708 2539 5770 16οί

289 5720 390 5762 τῶν
423 5720 724 5781 Ραρδαρωνέ

2006 5720 2214 5764 auom.
2246 5720 2379 5771 00αᾷ
2423 5720 2538 5770 ιῧυί
