4130 6410
496 331 636 414 itas
1843 356 2217 416 NICEPHORI
2257 337 2496 416 caUMN
3725 331 3874 412 iioi

496 480 624 536 tulo
653 498 668 533 :
699 479 1090 554 Ἀντιρῥητικός
1118 485 1245 554 πρὸς
1273 483 1339 534 τὰ
1363 483 1672 558 Ἱεροκλέους
1696 483 1777 558 (7)
1809 499 1822 550 ;
1858 499 1948 550 ac,
1980 483 2028 538 si
2061 499 2127 538 ex

2244 500 2342 540 nae
2381 485 2566 540 mtatis
2612 483 2888 556 exempla
2921 467 3142 555 quaeris
3169 479 3308 553 quas
3361 478 3730 553 Nicephorus
3756 497 3875 554 pa-

497 568 757 625 triarcha
786 568 1132 640 Cpolitanus
1152 570 1416 644 itemque
1438 573 1729 644 Gregoras
1753 573 2042 629 adversus
2059 572 2476 629 dissentientes
2500 573 2887 630 commentati
2921 575 3083 636 sunt,
3111 587 3184 628 ea
3202 569 3733 626 Antirrheticorum
3757 586 3878 627 no-

497 657 659 712 mine
693 657 930 726 singula
960 657 1340 732 appellantur
1368 661 1466 731 (8).
1499 663 1630 716 lam
1652 677 1789 718 cum
1812 661 2038 718 Labbei
2068 677 2310 734 quoque
2336 662 2572 719 codices
2596 661 2970 719 Antirrhetici
2998 661 3061 718 in
3090 661 3207 717 hoc
3235 659 3368 732 ipso
3394 658 3595 716 libello
3627 659 3878 717 titulum

497 761 621 819 prae
661 761 723 802 se
754 751 965 818 terant,
999 749 1281 818 equidem
1311 749 1474 806 hunc
1503 767 1614 825 pro
1639 752 1871 808 veriore
1899 750 2238 808 habuerim.
2271 754 2490 809 Mutare
2512 751 2698 819 nolui,
2733 755 2940 825 utpote
2981 754 3295 807 secuturus
3325 765 3462 804 sum
3520 749 3879 823 exemplum

498 835 961 893 Vindobonense
1001 841 1058 894 et
1095 837 1475 895 Vaticanum.

568 923 740 990 Quod
770 924 1219 998 disceptationis
1240 929 1554 984 materiam
1585 929 1814 997 attinet,
1840 945 1975 986 eam
2016 928 2481 1002 suppeditarunt
2502 929 2630 986 bini
2659 929 2959 1002 imprimis
2992 927 3127 984 libri
3180 927 3516 995 Plotiniani,
3560 926 3712 982 alter
3748 934 3882 1003 Περὶ

494 1020 586 1066 τοῦ
622 1013 894 1086 εἰληχότος
923 1016 1060 1087 ἡμᾶς
1090 1013 1440 1090 δαίμονος,ιίε
1463 1020 1637 1088 genio
1662 1035 1770 1075 nos
1793 1021 2031 1091 sortito;
2059 1019 2125 1073 EI

2250 1033 2323 1089 Ill,
2354 1021 2407 1087 4,
2433 1035 2497 1092 p.
2536 1021 2642 1075 284
2670 1025 2717 1074 Α
2745 1035 2758 1086 ;
2789 1018 2934 1075 alter
2965 1023 3090 1094 Περὶ
3128 1016 3355 1090 ἀπορίῶν
3377 1015 3585 1089 ψυχῆς,
3636 1017 3712 1073 de
3757 1017 3881 1072 du-

500 1103 606 1159 biis
631 1105 869 1166 anima,
905 1105 1054 1160 Enn.
1086 1120 1163 1172 Π,
1198 1110 1254 1171 3,
1279 1122 1339 1178 p.
1372 1109 1676 1177 381—389,
1709 1107 1933 1180 quibus
1983 1105 2252 1163 Plotinus
2310 1123 2484 1164 suam
2539 1108 2900 1164 sententiam
2921 1107 2997 1164 de
3037 1105 3546 1179 metempsychosi
3597 1105 3873 1178 exponit.

499 1193 604 1248 Cui
633 1207 772 1247 eum
805 1191 1239 1266 philosophum
1268 1193 1490 1252 favisse
1516 1195 1730 1253 diserte
1769 1201 2018 1252 testatur
2049 1196 2416 1266 Augustinus
2457 1197 2546 1254 De
2582 1199 2694 1254 civ.
2722 1199 2851 1266 Dei,
2881 1213 2941 1264 x,
2967 1199 3057 1258 30,
3084 1211 3145 1268 p.
3173 1198 3276 1250 266
3307 1198 3375 1250 A.
3406 1195 3492 1250 Ita
3521 1193 3689 1250 enim
3716 1193 3809 1250 ille
3839 1197 3862 1249 :'

499 1299 529 1330 «
547 1280 854 1336 Platonem
877 1281 1111 1338 animas
1133 1281 1450 1339 hominum
1478 1289 1617 1357 post
1638 1289 1893 1342 mortem
1915 1284 2138 1341 revolvi
2159 1300 2355 1358 usque
2380 1285 2458 1341 ad
2479 1302 2734 1359 corpora
2759 1285 3087 1342 bestiarum
3107 1283 3436 1362 scripsisse,
3462 1283 3863 1339 certissimum

499 1373 610 1425 est.
645 1369 807 1425 Hanc
824 1371 1178 1427 sententiam
1206 1373 1517 1446 Porphyrii
1547 1373 1758 1430 doctor
1791 1373 1978 1430 tenuit
2006 1373 2290 1442 Plotinus,
2323 1374 2658 1448 Porphyrio
2686 1379 2889 1431 tamen
2909 1375 3044 1445 jure
3068 1371 3394 1445 displicuit.
3420 1394 3448 1422 »
3472 1372 3603 1438 Quo
3633 1371 3711 1428 de
3740 1371 3876 1427 loco

499 1457 744 1514 consule
776 1459 1070 1530 Wyttenb.
1094 1461 1176 1517 ad
1203 1461 1516 1533 Phaniam,
1539 1479 1599 1536 p.
1627 1463 1755 1532 211,
1789 1467 1845 1518 et
1869 1461 2025 1518 adde
2056 1478 2192 1535 quae
2217 1463 2377 1520 idem
2401 1463 2475 1520 de
2493 1465 2608 1520 hoc
2639 1462 3142 1536 philosophorum
3169 1459 3391 1534 placito
3423 1461 3666 1533 copiose
3694 1475 3886 1531 expo-

502 1545 637 1602 suit.
664 1549 811 1603 Nam
834 1547 912 1603 ad
944 1548 1304 1605 Phaedonem
1332 1555 1604 1623 spectant
1633 1551 2016 1624 potissimum
2047 1551 2176 1607 haec
2200 1553 2335 1625 ipsa
2358 1551 2506 1625 (vid.
2542 1567 2602 1624 p.
2624 1555 2714 1612 42.
2741 1555 2810 1608 90
2858 1567 2992 1623 sqq.
3034 1551 3129 1606 ed.
3188 1549 3423 1621 Wytt.);
3462 1553 3665 1605 tamen
3695 1551 3753 1604 et
3780 1547 3889 1603 alii

498 1633 756 1692 Platonis
775 1635 1000 1708 dialogi
1020 1637 1349 1696 adhibendi
1381 1644 1543 1712 sunt,
1570 1657 1632 1696 ν.
1661 1656 1712 1697 c.
1736 1641 1776 1697 ii
1805 1639 2030 1713 quibus
2059 1640 2366 1698 decretum
2395 1640 2727 1715 ἀναμνήσεως
2757 1635 3328 1713 pertractatur.lllud
3347 1638 3576 1695 addam
3597 1653 3670 1694 ex
3692 1641 3890 1694 Ama-

497 1723 562 1781 tii
593 1723 856 1794 schedis,
888 1725 1162 1784 videlicet
1189 1729 1434 1800 reperiri
1455 1729 1516 1784 in
1549 1729 1684 1793 cod,
1704 1731 1828 1786 Vat.
1857 1744 1918 1785 n.
1943 1729 2046 1784 H2
2067 1729 2340 1801 ejusdem
2372 1731 2706 1804 Nicephori,
2746 1731 2830 1785 uti
2867 1727 3116 1802 quidem
3152 1728 3387 1784 videtur
3436 1727 3660 1800 (neque
3708 1726 3881 1783 enim

499 1813 760 1870 auctoris
782 1827 1006 1870 nomen
1025 1814 1252 1887 habet),
1280 1817 1611 1874 consimilis
1641 1819 1980 1889 argumenti
2009 1809 2336 1889 dialogum,
2359 1835 2482 1893 quo
2503 1819 2651 1876 illud
2680 1818 2987 1875 decretum
3017 1815 3279 1874 Platonis
3321 1815 3398 1872 de
3437 1815 3648 1873 anima
3666 1815 3881 1888 impu-

500 1905 719 1973 gnatur
748 1905 813 1959 ut
837 1908 1089 1976 apparet
1105 1919 1176 1961 ex
1189 1904 1281 1961 his
1313 1904 1504 1962 :‘Ea-n
1529 1911 1702 1960 τοίνυν
1728 1913 1932 1982 πρῶτον
1959 1909 2070 1979 μὲν,
2099 1927 2126 1960 ο

2252 1927 2281 1960 »ι
2313 1904 2461 1962 δοκεῖ
2514 1909 2748 1982 μάλιστα
2788 1905 3048 1980 (Πλάτων)
3092 1911 3304 1981 χαίρειν
3355 1912 3420 1978 τῇ
3465 1906 3667 1978 εὑρέσει
3722 1925 3738 1938 ·
3801 1906 3883 1957 ὃτι

500 1993 662 2044 οἴεται
710 2009 802 2044 και
849 1997 973 2068 πρὶν
1013 2001 1271 2047 κοινωνεῖν
1318 2002 1545 2067 σώματι,
1603 2001 1698 2056 τὴν
1743 1996 1930 2069 ψυχὴν
1993 1995 2125 2050 εἶναι
2192 2018 2208 2032 ν
2271 1993 2513 2074 δεύτερον
2589 1993 2668 2065 δε,
2715 1999 2796 2050 ὅτι
2867 1992 2978 2050 δέοι
3025 1999 3086 2048 τὸ
3143 1995 3246 2057 ζῶν
3295 1993 3350 2047 ἔκ
3395 1995 3673 2056 τεθνεῶτος
3732 1996 3888 2057 ὄντος

501 2079 601 2152 ζῇν
664 2101 678 2113 ·
737 2081 915 2134 ἔπειτα
964 2080 1121 2154 λέγων
1167 2081 1304 2150 ὶξῆς,
1362 2083 1444 2136 ὁτι
1488 2087 1649 2157 τὺχοί
1715 2104 1967 2138 εκαστον·
1994 2086 2074 2139 ὃτι
2128 2103 2184 2140 τε
2239 2085 2288 2138 ἕν
2349 2091 2551 2162 φρουρᾷ
2584 2106 2686 2139 τινι
2739 2085 2892 2160 ἐσμέν
2921 2102 2933 2116 ·
2963 2105 3054 2139 και
3105 2083 3338 2157 ἀνάγκην
3385 2084 3538 2154 εἶναι,
3581 2083 3652 2144 εἰς
3711 2083 3886 2136 πολλὰ

500 2176 824 2245 μεταχωρεῖν
879 2175 1116 2243 σώματα,
1167 2173 1341 2246 ὥσπερ
1386 2171 1530 2248 ὕδωρ
1580 2173 1635 2238 ἕξ
1677 2175 1865 2247 ἀγγεῖα
1930 2175 1998 2236 εἰς
2065 2174 2261 2246 ἆγγίων
2322 2176 2708 2251 μπαρῥίουσαν
2768 2196 2782 2210 ο
2843 2174 2958 2249 ἓμὸι
3010 2181 3136 2247 γοῦν
3195 2169 3343 2226 δοκεῖ
3391 2192 3511 2247 περι
3562 2179 3657 2225 τοῦ
3707 2180 3890 2248 προεῖ-

501 2277 588 2312 ναι
619 2255 729 2312 δεῖν
754 2264 850 2318 τὴν
895 2259 1122 2320 ζήτησιν
1178 2266 1426 2336 πρότερον
1467 2266 1821 2322 ποιήσασθαι.
1876 2263 2053 2318 "Eous
2103 2261 2162 2318 δι
2210 2271 2284 2336 τῷ
2339 2263 2530 2337 τοιῷδε
2595 2263 2828 2338 μάλιστα
2883 2262 3191 2340 ἓπιχειρεῖν,
3245 2264 3304 2316 τὸ
3344 2263 3499 2335 φάναι
3543 2269 3703 2315 τοῦτο
3755 2258 3896 2315 εἶναι

503 2350 585 2402 ὅτι
610 2367 694 2411 τις
719 2351 881 2422 μάθοι
911 2347 1330 2422 ἀναμνησθῆναι.
1362 2352 1536 2418 Quod
1551 2352 1853 2426 reliquum
1884 2358 1997 2422 est,
2028 2353 2114 2409 uti

2264 2354 2416 2411 rima
2453 2371 2489 2412 a
2510 2353 2739 2411 Plotino
2759 2358 2936 2410 aetate
2988 2353 3156 2409 illum
3179 2353 3314 2426 ejus
3357 2351 3432 2409 de
3453 2352 3627 2422 genio
3655 2349 3895 2408 librum

502 2438 864 2495 memoravit
898 2439 1258 2496 Ammianus
1291 2440 1664 2498 Marcellinus
1692 2441 1792 2515 (9),
1827 2442 1911 2499 sic
1943 2448 2210 2499 extremo
2225 2457 2472 2516 quoque
2514 2443 2976 2516 Byzantinorum
3028 2457 3158 2498 aevo
3204 2440 3335 2498 haec
3386 2439 3598 2497 Plotini
3642 2439 3898 2498 decreta

502 2526 766 2585 necdum
791 2528 1031 2601 penitus
1050 2528 1401 2601 exolevisse,
1426 2546 1737 2604 unumque
1762 2531 1858 2588 hic
1890 2530 2273 2589 Nathanaelis
2297 2532 2726 2589 Antirrheticus
2749 2531 3000 2588 edocere
3031 2530 3274 2604 poterit.

579 2705 1000 2787 (7)_Qlea_rius,
1029 2705 1091 2763 in
1145 2707 1286 2787 edit.
1337 2709 1695 2778 Philostrati,
1745 2710 2168 2767 Animadvers.
2282 2706 3896 2787 adigmngian‘umnuperascripsitvgagneruspag42g.

505 2777 750 2836 Eusebii
790 2779 1034 2850 librum,
1058 2794 1119 2850 p.
1150 2781 1276 2835 428.
2284 2802 2312 2832 α
2355 2782 2501 2836 Vivit
2521 2781 2782 2836 Plotinus
2803 2777 2943 2835 sine.
2970 2795 3031 2836 in
3056 2784 3113 2834 et
3144 2777 3250 2834 'uv
3300 2777 3485 2833 libros
3514 2777 3775 2850 reliquit,
3814 2779 3893 2834 de

599 2794 750 2836 :sean
790 2794 1119 2905 uarum,
1150 2794 1276 2835 4-28.
2284 2802 2312 2832 α
2360 2794 2501 2836 vmt
2521 2794 2782 2836 Plotinus
2803 2796 2943 2835 sine.
2970 2795 3031 2836 in
3056 2794 3113 2834 et
3158 2794 3250 2834 Liv
3300 2794 3485 2833 unros
3514 2794 3775 2850 reliquit,
3814 2794 3889 2834 ae

599 2849 927 2935 fabricii
961 2849 1038 2906 Bi
1081 2852 1120 2906 ι.
1149 2850 1418 2935 Qr._vol.
1452 2851 1560 2920 Vll,
1593 2867 1656 2935 p.
1713 2856 1968 2935 6t5-‘i33.
2004 2853 2170 2935 lIa‘rl.
2283 2850 3434 2935 quibusponsuperstesestnisiisquem
3457 2856 3889 2935 commemorat

601 2917 657 2994 9⁷)
675 2921 796 2977 Lib.
822 2937 944 2994 7m,
978 2937 1114 2994 cap.
1146 2925 1236 2994 tl,
1262 2927 1316 2978 5.
1347 2917 1564 2979 Locum
1593 2917 1719 2994 jam
1755 2923 2044 2980 indicavit
2073 2927 2176 2980 Fa-

2287 2917 2764 2993 Eindenbrogius
2802 2923 3109 2992 (nimirum
3150 2917 3294 2993 Περὶ*
3311 2929 3403 2972 τοῦ
3433 2917 3528 2974 si).
3557 2922 3655 2994 ἠμ.
3688 2917 3763 2991 δ.)
3795 2943 3817 2969 ι
3866 2937 3879 2975 :

508 2992 734 3049 bricius
762 2993 840 3048 ad
868 2992 1179 3067 Porphyrii
1220 2994 1404 3051 vitam
1436 2992 1682 3067 Plotini,
1710 3010 1843 3069 cap.
1877 2999 1966 3052 24.
2004 2995 2176 3062 Quod
2287 2992 2757 3068 concoquat’qui
2788 2999 2999 3066 potest,
3031 3007 3143 3064 ego
3181 2992 3305 3048 nOn
3322 3007 3598 3064 possum.

1309 3314 2076 3405 ΑΝΤΙΘΕΤΙΚΟΣ
2134 3314 2426 3401 ΠΡΟΣ
2494 3312 3074 3400 ΠΔΩΤΙΝΟΝ

1979 3525 2130 3574 ΠΕΡΙ
2170 3523 2418 3575 ΨΥΧΗΣ.

1363 3839 2170 3926 ANTITHETICUS
2239 3840 2354 3928 ΙΝ
2414 3841 3016 3926 PLOTINUM.

1964 4043 2084 4106 DE
2124 4041 2431 4105 ΑΝΙΜΑ.

505 4361 914 4418 Antitheticus
928 4361 1213 4421 adversus
1232 4365 1572 4433 Plotinum;
1595 4363 1829 4422 animas
1861 4377 1980 4417 non
1997 4362 2136 4430 priu

2281 4361 2628 4425 ’Δντιθετικος
2721 4367 2848 4438 πρὸς
2944 4363 3200 4417 Πλωτίνον
3255 4365 3270 4399 ¹
3332 4385 3345 4397 ·
3419 4364 3501 4416 ὁτι
3567 4371 3706 4437 μήτε
3790 4373 3896 4416 τῶν

580 4453 1052 4524 exsisterequam
1065 4469 1342 4522 corpora,
1357 4469 1547 4524 neque
1567 4468 1642 4509 ex
1652 4452 1790 4508 aliis
1806 4453 2073 4522 migrare
2103 4452 2168 4507 in

2354 4454 2609 4524 σωμάτων
2706 4454 3120 4528 πρύπάρχουσιν
3192 4455 3246 4506 αἱ
3315 4453 3517 4526 ψυχαί,
3599 4459 3736 4527 μήτε
3845 4453 3897 4516 ἐξ

582 4542 730 4611 alia,
759 4542 862 4598 sed
884 4559 1074 4614 neque
1103 4546 1163 4598 in
1200 4543 1389 4598 brutis
1421 4549 1671 4598 mentem
1720 4542 1926 4605 inesse,
1977 4556 2171 4612 neque

2351 4541 2532 4613 ἐτέρων
2599 4545 2620 4578 ⁸
2662 4551 3065 4616 μεταχωροῦσιν
3118 4543 3186 4604 εἰς
3251 4543 3419 4616 ἕτερα,
3492 4542 3603 4594 ἀλλ’
3657 4540 3778 4596 οὐδ’
3846 4547 3897 4596 ἐν

583 4646 853 4702 unquam
877 4633 1155 4702 futuram
1175 4646 1314 4688 esse.
1333 4631 1544 4686 Multis
1574 4634 1772 4686 autem
1802 4629 2171 4686 demonstra-

2349 4637 2459 4692 τοῖς
2508 4629 2718 4702 ἀλόγοις
2764 4633 2924 4684 ἔστι³
2971 4640 3108 4703 νοῦς,
3199 4627 3315 4684 οὐδ’
3383 4627 3442 4684 οὗ
3515 4637 3724 4704 μήποτε
3808 4637 3899 4702 γέ-

584 4719 841 4776 tiom'bus
873 4721 1067 4776 utitur
1096 4721 1384 4775 adversus
1434 4719 1614 4786 illud,
1670 4719 1914 4776 notitias
1967 4733 2172 4790 nempe

2349 4739 2506 4775 νοιτο.
2586 4719 2813 4793 Πογλαίς
2870 4717 2930 4774 δὲ
2985 4741 3075 4772 και
3154 4728 3263 4784 τοῖς
3330 4717 3635 4784 ἀποδείξεσι
3691 4726 3898 4793 κέχρη-

581 4810 1023 4867 recordationes
1053 4824 1174 4866 esse
1198 4825 1222 4864 .·
1249 4823 1324 4864 ex
1353 4823 1471 4879 quo
1527 4809 1802 4879 dogmate
1859 4815 1985 4865 tum
2031 4809 2172 4865 Plo—

2351 4829 2438 4860 ται
2477 4813 2603 4884 πρὸς
2684 4809 2840 4862 ἐκεῖνο
2891 4810 2911 4844 ⁸
2982 4807 3242 4874 ἀπαντῶν,
3319 4812 3377 4862 τὸ
3452 4812 3548 4872 τὰς
3596 4808 3900 4882 ἐπιστήμας

583 4901 731 4968 tino,
775 4907 901 4955 tum
943 4905 1086 4955 ante
1139 4913 1272 4954 eum
1320 4898 1561 4953 Platoni
1619 4899 2039 4966 conﬁrmatum
2088 4903 2171 4954 est

2353 4897 2660 4971 ἀναμνήσεις
2713 4896 2841 4952 εἶναι
2892 4921 2905 4933 ι
2959 4898 3013 4962 ἐξ
3066 4900 3126 4952 οὗ
3179 4896 3248 4958 δὴ
3311 4896 3578 4972 δόγματος
3616 4899 3762 4970 αὐτῷ
3821 4909 3901 4972 τῷ

583 4993 814 5047 animas
834 4989 1007 5058 prius
1037 5001 1156 5042 esse
1185 5000 1364 5057 quam
1396 5001 1669 5054 corpora.
1695 4988 1774 5042 Et
1805 4988 1876 5043 de
1907 5001 2173 5044 resurre-

2356 4988 2607 5058 ΠΛωτίνῷ
2677 5008 2768 5039 και
2840 4993 2941 5062 πρὸ
3047 4989 3209 5041 αὐτοῦ
3289 4989 3526 5041 Πλάτωνι
3573 4991 3903 5042 narra-att}:-

582 5081 777 5136 ctione
831 5091 1147 5145 corporum
1178 5081 1551 5132 mortuorum
1604 5077 1893 5146 disputat,
1925 5092 2174 5148 eamque

2355 5096 2477 5128 σται
2559 5080 2667 5142 πρὸ
2733 5086 2830 5129 τῶν
2902 5080 3156 5150 σωμάτων
3219 5080 3308 5139 τὰς
3377 5075 3564 5149 ψυχὰς
3589 5075 3724 5129 εἶναι
3757 5094 3903 5132 ’και

581 5167 837 5224 ostendit
857 5163 1131 5234 pluribus
1161 5164 1398 5236 quidem
1431 5168 1892 5236 argumentis,et
1924 5182 2000 5223 ex
2027 5167 2171 5235 ipsis

2351 5173 2470 5240 περί
2548 5165 2659 5240 ἐγέρ
2669 5185 2765 5218 σεω
2775 5188 2796 5228 ς
2907 5169 3161 5238 σωμάτων
3249 5168 3536 5220 τεθνεώτων
3643 5164 3905 5237 ἀγωνίζε-

581 5255 856 5311 Platonis
868 5254 940 5308 de
953 5254 1295 5310 animarum
1317 5255 1668 5312 reviviscent
1676 5258 1735 5312 ia
1745 5257 2169 5326 propositioni-

2350 5275 2458 5322 ται,
2529 5275 2618 5307 και
2702 5252 2941 5308 δείκνυσι
2991 5258 3187 5314 ταύτην
3216 5255 3397 5317 ἄλλαις
3456 5251 3524 5314 δή
3577 5253 3841 5325 ἀνάγκαις
3887 5279 3900 5291 ·

583 5343 707 5413 bus,
751 5347 808 5399 et
836 5342 1122 5398 bonorum
1161 5357 1390 5412 semper
1417 5346 1786 5401 manentium
1818 5346 2168 5413 fruitionem

2349 5349 2441 5396 καί
2523 5346 2574 5416 γ’
2655 5344 2708 5407 ἐξ
2760 5345 2928 5397 αὐτῶν
2974 5353 3074 5398 τῶν
3117 5351 3210 5397 τοῦ
3261 5343 3527 5404 Πλάτωνος
3587 5349 3710 5418 περί
3749 5353 3849 5397 τοῦ
3880 5346 3902 5380 ⁵

1903 5485 2130 5554 Variae
2177 5484 2529 5554 lectiones.

583 5629 597 5662 ¹
631 5630 756 5704 Vat.
777 5634 870 5704 τοῦ
903 5629 1205 5704 appararet)
1236 5626 1321 5704 ἕπξ
1347 5635 1440 5681 τοῦ
1464 5628 1758 5704 κανιαλείο-ιέ
1808 5627 2002 5684 ’Δντιθ.
2029 5647 2121 5704 πρ.
2185 5635 2214 5681 Π

2272 5671 2279 5683 .
2342 5628 2426 5688 Cf.
2483 5633 2732 5686 Proosm.
2810 5631 2832 5665 ³
2871 5629 2998 5704 μών⁹
3055 5628 3225 5682 αὐτῶν
3276 5628 3416 5684 cod.
3484 5629 3612 5684 Vat.
3691 5629 3715 5662 ⁸
3751 5626 3903 5684 ἔστιν

509 5695 641 5758 Vat.
719 5701 742 5736 ‘
769 5702 902 5789 πρὸς
928 5695 1075 5758 ἐνίεῐν’
1095 5701 1222 5759 Vat.
1300 5700 1323 5736 ⁸
1344 5707 1438 5754 τοῦ
1475 5699 1677 5757 omisit
1715 5701 1843 5759 Vat.
