4130 6400
238 376 380 445 1405

232 515 334 573 τὰς
422 511 611 585 ψυχὰς
674 511 1095 565 ἀναϐιώσκεσθαι
1162 532 1178 547 ο
1240 515 1444 579 θέσεων,

232 602 426 654 λαυσιν
518 597 781 654 δείκνυσιν
879 600 957 654 ἀεὶ
1062 606 1313 673 μενόντων
1430 600 1637 671 ἀγαθῶν
1757 597 1846 644 καὶ

234 691 455 744 κόλασιν
519 688 711 762 ψυχῶν
776 692 907 763 ὁμοῦ
972 692 993 725 ⁷
1072 696 1162 743 καὶ
1244 692 1496 764 σωμάτων
1581 681 1846 760 μηδέποτε

235 779 532 852 λήγουσαν.

314 868 384 923 α’.
418 868 563 939 Ἐμοὶ
609 870 666 920 τὸ
719 872 882 942 παρὸν
938 864 1287 941 σπούδασμα,
1320 872 1444 943 πρὸς
1472 867 1725 920 Πλωτῖνον
1755 866 1844 915 καὶ

233 960 358 1019 τοὺς
390 956 582 1009 ἐκείνου
614 962 731 1030 περὶ
763 955 1024 1030 ἀφθάρτου
1078 957 1261 1030 ψυχῆς
1320 957 1525 1029 λόγους.
1591 959 1691 1007 Καὶ
1741 954 1843 1027 γὰρ

237 1047 438 1119 ὅτιμὲν
478 1048 504 1098 ὁ
544 1045 592 1098 ἓν
642 1049 767 1119 ἡμῖν
810 1055 929 1108 νοῦς
978 1048 1193 1113 ἁπλοῦς,
1252 1052 1343 1099 καὶ
1412 1047 1707 1110 ἁσύνθετος,
1756 1047 1847 1094 καὶ

236 1136 359 1187 καθ’
392 1134 573 1187 ἑαυτὸν
603 1136 852 1207 ὑφεστὼς,
889 1140 979 1188 καὶ
1036 1136 1175 1197 ζωὴν
1227 1134 1275 1189 έν
1327 1134 1492 1206 ἑαυτῷ
1544 1136 1701 1205 ἔχων,
1757 1135 1847 1183 καί

236 1242 303 1295 γε
354 1242 597 1299 κρειττων
644 1227 821 1286 πάσης
902 1226 1097 1299 φθορᾶς
1172 1229 1262 1277 καὶ
1332 1228 1523 1286 παντὸς
1612 1221 1845 1293 ὀλέθρου,

238 1321 393 1368 τοῦτο
432 1312 653 1385 κάκείνῳ
703 1319 791 1366 καὶ
849 1323 913 1387 τῇ
974 1313 1191 1387 ἀληθείᾳ
1238 1313 1397 1389 κάμοὶ
1451 1310 1614 1380 δοκεῖ,
1674 1317 1764 1365 καὶ
1803 1311 1848 1364 εἳ

238 1423 325 1466 τις
376 1405 540 1476 ἔτερος
600 1402 764 1478 ὀρθῶς
816 1400 1057 1476 βούλοιτο
1114 1414 1347 1470 σκοπεῖν,
1420 1404 1510 1455 καί
1586 1421 1645 1474 γε
1717 1404 1848 1475 πρὸς

240 1501 346 1548 πᾶν
373 1491 633 1551 δήπουθεν
688 1493 838 1554 εὐθὺς
892 1496 1027 1546 θεῖτο
1084 1496 1221 1564 (10),
1277 1499 1335 1548 τό
1401 1514 1458 1566 γε
1512 1496 1638 1568 πρὸς
1692 1499 1845 1543 τοῦτο

244 1586 414 1657 φέρον,
470 1586 559 1633 καὶ
606 1589 713 1643 τοῖς
777 1582 1037 1635 Πλωτίνου
1086 1582 1257 1654 λόγοις
1313 1584 1481 1644 καλῶς
1573 1576 1847 1633 ἀποδεδει-

239 1675 443 1745 γμένον.
478 1676 595 1733 Πῶς
620 1674 722 1744 γὰρ
765 1670 785 1705 ⁸
839 1678 929 1724 καὶ
992 1673 1068 1730 εἴη
1129 1670 1184 1725 ἐκ
1244 1675 1527 1733 συνθέσεως
1566 1678 1703 1737 νοῦς,
1755 1676 1845 1722 καὶ

242 1758 299 1812 ἔκ
323 1779 473 1812 τινων
500 1768 666 1835 μερῶν
696 1764 972 1812 συνιόντων
1005 1776 1021 1826 ;
1054 1763 1097 1813 εἱ
1134 1764 1223 1833 μὲν
1270 1782 1368 1834 γαρ
1423 1760 1477 1824 ἐξ
1513 1760 1580 1811 ὧν
1632 1760 1841 1811 πάντα⁹

1442 385 1609 442 ADV.
1646 374 2001 435 PLOTINUM
2039 374 2132 428 DE
2168 374 2407 434 ΛΝῙΜΛ.

3468 376 3606 430 1406

1538 513 1629 561 καὶ
1716 503 1850 556 ἀπό-
1886 506 1927 552 Α
1958 503 2209 558 ostendit
2228 509 2283 559 et
2296 506 2639 560 animarum
2661 505 2910 561 simulet
2939 517 3257 572 corporum
3292 514 3606 572 nunquam

1954 592 2271 659 ﬁniturum
2302 594 2689 663 supplicium.

2028 866 2076 917 1.
2111 865 2173 918 In
2211 863 2326 918 hac
2350 878 2487 919 mea
2510 860 3246 919 lucubratione.Plotinum
3288 862 3346 913 et
3373 857 3503 928 ejus
3533 856 3609 912 de

1953 950 2389 1024 incorruptibili
2414 953 2620 1008 anima
2654 952 2959 1008 doctrinas
2978 949 3241 1005 refellere
3266 945 3604 1018 aggredior.

1956 1044 2183 1099 Etenim
2221 1042 2387 1115 quod
2417 1043 2477 1098 in
2508 1043 2684 1098 nobis
2711 1042 2784 1098 sit
2803 1057 2974 1097 mens
3003 1039 3258 1111 simplex
3290 1042 3347 1093 et
3383 1036 3609 1092 incom-

1955 1133 2175 1203 posita,
2202 1134 2332 1188 etin
2357 1149 2419 1188 se
2451 1133 2805 1199 subsistens,
2836 1132 3140 1203 vitamque
3171 1129 3233 1185 in
3264 1144 3326 1183 se
3350 1126 3608 1193 habens,

1956 1226 2013 1276 et
2032 1223 2232 1276 omnis
2261 1221 2661 1294 corruptionis
2683 1226 2740 1275 et
2770 1220 3039 1276 interitus
3064 1217 3268 1273 nescia
3300 1233 3315 1283 ;
3346 1214 3409 1270 id
3428 1218 3486 1269 et
3526 1211 3611 1268 illi

1956 1316 2011 1365 et
2036 1326 2181 1366 sane
2207 1310 2352 1366 mihi
2378 1326 2622 1383 quoque
2654 1308 2910 1377 videtur,
2938 1314 2997 1364 et
3018 1308 3065 1362 si
3091 1306 3227 1373 quis
3257 1305 3410 1361 alius
3451 1306 3610 1358 recte

1955 1399 2254 1471 inquirere
2302 1399 2460 1461 velit,
2513 1405 2570 1454 et
2613 1404 2879 1453 mentem
2942 1397 3239 1451 sinceram
3321 1390 3611 1449 adhibere

1955 1488 2047 1543 his
2095 1488 2378 1544 omnibus
2442 1504 2580 1561 quae
2644 1486 2853 1543 Plotini
2908 1484 3194 1557 operibus
3272 1481 3427 1537 bene
3509 1479 3611 1535 de-

1954 1583 2387 1633 monstrantur.
2428 1577 2746 1643 Quomodo
2768 1576 2927 1631 enim
2947 1572 3287 1647 composita
3309 1584 3482 1626 mens
3522 1585 3611 1624 es-

1954 1671 2041 1723 set
2068 1667 2095 1721 ?
2115 1667 2338 1739 quibus
2353 1666 2627 1739 partibus
2650 1663 3173 1735 congredientibus
3204 1662 3232 1716 Τ
3266 1660 3323 1717 Si
3348 1658 3510 1715 enim
3534 1673 3609 1714 ex

1954 1757 2023 1812 iis
2053 1756 2275 1828 quibus
2301 1756 2506 1811 omnia
2528 1757 2826 1825 constant,
2844 1751 3201 1825 corporibus
3228 1746 3608 1820 simplicibus

242 1846 292 1899 έν
351 1848 609 1916 συνθέσει,
669 1845 842 1899 ἁπλῶν
908 1851 1061 1900 ὄντων
1129 1851 1383 1920 σωμάτων
1444 1852 1532 1901 καὶ
1602 1852 1838 1921 πρώτων,

1958 1861 2024 1902 ac
2041 1846 2251 1917 primis
2282 1864 2295 1901 :
2318 1844 2426 1902 sed
2451 1861 2522 1900 ex
2540 1844 2633 1899 his
2662 1842 2899 1899 nullum
2920 1841 3161 1913 cogitat.
3186 1842 3368 1894 Porro
3396 1852 3470 1893 ex
3483 1849 3609 1891 non

242 1934 353 1989 ἀλλ’
396 1935 541 1989 ούθεν
593 1938 790 1988 τούτῶν
844 1943 968 1992 νοεῖ.
1025 1936 1110 1990 Ἐκ
1161 1944 1286 2009 γοῦν
1342 1936 1569 1996 ἀνοήτων
1616 1943 1727 1999 πῶς
1784 1933 1844 1987 ἂν

238 2031 331 2079 καὶ
364 2026 410 2061 ¹⁰
434 2030 630 2099 γένοιτο
652 2045 789 2091 νους,
824 2027 854 2085 ἦ
886 2035 995 2089 πῶς
1036 2024 1095 2078 ἆν
1144 2026 1211 2078 ὧν
1258 2034 1427 2080 ταῦτα
1486 2023 1694 2099 οὐδαμῆ
1756 2025 1845 2078 οὗ·

241 2112 427 2188 δαμῶς
481 2114 674 2187 ἐφίεται
731 2114 872 2188 (Η),
942 2123 1042 2168 τῶν
1098 2125 1295 2174 νοητῶν
1353 2116 1482 2189 λέγω
1557 2120 1648 2168 καὶ
1718 2115 1845 2189 ὑπὲρ

240 2211 425 2272 ταῦτα,
475 2203 625 2266 οὗτος
676 2203 730 2267 ἐξ
784 2205 953 2256 αὐτῶν
1001 2209 1358 2278 γεγενημένος,
1436 2205 1705 2278 ἐφικέσθαι
1785 2204 1845 2255 ἃν

243 2290 489 2352 δυνηθείη
534 2310 547 2361 ;
588 2292 633 2346 εἰ
663 2290 715 2346 δ’
777 2293 939 2346 ἄλλων
998 2303 1148 2347 τινῶν
1187 2298 1330 2370 παρὰ
1367 2302 1535 2347 ταῦτα
1592 2296 1845 2367 σωμάτων

242 2381 645 2456 συμπλακέντων
688 2382 838 2443 ζῶσα
874 2387 963 2435 καὶ
1018 2392 1212 2436 νοοῦσα
1270 2384 1425 2455 ψυχὴ
1491 2386 1739 2447 συνέστη,
1802 2382 1847 2435 εἰ

241 2474 333 2545 μὶν
389 2474 706 2547 παχυτέρων
758 2475 848 2524 καὶ
902 2468 1287 2548 ύλωδεστέρων,
1350 2470 1461 2525 ἀλλ’
1516 2474 1707 2525 ἄτοπον
1792 2471 1847 2524 ἐκ

239 2569 342 2613 τῶν
401 2560 442 2596 ¹¹
502 2579 747 2613 τοιουτων
798 2567 917 2613 νοῦν
975 2564 1305 2613 συνεστάναι·
1365 2565 1455 2614 καὶ
1528 2559 1602 2614 ἑτι
1657 2561 1846 2635 μᾶλλον

243 2649 306 2703 ἂν
372 2649 669 2708 ἁνοηταίνοι
726 2652 841 2722 (12)
886 2648 1043 2722 ψυχὴ
1096 2654 1267 2726 νοερὰ,
1323 2651 1542 2725 ἀμοίρου
1624 2669 1848 2712 νοησεως

244 2740 426 2801 πάσης
456 2738 501 2774 ¹¹
530 2737 690 2800 οὒσης
725 2745 819 2800 τῆς
854 2735 975 2800 ὖλης
1027 2743 1116 2792 καὶ
1180 2748 1272 2801 τῆς
1336 2736 1556 2793 τοιᾶσδε
1620 2741 1847 2813 μάλιστα

242 2833 477 2900 παχείας
504 2827 652 2891 ὕλης·
688 2828 730 2880 εἰ
757 2824 809 2880 δ’
849 2827 902 2891 ἐξ
928 2826 1288 2903 ἁπλουστέρων
1326 2849 1407 2900 γε,
1447 2835 1537 2882 καὶ
1586 2828 1621 2882 ἃ
1675 2832 1739 2881 τὰ
1800 2831 1846 2865 ¹³

241 2925 426 2992 πρῶτα
452 2921 671 2990 πέφυκεν
698 2920 768 2978 ὡς
798 2914 865 2975 δὴ
900 2918 944 2953 ¹⁸
976 2916 1145 2991 ἁρχαὶ
1197 2926 1297 2970 τῶν
1350 2918 1535 2988 ἄλλων,
1587 2918 1692 2971 ἀλλ’
1751 2919 1847 2972 οὐκ

246 3008 387 3059 εστιν
426 3002 540 3059 οὐδ’
605 3007 769 3081 εὑρεῖν
826 3009 967 3059 ἔστιν
1026 3006 1353 3082 ἁπλούστερα
1400 3005 1663 3081 οὐδαμῶς,
1729 3006 1845 3063 οὐδ’

248 3095 298 3148 έν
323 3095 504 3156 αὐταῖς
561 3094 805 3156 ἐπινοίαις
851 3102 949 3148 τῶν
1006 3098 1273 3170 τεσσάρων
1328 3096 1381 3161 ἐξ
1434 3098 1501 3149 ὧν
1562 3095 1629 3157 δὴ
1686 3099 1849 3152 τᾶλλα

1954 1934 2356 2005 cogitantibus
2384 1933 2697 2006 quomodo
2726 1946 2899 1987 mens
2928 1930 3114 1995 ﬂeret,
3145 1933 3251 1984 aut
3302 1923 3609 1999 quomodo

1956 2025 2033 2080 ad
2046 2039 2117 2080 ea
2128 2039 2265 2097 quae
2283 2039 2599 2096 nunquam
2611 2022 2707 2079 illa
2722 2025 3029 2094 appetunt,
3042 2014 3607 2089 intelligibiliadico,

1956 2129 2026 2170 ac
2066 2114 2242 2170 etiam
2271 2128 2454 2186 supra
2475 2112 2595 2180 illa,
2624 2122 2763 2167 cum
2786 2111 2921 2183 ipsa
2944 2125 3017 2165 ex
3037 2109 3106 2164 iis
3134 2108 3229 2177 sit,
3259 2108 3466 2179 posset
3514 2118 3611 2159 as-

1958 2218 2203 2272 surgere
2218 2204 2246 2259 ?
2261 2202 2471 2276 Sivero
2489 2216 2561 2257 ex
2582 2201 2713 2257 aliis
2727 2199 3084 2272 corporibus
3106 2193 3611 2253 eonnexitvivens

1956 2298 2014 2349 et
2043 2294 2317 2363 cogitans
2354 2293 2559 2348 anima
2589 2292 2896 2355 consistat,
2928 2287 3228 2361 siquidem
3259 2301 3334 2341 ea
3356 2282 3613 2340 crassio-

1953 2382 2045 2439 ria
2070 2387 2126 2437 et
2156 2381 2582 2448 faeculentiora,
2630 2378 2965 2439 absurdum
3019 2381 3110 2435 est
3165 2374 3387 2432 talibus
3441 2385 3613 2428 men-

1956 2475 2076 2527 tem
2097 2476 2389 2528 constare.
2421 2473 2504 2527 Ac
2521 2470 2718 2540 magis
2736 2469 2919 2526 etiam
2968 2466 3267 2539 desiperet
3297 2478 3472 2521 mens
3521 2461 3613 2518 in-

1954 2560 2190 2616 tellectu
2216 2559 2641 2632 prmdita,cum
2672 2559 2746 2614 sit
2774 2558 2973 2614 omnis
2998 2552 3377 2626 cogitationis
3396 2565 3612 2623 expers

1956 2650 2208 2706 materia
2233 2654 2292 2706 et
2313 2648 2611 2722 imprimis
2626 2648 2779 2706 adeo
2800 2662 3023 2703 crassa.
3048 2645 3108 2701 Si
3132 2648 3337 2700 autem
3368 2657 3441 2697 ex
3472 2640 3612 2696 sim-

1954 2739 2301 2812 plicioribus
2330 2745 2386 2795 et
2414 2739 2485 2793 iis
2511 2752 2648 2810 qum
2691 2738 2888 2810 prima
2934 2739 3075 2790 nata
3126 2737 3266 2787 sunt
3318 2736 3613 2801 tanquam

1958 2828 2211 2887 aliorum
2239 2828 2534 2900 principia
2563 2845 2576 2895 ;
2611 2826 2713 2882 sed
2738 2841 2860 2882 non
2880 2828 3019 2881 sunt
3046 2838 3157 2879 nec
3186 2819 3435 2877 inveniri
3467 2833 3612 2890 pos-

1958 2925 2099 2975 sunt
2123 2918 2489 2989 simpliciora
2516 2931 2714 2988 neque
2742 2915 2878 2987 ipsa
2906 2910 3362 2983 imaginatione,
3422 2921 3611 2979 quam

1955 3014 2217 3081 quatuor
2244 3006 2465 3080 quibus
2494 3007 2697 3061 omnia
2726 3008 2959 3060 caetera.
3004 3005 3072 3058 Et
3128 3015 3275 3056 sane
3313 3011 3510 3070 neque
3538 3009 3616 3050 ex

1957 3097 2210 3155 materia
2238 3102 2294 3153 et
2318 3096 2515 3152 forma
2544 3092 2948 3167 compositum
2977 3089 3208 3163 aliquid
3243 3093 3334 3146 est
3355 3101 3528 3143 mens
3558 3088 3617 3141 et

250 3186 417 3237 πάντα
448 3184 513 3220 ¹⁸·
547 3188 634 3237 καὶ
668 3188 771 3257 μὴν
802 3181 919 3237 ουδ’
950 3183 1005 3247 ἐξ
1046 3184 1171 3247 ὕλης
1223 3183 1483 3244 δήπουθεν
1537 3192 1626 3239 καὶ
1672 3185 1847 3251 εἰδούς

1958 3203 2093 3261 quae
2124 3186 2459 3244 secundum
2489 3186 2686 3258 ipsam
2724 3187 2816 3239 est
2844 3180 3068 3250 anima,
3096 3180 3178 3236 ita
3198 3184 3263 3234 ut
3308 3178 3442 3250 ipsa
3490 3188 3616 3230 non

249 3275 492 3328 συνθετον
518 3278 638 3336 νόῦς
689 3279 779 3326 καὶ
824 3273 979 3345 ψυχὴ
1035 3275 1066 3333 ἡ
1116 3276 1252 3326 κατὰ
1311 3284 1512 3339 τοῦτον,
1560 3279 1631 3339 ὡς
1686 3278 1721 3329 ἅ
1777 3275 1845 3337 δὴ

244 3382 335 3415 και
386 3366 519 3421 αὐτὴ
588 3367 659 3436 μὴ
716 3362 772 3426 ἐξ
815 3362 988 3415 ἁπλῶν
1038 3365 1302 3427 σύνθετον,
1376 3363 1569 3417 ἁπλοῦν
1636 3364 1687 3419 δ’
1769 3370 1846 3426 εἴη

248 3460 422 3525 σῶμα,
457 3454 743 3514 συνθέσεως
790 3452 949 3514 ἄλλης
999 3452 1410 3525 ἀπηλλαγμένον.
1469 3453 1602 3509 Ἀλλ’
1662 3456 1705 3509 εἰ
1759 3476 1851 3510 και

244 3549 421 3611 τοῦτο,
457 3541 575 3595 οὔτε
598 3544 693 3599 τὴν
718 3540 843 3599 ὓλην
872 3545 985 3594 ἔστι
1016 3538 1307 3615 δυναμένην
1336 3550 1467 3595 νοεῖν
1494 3546 1691 3599 τιθέναι
1712 3546 1848 3620 (13),

245 3635 440 3705 μέχρις
459 3629 519 3682 ἂν
540 3631 666 3683 αύτό
698 3627 764 3689 δὴ
795 3630 947 3683 τοῦτο
970 3634 1045 3690 εἴη
1105 3650 1195 3685 και
1246 3636 1399 3704 μόνον
1451 3632 1574 3700 ὕλη,
1634 3636 1753 3688 οὔτε
1790 3640 1849 3689 τὸ

249 3716 389 3783 εἶδος
436 3720 563 3773 αῦτό
622 3716 690 3778 δὴ
734 3727 889 3772 τοῦτο
944 3739 1034 3773 και
1089 3726 1242 3793 μόνον
1287 3723 1631 3796 θεωρούμενον
1686 3721 1848 3791 εἶδος,

248 3810 380 3863 ὥστε
406 3806 670 3871 καιαῦθις
694 3808 748 3873 ἒξ
784 3808 1014 3868 ἀνοήτων
1079 3808 1141 3862 ἆν
1199 3818 1319 3873 νοῦς
1374 3814 1476 3869 εἴη·
1532 3810 1558 3863 ὂ
1604 3808 1673 3872 δὴ
1713 3822 1851 3888 πρῶ-

248 3918 333 3951 τον
367 3902 433 3960 ὡς
471 3900 664 3952 ἄτοπον
722 3901 754 3958 ἧ
816 3918 907 3951 χαι
971 3900 1125 3951 ἄνουν
1187 3900 1345 3952 εἰπεῖν
1406 3902 1677 3975 ἐφύγομεν.
1751 3911 1851 3958 Kal

249 3992 414 4040 τοίνυν
466 3988 622 4060 ψυχὴ
674 3988 825 4049 ζῶσα
867 4007 957 4040 και
1013 3990 1186 4063 νοερὰ,
1243 3988 1385 4041 οὒσω
1431 3986 1501 4048 δὴ
1544 4010 1635 4043 και
1698 4001 1851 4061 σῶμα

245 4082 345 4129 πᾶν
366 4080 538 4149 φεύγει
569 4081 702 4130 ὥστε
730 4077 871 4129 τοῦτ’
936 4078 1085 4148 εἶναι,
1147 4097 1238 4129 χαι
1281 4084 1458 4130 πᾶσαν
1499 4082 1675 4152 φεύγει
1731 4084 1848 4135 σύν-

247 4167 389 4219 θεσιν
427 4166 553 4219 ὥστ’
592 4164 646 4230 ἕξ
697 4166 863 4230 αὐτῆς
917 4163 1071 4222 εἶναι.
1107 4170 1208 4220 Καί
1273 4171 1382 4239 μὴν
1444 4187 1536 4221 και
1605 4169 1871 4236 Πλωτῑνος

1959 3276 2333 3349 simplicibus
2362 3277 2781 3347 componatur,
2810 3271 2918 3328 sed
2950 3285 3170 3342 corpus
3218 3266 3473 3340 simplex
3519 3265 3613 3333 sit,

1960 3365 2111 3422 alius
2154 3363 2603 3436 compositionis
2641 3376 2876 3433 expers.
2939 3359 3055 3416 Sed
3100 3358 3165 3414 in
3232 3357 3349 3413 hac
3420 3355 3617 3427 hypo-

1959 3455 2134 3526 thesi,
2160 3469 2355 3527 neque
2381 3451 2695 3509 materiam
2726 3455 2792 3506 ut
2820 3448 3125 3519 cogitandi
3147 3460 3437 3520 capacem
3478 3457 3618 3515 sup-

1958 3560 2183 3619 ponere
2212 3543 2366 3609 licet,
2406 3541 2683 3615 quandiu
2727 3539 2875 3597 nihil
2913 3538 3029 3596 nisi
3060 3538 3202 3611 ipsa
3257 3533 3508 3593 materia
3560 3536 3619 3589 et

1962 3634 2345 3692 solummodo
2358 3631 2611 3689 materia
2631 3632 2737 3697 sit;
2768 3643 2965 3701 neque
2976 3628 3169 3684 forma
3189 3630 3296 3693 est,
3324 3638 3461 3696 quas
3490 3634 3618 3677 non

1960 3724 2075 3780 nisi
2105 3721 2301 3779 forma
2324 3726 2380 3777 et
2410 3717 2793 3777 solummodo
2813 3717 3011 3775 forma
3028 3716 3107 3773 ad
3154 3709 3617 3784 contemplatio-

1960 3829 2101 3870 nem
2132 3811 2455 3884 pertinens,
2491 3810 2569 3865 ita
2597 3814 2662 3864 ut
2686 3824 2755 3864 ex
2786 3822 2911 3863 non
2939 3802 3408 3876 intelligentibus
3437 3814 3614 3856 mens

1960 3904 2083 3959 ﬁat.
2112 3900 2285 3967 Quod
2316 3914 2461 3956 sane
2481 3899 2746 3971 primum
2777 3899 2842 3953 ut
2879 3894 3215 3952 absurdum
3246 3897 3305 3949 et
3359 3890 3613 3947 demens

1960 3993 2157 4049 dicere
2181 3990 2532 4061 refugimus.
2554 3990 2621 4044 Et
2642 3987 2820 4058 igitur
2844 3984 3051 4041 anima
3066 3984 3273 4039 vivens
3326 3997 3396 4037 ac
3450 3979 3614 4049 cogi-

1960 4086 2095 4139 tans
2115 4078 2325 4153 procul
2336 4078 2506 4134 abest
2521 4078 2670 4133 utsit
2698 4091 2919 4149 corpus
2956 4072 3294 4147 quoddam,
3324 4075 3382 4128 et
3406 4068 3615 4143 procul

1961 4171 2135 4228 abest
2162 4172 2227 4224 ut
2250 4167 2520 4241 quadam
2557 4164 2992 4239 compositione
3003 4162 3444 4220 eﬁormetur.Et
3464 4173 3612 4215 sane

1626 4293 1852 4365 Variae
1900 4294 2255 4364 lectiones.

318 4432 340 4467 ⁸
364 4430 814 4486 ἀναϐιώσεσεσθαι
834 4430 1004 4489 Vind.
1027 4434 1049 4469 ⁷
1071 4451 1126 4486 τε
1153 4432 1297 4489 add.
1329 4435 1455 4492 Vat.
1483 4435 1505 4470 ⁸
1521 4442 1583 4488 ἄν
1602 4437 1743 4496 add.
1768 4440 1847 4495 Va

1958 4458 2027 4491 :au
2045 4441 2114 4491 τὰ
2138 4439 2293 4489 λοιπὰ
2316 4436 2488 4487 πάντα
2504 4436 2571 4486 τὰ
2596 4432 2646 4485 έν
2682 4450 2736 4490 σ.
2766 4433 2892 4488 Vat.
2925 4433 2970 4466 ¹⁰
2992 4449 3082 4482 και
3100 4428 3271 4487 abest
3292 4444 3331 4485 α
3375 4428 3510 4485 Vat.
3567 4427 3607 4462 "

242 4510 343 4557 τῶν
359 4519 481 4561 non
513 4511 601 4562 est
620 4506 683 4561 in
709 4504 838 4569 Vat,
874 4507 918 4541 ¹²
941 4506 1123 4568 πάσης
1144 4511 1297 4564 νοήσ.
1331 4508 1458 4564 Vat.
1494 4508 1538 4542 ιδ
1564 4506 1599 4559 ἂ
1628 4504 1697 4568 δὴ
1728 4512 1847 4568 Vat.

1967 4512 2068 4562 τῶν
2096 4539 2170 4551 --
2199 4508 2371 4561 πάντα
2402 4504 2646 4562 omnisit
2675 4506 2802 4559 Vat.

1821 4616 2038 4685 Notas.

312 4727 424 4798 (10)
447 4727 538 4802 Sic
554 4726 735 4802 etiam
764 4727 832 4802 in_
848 4726 1054 4802 Vatic_.,
1074 4727 1352 4802 nisiforte
1390 4728 1598 4786 vitium
1626 4730 1848 4796 subest,
1884 4742 1928 4796 1)
1959 4732 2089 4802 ipsa
2120 4730 2338 4801 species
2355 4724 2438 4802 _sit
2467 4726 2829 4802 solummodo
2853 4727 3082 4802 species
3113 4724 3191 4783 ad
3224 4722 3613 4802 contempla-

246 4803 311 4872 μὶ
358 4798 647 4872 scriptum
686 4798 861 4855 fuerit
888 4800 1041 4872 «apd
1071 4804 1174 4851 πᾶν
1215 4829 1289 4841 ——
1313 4801 1472 4872 ﬁelro
1523 4817 1537 4868 ;

245 4869 619 4927 locutio‘est.
676 4872 757 4925 Ex
787 4869 1182 4927 Demosthene
1242 4870 1486 4928 advers.
1545 4874 1846 4933 Aristocr.

248 4945 350 5024 665»
375 4941 630 5024 laudant
659 4941 1082 5024 grammatici:
1113 4944 1244 5024 πρὸς
1271 4946 1331 4994 τὸ
1372 4942 1543 5005 καλῶς
1591 4943 1714 5016 ἃχον
1772 4950 1846 4998 τί·

248 5015 454 5071 εσθαίθ.
488 5014 779 5078 Quocirca
824 5014 906 5069 nil
942 5014 1187 5069 mutavi.

312 5087 357 5156 (1
376 5085 428 5144 1)
450 5084 763 5156 ’βφιχνεῖται
789 5084 850 5139 in
873 5084 1149 5156 margine
1170 5090 1225 5156 et
1242 5084 1323 5140 sic
1346 5086 1471 5140 Vat.
1492 5091 1669 5141 recte.

318 5157 431 5228 (l2)
457 5155 1006 5230 Platonicum._Vld.
1030 5155 1255 5230 l’hileb.
1296 5171 1335 5227 p
1377 5228 1390 5230 _
1424 5160 1499 5230 l_2_
1530 5156 1592 5222 d,
1629 5157 1846 5230 Steph.

295 5225 459 5299 (21⁷1Δ
485 5227 608 5298 Bip.
652 5225 896 5298 Epistol.
928 5229 991 5282 Xl
1021 5225 1130 5283 ﬁn.
1175 5242 1236 5299 p.
1298 5225 1401 5281 169
1441 5227 1566 5299 Bip.
1611 5225 1839 5284 Julian.

297 5302 407 5370 rat.
429 5295 486 5370 _ll
514 5295 573 5368 p'.
590 5295 787 5370 57.17"
821 5298 947 5370 ,111
989 5295 1359 5370 ,δραοὶιθωεᾲ
1390 5304 1447 5353 et
1492 5295 1676 5370 hujus
1721 5308 1844 5356 not.

248 5369 325 5443 ad
344 5367 648 5443 Aristoph.
664 5367 1071 5443 Scho_l.Nubb'.
1096 5372 1223 5437 486,
1251 5368 1390 5425 coll.
1413 5367 1743 5443 interprett.
1768 5372 1849 5427 ad

249 5439 502 5511 Mesych.
539 5439 578 5504 Ῑ,
612 5443 716 5496 386
739 5439 961 5495 Albert.

319 5510 429 5582 (13)
460 5513 661 5584 Neque
692 5511 943 5567 materia
992 5510 1139 5584 poni
1190 5515 1389 5584 potest
1444 5516 1736 5584 tanquam
1775 5524 1849 5569 ea

246 5597 384 5715 quae
395 5581 657 5665 cogitare
667 5588 868 5655 queat,
896 5581 1167 5654 quandiu
1193 5581 1262 5653 (ε.
1278 5581 1599 5664 quousque
1623 5585 1712 5639 nil
1730 5586 1850 5640 nisi

268 5669 377 5715 νεα
390 5657 644 5709 materia
656 5658 710 5709 et
731 5653 1099 5709 solummodo
1114 5660 1362 5713 materia
1376 5658 1452 5708 snt
1477 5669 1490 5708 :
1507 5668 1702 5715 neque
1715 5671 1843 5715 spe-

267 5652 377 5729 psa
390 5652 644 5729 materia
656 5652 710 5709 ei
731 5652 1099 5729 solummodo
1114 5652 1452 5729 materiasit
1477 5652 1702 5726 :heque
1715 5671 1843 5729 spe—

248 5726 365 5783 cies
400 5724 719 5802 (tanquam
730 5723 1003 5799 cogitans
1031 5728 1227 5802 potest
1236 5724 1402 5802 poni)
1413 5738 1551 5803 quae
1578 5723 1701 5785 n‘on
1731 5723 1850 5785 ἦιζςί

1593 4794 1853 4860 tenenda
1885 4794 1915 4796 ᾖ
1962 4794 2183 4858 tionem
2216 4800 2541 4874 pertinens.
2580 4820 2707 4874 »_—
2735 4794 3081 4855 Tenendum
3121 4796 3314 4874 rarius
3366 4794 3610 4874 autad-

1954 4874 2178 4945 jectum
2217 4868 2503 4945 "formulae
2561 4870 2687 4923 αὐτὸ
2744 4878 2896 4922 τοῦτο
2958 4889 3130 4945 μονον.
3186 4868 3347 4945 Plato
3400 4868 3609 4945 _(_}org.

1959 4934 2017 5018 i).
2055 4947 2156 5001 182
2184 4961 2197 5000 :
2228 4943 2350 4997 Ὀτι
2377 4950 2470 4995 εῑεν
2500 4947 2880 5018 παρασχευαὶ,ῌ
2912 4934 2967 4993 αἱ
3019 4944 3108 5013 μὲν
3148 4944 3335 5018 μέχρις
3390 4934 3610 5018 ἠῡιξονῆζς,

1958 5009 2087 5068 αὐτὸ
2134 5024 2289 5088 τοῦτο
2346 5020 2499 5088 μόνον
2551 5009 3078 5086 παρασκευάζουσαι.
3133 5009 3344 5088 {Ellam

1958 5090 2049 5154 ΙΙΙ,
2095 5092 2157 5142 17
2216 5104 2229 5142 :
2268 5078 2355 5139 'H'
2387 5086 2513 5137 αὐτό
2552 5078 2706 5137 τοῦτο
2766 5088 2919 5157 μόνον
2959 5088 3053 5141 τὴν
3121 5078 3356 5134 διάνοιαν
3382 5150 3397 5157 _
3423 5081 3611 5152 ἁγαθοὶ

1956 5150 2239 5230 γενόμενοι.
2279 5161 2357 5214 De
2388 5157 2640 5212 solemni
2668 5150 2927 5230 formula
2958 5154 3091 5230 vid._
3112 5150 3404 5230 T9up._ad
3456 5150 3613 5207 Lon-

1958 5224 2085 5310 gini"
2114 5232 2329 5310 Fragg.
2357 5230 2423 5310 V_,
2454 5226 3095 5310 p.‘3‘96‘;‘F:isgher..ad
3123 5224 3397 5310 IE‘Sehin.‘
3437 5239 3516 5310 3.“
3537 5239 3612 5310 ην.

1958 5294 2136 5369 ἇύτὸς,
2167 5294 2370 5374 ibique
2383 5294 2606 5374 _laud_d.
2642 5298 2791 5374 add.
2820 5296 3099 5374 Schaefer.
3125 5294 3203 5374 ad
3239 5294 3445 5374 Lamb.
3466 5296 3610 5374 _Bos.

1956 5367 2184 5445 Ellips.
2210 5367 2429 5445 p._'368,
2464 5370 2595 5445 c_oll.
2654 5368 2955 5445 Heindorf.
2998 5367 3113 5445 _ad_
3141 5368 3332 5445 Gorg._
3382 5370 3422 5445 ξ,
3466 5368 3506 5420 l.
3536 5369 3615 5445 _et

1957 5436 2190 5505 Astfad
2211 5436 2450 5499 'Platon.
2474 5443 2653 5512 Legg.
2688 5458 2747 5512 p.
2782 5442 2872 5495 27.
2898 5436 3499 5512 lnsigniorem__ig_itur
3530 5436 3615 5512 fe-

1958 5516 2037 5571 cit
2062 5513 2390 5571 Nathanael
2420 5514 2479 5568 h.
2511 5508 3037 5568 [abundantiam
3064 5525 3189 5582 qua
3208 5508 3489 5582 adjicitur
3552 5508 3616 5582 in

1958 5585 2357 5657 ealoCutione
2383 5589 2535 5657 μόνον
2568 5600 2581 5639 :
2617 5598 2695 5640 an
2740 5579 3189 5657 elegantiorem,
3216 5579 3344 5657 ipse
3378 5579 3614 5657 viderit,

1958 5656 2119 5787 {Extra
2147 5662 2351 5715 tamen
2377 5649 2765 5712 communem
2784 5649 3106 5724 locutionis
3138 5649 3391 5708 modum
3422 5649 3616 5733 sequi-
