4130 6410
212 302 373 370 1409

211 546 311 580 σιν
345 543 361 593 ;
395 526 560 588 αὐτῆς
591 524 806 595 ἐκείνης,
838 528 868 586 ἣ
905 522 972 586 δὴ
997 531 1085 580 καὶ
1125 535 1187 601 τῇ
1230 527 1278 563 ³⁸
1309 527 1464 601 ψυχῇ
1509 524 1602 582 διὰ
1646 531 1836 588 παντὸς

208 620 318 670 καὶ
361 615 560 678 ἄλυπος
599 616 646 652 ³⁸
703 617 963 688 σύνεστιν,
1002 617 1032 676 ἦ
1080 616 1253 692 ἑτέραν
1305 621 1449 690 παρὰ
1504 619 1700 676 ταύτην
1747 617 1835 670 λέ-

209 696 334 780 γεις
367 702 499 758 εἶναι
528 709 623 764 τὴν
661 702 714 757 ἔκ
743 704 931 778 ψυχῆς
988 704 1407 781 μεταδιδομένην
1455 716 1528 780 τῷ
1579 713 1784 780 σώματι
1817 722 1833 776 ;

212 794 285 848 Εἰ
327 797 422 868 μὲν
447 796 548 867 γὰρ
581 801 673 855 τῆς
720 794 909 856 οἰκείας
946 794 1081 857 ζωῆς
1140 798 1170 855 ὴ
1230 795 1385 869 ψυχὴ
1448 792 1830 870 μεταδίδωσιν,

215 884 493 939 ἀθανάτου
549 887 746 948 ταύτης
814 889 996 957 οὔσης,
1057 884 1141 941 δεῖ
1192 893 1282 942 καὶ
1341 891 1407 941 τα
1466 892 1837 962 μετεσχηκότα

219 980 454 1051 σώματα
484 978 571 1030 τὸν
614 979 730 1028 ἴσον
759 980 950 1050 χρόνον
983 979 1078 1052 ζῇν
1117 999 1206 1031 και
1237 975 1408 1032 ἀίδιον
1458 995 1472 1010 '
1526 977 1569 1030 εἰ
1601 975 1650 1031 δ’
1703 975 1833 1035 ἄλλη

213 1068 317 1140 μὲν
343 1065 532 1139 ψυχῆς
587 1068 716 1137 ζωὴ,
750 1065 877 1125 ἄλλη
933 1063 985 1120 δ’
1053 1067 1220 1129 ἁπλῶς
1252 1069 1396 1130 ζώων
1445 1069 1514 1139 ³ο,
1542 1068 1686 1126 καιή
1745 1069 1835 1140 μὲν

217 1155 398 1208 αὐτῶν
469 1157 660 1208 τούτων
707 1157 875 1231 φθορᾷ
941 1157 1298 1225 συνέζευκται,
1358 1157 1543 1231 ψυχῆς
1610 1153 1669 1210 δὲ
1729 1157 1834 1217 ζωὴ

220 1245 400 1304 πάντη
471 1243 770 1320 ἀνώλεθρος,
817 1254 929 1308 πῶς
977 1245 1002 1298 ὃ
1045 1251 1116 1317 μή
1175 1249 1315 1300 ἔστιν
1369 1247 1499 1321 αὐτῇ
1550 1255 1612 1321 τῇ
1675 1245 1830 1320 ψυχῇ

220 1335 375 1397 ζωῆς
431 1329 592 1402 εἶδος,
638 1335 862 1408 φθαρτόν
917 1344 1146 1409 χορηγεῖ
1214 1343 1324 1398 τοῖς
1378 1352 1676 1410 σωμασιν;
1732 1340 1835 1390 Καί

219 1429 333 1498 μήν
380 1425 425 1477 εἰ
473 1440 563 1476 και
608 1430 761 1476 τοῦτο
844 1419 1088 1492 δύναται,
1149 1425 1304 1499 ψυχὴ
1362 1425 1630 1489 ἁθανατως
1685 1426 1836 1488 ζῶσα

222 1514 465 1588 φθαρτῆς
512 1508 640 1565 εἶναι
691 1507 933 1570 δηλονότι
975 1519 1224 1574 ποιητικὴ
1287 1516 1423 1576 ζωῆς
1449 1515 1520 1587 εί,
1551 1519 1690 1577 τίνος
1719 1516 1832 1588 χά-

216 1621 308 1676 ριν
337 1600 419 1654 ἒπί
451 1604 764 1675 τὰσώματα
818 1611 1097 1670 κατιοῦσα,
1157 1605 1251 1663 ἧκε
1306 1601 1355 1658 δ’
1409 1607 1543 1658 ὥστε
1586 1625 1677 1658 και
1738 1609 1832 1678 ζῇν

216 1690 361 1744 αύτά
389 1698 614 1750 ποιῆσαι
642 1710 731 1743 και
787 1701 1078 1765 κοσμῆσαι,
1113 1693 1171 1746 ού
1212 1702 1302 1747 τοῦ
1329 1700 1617 1771 κρείττονος
1659 1691 1829 1756 εἴδους

1443 312 1608 370 ADV.
1635 300 1983 370 PLOTINUM
2012 311 2103 371 DE
2129 313 2386 379 ANIMA.

297 435 383 510 β’.
415 439 561 496 Τίνος
603 435 793 496 ταύτης
824 453 883 497 ης
921 455 1020 510 φῃς
1053 435 1194 500 ζωῆς
1243 437 1272 496 ἡ
1323 437 1479 511 ψυχὴ
1539 433 1837 512 μὲταδίδω·
1871 442 1918 496 Α

3467 323 3604 387 1410

2023 441 2073 493 5.
2100 440 2387 507 Quaenam
2416 447 2504 502 est
2532 442 2656 502 haec
2702 443 2826 503 vita
2872 445 3067 521 cujus,
3111 451 3178 506 ut
3201 449 3371 524 dicis,
3398 453 3604 514 anima

1946 543 2166 602 corpus
2197 533 2374 591 efﬁcit
2401 535 2700 609 particeps
2727 535 2951 593 ?Il]ane
2974 543 3062 595 est
3086 555 3219 612 quae
3242 543 3457 598 animae
3486 545 3604 617 ipsi

1947 635 2185 694 semper
2205 629 2260 680 et
2290 625 2514 682 doloris
2546 642 2759 699 expers
2809 628 2982 697 inest,
3017 645 3096 686 an
3127 629 3309 688 aliam
3335 649 3471 691 esse
3514 636 3604 693 di-

1946 709 2032 766 cis
2060 727 2194 769 eam
2230 731 2416 788 quam
2462 716 2667 774 anima
2697 719 2935 791 corpori
2989 719 3169 776 tradit
3196 721 3224 776 ?
3257 724 3314 779 Si
3345 725 3601 798 propriae

1949 799 2062 856 sibi
2091 800 2224 858 vitae
2251 803 2457 861 anima
2487 820 2707 879 corpus
2735 806 2918 864 efficit
2962 809 3282 884 particeps,
3301 828 3441 869 cum
3462 813 3601 887 ipsa

1948 889 2022 944 sit
2059 889 2433 966 immortalis,
2478 900 2714 968 oportet
2767 901 2824 953 et
2879 898 3298 973 participantia
3344 917 3601 977 corpora

1943 976 2104 1034 idem
2138 983 2374 1054 tempus
2395 989 2451 1038 et
2477 984 2537 1040 in
2572 989 2863 1041 aeternum
2902 987 3122 1044 vivere.
3165 988 3220 1044 Si
3251 976 3458 1048 autem?
3482 993 3600 1052 alia

1946 1073 2033 1123 est
2062 1069 2278 1124 animae
2303 1072 2442 1144 vita,
2483 1077 2538 1128 et
2597 1073 2712 1130 alia
2767 1075 3118 1150 simpliciter
3174 1079 3594 1153 animantium,

1946 1172 2014 1213 ac
2050 1174 2120 1214 ea
2157 1159 2402 1232 quidem
2442 1162 2842 1220 animantium
2902 1167 3268 1239 corruptioni
3307 1170 3596 1244 subjacet,

1943 1247 2162 1302 animte
2199 1264 2340 1305 vero
2372 1250 2490 1307 vita
2519 1251 2768 1309 omnino
2817 1258 2908 1310 est
2931 1255 3417 1330 incorruptibilis,
3445 1277 3597 1335 quo-

1944 1335 2128 1392 modo
2149 1353 2281 1410 quae
2313 1355 2434 1395 non
2483 1342 2572 1396 est
2615 1342 2833 1399 animm
2891 1343 3020 1399 vitae
3069 1345 3285 1417 forma,
3310 1365 3444 1406 eam
3472 1367 3598 1407 cor-

1941 1425 2286 1498 ruptibilem
2314 1430 2668 1501 corporibus
2687 1431 2960 1504 praebet?
2999 1433 3068 1490 Et
3084 1435 3133 1490 si
3149 1435 3208 1492 id
3223 1453 3465 1511 quoque
3486 1455 3597 1512 po-

1943 1519 2074 1585 test,
2095 1517 2142 1571 si
2166 1517 2324 1574 valet
2347 1519 2549 1577 anima
2571 1520 2896 1578 immortali
2913 1523 3031 1579 vita
3045 1526 3291 1597 praedita
3308 1530 3597 1602 corrupti-

1940 1603 2122 1661 bilem
2144 1607 2328 1663 vitam
2346 1610 2814 1678 communicare,
2844 1628 3030 1685 quare
3053 1615 3129 1670 ad
3153 1631 3403 1689 corpora
3421 1619 3598 1676 deve-

1941 1693 2135 1751 niens.
2158 1695 2395 1753 devenit
2425 1703 2625 1755 autem
2657 1705 2722 1756 ut
2743 1717 2815 1757 ea
2868 1703 3062 1759 vivere
3105 1703 3284 1761 faciat
3307 1711 3370 1764 ’et
3399 1713 3593 1779 ornet,

215 1780 432 1854 ψυχῆς,
455 1788 548 1835 τοῦ
599 1777 658 1834 δε
699 1800 934 1858 χειρονος
983 1780 1318 1857 prﬁdiam;
1373 1784 1456 1845 ἥτ’
1499 1786 1604 1860 ἄρα
1657 1786 1825 1858 φθόνῳ

1941 1798 2062 1840 non
2089 1784 2350 1841 melioris
2379 1787 2943 1859 animaeformae,sed
2961 1791 3254 1850 inferioris
3269 1812 3340 1852 ea
3361 1799 3570 1870 partici

214 1871 426 1932 πάντως
485 1871 633 1946 ἐρεῖς,
693 1871 722 1931 ἦ
775 1871 857 1924 ὅτι
909 1871 966 1925 ού
1030 1876 1089 1926 τό
1145 1882 1378 1949 κρεῖττον
1445 1895 1535 1926 και
1596 1876 1824 1948 ἄμεινον,

212 1955 382 2013 ἓκεῖνο
410 1955 470 2013 δὲ
498 1957 689 2033 μᾶλλον
715 1962 775 2013 τὸ
837 1961 885 1997 ³³
941 1981 1033 2015 και
1067 1960 1279 2039 ἀχρεῖον
1337 1960 1624 2024 δεδύνηται
1653 1985 1667 1999 ο
1716 1963 1825 2017 ἀλλ’

213 2051 261 2102 εἰ
307 2052 369 2102 τὸ
424 2046 650 2124 πρῶτον,
702 2058 808 2112 πῶς
873 2048 933 2103 ἆν
983 2053 1084 2119 εἴη,
1134 2050 1341 2126 ἀγαθῆς
1407 2057 1604 2117 ταύτης
1658 2058 1827 2116 οὔσης

213 2159 310 2191 και
363 2137 537 2211 ἀγαθά
602 2159 720 2192 τινα
770 2139 968 2214 πρᾶξαι
1036 2141 1442 2218 βεϐουλημένης,
1482 2148 1602 2222 περί
1655 2141 1691 2197 ἂ
1736 2165 1826 2198 και

220 2227 587 2304 προεθυμήθη,
642 2225 737 2282 ούκ
797 2228 850 2294 ἐξ
912 2230 1140 2305 ἀνάγκης
1209 2231 1275 2293 δή
1332 2254 1470 2296 τινος
1520 2240 1611 2288 καὶ
1677 2233 1821 2308 βίας,

219 2313 334 2370 ἀλλ’
365 2319 498 2372 ὥστε
540 2319 687 2372 ταῦτ’
719 2313 772 2372 εὖ
812 2320 860 2355 ³³
897 2329 1122 2382 ποιῆσαι
1190 2328 1280 2377 καὶ
1346 2324 1581 2393 ξωῶσαι,
1646 2327 1824 2399 φθονε-

223 2415 327 2483 ρῶς
394 2416 546 2481 σχεῖν
608 2412 698 2461 καὶ
757 2412 851 2469 την
916 2412 1110 2465 τούτων
1174 2421 1342 2486 τεμεῖν
1415 2420 1505 2468 καὶ
1573 2425 1827 2469 στενῶσαι

221 2493 366 2557 ζωήν
399 2512 413 2564 ;
456 2496 500 2550 εἰ
532 2493 584 2550 δ’
623 2499 702 2550 ὃτι
741 2497 836 2551 ούκ
888 2495 950 2558 ἧν
986 2500 1146 2563 αύτῆς
1184 2511 1274 2565 τῆς
1327 2502 1512 2576 ψυχῆς
1566 2507 1825 2560 ἀθανάτου

220 2591 315 2639 καὶ
354 2583 434 2639 ἀεὶ
492 2585 665 2649 ζώσης
725 2592 817 2647 τὴν
870 2588 992 2648 ἴσην
1057 2596 1148 2645 καὶ
1204 2600 1309 2655 τοῖς
1366 2595 1539 2658 ἄλλοις
1597 2595 1829 2670 ἁρμόσαι

225 2673 394 2741 ζωὴν,
442 2678 624 2728 σκόπει
651 2673 848 2750 μήποτ’
877 2677 983 2753 ούχ
1047 2680 1279 2756 ἁρμόζον
1325 2689 1413 2738 καὶ
1459 2685 1602 2738 τοῦθ’
1643 2688 1828 2760 ὁμοίως

218 2766 298 2822 εἴη
365 2768 484 2840 περὶ
563 2768 759 2829 ταύτης
833 2766 1011 2824 εἰπεῖν.
1064 2770 1124 2824 Εἰ
1178 2775 1280 2846 γὰρ
1355 2779 1428 2847 μή
1488 2782 1580 2829 τοῦ
1637 2777 1827 2831 οἰκείου

217 2856 414 2924 πέφυκε
465 2851 813 2928 μεταδιδόναι
862 2858 930 2928 ³⁸,
989 2867 1098 2922 πῶς
1150 2865 1343 2935 πέφυκε
1388 2871 1480 2916 τοῦ
1534 2864 1826 2958 ἀλλοτρίου,

220 2942 304 2994 ἶνα
341 2943 411 3016 μὴ
471 2951 565 2996 τοῦ
614 2943 844 3000 ἐναντίου
904 2946 1054 3021 λέγω,
1097 2952 1236 3026 εἴπερ
1287 2949 1355 3012 δὴ
1417 2951 1620 3008 ἕναντία
1659 2942 1827 3034 φθαρ-ἰ

225 3033 314 3083 τὸν
343 3036 431 3085 καὶ
479 3034 761 3110 ἄφθαρτον,
829 3037 1086 3092 ἀθάνατον
1115 3045 1204 3094 καὶ
1255 3043 1474 3113 θνητόνς
1520 3049 1584 3098 Τί
1625 3044 1684 3100 δὲ
1739 3069 1828 3102 και

221 3128 422 3193 γνοῦσα
451 3130 560 3186 τοῖς
594 3127 684 3196 μεν
734 3124 905 3199 ὀλίγον
937 3127 984 3163 ³⁵
1014 3134 1208 3205 χρόνον
1247 3129 1527 3208 ἀπεμέρισε
1557 3143 1648 3189 τοῦ
1706 3138 1802 3212 ζῇν

222 3215 332 3273 τοῖς
361 3208 419 3264 δε
468 3211 670 3284 πλείω;
716 3215 777 3269 Εἰ
831 3219 922 3290 μὲν
974 3221 1074 3294 γὰρ
1135 3223 1259 3295 πρός
1315 3221 1496 3298 ἀρετὴν
1555 3208 1828 3299 βλέπουσα

215 3317 308 3350 και
357 3304 544 3353 κακίαν
582 3301 717 3356 οὕτω
783 3300 850 3363 δὴ
902 3311 994 3359 καὶ
1050 3311 1110 3361 τό
1157 3309 1253 3382 ζῇν
1307 3319 1488 3385 μετρεῖ
1539 3316 1670 3388 (l6),
1716 3325 1826 3382 τοῖς

217 3390 307 3462 μεν
335 3387 418 3443 ἵνα
450 3389 608 3444 πλείω
664 3395 1046 3470 κατορθώσωσι
1107 3400 1173 3451 τὰ
1237 3397 1426 3474 βελτίω
1475 3412 1824 3482 προαιρουμέ-

217 3497 325 3541 νοις
348 3483 438 3532 καὶ
492 3479 649 3533 πλείω
705 3487 935 3558 νέμουσα
988 3490 1077 3546 τὴν
1129 3488 1288 3555 ζωὴν,
1339 3500 1438 3544 τῶν
1480 3488 1530 3546 δ’
1587 3479 1670 3549 ἶνα
1715 3479 1822 3572 τρε-

218 3571 419 3640 χόντων
463 3566 546 3622 ἐπὶ
599 3572 664 3623 τὰ
729 3577 896 3646 χείρω
945 3574 1085 3650 κόψη
1139 3582 1228 3630 τόν
1287 3577 1500 3656 δρόμον,
1553 3589 1824 3641 κόπτουσα

220 3663 308 3711 καὶ
334 3662 447 3726 (17)
494 3662 583 3712 τὸν
621 3668 715 3746 τοῦ
745 3667 940 3738 χρόνον
967 3673 1058 3727 τῆς
1089 3665 1230 3730 ζωῆς
1283 3665 1478 3746 δρόμον
1525 3674 1593 3741 ³⁵,
1627 3679 1822 3730 τούτων

219 3764 274 3799 τε
327 3745 572 3800 κάκείνων
623 3745 764 3803 ἰδίαν
803 3753 976 3828 ὥσπερ
1058 3759 1148 3808 καὶ
1203 3745 1370 3831 χωρὶς
1438 3756 1676 3816 διάθεσιν
1731 3771 1822 3819 καὶ

219 3839 425 3893 κίνησιν
463 3839 606 3911 παρὰ
643 3846 735 3900 τῆς
762 3839 807 3874 ³⁷
835 3840 1025 3914 ψυχῆς
1075 3841 1300 3916 ἐχόντων
1331 3867 1344 3881 ο
1374 3847 1480 3902 ἀλλ’
1537 3849 1644 3911 ἤδη
1697 3855 1821 3929 ὁρῶ-

226 3942 312 3996 μεν
347 3924 567 3986 πολλοὺς
603 3929 695 4000 μὲν
751 3937 851 3981 τῶν
904 3941 1077 3984 κακῶν
1124 3938 1214 3987 καὶ
1258 3937 1393 3990 πάνυ
1431 3958 1484 3991 τι
1545 3941 1591 3976 ³⁸
1626 3953 1816 4012 κακῶν,

224 4014 352 4064 πάνυ
377 4033 428 4066 τι
457 4015 582 4056 ³⁹ο³⁶
607 4021 699 4069 καὶ
731 4017 947 4087 ζῶντας,
1011 4021 1228 4087 πολλους
1283 4022 1335 4077 δ’
1365 4025 1521 4102 ἀρετῇ
1576 4050 1819 4105 προσκει-

219 4103 418 4176 μένους,
473 4102 522 4156 ἔν
578 4103 781 4180 βραχεῖ
811 4128 913 4161 τινι
968 4116 1145 4184 χρόνῳ
1182 4113 1292 4187 ἅμα
1339 4134 1394 4169 τε
1441 4127 1532 4171 τοῦ
1587 4102 1682 4194 ζῇν
1731 4128 1820 4176 καὶ

217 4196 306 4252 τῆς
347 4197 466 4267 περὶ
519 4195 587 4246 τὰ
653 4195 788 4248 καλὰ
854 4197 1096 4262 σπουδῆς
1162 4209 1537 4278 πεπαυμένους.
1591 4207 1820 4283 Ὀρῶμεν

221 4276 278 4333 δὲ
311 4281 354 4316 ⁸7
383 4285 616 4345 καὶτοὺς
643 4289 803 4358 μήπω
841 4286 1050 4351 ἡλικίας
1104 4289 1421 4367 ἁψαμένους,
1464 4302 1582 4370 περὶ
1633 4297 1819 4374 ἀρετῆς

221 4366 367 4423 οὐδὲν
391 4376 524 4444 μήτε
547 4378 732 4436 κακίας
788 4373 996 4440 εἰδότας
1035 4379 1104 4446 ³⁸,
1173 4379 1353 4457 ἀώρως
1399 4380 1533 4438 οὕτω
1591 4397 1682 4442 τοῦ
1722 4391 1818 4466 ζῇν

221 4457 514 4529 ἕκστάντας,
562 4465 699 4516 καὶὸ
748 4463 896 4535 λόγος
951 4466 1217 4524 κάνταῦθα
1261 4475 1395 4535 τίνος
1451 4475 1615 4546 ἕνεκα,
1671 4480 1813 4534 εἰκό-

1808 3183 1823 3210 ’
1857 3181 1896 3237 C

1938 1872 2144 1944 pantia
2168 1873 2358 1932 etfecxt
2378 1876 2406 1932 ?
2439 1879 2553 1933 Aut
2574 1877 2804 1934 invidia
2829 1881 3080 1937 omnino
3108 1881 3290 1950 dices,
3319 1891 3421 1942 aut
3450 1889 3596 1960 quia

1935 1976 2058 2017 non
2090 1963 2288 2034 majus
2316 1969 2369 2020 te
2393 1964 2625 2036 melius,
2665 1967 2769 2023 sed
2800 1966 2948 2024 illud
2987 1970 3188 2027 minus
3211 1977 3269 2029 et
3292 1973 3462 2046 pejus
3491 1991 3597 2049 po-

1935 2048 2064 2104 tuit.
2108 2051 2221 2106 Sed
2253 2051 2302 2107 si
2327 2053 2874 2125 prius,’quomodo
2931 2055 2997 2113 ﬁt
3059 2064 3123 2114 ut
3178 2061 3402 2133 anima,
3454 2048 3595 2121 cum

1933 2137 2096 2195 bona
2118 2139 2191 2196 sit
2222 2145 2279 2197 et
2311 2140 2537 2215 aliquid
2566 2142 2712 2199 boni
2757 2151 3040 2218 praestare
3098 2149 3237 2206 velit
3266 2150 3336 2206 iis
3366 2152 3425 2208 in
3456 2169 3591 2225 quae

1936 2227 2202 2284 studium
2228 2230 2430 2299 habet,
2462 2247 2582 2288 non
2607 2248 2678 2290 ex
2716 2235 3069 2293 necessitate
3096 2242 3151 2294 et
3179 2240 3258 2308 vi,
3284 2239 3490 2298 invida
3521 2243 3596 2300 sit

1935 2317 2286 2391 earm'mque
2309 2319 2494 2377 vitam
2527 2327 2684 2378 secet
2705 2339 2773 2378 ac
2792 2325 3027 2382 minuat
3054 2325 3081 2383 ?
3103 2327 3162 2384 Si
3193 2335 3415 2399 autem,
3447 2332 3594 2404 quia

1934 2420 2058 2462 non
2087 2412 2284 2479 potest
2331 2410 2538 2466 anima
2603 2416 2661 2468 et
2723 2411 3079 2471 immortalis
3145 2422 3201 2474 et
3241 2434 3478 2493 semper
3506 2421 3592 2478 vi-

1935 2511 2103 2568 vens,
2143 2498 2439 2570 aequalem
2484 2504 2542 2557 et
2597 2501 2728 2558 aliis
2786 2503 2972 2561 vitam
3029 2505 3400 2580 dispensare,
3454 2511 3592 2569 vide

1938 2600 2012 2640 ne
2039 2601 2159 2641 non
2186 2603 2521 2658 congruum
2553 2591 2628 2647 sit
2677 2591 2793 2648 hoc
2819 2593 2894 2649 de
2931 2593 3033 2651 illa
3085 2596 3299 2654 dicere.
3334 2600 3389 2656 Si
3429 2601 3590 2658 enim

1936 2676 2248 2748 proprium
2265 2679 2685 2737 transfundere
2698 2689 2977 2755 nequeat,
2996 2688 3307 2757 quomodo
3322 2692 3512 2761 possit
3526 2692 3589 2748 id

1937 2764 2167 2821 tradere
2192 2767 2357 2839 quod
2379 2767 2490 2840 ipsi
2516 2774 2868 2828 extraneum
2894 2777 2998 2845 est,
3028 2789 3103 2831 ne
3132 2775 3332 2834 dicam
3357 2783 3590 2840 contra-

1937 2855 2113 2923 rium,
2178 2856 2477 2929 siquidem
2531 2862 2833 2919 contraria
2900 2869 3041 2921 sunt
3100 2868 3480 2942 corruptibile
3532 2876 3592 2930 et

1937 2943 2408 3019 incorruptidile,
2432 2949 2768 3008 immortale
2793 2956 2848 3008 et
2877 2954 3127 3011 mortale
3151 2957 3178 3013 ?
3200 2958 3353 3024 Quid
3385 2966 3589 3036 autem

1937 3035 2205 3107 cogitans
2232 3036 2360 3093 aliis
2381 3038 2628 3111 quidem
2645 3047 3154 3118 parvumtempus
3176 3035 3430 3119 vivendi,
3456 3051 3586 3109 aliis

1935 3122 2172 3196 longius
2196 3125 2566 3199 impertivit?
2594 3131 2647 3188 Si
2672 3131 2830 3187 enim
2862 3133 2940 3189 ad
2969 3133 3247 3193 virtutem
3278 3141 3591 3199 attendens

1937 3218 1993 3270 et
2015 3214 2304 3272 malitiam
2334 3216 2416 3273 ita
2440 3218 2619 3275 vitam
2654 3221 2893 3278 metitur
2913 3223 3041 3280 aliis
3061 3225 3306 3298 quidem
3337 3229 3591 3290 meliora

1938 3302 2316 3378 eligentibus,
2339 3323 2461 3380 quo
2492 3308 2666 3382 plura
2695 3316 2852 3368 recte
2874 3311 3116 3382 faciant,
3138 3315 3470 3388 longiorem
3489 3323 3591 3377 tri-

1933 3393 2128 3451 buens
2158 3396 2364 3466 vitam,
2385 3397 2641 3456 aliorum
2663 3406 2864 3459 autem
2891 3403 2968 3460 ad
2998 3404 3207 3478 pejora
3223 3412 3588 3470 currentium

1934 3489 1998 3541 ut
2029 3501 2272 3543 cursum
2294 3493 2471 3554 secet,
2500 3506 2710 3547 secans
2740 3497 2796 3549 et
2833 3493 2969 3550 vitae
3003 3499 3286 3569 temporis
3317 3517 3583 3572 cursum,

1931 3573 2024 3630 his
2047 3580 2102 3632 et
2138 3576 2252 3632 illis
2281 3580 2590 3651 propriam
2615 3581 2789 3654 quasi
2842 3598 2911 3639 ac
2955 3593 3296 3656 separatam
3326 3589 3587 3664 disposi-

1933 3663 2151 3721 tionem
2169 3671 2227 3722 et
2246 3672 2476 3724 motum
2494 3668 2649 3728 ultra
2678 3671 2895 3727 animae
2923 3679 3157 3731 motum
3177 3663 3540 3738 habentibus
3568 3696 3582 3750 ;

1927 3751 2056 3824 jam
2092 3755 2364 3812 videmus
2390 3758 2615 3814 multos
2664 3761 2910 3834 quidem
2959 3763 3255 3822 malorum
3302 3774 3358 3826 et
3404 3771 3584 3828 etiam

1932 3843 2354 3915 pessimorum,
2403 3847 2506 3903 diu
2588 3848 2872 3906 viventes.
2935 3852 3155 3910 multos
3197 3872 3340 3914 vero
3383 3860 3584 3918 virtuti

1931 3931 2324 4002 adhaerentes,
2367 3940 2504 4007 post
2545 3935 2724 3995 breve
2769 3945 3009 4013 tempus
3055 3947 3112 3998 et
3157 3947 3276 4002 vita
3333 3948 3585 4009 simulet

1927 4019 2074 4076 boui
2120 4023 2319 4079 studio
2376 4032 2702 4086 cessantes.
2782 4028 3064 4087 Videmus
3111 4037 3313 4092 autem
3367 4043 3424 4094 et
3480 4055 3584 4096 eos

1929 4110 2033 4183 qui
2064 4111 2339 4168 nondum
2362 4113 2832 4174 adolescentiam
2863 4119 3130 4193 attigere,
3174 4123 3248 4180 de
3273 4123 3486 4185 virtute
3511 4144 3584 4186 ac

1931 4198 2157 4256 malitia
2186 4201 2332 4258 nihil
2356 4204 2630 4272 scientes,
2663 4212 3019 4279 praemature
3059 4211 3141 4268 ita
3163 4229 3194 4268 e
3215 4214 3334 4272 vita
3364 4233 3583 4275 exeun«

1931 4291 2017 4344 tes
2053 4303 2068 4356 ;
2103 4295 2282 4362 atque
2303 4285 2384 4348 ibi
2411 4293 2564 4350 ratio
2587 4311 2711 4367 qua
2757 4295 2831 4352 de
2875 4314 3054 4356 causa
3098 4301 3343 4359 minime
3371 4305 3585 4366 infaili-

1927 4375 2063 4433 bilis
2081 4382 2184 4435 est.
2221 4381 2506 4439 Virtutem
2534 4388 2734 4441 autem
2778 4387 2873 4443 vel
2916 4389 3202 4447 malitiam
3231 4395 3420 4452 utrius
3449 4414 3582 4456 esse

1929 4465 2224 4538 dicemus,
2257 4469 2469 4527 animae
2501 4489 2576 4528 an
2606 4476 2872 4548 corporis
2906 4479 3090 4545 ;Sunt
3110 4481 3452 4558 amborum,
3479 4491 3587 4547 aut

222 4564 317 4612 τως
347 4547 416 4620 39,
449 4551 623 4610 ἣκιστ’
651 4551 905 4627 ἀσφαλής.
938 4549 1104 4622 Ὀλως
1135 4550 1185 4612 δ’
1234 4559 1414 4636 ἀρετὴν
1441 4564 1472 4625 ἦ
1531 4568 1578 4603 ⁴⁸
1630 4575 1816 4624 κακίαν

1937 4555 2108 4612 unius
2121 4563 2374 4618 tantum.
2400 4561 2508 4618 Sed
2532 4561 2579 4618 si
2594 4547 2789 4630 unius,
2805 4571 3173 4626 suntanimae
3190 4579 3380 4645 erunt,
3401 4547 3584 4651 siqui-

226 4641 352 4701 τίνος
380 4637 440 4691 ἃν
500 4637 629 4693 εἶναι
668 4648 889 4718 φαίημεν
939 4645 1008 4713 υ,
1038 4646 1222 4721 ψυχῆς
1253 4651 1283 4710 ἦ
1319 4657 1606 4727 σώματοςς
1639 4658 1670 4719 ἦ
1715 4662 1815 4736 γὰρ

229 4722 426 4801 ἀμφοῖν,
455 4728 484 4788 ἦ
528 4728 638 4795 ἐνὸς
688 4728 863 4809 δήπου
915 4737 1130 4793 τούτων.
1183 4737 1318 4793 Ἀλλ’
1362 4722 1472 4807 ἑνός
1510 4722 1660 4824 εἴπερ,
1699 4722 1813 4825 εέεὲ,

1929 4645 2069 4702 dem
2099 4653 2156 4704 et
2175 4646 2314 4706 inde
2336 4665 2549 4708 omnes
2583 4653 2660 4710 ad
2686 4654 2919 4714 bonum
2951 4663 3006 4715 et
3026 4659 3251 4718 malum
3277 4645 3497 4735 motus,
3523 4669 3583 4727 Si

1929 4751 2070 4794 vero
2097 4738 2440 4810 amborum,
2469 4746 2526 4800 et
2551 4743 2634 4802 ita
2653 4746 2868 4803 animae
2898 4749 3097 4823 potius
3113 4758 3287 4812 erunt
3303 4771 3437 4830 quae
3459 4773 3586 4817 cor-

1571 4861 1795 4935 Varim
1840 4864 2191 4942 lectiones.

289 4958 334 4995 ³⁸
387 4967 450 5034 τῇ
517 4977 640 5021 non
697 4967 790 5024 est
837 4965 899 5024 in
927 4967 1052 5025 Vat.

224 5029 386 5089 ἧττον.
423 5029 432 5034 ’
465 5035 515 5070 ⁸³
546 5036 716 5093 Vind.
759 5037 817 5092 ού
849 5039 1028 5098 male.

221 5105 429 5177 @9775;
453 5103 515 5177 ψ.
562 5109 682 5166 Vat.
715 5115 894 5169 recte.

219 5174 266 5210 ⁸³
291 5176 452 5230 εἵνεκα
466 5174 691 5249 ἐίκότος,
725 5184 852 5240 Vat.

1130 4970 1178 5006 ³ο
1201 4969 1420 5038 οἶλλυτος
1451 4976 1576 5034 Vat.

1104 5042 1153 5116 f"
1173 5041 1495 5116 μεταδοῦναι
1519 5052 1644 5109 Vat.

971 5113 1019 5148 ⁸⁸
1055 5113 1223 5171 Vind.
1281 5118 1416 5171 πάνυ
1461 5139 1561 5176 τοι.

930 5182 978 5220 ⁸ο
1007 5189 1098 5239 καὶ
1127 5189 1254 5245 Vat.
1335 5192 1379 5226 ⁸¹
1414 5199 1597 5267 φαῖμεν
1631 5193 1758 5258 Vat.

1656 4981 1705 5018 80
1727 4984 1827 5073 ’ΥΠ

1937 4990 2095 5073 5:503,
2119 4989 2304 5073 male.
2336 5063 2351 5073 .
2384 4989 2428 5030 ⁸¹
2460 4993 2754 5073 {gignon
2775 4997 2958 5059 habet
2984 5001 3110 5060 Vat.
3187 5002 3236 5041 3’
3265 5003 3400 5067 fort.
3432 5009 3576 5073 add.

1725 5055 1773 5129 ἓξ
1804 5057 1975 5115 Vind.
2013 5055 2190 5129 πλὲίω,
2231 5063 2412 5122 male.

1640 5124 1773 5168 "-3‘
1834 5130 2006 5188 Vind.
2043 5124 2186 5186 πάνυ
2233 5154 2337 5196 τοι.

2489 5067 2537 5104 ⁸³
2601 5070 3084 5172 Suprascriptum
3132 5082 3350 5165 πρόμον,
3425 5082 3472 5118 ³⁷
3505 5067 3576 5144 ᾖ

2414 5135 2462 5172 87
2494 5134 2554 5172 A“.
2608 5141 2775 5172 αιτιηοῦ
2824 5159 2852 5172 -
2959 5151 3014 5172 ..ι
3113 5145 3160 5172 an
3206 5147 3295 5172 -.Α
3330 5155 3359 5172 σν
3450 5155 3552 5172 ιη.

2494 5134 2554 5193 6“:
2606 5134 2777 5200 abest
2821 5159 2859 5202 ο,
2911 5134 3035 5204 Vat.
3113 5134 3405 5217 ⁸⁸’σῖδυίνας
3450 5134 3578 5214 Vat:

1790 5316 2008 5390 Notae.

287 5411 720 5505 (lQApodesis
751 5414 959 5505 incipit
987 5419 1242 5505 a‘yerbis
1273 5420 1381 5505 ᾁλλζ
1418 5421 1532 5505 ἤδη
1592 5428 1812 5505 ὁρῶμεν,

222 5483 514 5612 ξέιξεᾳέιὶυἰε
529 5488 590 5542 in
605 5486 721 5544 hoc
738 5483 1108 5574 scriptoa’me‘z
1130 5494 1385 5567 apodosi
1405 5483 1815 5562 ordiendaiin:

350 5571 366 5610 ι
399 5597 410 5611 .

288 5626 395 5698 (t7)
418 5625 584 5688 Idem
613 5630 944 5695 Nathanael
964 5632 1030 5696 in
1057 5633 1290 5712 epistol.
1321 5655 1441 5703 ms.
1481 5643 1597 5720 ap.’
1614 5643 1813 5709 Viltoi~

1925 5451 2056 5536 sqn,
2084 5438 2396 5536 Αηερςίοετ.
2451 5441 2597 5532 'Grr.
2628 5460 2692 5520 p.
2721 5449 2809 5536 ‘72
2845 5464 2859 5506 :
2919 5449 2990 5536 Ἐἰ
3033 5456 3264 5536 Χριστόν
3286 5457 3578 5536 Δὸρῶιτρέτ

1921 5526 2063 5606 ἕεις,
2114 5513 2304 5606 ,καλῇς
2370 5513 2740 5606 τρέχεις,”καὶ
2796 5525 3062 5606 κατάτεινε
3083 5513 3093 5532 ’
3113 5531 3234 5606 ,τὸν
3274 5513 3505 5606 δρόμον·⁸
3531 5534 3577 5590 εἰ

1923 5580 1979 5634 6's
2028 5585 2158 5712 πρὸς
2204 5583 2328 5642 ἄλλο
2391 5580 2744 5647 τίῆ-πέπων
2792 5591 3025 5670 βλέπεις,
3084 5580 3220 5668 alii,

1918 5666 2058 5710 σπεν
2101 5674 2192 5712 εις.

2108 5675 2192 5722 μς.
