4130 6418
233 302 371 356 1413
1442 286 1604 342 ADV.
1637 279 1864 340 PLOTII

1969 281 1994 336 ί
2032 281 2121 344 DE
2152 284 2394 342 ANIMA.
3459 288 3600 348 1414

231 424 374 497 εἶχεν
447 420 807 494 ἐνηρμοσμένα
881 421 992 475 τοῖς
1051 415 1351 487 νεκρωθεῐσι
1432 417 1525 462 τοῦ
1601 413 1839 497 σώματος

1971 419 2112 460 rans
2141 406 2346 463 vivens
2358 425 2598 482 corpus,
2613 410 2695 466 ibi
2721 411 2927 468 ﬁnitur
2943 411 3044 468 ubi
3076 411 3289 469 etillud
3306 417 3524 468 cessat.
3543 411 3601 467 Si

231 495 442 586 μέρεσιν
495 526 509 576 ;
569 505 706 559 Ἀλλ’
767 504 957 556 ἄτοπον
1014 510 1183 554 ταῦτα
1265 505 1383 575 περί
1469 505 1561 550 τοῦ
1618 495 1840 570 ἀμεροῦς

1971 509 2072 566 [ua
2088 511 2227 551 vero
2239 512 2380 567 pars
2398 500 2676 570 patiatur,
2695 501 3020 574 passioque
3033 501 3273 574 spiritus
3285 506 3519 558 motum
3543 505 3602 557 et

231 583 324 654 νοῦ
390 599 441 634 ⁵⁸
489 616 580 648 και
638 595 972 646 παντάπασιν
1015 590 1244 650 ἀπαθοῦς
1303 608 1393 641 και
1461 583 1840 656 ὑπολαμϐάνειν

1968 583 2171 639 mimae
2185 587 2655 657 permeationem
2672 589 2858 661 sistat,
2878 605 2948 645 ea
2960 607 3100 664 pars
3131 592 3436 654 emoritur.
3461 605 3599 646 cum

231 709 327 741 και
362 687 524 758 λέγειν
553 703 565 714 ·
613 686 732 757 περί
790 679 839 733 δ’
894 682 956 742 ἧς
1003 682 1189 752 ἔφημεν
1236 679 1462 753 ῥευστῆς
1517 674 1705 745 ψυχῆς
1752 691 1842 724 και

1968 687 2085 727 iam
2108 674 2241 728 vitae
2259 675 2620 749 principium
2638 678 3034 755 derelinquat,
3059 695 3253 753 neque
3277 680 3468 754 possit
3486 680 3599 736 hu-

234 779 488 852 φθαρτῆς,
531 769 683 826 οὐδὲν
736 771 970 835 ἀπεικός,
1019 768 1128 820 ἐπεί
1186 788 1274 819 και
1317 770 1629 840 μεμέρισται
1684 761 1840 827 αὕτη,

1976 779 2044 815 us
2069 763 2370 835 particeps
2401 781 2556 820 esse.
2591 767 3065 841 Siautemipsam
3081 771 3346 843 corporis
3371 774 3603 842 partem

234 849 351 920 καὶν
392 872 574 917 τοῦτον
629 858 696 918 δὴ
748 863 834 912 τὸν
889 863 1078 932 τρόπον
1124 859 1293 910 πάντα
1362 857 1539 928 φθάνει
1612 854 1678 904 τὰ
1752 857 1844 901 τοῦ

1974 849 2220 906 rulneret
2249 853 2452 924 passio
2479 869 2617 926 quae
2647 856 3053 928 principatum
3079 863 3239 914 tenet
3288 875 3457 926 ;cum
3507 859 3605 914 hic

237 962 489 1028 σώματος
538 956 715 1025 μόρια,
760 951 1015 1020 πνεύματι
1088 943 1155 1004 δὴ
1211 965 1312 996 τινι
1372 945 1578 1012 ζωτικῷ
1638 959 1695 1011 ’γε
1741 943 1847 990 ὄντι

1974 939 2200 1010 ;piritus
2229 943 2303 996 sit
2327 943 2547 998 animae
2584 944 2783 1000 vitalis
2801 946 3162 1010 vehiculum,
3188 949 3391 1005 statim
3408 948 3605 1004 omnis

236 1027 593 1116 ἐποχουμένη,
635 1059 726 1090 και
777 1040 906 1109 μετὰ
943 1039 1128 1088 τούτου
1179 1031 1530 1086 διαϐαίνουσα
1580 1036 1672 1080 τοῦ
1723 1028 1848 1088 ζῶν-

1975 1027 2077 1083 rita
2115 1035 2395 1102 corrupta
2423 1032 2626 1087 ﬁnitur
2654 1052 2667 1102 ;
2691 1037 2984 1108 quoniam
3011 1038 3140 1094 haec
3169 1040 3290 1096 vita
3311 1039 3606 1113 corrupti-

237 1153 324 1194 τος
407 1137 650 1202 σώματος
696 1134 969 1197 πανταχῆ,
1027 1125 1130 1176 ἐκεῖ
1167 1121 1234 1182 δὴ
1271 1125 1318 1158 ⁵⁵
1349 1124 1604 1196 περαίνει,
1636 1118 1755 1170 ὃποι
1799 1117 1847 1152 ⁵⁸

1971 1117 2091 1172 silis
2120 1124 2227 1188 est,
2258 1126 2321 1175 ut
2338 1123 2769 1194 supposuimus
2787 1130 2843 1180 et
2855 1126 2981 1196 jam
2998 1127 3477 1186 demonstratum
3495 1134 3602 1186 est.

240 1219 310 1281 δὴ
353 1241 442 1273 και
472 1227 624 1271 τοῦτο
659 1219 1016 1289 συμπεραίνει.
1049 1214 1109 1266 Εἰ
1136 1210 1196 1265 δὲ
1231 1233 1284 1264 τι
1317 1213 1476 1264 πάθοι
1524 1217 1623 1261 τῶν
1659 1215 1847 1280 μερῶν,

1976 1209 2025 1261 Et
2039 1206 2349 1275 igiturnon
2364 1210 2709 1282 simpliciter
2721 1215 3055 1270 secundum
3069 1224 3322 1273 mentem
3335 1219 3607 1284 vivimus,

236 1332 331 1364 και
363 1315 421 1362 τό
467 1328 526 1380 ’γε
573 1308 739 1367 πάθος
786 1309 879 1362 τήν
909 1323 961 1355 τε
1013 1311 1105 1354 τοῦ
1161 1304 1448 1372 πνεύματος
1492 1317 1698 1355 κινησιν
1761 1314 1851 1347 και

1979 1295 2064 1350 sed
2083 1297 2406 1366 cogitantes
2426 1299 2580 1355 bene
2591 1302 2873 1357 vivimus.
2891 1306 3077 1376 Hujus
3094 1312 3296 1363 autem
3316 1313 3610 1382 corruptae

239 1406 336 1458 τὴν
367 1399 559 1450 αὐτόσε
605 1397 649 1431 ⁵⁷
681 1403 773 1454 τῆς
813 1393 999 1464 ψυχῆς
1031 1396 1217 1448 στήσοι
1267 1387 1536 1457 διάϐασιν,
1595 1390 1746 1438 τοῦτό
1795 1403 1852 1454 γε

1982 1387 2180 1439 mimae
2201 1386 2417 1443 melius
2437 1393 2525 1443 est
2547 1389 2743 1446 dicere
2764 1397 2821 1447 et
2841 1399 3184 1466 corruptam
3207 1413 3336 1452 esse
3357 1398 3516 1454 hanc
3533 1399 3613 1454 vi-

242 1510 336 1542 και
389 1491 714 1561 νενέκρωται,
775 1490 866 1534 τοῦ
924 1487 1013 1539 τήν
1071 1481 1209 1540 ζωὴν
1263 1478 1474 1538 ἐνιέντος
1528 1476 1851 1561 ἀπολειφθὲν,

1984 1487 2119 1540 am;
2152 1490 2324 1530 mens
2350 1492 2492 1532 vero
2519 1485 2576 1533 et
2604 1495 2738 1551 quae
2769 1483 3103 1539 secundum
3129 1501 3265 1542 eam
3295 1491 3383 1542 est
3408 1488 3615 1543 anima

243 1599 338 1631 και
385 1581 456 1649 μὴ
517 1559 800 1646 δυνάμενον
851 1573 928 1623 ἔτι
995 1573 1234 1641 μετέχειν
1288 1567 1448 1619 αὐτοῦ
1496 1587 1509 1599 ο
1558 1563 1653 1616 κᾶν
1713 1559 1772 1615 δέ
1801 1562 1853 1634 γ’

1982 1577 2032 1617 ιο
2054 1562 2193 1630 vita,
2234 1579 2372 1619 cum
2399 1564 2658 1623 debeant
2679 1584 2818 1624 cum
2833 1585 3083 1644 corpore
3104 1574 3439 1630 secundum
3456 1575 3613 1631 hanc

246 1665 326 1719 ἐπ’
377 1665 502 1717 αὐτὸ
555 1667 708 1737 μέρος
755 1668 848 1712 τοῦ
914 1663 1151 1730 σώματος
1214 1657 1288 1709 ἰὸν
1342 1655 1496 1728 βάλοι
1523 1657 1580 1706 τὸ
1637 1653 1798 1711 πάθος
1828 1650 1854 1702 ὃ

1984 1651 2348 1707 iarmoniam
2370 1654 2728 1712 concinnato
2753 1661 3120 1730 conversari,
3143 1669 3520 1735 permanent,
3544 1679 3615 1720 ea

249 1753 317 1814 δὴ
347 1775 436 1807 και
455 1758 550 1811 τὴν
579 1750 755 1826 ἀρχὴν
788 1752 936 1821 ἴσχει
970 1769 982 1780 ·
1007 1754 1156 1799 τοῦτο
1212 1742 1261 1798 δ’
1295 1742 1424 1798 εἶναι
1453 1745 1503 1779 ⁸⁸
1547 1745 1605 1795 τὸ
1653 1748 1856 1812 πνεῦμα

1986 1737 2238 1807 lurante,
2272 1741 2465 1800 soluta
2491 1749 2691 1800 autem
2731 1751 2789 1802 et
2811 1747 2945 1820 ipsa
2981 1766 3155 1806 mens
3185 1751 3452 1825 solvitur,
3467 1752 3617 1809 nihil

250 1852 345 1906 τῆς
397 1843 621 1903 ζωτικῆς
674 1839 727 1890 ὃν
781 1837 966 1908 ψυχῆς
1041 1839 1246 1907 ὄχημα,
1307 1833 1459 1894 εὐθὺς
1502 1851 1592 1884 και
1647 1834 1706 1882 τὸ
1759 1829 1855 1900 ζῇν

1986 1829 2218 1897 )atiens,
2252 1831 2553 1904 siquidem
2586 1835 2840 1907 simplex
2861 1842 2918 1893 et
2939 1839 3334 1912 impassibilis
3361 1847 3467 1911 est,
3505 1859 3617 1900 nec

251 1933 363 1986 ὅλον
422 1933 608 2004 φθαρὶν
663 1931 942 1992 πέπαυται,
1003 1927 1200 1984 ταύτης
1236 1919 1303 1980 δὴ
1359 1931 1457 1983 τῆς
1505 1921 1644 1982 ζωῆς
1697 1920 1857 1992 φθαρ-

1990 1934 2089 1974 am
2107 1918 2186 1974 ad
2202 1919 2320 1976 alia
2342 1924 2724 1994 transmigrat
2745 1935 3023 1999 corporat
3046 1947 3241 2004 neque
3262 1933 3457 2006 primo
3480 1949 3618 1990 con-

248 2031 346 2083 τῆς
391 2024 577 2082 οὔσης,
636 2019 706 2079 ὡς
753 2016 1042 2086 ὑπεθέμεθα
1097 2033 1187 2064 και
1231 2009 1336 2070 ἤδη
1393 2007 1662 2063 δέδεικται
1714 2029 1726 2041 ·
1767 2026 1859 2058 και

1988 2022 2188 2076 genera
2200 2025 2272 2064 ex
2283 2025 2406 2082 quo
2417 2026 2658 2081 egressa
2670 2019 2774 2085 est,
2795 2031 2990 2090 neque
3003 2018 3084 2075 ad
3096 2015 3212 2078 alia
3223 2023 3619 2094 quorumdam

249 2115 422 2164 τοίνυν
459 2108 517 2160 οὐ
575 2109 709 2158 κατά
757 2112 873 2155 νοῦν
940 2101 1112 2164 ἁπλῶς
1184 2105 1368 2172 ζῶμεν,
1441 2098 1567 2151 ἀλλά
1629 2104 1860 2156 νοοῦντες

1986 2096 2320 2154 inimalium
2343 2105 2401 2155 et
2419 2101 2918 2160 irrationabilium
2937 2111 2994 2162 et
3013 2108 3178 2165 nullo
3199 2110 3386 2166 modo
3406 2112 3458 2166 ci
3475 2127 3617 2168 con-

251 2199 305 2253 εὖ
373 2199 560 2270 ζῶμεν.
601 2202 706 2256 Τῆς
749 2191 809 2246 δὲ
865 2194 1196 2264 φθειρομένης
1260 2189 1448 2260 ψυχῆς
1482 2189 1530 2223 ⁸9
1558 2190 1671 2240 ἔστι
1737 2184 1862 2258 μᾶλ-

1989 2187 2357 2242 venientium.
2397 2191 2524 2245 Non
2547 2191 2707 2246 enim
2748 2192 2933 2249 ullum
2965 2211 3038 2252 ex
3075 2197 3170 2253 his
3208 2204 3373 2255 amat
3399 2217 3414 2267 ;
3439 2205 3496 2257 et
3513 2216 3620 2256 cur

251 2288 338 2340 λον
425 2287 580 2339 εἰπεῖν
634 2288 727 2335 καὶ
793 2286 886 2340 τὴν
967 2283 1304 2352 φθειρομένην
1359 2277 1490 2329 εἶναι
1541 2277 1589 2312 ⁶⁰
1665 2277 1860 2332 ταύτην

1989 2281 2216 2346 Lmaret,
2253 2293 2392 2333 cum
2414 2279 2647 2336 nullum
2667 2296 2739 2336 ex
2761 2283 2857 2338 his
2884 2300 3080 2357 neque
3103 2286 3179 2344 ad
3201 2289 3490 2346 virtutum
3519 2306 3620 2347 ne-

253 2378 394 2438 ζωήν
425 2393 436 2404 ⁸
469 2382 589 2437 νοῦς
629 2370 807 2425 δὲκαὶ
853 2373 884 2428 ἡ
940 2373 1077 2422 κατὰ
1129 2377 1309 2421 τοῦτον
1374 2366 1530 2438 ψυχὴ
1585 2369 1675 2417 καὶ
1728 2365 1859 2432 ζωὴ,

1991 2379 2088 2435 [ue
2128 2365 2208 2420 ad
2245 2367 2540 2424 malitiam
2577 2369 3065 2430 deceatmentem
3087 2391 3222 2448 quae
3244 2377 3338 2434 his
3372 2379 3622 2452 disposi-

249 2469 518 2537 πεφυκότα
590 2465 900 2536 παραμένειν
965 2455 1125 2516 τήνδε
1212 2463 1306 2516 τὴν
1363 2457 1612 2529 ἁρμονίαν
1703 2456 1866 2528 ἡρμο-

1993 2452 2232 2510 ionibus
2263 2456 2540 2528 adaptari
2568 2460 2708 2517 velit
2736 2461 2764 2516 ?
2794 2463 2945 2528 Quid
2975 2464 3136 2521 enim
3170 2470 3396 2541 proprii
3421 2475 3624 2539 ageret

255 2559 428 2628 σμένῳ
484 2560 557 2622 τῷ
603 2557 829 2623 σώματι,
889 2552 1249 2622 παραμένουσι
1307 2564 1643 2605 συνεστωσης
1679 2543 1859 2608 αὐτῆς,

1992 2558 2164 2612 nens,
2204 2545 2283 2601 ad
2298 2545 2787 2606 irrationabilium
2810 2557 3087 2612 naturam
3121 2555 3427 2629 depressa,
3458 2576 3529 2616 ac
3561 2560 3623 2617 in

254 2644 511 2702 λυθείσης
569 2638 628 2693 δε
672 2644 762 2691 καὶ
822 2638 979 2699 αὐτὸς
1028 2635 1308 2688 ἀπολυεται
1363 2637 1433 2703 ⁸¹,
1486 2636 1647 2707 μηθὲν
1685 2634 1862 2684 παθὼν

1991 2630 2072 2687 lla
2094 2631 2319 2702 degens
2360 2635 2777 2709 ;impossibile
2820 2644 2909 2696 est
2971 2658 3269 2713 organum
3307 2648 3622 2720 quoddam

258 2730 529 2801 ἀκήρατος
561 2749 642 2789 τις
668 2733 759 2780 καὶ
791 2726 997 2787 ἀπαθὴς
1036 2726 1124 2794 ὧν,
1174 2729 1265 2776 καὶ
1297 2723 1469 2776 οὐκέτι
1527 2725 1654 2794 πρὸς
1718 2721 1865 2795 ἔτερα

1992 2721 2135 2792 iqud
2175 2721 2276 2778 illa
2313 2723 2584 2792 inveniri,
2619 2726 2698 2782 ab
2727 2728 2932 2785 anima
2950 2736 3211 2788 mentem
3243 2739 3300 2791 et
3328 2736 3623 2793 rationem

257 2817 556 2893 μεταϐαίνει
613 2826 712 2869 τῶν
782 2818 1035 2888 σωμάτων
1094 2815 1204 2866 οὗθ’
1259 2815 1476 2885 ὁμογενῆ
1541 2819 1614 2882 τῷ
1674 2815 1864 2882 πρώτῳ

1994 2809 2251 2880 labente,
2274 2813 2440 2884 quod
2464 2814 2828 2872 voluntatem
2847 2818 3113 2890 adjuvet.
3137 2821 3226 2878 Ad
3246 2823 3486 2895 plantas
3518 2842 3625 2882 au-

255 2913 348 2960 καὶ
395 2904 454 2960 οὗ
500 2905 846 2978 ἐξεφοίτησεν,
913 2907 1031 2956 οὔτε
1090 2906 1221 2975 πρὸς
1274 2905 1421 2976 ἕτερα
1471 2903 1663 2973 θηρίων
1713 2906 1864 2951 τινῶν

1973 2904 2093 2954 tem
2132 2902 2444 2971 quomodo
2483 2903 2728 2962 abiret?
2764 2909 2918 2963 Num
2950 2913 3013 2964 ut
3043 2924 3145 2966 eas
3171 2913 3394 2970 nutriat
3442 2919 3498 2970 et
3519 2930 3599 2971 au

258 3001 351 3047 καὶ
403 2993 622 3065 ἀλόγων,
677 2998 767 3046 καὶ
821 2988 1044 3064 μηδαμῆ
1119 2993 1285 3062 τούτῳ
1339 2994 1727 3064 προσηκόντων.
1788 2987 1864 3039 Οὐ

1991 2993 2109 3058 ;eat
2137 2988 2166 3044 ‘I
2178 2989 2283 3044 sed
2295 2991 2509 3047 harum
2527 2993 2744 3049 nullius
2761 3000 2849 3051 est
2860 2997 3160 3079 particeps
3191 3016 3387 3074 neque
3404 3019 3622 3060 amans

262 3087 361 3157 γὰρ
395 3082 485 3156 ἐρᾷ
518 3085 715 3135 τούτων
761 3079 966 3141 οὐδενός
1023 3095 1038 3110 ⁸
1076 3081 1106 3139 ἣ
1159 3085 1298 3141 τίνος
1344 3080 1504 3131 ἕνεκεν
1560 3083 1692 3150 μήτε
1741 3079 1868 3151 πρὸς

784 3174 794 3181 .
989 3175 998 3181 .
1123 3172 1133 3181 .
1258 3169 1308 3181 ι..
1455 3173 1464 3181 .
1558 3167 1571 3181 ,
1623 3175 1642 3181 -
1739 3164 1768 3181 η

1996 3077 2180 3133 mima
2210 3081 2639 3148 magnitudinis
2682 3099 2896 3156 expers
2955 3092 3012 3141 et
3062 3077 3414 3161 intelligens.
3459 3092 3627 3150 Unde

265 3172 470 3246 ἀρετὴν,
521 3177 653 3245 μήτε
701 3174 830 3246 πρὸς
874 3175 1060 3222 κακίαν
1113 3169 1464 3242 ἀρμοξόντων¹
1510 3167 1678 3220 αὐτῶν
1734 3164 1868 3239 βου-

1994 3171 2176 3220 ιυῐθω
2196 3167 2418 3239 plantis
2453 3169 2568 3225 vita
2594 3171 2622 3226 ?
2647 3170 2778 3227 Alia
2815 3171 2916 3228 illa
2953 3175 3172 3232 animae
3221 3181 3471 3252 species,
3502 3199 3625 3240 non

263 3261 456 3334 λομένῳ
514 3265 638 3333 περὶ
689 3262 780 3320 τὰς
837 3255 1098 3319 διαθέτεις
1146 3261 1343 3319 ταύτας
1393 3257 1765 3332 ἁρμόζεσθαι,
1805 3258 1869 3307 Τί

2000 3255 2210 3323 ladem,
2243 3272 2439 3329 neque
2469 3261 2827 3316 conveniens
2867 3269 2970 3320 aut
3008 3266 3398 3325 sentientibus
3425 3272 3631 3331 anima

261 3353 365 3426 ’γὰρ
429 3349 490 3401 ἀν
550 3349 736 3402 οἰκεῖον
801 3353 892 3400 καὶ
943 3347 1136 3422 πράξοι
1186 3355 1325 3413 νοῦς,
1381 3346 1579 3417 ἀλόγων
1634 3348 1869 3417 εμπεσών

1999 3343 2136 3400 ibus
2167 3351 2270 3402 aut
2298 3348 2934 3423 mentisparticipibus.
2965 3358 3155 3428 Atque
3184 3357 3365 3429 igitur
3384 3360 3436 3416 si
3457 3362 3547 3418 vis
3570 3363 3630 3432 in

265 3443 438 3511 φύσει,
503 3443 592 3490 καὶ
657 3440 821 3510 ταύτῃ
889 3433 1336 3508 ἐνδιαιτώμενος;
1388 3435 1501 3487 Οὐκ
1565 3437 1706 3487 ἔστιν
1760 3430 1870 3485 οὐδ’

2000 3450 2086 3490 ria
2109 3434 2212 3490 illa
2249 3435 2515 3492 dividere
2536 3453 2777 3495 omnem
2806 3442 3074 3499 animam
3093 3460 3163 3501 ac
3183 3447 3390 3519 vitam,
3411 3430 3631 3526 nempe

266 3528 488 3600 ὀργάνου
517 3531 653 3587 τινὸς
689 3533 872 3598 τυχεῖν
928 3525 981 3587 ἐξ
1020 3524 1208 3590 αὐτῶν,
1259 3523 1448 3595 ψυχῆς
1491 3530 1610 3575 νοῦν
1642 3523 1872 3610 έχούσης

2004 3529 2261 3595 nentem,
2293 3542 2540 3582 sensum
2550 3529 2858 3602 vitamque
2871 3547 3006 3588 eam
3023 3549 3158 3606 quae
3176 3536 3238 3592 in
3255 3538 3475 3610 plantis
3510 3523 3635 3599 ani-

265 3622 356 3669 καὶ
384 3616 556 3688 λόγον,
600 3614 1070 3688 ἐξυπηρετουμένου
1105 3612 1455 3686 βουλήμασιν.
1485 3613 1607 3664 Ἐπὶ
1639 3609 1698 3664 δὲ
1737 3613 1874 3683 φυτὰ

2005 3613 2388 3686 nadvertitur,
2426 3622 2583 3672 recte
2599 3617 2848 3674 divides.
2871 3622 2936 3676 Et
2959 3621 3121 3679 hunc
3174 3609 3428 3684 modum
3448 3629 3636 3689 habet

268 3713 378 3766 πῶς
406 3705 467 3756 ἂν
496 3709 586 3756 καὶ
609 3703 844 3776 ἀφίκοιτο
875 3720 889 3770 ;
928 3703 958 3761 ἣ
1002 3703 1084 3754 ἶνα
1124 3701 1287 3776 θρέψῃ
1336 3701 1452 3773 (21)
1501 3706 1592 3752 καὶ
1623 3700 1828 3774 αὐξήσῃ
1855 3710 1896 3768 ;’

2000 3701 2180 3757 >ωιι1ε
2218 3702 2293 3757 de
2361 3704 2566 3761 anima
2627 3707 2838 3763 oratio.
2893 3711 3096 3783 Neque
3150 3713 3369 3771 mirum
3431 3723 3520 3774 est
3561 3719 3631 3784 si,

267 3794 407 3848 ’Δλλ’
454 3790 666 3856 οὐδενὸς
703 3795 896 3845 τούτων
936 3793 1053 3844 οὔτε
1082 3795 1312 3864 μετέχει,
1341 3791 1451 3842 οὔτ’
1502 3793 1642 3842 ἔστιν
1683 3788 1871 3861 ἐρῶσα,

2002 3791 2505 3864 Ῑυεωδόωοάυω
2535 3794 2688 3850 inter
2727 3811 2792 3852 se
2830 3801 3300 3876 communicant,
3334 3809 3392 3861 et
3416 3807 3633 3865 animae

265 3884 424 3956 ψυχὴ
459 3883 710 3956 ἀμεγέθης
739 3887 830 3934 καὶ
859 3883 1032 3954 νοερά.
1088 3883 1247 3933 Πόθεν
1285 3877 1344 3933 δὲ
1405 3887 1584 3952 φυτοῖς
1636 3880 1874 3954 ἑτέρωθεν

2006 3896 2208 3936 nomen
2238 3882 2644 3951 unaretinent,
2669 3884 2752 3940 ita
2779 3891 2835 3942 et
2849 3888 3110 3958 primam
3132 3896 3188 3947 et
3203 3894 3536 3952 secundam
3563 3914 3637 3955 ac

271 3975 330 4024 τὸ
357 3974 452 4045 ζῇν
486 3971 682 4039 ;”Αλλο
730 3971 914 4042 ψυχῆς
942 3970 1095 4022 πάλιν
1117 3967 1253 4030 εἶδος
1305 3977 1478 4036 τοῦτο,
1535 3965 1702 4041 μηδὲν
1741 3987 1875 4040 συμ-

2008 3971 2216 4025 ertiam
2243 3985 2346 4026 eas
2365 3972 2697 4040 cogitemus
2730 3991 2744 4042 ;
2773 3981 2830 4031 et
2867 3976 3014 4034 alias
3048 3980 3296 4051 quidem
3366 3985 3520 4041 inter
3574 4005 3638 4045 se

273 4059 466 4127 ϐαῖνον,
505 4057 644 4134 μηδὲ
671 4064 877 4129 ταυτὸν,
925 4059 1047 4132 μήτ’
1081 4060 1473 4131 αἰσθανομένοις
1510 4059 1638 4120 ὅλως
1696 4059 1872 4124 ζώοις,

2009 4059 2330 4115 mmediate
2361 4063 2831 4131 communicare,
2864 4066 3014 4122 alias
3051 4084 3194 4125 vero
3237 4071 3499 4130 mediate
3532 4092 3638 4148 per

269 4157 400 4224 μήτε
437 4155 802 4223 μετεσχηκόσι
829 4168 967 4210 νοος.
1024 4155 1125 4202 Καὶ
1158 4157 1283 4220 ’γοῦν
1334 4147 1378 4200 εἰ
1417 4147 1596 4220 βούλει
1645 4148 1716 4210 εἰς
1755 4152 1878 4220 τρία

2008 4165 2088 4205 ias
2123 4164 2261 4221 quae
2297 4148 2476 4220 longe
2503 4156 2642 4206 sunt
2678 4167 2876 4226 neque
2901 4155 3044 4226 ipsis
3060 4161 3371 4230 proximae.
3421 4147 3639 4223 Anima

266 4249 439 4293 ταῦτα
477 4237 742 4292 διελέσθαι
782 4238 987 4310 ψυχὴν,
1023 4245 1196 4290 πᾶσαν
1249 4242 1340 4290 καὶ
1391 4238 1551 4306 ζωὴν,
1609 4244 1727 4288 νοῦν
1777 4234 1875 4295 δη-

2010 4238 2148 4292 :nim
2185 4237 2538 4308 intelligens,
2563 4240 2798 4312 prima;
2832 4259 2952 4299 non
2985 4250 3188 4303 autem
3218 4263 3288 4305 eo
3310 4251 3444 4322 ipso
3472 4253 3641 4326 quod

268 4329 443 4382 λονότι
472 4333 562 4381 καὶ
601 4330 852 4386 αἴσθησιν
892 4332 981 4380 καὶ
1010 4332 1105 4385 τὴν
1137 4329 1397 4402 ὁρωμένην
1441 4326 1489 4378 ἐν
1529 4333 1637 4388 τοῖς
1676 4334 1875 4398 φυτοῖς,

2012 4326 2192 4382 mima
2228 4330 2317 4382 est
2342 4344 2356 4394 ;
2381 4327 2682 4401 siquidem
2713 4332 3051 4389 secundum
3079 4335 3196 4392 hoc
3221 4353 3345 4394 non
3389 4341 3643 4400 aliama-

270 4419 440 4494 ὀρθῶς
491 4416 552 4470 ἂν
623 4414 834 4478 διέλοις.
908 4420 1005 4470 Καὶ
1055 4424 1236 4469 τοῦτον
1298 4419 1414 4488 ἔχει
1463 4419 1550 4468 τὸν
1602 4433 1791 4489 τρόπον
1853 4417 1879 4467 ό

2013 4417 2103 4484 gis,
2131 4415 2250 4473 alia
2279 4416 2480 4472 minus
2496 4435 2509 4485 ;
2525 4433 2736 4474 omnes
2762 4421 2922 4476 enim
2943 4424 3250 4496 aequaliter
3271 4430 3485 4485 animae
3503 4438 3644 4490 sunt

269 4479 386 4583 περὶ
416 4505 604 4577 ψυχῆς
641 4506 794 4578 λόγος
822 4512 943 4566 πᾶς.
984 4503 1140 4558 Ἔστι
1180 4502 1232 4557 δ’
1269 4479 1421 4558 add?)
1484 4479 1672 4571 δεινὸν,
1705 4506 1877 4580 ὥσπερ

2012 4479 2100 4560 {ed
2136 4504 2282 4578 quia
2310 4479 2561 4578 simplex
2591 4512 2683 4564 est
2711 4513 2767 4565 et
2795 4479 3035 4584 sempe;
3061 4479 3643 4590 leti—(E55.

270 4601 363 4648 καὶ
393 4597 442 4632 ⁸³
479 4602 812 4648 κοινωνοῦσιν
871 4593 1116 4656 ἀλλήλαις
1162 4599 1248 4647 καὶ
1289 4601 1381 4646 τοῦ
1438 4593 1599 4646 αὐτοῦ
1651 4612 1880 4667 συμμετ-

2013 4598 2244 4650 )ertinet
2271 4595 2350 4649 ad
2387 4595 2655 4667 primum
2675 4597 3032 4671 principium
3072 4607 3129 4660 et
3175 4610 3424 4664 naturas
3466 4625 3537 4666 ac
3556 4611 3644 4668 in-

277 4688 466 4757 έχουσι
515 4684 701 4758 ψυχῆς
761 4683 1031 4756 ὀνόματος,
1073 4683 1209 4736 οὕτω
1265 4679 1332 4741 δὴ
1387 4687 1480 4735 καὶ
1534 4689 1741 4756 πρωτην
1791 4688 1882 4736 καὶ

2015 4683 2256 4739 allectus
2285 4683 2390 4756 qui
2415 4685 2571 4742 circa
2599 4686 2747 4743 illud
2769 4695 2927 4746 sunt.
2973 4692 3284 4751 Secundus
3338 4703 3538 4756 autem
3557 4706 3646 4758 est

275 4770 521 4847 δευτέραν
581 4779 671 4827 καὶ
725 4777 908 4847 τρίτην
962 4774 1156 4833 ταύτας
1244 4779 1376 4824 νοεῖν
1411 4792 1426 4806 ο
1459 4776 1550 4825 καὶ
1635 4776 1726 4834 τὰς

2014 4789 2209 4829 ιθῐιεαε
2239 4777 2295 4828 et
2323 4788 2458 4845 quae
2483 4775 2821 4834 secundum
2847 4795 2987 4836 cum
3008 4786 3097 4839 est
3149 4785 3375 4857 anima,
3421 4794 3570 4860 quia
3589 4798 3645 4853 et

1654 4898 1881 4966 Variae
1927 4899 2275 4967 lectiones.

275 5018 624 5094 “voé;_Va_t.
667 5017 750 5094 3}
791 5011 851 5094 ᾷε
886 5017 1018 5094 vat,
1089 5014 1167 5094 ξε,
1194 5015 1295 5072 ὅπη
1334 5013 1468 5094 yai.
1543 5015 1592 5094 εξξι
1623 5013 1906 5094 αὐτῆς-νειῖ

2012 5016 2248 5094 ’ξε-ἔχει
2291 5023 2404 5084 τοῦ,
2431 5019 2493 5069 τὸ
2547 5013 2598 5070 δ’
2637 5013 2768 5072 εἶναι
2817 5023 2943 5079 Vat.
2975 5023 3024 5058 ⁸⁸
3057 5024 3229 5083 Vind.
3270 5027 3432 5084 male
3483 5029 3643 5094 ζωῆς-

275 5090 326 5125 ⁶⁰
365 5087 552 5145 omiss
575 5088 639 5144 in
667 5087 840 5144 Vind.
916 5088 961 5124 “
995 5085 1301 5140 ἀπολέλυται
1334 5087 1465 5143 Vat.
1543 5087 1592 5123 ⁸³
1621 5091 1712 5139 καὶ
1741 5086 1906 5144 abest

505 5104 552 5144 is
575 5088 639 5144 in
667 5087 840 5144 Vind.
916 5088 961 5124 “
995 5085 1301 5140 ἀπολέλυται
1334 5087 1465 5143 Vat.
1543 5087 1592 5123 ⁸³
1621 5091 1712 5139 καὶ
1741 5086 1916 5144 abest
1935 5103 1973 5144 a
2007 5089 2136 5144 Vat.

1865 5211 2087 5279 Notae.

357 5335 476 5429 βοὶ
499 5338 579 5392 οε
608 5335 849 5429 axina"
874 5334 1063 5429 ius“
1104 5334 1934 5429 Vidiwyltf’ﬂliﬁ‘ilhfdflét:
2046 5337 2422 5429 1951‘}?!ch
2441 5339 2522 5429 De
2539 5339 2782 5429 Anima:
2804 5342 2847 5429 πρ
2872 5357 2926 5399 ει-
2945 5347 3085 5429 βς,ειρ
3103 5343 3167 5413 δν
3189 5347 3452 5429 ἱειάθτῖιιθ
3477 5356 3646 5429 apud

281 5408 576 5491 Bhwdon,
604 5423 664 5479 p.
700 5407 836 5491 3.1‘7.‘
873 5407 1164 5464 Caeterum
1210 5408 1306 5463 hic
1329 5407 1722 5463 ’Nathanaelis
1763 5408 1912 5464 locu:

2049 5409 2298 5491 Suidam
2329 5411 2405 5491 lI_,_
2459 5428 2519 5491 ρ.
2580 5415 2735 5491 354).
2756 5407 2848 5491 Διό
2873 5419 2962 5491 καί
2992 5407 3164 5480 ’θείως
3190 5407 3445 5491 (ἀστείως.

285 5477 652 5568 depravatum?
683 5477 936 5568 videtur.
1103 5549 1120 5568 ἱ
1193 5549 1205 5559 ⁹
1316 5549 1330 5568 ι
1415 5549 1426 5560 ε
1499 5565 1524 5568 Δ
1855 5566 1899 5568 Η

2044 5480 2339 5568 probante
2361 5477 2634 5568 Ku‘stero)
2682 5483 2795 5568 λίαν
2826 5487 2852 5536 ὁ
2893 5477 3375 5568 Illw:r’._voé_‘ei1rsv,_
3409 5477 3514 5560 (in;
3528 5477 3651 5553 3:0;

359 5549 472 5643 (βξ)
502 5551 901 5643 οοξιᾱιξηοιυτξξι
1103 5549 1287 5643 hair
1315 5549 1938 5643 IQEiEEEFPPPEEEE‘

2044 5549 2287 5624 ἔμμανῶς
2311 5555 2471 5643 1⁵κατά
2542 5549 2659 5641 τάξ,
2702 5557 3010 5643 pr-inarari
3040 5549 3293 5636 δυνάμεις
3335 5549 3650 5643 ’ὸερῇιοῦσῖν

284 5619 558 5693 lepidum
576 5619 804 5677 dictum
819 5619 1034 5677 Plotini
1051 5619 1217 5693 apud
1230 5623 1526 5679 Joannem
1534 5619 1915 5694 Philoponun

1537 5619 1936 5694 Philoponum
2044 5619 2188 5678 οῦτοι
2211 5621 2606 5680 κινδυνεύουσιν
2636 5619 3125 5703 ὢπόδενὸρωθῆναι.
3165 5667 3168 5671 -
