4130 6406
211 278 351 336 1417

1427 275 1600 335 ADV.
1639 267 1994 336 PLOTINUH
2013 269 2105 335 DE
2142 268 2384 338 ΑΝΙΜΑ.

3462 275 3602 342 1418

206 407 310 471 ττρό
365 401 588 472 ἐκείνων,
644 401 858 457 κάκεῖνα
911 403 1012 477 πρὸ
1071 399 1257 456 τούτου
1314 422 1404 456 και
1473 405 1591 456 οὔτε
1668 407 1816 456 σίτου

1946 420 2058 460 :um
2084 419 2096 472 ;
2131 420 2203 460 ac
2223 404 2338 460 nisi
2398 403 2768 460 frumentum
2799 402 2976 469 esset,
3004 413 3127 461 non
3155 407 3357 462 essent
3401 405 3595 464 herba

202 489 434 565 μηδαμῆ
492 489 756 566 μηδαμῶς
791 498 936 554 ὄντος
986 493 1080 546 οὐκ
1128 494 1190 545 ἄν
1245 497 1446 565 γένοιτο
1499 494 1616 546 οὗτε
1677 492 1815 565 χλόη

208 584 328 634 οὔτε
352 581 581 655 καλάμη,
614 579 742 634 ἀλλὰ
768 603 884 636 τινα
913 583 1037 634 ὀντα
1094 582 1217 657 παρ’
1277 582 1431 636 αὑτὸν
1494 585 1581 634 τὸν
1651 589 1817 652 σῖτον,

211 673 332 724 οὔτε
384 671 585 724 ἐκείνων
642 676 714 744 μὴ
767 676 1136 746 γεγενημένων,
1191 673 1378 744 γένοιτ’
1432 671 1492 724 ἂν
1567 692 1656 725 και
1691 671 1820 726 ἀπο-

210 760 429 830 τεχθείη
474 766 614 820 σῖτος
669 758 796 813 ὥστ’
850 762 995 814 ἔστιν
1047 759 1311 832 ὁμολογεῖν
1361 758 1416 813 ἐκ
1472 766 1598 833 μιᾶς
1646 758 1823 835 ἀρχῆς

211 867 306 901 και
344 848 516 910 αἰτίας
564 868 655 902 και
697 855 952 913 κινήσεως
1003 869 1098 912 της
1160 849 1325 913 αὐτῆς
1377 848 1544 924 ἓτερον
1589 868 1680 902 και
1721 850 1823 902 Erc-

213 956 306 1014 ρον
337 933 488 1008 εἶναι,
514 958 604 991 και
634 938 693 991 οὐ
720 939 910 1012 μᾶλλον
939 940 988 976 ⁷⁵
1033 944 1279 1016 πρότερον
1340 941 1554 1013 θάτερον
1612 940 1642 1000 ἦ
1692 941 1822 1012 ὁμοῦ

214 1035 404 1083 ταῦτα.
465 1029 528 1083 Εἰ
586 1025 644 1082 δε
700 1031 770 1101 μὴ
822 1033 881 1082 τὸ
930 1034 1021 1102 μὲν
1069 1031 1263 1083 τουτων
1312 1032 1553 1106 φθαρτὸνο
1621 1033 1681 1082 τὸ
1765 1027 1826 1083 δε

215 1116 511 1191 ἂφθαρτον,’
557 1115 664 1170 ἀλλ’
704 1115 822 1171 οὐδ’
874 1120 1026 1192 ἡμεῖς
1097 1139 1258 1193 φαμεν
1346 1127 1465 1172 νοῦν
1544 1139 1634 1173 και
1693 1120 1824 1181 ζῶον

215 1212 364 1260 σῖτόν
387 1225 507 1261 τινα
542 1227 634 1261 και
670 1206 854 1284 ἄχυρα
901 1211 1014 1282 (24)
1086 1211 1237 1276 εἶναι,
1289 1204 1392 1262 ἀλλ’
1457 1210 1537 1264 ὃτι
1595 1209 1824 1282 χαλεπὸν

215 1293 369 1350 οὐδἐν
421 1304 483 1370 τῇ
543 1299 714 1370 φύσίι,
778 1297 968 1371 μᾶλλον
1023 1295 1083 1352 δε
1120 1308 1191 1371 τῷ
1247 1295 1560 1374 δημιουργῷ
1609 1300 1824 1370 ταύτης,

215 1382 344 1440 οὖδὲ
368 1385 417 1459 γ’
438 1383 686 1462 ἐργῶδες,
732 1385 785 1440 ἐκ
832 1394 975 1460 μιᾶς,
1041 1391 1105 1450 ὡς
1162 1389 1390 1463 εἴρηται,
1440 1394 1689 1450 κινήσεως
1737 1407 1828 1441 και

216 1474 392 1538 αἰτίοις
437 1475 603 1549 ἕτερον
651 1495 741 1529 και
813 1478 978 1552 ἕτερον
1063 1476 1112 1530 ἓν
1198 1487 1373 1550 ταυτῷ
1448 1474 1823 1555 προϐαλέσθαι.

221 1569 324 1619 Καὶ
371 1567 435 1626 ὡς
496 1573 662 1619 ταῦτα
717 1569 774 1618 τὸ
836 1569 926 1639 μὲν
992 1562 1414 1644 μακροϐιώτερον
1463 1571 1533 1631 ὡς
1578 1569 1604 1620 ὁ
1684 1577 1826 1631 σῖτος

217 1663 311 1716 τῆς
361 1655 426 1716 ἧς
478 1656 666 1728 ἔφημεν
718 1656 886 1728 χλόης
939 1675 1028 1709 και
1089 1657 1325 1731 καλάμης
1399 1678 1489 1710 και
1577 1653 1827 1731 διαρκοῦν

222 1741 307 1797 ἐπί
331 1744 499 1810 πλέον,
526 1747 595 1798 τὰ
617 1741 757 1797 δ’τᾰ
803 1745 862 1798 οὐ
928 1755 1176 1800 τοσοῦτον
1225 1749 1548 1820 ὑφιστάμενα
1611 1752 1824 1822 χρόνον,

223 1833 359 1886 οὕτω
381 1829 450 1893 δὴ
483 1854 573 1887 και
593 1836 818 1909 φθαρτὸν
850 1856 940 1888 και
987 1835 1250 1912 ἄφθαρτον
1309 1841 1439 1910 ὅμοῦ
1488 1839 1827 1909 γεγενῆσθαι.

224 1925 446 1997 Δύναμις
492 1926 594 1998 γὰρ
659 1942 744 1986 τις
778 1925 949 1999 ὥσπερ
998 1924 1044 1978 ἒν
1087 1935 1159 1998 τῷ
1213 1931 1473 2001 σπέρματι
1525 1934 1616 1979 τοῦ
1679 1931 1828 1980 σίτου

224 2013 339 2067 ἰστί
389 2018 595 2087 κειμένη
648 2015 1006 2090 τελεσιουργὸς
1057 2026 1156 2070 τῶν
1240 2017 1294 2081 ἐξ
1372 2017 1529 2071 αὐτοῦ
1599 2019 1824 2087 πάντων,

223 2107 351 2165 τέως
394 2107 486 2176 μὲν
537 2101 756 2177 ἀφανὴς,
817 2105 1033 2182 ὕστερον
1101 2102 1160 2160 δί
1236 2112 1648 2181 καταφαινομένη
1727 2116 1828 2160 τῶν

225 2191 280 2256 ἒξ
311 2192 469 2254 αὐτῆς
496 2193 850 2264 τελεσθέντων,
886 2193 1022 2248 οὕτω
1055 2190 1122 2255 δὴ
1157 2191 1382 2270 δύναμις
1452 2200 1568 2250 ἔστι
1629 2215 1721 2249 και
1778 2196 1828 2248 ἐν

221 2290 284 2356 τῇ
316 2286 493 2358 πρώτη
523 2282 666 2358 ἀρχῇ
716 2302 807 2338 και
848 2285 995 2359 αἰτίᾳ
1019 2295 1111 2339 τοῦ
1167 2287 1304 2350 ξώου
1348 2294 1440 2340 τοῦ
1504 2285 1719 2363 ὕστερον
1777 2287 1830 2350 ἐξ

220 2372 385 2439 αὐτῆς
442 2378 664 2433 πάντων.
719 2382 822 2431 Καί
863 2383 1029 2453 μέχρι
1075 2382 1163 2451 μεν
1219 2377 1267 2431 ἐν
1315 2377 1446 2452 αὐτῇ
1530 2387 1699 2432 ταῦτα
1777 2380 1823 2414 ’⁷⁷

219 2465 431 2518 ἵσταται
461 2472 524 2538 τῇ
548 2462 791 2538 δυνάμει,
822 2465 932 2518 οὒτ’
986 2463 1136 2520 οὐδὲν
1174 2470 1367 2520 τούτων
1419 2468 1530 2520 οὗθ’
1581 2469 1611 2526 η
1659 2463 1830 2520 δύνα-

221 2575 314 2628 μις
342 2553 735 2629 καταφαίνεται,
767 2557 834 2617 εἰς
886 2555 1139 2631 ἐνέργειαν
1191 2557 1310 2631 (25)
1358 2554 1417 2610 δέ
1470 2560 1824 2633 προαχθέντα.

222 2660 341 2698 τοτε
372 2636 440 2703 δὴ
499 2663 589 2696 και
639 2652 807 2698 ταῦτα
855 2645 1066 2719 φανερὰ,
1114 2667 1204 2699 και
1249 2649 1280 2706 ἡ
1340 2648 1548 2720 ἔχουσα
1594 2651 1684 2720 μέν
1733 2643 1830 2699 δύ-

224 2731 789 2808 ναμις,ἒγκρύπτουσα
816 2732 894 2803 δὲ,
928 2735 985 2788 ἐκ
1015 2739 1105 2809 μὲν
1172 2737 1221 2772 ⁷⁸
1282 2744 1373 2789 τοῦ
1435 2739 1624 2795 θνητοῦ
1671 2741 1829 2810 μόνον

225 2823 388 2891 ζὼου,
440 2842 528 2876 και
589 2825 768 2882 θνητὸν
819 2829 971 2898 μόνον
1033 2829 1182 2894 ζῶον,
1233 2823 1287 2878 ἐκ
1341 2821 1400 2878 δε
1468 2833 1581 2897 τοῦ,
1633 2830 1692 2879 τὸ
1741 2829 1832 2899 μὲν

228 2915 417 2972 θνητοῦ
455 2915 529 2982 ⁷9,
576 2916 636 2966 τὸ
699 2911 750 2967 δ’
817 2913 1095 2988 ἀθανάτου,
1157 2915 1284 2980 ξῶον
1352 2915 1580 2985 εἰκότως,
1649 2917 1833 2974 θνητὸν

230 3003 362 3074 ὁμοῦ
377 3020 467 3054 και
488 3000 763 3059 ἀθάνατον.
1005 2991 1027 3011 ’

307 3087 378 3146 δ’.
421 3090 542 3144 Ὃτι
592 3088 644 3145 δ’
681 3095 852 3146 ἓνεστι
893 3099 966 3164 τῷ
1011 3091 1263 3167 ἀνθρώπῳ
1311 3101 1428 3157 νοῦς
1476 3094 1596 3148 καθ’
1653 3092 1832 3148 ἐαυτὸν
1864 3117 1905 3171 C

230 3181 462 3252 ὑφεστὼς
489 3201 579 3233 και
634 3185 761 3255 μὴτι
823 3202 884 3254 γε
928 3179 1187 3256 μηδαμῶς
1239 3183 1449 3256 φθίνων,
1507 3203 1597 3236 και
1652 3180 1834 3257 διαφέ-

223 3287 305 3342 ρει
350 3289 406 3342 γε
457 3273 623 3342 τούτῳ
684 3275 843 3343 φύσις
899 3273 1044 3344 ἡμῶν
1113 3281 1210 3324 τῶν
1259 3271 1450 3325 λοιπῶν
1527 3273 1672 3334 ζώων
1744 3292 1835 3326 και

227 3357 562 3428 ἀνοήτων,ἇκ
609 3369 709 3411 τῶν
761 3355 1023 3436 ἐνεργειῶν
1076 3357 1256 3420 δῆλον.
1305 3365 1383 3415 Τὰ
1434 3365 1524 3435 μὲν
1581 3365 1682 3436 γὰρ
1757 3364 1837 3414 αἰ-

228 3449 416 3506 σθήσει
440 3452 568 3522 μόνῄ
604 3469 695 3502 και
726 3455 989 3522 φαντασίᾳ
1011 3450 1192 3516 ξῶσιν,
1220 3452 1286 3510 ὧν
1307 3470 1398 3502 και
1451 3449 1604 3510 ἀτελῆ
1658 3448 1724 3511 δή
1787 3451 1834 3487 ⁸ο

224 3556 346 3589 τινα
396 3545 514 3590 νοῦν
572 3558 714 3610 φατε,
763 3546 856 3592 τοῦ
899 3538 1092 3591 τελείου
1142 3542 1232 3611 μὲν
1285 3538 1437 3611 ἐγγὺς
1489 3539 1668 3592 ἰοῦσαν
1746 3559 1837 3592 και

226 3629 360 3701 πρὸς
404 3626 560 3680 αὐτὸν
609 3629 839 3700 ἔχουσαν
905 3629 950 3664 ⁸1
1019 3633 1252 3700 γνησίως
1299 3648 1389 3680 και
1436 3648 1496 3700 γε
1553 3626 1837 3702 ἰνδάλμασί

228 3735 343 3768 τισι
390 3719 524 3791 πρὸς
576 3716 730 3769 αὐτὸν
793 3718 840 3753 ⁸³
903 3722 1132 3769 τείνουσι
1200 3720 1550 3792 κεχρημένην,
1620 3726 1717 3779 τῆς
1789 3714 1840 3770 δ’

230 3805 395 3858 αὐτοῦ
461 3808 657 3877 φύσεως
685 3827 774 3858 και
849 3804 1103 3882 ἐνεργείας
1161 3807 1494 3859 παντάπασιν
1569 3806 1843 3860 ἀπολειπο-

236 3898 411 3967 μένην,
431 3915 521 3947 και
545 3899 589 3946 εἰ
618 3915 669 3948 τι
693 3891 742 3949 δ’
773 3895 938 3967 ἄλογα
993 3901 1297 3970 σοφίζονται
1338 3899 1467 3962 ζῶα,
1521 3899 1658 3949 κατὰ
1720 3899 1844 3950 ταύ-

237 4001 334 4040 την
367 3984 672 4056 σοφίζονται
702 3986 750 4020 ⁸³
803 3989 1063 4038 σὼστικὸν
1113 3991 1265 4059 μόνον
1311 3995 1405 4047 τῆς
1463 3988 1682 4058 φύσεως,
1751 3990 1843 4038 καὶ

238 4079 330 4125 τοῦ
357 4069 617 4146 διαμένειν
657 4077 898 4146 τὸγένος,
932 4076 1063 4129 οὕτω
1111 4084 1202 4128 τοῦ
1261 4072 1592 4151 δημιουργοῦ
1643 4073 1844 4137 δόντος.

242 4162 295 4222 ὃς
317 4158 385 4222 δὴ
410 4182 500 4214 και
521 4163 590 4224 εἰς
645 4167 703 4216 τὸ
754 4163 884 4216 εἶναι
924 4184 1092 4217 ταντα
1129 4169 1472 4241 παραγαγὼν,
1521 4170 1610 4217 καὶ
1668 4165 1846 4238 βούλε-

240 4270 330 4303 ται
388 4260 553 4304 ταῦτα
591 4248 848 4326 διαμένειν
892 4271 982 4306 και
1021 4250 1168 4310 εἶναι.
1228 4259 1328 4308 Καὶ
1392 4257 1558 4306 τοίνυν
1610 4258 1669 4307 τὸ
1725 4257 1849 4328 φρὸ-

240 4360 387 4412 νιμον
431 4340 600 4393 αὐτῶν
655 4346 819 4416 μέχρι
863 4351 953 4395 τοῦ
1006 4342 1223 4416 ἐξευρεῖν
1278 4351 1559 4419 τραφῆναι,
1603 4345 1632 4403 ἡ
1710 4343 1850 4417 βλά-

1930 508 2126 566 neque
2152 493 2555 557 calamus,sed
2579 492 2856 567 quaedam
2879 499 3092 566 praeter
3118 493 3598 567 frumentum,et,
3629 557 3637 564 _

1932 583 2046 639 nisi
2067 583 2166 641 illa
2197 590 2415 654 essent,
2451 600 2648 657 neque
2679 588 2836 640 esset
2867 600 2938 640 ac
2963 585 3306 656 gigneretur
3336 585 3601 643 frumen-

1930 673 2100 744 tum;
2131 674 2296 730 itaut
2350 673 2764 730 conﬁtendum
2817 673 2892 730 sit
2931 689 3000 730 ex
3042 690 3164 730 uno
3213 674 3510 748 principio
3539 680 3600 733 et

1933 779 2122 820 causa
2141 779 2212 820 ac
2242 763 2456 820 eodem
2480 769 2648 820 motu
2671 763 2839 820 aliud
2857 767 2913 820 et
2933 762 3096 819 aliud
3110 779 3268 834 esse,
3283 779 3478 837 neque
3491 781 3596 838 po-

1933 853 2051 911 tius
2077 851 2242 909 aliud
2267 859 2404 910 ante
2450 853 2614 910 aliud
2665 853 2769 910 sed
2799 869 2870 910 ea
2893 852 3091 910 simul.
3142 854 3198 911 Si
3228 858 3428 910 autem
3472 871 3598 913 non

1937 959 2144 1000 eorum
2176 944 2341 1000 aliud
2354 950 2442 1000 est
2458 943 2842 1016 corruptibile
2855 947 2911 1000 et
2931 943 3095 1001 aliud
3121 945 3594 1018 incorruptibile,

1937 1049 2132 1106 neque
2164 1048 2276 1089 nos
2333 1032 2589 1089 dicimus
2655 1039 2922 1090 mentem
2949 1037 3005 1090 et
3050 1033 3295 1100 animal,
3331 1033 3598 1091 frumen-

1935 1127 2066 1178 tum
2095 1121 2408 1195 quoddam
2433 1128 2489 1178 et
2507 1121 2751 1194 paleam
2764 1138 2914 1192 esse,
2936 1122 3041 1180 sed
3054 1123 3203 1179 nihil
3217 1139 3348 1179 esse
3366 1127 3598 1180 natura:

1937 1211 2198 1281 difﬁcile,
2229 1228 2265 1267 a
2295 1211 2519 1268 fortiori
2547 1225 2686 1268 vero
2718 1211 2900 1284 hujus
2937 1212 3190 1270 creatori
3221 1206 3416 1286 neque
3436 1212 3603 1270 labo-

1935 1304 2166 1358 riosum
2192 1318 2266 1358 ex
2301 1317 2419 1359 uno
2446 1307 2616 1359 motu
2641 1307 2698 1358 et
2721 1317 2928 1369 causa,
2956 1307 3020 1358 ut
3039 1302 3269 1359 dictum
3295 1306 3402 1370 est,
3436 1302 3602 1359 aliud

1937 1397 1995 1447 et
2014 1391 2176 1449 aliud
2192 1407 2349 1447 sxmu
2395 1391 2644 1464 produci
2667 1404 2680 1458 ;
2706 1396 2762 1447 et
2776 1391 3303 1464 quemadmodum
3329 1391 3449 1448 alia
3471 1392 3603 1465 quia

1937 1480 2078 1536 dem
2113 1480 2356 1547 diutius,
2377 1485 2443 1537 ut
2468 1481 2835 1537 frumentum
2853 1479 3079 1537 diutius
3111 1496 3298 1554 quam
3317 1480 3506 1538 herba
3543 1484 3603 1538 et

1939 1567 2201 1624 calamus
2215 1573 2590 1640 permanent,
2611 1567 2729 1625 alia
2746 1573 2948 1625 autem
2965 1583 3087 1625 non
3102 1572 3335 1625 tantum
3358 1572 3597 1640 tempus

1940 1657 2301 1725 subsistunt,
2330 1659 2412 1714 ita
2441 1663 2497 1714 et
2545 1657 2928 1730 corruptibile
2964 1665 3020 1715 et
3045 1657 3496 1730 incorruptibile
3521 1656 3604 1714 si-

1869 1759 1909 1815 Β
1940 1747 2067 1803 mul
2086 1745 2242 1804 facta
2262 1763 2412 1804 esse.
2440 1746 2962 1813 Quemadmodum
2982 1747 3144 1804 enim
3158 1747 3412 1804 inestvis
3426 1763 3598 1821 quia.

1939 1837 2083 1893 dam
2109 1834 2169 1892 in
2191 1836 2473 1892 frumenti
2509 1837 2754 1909 semine,
2783 1853 2920 1909 quae
2951 1836 3158 1893 omnia
3189 1851 3262 1893 ex
3287 1851 3358 1893 eo
3384 1849 3594 1910 proce-

1939 1925 2143 1982 dentia
2162 1925 2412 1998 perﬁcit,
2437 1927 2700 1998 primum
2730 1928 2977 1999 qu1dem
3011 1924 3344 1992 invisibilis,
3379 1925 3599 1982 deinde

1940 2021 2142 2072 autem
2163 2017 2286 2072 suis
2325 2016 2827 2089 productionibus
2875 2016 3284 2080 manifestata,
3316 2015 3402 2071 sic
3429 2020 3486 2071 et
3506 2015 3600 2072 vis

1940 2111 2026 2162 est
2052 2106 2114 2162 in
2146 2105 2342 2179 primo
2375 2106 2668 2179 principio
2694 2110 2752 2162 et
2781 2120 2970 2163 causa
2999 2105 3278 2163 animalis
3306 2119 3442 2178 quae
3472 2121 3601 2162 om-

1937 2195 2117 2251 nibus
2186 2211 2260 2251 ex
2304 2210 2366 2251 se
2423 2195 2890 2268 procedentibus
2945 2194 3257 2252 revelatur.
3327 2200 3409 2251 Ac
3449 2194 3599 2250 dum

1939 2285 2186 2359 quidem
2209 2285 2267 2341 in
2283 2302 2355 2343 ea
2380 2285 2508 2342 haec
2525 2285 3154 2358 subsistuntpotentia,
3178 2301 3374 2359 neque
3388 2299 3599 2342 eorum

1938 2375 2130 2432 ullum
2156 2390 2354 2448 neque
2369 2376 2635 2448 potentia
2652 2375 3101 2443 manifestatur;
3121 2391 3261 2431 cum
3291 2379 3495 2432 autem
3519 2373 3603 2430 ef-

1938 2465 2093 2522 fectu
2118 2465 2417 2538 producta
2455 2471 2615 2532 sunt,
2641 2470 2785 2522 tunc
2811 2470 2864 2521 et
2895 2464 2997 2521 illa
3031 2464 3354 2521 manifesta
3382 2469 3522 2520 sunt
3550 2468 3609 2520 et

1939 2571 2076 2628 quae
2113 2571 2186 2611 ea
2209 2554 3429 2626 continetpotentia,abscondensquidem
3455 2557 3516 2610 et
3531 2565 3606 2610 ex

1939 2643 2179 2701 mortali
2210 2643 2636 2700 tantummodo
2659 2642 2905 2700 animali
2941 2641 3195 2700 mortale
3223 2647 3460 2698 tantum
3483 2641 3607 2698 anis

1941 2733 2084 2799 mal,
2119 2749 2192 2789 ex
2219 2732 2317 2788 illo
2344 2736 2546 2788 autem
2578 2732 2744 2806 quod
2778 2748 2850 2788 ex
2876 2739 3048 2804 parte
3104 2731 3356 2788 mortale
3387 2735 3508 2796 est,‘
3531 2745 3606 2786 ex

1942 2829 2110 2898 parte
2135 2828 2336 2879 autem
2369 2821 2730 2890 immortale,
2788 2820 3016 2878 animal
3067 2819 3319 2879 mortale
3345 2817 3526 2877 simul
3549 2823 3608 2878 et

1943 2912 2284 2970 immortale
2323 2912 2473 2985 prod
2483 2927 2684 2970 ucens.

2015 3095 2068 3148 4.
2117 3095 2315 3148 Inesse
2364 3095 2470 3148 aut
2490 3091 2726 3148 homini
2764 3095 3029 3149 mentem
3079 3089 3140 3147 in
3169 3105 3232 3148 se
3272 3089 3605 3147 subsisten-

1945 3186 2064 3239 tem
2084 3197 2280 3255 neque
2311 3197 2584 3253 unquam
2615 3185 2989 3254 pereuntem,
3015 3185 3072 3237 et
3101 3196 3172 3238 ea
3189 3185 3479 3254 praestare
3501 3189 3609 3236 no-

1947 3279 2133 3329 stram
2147 3278 2425 3328 naturam
2449 3277 2802 3327 ceterorum
2829 3271 3184 3327 animalium
3214 3286 3285 3327 ac
3299 3270 3611 3327 irrationa-

1943 3362 2156 3418 bilium
2195 3366 2424 3417 naturae
2455 3377 2528 3416 ex
2582 3359 3038 3433 operationibus
3075 3364 3259 3434 patet.
3290 3360 3418 3416 Alia
3448 3359 3610 3415 enim

1947 3467 2127 3506 sensu
2147 3455 2385 3506 tantum
2424 3455 2480 3506 et
2500 3449 2822 3522 phantasia
2853 3451 3080 3518 vivunt,
3109 3466 3296 3523 quam
3321 3447 3610 3521 imperfe-

1947 3545 2104 3596 ctam
2129 3539 2463 3612 quamdam
2492 3543 2756 3595 mentem
2795 3539 3013 3606 dicitis,
3047 3539 3327 3613 perfectae
3361 3535 3610 3610 quidem

1946 3630 2355 3702 propinquam
2412 3629 2956 3701 cognationemque
2988 3644 3127 3684 cum
3159 3643 3230 3683 ea
3259 3627 3609 3692 habentem,

1949 3719 2277 3790 formisque
2329 3733 2463 3774 eam
2542 3717 2926 3774 tendentibus
2982 3721 3267 3784 utentem,
3323 3715 3428 3772 sed
3478 3715 3611 3786 ejus

1949 3815 2174 3866 naturae
2206 3813 2263 3863 et
2285 3806 3243 3880 operationiomninoinferiorem
3266 3823 3280 3874 ;
3307 3811 3364 3862 et
3393 3805 3442 3861 si
3462 3803 3613 3877 quid

1951 3898 2191 3970 sapiunt
2209 3895 2657 3966 irrationabilia,
2672 3896 2978 3964 animalia,
2999 3895 3334 3952 secundum
3362 3909 3499 3951 eam
3515 3907 3612 3950 sa.-

1950 3987 2122 4058 piunt
2149 3991 2446 4057 quantum
2478 4001 2719 4041 necesse
2749 3991 2836 4041 est
2866 3991 2930 4041 ut
2967 3989 3248 4041 naturam
3293 3987 3529 4039 servent
3558 3984 3615 4037 et

1954 4090 2144 4146 genus
2171 4078 2543 4146 permaneat,
2596 4073 2962 4130 concedente
3021 4074 3311 4144 Creatore,
3365 4069 3514 4142 quid
3535 4069 3614 4126 ad

1955 4161 2360 4220 exsistentiam
2393 4161 2702 4218 adducens
2727 4179 2802 4218 ea
2829 4161 2958 4218 vult
2988 4177 3344 4234 permanere
3376 4165 3432 4216 et
3458 4173 3614 4215 esse.

1957 4256 2042 4310 Ac
2061 4253 2242 4322 igitur
2265 4268 2474 4308 eorum
2502 4251 2821 4326 prudentia
2845 4267 3040 4324 usque
3064 4266 3135 4307 eo
3155 4247 3427 4324 procedit
3446 4252 3511 4304 ut
3539 4246 3618 4304 ci-

1957 4343 2107 4400 bum
2137 4341 2446 4398 inveniant
2477 4339 2924 4414 perniciemque
2979 4357 3050 4396 ac
3081 4339 3413 4419 periculum
3433 4337 3618 4394 vitent

244 4428 724 4496 ϐηνῆἐπιϐουλὴν,
778 4438 974 4504 φυγεῖν,
1032 4434 1346 4508 φθείρουσαν
1397 4437 1492 4492 τὴν
1551 4432 1706 4496 ξωήν.
1762 4433 1834 4486 Ὠς

1960 4449 2096 4506 quae
2126 4432 2308 4487 vitam
2370 4434 2784 4501 corrumpunt.
2843 4431 2912 4485 Ut
2972 4428 3104 4502 apis
3163 4443 3372 4501 opera,
3404 4431 3461 4483 et
3482 4440 3617 4484 ara.

243 4521 313 4572 τὰ
339 4518 872 4596 τῆςμελίσσηςὲργα,
909 4537 998 4575 και
1054 4523 1122 4574 τὰ
1171 4530 1270 4575 τῶν
1314 4519 1559 4598 ἀραχνῶν
1625 4527 1848 4596 νήματα,

1961 4537 2215 4579 nearum
2243 4520 2392 4592 telae,
2423 4525 2481 4576 et
2545 4535 2760 4590 gruum
2792 4534 2900 4591 per
2932 4533 3217 4575 somnum
3246 4514 3519 4574 custodia
3547 4529 3618 4572 ac

1626 4646 1854 4718 Varia
1899 4646 2250 4716 lectiones.

317 4751 364 4788 75
415 4754 486 4825 μὴ
545 4750 736 4825 μῆλλον
788 4751 920 4828 Vat.
997 4753 1080 4828 75_
1115 4753 1326 4828 θάτερον
1374 4753 1573 4828 _Vi1_1d.,
1629 4754 1731 4828 sed
1777 4757 1834 4809 θα

1946 4775 1994 4808 >υ
2025 4759 2101 4828 _in
2161 4767 2356 4828 marg.
2402 4751 2454 4828 7'”
2493 4753 2698 4828 ⁸πάντα
2745 4752 2872 4809 Vat.

2956 4751 3006 4787 ⁷⁸
3082 4756 3170 4803 οῦν
3245 4747 3392 4808 add.
3486 4745 3617 4803 Vat.

245 4823 294 4859 79
322 4808 482 4896 μόνᾈο
503 4808 578 4865 -'—
602 4808 670 4877 τὸ
691 4828 790 4931 ρξν
815 4808 1004 4883 Θνητοῦ
1026 4808 1249 4881 absunt
1267 4841 1304 4881 a
1326 4808 1730 4896 Virili—male.
1786 4808 1834 4863 ’3'

247 4894 411 4931 Αοοοι
432 4895 489 4931 in
514 4897 622 4931 ναί
665 4896 687 4931 ε
792 4897 1059 4931 ,Μίνω-ι...
1082 4897 1118 4931 ιτ
1169 4895 1186 4931 1
1238 4896 1348 4931 ’νε-ι

1983 4808 2159 4884 abess
2216 4841 2254 4880 a
2299 4808 2434 4880 Vat.
2491 4823 2533 4860 ⁸³
2599 4823 2806 4896 ἔχουσα
2843 4808 3012 4882 male
3068 4825 3195 4882 Vat.
3275 4822 3322 4856 ⁸³
3376 4839 3468 4896 πρ.
3497 4817 3619 4874 αὐτ.

247 4894 416 4953 deest
431 4895 494 4953 in
514 4897 641 4953 Vat.
665 4894 715 4932 ⁸³
792 4897 1062 4972 σοφίζεται
1079 4897 1141 4953 h.
1169 4895 1210 4954 1.
1238 4896 1370 4954 Vat.

1816 4988 1876 5059 Ν
1883 4997 2033 5058 otze.

322 5102 432 5180 (24)
463 5091 682 5180 ’Ἂχῖδρα
731 5102 826 5180 Si?
859 5104 988 5180 Ῡθιίβ
1038 5118 1060 5160 ο·
1107 5104 1300 5180 χόρτον
1328 5095 1498 5160 Vind.
1531 5102 1680 5180 Illud
1701 5121 1853 5178 prmo

249 5174 379 5243 tuli,
410 5174 1080 5258 quoniamalibinetiam
1110 5174 1411 5258 Ei'iupoaPt
1449 5174 1764 5258 ciro§_int:er
1791 5194 1854 5234 se

250 5251 667 5329 opponuntur:
703 5247 832 5304 vtd.
875 5246 1184 5332 Evangell’
1210 5246 1406 5306 Matth.
1447 5263 1529 5317 ιιι,
1564 5249 1628 5305 12
1663 5250 1842 5317 ;Luc.

250 5332 348 5400 tu,
369 5319 453 5382 t7,
480 5317 630 5400 ibid.
654 5322 977 5400 1nterpret_t.
1002 5339 1213 5400 Δχρρτον
1245 5335 1372 5376 esse
1398 5335 1470 5400 ei;
1497 5319 1856 5400 glossemate

250 5392 484 5457 natum,
506 5387 647 5464 hinc
667 5387 911 5462 quoque
931 5387 1225 5464 intelligas
1253 5392 1420 5464 quod
1445 5387 1745 5464 aiexdrini
1771 5392 1857 5447 in-

252 5460 787 5541 tgarp'rr.‘lsa_i._xix,
802 5460 889 5532 24,
911 5478 1019 5541 pro
1041 5460 1514 5536 pabulo—(ﬂent)
1536 5469 1854 5536 usurpant.

255 5528 532 5605 Cf._'Bie_lii
565 5533 731 5589 Thes.
765 5528 1078 5605 1.1552712

324 5594 442 5675 (25)
468 5601 732 5680 Ἐνέργιαν
786 5593 959 5664 Vihd.
987 5593 1162 5674 Ωιιοά
1197 5609 1377 5670 antea
1403 5607 1610 5668 κίνησιν
1637 5606 1854 5671 iterato

339 5697 588 5778 24mm"
628 5703 731 5763 Gn.
771 5703 920 5763 CXL.

1962 5104 2112 5161 dixit
2130 5097 2463 5160 Nathanael
2499 5117 2513 5169 ;
2544 5099 2667 5159 vid.
2697 5101 2772 5159 de
2817 5100 2934 5160 hoc
2985 5097 3337 5169 discrimine,
3374 5095 3622 5169 doctum

1962 5159 2345 5248 interpretem
2373 5159 2653 5248 Graecum
2674 5159 3026 5248 Top-iceram
3050 5168 3399 5248 Aristotelis,
3420 5183 3484 5248 ρ.
3516 5159 3622 5248 328

1965 5236 2150 5319 Sylb';
2174 5260 2357 5318 quem
2386 5243 2588 5319 locum
2619 5236 2937 5319 descripsit
2965 5245 3180 5319 Suidas
3207 5247 3340 5319 l,_p.
3369 5236 3624 5319 74'2r_Ex

1966 5265 2001 5306 δ
2048 5265 2109 5303 ιι)
2137 5265 2150 5314 ;
2174 5265 2357 5318 quem
2386 5265 2588 5300 ιοουω
2619 5265 2937 5319 aescripsu
2965 5265 3180 5301 auluas
3207 5265 3247 5313 Ι,
3281 5265 3340 5314 Ρ.
3380 5265 3506 5295 ιιιιζιι·
3537 5265 3624 5294 DL

1966 5265 2084 5376 alio
2111 5319 2432 5388 interprete
2469 5317 2795 5391 Aristotelis
2845 5317 2970 5391 alia
2995 5317 3234 5391 exhibet
3260 5317 3468 5391 Zonar.
3497 5309 3628 5391 ῥοαί

1968 5392 2072 5447 Gr.
2095 5407 2158 5463 p.
2189 5380 2292 5445 723
2322 5403 2474 5463 sep.,
2501 5386 2758 5463 docente
2797 5388 3156 5463 Tittmanno.
3190 5383 3469 5463 Sequitur
3497 5380 3628 5463 ibid

1966 5479 2028 5536 p.
2065 5453 2166 5536 ’ξὶὸ
2199 5475 2324 5532 sep.
2355 5453 2695 5518 luculentus
2726 5459 2791 5519 in
2820 5459 3102 5521 eamdem
3134 5475 3266 5518 rem
3289 5453 3462 5515 locus
3491 5453 3630 5513 Gre-

1968 5533 2121 5606 gorii
2156 5536 2437 5606 Nyssent.

3468 5667 3542 5758 ιε
