4130 6412
571 351 708 406 1419

1907 337 2287 398 NICEPHORI
2322 337 2587 397 CHUMNI

3821 357 3966 410 1420

568 468 751 529 tutela
787 476 995 527 contra
1020 486 1124 527 eos
1145 471 1248 544 qui
1277 471 1433 527 male
1464 476 1521 528 et
1552 469 1842 526 insidiose
1871 465 2140 534 vigilant,
2171 474 2210 516 e‘

2334 469 2420 516 xui
2447 469 2673 540 γεράνων
2699 470 2816 522 καθ’
2842 471 3035 534 ὕπνους
3065 473 3112 508 ³⁴
3153 472 3378 543 φυλακαι
3411 493 3503 526 και
3559 474 3762 547 ἀμῦναι
3822 481 3970 530 κατὰ

491 546 503 556 ’
566 562 953 618 formicarum
979 560 1262 626 thesauri,
1288 565 1341 616 et
1362 576 1689 630 granorum
1713 556 2034 613 scissiones
2053 569 2122 606 ac
2141 551 2228 605 di-

568 651 828 706 visiones
857 650 934 704 ad
968 649 1463 719 germinationem
1497 649 1930 712 conscisorum,
1974 649 2030 698 et
2061 639 2225 694 canis

563 740 811 794 satiatus
827 743 884 793 et
901 737 1177 792 ciborum
1199 738 1481 808 reliquias
1507 736 1910 800 abscondens,
1929 736 1990 786 ut
2019 745 2224 785 rursus

561 827 783 882 habeat
809 826 976 899 quod
1005 826 1350 892 manducet,
1369 827 1418 881 si
1443 824 1767 880 nihilaliud
1792 819 2113 878 occurrerit
2141 822 2226 883 ;et

562 932 632 972 eo
654 932 849 988 usque
872 915 1141 987 procedit
1157 915 1490 970 amentium
1512 913 1865 970 animalium
1883 907 2217 983 prudentia,

562 1005 712 1060 nihil
733 1010 935 1060 autem
982 1003 1136 1059 ultra
1182 1003 1358 1071 valet,
1392 1009 1456 1058 ut
1483 1019 1679 1075 neque
1705 1002 1989 1070 cogitare,
2024 1011 2221 1067 neque

562 1093 994 1150 rationabiliter
1041 1108 1238 1164 agere,
1294 1091 1399 1147 sed
1420 1108 1616 1164 neque
1646 1092 1981 1163 quidquam
2012 1101 2221 1141 eorum

563 1201 700 1256 quae
717 1184 869 1239 ultra
882 1199 1126 1238 sensum
1141 1188 1281 1238 sunt
1293 1197 1733 1254 cupere,neque
1752 1180 1830 1236 ad
1845 1196 1917 1235 ea
1927 1176 2022 1233 vel
2037 1193 2138 1248 per
2151 1193 2221 1230 ea

564 1273 831 1329 studium
861 1273 1085 1328 habere
1107 1273 1360 1343 possint.
1424 1272 1689 1328 Hominis
1738 1276 1936 1325 autem
1970 1284 2138 1323 mens
2163 1270 2220 1322 et

561 1362 860 1433 imprimis
882 1367 970 1417 est
998 1360 1354 1431 intelligens,
1379 1366 1437 1416 et
1459 1376 1671 1416 sensus
1698 1357 2059 1430 comprimit,
2087 1371 2216 1411 eos-

560 1466 680 1522 que
736 1455 908 1522 regit.
973 1456 1029 1506 et
1080 1466 1326 1506 omnem
1370 1466 1641 1506 amorem
1708 1454 1765 1504 et
1830 1446 2217 1519 cupiditatem

561 1545 811 1594 evacuat
832 1555 845 1604 ;
865 1554 988 1610 qua
1015 1539 1246 1593 ratione
1259 1539 1681 1607 cognationem
1705 1552 1844 1591 cum
1875 1532 2219 1603 intelligibl-

556 1625 716 1684 libus
751 1643 889 1699 quae
916 1642 1100 1699 supra
1127 1631 1267 1682 sunt
1287 1632 1344 1682 et
1371 1626 1536 1681 omni
1569 1624 1820 1680 materia
1871 1621 2216 1694 expertibus

556 1715 760 1772 habet.
795 1717 928 1770 Haac
952 1720 1090 1771 sunt
1117 1715 1299 1786 hujus
1328 1714 1433 1787 qui
1461 1714 1699 1787 proprie
1728 1713 1913 1768 homo
1946 1715 2054 1778 est,
2086 1711 2216 1765 haec

2336 561 2434 604 τῶν
2487 565 2657 618 κακῶς
2711 563 2800 610 xui
2852 559 3118 634 σφαλερῶς
3173 561 3540 633 φυλασσόντων
3583 583 3679 615 και
3731 572 3966 638 μυρμή-

2335 662 2436 694 κων
2465 645 2510 678 ⁸⁵
2543 641 2609 702 δή
2643 665 2774 708 τινες
2803 649 3082 720 θησαυροὶ,
3115 670 3205 701 και
3226 658 3382 722 τομαὶ
3409 656 3610 703 κόκκων
3653 673 3745 704 και
3815 652 3966 706 διαι-

3819 747 3964 794 κύων

2335 823 2597 893 κορεσθεὶς
2627 829 2715 875 καὶ
2757 828 2822 875 τὰ
2883 834 2982 876 τῶν
3041 825 3334 898 βρωμάτων
3388 828 3609 898 λείψανα
3676 833 3957 902 κφύπτων,

2335 908 2395 958 ἶν’
2425 909 2575 971 αὖθις
2596 912 2695 984 ἔχη
2724 913 2769 947 ⁸⁶
2811 921 3011 985 φαγεῖν,
3071 915 3250 990 ἐτέρων
3304 916 3443 987 αὐτῷ
3495 923 3566 988 μη
3636 926 3959 990 γεγονότων,

2333 1004 2422 1051 καὶ
2443 1005 2605 1074 μέχρι
2640 998 2707 1060 δὴ
2732 1006 2926 1055 τούτων
2965 1008 3023 1056 τό
3049 1005 3180 1057 πολὺ
3201 1013 3297 1066 τῆς
3354 1015 3455 1057 τῶν
3507 1005 3744 1079 ἀφρόνων
3809 1013 3956 1071 ζωνμν

2333 1094 2646 1162 φρονήσεως,
2681 1090 2802 1143 ulla
2825 1088 2877 1143 δ’
2929 1090 3088 1145 οὐδὲν
3154 1092 3324 1160 πλέον,
3384 1094 3504 1147 οὔτε
3549 1104 3748 1154 νοῆσαι
3799 1095 3951 1150 δεδύ-

2330 1197 2511 1234 νηνται
2540 1179 2607 1243 ⁸⁷,
2639 1177 2755 1231 οὔτε
2779 1188 2849 1250 νῷ
2897 1181 3104 1255 πράξει,
3153 1181 3262 1234 ἀλλ’
3295 1179 3414 1234 οὐδ’
3467 1183 3804 1256 ἐπιθυμῆσαι
3861 1187 3940 1238 οὐδ

2332 1261 2476 1326 δένος
2504 1275 2602 1318 τῶν
2630 1270 2754 1342 ὑπέρ
2799 1273 2893 1326 τὴν
2951 1271 3222 1336 αἰσθησιν,
3293 1267 3418 1323 οὐδὲ
3477 1291 3538 1343 γε
3596 1279 3714 1348 περὶ
3771 1273 3928 1326 ἐκεῖνα

2329 1358 2418 1406 xui.
2444 1351 2516 1406 δι’
2544 1353 2710 1407 ἐκεῖνα
2740 1353 2989 1428 οὐδεμίαν
3024 1356 3264 1417 σπουδὴν
3305 1361 3489 1412 θέσθαι
3530 1361 3601 1430 ⁸⁸,
3667 1359 3931 1435 ἀνθρώπου

2330 1439 2389 1495 δὲ
2439 1452 2557 1506 νοῦς
2613 1453 2702 1497 xui.
2728 1449 2786 1496 τὸ
2814 1455 3018 1520 πρῶτον
3050 1449 3314 1520 φρόνιμον,
3383 1451 3690 1522 μῦσαι(26)
3722 1471 3818 1522 μεν
3860 1455 3940 1513 τὰς

2328 1531 2624 1597 αἰσθήσεις,
2651 1534 2886 1608 ὑπεράνω
2943 1531 2994 1586 δ’
3052 1535 3220 1588 αὐτῶν
3275 1539 3518 1607 γενέσθαι
3569 1538 3639 1604 ⁸9,
3702 1544 3798 1592 καὶ
3859 1545 3942 1592 τὸν

2327 1619 2437 1671 ὅλον
2460 1623 2626 1695 ἔρωτα
2651 1627 2740 1674 καὶ
2769 1627 2863 1680 τὴν
2895 1621 3173 1695 ἐπιθυμίαν
3213 1623 3333 1682 ὅλην
3401 1626 3450 1660 ⁹⁰
3504 1635 3759 1691 κενῶσαι,
3825 1631 3942 1680 ὁποι

2327 1703 2386 1760 δὲ
2461 1711 2503 1743 9’
2567 1715 2657 1762 xui
2724 1716 2957 1781 γνησίως
3011 1715 3124 1783 ἔχει
3174 1720 3371 1770 νοητῶν
3424 1722 3524 1766 τῶν
3590 1715 3767 1768 ἐκεῖσε
3823 1720 3947 1769 πάν-

2334 736 2501 804 ρέσεις
2565 737 2804 805 ἐκφύσεις
2850 736 2961 807 ἅμα
3011 757 3071 808 γε
3129 744 3572 810 συντετμημένων,
3625 761 3719 793 και

559 1808 699 1860 sunt
726 1803 1107 1877 intelligentis
1133 1804 1352 1859 animae
1367 1803 1582 1865 studia,
1613 1801 1690 1857 ad
1705 1819 1840 1873 qua;
1854 1817 1974 1856 non
2005 1798 2210 1871 aspicit

2326 1815 2420 1848 των
2470 1804 2558 1850 καὶ
2605 1797 2897 1874 ἀκηράτων.
2965 1807 3144 1852 Ταῦτα
3197 1809 3289 1854 τοῦ
3350 1808 3548 1874 κυρίως
3634 1802 3944 1877 ἀνθρώπου,

553 1908 751 1966 neque
774 1898 1057 1965 properat
1075 1891 1194 1948 ulla
1207 1891 1634 1947 irrationabilis
1651 1887 2214 1955 natura.Quomodo

558 1982 718 2037 enim
731 1998 865 2053 quas
884 1981 1163 2037 sensibus
1176 1986 1402 2037 tantum
1415 1980 1658 2036 inservit
1670 1996 1864 2051 neque
1879 1995 2098 2051 supera
2112 1995 2214 2034 eos

555 2069 677 2125 ullo
707 2069 892 2126 modo
923 2069 1047 2125 tolli
1103 2075 1301 2141 potest
1345 2074 1448 2124 aut
1503 2068 1750 2142 quidem
1798 2067 2210 2139 contemplari,

555 2159 770 2216 eadem
791 2160 908 2225 via,
933 2174 1056 2231 qua
1076 2174 1268 2224 mens,
1296 2157 1646 2230 procederet
1673 2157 1700 2211 ‘P
1717 2159 1874 2214 Mens
1905 2156 2064 2210 enim
2086 2153 2215 2210 sola

554 2247 1172 2317 cumintelligibilibus
1189 2248 1324 2317 conj
1335 2248 1595 2316 ungitur,
1620 2261 1835 2302 sensus
1850 2253 2051 2301 autem
2083 2243 2214 2298 nul~

554 2337 648 2392 lus
688 2336 789 2392 illa
809 2335 1061 2406 attingit,
1115 2334 1292 2405 longe
1338 2341 1537 2390 autem
1575 2335 1650 2390 ab
1682 2335 1748 2389 iis
1782 2334 1973 2400 abest,
2015 2347 2211 2404 neque

551 2423 1174 2498 iisquicorruptibiles
1225 2431 1382 2494 sunt,
1449 2440 1606 2479 curae
1655 2429 1744 2480 est
1773 2422 2211 2495 quidquamin-

554 2513 1031 2586 corruptibilium
1058 2530 1071 2567 :
1092 2512 1297 2568 anima
1316 2517 1516 2568 autem
1543 2511 1898 2568 immortalis
1922 2527 2115 2583 neque
2139 2511 2211 2566 ir-

550 2601 892 2658 rationabili
911 2607 1032 2658 Vita
1061 2617 1132 2657 ac
1159 2617 1338 2656 sensu
1376 2600 1540 2671 laesa,
1580 2618 1617 2656 a
1671 2617 1940 2673 quonam
1971 2616 2210 2656 summo

552 2690 849 2746 desiderio
871 2695 1180 2763 expetetur
1217 2689 1336 2745 nisi
1365 2706 1402 2746 a
1434 2706 1670 2762 semper
1731 2689 2152 2745 exsistentibus
2183 2687 2211 2742 ?

550 2779 614 2835 in
645 2779 866 2852 quibus
887 2786 950 2836 et.
970 2779 1208 2834 animas
1249 2777 1518 2835 Plotinus
1585 2779 1849 2851 primum
1881 2795 2013 2834 esse
2044 2777 2208 2847 dicit,

557 2868 689 2924 aliis
753 2867 1019 2924 motibus
1077 2867 1153 2924 ad
1177 2867 1298 2924 alia
1337 2885 1681 2937 conversas,
1727 2875 1785 2924 et
1852 2867 1991 2923 inde
2045 2867 2208 2922 deci-

555 2956 695 3013 dere
717 2957 822 3013 ubi
859 2957 1274 3028 versabantur,
1324 2957 1452 3013 ﬁeri
1483 2965 1548 3012 ut
1593 2957 1878 3030 quaedam
1906 2957 2206 3027 labantur,

553 3061 810 3119 corpora
835 3062 1050 3102 ornare
1068 3046 1356 3116 volentes,
1400 3051 1458 3102 et
1503 3046 1638 3101 ideo
1686 3047 1930 3101 inferius
1954 3045 2207 3100 descen-

553 3133 715 3201 dere,
740 3134 846 3190 sed
866 3152 929 3191 re
980 3135 1200 3190 infecta
1252 3135 1561 3190 inornatas
1605 3135 1878 3190 evadere.
1929 3133 2043 3189 Sed
2097 3150 2207 3189 nos
2243 3159 2282 3214 ο

553 3238 676 3279 non
691 3224 772 3279 ita
796 3222 971 3294 ;quid
985 3229 1180 3278 autem
1198 3223 1581 3278 statuerimus
1604 3223 1679 3278 de
1699 3223 1835 3294 ipsa
1858 3220 2207 3292 intelligenti

554 3311 780 3380 anima,
794 3313 927 3382 jam
951 3310 1178 3367 dictum
1216 3316 1324 3368 est.

625 3496 677 3549 ὅ.
708 3490 1042 3548 Dicendum
1066 3491 1242 3549 nobis
1275 3495 1363 3548 est
1399 3495 1456 3547 et
1481 3489 1555 3546 de
1595 3488 1861 3552 seientia,
1893 3489 2204 3562 quomodo

551 3581 677 3650 ﬁat,
709 3583 780 3638 iis
810 3582 915 3654 qui
942 3582 1017 3637 de
1043 3581 1146 3638 illa
1169 3579 1316 3637 nihil
1346 3580 1559 3651 sciunt,
1593 3595 1740 3634 num
1763 3579 1923 3634 aliud
1949 3579 2020 3634 sit
2043 3595 2179 3634 men

550 3677 672 3728 tem
702 3687 852 3739 esse,
880 3671 1043 3728 aliud
1075 3671 1386 3727 solentiam
1411 3685 1562 3725 esse.
1625 3669 1852 3724 Etenim
1885 3670 1931 3723 si
1957 3685 2206 3723 necesse

553 3766 705 3816 esset
723 3760 827 3816 ubi
857 3761 980 3816 vita
1000 3759 1083 3815 ibi
1108 3765 1372 3815 mentem
1421 3774 1549 3814 esse
1585 3775 1598 3825 ;
1632 3757 1736 3813 ubi
1777 3764 1979 3814 autem
2012 3773 2201 3830 mens,

549 3846 633 3904 ibi
658 3848 1065 3905 etscientiam:
1087 3847 1434 3903 siomnibus
1467 3846 1831 3903 animalibus
1857 3847 2202 3901 insitmens.

551 3935 800 3993 scientia
826 3941 883 3993 et
905 3935 1020 3992 illis
1053 3935 1293 4006 inesset,
1333 3935 1744 4005 geometriam,
1770 3934 2205 3990 arithmeticam

2324 1895 2492 1938 ταῦτα
2517 1893 2691 1962 νοερᾶς
2714 1887 2903 1959 ψυχῆς
2942 1891 3009 1940 τὰ
3072 1887 3486 1962 σπουδάσματα,
3542 1896 3682 1967 πρὸς
3740 1893 3780 1945 ἃ
3835 1894 3949 1946 οὕτε

2326 1973 2506 2047 βλέπει
2536 1980 2652 2028 οὔτε
2679 1979 2858 2049 φθάνει
2889 1974 3112 2050 οὐδεμία
3157 1982 3311 2050 φύσις
3360 1979 3547 2050 ἄλογος
3607 1981 3771 2036 οὖσα.
3838 1991 3953 2045 Πῶς

2322 2066 2420 2138 γὰρ
2452 2065 2698 2123 αἰσθήσει
2737 2073 2864 2139 μόνῃ
2897 2062 3277 2134 δουλεύσουσα,
3311 2073 3400 2121 καὶ
3448 2066 3601 2122 οὐδὲν
3632 2072 3770 2144 ὑπὲρ
3831 2076 3947 2124 ταῦ-

2321 2173 2416 2211 την
2448 2154 2670 2226 ἀρθῆναι
2702 2151 2961 2227 δυναμένη
2998 2155 3106 2208 οὒτ’
3141 2152 3269 2208 ιδεῖν
3319 2159 3437 2209 ὅποι
3505 2159 3554 2193 ⁹²
3614 2169 3736 2220 νοῦς
3800 2159 3949 2234 ἐμϐα-

2321 2245 2454 2294 τεύει
2486 2245 2600 2314 (27)
2635 2259 2648 2307 ;
2685 2249 2824 2304 Νοῦς
2881 2247 2981 2316 γὰρ
3033 2249 3187 2316 μόνος
3235 2254 3344 2308 τοῖς
3400 2255 3607 2309 νοητοῖς
3674 2253 3948 2320 σύνεστιν⁵

2323 2333 2574 2391 αἴσθησις
2623 2328 2672 2384 δ’
2731 2328 2954 2404 οὐδεμία
3006 2337 3199 2384 τούτων
3264 2333 3626 2407 ἐφικνουμένη,
3689 2343 3787 2390 xui.
3844 2359 3952 2411 μα-

2319 2423 2448 2494 κρὰν
2475 2420 2643 2472 αὐτῶν
2673 2422 2914 2487 ἄπεστιν,
2943 2419 3068 2474 οὐδὲ
3108 2422 3246 2495 μέλει
3300 2423 3350 2458 9³
3389 2427 3552 2498 ταύτῃ
3611 2427 3826 2500 φθαρτῇ
3891 2449 3954 2499 γε

2320 2507 2451 2580 οὓσῃ
2486 2506 2694 2570 οὐδενὸς
2720 2518 2819 2561 τῶν
2865 2507 3158 2584 ἀφθάρτων.
3215 2517 3373 2584 Ψυχὴ
3427 2509 3478 2564 δ’
3527 2512 3796 2578 ἀθάνατος
3855 2523 3953 2570 καὶ

2321 2602 2390 2669 μη
2419 2595 2716 2655 λωϐηθεῖσα
2748 2598 2863 2670 (28)
2896 2595 3060 2670 μηδὲν
3092 2597 3144 2662 ἐξ
3172 2597 3353 2653 ἀλόὶου
3387 2601 3528 2663 ζωης
3585 2607 3676 2654 καὶ
3736 2604 3950 2663 αἰσθὴ-

2323 2706 2469 2753 σεως,
2496 2692 2629 2747 τίνος
2669 2685 2728 2738 ἆ)
2755 2687 2932 2754 ἄλλον,
2967 2688 2995 2746 ἦ
3025 2697 3123 2740 τῶν
3159 2687 3238 2740 ἀεὶ
3295 2693 3451 2741 ὄντων
3511 2689 3559 2741 ἐν
3613 2691 3786 2765 ὀρέξει
3849 2701 3950 2747 καὶ

2319 2778 2464 2847 πόθῳ
2490 2780 2688 2847 γένοιτο
2718 2795 2735 2846 ς
2769 2774 2817 2827 ἐν
2849 2778 2925 2838 οἷς
2953 2782 3042 2828 καὶ
3099 2779 3192 2838 τὰς
3240 2777 3425 2849 ψυχὰς
3476 2778 3739 2842 Πλωτίνός
3806 2802 3950 2854 φησι

2319 2872 2519 2938 πρῶτον
2547 2859 2724 2930 οὔσας,
2770 2863 2995 2936 ὀρέξεσιν
3039 2865 3220 2928 ἄλλαις
3280 2865 3354 2938 ἐφ’
3410 2865 3561 2940 ἓτερα
3617 2877 3943 2943 τραπείσης,

2320 2951 2519 3004 ἐκείνων
2575 2972 2628 3004 τε
2685 2951 2915 3005 ἐκπεσεῖν
2964 2959 3052 3006 καὶ
3097 2953 3160 3006 ἐν
3211 2956 3284 3015 οἷς
3341 2955 3593 3026 ἐγένοντο,
3646 2961 3786 3010 ἔστεν
3876 2962 3945 3022 ἇς

2317 3045 2511 3094 τούτων
2541 3041 2818 3114 σφαὶῆναι,
2848 3051 3122 3114 κοσμῆσαι
3173 3045 3264 3115 μὲν
3312 3053 3481 3097 ταῦτα
3532 3047 3583 3081 9‘
3644 3045 3947 3119 βουληθει-

2319 3150 2413 3192 σας
2441 3136 2531 3183 καὶ
2560 3134 2688 3202 πρὸς
2716 3132 2858 3182 τοῦθ’
2886 3133 3091 3184 ἱκέσθαι
3135 3135 3296 3202 κάτω,
3351 3133 3480 3207 ὁμοῦ
3532 3131 3586 3187 δ’
3643 3137 3943 3210 ἀποτυχεῖν

2314 3222 2523 3289 τούτου,
2559 3224 2646 3270 καὶ
2678 3221 2938 3281 ἀκόσμους
2977 3223 3167 3282 ταύτας
3223 3224 3536 3294 γεγενῆσθαι
3597 3224 3745 3296 (29),
3810 3228 3938 3280 Ἀλλ’

2313 3308 2418 3380 οὐχ
2471 3313 2616 3380 ἡμεῖς
2671 3307 2854 3376 οὕτως,
2925 3308 3032 3360 ἀλλ’
3088 3311 3210 3362 ὅσον
3267 3315 3416 3383 εσμεν
3484 3311 3846 3384 ἐπεγνωκότες
3889 3318 3935 3350 ⁵⁵

2312 3397 2499 3469 ψυχῆς
2524 3403 2701 3471 νοερᾶς
2724 3397 2887 3458 αὐτῆς
2919 3399 3100 3466 ἕνεκεν,
3135 3395 3243 3458 ἤδη
3266 3399 3498 3452 λέλεκται

2385 3485 2435 3541 ε’.
2490 3491 2706 3539 Λεκτέον
2762 3483 2811 3538 δ’
2864 3489 2988 3559 ἡμῖν
3038 3485 3097 3538 ἆν
3152 3489 3228 3547 εἰη
3290 3495 3383 3542 xui.
3447 3493 3567 3562 περὶ
3619 3490 3944 3567 ἐπιστήμης

2313 3579 2446 3636 ὃπης
2503 3580 2624 3628 ποτε
2671 3581 2924 3647 γίγνεται⁹
2975 3573 3142 3650 μηδέν
3191 3583 3309 3651 περὶ
3359 3579 3518 3639 αὐτῆς
3562 3577 3766 3648 εἰδόσι,
3847 3591 3945 3637 καὶ

2315 3665 2356 3718 εἰ
2378 3669 2544 3740 χωρὶς
2564 3667 2653 3736 μεν
2680 3667 2791 3717 ἐστι
2823 3667 2872 3701 ⁹⁶
2894 3674 3010 3718 νοῦν
3059 3667 3210 3735 εἶναι,
3267 3673 3438 3742 χωρὶς
3491 3665 3542 3720 δ’
3599 3669 3750 3722 ἔστιν
3823 3673 3944 3725 ἐπι-

2316 3759 2524 3825 στήμην
2553 3750 2681 3804 εἶναι
2758 3774 2771 3786 ο
2832 3760 2920 3806 καὶ
2961 3757 3059 3827 γὰρ
3111 3757 3155 3807 εἰ
3204 3762 3354 3808 πᾶσα
3403 3753 3668 3814 δήπουθεν
3725 3759 3942 3832 ἀνάγκη

2314 3843 2414 3900 ὅπη
2441 3837 2508 3900 δὴ
2545 3843 2588 3877 97
2628 3842 2759 3910 ζωὴ,
2785 3841 3007 3895 ἐνταῦθα
3035 3850 3125 3896 xui
3156 3851 3274 3896 νοῦν
3313 3843 3444 3897 εἶναι
3474 3865 3487 3878 ·
3535 3847 3637 3904 ὅπη
3701 3845 3764 3901 δὲ
3790 3860 3944 3920 νοῦς,

2315 3933 2537 3984 ἐνταῦθα
2568 3937 2658 3984 καὶ
2686 3930 2980 4007 ἐπιστήμην
3017 3934 3170 4005 εἶναι,
3229 3933 3381 3995 ζωοις
3427 3931 3487 3988 δὲ
3541 3943 3710 3989 πᾶσιν
3761 3940 3945 3994 ἔνεστι

1930 4057 2156 4128 Variae
2204 4056 2552 4126 lectiones.

625 4207 647 4240 ⁵
695 4205 852 4259 ὐπνὸν
907 4206 1030 4262 Vat.
1107 4202 1155 4239 ⁸⁸
1207 4206 1485 4325 μύρμηκες
1548 4203 1719 4287 Vind.
1799 4203 1846 4237 ³⁵
1908 4198 2027 4272 ἓχοι
2084 4202 2210 4284 Vat:

625 4276 724 4325 nd-
799 4278 849 4312 9°
909 4275 1014 4325 ἐκεῖ
1078 4274 1246 4325 addlt
1335 4280 1412 4325 at.
1490 4276 1536 4309 ⁰¹
1589 4293 1690 4325 orm
1755 4270 1823 4325 δὴ
1883 4273 2005 4325 Vat.
2085 4273 2132 4306 ⁹²
2191 4291 2210 4323 a

2366 4195 2654 4258 δεδυνηται
2709 4201 2835 4257 Vat.
2914 4200 2961 4237 ⁸⁸
3032 4209 3256 4262 ποιῆσαι
3306 4205 3451 4260 ,Vat.
3532 4204 3584 4241 ⁸⁸

2366 4273 2489 4325 Vat.
2569 4272 2618 4306 9³
2699 4271 2865 4325 μέλλει
2937 4273 3110 4325 Vind.
3187 4274 3482 4325 frequenti
3553 4294 3584 4325 η

2191 4290 2290 4328 οπη
2373 4288 2489 4326 Vat.

552 4276 725 4334 Vind.
799 4278 849 4312 9°
909 4275 1014 4328 ἐκεῖ
1078 4270 1246 4331 addit
1285 4270 1412 4331 Vat.
1490 4276 1536 4309 ⁰¹
1589 4276 1690 4332 ὅπη
1755 4270 1823 4330 δὴ
1883 4270 2005 4327 vat.

3670 4211 3929 4278 γενῶσθαι

2695 4271 2865 4347 μέλλει
2937 4273 3110 4347 Vind.
3186 4274 3483 4347 frequenti
3553 4271 3935 4337 confusione.

553 4348 603 4384 “
631 4349 822 4408 ταύτας
849 4347 980 4406 Vat.
1059 4347 1108 4384 ³⁵
1134 4353 1224 4400 xui.
1247 4347 1417 4404 addit
1445 4345 1578 4403 Vat.
1655 4345 1705 4380 9⁸
1727 4348 1818 4416 μεν
1852 4341 1964 4393 ἐστι
2005 4343 2130 4399 Vat.
2206 4347 2210 4374 ³

2326 4361 2400 4393 τοι
2427 4338 2493 4401 δὴ
2525 4338 2706 4397 νὶιιάζ
2725 4349 2783 4400 et
2807 4344 2893 4400 sic
2925 4344 3172 4417 ubique.

2140 4465 2357 4534 Notas.

625 4618 736 4687 (29)
768 4619 902 4674 Haec
931 4609 2198 4690 solertiaeanimaliumexemplahujusaita-
2230 4610 2274 4664 D
2302 4609 2461 4690 gitur
2488 4609 2562 4665 de
2593 4609 3099 4690 interpretatione
3120 4613 3423 4690 sententiae
3437 4613 3722 4690 Paulinae
3752 4619 3931 4690 epist.

553 4682 641 4762 tis
667 4682 999 4762 scriptores
1028 4706 1062 4746 a
1091 4687 1422 4762 Plutarcho,
1468 4683 1718 4762 Amano,
1737 4682 1876 4762 aliis
1905 4682 2204 4762 hodieque

554 4759 748 4815 obviis
779 4753 1123 4817 auctoribus
1154 4753 1487 4828 sumpsiSse
1517 4753 1798 4828 velutius
1821 4755 2051 4828 Manuel
2077 4753 2206 4828 Phi:

553 4829 639 4886 les
670 4846 1170 4902 unumquemque
1188 4825 1419 4902 doceat,
1452 4825 1556 4898 qui
1601 4825 1982 4902 Nathanaelis
2014 4825 2206 4902 nostri

554 4903 804 4984 aequalis
840 4897 988 4984 illud
1038 4897 1283 4956 carmen
1339 4898 1414 4952 de
1453 4897 1811 4969 proprietate
1851 4897 2206 4953 animalium

554 4979 787 5030 conseri
835 4979 927 5029 sit.

626 5045 738 5116 (27)
764 4990 830 5100 lg
847 5049 952 5116 est,
971 5043 1031 5098 in
1053 5057 1188 5112 quae
1225 5054 1396 5116 mens
1412 5045 1695 5116 penetra_t_
1718 5056 1762 5093 s.
1791 5039 2204 5116 inquirit,ij

553 5108 747 5185 prium
779 5108 946 5170 verbi
974 5108 1150 5185 usum
1181 5109 1380 5185 nullus
1400 5109 1612 5185 ploeum
1639 5108 1913 5185 disertius
1942 5108 2207 5185 declarat

553 5181 740 5258 quam
779 5185 874 5240 hic
904 5181 1171 5258 Aristidis
1193 5181 1360 5258 Qrat.
1388 5184 1447 5258 in
1472 5181 1795 5258 Minerqu
1823 5198 1880 5258 ρ,
1915 5186 1976 5236 10
2005 5181 2202 5236 Jebbz.

556 5251 658 5308 Καὶ
705 5264 806 5308 τῶν
841 5257 1152 5330 λὰνθρὼπων
1211 5253 1327 5330 ὅσοι
1394 5254 1632 5328 θεοριλεῖς
1695 5253 1788 5330 οὐκ
1824 5251 1982 5330 ’ῘΑτη
2054 5257 2210 5304 πατεῖ

550 5328 646 5387 τὰς
711 5321 977 5398 κεφα).ᾲς,’
1016 5327 1210 5384 Ἀθηνᾶ
1267 5321 1324 5377 δὲ
1390 5321 1566 5397 ἀνέχει
1613 5330 1728 5398 καὶ-
1764 5323 2204 5398 ἐμϐατεύει,ᾼτη-

547 5404 723 5472 ροῦσα
760 5394 818 5448 τίὸ
876 5396 1022 5450 ϐο)ον
1073 5405 1276 5470 συμτῆς
1314 5394 1577 5468 γενέσεώς.
1633 5394 1902 5452 Colorem
1945 5411 2018 5450 ex
2057 5394 2209 5449 Con-

551 5467 709 5523 vivia
730 5467 1030 5525 Platonico
1077 5468 1246 5524 duxit
1302 5467 1608 5525 Aristides.
1641 5467 1760 5522 vid.
1793 5480 1928 5525 cap.
1957 5465 2044 5525 18,
2075 5469 2125 5525 5,
2149 5468 2204 5525 9.

551 5482 709 5523 mmo
730 5482 1030 5525 Platonico
1077 5482 1246 5524 duxit
1302 5482 1608 5532 arisnctes,
1641 5482 1760 5522 για.
1793 5482 1928 5537 cap.
1957 5482 2044 5528 io,
2075 5482 2125 5534 ξ),
2149 5482 2204 5535 ν,

549 5552 611 5609 p.
648 5543 713 5612 5_9
745 5556 874 5612 sep.
915 5539 1109 5611 Wolf.)
1147 5539 1245 5595 Ille
1277 5539 1649 5612 signiﬁcatus
1682 5537 2000 5612 scrutandi
2016 5536 2076 5591 in
2105 5539 2207 5591 Xe-

549 5608 885 5684 nophontio
912 5608 1224 5684 Symposio
1246 5609 1461 5684 obvius
1484 5626 1562 5679 IV,
1591 5609 1786 5684 27_.Al)e
1812 5608 1982 5684 cujus
2003 5612 2206 5684 tamen

548 5675 668 5758 loci
691 5679 942 5743 lectione
963 5675 1290 5753 ambigunt
1325 5675 1604 5738 editores.
1644 5681 1832 5737 Minus
1860 5675 1989 5751 jam
2013 5677 2205 5736 ambi-

2315 4681 2538 4759 Coloss.
2587 4698 2642 4748 ιι,
2712 4686 2795 4747 18,
2854 4682 2888 4734 ἄ
2939 4683 3302 4759 μὴ’-ἑωρακεν
3341 4683 3676 4759 ἐμϐατεύων,
3735 4681 3932 4759 quam

2314 4753 2583 4825 eertatim
2597 4753 3300 4825 expresseruntEchesiaa
3323 4753 3670 4812 Christianae
3695 4753 3930 4816 Patres.

2314 4823 2449 4896 Vid.
2507 4823 2832 4896 interprett.
2890 4826 2969 4880 ad
3020 4823 3062 4880 l.
3108 4826 3146 4880 l.
3181 4827 3479 4882 etSuicer.
3517 4829 3688 4884 Thes.
3715 4833 3929 4886 eccies.

2316 4901 2353 4950 t.
2387 4895 2426 4963 1,
2459 4911 2518 4966 p.
2572 4895 2732 4951 1097.
2769 4896 2959 4971 _Ad_d_e
2993 4899 3235 4971 Z_onarte
3275 4898 3399 4954 Lex
3439 4898 3544 4965 Gr,
3578 4899 3638 4954 in
3671 4898 3936 4971 ἐμϐατεῦο

2317 4987 2426 5032 σαι,
2495 4983 2560 5040 p1
2591 4971 2716 5024 709.
2758 4967 2953 5038 Cyrilli
3007 4969 3136 5040 Leu
3191 4984 3300 5023 ms.
3344 4971 3542 5040 Brem.
3580 4967 3749 5040 apud
3786 4973 3934 5030 Biel.

2322 5039 2490 5093 Thes.
2540 5037 2581 5103 Ι,
2637 5055 2697 5108 p.
2753 5037 2811 5094 et
2837 5038 3230 5093 Jacomellum
3284 5039 3362 5094 ad
3399 5041 3570 5096 Joan.
3615 5037 3936 5108 Clirysost.

2315 5089 2696 5189 basiata
2841 5089 3268 5189 suam.
3281 5089 3762 5189 {agisagis
3779 5089 3940 5188 .135:

2317 5125 2400 5165 ue
2411 5125 2696 5189 qaceraoz
2713 5125 2820 5234 ._,
2845 5125 2912 5167 5:5
2929 5125 3052 5181 sep.
3079 5125 3268 5182 Atque
3281 5127 3406 5181 ipse
3429 5125 3762 5168 Numanae!
3779 5125 3864 5188 Ap

2317 5179 2745 5260 stolimverbavi
2796 5181 2882 5260 eri
2900 5181 3090 5260 possit
3122 5188 3259 5260 ante
3289 5181 3498 5260 oculos
3538 5183 3864 5260 habuisse.

2389 5252 2499 5319 (28)
2521 5251 2754 5306 Passive
2785 5251 3030 5320 vulgato
3065 5253 3250 5307 modo
3307 5255 3641 5310 construxit
3670 5255 3943 5313 verbum

2316 5321 2592 5373 λωϐᾶσθαι
2651 5322 3005 5378 Nathanael.

2389 5395 2501 5465 (29)
2532 5396 2742 5470 Praeter
2757 5393 2995 5470 libru_m_
3010 5391 3411 5470 Plotinianum
3434 5396 3528 5470 _De
3556 5398 3951 5470 genio,quod

2313 5463 2498 5537 uspra
2515 5466 2883 5537 monuimus,
2901 5465 2961 5537 hi.
2980 5463 3020 5518 l.
3042 5467 3125 5520 De
3134 5466 3395 5537 pulchro
3419 5463 3950 5537 ipsolibrum‘ma-

2312 5535 2524 5592 nifesto
2553 5535 2793 5608 respicit
2827 5535 3177 5607 Nathanael,
3202 5542 3261 5592 et
3281 5535 3527 5609 quidem
3561 5544 3752 5610 caput
3771 5547 3950 5599 octa-

2312 5619 2478 5663 vum.
