4130 6414
585 341 606 392 1
626 337 729 391 423

1924 314 2317 378 NlCEPHORI.
2335 311 2624 374 CHUHNI.

3841 308 3983 366 1424

580 456 1082 522 recordationem,
1119 449 1610 509 idessetﬁrmum
1628 452 1686 507 et
1703 445 1953 506 omnino
1982 442 2240 502 celebra-

2361 444 2472 511 γοῦν
2529 435 2795 509 ἐπιστήμη
2877 426 3044 508 μηδεν
3122 428 3312 508 ἕτερον,
3371 426 3668 508 ἀνάμνησις
3735 430 3800 487 δι
3879 442 3984 486 τῶν

581 553 708 604 tum
732 551 788 602 et
822 544 1090 600 validum
1121 541 1201 598 ad
1243 541 1359 598 hoc
1409 536 1975 602 demonstrandum,
2021 547 2240 605 nempe

580 637 818 691 animas
837 632 1195 706 corporibus
1218 629 1663 704 preeexstitisse.
1723 625 1838 685 Sed
1852 640 1974 681 non
1991 621 2240 680 omnino

581 725 720 780 huic
751 721 1206 788 adhaerendum,
1237 725 1524 785 tanquam
1565 716 1712 774 nihil
1745 713 1972 790 opponi
2027 709 2238 785 possit.

584 817 751 870 Forte
781 812 941 867 enim
991 809 1165 865 nobis
1216 807 1520 863 diversum
1571 801 2069 878 supponentibus,
2119 799 2242 854 imo

582 909 726 949 vero
740 891 1106 948 contrarium
1131 889 1286 945 bene
1305 885 1666 943 succederet.
1689 888 1832 941 Cum
1855 883 2015 939 enim
2038 878 2244 936 anima

584 983 663 1038 sit
689 978 1044 1037 immortalis
1076 994 1145 1034 ac
1173 993 1411 1049 semper
1437 979 1771 1042 moveatur,
1800 972 1849 1028 si
1875 972 2006 1044 ejus
2043 971 2244 1025 motus

585 1077 641 1127 ct
666 1070 1043 1143 operationes
1064 1066 1432 1123 immortales
1453 1065 1804 1136 cogitemus,
1828 1065 1983 1119 recte
2026 1056 2246 1130 cogita-

585 1159 807 1215 bimus.
835 1157 985 1223 Quid
1004 1157 1182 1227 igitur
1203 1160 1227 1211 ?
1247 1171 1358 1212 nos
1380 1169 1603 1228 ponere
1623 1152 1714 1208 vis
1735 1149 2044 1207 scientiam
2063 1143 2245 1202 facul-

588 1254 766 1304 tatem
794 1249 1008 1303 animae
1033 1261 1161 1301 esse
1181 1245 1242 1301 in
1267 1261 1338 1301 ea
1369 1245 1446 1300 ab
1487 1243 1652 1299 initio
1695 1241 2097 1306 exsistentem,
2153 1233 2249 1292 vel

589 1337 816 1409 aliquid
844 1334 1009 1392 aliud
1034 1334 1147 1406 ipsi
1175 1339 1384 1406 postea
1415 1332 1710 1398 additum,
1744 1327 1850 1386 sed
1889 1327 2246 1400 priusquam

589 1425 823 1498 corpori
853 1424 1091 1480 uniatur
1117 1423 1146 1478 ‘I
1175 1425 1238 1478 Et
1265 1422 1413 1495 quid
1457 1421 1574 1478 hoc
1630 1418 1796 1476 aliud
1843 1421 1998 1475 esset
2038 1417 2249 1488 praeter

589 1513 1033 1586 cogitationem,
1066 1519 1123 1570 et
1150 1513 1310 1569 unde
1365 1509 1817 1584 superveniens,
1857 1523 1993 1564 cum
2042 1503 2251 1561 anima

588 1604 849 1678 perfecta
874 1604 945 1659 sit
974 1607 1031 1658 et
1058 1601 1334 1675 perfectas
1365 1601 1480 1656 sint
1521 1600 1651 1672 ejus
1690 1596 1998 1654 facultates
2030 1597 2088 1649 et
2124 1606 2252 1648 mo-

589 1700 682 1748 tus
705 1695 732 1748 ἱ)
763 1691 877 1748 Sed
902 1690 1050 1746 nihil
1078 1689 1296 1763 poteris
1326 1689 1522 1746 dicere
1548 1702 1743 1760 neque
1782 1683 2118 1758 quidquam
2148 1681 2250 1736 de-

589 1781 1025 1840 monstrare/Si
1063 1781 1224 1836 enim
1263 1778 1542 1852 cogitatio
1592 1777 1846 1834 facultas
1885 1774 2102 1830 animae
2141 1772 2246 1841 est,

2361 1780 2498 1851 εἰπερ
2568 1783 2766 1850 νοοῖμεν
2843 1777 2911 1848 ¹⁸,
2991 1777 3155 1851 ὀρθῶς
3219 1776 3281 1828 ἂν
3346 1779 3572 1851 νοοῖμεν.
3679 1780 3750 1834 Τι

591 1887 803 1928 omnes
844 1879 1046 1928 autem
1086 1870 1325 1940 animre,
1367 1885 1503 1942 quae
1556 1881 1796 1938 semper
1833 1864 1893 1920 in
1933 1865 2103 1918 motu
2141 1862 2247 1924 est,

513 1989 517 1991 λ
590 1961 902 2018 facultates
933 1959 1302 2014 immortales
1334 1961 1496 2027 sunt,
1530 1955 1778 2012 scientia
1806 1969 1942 2026 quae
1973 1954 2066 2006 est
2095 1947 2251 2020 cogi-

595 2051 759 2118 tatio,
795 2052 850 2104 et
878 2049 1016 2120 ipsa
1047 2047 1265 2104 animae
1295 2046 1551 2103 facultas
1583 2046 1694 2102 erit
1724 2061 1736 2100 :
1765 2058 1889 2099 non
1927 2053 2253 2114 possumus

596 2155 740 2195 vero
771 2153 1022 2210 prorsus
1049 2153 1182 2192 eam
1216 2136 1455 2193 credere
1484 2133 1786 2192 oblivione
1815 2127 2256 2202 corrumpi,ne-

601 2244 720 2300 que
749 2242 992 2282 rursum
1022 2230 1367 2298 corruptam
1391 2229 1446 2281 et
1483 2228 1822 2280 emortuam
1846 2221 2047 2277 denuo
2079 2214 2257 2290 quasi

598 2315 978 2372 reviviscere.
999 2314 1226 2370 Etenim
1247 2329 1441 2387 neque
1465 2313 1669 2369 anima
1692 2310 1753 2367 in
1775 2309 1903 2366 aliis
1926 2305 2256 2378 curruptio-

594 2422 735 2461 nem
761 2421 944 2477 passa
973 2410 1062 2460 est
1097 2420 1295 2476 neque
1326 2419 1600 2475 unquam
1637 2401 1913 2474 patietur.
1940 2401 2021 2453 Ex
2048 2397 2117 2452 iis
2151 2394 2255 2464 igi-

596 2499 691 2550 tur
719 2510 854 2566 quaz
895 2499 956 2549 tu
987 2491 1304 2564 supponis,
1347 2497 1404 2547 et
1438 2491 1500 2548 id
1534 2490 1875 2548 necessario
1915 2485 2151 2554 accidit,
2183 2499 2257 2540 ex

598 2600 738 2655 quas
776 2583 958 2654 hujus
1001 2581 1256 2638 facultas
1296 2580 1651 2648 siteﬁluere,
1699 2593 1893 2652 neque
1944 2575 2256 2632 scientiam

597 2677 850 2730 stratum
881 2672 1008 2738 erit,
1050 2687 1269 2744 nempe
1309 2671 1538 2727 nullam
1579 2670 1793 2726 anima:
1831 2667 2258 2738 cogitationem

595 2779 732 2835 quae
771 2761 951 2832 hujus
990 2760 1244 2816 facultas
1287 2759 1360 2816 sit
1397 2759 1658 2823 efﬂuere,
1699 2773 1895 2830 neque
1948 2753 2258 2812 scientiam

593 2851 792 2924 ipsam
815 2849 1055 2906 efﬂuere
1082 2855 1138 2905 et
1165 2849 1492 2923 corrumpi.
1532 2848 1648 2906 Sed
1676 2863 1870 2920 neque
1902 2845 2082 2901 modo
2107 2845 2259 2899 inest

593 2940 836 3008 animas,
875 2937 1061 2994 modo
1101 2953 1224 2993 non
1262 2938 1414 2994 inest
1454 2956 1466 2994 :
1528 2936 1742 3008 reliqui
1780 2935 1941 2990 enim
1979 2930 2257 2989 animalis

592 3027 906 3100 proprium
919 3031 1214 3098 estcapax
1230 3025 1490 3082 scientias
1503 3025 1650 3092 ﬁeri,
1681 3023 1885 3080 anima
1901 3021 2256 3077 immittente

595 3133 664 3173 ac
689 3116 974 3182 donante,
1007 3131 1371 3188 rursumque
1406 3113 1718 3170 scientiam
1749 3112 2017 3168 amittere
2049 3115 2106 3165 et
2125 3123 2253 3164 rur-

596 3221 732 3260 sum
762 3203 1023 3276 recipere
1061 3219 1132 3260 ac
1161 3219 1402 3260 rursum
1433 3203 1667 3275 absque
1698 3217 1771 3258 ea
1810 3215 2076 3266 manere,
2108 3203 2164 3253 et
2192 3197 2254 3253 id

597 3307 822 3365 saepius
848 3309 860 3358 ;
887 3291 1055 3364 quod
1083 3294 1204 3364 pati
1231 3299 1288 3348 et
1313 3309 1538 3366 aquam
1559 3290 1860 3359 videmus,
1880 3305 2015 3362 quae
2037 3285 2255 3356 frigida

597 3386 702 3453 est,
744 3380 962 3437 deinde
1001 3381 1308 3449 calefacta,
1341 3396 1581 3438 rursum
1613 3379 1780 3452 quod
1834 3381 1980 3442 erat,
2037 3373 2256 3446 frigida

592 3469 661 3526 ﬁt
691 3485 704 3536 ;
737 3468 942 3526 anima
970 3485 1108 3525 vero
1128 3469 1334 3542 quoad
1375 3468 1683 3524 scientiam
1715 3483 1785 3522 ac
1815 3471 2078 3522 mentem
2108 3461 2255 3520 nihil

592 3557 707 3615 tale
779 3557 1022 3632 patitur,
1081 3558 1226 3631 quia
1269 3572 1466 3630 neque
1513 3555 1720 3630 quoad
1768 3558 1948 3612 vitam
2009 3555 2251 3628 patitur.

592 3651 728 3706 Haec
771 3649 933 3704 enim
960 3649 1083 3704 duo
1123 3647 1470 3704 essentiales
1509 3647 1725 3702 animte
1764 3645 2074 3703 facultates
2115 3648 2254 3700 sunt

593 3737 860 3793 similiter
886 3753 957 3794 ac
988 3737 1298 3808 habentes,
1343 3735 1541 3792 vivere
1582 3751 1802 3808 nempe
1865 3739 1922 3791 et
1969 3735 2249 3805 cogitare,

593 3816 1121 3898 quemadmddum
1144 3825 1300 3894 ignis
1323 3825 1634 3898 proprium
1658 3830 1746 3880 est
1767 3839 1936 3880 urere
1959 3828 2015 3880 et
2033 3823 2251 3894 lucere,

592 3921 652 3972 et
690 3915 838 3971 nihil
877 3914 1096 3970 horum
1144 3915 1378 3984 amittit,
1425 3914 1700 3987 quandiu
1753 3913 1907 3986 ignis
1961 3920 2250 3970 remanet.

593 4005 796 4075 Neque
842 4001 976 4057 vitae
1005 4001 1189 4074 hujus
1212 4000 1336 4058 ulla
1364 4001 1770 4073 estcorruptio
1798 4017 1992 4074 neque
2014 4001 2250 4058 mentis.

594 4089 1042 4164 Corruptionem
1075 4093 1276 4146 autem
1316 4090 1574 4147 scientiae
1624 4093 1680 4146 et
1729 4105 1866 4162 quae
1919 4089 2253 4145 secundum

593 4196 731 4236 eam
769 4186 859 4235 est
891 4180 1199 4236 memoriae
1234 4186 1289 4236 et
1321 4180 1700 4251 cogitationis
1718 4195 2056 4252 supponere
2079 4185 2135 4235 et
2155 4194 2254 4235 co-

593 4271 781 4343 gitare
808 4269 985 4326 nobis
1012 4270 1128 4327 hoc
1157 4271 1342 4328 modo
1371 4286 1494 4328 non
1513 4270 1650 4327 licet
1679 4287 1692 4339 ;
1724 4285 1846 4325 non
1879 4269 2013 4324 licet
2050 4269 2253 4341 utique

594 4375 937 4433 supponere
963 4376 1033 4418 ac
1063 4361 1325 4432 cogitare
1360 4365 1624 4417 mentem
1655 4357 1980 4429 corrumpi.
2016 4359 2112 4413 Est
2139 4357 2252 4428 igi-

595 4453 692 4507 tur
721 4466 958 4523 semper
987 4451 1047 4506 in
1082 4452 1287 4509 anima
1317 4449 1565 4508 scientia
1580 4448 1778 4505 omnis
1800 4453 2016 4519 etquae
2038 4463 2252 4505 secun-

595 4539 746 4596 dum
775 4555 912 4597 eam
933 4543 1023 4597 est
1053 4541 1347 4598 memoria
1374 4543 1431 4596 et
1456 4536 1760 4607 cogitatio.

2348 531 2598 600 πρότερον
2655 527 2746 598 μὲν
2825 522 3155 597 ἐγνωσμένων
3203 521 3385 598 ψυχῇ,
3438 527 3526 577 καὶ
3584 527 3707 599 πρὶν
3768 523 3801 582 ἣ
3856 525 3984 576 ταῦ-

2349 636 2444 675 την
2503 617 2548 651 ¹²
2579 614 2765 668 ἐνεῖναι
2805 620 2912 675 τοῖς
2961 618 3223 686 σώμασιν,
3280 609 3445 666 inid"
3494 611 3681 667 ἐνεῖται
3729 617 3828 666 καὶ
3865 617 3986 666 τούς

2352 727 2460 769 τοις
2516 709 2903 780 συμπέφυρται,
2980 710 3078 764 τῆς
3131 707 3339 776 μνήμης
3384 705 3559 776 ὥσπερ
3615 701 3979 778 ἐκτριϐεἱσης,

2351 801 2442 849 καὶ
2496 796 2526 854 ἡ
2606 803 2700 856 τῆς
2752 795 3051 865 ἐπιστήμης
3105 795 3535 868 συνεκτέτριπται
3583 801 3810 864 γνῶσις,

2353 881 2506 947 αὖθις
2527 882 2606 937 ἐπ’
2640 883 2802 942 αὐτὴν
2841 882 2996 955 ψυχὴ
3044 880 3197 934 πάλιν
3234 884 3350 940 ἣκει
3391 886 3485 941 την
3530 900 3586 934 τε
3622 901 3844 955 μνημην
3891 902 3980 936 και

2353 978 2447 1034 τὴν
2499 983 2589 1035 τῆς
2653 971 2951 1046 ἐπιστήμης
3001 969 3296 1045 ἀνάμνησιν
3350 973 3419 1039 ³³,
3469 971 3615 1024 τοῦτ’
3667 971 3732 1024 ἂν
3793 975 3874 1031 εἴη
3921 976 3976 1026 τό

2352 1083 2444 1117 και
2494 1069 2724 1135 γενναῖον
2771 1081 2860 1114 και
2910 1063 3045 1115 πάνυ
3073 1062 3192 1113 rt“
3224 1059 3598 1136 θρυλλούμενον
3667 1080 3763 1114 και
3813 1061 3974 1134 ἰσχυ-

2353 1155 2443 1230 ρὸν
2473 1151 2541 1214 εἰς
2561 1147 2832 1214 ἀπόδειξιν
2871 1158 2963 1203 τοῦ
3014 1152 3441 1225 προϋσφεστάναι
3492 1152 3590 1213 τὰς
3631 1149 3822 1224 ψυχὰς
3874 1159 3968 1204 τῶν

2360 1242 2637 1314 σωμάτων.
2668 1239 2805 1294 Ἀλλ’
2831 1239 2890 1292 οὗ
2938 1240 3074 1293 πάνυ
3124 1258 3178 1292 τι
3226 1242 3394 1311 τούτῳ
3449 1257 3509 1312 γε
3556 1243 3864 1315 προσεκτέον
3891 1239 3950 1296 ³⁵.

2357 1333 2423 1392 ὡς
2480 1327 2745 1404 μηδεμιᾶς
2815 1325 3058 1389 δηλονότι
3121 1325 3384 1402 μηδαμῶς
3441 1327 3749 1391 ἀντιθίσεως
3786 1332 3954 1390 οὔσης.

2357 1423 2518 1493 Τάχα
2568 1422 2667 1494 γὰρ
2737 1419 2798 1471 ἄν
2846 1437 2899 1471 τι
2949 1438 3040 1470 και
3089 1416 3289 1471 ἀλλοῖον
3336 1419 3462 1492 ἡμῖν
3519 1419 3565 1454 ⁸⁸
3619 1420 3965 1490 ὑποθεμένοις,

2359 1528 2450 1562 και
2505 1509 2614 1580 τόγ’
2677 1506 2923 1579 ἐναντίον,
2987 1507 3148 1580 ὀρθῶς
3195 1505 3376 1566 ἐκϐαίη
3430 1509 3496 1544 ¹’²·
3554 1505 3826 1561 ἀθανάτου
3875 1511 3969 1581 γὰρ

2359 1606 2451 1660 τῆς
2479 1597 2668 1670 ψυχῆς
2697 1596 2860 1661 οὒσης
2882 1617 2972 1650 και
3011 1595 3091 1650 ἀεί
3146 1601 3448 1671 κινουμένης
3491 1598 3627 1670 (33),
3681 1595 3975 1658 ἀθανατους

2361 1684 2427 1747 δή
2504 1707 2644 1749 τινας
2725 1708 2816 1741 και
2893 1689 2988 1750 τὰς
3065 1693 3298 1750 κινήσεις
3364 1707 3455 1740 και
3501 1685 3762 1761 ἐνεργείας
3825 1688 3977 1750 αὐτῆς

3887 790 3983 846 εἰτ’

3858 1796 3976 1850 γουν

2361 1865 2652 1939 ἐπιστήμην
2750 1867 2889 1939 ἡμᾶς
2986 1885 3076 1919 και
3149 1863 3324 1939 βούλει
3423 1867 3623 1919 τιθέναι
3714 1865 3975 1940 ἐνέργειαν

2359 1955 2543 2028 ψυχῆς
2567 1957 2836 2028 καιταύτη
2893 1953 2946 2018 ἐξ
3000 1954 3174 2030 ἀρχῆς
3221 1954 3455 2024 ἐνοῦσαν,
3501 1955 3531 2015 ἦ
3593 1953 3722 2007 ἄλλο
3785 1975 3842 2008 τι
3893 1976 3976 2008 και

2361 2043 2576 2120 ὕστερον
2623 2048 2712 2112 μὲν
2770 2044 2910 2116 αὗτῲ
3000 2049 3497 2121 προσγεγενημένον,
3582 2049 3848 2118 πρότερον
3921 2042 3975 2097 δε

2362 2141 2454 2187 τοῦ
2485 2137 2679 2192 ταύτην
2707 2132 3008 2207 ἐγγενέσθαι
3054 2143 3127 2206 τῷ
3178 2139 3385 2208 σώματι
3431 2150 3447 2203 ;
3491 2140 3594 2188 Και
3618 2138 3674 2186 τί
3725 2153 3794 2206 γε
3834 2134 3971 2186 τοῦθ’

2363 2223 2530 2298 ἕτερον
2605 2225 2750 2298 παρά
2814 2227 2908 2282 τὴν
2971 2228 3156 2282 νόησιν
3235 2223 3573 2291 ὑποληπτέον,
3661 2243 3760 2276 και
3829 2225 3980 2277 πόθεν

2365 2311 2590 2366 ἐπεισιόν
2647 2312 2877 2382 ἄλλοθεν,
2931 2311 3124 2376 τελείας
3176 2321 3267 2375 τῆς
3305 2312 3494 2387 ψυχῆς
3541 2312 3727 2382 οὔσης,
3781 2311 3986 2366 τελείων

2364 2422 2456 2456 και
2482 2411 2580 2457 τῶν
2628 2401 2882 2477 ἐνεργειῶν
2936 2402 3097 2465 αὐτῆς
3146 2423 3238 2457 και
3292 2420 3578 2471 κινησεωςς
3626 2402 3772 2458 Ἀλλ’
3831 2401 3990 2458 οὐδεν

2365 2491 2427 2544 ἂν
2501 2494 2654 2565 ἔχοις
2723 2492 2900 2560 εἰπεῖν,
2982 2486 3096 2546 οὐδ’
3150 2493 3211 2545 ἂν
3262 2489 3588 2556 ἀποδείξαις.
3648 2492 3710 2546 Εἰ
3765 2496 3884 2567 γὰρ
3946 2494 3991 2529 ¹⁹

2366 2586 2548 2644 νόησις
2616 2583 2707 2654 μὲν
2776 2584 3002 2658 ἐνέργεια
3069 2582 3276 2655 ψυχῆς,
3363 2589 3532 2636 πᾶσαι
3604 2579 3662 2635 δ’
3728 2581 3996 2658 ἐνέργειαι

2366 2670 2550 2743 ψυχῆς
2577 2668 2658 2723 ἀεί
2686 2676 2986 2743 κινουμένης
3040 2670 3310 2740 ἀθάνατοι,
3356 2674 3624 2746 ἐπιστήμη
3683 2669 3747 2726 δὲ
3802 2678 3996 2734 νόησις

2367 2767 2522 2828 οὖσα,
2573 2761 2784 2822 εἰκότως
2831 2759 2890 2812 ἂν
2947 2780 3037 2813 και
3093 2759 3318 2834 ἐνὲργεια
3367 2759 3553 2833 ψυχῆς
3606 2764 3688 2819 εἴη
3725 2781 3741 2796 ο
3774 2761 3836 2814 οὗ
3911 2759 3998 2815 δεῖ

2369 2845 2428 2902 δὲ
2507 2849 2556 2884 ²⁰
2644 2849 2848 2912 πάντως
2932 2851 3068 2921 ἡμᾶς
3159 2846 3285 2903 οὐδέ
3330 2852 3527 2908 ταύτην
3584 2850 3820 2924 νομίζειν
3877 2852 3986 2903 ὑπὸ

2365 2939 2516 3007 λήθη,
2550 2936 2829 3012 ἐφθάρθαι,
2886 2935 2988 2990 οὐδ
3045 2938 3111 2992 αὖ
3170 2941 3454 3013 φθαρεῖσαν
3507 2959 3601 2992 και
3660 2937 3989 2992 ἐκλιποῦσαν

2365 3028 2517 3088 αὖθις
2581 3026 2754 3101 ὥσπερ
2832 3025 3192 3094 ἀναϐιώσκειν,
3279 3026 3388 3080 ἐπει
3457 3025 3601 3101 μηδὲ
3686 3030 3733 3065 ²¹
3821 3027 3988 3100 ψευχή

2362 3115 2502 3168 τοῦτ’
2557 3112 2606 3168 ἐν
2674 3117 2846 3178 ἄλλοις
2895 3119 3086 3191 φθορὰν
3130 3117 3313 3170 ἔπαθεν
3343 3113 3458 3170 οὐδ’
3501 3115 3561 3170 οὗ
3609 3121 3829 3189 μήποτε
3889 3120 3990 3171 πά-

2367 3205 2428 3277 θη
2480 3206 2550 3261 ³³.
2612 3207 2703 3262 Ἐκ
2739 3208 2830 3279 μεν
2884 3201 2972 3258 οὖν
3016 3205 3084 3256 ὦν
3139 3204 3298 3267 αὐτὸς
3361 3205 3640 3271 ὑποτίθης,
3697 3225 3801 3258 και
3852 3204 3984 3259 τοῦτ’

2363 3295 2506 3347 εστίν
2535 3293 2590 3359 ἐξ
2616 3293 2847 3367 ἀνάγκης
2888 3293 3197 3368 συμϐαῖνον,
3254 3293 3309 3346 ἐκ
3355 3291 3406 3346 δ’
3460 3291 3528 3347 ὧν
3583 3296 3742 3367 ἡμεῖς
3806 3314 3982 3368 φαμεν,

2363 3381 2522 3436 ἐκεῖνο
2551 3384 2744 3458 μᾶλλον
2783 3383 2843 3437 ἄν
2897 3387 2975 3442 εἴη
3016 3379 3072 3436 εὖ
3105 3383 3247 3456 μάλα
3294 3403 3386 3436 και
3438 3383 3604 3447 καλῶς
3663 3381 3989 3456 ἀποδεδειγ-

2363 3476 2534 3545 μένον,
2557 3478 2686 3545 μήτε
2731 3469 2974 3530 δηλονότι
3028 3469 3294 3546 μηδεμίαν
3347 3478 3530 3532 νόησιν
3579 3472 3780 3546 ψυχῆς
3831 3483 3992 3528 oriona

2363 3560 2616 3638 ἐνέργειαν
2713 3561 2874 3624 αὐτῆς
2981 3559 3360 3638 ἁπερῥυηκέναι
3445 3562 3572 3635 μήτ’
3676 3562 3996 3637 ἐπιστήμην

2366 3652 2792 3728 συναπορῥυῆναι
2856 3653 2904 3688 ³³
2957 3655 3121 3725 ταύτῃ
3171 3681 3175 3687 ·
3223 3672 3313 3705 και
3417 3649 3725 3725 διεφάρθαι.
3857 3654 3999 3709 Ἀλλ’

2364 3736 2488 3793 οὐδὲ
2519 3744 2639 3794 ποτὲ
2659 3745 2749 3814 μέν
2771 3739 3044 3814 ἑνείναιτῇ
3092 3739 3270 3813 ψυχῇ,
3316 3743 3440 3794 ποτε
3509 3737 3568 3794 δι
3633 3746 3711 3814 μὴ
3768 3739 3916 3795 εἶναι
3987 3763 3999 3776 ·

2362 3836 2454 3882 τοῦ
2473 3828 2656 3882 λοιποῦ
2707 3832 2809 3903 γὰρ
2852 3830 2989 3891 ξώου
3048 3837 3202 3882 τοῦτο
3250 3826 3493 3883 δεκτικὸν
3547 3833 3640 3903 μὲν
3693 3829 4006 3906 ἐπιετὴμης

2363 3917 2490 3971 αὐτὸ
2520 3921 2850 3992 γεγενῆσθαι,
2870 3928 2960 3980 τῆς
2982 3917 3170 3992 ψυχῆς
3209 3917 3429 3982 ἐνιείσης
3482 3937 3574 3972 και
3619 3917 3997 3992 μεταδούο-ης,

2363 4003 2514 4070 αὖθις
2581 4004 2632 4060 δ’
2701 4027 2801 4061 απο
2838 4007 3088 4061 ϐαλέσθαι
3163 4009 3212 4045 ²⁸
3300 4007 3658 4062 ἀναϐαλέσθαι
3715 4029 3776 4062 τε
3841 4007 4000 4072 αὖθις

2363 4117 2452 4150 και
2472 4101 2642 4172 χωρίς
2663 4097 2827 4160 αὐτῆς
2875 4099 3024 4160 αὖθις
3080 4092 3270 4172 μεῖναι,
3329 4119 3421 4151 και
3467 4117 3624 4152 τουτο
3680 4099 3942 4172 πολλάκις
3973 4120 3988 4132 ·

2362 4185 2389 4238 ὃ
2439 4182 2507 4246 δὴ
2557 4187 2720 4248 πάθος
2771 4191 2862 4240 καὶ
2918 4189 3002 4241 ἐπὶ
3048 4195 3138 4240 τοῦ
3188 4189 3234 4223 ³⁵
3303 4185 3500 4249 ὕδατος
3577 4189 3799 4261 ὁρῶμεν,
3865 4186 3982 4257 ψυ-

2360 4274 2498 4350 ψροῡ
2572 4278 2663 4348 μεν
2745 4279 2906 4348 ὄντος,
2984 4274 3040 4328 ἐκ
3093 4273 3153 4330 δὲ
3205 4280 3370 4350 πυρὸς
3420 4279 3837 4352 θερμαινόμενον
3894 4261 3992 4330 εἷθ’

2364 4366 2486 4439 ὅπερ
2541 4361 2603 4424 ἧν
2654 4365 2808 4418 πάλιν
2854 4365 3072 4441 ψυχροῦ
3123 4371 3397 4438 γεγονότος
3446 4387 3460 4400 ·
3523 4365 3688 4438 ψυχή
3760 4364 3823 4421 δε
3873 4366 3994 4419 κατ’

2365 4451 2662 4527 ἐπιστήμην
2725 4474 2816 4507 και
2883 4462 3000 4507 νοῦν
3075 4451 3228 4508 οὐδὲν
3267 4464 3329 4516 ἢν
3378 4461 3613 4509 τοῖοῦτον
3655 4458 3847 4526 πάθοι,
3907 4457 3988 4505 ὅτι

2365 4539 2504 4616 μηδὲ
2523 4545 2660 4596 κατά
2687 4547 2743 4597 τὸ
2791 4543 2888 4617 ζῇν
2927 4545 3150 4616 πάσχει.
3204 4543 3394 4618 Ἀμφω
3450 4547 3551 4617 γὰρ
3608 4549 3811 4612 ταῦτα,
3859 4544 3990 4616 ἐνέρ-

597 4632 738 4702 γειαί
762 4648 896 4692 τ.νες
925 4627 1178 4692 οὐτωὸεις
1217 4629 1407 4700 ψυχῆς
1456 4647 1547 4680 και
1592 4629 1780 4700 ὁμοίως
1856 4630 2103 4701 ἔχουσαι,
2159 4633 2253 4703 ζῇν
2307 4628 2482 4692 δήπου
2535 4652 2626 4686 και
2717 4641 2870 4706 νοεῖν,
2958 4635 3024 4694 ὡς
3111 4654 3200 4686 και
3283 4641 3377 4686 τοῦ
3422 4637 3591 4708 πυρὸς
3649 4639 3713 4686 τὸ
3783 4634 3995 4707 φλέγειν

596 4719 730 4792 ὁμοῦ
759 4738 848 4772 και
896 4721 956 4772 τὸ
1016 4720 1065 4756 ³⁸
1109 4717 1368 4791 φωτίζειν,
1431 4736 1522 4770 και
1563 4712 1716 4769 οὐδέν
1771 4720 1965 4770 τούτων
2025 4716 2302 4791 ἀπόλλυσι,
2338 4729 2442 4796 πῦρ
2497 4717 2673 4781 δήπου
2704 4726 2872 4794 μένον.
2929 4722 3055 4775 οὔτ’
3106 4722 3196 4775 ὀῦν
3242 4722 3382 4786 ζωῆς
3425 4725 3617 4784 ταύτης
3655 4723 3779 4776 κατ’
3837 4719 4000 4776 οὐδ’ἐν

595 4805 823 4884 οὐδεμία
866 4809 1052 4884 φθορὰ,
1133 4807 1250 4862 οὔτε
1314 4813 1404 4859 νοῦ
1485 4807 1555 4860 ³⁷.
1623 4808 1821 4881 Φθοράν
1877 4804 1938 4861 δέ
1988 4809 2107 4862 ποθ’
2136 4811 2279 4884 ἡμᾶς
2355 4810 2648 4885 ἐπιστήμη.
2683 4831 2775 4866 και
2853 4817 3062 4885 μνήμης
3103 4818 3193 4874 τῆς
3231 4811 3348 4865 κατ’
3409 4811 3575 4873 αὐτὴν
3615 4831 3709 4866 και
3763 4818 4006 4872 νοήσεως

1961 4933 2186 5005 Variae
2231 4933 2586 5008 lectiones.

3503 5080 3548 5116 "
3595 5098 3680 5134 τοι
3725 5081 4010 5140 Vind.et

679 5077 726 5114 η
779 5076 976 5151 ταύτην
1020 5074 1223 5151 emis.“
1285 5077 1414 5133 Vat.
1493 5076 1539 5112 ‘3
1617 5073 1692 5151 ἐπ’
1755 5076 1915 5136 αὐτὴν
1963 5075 2150 5151 ψυχὴν
2197 5097 2251 5132 αι

2369 5081 2503 5138 Vat.
2564 5077 2662 5151 ἐπ’,
2691 5077 2856 5151 αὐτὴν
2885 5078 3039 5151 ψυχὴ
3065 5083 3189 5133 εἴκει
3247 5078 3420 5138 Vind.

2931 5101 2959 5132 υ
3010 5100 3189 5140 ηεικει
3257 5100 3420 5138 Vina.
3504 5100 3548 5116 "
3595 5100 3680 5134 τοι
3734 5100 4007 5140 v1na.el

2931 5100 3008 5208 (ἕ
3064 5153 3116 5224 ,⁸⁸
3142 5158 3353 5224 νοοῦμεν
3422 5153 3548 5224 Vat.
3627 5154 3676 5188 ¹⁹
3699 5162 3841 5224 γοῦν
3875 5158 4007 5214 Vat.

605 5145 996 5235 gicgproxime
1015 5145 1102 5204 id.
1156 5149 1351 5235 ,ξδῃκαι
1403 5166 1561 5235 προσ,
1819 5153 1884 5235 ’ίθ
1934 5145 2250 5235 illa-5:69.-

2361 5156 2411 5235 ζι.
2477 5151 2532 5235 3}
2579 5149 2770 5235 {seu}?
2805 5145 2928 5235 vra

604 5219 656 5254 ²ο
689 5214 749 5294 ὸξὲ
776 5233 902 5275 non
926 5218 1195 5294 agnoscit
1218 5220 1347 5294 vat.
1425 5214 1470 5294 ἐξ
1495 5224 1566 5294 μὴ
1602 5217 1660 5273 δὲ
1689 5220 1877 5294 Vind.
1935 5222 1984 5294 '3
2012 5214 2173 5274 πάθοὶ
2228 5224 2251 5277 t

2361 5221 2400 5276 ἰ.
2477 5221 2528 5294 εἶ’
2588 5222 2680 5279 Sic
2708 5222 2843 5280 Vat.
2903 5227 2961 5280 et
3013 5222 3186 5280 Vind.
3251 5214 3471 5294 marg,
3519 5223 3581 5281 in
3636 5214 3818 5282 teitu
3879 5243 4013 5280 m-

608 5275 1006 5366 επορδιυηκξναῖί
1082 5287 1131 5328 ³⁸
1153 5289 1466 5347 ἁποϐαλέσθ’
1495 5275 1619 5350 vat.
1697 5275 2089 5350 “articulum
2109 5275 2251 5350 non.

2361 5275 2540 5352 ioscit
2561 5275 2689 5354 var.
2765 5275 3117 5354 idenm?
3128 5275 3222 5354 es:
3251 5275 3494 5353 iam.
3519 5275 3616 5332 "37
3643 5275 3820 5360 "$62
3869 5275 4016 5356 vat.

2175 5417 2396 5488 Notae.

682 5559 1223 5636 (33)77P_lat_on_icum,
1273 5577 1346 5620 ex
1377 5560 1652 5636 Phaedro.
1676 5558 1832 5636 _Vid.
1874 5575 2030 5636 pag.
2053 5561 2158 5636 245
2203 5563 2262 5632 C,
2382 5560 2623 5636 Tuscui.
2645 5562 2816 5636 Disp.
2849 5564 3100 5636 1,237,7et
3129 5561 3544 5636 Wyttenbach.
3571 5563 3656 5621 De
3677 5565 3875 5636 plac.
3907 5571 4018 5627 imo

684 5638 746 5688 ω
781 5632 1152 5708 Heinddbiq.
1181 5630 1507 5708 interprett.
1542 5630 1710 5694 Conf.
1741 5630 1945 5692 Davis.
1969 5630 2056 5692 ab
2082 5630 2260 5692 Cicer;
2373 5633 2620 5695 mortui.
2639 5630 2829 5697 enim.
2859 5630 2944 5695 ad
2967 5630 3252 5695 Phaeacia.
3281 5651 3346 5712 p.
3384 5649 3506 5696 nx.
