4130 6392
200 371 337 427 1425

1427 368 1589 426 ADV.
1629 367 1982 429 PLOTINUM
2022 371 2113 430 DE
2165 374 2392 433 ΑΝΙΜΑ

190 495 596 568 ὑποτιθεμένους
646 492 676 554 ἣ
724 491 1041 565 ὶννοοῦντας,
1096 493 1191 548 οὐκ
1255 495 1366 549 ἔστι
1433 501 1614 548 τοῦτον
1689 496 1777 546 τὸν
1861 499 2051 570 τρόπον

3432 382 3568 436 1426

2119 520 2132 534 ·
2189 507 2319 575 μήτι
2383 521 2444 575 γε
2501 504 2591 556 καὶ
2645 503 2730 555 τὸν
2786 509 2904 556 νοῦν
2965 503 3267 578 φθείρεσθαι
3329 505 3569 559 τίθεσθαι

187 590 285 638 καὶ
313 590 465 649 νοεῖν,
489 581 669 636 Ἔστιν
703 579 790 635 οὖν
831 581 910 636 ἀεὶ
938 587 1028 636 καὶ
1067 581 1332 656 ἐπιστήμη
1373 590 1520 637 πᾶσα
1540 588 1630 637 καὶ
1659 585 1689 643 ἡ
1718 583 1834 636 κατ’
1863 585 2026 646 αὐτὴν
2047 594 2226 663 μνήμη
2259 596 2347 646 καὶ
2376 596 2558 656 νόησις
2588 591 2636 644 ἐν
2663 592 2841 664 ψυχῇ,

271 673 338 740 ς’.
387 674 590 726 Τούτου
651 668 706 726 δ’
756 675 899 734 ὄντος
947 677 1037 726 καὶ
1083 670 1549 747 ἀποδεδειγμένου,
1590 672 1710 726 οὒτε
1749 676 1804 725 τὸ
1834 677 1883 729 Α

192 763 666 838 ἀναμιμήσκεσθαι
741 773 834 821 τήν
910 762 1099 835 ψυχὴν
1180 765 1320 817 ἔστιν
1377 760 1641 836 ούδάμῶς,
1690 771 1808 816 οῦτε

185 859 250 908 τὸ
280 853 666 926 προϋφεστάναι
696 855 892 911 ταύτην
939 859 1032 905 τοῦ
1086 853 1223 915 ζὼου
1275 861 1368 907 τοῦ
1416 858 1806 928 μετεσχηκὸτος

192 944 358 1006 αὐτῆς
409 964 424 978 ’

191 1034 242 1069 θ’
322 1030 614 1104 έπιστῆμαι
693 1027 860 1104 μηδὲν
943 1035 1189 1108 πρότερον
1257 1038 1371 1108 περὶ
1454 1033 1622 1086 αὐτῶν
1670 1029 1808 1086 εἰδό-

191 1139 336 1190 σινς
387 1120 535 1194 Ἐμοὶ
609 1117 801 1192 δοκεῖν,
875 1121 954 1174 ὅτι
1011 1124 1186 1195 ὡσπερ
1240 1126 1306 1177 σύ
1359 1119 1807 1198 προδημιουργῶν

187 1213 285 1274 τὰς
342 1209 529 1282 ψυχὰς
608 1217 709 1263 τῶν
765 1212 1017 1283 σωμάτων
1071 1210 1335 1284 λέγειςμὴ
1399 1211 1619 1283 ἀμαθεῖς
1673 1207 1810 1284 μηδ’

188 1299 363 1354 αὐτῶν
440 1306 542 1352 τῶν
623 1298 924 1373 έπιστημῶν
1010 1297 1159 1370 εἶναι,
1241 1299 1344 1353 ἀλλ’
1435 1301 1484 1354 ἐν
1564 1301 1671 1374 ζωῇ
1731 1316 1810 1354 τε·

188 1389 304 1462 λείᾳ
386 1389 435 1424 ³ο
497 1387 670 1460 τελείῳ
753 1385 811 1442 δε
895 1393 985 1442 καὶ
1044 1397 1114 1460 νῷ
1182 1391 1226 1426 ³¹
1279 1389 1550 1461 τελούσας,
1614 1389 1807 1452 τελείας

191 1475 345 1547 εἶναι,
427 1484 515 1533 καὶ
589 1479 637 1514 ³³
717 1483 900 1539 νόησιν

477 944 632 996 πόθεν
686 937 738 994 δ’
787 943 1026 1018 ἔτέρωθεν
1103 945 1228 1016 ἡμῖν
1298 944 1346 980 ³⁸
1407 942 1704 996 ἀπαντῶσιν
1750 948 1806 998 αἱ

1008 1485 1185 1534 πᾶσαν
1285 1487 1376 1534 καὶ
1481 1480 1800 1555 ἐπιστήμην,

192 1567 330 1621 οὕτω
361 1565 429 1628 δὴ
478 1567 639 1642 κάμοὶ
691 1565 1132 1643 ἀποδεδειγμένου
1193 1569 1611 1643 συγγεγξνῆσθαι
1671 1578 1799 1623 ταῦ-

190 1677 288 1720 τας
331 1663 422 1710 καὶ
477 1660 838 1734 συνυπάρχειν
891 1666 1002 1722 τοῖς
1067 1663 1357 1732 μετὶχουσι
1407 1660 1580 1731 ζώοις,
1647 1657 1798 1713 ούδὶν

192 1746 403 1801 ἔλαττον
443 1748 644 1809 ταλείας
703 1751 861 1809 οῦσας
917 1749 1055 1810 ζωὴν
1103 1754 1193 1802 καὶ
1243 1757 1382 1818 νοῦν,
1428 1749 1625 1812 τελείας
1668 1747 1798 1803 εἶναι

193 1842 284 1891 καὶ
344 1842 438 1898 τὴν
518 1837 811 1911 ἐπιστήμην
855 1839 904 1874 ⁸³
953 1843 1043 1892 καὶ
1083 1844 1178 1899 τὴν
1247 1849 1440 1912 γνῶσιν
1495 1841 1658 1904 αὐτῆς
1724 1841 1793 1897 ³⁸.

189 1926 259 1982 Ἤ
315 1931 454 1992 τίνος
509 1929 668 1983 ἕνεκεν
717 1929 823 2001 οὐχ
882 1930 1041 1991 οὕτως
1086 1947 1101 1998 ;
1158 1930 1294 1985 Ἀλλ’
1362 1927 1573 1995 ούδενός
1627 1930 1796 2006 οἶμαι,

1988 681 2041 736 6.
2084 681 2226 744 Quae
2258 697 2384 736 cum
2416 683 2498 738 ita
2513 683 2646 748 sint,
2679 683 3229 738 utdemonstratum
3245 686 3568 756 est,neque

1914 768 2214 826 recordari
2240 771 2510 828 animam
2567 771 3009 828 admittendum
3059 776 3146 828 est
3191 789 3388 845 neque
3432 789 3568 829 eam

1916 856 2163 913 animali
2189 876 2322 917 eam
2364 861 2686 917 continenti
2714 861 3137 932 praeexsistere.
3163 862 3333 916 Unde
3365 867 3568 918 autem

1915 953 2236 1006 occurrunt
2276 950 2534 1006 scientiae
2555 949 2734 1006 nobis
2761 951 2926 1022 prius
2989 949 3136 1006 nihil
3193 950 3514 1006 scientibus
3540 953 3570 1010 ἱ)

1918 1036 1986 1090 Ut
2015 1037 2161 1094 mihi
2219 1039 2476 1106 videtur,
2527 1039 3049 1112 quemadmodum
3098 1044 3180 1106 tu,
3237 1041 3568 1096 animarum

1915 1127 2454 1198 praeexsistentiam
2487 1128 2734 1195 docens,
2757 1145 2858 1184 eas
2872 1144 2993 1184 non
3009 1129 3391 1185 scientiarum
3403 1131 3571 1199 igna-

1916 1231 2015 1272 ras
2045 1217 2212 1285 dicis,
2266 1220 2374 1275 sed
2432 1220 2722 1292 quoniam
2784 1220 2898 1275 vita
2961 1219 3220 1292 perfecta
3269 1225 3322 1276 et
3378 1225 3573 1278 mente

1916 1305 2178 1378 perfecta
2217 1309 2481 1381 prteditae
2514 1309 2648 1375 sint,
2692 1308 2985 1382 perfectas
3028 1325 3272 1382 quoque
3325 1325 3453 1366 esse
3481 1326 3577 1367 co-

1914 1395 2198 1463 gitatione
2226 1413 2295 1453 ac
2323 1397 2588 1462 scientia,
2617 1398 2698 1453 ita
2754 1398 2902 1454 mihi
2951 1397 3437 1454 demonstratum
3487 1403 3576 1456 est

1911 1499 2013 1539 eas
2043 1486 2326 1542 connasci
2395 1492 2452 1543 et
2506 1487 2768 1560 incipere
2842 1503 2965 1543 una
3017 1503 3156 1542 cum
3205 1488 3571 1544 animalibus

1908 1588 2042 1644 quae
2070 1589 2172 1630 eas
2203 1575 2526 1649 accipiunt,
2576 1582 2794 1632 etcum
2845 1575 3237 1631 nihilominus
3298 1576 3574 1648 perfectae

1907 1663 2026 1718 sint
2057 1663 2178 1720 vita
2209 1680 2278 1720 ac
2307 1670 2526 1735 mente,
2573 1666 2656 1722 ita
2712 1664 3005 1738 perfectas
3051 1681 3178 1720 esse
3231 1665 3476 1723 scientia
3519 1671 3577 1722 et

1907 1752 2266 1822 cognitione.
2298 1757 2628 1827 Autquare
2654 1769 2776 1809 non
2819 1753 2981 1809 idita
3035 1754 3236 1810 esset?
3281 1754 3568 1811 Profecto:

1906 1844 1970 1897 ut
2007 1841 2242 1914 opinor,
2276 1858 2474 1916 neque
2499 1847 2564 1899 tu
2590 1842 2956 1898 contrarium
2983 1840 3234 1912 diceres,
3255 1857 3452 1915 neque
3466 1843 3572 1899 de-
3591 1847 3609 1860 '

1906 1935 2300 1989 monstrares.
2319 1934 2515 1988 Restat
2538 1932 2718 2002 igitur
2731 1942 2817 1999 ut,
2835 1931 3360 2004 quemadmodum
3377 1931 3576 2004 ipsum

222 2014 309 2072 ’,δ’
367 2017 385 2034 ι
522 2021 532 2036 ι
675 2022 687 2038 ρ
841 2015 916 2071 ιδ.
972 2018 990 2037 ο
1078 2016 1187 2073 δ.ιτ
1425 2027 1435 2039 ρ
1698 2029 1710 2040 1

191 2039 250 2072 ολ
361 2039 422 2070 αν
475 2037 541 2071 συ
595 2038 751 2092 φαιης
798 2038 856 2071 ου
967 2039 1027 2072 αν
1116 2041 1292 2083 ιιςαις.
1341 2027 1589 2076 Λειπεται
1627 2042 1796 2076 τοινυν

1907 2019 2319 2076 animalhanc
2365 2019 2790 2091 intelligentem
2840 2019 3109 2076 animam
3172 2019 3484 2076 continens
3516 2027 3574 2076 et

193 2109 368 2181 ὥσπερ
434 2106 561 2160 αύτὸ
642 2111 702 2160 τὸ
794 2108 925 2169 ζῶον
1011 2111 1077 2161 τά
1136 2117 1316 2184 νοερᾶς
1370 2114 1568 2174 ταύτης
1612 2112 1800 2185 ψυχῆς

193 2199 437 2270 μετέχον,
532 2196 832 2261 αἰσθήσεως
905 2197 958 2250 ὃν
1042 2201 1192 2269 ζῶον,
1264 2195 1414 2252 οὐδὲν
1470 2203 1561 2274 μὲν
1616 2200 1800 2254 τέλειον

195 2287 332 2338 κατά
406 2287 601 2344 ταύτην
680 2290 774 2345 τήν
867 2288 1122 2344 αἴσθησιν
1201 2286 1409 2364 ἐνεργεῖ,
1492 2293 1649 2359 μήπω
1702 2298 1800 2342 τῶν

195 2375 517 2432 αἰσθητικῶν
632 2373 862 2448 ὀργάνων
939 2375 1326 2449 τετελεσμένων,
1433 2379 1800 2450 προαχθέντων

195 2459 246 2515 δ’
280 2462 348 2524 εἰς
377 2470 531 2516 τοῦτο
567 2461 763 2531 τέλους,
827 2463 931 2516 τότ’
977 2462 1090 2517 ἐστὶ
1155 2469 1245 2518 καὶ
1296 2469 1484 2527 παντὸς
1545 2474 1635 2519 τοῦ
1687 2451 1802 2519 κατ’

196 2553 451 2609 αἴσθησιν
483 2549 869 2619 ἀντιληπτικόν,
899 2553 1033 2606 οὕτω
1075 2549 1142 2612 δὴ
1205 2558 1294 2607 καὶ
1350 2562 1486 2626 νοῦν,
1540 2554 1592 2618 ἐξ
1644 2556 1804 2617 αὐτῆς

196 2639 376 2715 ἀρχῆς
425 2638 829 2715 ἀναμεμιγμένον
907 2647 998 2694 καὶ
1057 2648 1562 2719 συνανακεκραμένον
1617 2645 1803 2704 αἰσθή-

192 2747 271 2781 σει
319 2733 408 2782 καὶ
482 2735 702 2803 σώματι,
784 2735 874 2784 καὶ
940 2731 1128 2784 τελειον
1178 2732 1301 2784 ὂντα
1365 2735 1480 2786 κατ’
1542 2733 1672 2786 ἄλλα
1716 2729 1806 2787 καὶ

187 2819 349 2876 αὐτήν
421 2821 515 2877 τὴν
603 2818 922 2893 έπιστήμην,
992 2819 1192 2874 τελείων
1265 2818 1475 2875 δεῖσθαι
1551 2828 1640 2876 καὶ
1705 2831 1806 2880 τῶν

190 2908 440 2982 ὁργάνων,
495 2903 567 2961 δι’
621 2929 690 2961 ων
742 2908 803 2962 ἂν
857 2914 946 2962 καὶ
1001 2912 1132 2982 μετά
1189 2916 1431 2984 σώματος
1497 2908 1662 2976 δείξοι
1713 2916 1776 2969 τὴ

185 2996 235 3049 έν
316 2997 497 3062 αὐταῖς
553 2997 866 3073 ἐπιστήμαις
920 2996 1143 3072 δύναμιν
1213 3001 1372 3054 αὐτοῦ
1432 3002 1478 3038 ³⁸
1523 3008 1614 3056 καὶ
1670 2970 1809 3078 ἐνέρῖ

197 3103 363 3156 γειαν.
449 3085 690 3162 ’Όργανα
770 3085 821 3141 δ’
898 3087 982 3142 ἐπὶ
1055 3091 1270 3153 ταύταις
1337 3089 1430 3143 εἶεν
1485 3091 1547 3145 ἄν
1592 3090 1805 3175 ψυχῆς,

183 3173 484 3250 πορῥὼτερα
544 3180 659 3250 μὲν,
729 3178 985 3241 αἴσθησις
1042 3183 1135 3232 καὶ
1202 3181 1230 3238 ἦ
1290 3178 1343 3242 ἐξ
1393 3180 1558 3242 αὐτῆς
1614 3173 1822 3254 φανταὲγ

184 3270 298 3333 σία,
379 3266 538 3328 αὐτῆς
611 3268 659 3303 ³⁸
746 3263 794 3320 δ’
871 3268 1017 3329 εὐθὺς
1089 3268 1349 3342 έξημμένα
1442 3271 1707 3332 κάκείναις
1751 3273 1794 3306 ³⁷

1909 2109 2213 2175 sensibile,
2241 2109 2390 2166 nihil
2422 2114 2623 2166 tamen
2687 2108 3018 2182 perfectum
3075 2124 3181 2181 per
3236 2108 3350 2164 hos
3409 2110 3575 2181 ipsos

1909 2214 2125 2254 sensus
2180 2203 2484 2272 operatur,
2581 2197 2858 2254 nondum
2924 2196 3200 2270 perfectis
3283 2211 3576 2255 sensuum

1909 2288 2184 2358 organis;
2205 2293 2530 2362 postquam
2553 2294 2756 2344 autem
2771 2287 2850 2343 ad
2864 2286 3295 2359 perfectionem
3312 2285 3578 2342 adducta

1911 2381 2070 2449 sunt,
2103 2381 2244 2434 tunc
2265 2378 2538 2434 omnium
2561 2392 2698 2449 quae
2743 2375 3079 2433 secundum
3130 2391 3373 2431 sensum
3436 2380 3578 2432 sunt

1911 2481 2107 2539 capax
2145 2471 2251 2535 est,
2285 2467 2367 2522 ita
2407 2471 2464 2523 et
2495 2482 2665 2522 mens
2706 2466 2784 2522 ab
2831 2465 2998 2522 initio
3027 2464 3296 2523 immista
3325 2469 3382 2520 et
3427 2480 3575 2521 con-

1912 2555 2046 2612 fusa
2072 2573 2211 2612 cum
2243 2555 2520 2612 sensibus
2587 2560 2643 2612 et
2695 2571 2968 2628 corpore,
3021 2555 3129 2610 etsi
3187 2554 3448 2626 perfecta
3503 2554 3577 2612 sit

1911 2646 2158 2718 reliquis
2181 2650 2238 2703 et
2274 2647 2406 2718 ipsa
2432 2645 2700 2713 scientia,
2751 2644 3028 2718 perfectis
3085 2648 3288 2700 tamen
3326 2643 3572 2713 organis

1914 2740 2086 2805 egeat
2111 2751 2216 2807 per
2246 2751 2382 2808 quae
2405 2733 2585 2791 simul
2623 2750 2763 2790 cum
2796 2749 3053 2805 corpore
3091 2731 3367 2788 ostendat
3395 2747 3572 2788 suam

1915 2825 1975 2880 in
2002 2825 2136 2897 ipsa
2167 2824 2414 2880 scientia
2468 2823 2747 2879 virtutem
2805 2827 2862 2878 et
2923 2821 3276 2878 efﬁcaciam.
3333 2821 3574 2890 Organa

1916 2918 2120 2970 autem
2147 2913 2218 2969 iis
2248 2913 2629 2969 inservientia
2650 2927 2786 2983 quae
2803 2909 3041 2981 longius
3063 2910 3142 2967 ab
3163 2909 3367 2966 anima
3388 2911 3568 2980 stant,

1917 3007 2055 3060 sunt
2084 3018 2294 3058 sensus
2327 3006 2383 3058 et
2411 3001 2772 3073 phantasia;
2800 3016 2936 3072 quae
2971 3003 3171 3056 autem
3197 2998 3314 3070 ipsi
3350 2997 3569 3054 animae

1915 3091 2232 3148 adhaerent
2273 3097 2330 3148 et
2364 3089 2842 3164 praecedentibus
2874 3090 3053 3145 mista
3075 3093 3231 3152 sunt,
3291 3087 3568 3158 cogitatio

1912 3186 1971 3237 et
2014 3179 2240 3253 opinio.
2300 3179 2540 3236 Talibus
2626 3178 2871 3250 organis
2908 3194 3081 3234 mens
3147 3176 3458 3234 scientiam
3505 3176 3568 3232 in

1909 3269 2269 3342 corporibus
2296 3274 2596 3342 operatur,
2645 3273 2701 3324 et
2754 3272 2911 3342 recte
2962 3266 3208 3340 quidem
3264 3269 3563 3339 operatur,

180 3357 365 3426 μικτὰ,
422 3351 633 3409 διάνοια
678 3360 771 3410 καὶ
825 3353 976 3420 δόξα.
1041 3359 1188 3412 Μιτά
1242 3366 1343 3410 τῶν
1393 3361 1638 3412 τοιούτων
1685 3368 1796 3423 νοῦς

1909 3359 2159 3431 quando
2202 3363 2358 3414 recte
2385 3374 2448 3414 se
2475 3357 2702 3414 habent
2726 3357 2825 3412 illa
2850 3372 3082 3427 organa
3132 3375 3146 3424 ;
3187 3355 3334 3412 nihil
3366 3360 3568 3412 autem

179 3441 478 3516 ἐπιστήμας
531 3442 579 3496 έν
645 3452 756 3507 τοῖς
815 3451 1054 3518 σώμασιν
1147 3444 1337 3520 ἐνεργεῖ
1392 3467 1406 3482 ο
1463 3451 1552 3500 καὶ
1608 3447 1800 3522 ἐνεργεῖ

176 3536 271 3604 μεν
325 3530 400 3599 εὖ,
457 3533 626 3596 καλῶς
699 3531 767 3592 δή
819 3539 908 3587 καὶ
963 3542 1064 3589 τῶν
1127 3537 1361 3612 ὁργάνων
1417 3537 1613 3590 τούτων
1673 3541 1796 3610 ἆχόν

174 3641 278 3675 των
308 3623 356 3657 ³⁸
387 3643 399 3656 ·
431 3619 584 3676 οὐδὲν
625 3620 680 3676 δ’
731 3625 970 3697 ἄριστον,
1019 3631 1112 3676 τοῦ
1165 3623 1383 3698 ἀρίστου
1421 3645 1483 3697 γε
1520 3631 1610 3679 καὶ
1677 3630 1796 3679 τού»

171 3730 275 3764 των
302 3709 736 3785 ἀπολειπομένων.
775 3715 949 3786 Ταύτῃ
1003 3732 1084 3766 τοι
1139 3719 1229 3766 καὶ
1268 3717 1413 3766 ἓστιυ
1469 3713 1516 3766 ἐν
1574 3716 1652 3776 οἷς
1702 3719 1793 3786 μὲν

174 3797 387 3863 ούδενὸς
464 3809 564 3854 τῶν
645 3799 978 3874 βοηθούντων
1046 3802 1195 3864 ἐκτὸς
1244 3798 1436 3870 δεῖται,
1483 3802 1591 3856 ἀλλ’
1636 3803 1794 3866 αὐτὸς

176 3890 427 3965 ἀποχρῶν
489 3889 629 3942 ἔστιν
687 3889 878 3961 ἐαυτῷ,
935 3899 1028 3944 τοῦ
1108 3891 1546 3966 ἐπιπροσθοῦντος
1599 3898 1791 3955 παντὸς

181 3982 352 4054 ὥσπερ
403 3978 675 4052 ἀνακύψας
735 4001 749 4015 ο
822 3979 871 4033 έν
929 3981 1004 4043 οἷς
1062 3977 1121 4034 δε
1169 3987 1258 4035 καὶ
1318 3990 1410 4034 τοῦ
1467 3981 1791 4055 βοηθοῦντος

177 4069 360 4132 ἔξωθεν
405 4065 596 4130 δεῖται,
661 4071 768 4142 ούχ
813 4073 879 4131 ὡς
940 4069 1340 4143 ἐπιλελησμένος
1385 4079 1484 4124 τῶν
1531 4091 1789 4146 προεγνω-

181 4160 383 4210 σιιένων
411 4157 554 4229 αύτῷ
597 4155 790 4223 δεῖται,
832 4158 942 4211 αλλ’
1000 4158 1134 4212 ὥστε
1185 4164 1244 4212 τὸ
1301 4160 1631 4236 προπλασθεν
1684 4167 1786 4214 πᾶν

173 4253 268 4300 καὶ
322 4250 548 4323 κρύπτον
605 4248 762 4310 αὐτὸς
825 4253 1020 4322 σαρκὸς
1066 4251 1235 4323 πάχει
1283 4251 1331 4286 ⁸³
1385 4255 1475 4304 καὶ
1528 4251 1655 4314 ὕλης
1695 4272 1785 4325 μι-

167 4340 330 4409 γέντα
387 4334 680 4397 δυνηθῆναι
730 4338 906 4413 ῥᾷστα
955 4339 1114 4414 ῥῆξαι
1181 4345 1271 4392 καὶ
1335 4338 1644 4406 ἀποθέσθαι,
1694 4346 1784 4394 καὶ

166 4427 404 4502 καθάπερ
454 4433 557 4502 πῦρ
632 4433 846 4499 σώμασι
911 4424 980 4486 δή
1040 4449 1178 4482 τισιν
1224 4427 1502 4502 ἐμφαλεῡον
1549 4433 1784 4502 παχυτέο

165 4535 284 4590 ροις
343 4522 404 4588 τῇ
466 4518 612 4578 ἑκτός
660 4516 832 4590 πληγῇ
896 4515 1198 4590 ἐκραγῆναι,
1271 4525 1361 4572 καὶ
1418 4523 1475 4572 τὸ
1534 4519 1582 4573 έν
1639 4521 1780 4590 αύτῷ

165 4608 458 4676 γνωστικὴν
538 4613 645 4678 φῶς
727 4607 847 4659 ὅσον
918 4611 1006 4658 καὶ
1057 4605 1184 4675 οἷον,
1245 4606 1542 4682 ἐπιστήμην
1602 4615 1778 4662 πᾶσαν

1907 3446 2164 3519 excellit,
2192 3447 2300 3502 ubi
2333 3463 2404 3503 ea
2424 3463 2544 3503 non
2602 3445 2911 3502 excellunt.
2955 3445 3122 3502 Unde
3172 3445 3241 3501 ﬁt
3293 3449 3358 3501 ut
3399 3444 3564 3500 nullo

1905 3541 2150 3592 externo
2182 3535 2404 3591 auxilio
2431 3535 2716 3605 indigeat,
2747 3536 2852 3591 sed
2879 3535 2990 3590 sibi
3016 3535 3148 3607 ipsa
3183 3533 3460 3599 sufﬁciat,
3485 3533 3563 3589 ab

1904 3625 2188 3682 omnibus
2217 3625 2545 3682 obstaculis
2569 3641 2744 3698 quast
2801 3640 3112 3694 emergens
3163 3641 3176 3679 :
3234 3623 3562 3696 aliquando

1902 3718 2103 3770 autem
2134 3718 2379 3771 externo
2405 3714 2628 3770 auxilio
2666 3713 2911 3784 indiget,
2967 3729 3084 3768 non
3147 3713 3314 3784 quod
3373 3711 3561 3767 oblita

1903 3804 1976 3860 sit
2005 3819 2214 3859 eorum
2244 3820 2381 3876 qua:
2402 3803 2568 3876 prius
2601 3809 2868 3872 noverat,
2893 3803 2996 3859 sed
3037 3809 3100 3858 ut
3129 3806 3262 3858 ante
3285 3818 3346 3856 se
3403 3801 3559 3874 plas-

1900 3897 2134 3948 matum
2165 3892 2316 3948 illud
2339 3893 2506 3965 quod
2537 3909 2673 3949 eam
2708 3892 2903 3948 carnis
2929 3891 3194 3948 crassitie
3225 3890 3559 3946 circumdat

1899 3985 1956 4038 et
1979 3982 2290 4038 materiam
2320 3981 2701 4038 commistam
2729 3981 2900 4037 facile
2923 3980 3122 4036 valeat
3169 3979 3444 4049 frangere
3483 3995 3555 4034 ac

1896 4073 2218 4145 deponere,
2238 4072 2827 4145 etquemadmodum
2846 4071 3000 4141 ignis
3016 4069 3383 4144 quibusdam
3397 4086 3556 4125 cras-

1897 4162 2154 4219 sioribus
2202 4163 2527 4232 involutus,
2581 4168 2825 4218 externo
2872 4162 3012 4230 ictu,
3072 4160 3441 4231 effringatur,
3498 4165 3555 4218 et

1894 4253 2039 4309 illud
2061 4253 2351 4310 noscendi
2377 4252 2581 4308 lumen
2615 4253 2781 4326 quod
2803 4252 2863 4308 in
2895 4268 2966 4308 ea
3002 4256 3112 4321 est,
3153 4255 3451 4323 quantam
3497 4257 3554 4306 et

1892 4342 2136 4417 qualem
2158 4343 2467 4399 scientiam
2487 4341 2818 4414 adimplere
2839 4341 3051 4414 possit,
3066 4339 3360 4396 ostendat.
3387 4340 3546 4406 ldeo,

1893 4438 1956 4488 ut
1979 4432 2263 4500 diximus,
2293 4431 2922 4503 sensusetpliantasiae
2940 4447 3012 4486 ex
3044 4446 3114 4485 eo
3145 4429 3545 4502 procedentis,

1891 4519 2070 4577 simul
2089 4526 2144 4577 et
2169 4520 2544 4591 cogitationis
2563 4535 2632 4576 ac
2647 4519 2967 4592 opinionis,
2998 4519 3076 4575 ad
3105 4520 3333 4574 entium
3361 4519 3547 4574 scien-

1888 4609 2033 4666 tiam
2064 4609 2626 4682 cogitationemque,
2659 4625 2774 4682 ope
2799 4609 3069 4679 indigere
3091 4607 3345 4676 videtur,
3384 4623 3542 4680 quae,

168 4691 397 4767 πληροῦν
429 4691 620 4758 δεῖξαι.
651 4697 748 4748 Διά
783 4702 936 4747 τοῦτο
991 4701 1080 4748 καὶ
1120 4696 1187 4746 ὧν
1243 4698 1433 4770 ἔφημεν
1481 4698 1777 4762 αἰσθήσεώς

1907 4704 1952 4755 1t
1986 4699 2068 4755 ita
2089 4698 2309 4769 dicam,
2364 4714 2498 4754 eam
2548 4698 2764 4753 feriunt
2819 4699 3070 4753 materia
3117 4696 3450 4752 involutam
3489 4702 3547 4751 et

163 4801 225 4836 τε
247 4789 448 4845 καὶτῆς
473 4782 526 4847 ἐξ
555 4783 718 4847 αὐτῆς
776 4789 1066 4858 φαντασίας
1114 4785 1226 4859 ἅμα
1275 4783 1334 4839 δξ
1398 4792 1488 4840 καὶ
1543 4785 1776 4850 διανοίας

163 4875 256 4925 καὶ
285 4869 469 4941 δόξης,
495 4877 626 4949 πρὸς
653 4878 748 4934 τὴν
787 4882 888 4926 τῶν
941 4875 1098 4926 ὀντων
1151 4874 1447 4950 ἐπιστήμην
1498 4881 1590 4929 καὶ
1639 4885 1775 4948 γνῶ-

165 4980 273 5028 σιν,
304 4960 354 5013 ἐν
382 4966 544 5036 χρείᾳ
586 4960 760 5022 δήπου
813 4965 1078 5026 καθεστώς
1117 4969 1370 5037 φαίνεται,
1427 4964 1771 5024 πλησσόντων

161 5051 339 5127 ὥσπερ
414 5050 570 5104 αὐτὸν
650 5050 1060 5129 ἐγκεκρυμμένον
1120 5060 1181 5127 τῇ
1247 5053 1342 5128 ὕλη
1395 5059 1486 5107 καὶ
1541 5053 1770 5131 ἀποῤῥη-

1884 4787 2228 4856 effringunt,
2262 4785 2468 4857 etejus
2497 4785 2695 4841 lucem
2743 4785 2823 4840 ad
2863 4785 3122 4840 scientiae
3177 4782 3543 4855 contempla-

1882 4877 2105 4935 tionem
2129 4874 2699 4946 meditationemque
2747 4879 3020 4930 evocant.
3054 4873 3217 4937 lude,
3246 4887 3384 4928 mea
3406 4871 3540 4943 qui-

1879 4966 2017 5023 dem
2059 4963 2372 5026 sententia,
2405 4963 2668 5018 scientiaa
2707 4963 2966 5032 cognitio
3028 4960 3207 5016 nobis
3271 4959 3535 5016 advenit.

1876 5101 1898 5155 Ῑ

1901 5055 2020 5111 nde
2047 5070 2217 5111 mens
2241 5068 2375 5110 eam
2399 5067 2538 5108 cum
2561 5065 2812 5124 corpore
2840 5051 3061 5122 cogitat
3086 5053 3143 5106 et
3163 5049 3378 5106 rationi
3401 5064 3536 5104 eam

1563 5268 1787 5354 Variae
1831 5285 2142 5354 lections.

231 5557 280 5592 ³⁸
304 5559 533 5632 ὑστέρως
561 5559 732 5618 addit
748 5562 872 5618 Vat.
949 5563 997 5596 ²⁹
1025 5562 1080 5615 αἱ
1104 5560 1274 5620 abest
1299 5577 1335 5620 α
1365 5564 1491 5620 ναΐ·

149 5625 286 5682 έῖναι
362 5625 455 5690 της,
513 5631 686 5688 έπιστ.
738 5634 861 5688 Vat.
938 5634 986 5668 3"
1052 5634 1188 5695 αὖε-ἀ
1234 5634 1402 5692 Vind.

155 5701 208 5735 ⁸⁸
233 5709 337 5754 τῶν
368 5699 430 5755 δε
456 5711 558 5756 τῶν
578 5702 806 5778 ὁργάνων
835 5703 1061 5775 ἑχόντων
1091 5705 1217 5762 Vat.
1294 5707 1340 5742 ³³
1372 5707 1527 5779 πάχη
1556 5707 1727 5765 Vind.

1567 5562 1616 5599 ³ο
1654 5563 1860 5626 τελείως
1883 5563 2039 5621 Vind
2051 5605 2064 5619 .

1479 5635 1528 5669 ³³
1587 5635 1749 5688 αὐτοῦ
1808 5652 1933 5695 non
1987 5641 2080 5693 est
2135 5636 2199 5692 in
2252 5637 2374 5693 Vat.

2138 5564 2182 5600 δι
2223 5564 2302 5616 νοῒ
2332 5563 2457 5621 Vat.
2535 5563 2583 5596 3’
2637 5563 2772 5615 κατά
2821 5560 3006 5618 Vind.
3091 5560 3140 5596 ³³
3188 5563 3280 5612 καὶ
3333 5557 3530 5621 τελείας

2451 5635 2498 5670 ³6
2559 5633 2721 5686 αὐτοῦ
2777 5635 2904 5692 Vat.
2980 5633 3024 5669 ³⁷
3079 5630 3340 5694 κάκείνοις
3395 5635 3526 5701 Vat,
