4130 6392
195 321 334 376 ili-29

1395 315 1556 370 ADV.
1587 313 1936 370 PLOTINUM
1976 315 2064 370 DE
2094 318 2336 375 ANIMA.

3422 313 3563 368 1430

193 441 404 510 δοκται,
454 446 544 494 καὶ
595 443 686 501 τάς
736 459 794 512 γε
845 439 1010 500 λύπας
1067 445 1157 492 καὶ
1218 437 1412 502 ἡδονὰς
1468 459 1558 490 και
1623 441 1668 490 εἰ
1749 457 1791 489 τι

1910 442 2158 497 omnino
2189 444 2266 498 ab
2293 444 2392 500 illo
2420 443 2570 499 velle
2596 440 2884 514 separari.
2916 443 2981 496 Et
3005 439 3165 505 ideo,
3225 440 3290 494 ut
3331 437 3571 510 opinor,

187 541 425 586 τοιοῦτον
451 529 710 601 ούψυχῆς
733 527 799 587 δὴ
859 533 1022 601 μὸνης
1085 526 1199 581 ουδ’
1246 526 1310 580 αὖ
1373 533 1638 600 σώματος,
1690 525 1799 577 ἀλλ’

189 621 382 695 ἀμφοῖν
427 617 554 672 εἶναι
601 619 814 690 λέγομεν
863 617 1003 690 (39).
1051 617 1208 669 Ἀλλὰ
1264 622 1422 689 μὴπω
1462 624 1639 679 τοῦτο,
1690 615 1796 666 ἀλλ’

184 713 312 786 ὅπερ
346 705 607 763 ἐδέδεικτο
648 711 784 759 κατά
835 710 990 778 φύσιν
1039 706 1168 759 εἶναι
1216 706 1394 778 ψυχῆ,
1449 705 1799 776 συνεζεῦχθαι

185 805 416 872 σώματι,
454 817 544 849 και
597 801 668 869 μὴ
710 797 1041 848 παντάπασιν
1097 795 1280 848 ἐθέλειν
1348 794 1510 846 αὐτοῦ
1564 797 1796 866 κεχωρί-

187 891 338 944 σθαι.
375 893 476 940 Καὶ
499 883 592 938 διά
616 885 758 938 τοῦτ’
786 882 933 958 οἶμαι
985 905 1075 937 και
1133 887 1280 957 ὑμεῖς
1325 883 1406 936 ἀεὶ
1465 886 1662 940 ταύτην
1717 867 1796 934 ἔπ’

183 978 326 1030 αὐτὰ
393 973 462 1034 δὴ
499 978 567 1029 τὰ
625 976 671 1010 ⁵³
735 980 956 1046 σώματα
1013 978 1271 1048 στρέφετε,
1331 993 1422 1025 και
1469 973 1563 1024 οῦκ
1626 970 1798 1044 ἀφίετε

182 1069 386 1124 ταύτην
404 1064 595 1132 αὐτῶν,
657 1065 720 1123 ὣς
784 1061 931 1124 ἐκτὸς
991 1059 1059 1120 δὴ
1118 1065 1311 1114 τούτων
1363 1060 1541 1113 ἆλλοθί
1581 1079 1682 1112 που
1720 1065 1792 1132 μὴ

187 1153 485 1227 δυναμένην
556 1149 695 1226 μηδὲ
789 1159 1077 1224 πεφυκυῖαν
1165 1148 1428 1224 μηδαμῶς
1519 1146 1791 1221 ἱδρῦσθαι.

182 1246 340 1298 Τοῦτ’
372 1241 481 1303 ἤδη
544 1261 634 1293 και
682 1239 796 1313 ἐμοὶ
846 1245 1117 1312 πειρατέον
1170 1242 1232 1292 ἄν
1285 1243 1384 1309 εἴη,
1429 1238 1480 1301 ἐς
1519 1239 1640 1290 ὂσον
1689 1235 1794 1290 οἷόν

181 1353 243 1386 τε
293 1340 471 1404 σαφῶς
527 1327 698 1392 δεῖξαι
745 1330 826 1381 ὃτι
868 1348 924 1400 γε
970 1328 1125 1400 ψυχὴ
1203 1328 1422 1380 λυθεῖσα
1492 1334 1585 1380 τοῦ
1661 1345 1791 1398 συγ-

180 1425 455 1494 γεγονότες
480 1419 610 1491 αὐτῇ
645 1424 902 1490 σώματος,
933 1416 1010 1470 ἐπ’
1063 1416 1188 1470 αύτό
1251 1414 1318 1475 δὴ
1377 1424 1552 1479 τοῦτο,
1622 1415 1648 1468 ὃ
1705 1434 1794 1466 και

184 1511 426 1574 ἀπέθετο,
457 1528 548 1560 και
593 1508 687 1560 οῦκ
735 1506 810 1558 ἐπ’
859 1506 982 1558 οἷλλο
1039 1506 1293 1570 ἐπάνεισι,
1349 1525 1440 1557 και
1498 1524 1556 1576 γε
1608 1523 1790 1576 πειρα-

181 1605 300 1652 τέον
328 1598 442 1651 κατ’
474 1598 634 1658 αὐτὰς
695 1592 763 1654 δὴ
823 1598 1018 1658 ταύτας
1063 1598 1154 1655 τὰς
1211 1602 1302 1647 τοῦ
1348 1595 1616 1654 Πλάτωνος
1668 1595 1791 1646 ύπο-

183 1692 376 1754 θέσεις,
434 1707 525 1740 και
573 1689 638 1748 ὡς
695 1685 883 1747 ἐκεῖνος
944 1684 996 1747 ἐξ
1049 1683 1183 1755 ᾅδου
1225 1686 1411 1756 χυχὰς
1477 1681 1629 1745 αὖθις
1680 1681 1790 1744 ἑξά-

178 1799 290 1851 γων
321 1777 559 1834 ⁵⁸ένίησι
602 1778 650 1813 ⁸⁸
721 1781 982 1845 σώμασιν,
1032 1771 1323 1847 οὐδαμόθεν
1378 1773 1607 1837 ἄλλοθεν,
1660 1774 1690 1832 ἣ
1733 1777 1788 1824 έκ
1819 1795 1859 1848 Β

173 1876 282 1920 τῶν
347 1869 633 1920 τεθνεώτων
689 1864 849 1935 λέγων
899 1868 1017 1926 τοὺς
1072 1864 1263 1924 ζῶντας
1340 1861 1783 1926 ἂναϐιώσκεσθαι,

171 1962 268 2008 καὶ
321 1959 588 2014 τοιαύταις
635 1953 720 2006 ἰπὶ
776 1956 941 2024 τούτῳ
990 1960 1109 2014 ταῖς
1187 1949 1520 2014 ἀποδείξεσιν
1607 1950 1788 2022 ἐφεξῆς

171 2048 652 2119 ἑστικεχρημένος.
718 2041 804 2094 Ἐκ
860 2050 960 2093 τῶν
1015 2040 1273 2106 έναντίων,
1335 2045 1516 2112 φησὶν,
1582 2039 1782 2110 ἀνάγκη

169 2137 419 2206 γίνεσθαι
473 2131 739 2197 τάναντία,
791 2135 880 2182 καὶ
935 2127 1077 2183 τοῦτ’
1129 2129 1213 2183 ἐπὶ
1265 2133 1455 2190 παντὸς
1513 2128 1650 2192 ἀξιοῖ
1696 2133 1787 2181 καὶ

175 2223 266 2276 ἐπὶ
297 2225 474 2284 πάσης
493 2225 755 2293 γενέσεως,
812 2224 903 2272 καὶ
947 2215 1156 2292 οὐδαμῆ
1207 2217 1452 2291 βούλεται
1513 2226 1610 2270 τῶν
1679 2237 1786 2270 τοι·

175 2314 342 2363 ούτων
369 2307 520 2363 οὐδὲν
549 2311 833 2380 τυγχάνειν
861 2307 1022 2368 ἄλλως
1081 2311 1412 2380 γεγενημένον
1475 2327 1486 2340 ·
1537 2318 1628 2358 και
1683 2310 1787 2358 τοί-

171 2421 268 2452 νυν
291 2404 348 2452 τὸ
379 2400 556 2472 μεῖζον
583 2397 636 2460 ἕξ
704 2396 971 2458 ἇλάττονός
1019 2415 1150 2468 φησι
1205 2401 1454 2469 πρότερον
1512 2399 1658 2456 ὄντος
1706 2400 1788 2465 γί-

169 2489 428 2542 νεσθαι⁵⁵
457 2488 657 2560 μεῖζον,
685 2490 775 2538 καὶ
818 2481 882 2537 αὖ
935 2484 1213 2537 τοῦλαττον
1261 2483 1317 2537 ἑκ
1370 2492 1466 2536 τοῦ
1526 2487 1784 2557 μείζονος,

175 2583 272 2630 καὶ
301 2581 360 2629 τὸ
411 2573 734 2650 δικαιότερον
779 2573 832 2636 εξ
887 2570 1229 2646 ἁδικωτέρου,
1277 2577 1367 2625 καὶ
1421 2576 1480 2625 τὸ
1546 2575 1688 2644 ταχύ
1729 2571 1784 2624 ἐκ

173 2673 273 2718 τοῦ
312 2660 556 2736 βραδέος,
582 2669 671 2716 καὶ
697 2663 749 2726 ἐξ
801 2661 1066 2735 ἀμείνονος
1123 2666 1180 2713 τὸ
1227 2669 1408 2736 χεῖρον
1447 2682 1489 2718 ος
1506 2666 1597 2714 καὶ
1642 2667 1785 2734 περι-

172 2773 310 2806 εισιν
351 2755 380 2811 ἠ
418 2756 561 2814 θέσις
609 2751 692 2805 ἐπὶ
739 2760 838 2804 τῶν
902 2754 1146 2804 τοιούτων
1197 2749 1478 2820 ἁπανταχῆ
1531 2753 1785 2812 ὡσαύτως

168 2843 382 2915 ἔχουσα
431 2847 522 2894 καὶ
584 2844 651 2894 τὰ
703 2840 907 2893 ἐναντία
955 2839 1010 2892 ἐκ
1062 2848 1160 2890 τῶν
1213 2839 1452 2891 ἐναντίων
1505 2843 1784 2910 ττεφυκέναι

170 2929 428 2986 δεικνῦσα
460 2952 473 2964 ο
547 2935 638 2982 καὶ
690 2927 838 2982 δυοῖν
909 2930 1074 2982 ὄντοιν
1133 2930 1340 2983 πάντων
1388 2935 1489 2979 τῶν
1546 2927 1783 2980 ἕταντίων

165 3021 364 3093 μεταξὺ
385 3023 577 3073 τούτων
609 3015 708 3071 δύο
732 3020 916 3075 τίθησι
963 3024 1054 3070 καὶ
1107 3020 1195 3077 τας
1244 3020 1495 3088 γενέσεις,
1545 3020 1646 3069 ἀπὸ
1691 3020 1780 3088 μεν

165 3117 266 3162 τοῦ
305 3111 474 3182 ἕτέρου
506 3107 590 3162 ἐπὶ
630 3111 689 3160 τὸ
727 3110 913 3182 ἕτερον,
993 3105 1094 3158 ἀπὸ
1147 3102 1197 3159 δ’
1247 3105 1313 3157 αὗ
1364 3107 1579 3179 θατέρου
1632 3105 1784 3158 πάλιν
1815 3139 1855 3193 C

167 3197 259 3251 ἐπὶ
289 3200 496 3270 θάτερον
549 3217 562 3230 ο
631 3200 868 3268 μείζονος
929 3198 1030 3266 γὰρ
1092 3201 1183 3247 καὶ
1241 3193 1506 3256 ἐλάττονος
1561 3193 1784 3256 αὔξησις

166 3286 366 3358 μεταξύ
405 3292 494 3340 καὶ
525 3287 704 3358 φθίσις
733 3306 744 3318 ·
801 3289 892 3336 καὶ
950 3287 1010 3336 τὸ
1065 3285 1154 3355 μεν
1230 3283 1548 3346 αὐξάνεσθαι
1613 3283 1780 3348 καλεῖ,

165 3381 228 3428 τὸ
291 3373 350 3428 δὲ
416 3378 632 3448 φθίνειν,
680 3379 771 3426 καὶ
823 3374 1197 3447 συγκρίνεσθαι
1254 3378 1343 3425 καὶ
1411 3369 1778 3448 διακρίεσθαι,

165 3470 262 3518 καὶ
326 3464 604 3536 ψύχεσθαι
649 3468 737 3515 καὶ
809 3464 1197 3534 θερμαίνεσθαι,
1244 3467 1334 3514 καὶ
1379 3465 1550 3515 πάντα
1623 3471 1778 3531 οῦτω,

163 3557 267 3608 κᾶν
307 3559 378 3626 μὴ
402 3554 517 3606 ἔστι
541 3554 784 3625 χρῆσθαι
827 3560 934 3614 τοῖς
997 3550 1248 3623 ὀνόμασιν
1308 3551 1550 3622 ἐνιαχοῦ.
1607 3551 1778 3626 Ἐργῳ

161 3647 272 3716 γὰρ
330 3642 642 3713 ἁπανταχοῦ
710 3641 870 3700 οὓτως
927 3641 1069 3711 ἔχειν
1146 3637 1449 3710 ἀναγκαῖον,
1506 3643 1778 3710 γίγνεσθαι

161 3733 306 3786 αὐτὰ
335 3731 388 3794 ἐξ
415 3731 667 3795 ἀλλήλων,
697 3734 897 3801 γένεσίν
963 3748 1018 3780 τε
1067 3735 1196 3780 εῖναι
1251 3727 1494 3802 ἐκατέρου
1548 3729 1622 3790 εἰς
1688 3729 1778 3781 ἀλ-

153 3822 296 3882 ληλα
359 3843 372 3856 ·
425 3825 516 3872 καὶ
566 3825 739 3873 τοίνυν
797 3827 868 3889 τῷ
959 3817 1296 3891 ἐγρηγορέναι
1365 3821 1424 3869 τὸ
1496 3815 1770 3871 καθεύδειν

161 3917 326 3982 φησίν
355 3910 596 3979 ἐναντίον,
663 3914 752 3961 καὶ
813 3917 884 3978 τῷ
952 3908 1048 3979 ζῇν
1125 3904 1385 3966 δήπουθεν
1460 3911 1517 3959 τὸ
1574 3909 1833 3978 τεθνάναι,

159 4020 273 4068 ναι,
318 3999 416 4052 ἀπὸ
475 4002 563 4071 μεν
629 4006 720 4050 τοῦ
786 3995 1124 4071 ἐφρηγορέναι
1188 3999 1246 4047 τὸ
1304 3991 1716 4068 καταδαρθάνειν
1763 4000 1831 4063 ⁵⁸,

1907 545 2016 585 vos
2047 547 2182 587 eam
2213 549 2448 606 semper
2479 533 2557 590 ad
2583 545 2838 604 corpora
2868 531 3001 602 ipsa
3059 527 3314 597 volvitis,
3368 543 3568 600 neque

1906 634 2042 675 eam
2069 621 2148 676 ab
2171 622 2262 677 his
2282 621 2599 690 dimittitis,
2640 625 2846 692 utpote
2887 633 3026 690 quas
3073 621 3242 678 extra
3295 632 3368 674 ea
3427 616 3570 673 alibi

1905 723 2029 764 non
2051 711 2454 783 possitneque
2480 710 2706 766 valeret
2735 708 2963 764 sedere.
3009 705 3076 762 Id
3121 707 3251 777 jam
3309 709 3366 762 et
3422 705 3572 762 mihi

1906 799 2252 855 conandum
2282 805 2369 856 est
2398 815 2584 872 quam
2607 796 3046 854 evidentissime
3069 810 3348 868 possum,
3373 798 3569 851 osten-

1905 887 2045 942 dere
2093 893 2150 943 et
2197 889 2469 946 animam
2521 902 2769 960 corpore
2843 885 2958 940 sibi
3024 883 3344 953 congenito
3422 883 3568 940 libe-

1903 983 2096 1033 ratam
2112 978 2190 1033 ad
2203 978 2362 1033 idem
2375 993 2596 1050 corpus
2611 975 2778 1049 quod
2792 974 3070 1046 deposuit
3089 989 3285 1046 neque
3301 973 3382 1032 ad
3401 973 3568 1032 aliud

1904 1082 2032 1122 esse
2061 1067 2430 1122 redituram:
2473 1071 2531 1121 et
2587 1065 2937 1121 conandum
3003 1063 3250 1135 quidem
3302 1078 3372 1118 ex
3416 1063 3566 1132 ipsis

1903 1156 2159 1212 Platonis
2172 1156 2479 1228 principiis
2491 1153 3024 1219 etostendendum,
3063 1151 3374 1224 quomodo
3385 1152 3480 1209 ille
3492 1168 3568 1210 ex

1900 1245 2133 1301 inferno
2151 1245 2384 1301 animas
2409 1244 2704 1300 reducens
2731 1243 2794 1298 in
2817 1241 3388 1314 carporaimmittat,
3419 1256 3568 1298 non-

1901 1335 2014 1390 nisi
2035 1349 2106 1389 ex
2159 1333 2412 1391 mortuis
2462 1332 2728 1388 viventes
2791 1330 3148 1387 reviviscere
3217 1329 3426 1386 dicens
3492 1345 3566 1387 ao

1900 1423 2120 1479 talibus
2152 1420 2769 1478 damonstrationibus
2798 1419 3083 1490 deinceps
3099 1421 3294 1474 utens.
3320 1420 3405 1474 Ex
3420 1433 3564 1476 con-

1900 1513 2112 1576 trariis,
2144 1511 2355 1583 inquit,
2387 1525 2630 1566 necesse
2656 1513 2745 1565 est
2766 1507 3064 1564 contraria
3082 1505 3233 1576 ﬁeri,
3265 1511 3323 1562 et
3363 1506 3428 1562 id
3486 1507 3563 1564 de

1898 1601 2183 1657 omnibus
2211 1604 2414 1656 censet
2440 1615 2510 1655 ac
2549 1598 2625 1654 de
2673 1598 2842 1654 omni
2870 1595 3279 1666 generatione,
3339 1611 3411 1652 ac
3453 1596 3563 1652 mi-

1895 1691 2056 1745 nime
2087 1688 2216 1744 vult
2237 1688 2576 1761 quidquam
2601 1687 2718 1742 tale
2747 1685 2917 1742 aliter
2939 1685 3168 1742 factum
3195 1699 3344 1740 esse.
3364 1684 3561 1756 Atque

1896 1779 2076 1848 igitur
2091 1777 2292 1847 majus
2313 1793 2385 1832 ex
2412 1791 2485 1832 eo
2524 1775 2692 1848 quod
2744 1778 2880 1831 ante
2919 1773 3120 1830 minus
3175 1771 3370 1830 fuerat
3417 1771 3563 1829 dicit

1893 1867 2021 1924 ﬁeri
2052 1866 2273 1937 majus,
2311 1881 2378 1920 ex
2403 1879 2650 1920 rursum
2667 1863 2865 1919 minus
2886 1878 2960 1918 ex
2975 1861 3227 1933 majore,
3257 1865 3316 1917 et
3333 1861 3558 1932 justius

1895 1972 1966 2011 ex
1997 1954 2329 2025 injustiore,
2361 1969 2432 2008 ac
2460 1952 2742 2025 rapidum
2762 1967 2838 2008 ex
2874 1949 3069 2018 tardo,
3101 1954 3159 2006 et
3189 1964 3259 2006 ex
3312 1949 3559 2006 meliore

1894 2045 2088 2116 pejus.
2119 2045 2184 2098 Et
2212 2045 2424 2098 tractat
2452 2041 2584 2113 ejus
2611 2039 2944 2113 propositio
2981 2038 3058 2095 de
3087 2037 3404 2110 quibusvis
3476 2042 3562 2095 ta-

1892 2132 2051 2188 libus
2079 2132 2161 2188 ita
2185 2147 2248 2186 se
2287 2131 2521 2187 habens
2545 2134 2604 2186 et
2631 2127 2936 2185 contraria
2955 2142 3030 2184 ex
3049 2125 3364 2184 contrariis
3388 2126 3562 2184 nasci

1894 2219 2239 2277 ostendens.
2285 2223 2350 2275 Et
2369 2235 2510 2275 cum
2534 2217 2742 2275 omnia
2763 2216 3062 2274 contraria
3093 2214 3216 2271 duo
3243 2214 3379 2284 sint,
3409 2214 3562 2271 inter

1893 2309 1994 2365 illa
2031 2309 2184 2364 duas
2209 2322 2455 2380 quoque
2487 2305 2900 2376 generationes
2946 2303 3138 2376 ponit,
3193 2318 3267 2358 ex
3317 2317 3442 2364 uno
3479 2301 3562 2359 ad

1895 2397 2171 2465 alterum,
2205 2402 2261 2452 et
2291 2412 2364 2452 ex
2392 2396 2507 2452 hoc
2538 2395 2617 2451 ad
2646 2393 2814 2452 illud.
2849 2393 3006 2449 Inter
3041 2391 3241 2463 majus
3292 2390 3454 2448 enim
3503 2395 3562 2448 et

1894 2489 2097 2543 minus
2127 2491 2214 2542 est
2243 2485 2682 2541 incrementum
2713 2487 2772 2540 et
2799 2481 3198 2554 corruptio.Et
3214 2495 3409 2538 unum
3427 2480 3557 2553 qui-

1893 2576 2033 2631 dem
2065 2589 2326 2630 crescere
2343 2573 2634 2639 nominat,
2668 2571 2923 2628 alterum
2952 2585 3095 2626 vero
3134 2567 3460 2640 corrumpi,
3499 2571 3561 2624 et

1893 2664 2302 2733 coagmentari
2332 2667 2389 2718 et
2407 2660 2706 2734 dissipari,
2733 2664 2793 2716 et
2843 2659 3224 2730 refrigescere
3275 2663 3334 2714 et
3389 2657 3556 2734 inca:

1892 2732 2221 2814 lescere.et
2245 2752 2451 2808 omnia
2481 2732 2584 2808 ita.
2633 2749 2742 2806 etsi
2788 2747 3009 2805 alicubi
3065 2747 3417 2804 nominibus
3469 2732 3556 2802 uti

1895 2859 2016 2899 non
2045 2843 2221 2898 liceat
2275 2844 2353 2897 Re
2383 2839 2630 2912 quidem
2661 2839 2795 2910 ipsa
2832 2837 3059 2909 ubique
3088 2837 3172 2892 sic
3191 2851 3325 2892 esse
3350 2851 3557 2892 neces-

1897 2931 2123 2986 sarium
2152 2934 2258 2999 est,
2292 2928 2409 2984 alia
2438 2944 2511 2984 ex
2532 2927 2666 2983 aliis
2701 2925 2896 2994 nasci,
2936 2929 2996 2981 et
3046 2925 3361 2997 utriusque
3425 2921 3558 2980 ﬁeri

1893 3026 2170 3076 mutuam
2197 3017 2662 3087 generationem.
2695 3019 2886 3086 Atque
2908 3013 3089 3084 igitur
3125 3013 3343 3083 vigilia
3390 3028 3554 3069 som-

1894 3123 2039 3164 num
2076 3106 2602 3164 dicitcontrarium
2633 3120 2783 3171 esse,
2816 3109 2873 3159 et
2900 3103 3034 3160 vitae
3057 3106 3334 3170 mortem,
3373 3105 3431 3158 et
3481 3117 3555 3158 ex

1892 3200 2006 3255 hac
2063 3195 2485 3268 conjunctione
2525 3193 2652 3251 ﬁeri
2701 3192 3135 3264 generationes,
3208 3207 3279 3248 ex
3354 3189 3556 3262 vigilia

1893 3302 2200 3354 somnum,
2226 3301 2256 3341 e
2279 3299 2495 3340 somno
2521 3281 3039 3340 resurrectionem.
3073 3283 3155 3336 De
3183 3279 3304 3338 vita
3349 3285 3553 3335 autem

1893 3392 1963 3431 ac
1995 3381 2204 3438 morte,
2234 3372 2598 3446 quomodoe
2639 3375 2758 3428 Vita
2827 3369 3128 3441 generatio
3185 3369 3265 3426 ad
3319 3373 3556 3424 contra-

1891 3466 2067 3529 rium,
2102 3471 2357 3520 mortem
2385 3461 2622 3524 scilicet,
2645 3460 2769 3532 ﬁat,
2795 3464 2854 3516 et
2881 3474 2951 3515 ex
2980 3462 3171 3514 morte
3219 3457 3299 3514 ad
3338 3456 3554 3514 revivi-

1892 3554 2205 3618 scentiam,
2236 3557 2416 3624 atque
2446 3552 2527 3608 ita
2553 3549 2773 3606 mortui
2789 3565 2863 3604 ex
2891 3547 3232 3604 viventibus
3253 3546 3370 3602 sint
3387 3545 3554 3612 dicit,

1889 3642 2157 3698 viventes
2182 3657 2325 3696 vero
2355 3657 2387 3696 e
2412 3639 2712 3696 contrario
2745 3653 2818 3694 ex
2848 3635 3097 3693 mortuis
3129 3654 3144 3704 ;
3173 3639 3232 3691 et
3251 3635 3383 3690 hac
3409 3634 3555 3690 dicit

1891 3731 2074 3798 Plato,
2107 3738 2163 3786 et
2186 3731 2316 3786 haec
2378 3745 2491 3785 nos
2559 3728 2852 3786 sentimus
2910 3739 3173 3800 eumque
3219 3723 3551 3796 sequimur,

1889 3825 2068 3892 atque
2094 3820 2219 3875 haec
2249 3823 2403 3875 recte
2435 3834 2496 3874 se
2527 3817 2769 3874 habent.

1897 3915 1988 3960 καὶ
2051 3907 2130 3961 ἐπ’
2181 3908 2376 3970 ἐκείνης
2426 3911 2516 3980 μεν
2565 3916 2657 3968 τῆς
2735 3909 2990 3978 συζυγίας
3043 3905 3139 3968 τὰς
3191 3905 3417 3978 γενέσεις
3473 3897 3554 3958 εἶ-

1890 3998 1991 4051 ἁπὸ
2049 3995 2109 4051 δε
2168 3999 2212 4033 ⁵⁷
2261 4006 2353 4049 τοῦ
2401 3993 2677 4050 καθεύδειν
2732 4000 2791 4049 τό
2847 3994 3208 4070 ἀνεγείρεσθαι
3261 4015 3274 4029 ο
3344 3994 3428 4047 ἐπὶ
3486 3989 3548 4047 δι

155 4091 302 4152 ζωῆς
337 4095 428 4142 καὶ
460 4089 704 4149 θανάτου,
738 4095 845 4146 πῶς
868 4084 968 4137 ἀπὸ
999 4088 1088 4156 μὲν
1116 4092 1206 4136 τοῦ
1229 4085 1324 4156 ζῇν
1355 4088 1552 4156 γένεσις
1590 4089 1722 4158 πρὸς
1749 4089 2042 4138 τούναντιον
2081 4090 2140 4140 τὸ
2191 4089 2454 4155 θνήσκειν,
2501 4085 2603 4138 ἀπὸ
2667 4082 2727 4137 δε
2786 4091 2880 4137 τοῦ
2950 4085 3190 4137 τεθνάναι
3236 4083 3346 4154 (37)
3397 4077 3550 4158 αὖθις

153 4185 215 4234 τὸ
247 4177 694 4243 ἀναϐιώσκεσθαι,
725 4195 816 4227 και
840 4176 974 4226 οὕτω
1007 4171 1074 4232 δὴ
1105 4173 1221 4234 τούς
1259 4175 1533 4235 τεθνεῶτας
1563 4175 1618 4226 ἔκ
1650 4194 1748 4226 των
1777 4176 1984 4236 ζώννωτ
2025 4181 2183 4247 φησίν
2237 4182 2386 4239 εἶναι,
2418 4178 2537 4236 τοὺς
2564 4171 2616 4226 δ’
2672 4173 2738 4226 αὗ
2789 4175 2989 4236 ζῶντας
3025 4172 3080 4225 ix
3118 4181 3218 4225 τῶν
3265 4173 3551 4226 τεθνεώτων

153 4271 414 4323 τάναντία
433 4271 582 4327 ὄντας
610 4282 623 4295 ο
666 4270 757 4317 καὶ
792 4272 959 4316 ταῦτα
986 4263 1032 4297 ⁵⁸
1067 4259 1134 4322 δὴ
1171 4262 1407 4330 Πλάτων,
1438 4267 1529 4315 καὶ
1553 4267 1684 4336 πρὸς
1710 4267 1858 4336 ἡμῶν
1887 4284 1946 4336 γε
1975 4273 2160 4334 ταῦτα,
2195 4269 2286 4317 καὶ
2302 4271 2452 4337 ημεῖς
2500 4262 2747 4335 ἑπόμεθα,
2801 4282 2892 4315 και
2939 4261 3102 4336 ὀρθῶς
3123 4261 3260 4334 ἔχει.

227 4356 301 4418 η’.
335 4356 411 4408 Οὐ
446 4355 548 4427 μὴν
577 4353 681 4405 ἀλλ’
706 4350 897 4406 εἰδὲναι
921 4350 1236 4425 βουλομεθα,
1270 4358 1404 4413 τίνος
1436 4356 1576 4414 ὄντος
1617 4351 1762 4404 ἐλάτ-

1949 4358 2000 4409 8.
2033 4359 2307 4410 Attamen
2338 4355 2486 4409 scire
2518 4353 2801 4408 volumus
2868 4367 2942 4407 ex
3007 4367 3132 4424 quo
3187 4349 3422 4407 minore
3478 4365 3552 4408 ac

154 4466 313 4507 τονος
356 4465 445 4498 και
485 4463 545 4515 γε
593 4443 961 4514 αὐξανομένου,
1015 4445 1072 4493 τὸ
1121 4442 1298 4514 μεῖζον
1336 4444 1542 4512 γεγονὸς
1592 4443 1761 4497 ἔσται.

1897 4448 2180 4498 :rescente
2205 4442 2312 4498 ﬁat
2332 4441 2552 4512 majus,
2585 4444 2784 4496 utrum
2816 4455 2890 4496 ex
2911 4439 3030 4497 alio
3060 4439 3330 4511 quodam
3362 4453 3552 4510 quam

155 4536 320 4589 ἆλλου
347 4530 415 4592 δὴ
443 4552 602 4600 τινος,
643 4537 672 4590 ἡ
698 4551 784 4602 ογε
808 4532 856 4565 ⁵⁸
891 4537 978 4580 νῦν
1018 4529 1131 4582 ἐστι
1170 4531 1367 4601 μεῖζον,
1431 4534 1461 4588 ἦ
1517 4531 1643 4582 αὐτὸ
1695 4528 1761 4590 δὴ

1897 4531 2042 4604 ιιιοᾱ
2069 4547 2230 4586 nunc
2264 4531 2462 4602 majus
2488 4534 2593 4600 est,
2629 4544 2709 4585 an
2766 4528 2827 4586 id
2883 4529 3086 4601 ipsum
3139 4527 3307 4600 quod
3345 4526 3550 4583 minus

159 4632 339 4693 τοῦτο,
373 4624 576 4675 ἔλαττον
605 4623 659 4672 ὁ⁸ν
687 4623 956 4694 πρότερον,
982 4637 1103 4690 πριν
1149 4613 1183 4670 δ
1188 4618 1392 4676 ηλονοτι
1429 4619 1602 4690 μεῖξον
1633 4624 1766 4690 γενέ-

1897 4624 2004 4676 arat
2035 4623 2390 4692 priusquam
2419 4619 2621 4691 majus
2647 4617 2834 4687 ﬁeret,
2866 4617 3086 4674 deinde
3115 4616 3341 4688 majus,
3379 4615 3550 4690 quod

1508 4741 1736 4810 Variae
1783 4741 2130 4810 lectiones.

228 4889 378 4965 ⁵3.τά
406 4899 529 4965 n99
559 4887 647 4965 est
675 4882 890 4965 ίῑιΧεξὲ-
923 4955 933 4965 .
970 4876 1019 4916 ⁵³
1042 4882 1400 4965 έτῖοέγωῖννεέί·
1479 4882 1528 4917 ⁵⁴
1558 4881 1725 4936 ἀνίασι
1757 4884 1791 4938 V

1897 4884 1936 4940 ἰ.
2015 4885 2063 4920 ⁸³
2089 4885 2362 4956 γίγνεσθαι
2389 4886 2516 4941 Vat.
2593 4883 2642 4919 ⁸⁵
2672 4879 3025 4960 καταδαρθεῖν
3054 4882 3208 4939 Vat.
3296 4882 3341 4918 ⁵⁷
3373 4879 3477 4934 ἀπὸ
3531 4875 3567 4933 δ

154 4967 224 5012 αῦ
253 4960 380 5014 Vat.
457 4957 504 4991 ⁵⁸
530 4959 620 5028 μεν
641 4953 810 5010 addit
835 4955 966 5009 Vat.
1042 4953 1089 4987 ⁸⁸
1113 4953 1195 5004 ὅτε
1223 4953 1389 5008 Vind.

1724 5052 1943 5122 Notae.

235 5198 354 5267 (36)
379 5194 642 5267 Plotinus
670 5191 935 5267 in_libro,
968 5193 1119 5267 Qaid
1133 5193 1381 5267 animal,
1407 5193 1555 5266 quid
1576 5194 1772 5267 homo,

163 5261 288 5350 pii
326 5261 572 5350 ABasil.
609 5261 888 5350 :v'Hd‘onvat‘
915 5261 1197 5350 nimium:
1213 5261 1443 5348 goo'fiotrs
1510 5285 1598 5350 και
1653 5261 1774 5350 θάρὲ

163 5333 230 5414 ῥη
255 5371 326 5379 —
352 5343 492 5399 τίνος
522 5340 582 5414 οἶν
613 5333 710 5414 εἶεν
733 5353 747 5402 ;
773 5340 802 5394 ἦ
831 5338 933 5414 γὰρ
1001 5333 1227 5414 φξχῇςν-
1261 5337 1288 5394 ὴ
1341 5341 1615 5414 χρωμέῖης
1672 5333 1774 5407 3W-

172 5421 283 5481 χῆς
305 5418 530 5481 σώματι,
562 5409 591 5466 ἦ
627 5412 806 5484 τρίτου
832 5407 971 5467 τιν-ὸς
1019 5407 1068 5469 ἐξ
1127 5407 1312 5478 ἀμφοῖν
1343 5407 1394 5459 κζ
1436 5407 1485 5461 τ.
1537 5409 1585 5462 λ.
1647 5425 1784 5480 quae

172 5480 468 5549 excerpsit
513 5480 795 5535 Suidasit.
831 5481 898 5543 ll,
935 5495 993 5548 p.
1023 5483 1088 5534 46
1114 5480 1280 5534 Kust.
1320 5480 1628 5535 Plotinian
1675 5481 1792 5534 loci

177 5568 292 5607 ons
344 5553 505 5608 estin
525 5551 784 5623 Platonis
804 5551 1039 5615 Τι’ῖηκο,
1066 5567 1122 5620 p.
1147 5553 1213 5604 42
1237 5555 1304 5615 Α,
1329 5556 1428 5623 327
1453 5555 1576 5623 Bip.
1601 5551 1683 5623 Qi.
1731 5569 1793 5623 p.

179 5569 292 5607 ons
344 5569 505 5608 estin
525 5569 784 5606 l’lalODlS
804 5569 1039 5615 nmwo,
1066 5569 1122 5620 p.
1147 5569 1213 5604 cz
1237 5569 1304 5615 Α,
1329 5569 1424 5606 az:
1453 5569 1572 5623 mp.
1601 5569 1683 5607 ω.
1781 5592 1793 5604 .

179 5627 308 5682 423.
341 5623 510 5680 Adde
540 5621 816 5694 Sympos.
849 5637 911 5696 p.
943 5625 1045 5676 207
1074 5624 1137 5686 E,
1165 5637 1225 5693 p.
1257 5625 1364 5678 240
1385 5622 1517 5696 Bip.
1553 5621 1646 5677 Ad
1699 5569 1798 5678 Ig-

1885 5211 2107 5270 mwumg
2124 5195 2348 5252 adhibe
2369 5194 2642 5270 Proclum
2656 5194 2716 5270 in
2730 5197 3131 5270 Commentar.
3159 5198 3340 5270 p.326
3361 5209 3562 5270 seqq.,

1884 5276 1940 5322 et
1967 5267 2170 5322 confer
2195 5283 2298 5340 eos
2321 5266 2433 5340 qui
2475 5282 2548 5322 ex
2570 5267 2792 5340 eodem
2825 5269 2987 5324 fonte
3011 5284 3122 5325 sua
3155 5266 3331 5340 prata
3357 5266 3559 5336 irriga-

1885 5345 2024 5394 runt
2051 5338 2379 5412 :_l’orphyr.
2409 5339 2492 5392 Dr
2519 5338 2796 5412 aestiua,
2816 5343 2905 5409 33,
2939 5356 2997 5412 p.
3027 5344 3094 5395 51
3118 5357 3131 5406 ;
3158 5338 3560 5412 Damascium

1902 5414 2034 5483 Περί
2059 5407 2415 5482 aiax—p.219
2461 5425 2475 5476 ;
2531 5409 2776 5464 Michael
2827 5407 3088 5466 PSellum
3155 5415 3282 5483 Περί
3328 5407 3556 5465 παντοδ.

1901 5479 2057 5536 παιδ.
2094 5479 2240 5537 sect.
2270 5483 2360 5542 44,
2395 5497 2452 5552 p.
2485 5484 2605 5535 103.

1975 5555 2088 5623 (37)
2117 5553 2296 5625 Mori,
2328 5551 2629 5625 merttmm
2660 5566 2799 5608 esse.
2828 5551 2914 5608 Cf.
2946 5552 3255 5625 Wyttenb.
3307 5551 3388 5610 ad
3442 5551 3567 5611 Pla-

1907 5628 2030 5680 ton.
2063 5624 2377 5689 Phaedon.,
2396 5639 2456 5696 p.
2476 5623 2580 5678 142
2609 5638 2778 5696 seqq.
