4130 6398
244 397 387 460 1433

1428 395 1601 459 ADV.
1638 391 1997 454 PLOTINUM
2032 394 2124 454 DE
2161 397 2406 461 ANIMA.

3478 372 3616 467 ttat

240 528 333 580 καὶ
355 525 748 595 ζωώσεται,ὀ’τι
778 525 849 601 μὴ
873 524 920 562 ⁸²
979 521 1031 580 δ’
1079 525 1137 581 ἐκ
1188 530 1280 582 τοῦ
1338 523 1687 588 καθεύδοντος
1742 525 1848 582 ἔτε-

1959 536 2082 580 non
2131 525 2315 584 alium
2363 529 2636 587 suscitari
2681 529 2960 600 dicimus,
3011 546 3210 607 neque
3255 532 3422 591 aliud
3480 551 3612 594 ma-

240 637 333 692 ρον
405 615 618 689 λέγομεν
692 617 1056 692 ἐγρηγορέναι,
1129 613 1260 691 μηδ’
1314 616 1436 670 ἄλλο
1481 616 1658 690 μεῖζον
1714 618 1846 687 γίνε-

245 708 375 762 σθαι
413 705 484 773 ⁸³,
517 706 546 764 ἢ
577 705 684 777 ὅγε
719 710 967 780 πρότερον
1020 708 1287 780 τυγχάνον
1335 715 1398 767 ῆν
1462 705 1690 760 ἔλαττον.
1754 706 1852 757 Καὶ

239 802 370 868 γοῦν
399 793 454 857 ἒξ
469 793 637 847 αὐτῶν
669 790 737 856 δὴ
771 796 819 831 ³⁸
873 802 973 849 τῶν
1025 803 1118 850 τοῦ
1175 795 1448 858 Πλάτωνος
1502 797 1688 849 θέσεων
1717 794 1852 847 οὕτω

244 881 315 945 δή
343 888 434 937 καὶ
485 879 772 951 δέδεικται,
819 886 885 937 τά
934 903 989 938 τε
1041 884 1172 938 ἄλλα
1221 884 1426 938 ἐναντία
1481 887 1604 938 ὄντα
1641 883 1697 937 ἔκ
1752 890 1852 936 τῶν

243 974 486 1029 ἐναντίων
535 976 792 1045 γίνεσθαι,
852 977 944 1026 καὶ⁵
1032 978 1156 1037 τοὺς
1246 977 1523 1038 τεθνεῶτας
1582 970 1741 1048 αὖθίς
1799 991 1855 1027 τε

241 1062 668 1118 ἂναϐιὼσκεσθαι
710 1067 800 1116 καὶ
850 1059 996 1125 αὖθις
1052 1067 1147 1138 ζῇν
1207 1061 1426 1127 οὐδένας
1473 1050 1659 1126 ἄλλους
1705 1067 1856 1129 ὄντας

241 1154 274 1214 ἠ
309 1152 498 1215 αύτούς
530 1148 598 1210 δὴ
628 1153 865 1222 τούτους,
922 1156 1047 1214 τοὺς
1101 1158 1193 1206 καὶ
1224 1157 1470 1230 πρότερον
1503 1155 1718 1220 ζῶντας,
1754 1154 1854 1206 αύ-

238 1249 358 1305 ταῖς
388 1238 455 1300 δή
490 1245 708 1305 ταύταις
748 1240 881 1314 λέγω
934 1243 980 1279 ⁸⁵
1020 1250 1133 1305 ταῖς
1196 1243 1421 1315 ψυχαῖς,
1471 1247 1561 1296 καὶ
1591 1243 1770 1306 αςῦτοίς
1797 1262 1854 1315 γε

239 1339 351 1397 τοῖς
376 1332 424 1367 ⁸⁸
471 1336 682 1404 σώμασι
743 1352 758 1365 ο
807 1337 899 1385 καὶ
961 1339 1144 1386 τοῦτον
1201 1331 1268 1392 δή
1324 1337 1411 1387 τὸν
1461 1336 1648 1407 τρόπον
1679 1334 1704 1384 ὁ
1750 1339 1852 1396 πᾶς

241 1423 512 1497 ἄνθρωπος
539 1429 614 1493 τῷ
652 1426 870 1495 τεχνίτῃ
928 1421 1068 1496 λόγῳ
1111 1427 1202 1476 καὶ
1270 1419 1580 1496 δημιουργῷ
1623 1430 1764 1499 σοφῷ
1794 1442 1853 1494 γε

242 1510 354 1565 ὂντι
397 1511 807 1576 πεισωθήσεται,
871 1515 961 1563 καὶ
1029 1511 1088 1564 ού
1147 1507 1482 1566 διαπεσεῖται
1534 1511 1652 1564 κατ’
1700 1507 1850 1567 ούδὶν

247 1602 444 1654 τούτων
475 1599 519 1634 ⁸⁷
549 1607 650 1652 τῶν
675 1608 865 1675 μερῶν,
897 1605 987 1652 καὶ
1043 1599 1192 1653 πλέον
1234 1601 1452 1676 ὑπάρξει
1501 1603 1532 1660 ἤ
1590 1600 1723 1655 αὐτὰ
1781 1597 1848 1660 δὴ

240 1696 411 1744 ταῦτα
437 1691 505 1742 τὰ
540 1689 657 1742 κατ’
686 1688 899 1764 οὐρανόν
951 1695 1191 1763 σώματα,
1258 1695 1348 1743 καὶ
1401 1693 1523 1764 ὑμῖν
1563 1709 1623 1763 γι
1676 1686 1848 1757 ἀίδια,

245 1779 336 1834 ἅτε
368 1775 436 1839 δή
460 1784 550 1833 καὶ
573 1777 806 1843 πλείονος
841 1779 890 1832 ἐν
925 1780 972 1815 ⁸⁸
999 1787 1062 1853 τῇ
1131 1779 1249 1834 κατ’
1315 1779 1471 1833 αὐτὸν
1530 1775 1856 1853 δημιουργίᾳ

1955 611 2055 683 jus
2101 614 2229 672 ﬁeri
2267 634 2453 690 quam
2501 619 2558 677 id
2614 623 2780 693 quod
2843 622 3010 695 prius
3057 624 3258 679 minus
3315 627 3460 681 erat.
3518 629 3614 684 At-

1961 717 2077 776 que
2119 705 2299 775 igitur
2341 724 2412 765 ex
2465 709 2613 784 ipsis
2665 711 2926 769 Platonis
2987 711 3294 788 principiis
3358 713 3442 772 ita
3502 715 3613 772 de-

1961 799 2364 853 monstratum
2423 803 2530 868 est,
2597 799 2715 858 alia
2791 817 2928 876 quae
2988 802 3286 859 contraria
3345 807 3487 860 sunt
3545 820 3614 862 ex

1963 885 2271 943 contrariis
2312 887 2461 956 ﬁeri,
2512 897 2569 950 et
2606 895 2876 948 mortuos
2940 907 3252 962 resurgere
3274 908 3343 949 ac
3367 909 3613 952 rursum

1961 971 2162 1030 vivere
2232 979 2428 1037 nullos
2487 981 2638 1038 alios
2689 981 2807 1039 nisi
2844 997 2948 1037 eos
3005 982 3110 1056 qui
3135 982 3301 1054 prius
3329 982 3614 1040 vivebant

1963 1075 2102 1118 cum
2149 1063 2363 1123 iisdem
2417 1070 2634 1126 animis
2691 1075 2747 1126 et
2794 1070 3172 1144 corporibus.
3228 1075 3419 1145 Atque
3497 1073 3612 1129 hoc

1961 1150 2146 1208 modo
2185 1156 2382 1212 omnis
2425 1158 2608 1215 homo
2657 1160 2737 1216 ab
2764 1159 2974 1217 artiﬁci
3013 1161 3239 1216 ratione
3267 1177 3337 1216 ac
3359 1160 3614 1233 sapienti

1964 1240 2236 1299 Creatore
2263 1247 2596 1304 servabitur
2628 1267 2641 1318 ;
2666 1264 2861 1322 neque
2882 1249 3112 1306 excidet
3141 1249 3262 1306 ulla
3285 1265 3396 1306 sua
3424 1253 3612 1322 parte,

1963 1329 2020 1382 et
2044 1330 2237 1400 magis
2263 1334 2713 1409 exsistetquam
2762 1352 2833 1392 ea
2879 1337 3010 1408 ipsa
3041 1353 3179 1410 quae
3199 1337 3261 1392 in
3293 1337 3443 1394 ccelo
3476 1340 3615 1394 sunt

1963 1430 2216 1490 corpora
2233 1425 2288 1477 et
2308 1424 2519 1481 avobis
2538 1426 2902 1499 sempiterna
2919 1425 3236 1497 habentur,
3262 1426 3486 1499 quippe
3507 1424 3615 1498 qui

1963 1523 2088 1565 suae
2133 1513 2447 1571 creationis
2473 1515 2662 1585 gratia
2710 1515 3119 1571 admirabilior
3176 1515 3271 1582 sit,
3316 1514 3615 1574 visibilem

1963 1606 2299 1660 creaturam
2340 1606 2397 1658 et
2435 1603 2795 1660 invisibilem
2849 1604 2907 1660 in
2936 1620 3126 1661 unum
3175 1604 3528 1662 coadunans
3558 1607 3617 1661 et

1960 1693 2112 1750 inter
2133 1692 2315 1749 ambo
2338 1692 2566 1750 medius
2587 1697 2770 1765 stans,
2794 1694 3324 1766 t.ertius,tanquam
3344 1692 3612 1750 mundus

1966 1783 2262 1840 sensibilis
2288 1787 2344 1840 et
2396 1782 2800 1854 intelligibilis,
2819 1782 2975 1840 infra
3011 1799 3266 1841 manens
3290 1788 3346 1841 et
3369 1799 3614 1840 rursum

243 1872 412 1942 γέμων
450 1875 544 1922 τοῦ
596 1870 883 1942 θαύματος,
944 1870 1136 1943 ὁρατὴν
1169 1873 1339 1924 κτίσιν
1363 1889 1419 1923 τε
1475 1869 1522 1905 ⁸9
1566 1873 1656 1923 καὶ
1700 1867 1852 1943 ἀόρα-

1965 1873 2216 1929 tendens
2239 1876 2295 1928 et
2315 1872 2657 1930 coelestibus
2686 1888 3070 1939 conversans,
3100 1878 3155 1930 et
3181 1873 3400 1945 majus,
3424 1887 3613 1945 quam

241 1975 332 2009 τον
357 1956 431 2018 είς
473 1955 523 2009 ἓν
578 1959 835 2028 συνάγων,
885 1961 974 2010 καὶ
1023 1961 1184 2030 μέσος
1251 1959 1446 2011 τούτων
1505 1956 1681 2024 ἑστὼς,
1739 1961 1852 2030 τρί-

240 2066 346 2118 τος,
426 2049 647 2120 ὡσπερεὶ
719 2066 914 2120 κόσμος
987 2046 1242 2110 αἰσθητός
1320 2066 1374 2101 τε
1438 2051 1528 2101 καὶ
1586 2050 1855 2121 νοούμενος

242 2138 386 2190 κάτω
412 2139 573 2210 μένων
599 2140 689 2189 καὶ
717 2137 824 2189 ἄνω
851 2138 1075 2210 φθάνων,
1127 2141 1217 2190 καὶ
1271 2143 1378 2198 τοῖς
1427 2139 1684 2210 οὐρανίοις
1737 2157 1856 2192 συν-

246 2230 337 2296 ὼν,
398 2229 488 2278 καὶ
534 2225 712 2299 μεῖξον
779 2226 809 2286 ἣ
858 2224 1026 2280 ἐκεῖνα
1084 2228 1258 2300 θαῦμα
1306 2226 1470 2288 οὗτος
1513 2228 1561 2262 ⁹⁰
1605 2230 1853 2300 γνωριζόσ

244 2333 410 2388 μενος.
495 2321 652 2387 Σῶμα
703 2317 794 2388 μὲν
848 2317 950 2390 γὰρ
1017 2322 1120 2368 πᾶν
1173 2317 1399 2391 ῥευστῆς
1456 2311 1585 2369 εἶναι
1631 2319 1850 2389 φύσεως,

238 2403 300 2457 ού
367 2409 480 2468 τοῖς
552 2403 728 2466 ἄλλοις
787 2408 941 2476 μόνον
996 2411 1103 2466 τοῖς
1151 2410 1272 2480 περὶ
1322 2407 1524 2478 φύσεως
1567 2405 1851 2480 εἰρηκόσιν,

233 2491 368 2546 ἀλλὰ
402 2498 492 2547 καὶ
553 2493 693 2566 αὐτῷ
749 2490 897 2550 δοκεῖ
950 2493 1207 2557 Πλάτωνι,
1263 2501 1353 2548 καὶ
1403 2501 1522 2569 περὶ
1572 2504 1671 2549 τῶν
1697 2496 1854 2574 ούρα-

233 2586 360 2636 νίων
391 2582 555 2644 οὕτως
583 2585 628 2619 θί
698 2581 911 2655 ἇπέγνω,
955 2589 1048 2636 καὶ
1101 2583 1244 2642 ἣλιον
1286 2584 1388 2640 αἰεὶ
1437 2588 1711 2658 γίγνεσθαι
1767 2590 1856 2640 καὶ

244 2670 474 2747 όιστέρὰς
494 2675 623 2744 φησὶ
651 2675 742 2724 καὶ
772 2677 938 2746 μένειν
969 2673 1072 2726 αἰεί
1098 2673 1235 2746 (39).
1277 2673 1338 2726 Εἰ
1367 2682 1492 2747 γοῦν
1545 2679 1634 2727 καὶ
1689 2694 1858 2728 ταυτα

238 2767 344 2812 τῶν
378 2761 632 2832 σωμάτων
651 2760 732 2835 ῥεῖ
767 2765 858 2813 καὶ
902 2759 1082 2836 ῥέοντα
1135 2762 1179 2814 εἰ
1233 2766 1323 2815 καὶ
1383 2767 1454 2836 μὴ
1508 2761 1559 2814 ἓν
1609 2769 1719 2827 τοῖς
1764 2763 1856 2816 αύ-

236 2854 372 2915 τοῖς,
405 2847 498 2901 ἀλλ
540 2849 674 2921 ὅμως
731 2845 825 2902 διὰ
880 2853 1072 2916 παντὸς
1129 2851 1362 2919 ἔστηκεν,
1413 2849 1652 2925 ἀθανάτῳ
1696 2851 1852 2925 ψυχῇ

245 2937 366 2992 καθ’
395 2939 532 3010 ὑμᾶς
563 2935 903 3013 διοικούμενα
955 2941 1026 3008 θ’,
1075 2944 1129 2994 τί
1167 2940 1354 2994 κωλύει
1427 2961 1516 2996 και
1587 2943 1856 3016 ἄνθρωπον

245 3026 468 3080 λυθέντα
518 3046 574 3081 τε
642 3028 691 3063 9⁸
753 3048 843 3080 και
883 3027 1090 3104 ῥυέντα,
1159 3026 1248 3083 εἶτ’
1303 3026 1456 3094 αὖθις
1507 3029 1584 3104 ἐφ’
1629 3033 1751 3108 ὅπερ
1791 3033 1854 3091 ἦν

239 3121 347 3168 πᾶν
386 3120 649 3182 συνιόντα,
692 3119 827 3171 ὥστε
855 3123 944 3171 καὶ
972 3119 1264 3192 αἰεὶ,μένειν
1293 3119 1422 3193 αὐτῇ
1459 3117 1527 3180 δὴ
1580 3129 1641 3194 τῇ
1697 3120 1851 3195 ψυχῇ

1965 1961 2082 2034 illa,
2103 1960 2459 2018 miraculum
2484 1961 2792 2017 exsistens.
2819 1963 3007 2020 Omne
3021 1962 3181 2018 enim
3194 1977 3413 2035 corpus
3434 1961 3612 2019 ﬂuxas

1964 2056 2193 2110 naturae
2209 2067 2340 2107 esse
2363 2067 2485 2107 non
2498 2051 2682 2108 modo
2704 2051 2836 2108 aliis
2853 2053 2958 2125 qui
2997 2052 3071 2108 de
3089 2057 3307 2108 natura
3319 2052 3612 2109 disserue-

1962 2145 2121 2210 runt,
2155 2141 2258 2196 sed
2294 2145 2350 2197 et
2407 2140 2636 2199 Platoni
2679 2140 2934 2208 videtur,
2985 2146 3038 2198 et
3061 2141 3135 2197 de
3161 2141 3497 2198 caelestibus
3534 2141 3620 2199 ita

1965 2230 2282 2289 aestimavit
2322 2233 2379 2286 et
2427 2229 2614 2289 solem
2663 2246 2735 2287 ac
2759 2230 2960 2287 stellas
2993 2246 3230 2304 semper
3259 2230 3618 2292 exsistereet

1963 2335 2209 2377 manere
2256 2318 2420 2376 dicit.
2481 2319 2537 2377 Si
2583 2319 2762 2390 igitur
2791 2335 2864 2376 ea
2893 2335 3148 2392 corpora
3187 2320 3417 2376 caduca
3455 2323 3614 2389 sunt,

1965 2413 2024 2465 et
2077 2409 2212 2466 licet
2249 2407 2483 2468 caduca
2521 2408 2638 2466 sint
2673 2413 2877 2466 tamen
2915 2415 3204 2482 perpetuo
3239 2413 3616 2482 permanent,

1966 2501 2073 2556 etsi
2099 2497 2306 2556 nonin
2348 2498 2562 2556 iisdem
2616 2499 2989 2568 substantiis,
3038 2498 3362 2559 immortali
3415 2499 3620 2556 anima

1966 2586 2301 2648 secundum
2319 2603 2430 2642 vos
2454 2585 2810 2657 gubernata,
2831 2587 2977 2659 quid
2995 2586 3246 2660 impedit
3264 2587 3413 2658 quin
3433 2587 3619 2643 homo

1965 2675 2298 2733 dissolutus
2319 2680 2373 2733 et
2402 2675 2693 2749 dilapsus,
2719 2675 2935 2731 deinde
2963 2674 3098 2731 inid
3121 2674 3288 2749 quod
3307 2675 3472 2748 prius
3494 2679 3621 2732 erat

1967 2770 2155 2836 coeat,
2186 2766 2269 2822 ita
2292 2770 2360 2822 ut
2388 2765 2909 2838 quemadmodum
2932 2765 3066 2838 ipsa
3094 2767 3300 2820 anima
3328 2769 3619 2838 perpetuo

1965 2860 2170 2913 manet
2195 2855 2280 2912 ita
2305 2860 2362 2912 et
2388 2870 2638 2929 corpore
2667 2859 3036 2926 permaneat,
3084 2870 3223 2910 cum
3261 2854 3395 2926 ipsa
3415 2852 3622 2911 anima

1967 2947 2041 3003 sit
2078 2945 2568 3018 incorruptibilis,
2621 2960 2819 3023 neque
2875 2945 3066 3018 possit
3107 2944 3169 3001 in
3201 2943 3320 3002 alio
3366 2959 3620 3016 corpore

1964 3036 2166 3092 vivere
2186 3051 2384 3108 neque
2411 3035 2644 3108 operari
2678 3051 2749 3093 ea
2774 3050 2905 3108 quae
2945 3051 3083 3090 cum
3109 3049 3358 3108 corpore
3383 3032 3620 3105 operari

1967 3125 2192 3182 debet?
2218 3125 2333 3182 Nisi
2360 3125 2519 3184 enim
2542 3126 2624 3182 ita
2650 3123 3062 3197 sit,non,quod
3082 3122 3622 3190 diximus,omnino

235 3209 330 3258 καὶ
384 3204 524 3277 αύτῷ
589 3213 660 3276 τῷ
708 3212 912 3279 σώματι
967 3205 1219 3270 ἀθάνατος
1288 3205 1575 3282 διαμεῖναι,
1625 3219 1715 3272 τῆς
1755 3211 1852 3283 ψυ-

1967 3215 2200 3288 absque
2253 3214 2634 3286 corruptione
2690 3215 2816 3282 erit,
2844 3214 2973 3286 ejus
3011 3229 3136 3269 una
3173 3229 3312 3269 cum
3370 3227 3620 3284 corpore

224 3301 345 3368 χῆς
382 3295 547 3358 αὐτῆς
587 3293 854 3369 ἀφθάρτου
901 3315 960 3369 γε
1015 3300 1202 3362 οὔσης,
1269 3303 1358 3351 καὶ
1414 3305 1485 3372 μὴ
1544 3306 1851 3374 πεφυκυίας,

229 3385 357 3457 μήτ’
397 3382 445 3435 ἐν
485 3383 621 3456 ἄλλῳ
676 3387 954 3457 γίγνεσθαι
1009 3392 1240 3459 σώματι,
1297 3389 1420 3460 μήτ’
1471 3388 1689 3463 ἐνεργεῖν
1756 3392 1857 3444 ὅσα

229 3470 306 3530 δὴ
336 3491 426 3524 και
455 3478 648 3546 πέφυκε
677 3477 808 3547 μετὰ
849 3479 1084 3548 σώματος
1146 3473 1278 3550 δρᾷν
1307 3495 1319 3534 :
1353 3477 1414 3531 Εἰ
1453 3481 1564 3551 χὰρ
1611 3484 1684 3552 μὴ
1732 3489 1854 3533 τοῦ-

223 3581 314 3625 το,
346 3561 440 3614 οὐκ
473 3561 534 3614 ἂν
587 3564 708 3637 ὅπερ
765 3566 952 3636 ἔφημεν
1013 3561 1112 3617 οὐδ
1158 3565 1289 3640 αὐτῇ
1351 3570 1409 3620 τὸ
1478 3574 1579 3619 πᾶν
1637 3569 1855 3644 ὑπάρξει

225 3646 374 3720 δίχα
437 3653 646 3725 φθορᾶς,
702 3661 793 3712 τῆς
839 3659 971 3725 μετᾶ
1045 3659 1285 3728 σώματος
1335 3653 1584 3728 ἐνεργείας
1643 3660 1854 3734 φθαρεί-

227 3758 339 3801 σης
369 3739 525 3812 αὐτῇ,
571 3740 601 3799 ἢ
660 3737 727 3800 δὴ
783 3746 948 3815 ταύτῃ
1003 3763 1093 3796 και
1151 3746 1280 3797 κατὰ
1331 3747 1488 3818 φύσιν
1545 3750 1850 3819 πρόσεστιν.

222 3827 308 3881 Ού
329 3833 430 3900 μὴν
464 3827 592 3881 ἀλλὰ
634 3836 724 3883 καὶ
752 3827 890 3902 δίχα
919 3835 1172 3905 σωμάτων
1223 3833 1433 3895 κολάζει
1473 3834 1684 3888 Πλάτων
1737 3836 1849 3907 ψυ-

221 3918 359 3990 χὰς,
391 3917 586 3990 φαύλας
633 3915 700 3978 δή
734 3939 875 3982 τινας
924 3919 972 3973 ἐν
1024 3918 1161 3993 τῷδε
1208 3931 1278 3993 τῷ
1334 3921 1436 3996 βίῳ
1474 3925 1522 3959 9‘
1579 3930 1850 3998 γεγενημέ-

225 4024 345 4072 νας,
378 4011 468 4060 καὶ
499 4011 727 4081 πονηράς
783 4030 796 4042 ·
845 4013 934 4061 mi
994 4013 1024 4068 ἠ
1081 4011 1316 4080 κόλασις,
1384 4018 1612 4086 ποταμοὶ
1674 4021 1850 4068 Κωκυ-

218 4099 310 4148 τοὶ
348 4097 484 4167 (40),
574 4100 664 4149 καὶ
722 4097 1204 4172 Πυριφλεγέθοντες,
1261 4105 1351 4153 καὶ
1399 4099 1591 4175 φοϐερὰ
1645 4103 1849 4178 ῥεύμα-

217 4202 294 4237 τα
344 4185 398 4234 ἐκ
476 4186 738 4259 ταρτάρου
788 4187 893 4238 ἄνω
955 4206 1045 4238 και
1092 4190 1234 4240 κάτω
1275 4193 1493 4262 φέροντα
1541 4195 1629 4242 καὶ
1682 4211 1848 4244 κατα-

221 4271 460 4345 σύροντα
509 4280 626 4335 ταῖς
704 4277 871 4341 ὁκαῖς,
919 4280 1008 4327 καὶ
1055 4271 1185 4349 μηδ’
1239 4275 1480 4336 ἐπιϐῆναι
1520 4277 1704 4350 λίμνης
1756 4286 1849 4340 τῆς
1906 4289 1908 4292 ’

215 4359 581 4435 Ἀχερουσίας
647 4359 829 4430 ἐῶντα,
911 4363 1061 4418 κάκεῖ
1122 4365 1320 4442 πρᾶξαι
1374 4374 1482 4428 τοῖς
1534 4368 1621 4420 ὑπ’
1679 4368 1847 4422 αὐτῶν

216 4445 568 4520 ἠδικημένοις
625 4451 856 4524 εὐμενέσι
929 4457 1268 4526 χρήσασθαι,
1347 4461 1439 4510 καὶ
1477 4455 1611 4509 οὕτω
1670 4467 1848 4532 φυγεῖν

216 4539 288 4591 τὸ
321 4534 668 4600 κοδάζεσθαι.
699 4540 830 4612 Ἐγώ
858 4537 918 4595 δὲ
981 4551 1184 4617 πρῶτον
1238 4549 1329 4617 μεν
1371 4547 1466 4598 ούκ
1506 4543 1649 4614 οῖδα,
1705 4553 1756 4601 τί
1787 4549 1847 4602 ἅν

218 4627 428 4692 ἀπαθὴς
458 4634 550 4689 τὴν
609 4630 790 4683 ούσίαν
847 4633 1008 4685 πάθοι
1053 4635 1100 4669 9⁵
1152 4633 1334 4707 ψυχὴ,
1380 4645 1636 4710 ποταμοῖς
1690 4636 1846 4712 ἐμπεο

221 4724 398 4772 σοῡσα
423 4721 490 4791 9⁸,
541 4721 632 4774 εἶτ’
682 4720 737 4773 ἐκ
780 4721 945 4796 πυρός
984 4722 1216 4798 ῥέουσιν,
1270 4727 1362 4778 εἶτ’
1395 4725 1448 4788 ἐξ
1486 4727 1642 4780 ἄλλου
1691 4729 1846 4781 κολά-

216 4807 405 4870 ζοντος
427 4810 495 4864 9⁷.
540 4816 658 4872 Πῶς
702 4807 762 4864 δὲ
791 4814 878 4863 καὶ
926 4807 1095 4873 διναις
1152 4811 1424 4888 ῥευμάτων
1473 4817 1586 4870 ὅθεν
1643 4814 1843 4876 δήποθ’

1966 3304 2312 3376 operatione
2350 3307 2629 3376 corrupta
2659 3318 2796 3375 quae
2835 3303 2914 3359 ad
2943 3302 3138 3375 ipsam
3168 3305 3386 3358 natura
3442 3301 3620 3373 perti-

1963 3398 2083 3450 net.
2108 3397 2382 3450 Attamen
2433 3395 2492 3448 et
2545 3391 2706 3449 Plato
2737 3393 2973 3449 animas
3008 3391 3239 3465 absque
3268 3389 3620 3464 corporibus

1965 3483 2158 3555 punit,
2190 3498 2292 3541 eas
2311 3497 2526 3553 nempe
2557 3496 2694 3554 quae
2723 3481 2784 3536 in
2824 3481 2940 3536 hac
2964 3481 3090 3537 vita
3117 3481 3288 3536 malae
3315 3484 3372 3534 et
3400 3479 3621 3552 impro-

1964 3571 2057 3627 bae
2076 3572 2334 3626 fuerunt.
2368 3573 2432 3626 Et
2463 3585 2544 3626 eae
2575 3585 2767 3642 poenae
2798 3574 2934 3625 sunt
2956 3569 3122 3624 ﬂuvii
3152 3571 3407 3640 Cocytus
3433 3572 3490 3623 et
3511 3570 3620 3639 Py-

1963 3659 2376 3733 riphlegethon
2387 3663 2590 3731 ,atque
2602 3657 2904 3715 horrenda
2915 3658 3140 3714 ﬂuenta
3153 3673 3224 3712 ex
3237 3660 3481 3713 Tartaro
3495 3671 3622 3711 sur-

1963 3766 2098 3805 sum
2119 3754 2175 3806 et
2196 3747 2777 3817 deorsumlabentia,
2801 3753 2858 3804 et
2879 3762 3102 3816 magno
3120 3745 3346 3819 impetu
3358 3743 3616 3814 ruentia,

1961 3855 2158 3912 neque
2197 3839 2550 3894 Acherontis
2596 3837 2798 3894 lacum
2832 3837 3081 3894 transire
3129 3835 3407 3903 sinentia,
3439 3849 3516 3890 ne
3539 3833 3614 3890 iis

1961 3944 2115 4001 quos
2136 3928 2352 3998 injuria
2383 3927 2682 3999 prosecuti
2705 3930 2863 3992 sunt,
2893 3924 3202 3981 benevolis
3225 3925 3308 3980 uti
3336 3930 3514 3997 atque
3534 3923 3618 3980 ita

1960 4033 2206 4090 poenam
2237 4017 2443 4086 fugere
2487 4016 2738 4090 possint.
2800 4019 2922 4086 Ego
2967 4019 3168 4072 autem
3193 4014 3390 4086 primo
3411 4013 3616 4070 nescio

1959 4107 2107 4179 quid
2130 4107 2388 4162 essentia
2418 4105 2807 4178 impassibilis
2851 4105 3056 4161 anima
3081 4107 3400 4176 pateretur,
3423 4103 3486 4158 in
3506 4103 3620 4158 ﬂu-

1959 4195 2399 4262 viosincidens,
2435 4195 2557 4250 sive
2583 4195 2785 4265 ignem
2823 4193 3153 4263 volventes,
3177 4193 3299 4247 sive
3323 4191 3488 4248 aliud
3509 4206 3616 4262 pu-

1957 4285 2129 4340 niens
2179 4282 2565 4339 elementum.
2589 4281 2907 4348 Quomodo
2966 4287 3164 4337 autem
3197 4286 3254 4336 et
3292 4279 3611 4336 verticibus

1958 4373 2321 4430 ﬂuentorum
2345 4371 2484 4427 inde
2507 4371 2836 4426 salientium
2863 4369 3145 4436 cohibita,
3174 4368 3609 4440 etiistanquam

1957 4461 2393 4518 inevitabilibus
2413 4458 2663 4516 vinculis
2708 4459 2948 4528 illigata.
2980 4474 3117 4512 cum
3158 4457 3227 4512 iis
3261 4455 3535 4512 volvatur
3557 4460 3616 4512 et

1956 4555 2355 4616 convertatur,
2389 4565 2583 4620 neque
2600 4547 2809 4620 possit,
2847 4553 2909 4602 ut
2930 4545 3248 4618 piscis,alio
3276 4545 3528 4600 transire
3557 4549 3616 4602 et

1956 4641 2231 4700 enatare?
2261 4636 2833 4693 Deindehomicidas
2855 4635 3188 4690 etmcechos
3213 4634 3611 4706 etparricidas

1911 4717 1913 4720 ﬂ
1955 4734 2008 4784 et
2023 4728 2344 4798 sacrilegos
2356 4728 2415 4782 in
2430 4727 2641 4782 eadem
2656 4726 2878 4781 ﬂuenta
2896 4725 3154 4796 projicit.
3181 4727 3244 4780 Et
3256 4723 3467 4796 quidni
3484 4723 3614 4795 qui-

1951 4819 2208 4874 buscum
2242 4813 3011 4890 peccaveruntcorporibus
3041 4829 3181 4870 cum
3206 4812 3278 4868 iis
3300 4816 3358 4869 et
3376 4827 3477 4869 eas
3502 4827 3612 4882 pu-

1614 4941 1837 5010 Variae
1884 4943 2241 5011 lectiones.

297 5039 344 5074 “
367 5041 458 5122 μὶν
489 5041 680 5122 Xind.
738 5043 806 5122 :3
843 5045 1118 5122 γίγνεσθαι
1169 5047 1295 5122 νος.
1322 5049 1410 5122 _ut
1434 5121 1445 5122 γ
1466 5064 1605 5122 saep.
1638 5121 1643 5122 γ
1683 5049 1730 5085 ⁸⁵
1783 5070 1852 5102 rei

1959 5072 1977 5102 ν
2037 5050 2204 5106 addit
2258 5051 2395 5122 Vat._
2466 5048 2513 5122 f5
2574 5047 2708 5120 λέγω
2762 5050 3031 5122 nonest
3074 5045 3326 5122 indvat.
3385 5043 3612 5122 facit;

219 5110 394 5167 abest
423 5127 459 5168 a
489 5114 658 5170 Vind.
737 5115 781 5151 ⁸⁷
811 5110 996 5169 τούτου
1030 5119 1149 5173 Vat.

221 5179 259 5234 δ
264 5186 545 5255 ιηκούμενα
573 5185 741 5242 Vind.

224 5253 405 5310 male.

1227 5118 1274 5152 ³⁸
1315 5117 1396 5170 ἐπὶ
1430 5121 1553 5176 Vat.

483 5256 528 5293 ’7
563 5257 730 5322 ἄλλως
749 5257 1067 5323 κολάζοντας
1093 5259 1263 5318 Vind.

1633 5121 1680 5156 ³9
1707 5142 1760 5162 1-:
1792 5138 1907 5162 nnn
1945 5124 2066 5162 neti

820 5124 996 5169 τούτου
1030 5124 1149 5173 Vat.
1227 5124 1274 5152 ³⁸
1315 5124 1396 5170 ἐπὶ
1430 5124 1553 5176 Vat.
1633 5124 1680 5156 '9
1707 5142 1760 5174 τε
1792 5139 1852 5178 nc

820 5188 949 5269 fama
994 5193 1246 5269 nor_1__es‘t
1283 5190 1344 5246 in
1379 5191 1499 5248 Vat.
1579 5193 1628 5228 9‘
1682 5192 1729 5247 ἰν
1777 5202 1847 5265 τῷ

1959 5124 2115 5178 estin
2149 5124 2271 5177 Vat.
2351 5124 2400 5155 9°
2430 5124 2648 5191 οῦτωγε
2678 5124 2800 5175 Vat.
2879 5124 3103 5178 9ίόὶυτως
3137 5124 3303 5172 Vind.
3383 5124 3436 5153 ³³
3466 5124 3606 5187 ἡμᾶς

1959 5191 2017 5248 δε
2076 5191 2178 5269 βίῳ
2241 5195 2362 5249 Vat.
2443 5192 2489 5227 ³⁵
2545 5193 2687 5250 πάθη
2747 5193 2868 5247 Vat.
2949 5191 2998 5226 9⁸
3069 5188 3371 5262 ἐμπεζοῡσα
3433 5187 3606 5244 Vind-

2351 5119 2400 5155 ⁹⁰
2430 5119 2564 5172 οὕτω
2590 5116 2648 5187 γέ
2678 5122 2800 5175 Vat.
2879 5121 2922 5155 9'
2954 5123 3103 5178 ὅντως
3137 5116 3303 5172 Vind.
3383 5117 3436 5153 ⁹²
3466 5117 3612 5187 ἡμᾶς

2590 5139 2648 5191 γε
2678 5122 2800 5175 Vat.

1772 5354 1990 5424 Notae.

299 5450 524 5532 (39_)_D_e
548 5453 663 5511 hac
713 5456 1039 5532 mternitate
1075 5457 1155 5532 cf.
1218 5458 1517 5531 Wyttenb.
1570 5461 1742 5532 Disp.
1762 5462 1835 5520 de

222 5520 910 5605 plagiajmpiorgalzad
937 5529 1217 5605 lfhardon.
1251 5520 1309 5603 p'.
1344 5547 1464 5605 xm
1496 5547 1625 5605 seq.

301 5591 417 5675 μιᾳ)
437 5594 524 5675 De
548 5597 640 5652 his
662 5597 859 5675 ﬂuviis
887 5591 1560 5675 inferorumpaanisque
1582 5591 1707 5660 vid.
1741 5604 1834 5661 in-

270 5667 436 5747 rimis
468 5667 1077 5747 Platon.__[fhapdon.,__
1115 5687 1184 5747 p._
1215 5667 1341 5739 H2,
1385 5667 1595 5747 Steph.
1629 5677 1712 5747 (p.
1762 5677 1833 5732 89

300 5740 432 5808 ytt.,
464 5753 524 5810 p.
552 5743 656 5796 242
687 5741 937 5813 Heind.),
969 5740 1320 5815 collCGorg.‘
1352 5740 1503 5804 sect:
1536 5744 1599 5804 8t
1634 5740 1835 5816 ἶϐναο

1945 5462 2053 5543 till,
2084 5478 2144 5535 p.
2202 5459 2448 5543 Hein_d.;
2502 5461 2589 5517 De
2618 5459 2878 5543 Republ.
2930 5460 3266 5543 xlp.‘6t§_
3299 5471 3468 5543 seqq.
3507 5457 3596 5543 ((p.

1944 5535 2042 5591 32t
2106 5549 2275 5616 seqq.
2320 5535 2470 5605 Bip.,
2525 5535 2718 5604 p.303
2766 5546 2936 5603 seqq.
2984 5535 3135 5598 Ast.)
3167 5535 3463 5611 gzﬁschin.
3495 5535 3602 5585 So-

1943 5611 2098 5662 crat.
2126 5605 2386 5662 Axioch.
2420 5605 2448 5676 §
2497 5607 2669 5676 21,7p.
2716 5604 2816 5658 166
2843 5617 3012 5674 seqq,
3046 5601 3141 5657 ed.
3174 5600 3439 5676 Fischer.
3477 5600 3610 5656 Plu-

1943 5677 2135 5734 tarch.
2191 5679 2296 5734 De.
2348 5669 2526 5747 S.'N,
2551 5669 2625 5731 VI
2669 5690 2728 5748 p.
2772 5678 2886 5731 162.
2927 5669 3133 5746 "siaqu
3169 5669 3316 5730 ibid.
3350 5673 3610 5744 interprr

2525 5547 2591 5604 p.
2616 5529 2718 5588 303
2766 5546 2936 5603 seqq.
2984 5529 3135 5604 Ast.)
3167 5529 3602 5604 gzﬁschinuSo-
