4130 6410
481 343 618 426 lli-35

1805 337 2187 408 NICEPHORI
2223 337 2505 410 cauum.

3709 339 3859 410 1.5.36

475 467 585 536 nit,
607 465 834 540 quippe
875 478 1012 519 cum
1041 476 1165 517 una
1194 477 1332 516 cum
1362 459 1433 517 iis
1462 466 1699 519 tantum
1725 463 1848 536 pati
1874 464 2128 535 possint,

2257 460 2527 533 ἰλλομένων
2566 461 2614 496 9⁸
2695 460 3023 532 ἐνοχεθεῖσα,
3085 464 3175 522 καὶ
3221 461 3442 522 ταύταις
3482 461 3658 536 ὥσπερ
3709 460 3860 533 ἀφύ-

481 556 591 612 sed
630 572 700 612 ea
747 552 1048 620 omittens,
1103 551 1232 607 illas
1283 551 1444 608 solas
1502 554 1782 625 punitum
1833 553 1903 608 iri
1933 551 2132 608 dicit?

479 648 546 701 Et
591 660 714 700 non
772 642 950 698 modo
998 641 1060 696 in
1105 639 1332 710 justitia
1375 643 1624 697 omnino
1693 646 1852 697 recta
1903 656 1965 696 se
2029 641 2132 695 ha-

477 736 675 804 bente,
727 732 836 787 sed
882 736 938 787 et
983 747 1118 803 quas
1164 745 1357 802 poenae
1403 747 1526 786 non
1576 737 1715 786 sunt
1745 731 1992 804 capacia
2018 730 2132 785 hoc

476 823 662 880 modo
719 821 952 891 cogitur
993 818 1226 892 punire.
1251 822 1316 874 Et
1353 819 1502 876 dum
1559 820 1948 894 proverbium
1991 819 2133 874 dicit

475 918 678 986 petras
725 910 904 983 coqui
951 925 1074 966 non
1143 925 1340 982 posse,
1415 909 1578 965 Plato
1668 909 1842 966 nobis
1895 911 1955 965 in
2013 909 2132 980 Py-

477 1001 954 1074 riphlegethonte
1002 999 1237 1054 animas
1306 999 1529 1070 coquit.
1592 1000 1751 1069 Ignis
1799 999 1960 1054 enim
2010 997 2131 1052 vio-

476 1091 698 1159 lentus,
730 1094 788 1145 et
815 1103 1028 1145 amara
1056 1087 1447 1160 quantumvis
1478 1103 1657 1160 aqua,
1691 1093 1764 1158 et,
1791 1087 1840 1143 si
1869 1103 1989 1159 qua
2016 1086 2134 1143 alia

475 1195 662 1252 paena
711 1181 818 1243 est,
845 1191 969 1232 non
1017 1180 1210 1248 potest
1239 1176 1300 1231 in
1360 1176 1554 1232 solam
1609 1178 1876 1233 animam
1930 1191 2134 1249 perve-

477 1269 627 1335 nire,
653 1267 759 1323 sed
781 1267 841 1321 in
861 1265 1129 1320 animam
1147 1265 1383 1337 corpori
1411 1265 1733 1322 immistam
1762 1270 1816 1321 et
1833 1265 2132 1331 sensibus,

479 1359 536 1412 et
559 1354 857 1428 quidquid
877 1353 992 1409 illis
1012 1353 1385 1421 adversatur,
1406 1354 1586 1410 etiam
1616 1355 1834 1410 animas
1857 1353 2134 1409 adversa-

478 1449 594 1512 tur,
626 1448 922 1516 quatenus
941 1458 1076 1497 cum
1100 1441 1214 1496 illis
1237 1442 1372 1514 conj
1383 1447 1563 1498 uncta
1581 1449 1695 1499 est:
1726 1441 1959 1516 etquod
1974 1441 2135 1513 prius

479 1548 603 1590 non
633 1547 816 1604 passa
841 1536 998 1588 esset
1023 1535 1191 1586 extra
1222 1546 1440 1601 corpus
1472 1532 1783 1600 exsistens,
1814 1531 1872 1586 id
1897 1547 2034 1586 cum
2066 1545 2136 1584 eo

481 1621 807 1692 conjuncta
858 1619 1137 1692 patietur,
1174 1619 1297 1674 sive
1351 1619 1554 1676 laetum
1610 1621 1736 1676 sive
1799 1620 1980 1676 triste.
2013 1619 2137 1673 Lae-

481 1709 607 1766 titia
645 1709 805 1764 enim
837 1713 893 1763 et
919 1707 1152 1763 tristitia
1182 1707 1505 1763 amborum
1554 1714 1713 1777 sunt,
1755 1711 1810 1764 et
1838 1709 1898 1763 in
1927 1706 2138 1781 primis

2239 569 2380 610 κτοις
2404 551 2453 584 99
2494 546 2764 602 ἐνδεθεῖσα
2807 549 2919 621 (41)
2976 545 3192 622 δεσμοῖς
3249 551 3460 610 ταύταις
3493 555 3582 602 καὶ
3642 550 3859 602 συνελι-

2237 639 2500 710 χθήσεται
2543 643 2630 691 καὶ
2655 644 3102 712 πστραφὴσεται,
3143 643 3230 690 καὶ
3259 640 3364 710 οὑχ
3393 638 3493 702 ἕξει
3522 639 3581 692 ού
3614 643 3708 711 μὲν
3763 636 3862 692 οὖν

2239 723 2547 802 οὐδ’ῶσπερ
2593 728 2751 798 ἰχθύς
2783 729 2838 800 ἐφ
2874 728 2884 746 ’
2913 727 3057 800 ἕτερα
3111 727 3400 800 μεταϐῆναι
3455 716 3546 780 και
3593 723 3862 790 διανήξα-

2243 818 2367 869 σθαι
2407 833 2420 883 ;
2465 818 2620 869 ἔπειτ’
2677 814 3023 892 ἀνδροφόνους
3070 823 3161 870 καὶ
3207 821 3440 890 μοιχοὺς
3487 823 3578 871 καί
3620 838 3682 890 γε
3743 838 3866 870 πα-

2239 905 2530 979 τραλοίας¹
2581 911 2671 959 καὶ
2717 907 3010 980 ἱεροσύλους
3057 906 3174 959 κατ’
3221 908 3387 960 αὐτῶν
3441 905 3617 966 δήπου
3675 910 3869 984 ῥίπτει

2240 1003 2339 1046 τῶν
2373 995 2660 1070 ῥευμάτων.
2697 1001 2798 1049 Καὶ
2859 1000 2911 1048 τί
2965 1001 3038 1068 μὴ
3089 997 3203 1068 μεθ’
3246 997 3314 1048 ὧν
3376 999 3612 1071 ἥμαρτον
3673 1003 3863 1072 σωμά-

2239 1103 2360 1151 των,
2384 1085 2515 1156 μετὰ
2566 1087 2760 1137 τούτων
2814 1085 2906 1136 καὶ
2955 1084 3165 1146 κολάζει
3216 1088 3284 1147 ὡς
3335 1091 3426 1138 καὶ
3470 1089 3602 1159 μετά
3657 1091 3860 1140 τούτων

2243 1175 2384 1234 ὄντος
2405 1180 2496 1224 τοῦ
2518 1175 2749 1245 πάσχειν
2779 1173 2956 1244 αύτάς,
3011 1173 3139 1226 ἀλλά
3165 1173 3313 1227 ταῦτ’
3379 1178 3526 1248 ἀφεὶς
3589 1174 3670 1228 ἐπ’
3725 1177 3850 1230 ἐκεί-

2241 1281 2337 1312 νων
2367 1265 2532 1334 μόνων
2573 1264 2594 1297 ³
2642 1266 2904 1336 κέχρηται
2958 1259 3075 1324 ταῖς
3133 1270 3335 1326 ποιναῖς
3367 1269 3469 1317 Καὶ
3537 1269 3612 1338 μὴ
3667 1265 3757 1317 οὐκ
3794 1266 3841 1318 ἐν

2245 1345 2369 1423 δίκῃ
2399 1351 2420 1385 ³
2451 1355 2602 1422 μόνον
2633 1353 2792 1423 ὀρθῶς
2823 1351 3022 1425 ἐχούσῃ
3078 1355 3136 1404 τό
3186 1359 3308 1420 πᾶν,
3353 1353 3464 1405 ἀλλ’
3516 1351 3630 1412 ἤδη
3670 1360 3761 1406 καὶ
3789 1357 3856 1406 τόι

2244 1444 2315 1512 μὴ
2356 1444 2620 1511 πεφυκότα
2660 1439 2975 1493 κεκολάσθάι
3021 1437 3172 1493 τόνδε
3227 1445 3313 1495 τόν
3357 1445 3548 1517 τρόπον
3607 1440 3865 1516 βιάζεται

2243 1528 2500 1589 κολάζειν.
2557 1533 2661 1581 Καί
2709 1547 2770 1600 γε
2819 1528 2984 1591 αὐτῆς
3028 1535 3312 1605 παροιμίας
3351 1531 3429 1583 ἐπ’
3481 1529 3766 1586 ἀδυνάτων
3796 1533 3870 1584 λί-

2251 1619 2369 1679 θους
2397 1616 2535 1688 ἕψειν
2559 1617 2674 1688 (4-2)
2704 1617 2981 1687 λεγούσης,
3015 1618 3228 1671 Πλάτων
3267 1621 3393 1691 ἡμῖν
3427 1623 3522 1683 τὰς
3559 1620 3756 1693 ψυχὰς
3819 1620 3871 1672 ἓν

2252 1705 2722 1779 Πυριφλεγέθουσιν
2743 1705 2874 1776 ἕψει.
2926 1714 3036 1780 Πῦρ
3093 1710 3183 1780 μὲν
3225 1710 3327 1782 γὰρ
3397 1714 3487 1761 καὶ
3543 1708 3750 1782 βίαιον,
3780 1715 3877 1762 καὶ

480 1799 575 1854 ἱΙω
604 1812 742 1870 qua
799 1812 906 1870 per
955 1813 1198 1853 sensum
1226 1801 1282 1852 et
1330 1813 1402 1852 ex
1446 1814 1630 1852 sensu
1669 1801 2007 1862 occurrunt,
2040 1811 2142 1851 ne-

2257 1798 2437 1868 πικρόν
2490 1793 2543 1846 ὃν
2601 1797 2740 1856 ὅπως
2809 1792 3007 1852 δήποτε
3061 1792 3226 1870 ὕδωρ,
3265 1801 3355 1849 καὶ
3404 1799 3461 1848 αἶ
3514 1817 3567 1850 τι
3628 1805 3879 1850 τοιοῦτον

482 1904 601 1960 que
627 1888 846 1943 horum
893 1887 1071 1942 unius
1123 1891 1380 1954 tantum,
1431 1902 1626 1960 neque
1676 1886 1896 1942 anima-3
1945 1900 2144 1958 neque

482 1976 751 2048 corporis
817 1975 1024 2030 solius.
1072 1979 1152 2030 Ac
1177 1991 1322 2031 sane
1365 1975 1619 2048 quidem.
1659 1975 1832 2030 bonis
1859 1991 1929 2030 ac
1963 1975 2144 2029 etiam

483 2065 726 2136 optimis
754 2063 870 2119 frui
893 2063 1170 2119 homines
1209 2064 1402 2120 bonos
1442 2070 1621 2136 atque
1644 2064 1724 2120 ita
1749 2062 2148 2135 praesentibus

483 2152 787 2218 hberatos,
821 2167 892 2207 ac
930 2151 1292 2223 supplicium
1318 2153 1478 2223 juste
1507 2152 1819 2224 improbos
1861 2151 2149 2207 invadere

485 2257 612 2298 non
633 2246 868 2296 tantum
899 2241 1095 2312 vobis,
1118 2241 1223 2296 sed
1252 2242 1430 2297 etiam
1453 2240 1631 2296 nobis
1661 2242 1873 2314 placet,
1907 2246 1964 2295 et
1986 2239 2150 2296 nullo

484 2331 672 2387 modo
692 2329 756 2386 id
770 2345 1086 2401 negamus.
1107 2330 1203 2385 Sic
1222 2330 1385 2385 enim
1400 2346 1461 2386 se
1487 2330 1690 2393 habet,
1710 2329 2008 2402 siquidem
2030 2329 2151 2384 vita

487 2424 694 2475 nostra
722 2419 784 2474 in
804 2419 961 2474 duas
1014 2421 1216 2490 partes
1260 2419 1454 2473 divisa
1484 2423 1591 2488 est,
1614 2419 1863 2474 alteram
1902 2412 2150 2490 quidem

487 2523 560 2563 ex
579 2523 704 2580 quo
754 2507 880 2564 nati
937 2523 1147 2562 sumus
1195 2523 1388 2579 usque
1435 2507 1512 2563 ad
1563 2512 1846 2577 mortem,
1902 2505 2148 2562 alteram

486 2611 652 2667 vero,
677 2611 752 2652 ex
800 2599 989 2652 morte
1042 2596 1218 2652 nobis
1262 2596 1715 2666 resurgentibus
1765 2612 1835 2652 ac
1867 2595 2151 2666 deinceps

484 2685 1070 2758 incorruptibilibus.
1106 2689 1233 2741 Non
1265 2685 1425 2742 enim
1454 2701 1661 2741 rursus
1701 2685 2014 2752 morimur,
2042 2682 2151 2738 sed

486 2778 797 2831 mutamus
819 2775 977 2830 hanc
999 2774 1446 2847 corruptibilem
1463 2775 1649 2830 vitam
1665 2789 1778 2846 pro
1797 2773 1919 2829 vita
1943 2786 2154 2846 perpe-

486 2868 592 2919 tuo
624 2870 923 2920 manente.
977 2866 1044 2919 Et
1069 2864 1252 2919 sinos
1308 2863 1499 2919 malos
1529 2869 1586 2918 et
1635 2862 1948 2936 improbos
1995 2877 2150 2934 prai-

487 2951 641 3007 senti
659 2955 931 3023 tempore
955 2952 1424 3023 praestiterimus,
1465 2951 1626 3007 mala
1661 2958 1716 3007 et
1741 2967 1852 3007 nos
1881 2950 1998 3005 illic
2028 2965 2152 3006 ma-

486 3044 633 3096 nent
655 3041 716 3096 in
746 3041 868 3097 vita
884 3056 1202 3114 nunquam
1223 3041 1404 3096 ﬁnem
1435 3040 1720 3096 habitura
1752 3057 1764 3106 ;
1800 3039 1848 3096 si
1876 3053 2020 3094 vero
2038 3037 2150 3093 bo-

485 3145 601 3185 nos
632 3145 704 3186 ac
725 3135 932 3200 rectos,
967 3131 1216 3187 meliora
1249 3135 1342 3197 ;et
1366 3129 1891 3202 quemadmodum
1922 3127 2151 3183 delicia

487 3233 656 3289 puras
683 3233 754 3275 ac
818 3234 1134 3290 nunquam
1185 3223 1508 3274 cessaturae
1565 3221 1758 3285 erunt,
1814 3217 1896 3272 ita
1929 3231 2073 3271 sane
2097 3221 2154 3270 et

485 3321 672 3378 paena
716 3307 878 3363 idem
917 3313 1151 3379 tempus
1205 3307 1465 3371 durabit,
1531 3307 1800 3362 animam
1859 3303 2040 3359 simul
2098 3307 2156 3358 et

487 3408 709 3466 corpus
739 3395 1055 3463 invadens,
1079 3411 1298 3467 corpus
1328 3410 1470 3450 vero
1509 3394 1656 3450 illud
1678 3393 1843 3465 quod
1874 3391 2154 3464 improbe

486 3483 654 3551 vixit,
683 3487 740 3539 et
788 3483 1083 3555 improba
1129 3483 1268 3539 huic
1317 3484 1535 3540 animae.
1583 3482 1806 3551 serviit,
1860 3498 2000 3538 cum
2031 3495 2156 3537 non

482 3570 716 3641 justum
743 3572 1032 3634 sit,altero
1061 3572 1290 3629 malum
1322 3576 1722 3645 perpetrante,
1759 3570 2012 3627 alterum
2046 3587 2156 3642 pro

488 3661 590 3718 illo
614 3677 826 3734 poenas
839 3667 1088 3735 perpeti,
1105 3667 1162 3718 et
1175 3661 1324 3718 foret
1337 3661 1857 3734 quemadmodum
1873 3661 1941 3726 si,
1963 3659 2157 3716 Plato-

485 3768 562 3808 ne
603 3752 867 3823 peccatis
918 3752 1166 3818 fmdato,
1200 3752 1516 3824 puniretur
1555 3750 1818 3806 Plotinus
1863 3755 1970 3805 aut
2007 3749 2159 3804 alius

488 3841 740 3914 quidam
805 3858 1015 3899 eorum
1061 3843 1166 3915 qui
1223 3843 1471 3898 minime
1527 3841 1779 3898 crimina
1811 3840 2162 3896 commisiss-

490 3934 638 3986 sent.
689 3937 772 3989 Ac
809 3931 994 4000 igitur
1047 3948 1166 3987 nos
1215 3947 1286 3988 ex
1315 3931 1596 3988 antithesi
1645 3930 1775 3985 haec
1797 3935 2007 3984 contra
2033 3928 2154 3984 Pla-

489 4024 693 4076 tonem
723 4023 780 4075 et
824 4019 1117 4076 Plotinum
1166 4021 1269 4093 qui
1328 4025 1601 4075 nostram
1655 4019 1732 4074 de
1790 4033 1995 4074 anima
2057 4016 2165 4072 do'

490 4109 743 4165 ctrinam
791 4111 1156 4181 impugnant
1183 4109 1467 4174 diximus,
1513 4123 1590 4164 an
1627 4114 1828 4164 autem
1859 4111 2015 4162 recte
2037 4122 2160 4160 res-

2253 1885 2418 1956 ἓτερόν
2467 1883 2580 1936 ἐστι
2652 1883 2872 1944 κολάζον
2945 1886 2988 1953 ⁴,
3059 1883 3244 1957 ψυχῆς
3295 1889 3384 1958 μὲν
3430 1887 3524 1938 ούκ
3589 1889 3740 1940 ἔστιν
3803 1888 3880 1961 ἐφ’

2256 1972 2445 2034 ἑαυτῆς
2501 1971 2523 2008 ⁵
2585 1977 2747 2045 μόνης
2793 1972 2960 2036 οὔσης
3009 1970 3258 2046 ούδαμῶς
3309 1975 3601 2047 ἐφικέσθαι,
3664 1982 3882 2050 σώματι

2259 2061 2320 2116 δέ
2338 2066 2585 2134 μιγείσης
2627 2066 2717 2114 καὶ
2777 2071 2838 2135 τῇ
2902 2065 3034 2135 μετά
3079 2067 3264 2116 τούτου
3329 2064 3601 2132 αἰσθήσει,
3687 2072 3800 2118 πᾶν
3847 2068 3877 2118 ὅ

2260 2148 2328 2210 δὴ
2361 2153 2494 2203 κατά
2517 2153 2730 2216 τούτων,
2762 2156 2851 2203 καὶ
2871 2151 2984 2203 κατ’
3033 2152 3198 2214 αύτῆς
3249 2151 3362 2205 ἔστι
3417 2149 3556 2225 δρῶν
3616 2162 3684 2227 τῇ
3745 2160 3878 2227 μετά

2259 2242 2452 2292 τούτων
2508 2238 2791 2312 ἀνακράσει
2857 2245 3292 2313 συμπασχούσης
3361 2245 3450 2294 καὶ
3520 2249 3836 2316 συμπεφυάξι
3863 2267 3877 2278 ·

2259 2330 2401 2380 καὶὸ
2441 2325 2507 2387 δὴ
2571 2333 2818 2403 πρότερον
2875 2330 2970 2381 ούκ
3027 2328 3086 2381 ἂν
3138 2333 3295 2383 ἔπαθε
3345 2330 3500 2403 ψυχὴ
3555 2337 3732 2404 χωρὶς
3783 2341 3880 2386 τοῦ

2262 2420 2504 2489 σώματος
2554 2417 2820 2489 γενομένη,
2885 2428 3031 2485 τουτ,
3103 2415 3209 2477 ἤδη
3251 2420 3360 2493 μετ’
3420 2420 3580 2472 αὐτοῦ
3631 2426 3882 2474 πείσεται

2259 2510 2526 2579 γενομένη,
2559 2507 2646 2559 εἶτ’
2689 2507 2803 2558 ἔστι
2845 2507 2868 2542 ⁸
2908 2515 3008 2558 τῶν
3061 2503 3252 2577 ἡδέων,
3313 2509 3406 2561 εἴτ’
3463 2511 3578 2562 ἔστι
3632 2519 3729 2562 τῶν
3787 2511 3881 2562 ἀλ-

2258 2605 2439 2668 γεινῶν
2473 2618 2486 2630 ·
2512 2595 2620 2648 ἐπεὶ
2653 2601 2742 2647 καὶ
2773 2591 2962 2653 ἡδοναὶ
2986 2601 3076 2648 καὶ
3113 2595 3276 2650 λύπαι
3323 2605 3416 2650 τοῦ
3472 2605 3878 2673 συναμφοτέρου

2259 2689 2348 2737 καὶ
2395 2684 2607 2757 μάλισθ’
2674 2686 2797 2736 ὅσαι
2843 2685 2957 2738 κατ’
3016 2687 3266 2744 αἴσθησιν
3318 2691 3409 2739 καὶ
3457 2686 3512 2750 ἐξ
3565 2689 3879 2751 αἰσθήσεως

2262 2773 2579 2845 ἀπαντῶσιν,
2660 2779 2748 2825 καὶ
2816 2773 2921 2845 ούχ
3001 2773 3110 2837 ἑνός
3171 2771 3430 2832 δήπουθεν
3483 2779 3703 2844 τούτων,
3755 2778 3875 2830 οὔτε

2260 2863 2448 2935 ψυχῆς
2478 2867 2638 2935 μόνης
2667 2865 2776 2914 οὔτ’
2814 2859 2879 2914 αὖ
2913 2871 3174 2936 σώματος.
3211 2869 3313 2917 Καὶ
3353 2869 3456 2937 μὴν
3505 2866 3588 2918 ὅτι
3617 2870 3706 2938 μὲν
3739 2865 3863 2938 ἀγα-

2265 2954 2362 3004 θῶν
2415 2957 2505 3004 καὶ
2548 2954 2683 3003 πάνυ
2740 2971 2792 3002 τι
2841 2953 2860 2986 ’⁷
2910 2950 3119 3023 ἀγαθῶν
3191 2952 3495 3027 ἀνθρώπους
3547 2956 3691 3006 ἔστιν
3734 2953 3874 3006 ἀπο-

2261 3041 2456 3093 λαῦσαι
2484 3043 2761 3114 χρηστούς
2787 3059 2848 3112 γε
2894 3041 3065 3111 ὄντας,
3123 3046 3214 3093 καὶ
3270 3042 3405 3094 οὕτω
3450 3051 3552 3094 τῶν
3601 3049 3881 3118 παρόντων

2263 3128 2668 3200 ἀπαλλαγέντας,
2749 3133 2839 3181 καὶ
2921 3128 3136 3192 κόλασις
3202 3132 3342 3182 ἔστιν
3409 3131 3476 3182 αὖ
3515 3127 3736 3194 ἔνδικω,
3780 3153 3880 3206 με-

2260 3225 2450 3270 τιοῦσα
2496 3222 2618 3279 τοὺς
2678 3218 2958 3291 πονηρούς,
3028 3219 3134 3290 ούχ
3181 3220 3304 3292 ὑμῖν
3368 3224 3544 3292 μόνον,
3600 3220 3734 3272 ἀλλὰ
3791 3228 3876 3275 καὶ

2261 3309 2389 3378 ἡμῖν
2437 3303 2708 3374 δέδοκται,
2758 3311 2848 3358 καὶ
2889 3303 3138 3360 οὐδέποτε
3187 3308 3245 3360 ού
3295 3312 3384 3380 μεν
3429 3309 3518 3360 ούν
3565 3309 3588 3343 ⁸
3627 3308 3881 3382 ἀνομολο-

2261 3402 2450 3466 γοῦμεν
2482 3395 2643 3452 αὐτὴν
2696 3415 2709 3428 ο
2768 3400 2855 3447 καὶ
2908 3399 3010 3471 γὰρ
3060 3395 3222 3459 οὕτως
3280 3399 3394 3469 ἔχει
3446 3405 3538 3451 τοῦ
3597 3399 3697 3470 ζῇν
3737 3402 3882 3472 ἡμᾶς

2264 3489 2354 3536 καὶ
2385 3482 2534 3556 βιοῦν
2560 3483 2634 3545 εἰς
2695 3480 2791 3536 δύο
2837 3481 3179 3559 διῃρημένου,
3220 3494 3312 3538 τοῦ
3371 3489 3461 3559 μεν
3508 3487 3562 3551 ἐξ
3617 3490 3742 3540 ὅτου
3786 3496 3884 3542 καὶ

2263 3579 2542 3644 γεγόναμεν
2569 3575 2734 3646 μεχρι
2772 3573 2932 3625 αὐτοῦ
2955 3583 3048 3626 του
3082 3577 3339 3642 τεθνάναι,
3404 3583 3497 3629 τοῦ
3552 3574 3605 3630 δ’
3655 3575 3813 3640 αὖθις
3835 3583 3883 3634 9.

2269 3661 2344 3714 Ού
2383 3663 2484 3736 γὰρ
2547 3663 2592 3696 ¹⁰
2638 3659 3033 3731 ἀποθνήσκομεν
3080 3661 3252 3731 αὖθις,
3309 3664 3766 3738 ἀνταλλαντόμεθα
3793 3672 3887 3720 τὸν

2268 3751 2508 3821 φθίνοντα
2561 3745 2712 3801 τόνδε
2761 3748 2877 3822 βίον
2960 3759 3051 3803 τοῦ
3102 3750 3178 3803 ἀεὶ
3244 3751 3547 3814 ἑστηκότος.
3609 3761 3740 3807 Καὶ·
3773 3760 3888 3826 εἴγε

2269 3837 2490 3910 φαύλους
2530 3837 2566 3872 ¹¹
2626 3841 2761 3910 ἡμᾶς
2815 3840 3099 3914 παρέξομεν
3153 3839 3200 3891 ἐν
3253 3848 3326 3911 τῷ
3368 3847 3585 3915 παρόντι
3637 3849 3732 3897 καὶ
3791 3865 3892 3896 ποι

2268 3931 2458 4001 νηροὺς
2497 3929 2564 3994 ¹²,
2615 3930 2817 4002 πονηρὰ
2862 3927 3011 3982 κάκεῖ
3069 3926 3437 4002 μετ-αδέχετοιι,
3491 3937 3582 3984 καὶ
3618 3938 3760 4006 μένει
3811 3945 3891 4006 τῷ

2273 4014 2375 4088 βίῳ
2440 4013 2705 4088 μηδέποτε
2784 4020 3079 4090 παυὸμένῳ,
3147 4018 3237 4071 εἶτ’
3284 4018 3525 4092 ἀμείνους
3579 4027 3672 4075 καὶ
3739 4044 3889 4100 χρη-

2273 4109 2448 4176 στοὺς,
2493 4108 2701 4178 ἀμείνω,
2759 4111 2849 4159 καὶ
2900 4109 3037 4160 καθὰ
3063 4105 3153 4172 JH
3213 4112 3273 4160 τό
3321 4116 3518 4183 τρυφᾴν
3571 4113 3702 4184 ἡμῖν
3758 4113 3882 4170 ἀκή-

1859 4228 2086 4296 Variaa
2134 4227 2484 4298 lectiones.

1573 4348 1620 4382 9⁸
1685 4345 1922 4417 ἀφίκτοις

1703 4415 1736 4449 ⁸⁷
1754 4415 1991 4474 κολάζειν

565 4347 613 4384 ⁸⁸
676 4343 938 4421 δήπουθεν
1001 4347 1510 4421 ἅλομένωνμγὶῠόιΔ
1573 4348 1620 4421 9_°
1685 4345 1922 4421 ἀφίκτοις
2010 4345 2140 4421 νει.

495 4423 697 4492 ξμὸνον
734 4420 863 4476 Vat.
943 4421 966 4454 ³
992 4415 1215 4492 νκᾳιάὐκ
1246 4415 1416 4477 Mam
1449 4417 1620 4492 Vipd.

2235 4337 2541 4393 mendose.

2059 4414 2184 4466 Vat.

2621 4338 2638 4372 ¹
2711 4333 2778 4396 δή
2835 4357 3000 4407 τινας,
3057 4343 3148 4391 καὶ
3193 4339 3505 4446 μητρολοίας
3551 4340 3697 4397 add.
3751 4345 3885 4400 Vat.

2621 4413 2674 4446 of
2774 4411 2795 4443 6
2852 4412 2949 4446 ,ῖς-ε
2999 4429 3046 4446 φ.
3107 4413 3208 4446 ναι
3383 4414 3518 4446 ηις...
3553 4431 3634 4446 η.
3700 4415 3857 4446 mm;

2266 4408 2288 4441 ⁵
2337 4410 2502 4469 αὐτῆς
2571 4410 2694 4465 Vat.
2774 4411 2795 4443 θ
2850 4412 2949 4462 εἴτε
2999 4429 3049 4461 τι
3107 4408 3229 4466 Vat.
3301 4408 3325 4446 ’ί
3383 4414 3518 4464 πάνυ
3553 4431 3638 4464 τοι
3700 4415 3884 4472 Vind.

493 4477 880 4562 ’ἆταυρομένην
927 4491 1097 4547 addit
1143 4494 1263 4546 Vat.
1343 4493 1364 4524 θ
1417 4487 1573 4562 adde
1630 4502 1708 4562 ex
1750 4489 1873 4540 Vat.
1915 4482 1989 4562 ﬁn
2042 4485 2145 4534 τεθι

2257 4498 2332 4529 ·ων
2385 4481 2530 4551 ἡμῶν
2593 4477 3052 4552 ἀναϐιωσκομένων
3127 4485 3216 4534 καὶ
3255 4484 3454 4541 ἣκιστα
3503 4485 3882 4558 φθειρομένων,

498 4561 544 4596 ¹⁰
573 4558 698 4614 ούδε
720 4558 819 4633 γὰρ
852 4563 976 4618 Vat.
1055 4565 1094 4598 ¹¹
1124 4562 1345 4632 γαύλους
1365 4579 1422 4631 γε
1461 4561 1587 4614 Vat.

1667 4558 1712 4592 ¹²
1737 4576 1788 4610 κ.
1816 4575 1874 4608 π.
1907 4553 1954 4606 ἐν
1994 4562 2068 4625 τῷ
2094 4557 2333 4628 παρόντι.

2052 4678 2108 4745 Ν
2133 4688 2286 4745 otaa.

567 4801 680 4872 (41)
717 4801 976 4859 Fatalem
998 4794 1812 4872 necessitatemvinculorum
1833 4795 2148 4872 metapho-
2183 4771 2227 4826 θ
2263 4792 2366 4848 ubi
2383 4795 2619 4872 ςπιίρων
2641 4807 2772 4872 non.
2805 4797 3146 4872 agnoscunt
3183 4807 3396 4872 omnes
3433 4792 3591 4849 libri.
3633 4793 3889 4872 Illudlci;

494 4864 854 4930 ra'de'clarat
877 4873 1227 4939 Nathanael,
1258 4877 1316 4925 et
1351 4866 1534 4932 ἐνδεῖν,
1587 4864 1790 4927 ἔνδεσις
1816 4864 2150 4938 similiaque

539 4945 732 5016 roprie
777 4952 1142 5016 usurpantur
1203 4940 1948 5016 de‘fatonecessitateqpe:
2008 4939 2150 5016 Hinc

539 4959 732 5015 roprle
777 4958 1142 5016 usurpantur
1203 4958 1276 4996 ue
1307 4958 1430 4995 talo
1460 4958 1948 5009 necessuareque.
2008 4958 2113 4994 mn

492 4958 831 5072 Berodotus
910 5031 988 5084 ιι,
1022 5083 1027 5084 γ
1090 5017 1154 5068 i6
1234 5012 1401 5084 dicit
1426 5009 1681 5084 ἀναγκαίη
1792 5005 2114 5081 ἐνδεδεμένοι

498 5087 692 5150 Quam
714 5087 774 5142 in
797 5102 929 5157 rem
974 5082 1151 5157 plura
1199 5082 1408 5157 monui
1457 5082 1534 5157 in_
1575 5082 1854 5157 Dionyse,
1906 5096 2048 5153 pag.
2080 5084 2146 5157 7Q

497 5173 652 5228 seq.,
705 5156 809 5211 ubi
846 5152 1022 5228 etiam
1091 5153 1401 5228 Gatackeri
1441 5152 2028 5208 animadversionem
2069 5152 2148 5208 ad

498 5226 672 5282 Marc.
703 5227 981 5281 Antoniu.
1021 5241 1078 5290 x,
1111 5229 1179 5280 28
1207 5226 1478 5281 excitavi.

569 5297 684 5376 (42.)
698 5297 902 5376 ‘Videri
919 5297 1105 5376 ppssit
1126 5295 1453 5376 Nathanael
1474 5303 1609 5376 ante
1625 5294 1842 5376 oculos
1860 5293 2147 5376 habuisse

497 5366 1106 5439 AristidemquiOrat.
1168 5385 1286 5422 sec.
1335 5366 2145 5439 Plat.p.230.lebb.eumdcm

499 5437 825 5510 Platonem,
849 5437 950 5510 Qui
976 5441 1195 5495 frustra
1225 5437 1553 5510 cinendare
1575 5438 1902 5510 studius-set
1937 5439 2148 5507 Diony-

500 5508 664 5581 sium
709 5505 1053 5580 tyrannum,
1077 5513 1156 5566 ita
1206 5511 1395 5581 carpit
1428 5527 1440 5564 :
1494 5509 1659 5581 ἐλελὴ
1673 5510 1774 5567 ea;
1803 5505 1861 5559 δὲ
1891 5509 1994 5581 ἄρα
2019 5505 2148 5564 σαυτ

497 5583 586 5655 τόν
643 5578 874 5644 άπάσαις
937 5590 1051 5642 ταῖς
1105 5578 1428 5655 ,παροιμίαις
1518 5579 1836 5655 ἐνεχόμενος,
1905 5580 1972 5639 εἰς
2044 5586 2146 5653 πῦρ

497 5649 682 5721 ξαινων
732 5658 824 5709 καὶ
884 5655 1034 5724 γὶθον
1095 5649 1287 5724 ἕψων,
1324 5657 1414 5705 καὶ
1482 5649 1704 5723 σπειρῶν
1783 5651 1878 5711 τὰς
1936 5649 2147 5722 πέτρας,

2262 4872 2366 4934 πῦρ
2381 4863 2567 4926 ξαίνειν
2587 4864 2644 4917 in
2665 4863 2808 4934 ipsis
2835 4868 3212 4919 mortuorum
3235 4864 3430 4934 poenis
3461 4871 3748 4920 numerat
3779 4868 3891 4921 Ba-

2265 4915 2431 4990 silius
2475 4915 3892 5007 Μδέῆξᾛὲίζῖάένὶᾶτξᾇῇιιῖιῖιῖὸῇίῖἶῖῗῐεῐῧ.

2265 5009 2440 5078 Garn.
2468 5037 2539 5045 —
2566 5013 2677 5078 Τῶν
2706 5005 2752 5056 ἐν
2783 5003 2919 5076 ᾅδου
2957 5006 3313 5078 κολαζομένων
3366 5003 3517 5058 οὐδὲν
3576 5003 3894 5077 πάσχοντες

2265 5076 2608 5151 ἀνεκτότερον,
2652 5077 2881 5151 ἀτεχνῶς
2931 5077 3024 5151 εἰςΔ
3058 5076 3162 5148 πύρ
3221 5077 3490 5144 ξαίνοντες,
3553 5081 3645 5130 καὶ
3693 5076 3897 5130 κοσκί-

2262 5170 2330 5221 νῳ
2367 5145 2600 5223 φέροντες
2628 5145 2792 5223 ὕδωρ.
2823 5169 2873 5202 κ.
2909 5167 2957 5205 τ.
3012 5147 3083 5223 λ.-
3109 5145 3258 5223 ιῙυεε
3301 5148 3588 5223 componi
3625 5155 3896 5223 possunt

2263 5203 2682 5276 cum‘l’lato'nis
2722 5203 2900 5289 Gorg.
2948 5203 3018 5291 Vp.
3062 5203 3165 5274 {5‘9
3221 5203 3683 5291 Heind.'quue
3744 5203 3894 5291 ipso

2263 5292 2583 5361 adagioest
2622 5308 2764 5346 usus
2783 5292 2944 5346 Plato
2961 5289 3151 5361 Legg.
3186 5307 3236 5344 Vl
3271 5289 3408 5344 Vid.
3448 5289 3645 5346 Schol.
3678 5289 3898 5346 Ruhn-

2261 5362 2398 5417 ken.
2435 5379 2492 5434 p.
2518 5366 2639 5416 227.
2671 5367 2958 5418 Caeterum
2983 5362 3222 5434 alterius
3250 5363 3370 5416 vim
3399 5361 3701 5434 proverbii
3722 5363 3889 5430 lapi~

2261 5436 2391 5490 dem
2424 5432 2652 5491 éli'rare
2677 5435 2812 5504 ipse
2844 5437 3049 5489 Nester
3081 5432 3418 5504 explicant."
3438 5432 3611 5487 Plura
3650 5435 3757 5503 qui
3787 5449 3891 5488 ve-

2260 5505 2343 5560 lit.
2375 5505 2424 5560 is
2450 5505 3047 5560 consulatlirasmum
3075 5505 3314 5574 Adagg.
3346 5519 3402 5574 p.
3426 5505 3714 5574 292.732l,
3751 5508 3886 5571 337,

2262 5582 2320 5632 et
2353 5579 2693 5647 Fiscnerum
2714 5576 2793 5632 ad
2808 5577 3074 5632 IEschin.
3129 5573 3418 5647 Eryﬁrﬁp.
3453 5578 3522 5630 99
3561 5573 3624 5630 in
3684 5574 3885 5631 indic.

2265 5647 2415 5704 ibid.
2445 5646 2654 5704 laudd.
