4130 6412
241 322 373 400 itu

1317 312 1548 377 SERMO
1568 312 1702 371 CON
1711 305 2147 378 SOLATORIUS
2165 304 2261 370 AD
2279 312 2537 376 FILIAM.

3483 309 3618 370 1442

233 450 312 505 λει
335 445 402 508 δὴ
445 449 536 498 καὶ
592 449 846 517 καταργεῖ
917 444 1033 497 τότε
1079 444 1172 507 τὰς
1216 446 1441 517 ματαίας
1499 437 1690 514 βουλὰς
1721 479 1724 482 .
1754 436 1844 488 καί
1873 468 1884 488 Α

1999 438 2162 494 ostra
2186 439 2455 508 consilia,
2477 441 2536 496 et
2563 435 2824 494 custodit
2851 439 2908 494 te
2932 439 2991 494 et
3040 439 3236 493 servat
3284 439 3342 492 et
3382 435 3614 503 liberat,

242 532 487 598 σπουδὰς
547 535 716 607 ἡμῶν,
775 537 867 586 καὶ
940 532 1306 608 περιφυλάττει
1393 550 1484 584 και
1562 525 1848 602 περισώζει

240 631 334 681 καὶ
375 625 652 698 ἐξαιρεῖταί
681 641 739 675 σε
764 630 855 674 τοῦ
894 621 1127 695 ὀλεθρίου
1163 621 1357 675 ἐκείνου
1428 625 1616 676 κακοῦ.
1672 615 1850 688 Ἡμεῖς

245 713 319 783 δ’,
361 716 484 790 ὅπερ
543 713 749 785 ἔφημεν,
805 707 973 784 μηδεν
1025 708 1223 774 εἰδότες
1278 719 1375 774 τῆς
1435 716 1526 764 τοῦ
1583 706 1850 780 εὐεργέτου

244 811 380 859 Θεοῦ
430 805 676 880 προνοίας
738 804 828 854 κα)⁵
884 808 976 862 τῆς
1027 805 1158 878 πρὸς
1213 805 1272 854 τό
1329 808 1557 877 κρεῖττον
1636 791 1852 869 ἐμϐιϐάο

251 913 376 956 σεως
453 900 620 966 σοφῆς
717 891 1036 965 οἰκονομίας,
1112 891 1469 966 ἡσχάλλομεν,
1567 893 1851 966 ἠνιώμεθα,

249 984 604 1057 ἀπελεγόμεθα
629 986 722 1041 τὴν
778 981 939 1052 ζωὴν,
978 984 1046 1044 ὡς
1111 982 1336 1056 μέγάλου
1413 979 1482 1042 δὴ
1543 1002 1681 1046 τινος
1735 981 1852 1038 δια-

248 1079 531 1152 μαρτόντες
601 1070 758 1125 καλοῦ
806 1073 1100 1124 τούναντίον
1157 1069 1241 1126 ἐπὶ
1297 1080 1393 1136 τῆς
1442 1070 1686 1138 ἀληθείας
1765 1078 1856 1128 ὅν-

247 1167 356 1234 τὸς,
402 1162 498 1214 κάν
537 1163 688 1234 ἡμεῖς
725 1161 1026 1233 ἠγνοοῦμεν.

325 1257 426 1306 Καὶ
480 1250 612 1323 λέγω
675 1247 743 1310 δή
801 1244 972 1303 ταῦτα
1021 1255 1112 1303 καὶ
1164 1249 1390 1304 ἁνακινῶ
1453 1255 1578 1326 πρὸς
1623 1258 1855 1328 μνήμην,

249 1345 321 1406 ὡς
349 1346 410 1395 ἀν
436 1338 505 1400 δὴ
547 1345 637 1393 καὶ
673 1344 768 1400 τὴν
809 1344 907 1400 σὴν
937 1338 986 1392 έν
1024 1339 1223 1414 γαλήνη
1276 1348 1599 1402 καταστήσω
1646 1344 1856 1417 ψυχὴν,

250 1432 624 1503 ἁνενεγκοῦσαν
677 1429 730 1482 ἐκ
793 1437 885 1482 τοῦ
951 1429 1179 1504 μεγάλου
1257 1429 1520 1496 κλύδωνος
1599 1439 1690 1488 καὶ
1765 1443 1861 1499 τῆς

252 1520 444 1582 πολλῆς
516 1527 760 1594 ταραχῆς
826 1526 928 1570 τῶν
1005 1516 1384 1580 έπικλυζόντων
1426 1530 1638 1592 συχνῶν
1688 1526 1860 1598 κυμά-

252 1629 374 1678 των,
426 1613 516 1662 καὶ
582 1605 906 1680 βυθιξόντων
972 1609 1170 1665 ¹ναύτην
1217 1617 1417 1683 πικρῶν
1477 1610 1742 1684 λογισμῶν
1792 1616 1860 1678 ὥς

258 1701 332 1760 εἱς
361 1697 634 1758 θαλάσσης
672 1694 857 1770 βάθος,
903 1695 970 1756 εἰς
1023 1694 1188 1769 βυθὸν
1245 1693 1457 1767 ὀδύνης,
1509 1698 1558 1752 ἐν
1703 1709 1862 1764 κατή-

717 890 1036 965 οἰκονομίας,

1961 528 2018 580 et
2046 540 2083 582 a
2121 527 2281 584 malo
2307 527 2408 585 illo
2427 533 2485 585 te
2510 526 2699 600 eripit.
2734 528 2850 583 Nos
2877 541 3044 596 vero,
3081 529 3148 581 ut
3174 524 3317 594 dixi,
3338 523 3621 581 benevoli

1959 613 2064 670 [-‘ei
2103 617 2544 687 providentiam
2575 617 2831 688 ejusque
2879 615 3211 688 sapientem
3255 613 3336 670 ad
3392 611 3622 686 aliquid

1961 703 2174 760 melius
2196 706 2304 763 tibi
2331 709 2673 764 tendentem
2690 705 3057 762 voluntatem
3085 701 3623 776 ignorantes,dole-

1960 794 2204 866 bamus,
2237 797 2656 867 gemebamus,
2706 795 2892 852 vitam
2949 793 3394 866 rejiciebamus,
3445 789 3624 864 quasi

1964 901 2259 957 magnum
2282 885 2508 959 aliquid
2541 885 2772 942 bonum
2813 884 3255 953 amisissemus,
3278 882 3426 941 dum
3447 881 3625 955 plane

1966 975 2336 1032 contrarium
2369 975 2631 1033 eveniret
2658 974 2835 1033 nobis
2865 973 3290 1032 nescientibus.

2039 1245 2107 1302 Et
2127 1245 2258 1302 haec
2282 1243 2440 1310 dico,
2493 1248 2555 1303 et
2609 1243 2669 1302 in
2716 1241 3075 1303 memoriam
3102 1240 3348 1311 reduco,
3401 1244 3470 1301 ut
3517 1247 3632 1301 tnea

1968 1335 2186 1392 animae
2239 1334 2726 1407 tranquillitatem
2769 1334 3042 1403 reddam,
3099 1349 3358 1407 eamque
3404 1350 3477 1391 ex
3523 1334 3634 1391 hac

1968 1439 2196 1494 magna
2227 1427 2578 1496 tempestate
2606 1439 2677 1479 ac
2701 1439 2926 1494 magno
2946 1424 3300 1480 irruentium
3345 1429 3634 1496 perpetuo

1968 1512 2263 1569 ﬂuctuum
2295 1512 2557 1570 tumultu
2583 1513 2856 1586 eripiam,
2889 1517 2946 1570 et
2973 1529 3045 1570 ex
3071 1513 3293 1570 amaris
3316 1513 3479 1569 hisce
3505 1529 3636 1569 sen-

1971 1602 2140 1659 sibus
2165 1602 2271 1675 qui
2301 1617 2437 1658 eam
2467 1606 2758 1674 tanquam
2797 1602 2858 1658 in
2913 1601 3278 1674 profundum
3325 1618 3514 1671 mare,
3571 1601 3636 1659 in

1973 1691 2196 1747 doloris
2225 1706 2445 1763 nempe
2494 1691 2790 1763 abyssum
2824 1691 3202 1761 demergunt,
3243 1691 3306 1746 in
3354 1707 3539 1764 quam
3579 1693 3638 1748 et

258 1807 414 1861 γαγεν
466 1787 605 1860 ἡμᾶς
666 1788 719 1838 τό
778 1784 1092 1859 ὑπερϐάλλον
1141 1789 1352 1859 μέγεθος
1431 1797 1521 1852 τῆς
1601 1789 1862 1868 ἀφορήτου

1996 1796 2084 1836 lOS
2115 1779 2367 1836 deduxit
2395 1779 2750 1837 calamitatis
2777 1780 2959 1852 hujus
2988 1779 3379 1838 intolerandae
3408 1781 3634 1837 nimius

261 1880 460 1940 ταύτης
525 1881 817 1950 συμφορᾶς.
865 1879 966 1928 Καὶ
1033 1871 1145 1936 δέος
1211 1897 1413 1949 prima
1462 1880 1591 1953 ούχί
1628 1891 1727 1934 τῶν
1761 1903 1863 1937 σω-

265 1968 441 2041 μάτων
493 1970 777 2039 πνιγμονὴν
830 1967 1002 2038 μόνον,
1067 1964 1194 2018 ἀλλά
1257 1986 1347 2019 και
1407 1967 1575 2022 αύτῶν
1659 1971 1866 2048 ὄλεθρον

264 2058 624 2128 ύποσταίημεν
649 2063 749 2107 τῶν
803 2054 1018 2128 ψυχῶν.
1073 2052 1161 2107 ‘Iv’
1213 2051 1300 2108 ούν
1348 2060 1406 2110 τό
1459 2059 1590 2112 πολὺ
1646 2081 1736 2114 και
1780 2067 1867 2136 με·

265 2165 338 2219 γα
365 2153 524 2198 τοῦτο
555 2148 702 2217 νέφος
721 2164 811 2196 και
845 2149 940 2202 τὴν
1003 2142 1220 2217 βαθεῖαν
1282 2143 1470 2218 ἀχλὺν,
1530 2169 1620 2202 και
1687 2157 1870 2205 σκοτό-

269 2255 454 2308 μαιναν
484 2238 577 2294 τὴν
604 2231 657 2286 ἐκ
681 2233 774 2286 τού
813 2235 1011 2295 πάθους
1071 2233 1414 2306 ἐπιχυθείσαν
1463 2238 1610 2310 ἡμῖν,
1661 2238 1717 2292 ἐκ
1774 2250 1872 2304 τῆς

272 2333 370 2387 σῆς
433 2322 746 2396 ἀποτινάξης
791 2320 1040 2398 καρδίας,
1097 2343 1187 2376 και
1247 2320 1536 2399 διαϐλέψης
1613 2333 1742 2404 πρός
1813 2335 1871 2386 τό

267 2417 402 2488 μέγα
427 2412 651 2485 πέλαγος
688 2421 788 2464 τῶν
850 2412 1129 2486 οἰκτιρμῶν
1178 2420 1270 2466 τοῦ
1317 2416 1384 2466 τὰ
1430 2420 1567 2470 κατὰ
1624 2421 1682 2472 σὲ
1734 2420 1873 2474 οἰκο-

266 2511 546 2576 νομοῦντος
632 2521 997 2574 συμφερόντως
1073 2509 1314 2576 Σωτῆρος
1403 2512 1662 2580 Χριστοῦ,
1780 2506 1876 2564 διὰ

269 2600 426 2645 τοῦτο
455 2597 546 2644 καὶ
603 2595 723 2654 τοὺς
783 2595 1046 2664 παρόντας
1114 2599 1368 2665 ποιοῦμαι
1436 2593 1618 2667 λόγους
1663 2617 1751 2651 και
1809 2601 1878 2661 εἰς

274 2682 558 2753 ἑνθύμησιν
620 2681 734 2752 ἄγω
781 2700 870 2733 και
925 2686 1133 2754 μνὴμην
1190 2684 1257 2733 τὰ
1341 2683 1665 2757 προλαϐόντα
1746 2689 1875 2764 ύπὶρ

277 2771 450 2825 πάντα
471 2777 587 2822 νοῦν
609 2771 754 2842 ἡμῶν
780 2773 909 2846 πρός
931 2770 1226 2845 εὐεργεσίαν
1255 2777 1586 2846 γεγενημένα,

349 2857 654 2934 Προσϐἠναι
694 2855 754 2912 δέ
790 2879 880 2912 και
917 2867 1026 2921 τοῖς
1057 2859 1230 2932 ἑφεξῆς
1261 2858 1520 2935 βούλομαι
1547 2868 1638 2938 μὲν
1682 2886 1695 2901 ο
1740 2886 1877 2922 σπα-

278 2950 520 3024 ράττεται
581 2944 641 3001 δέ
689 2965 789 3022 μου
837 2969 928 3001 και
1005 2948 1258 3002 κλονεῑται
1310 2969 1400 3003 και
1505 2958 1881 3030 συντράττεται

281 3038 312 3096 ἠ
356 3033 571 3113 καρδία,
595 3056 686 3089 και
711 3036 770 3090 ού
798 3032 1026 3112 δύναμαι
1089 3043 1332 3112 κατέχειν
1390 3040 1568 3114 αύτὴν,
1613 3044 1666 3108 ές
1717 3045 1882 3120 βάθος

282 3125 447 3189 αὐτῆς
474 3127 883 3199 καθικνουμένης
946 3147 1036 3180 και
1095 3129 1274 3200 συχνὰ
1335 3133 1617 3196 κεντούσης
1683 3143 1778 3199 τῆς
1826 3137 1882 3191 ἐκ
1918 3151 1958 3207 C

280 3222 375 3268 τοῦ
404 3217 600 3277 πάθους
632 3211 802 3276 δεινῆς
829 3217 1104 3291 ῥομφαίας.
1141 3222 1242 3270 Καί
1270 3216 1364 3270 ούκ
1440 3217 1566 3275 οἶδα
1625 3228 1678 3277 τί
1749 3228 1882 3302 πρά-

280 3303 372 3373 ξω,
427 3312 520 3359 τοῦ
545 3307 636 3378 μὲν
662 3309 999 3378 προκειμένου
1073 3314 1272 3359 σκοποῦ
1310 3312 1436 3382 πρὸς
1482 3309 1666 3384 λόγους
1715 3315 1885 3369 ἕλκον-

276 3413 364 3456 τος
384 3393 759 3468 παρακλήσεως
824 3413 914 3447 και
961 3397 1320 3469 παραμυθίας,
1370 3406 1466 3461 τῆς
1516 3396 1576 3454 δὲ
1639 3423 1696 3476 γε
1751 3424 1884 3479 συμ-

277 3489 439 3556 φορᾶς
495 3482 684 3535 ἐκεῖθεν
739 3483 1090 3544 καθελκούσης
1133 3503 1224 3537 και
1271 3489 1398 3561 πρὸς
1493 3490 1711 3563 θρήνους
1795 3513 1885 3547 και

273 3573 506 3644 οἰμωγὰς
546 3569 778 3642 ἀγούσης
814 3592 904 3624 και
930 3569 1172 3647 δακρύων
1211 3576 1404 3645 πηγάς,

347 3659 417 3714 ⁴Ω
456 3659 595 3714 Ῐοῖον
623 3664 722 3735 γὰρ
757 3667 947 3724 σκότος
985 3665 1170 3738 πικρόν
1233 3668 1351 3724 τούς
1419 3663 1572 3738 ἐμούς
1635 3667 1888 3744 ἐκάλυψεν

285 3749 608 3823 ὀφθαλμούς,
651 3747 952 3823 δριμύσσον
988 3754 1058 3814 ὡς
1109 3750 1164 3804 ἐκ
1221 3761 1420 3806 καπνοῦ
1477 3759 1892 3834 τηγανιζομὶνης

282 3837 530 3914 καρδίας,
583 3859 673 3892 και
731 3840 878 3903 ὅλους
939 3839 1311 3914 ὶκδιαξόμενον
1359 3853 1580 3898 κενῶσαι
1627 3867 1716 3900 και
1764 3851 1893 3926 ῥυῆ-

285 3949 374 3982 ναι
411 3937 634 3988 ποιῆσαι
671 3928 794 3982 ἰοῖα
830 3931 1055 4002 ύπέμενα
1083 3950 1174 3984 και
1203 3927 1331 3984 ἰδεῖν
1381 3951 1467 3985 και
1518 3933 1765 4008 ἀκοῦσαι,
1869 3942 1896 3992 ό

249 4032 268 4038 ’·
289 4017 442 4079 τάλας
493 4015 592 4090 έγὼ
638 4015 650 4071 l
712 4019 824 4081 οἵας
873 4017 1116 4091 ἀγγελίας
1175 4025 1294 4094 περί
1340 4029 1455 4088 σοῦ,
1531 4025 1776 4103 θύγατερ,
1846 4031 1901 4095 έν

296 4106 559 4169 έστὼσαις
589 4103 842 4170 δέξασθαι
873 4113 1023 4181 φρεσί
1063 4108 1078 4164 Ι

372 4197 629 4250 Δέσποινά
675 4215 797 4269 μου,
852 4201 910 4250 τὸ
973 4206 1074 4270 φῶς
1129 4205 1228 4251 τῶν
1282 4197 1414 4272 ἐμῶν
1504 4200 1771 4277 ὀμμάτων,
1866 4208 1897 4268 ἡ

294 4285 600 4359 γλυκυτάτη
633 4285 775 4358 ὄψις,
805 4290 864 4339 τό
890 4285 1279 4360 ἐρασμιώτατον
1299 4289 1506 4360 κάλλος,
1562 4295 1592 4352 ἡ
1651 4299 1782 4368 μόνη
1851 4295 1901 4349 ἐν

296 4380 434 4428 πᾶσι
493 4380 599 4435 τοῖς
657 4378 779 4448 πρίν
824 4373 1188 4448 έπερχομένοις
1254 4379 1584 4453 σκυθρωποῖς
1664 4387 1903 4458 παρήγο-

1976 1885 2282 1926 excessus.
2313 1870 2514 1926 Timeo
2537 1869 2698 1926 enim
2719 1885 2794 1926 ne
2817 1874 3049 1926 tantum
3064 1885 3386 1942 corporum
3409 1875 3640 1928 nostro-

1975 1975 2110 2016 rum
2137 1963 2414 2028 mortem,
2440 1957 2548 2014 sed
2567 1963 2624 2015 et
2643 1958 2916 2032 ipsarum
2938 1959 3280 2016 animarum
3311 1959 3637 2032 perniciem

1978 2047 2478 2104 incurramus.Ut
2509 2047 2690 2117 igitur
2713 2047 2872 2104 hanc
2927 2063 3214 2118 magnam
3272 2047 3516 2116 nubem,
3583 2053 3641 2106 et

1979 2137 2316 2210 profundas
2348 2137 2461 2193 has
2486 2137 2780 2206 tenebras,
2814 2141 2870 2194 et
2898 2141 3138 2194 noctem
3162 2138 3322 2195 hanc
3344 2154 3416 2194 ex
3435 2136 3642 2196 dolore

1980 2227 2156 2284 nobis
2204 2227 2590 2300 superfusam
2653 2243 2724 2284 ex
2767 2231 2872 2284 tuo
2922 2228 3100 2285 corde
3158 2228 3411 2302 dissipes
3458 2233 3515 2285 et
3561 2227 3644 2285 ad

1981 2316 2132 2373 illud
2187 2317 2615 2375 misericordiae
2659 2315 2978 2376 Salvatoris
3035 2319 3242 2376 Christi
3306 2335 3492 2390 mare,
3539 2317 3645 2392 qui

1983 2409 2190 2464 omnia
2210 2407 2388 2464 nobis
2419 2408 2740 2466 utilissima
2765 2409 3067 2480 provides,
3101 2410 3382 2484 aspicias,
3411 2410 3558 2482 ;ideo
3589 2415 3646 2467 et

1982 2503 2341 2570 praesentem
2375 2514 2708 2555 sermonem
2759 2499 3020 2571 profero,
3075 2505 3132 2556 et
3165 2501 3229 2556 in
3287 2501 3646 2558 memoriam

1987 2586 2525 2660 cogitationemque
2573 2603 2646 2644 ea
2681 2603 2822 2660 quae
2880 2594 3334 2661 praecesserunt,
3397 2590 3645 2660 reduco,

1987 2676 2124 2749 quae;
2145 2676 2299 2733 ultra
2313 2691 2484 2750 spem
2506 2676 2585 2734 ab
2606 2681 2878 2734 nostram
2908 2677 3219 2735 utilitatem
3269 2679 3428 2735 facta
3474 2681 3638 2736 sunt.

2047 2853 2342 2911 Accedere
2369 2860 2569 2912 autem
2591 2851 2672 2912 ad
2703 2871 2777 2912 ea
2797 2871 2934 2929 quae
2957 2860 3157 2914 secuta
3190 2855 3512 2924 sunt,volo;
3543 2856 3650 2914 sed

1992 2943 2279 2999 scinditur
2332 2948 2390 3000 et
2419 2943 2696 3016 agitatur,
2728 2949 2784 3002 et
2805 2944 3196 3002 conturbatur
3220 2962 3342 3014 cor,
3370 2962 3480 3003 nec
3503 2945 3652 3003 illud

1992 3031 2292 3090 continere
2315 3032 2501 3101 valeo,
2525 3049 2665 3090 cum
2685 3034 2747 3090 in
2785 3035 2915 3106 ejus
2952 3034 3323 3107 profundum
3366 3037 3545 3093 intret
3596 3037 3654 3092 et

1992 3123 2276 3178 continuo
2353 3121 2503 3178 illud
2573 3120 2884 3194 transﬁgat
2947 3123 3114 3180 dirus
3184 3124 3408 3181 doloris
3469 3124 3654 3197 hujus

1992 3209 2254 3282 gladius.
2282 3213 2401 3267 Nec
2433 3211 2556 3268 scio
2577 3211 2725 3285 quid
2749 3212 3014 3269 facturus
3041 3215 3173 3279 sim,
3218 3214 3366 3270 dum
3404 3230 3478 3271 ex
3534 3229 3657 3272 una

1991 3305 2162 3373 parte
2215 3299 2295 3356 ad
2365 3301 2657 3357 intentum
2704 3299 3058 3374 hortationis
3112 3303 3658 3377 consolationisque

2002 3389 2385 3462 propositum
2414 3389 2702 3458 attrahor,
2745 3395 2803 3447 et
2839 3406 2912 3447 ex
2941 3391 3126 3448 altera
3164 3392 3475 3450 calamitas
3513 3394 3658 3450 inde

1994 3492 2093 3534 me
2120 3477 2369 3534 retrahit
2395 3483 2453 3535 et
2480 3478 2559 3536 ad
2587 3479 2869 3550 gemitus,
2891 3485 2950 3536 et
2966 3479 3252 3550 lamenta,
3275 3485 3332 3538 et
3357 3481 3654 3555 lacryma-

1994 3582 2132 3622 rum
2158 3565 2354 3623 fontes
2387 3566 2651 3626 abducit.

2071 3658 2114 3713 Ο
2149 3656 2448 3730 lquantm,
2491 3673 2675 3730 quam
2727 3673 2951 3715 amarae
2981 3659 3242 3716 tenebrae
3263 3676 3432 3718 meos
3452 3659 3658 3717 oculos

1998 3744 2384 3803 velaveruntl
2435 3753 2601 3817 ortae,
2636 3751 2702 3805 ut
2751 3748 2834 3805 ita
2879 3749 3100 3816 dicam,
3165 3764 3237 3804 ex
3289 3747 3417 3806 frixi
3463 3749 3663 3806 cordis

2003 3834 2191 3902 fumo,
2225 3841 2281 3892 et
2300 3852 2402 3892 eos
2423 3853 2637 3893 manes
2659 3853 2732 3893 ac
2753 3844 3022 3894 mortuos
3047 3837 3369 3900 efﬁcientes
3393 3838 3406 3893 ι
3433 3842 3664 3911 quanta

2007 3923 2264 3980 sustinui
2288 3929 2346 3982 et
2372 3924 2630 3982 videndo
2668 3929 2725 3982 et
2776 3925 3101 3997 audiendo,
3149 3942 3186 3984 ο
3244 3943 3357 3998 ego
3401 3926 3604 3985 infelix
3647 3926 3660 3983 l

2011 4013 2153 4078 Quae
2191 4013 2266 4069 de
2299 4019 2351 4070 te
2409 4015 2640 4082 nuntia,
2691 4030 2729 4072 ο
2778 4013 3220 4086 Ελὶίιρβτωὶίοτ
3277 4019 3334 4073 et
3385 4019 3666 4074 constan-

2011 4105 2097 4159 ter
2128 4103 2386 4159 sustinui
2419 4103 2432 4159 ι

2067 4194 2322 4251 Domina
2347 4209 2784 4262 mea,meorum
2815 4193 3130 4256 oculorum
3158 4195 3668 4267 lumen,dulcissi-

2011 4299 2181 4346 mum
2203 4284 2634 4357 spectaculum,
2660 4283 3096 4343 amabilissima
3116 4287 3667 4359 pulchritudo.qum

2013 4372 2142 4428 sola
2154 4373 2220 4429 in
2242 4373 2694 4446 superveniente
2716 4373 2947 4431 tristitia
2961 4391 3057 4432 me
3075 4375 3367 4433 solebatis
3383 4381 3439 4436 et
3454 4376 3670 4432 excita-

296 4481 386 4538 ρος
411 4460 524 4534 ἐμοί
561 4482 651 4514 και
679 4462 1000 4536 παραψυχὴ,
1040 4474 1144 4526 πῶς
1178 4465 1254 4519 ἔτι
1319 4486 1408 4520 και
1464 4468 1539 4528 ζῶ
1590 4489 1681 4524 κετι
1743 4477 1884 4544 πνέου1

2009 4461 2144 4532 bas,
2182 4463 2494 4534 quomodo
2522 4461 2722 4521 adhuc
2753 4463 2888 4519 vivo
2919 4471 2978 4519 et
3005 4464 3191 4537 spiro,
3235 4479 3432 4538 neque
3471 4465 3670 4521 statim

297 4571 392 4605 και
421 4549 517 4604 ούκ
554 4551 706 4614 εύθύς
741 4555 918 4626 νεκρός
966 4551 1152 4625 ἐφάνην
1220 4558 1352 4628 μετά
1402 4561 1496 4616 τὴν
1563 4565 1659 4619 σὴν
1704 4565 1900 4620 ταύτην

306 4643 661 4716 θανατηφόρον
714 4639 828 4714 ἐμοί
877 4645 1196 4718 συμφόράν;
1278 4648 1355 4697 οῖν
1436 4649 1748 4723 προέπεμψά
1843 4669 1902 4704 σε

305 4750 396 4783 και
434 4730 546 4782 οἷαν
573 4727 896 4803 ὑποδέξομαι
937 4729 1112 4805 Χεῖπερ
1153 4733 1257 4806 ἄρα
1275 4751 1365 4786 και
1405 4730 1705 4810 δυνήσομαι
1737 4744 1904 4816 μέχρι

306 4821 496 4873 τούτου
528 4826 853 4895 καρτερῆσαι
903 4839 992 4872 και
1040 4821 1156 4893 ζῇν.
1205 4827 1447 4889 Κρεῖττον
1503 4822 1564 4884 ἦν
1621 4825 1736 4899 ἐμοί
1790 4829 1945 4882 σϐε-’

312 4910 505 4968 σθῆναι
541 4912 628 4961 τὸν
651 4908 763 4962 ὅλον
827 4908 971 4968 ἡλιον
1001 4909 1032 4968 ἦ
1087 4913 1182 4968 τὴν
1239 4917 1415 4965 πᾶσαν
1481 4915 1668 4987 ὅρασιν
1711 4915 1909 4972 ἀποϐα-

309 4999 516 5067 λέσθαι,
555 4997 905 5071 ἤέντοιούτῳ
965 4995 1201 5053 κατιδεῖν
1273 5019 1330 5053 σε
1387 5002 1709 5075 ξοφωθεῖσαν
1770 5013 1912 5080 σχή-

313 5106 464 5162 ματι,
497 5086 671 5140 ὁποῖον
730 5083 797 5146 δή
870 5107 928 5140 σε
987 5108 1077 5141 και
1140 5085 1350 5145 ἐνέδυσε
1398 5110 1488 5154 και
1539 5093 1804 5167 περιέϐαλε
1849 5101 1910 5152 τὸ

313 5176 446 5234 πολὺ
466 5195 556 5228 και
586 5179 722 5249 μέγα
738 5175 934 5240 πλῆθος
953 5186 1054 5230 τῶν
1096 5178 1227 5253 ἐμῶν
1268 5181 1552 5256 ἁμαρτιῶν.

391 5263 522 5318 Ἀλλ’
556 5266 735 5339 ἵναμή
775 5263 825 5317 έν
857 5272 966 5330 τοῖς
1028 5270 1280 5331 τοιούτοις
1324 5273 1588 5343 μηκύνων,
1648 5271 1766 5328 ἀντί
1811 5296 1914 5330 πα.

318 5353 660 5428 ρακόλοῦντος
710 5372 800 5408 και
853 5355 1119 5428 κουφίζειν
1171 5362 1488 5432 πειρωμένου
1571 5370 1672 5414 τῶν
1748 5362 1916 5438 ἀλγει-

317 5450 438 5512 νῶν,
469 5446 696 5518 γένωμαι
737 5461 822 5496 σοι
879 5441 1230 5522 σφοδροτέραν
1286 5447 1476 5521 μᾶλλον
1534 5448 1772 5505 ἀνάπτων
1823 5458 1918 5514 τὴν

323 5532 490 5607 φλόγα
523 5550 616 5587 και
651 5537 769 5595 τοὺς
816 5530 1076 5610 ἄνθρακας
1133 5534 1348 5591 ἐκκαίων
1405 5546 1498 5593 τοῦ
1553 5543 1754 5606 πάθους
1827 5563 1918 5598 και

322 5631 415 5686 τῆς
452 5629 740 5700 ουμφορᾶς,
761 5629 930 5678 ταῦτα
1135 5624 1184 5679 έν
1240 5635 1314 5700 τῷ
1361 5637 1449 5683 νῦν
1510 5633 1618 5684 ὅντε
1677 5638 1918 5705 σιγήσειν

2010 4555 2286 4608 mortuus
2318 4569 2453 4626 sum
2491 4557 2627 4626 post
2683 4551 3053 4612 mortiferam
3113 4554 3271 4611 hanc
3326 4554 3474 4611 mihi
3515 4553 3673 4626 cata:

2010 4639 2281 4697 mitatem
2312 4642 2341 4698 ?
2371 4625 2614 4716 Qualem
2643 4645 2700 4698 te
2739 4641 2960 4709 dimisi,
2995 4647 3050 4710 et
3081 4641 3326 4714 qualem
3355 4625 3668 4716 recipiaml

2010 4730 2060 4785 si
2084 4732 2286 4786 tamen
2313 4746 2504 4803 usque
2535 4731 2613 4788 ad
2638 4730 2700 4788 id
2722 4731 3004 4804 temporis
3042 4732 3336 4788 sustinere
3367 4747 3437 4787 ac
3472 4733 3674 4789 vivere

2012 4817 2261 4890 possim.
2291 4821 2491 4876 Potius
2523 4819 2686 4877 mihi.
2705 4825 2830 4878 erat
2853 4820 3151 4890 exstingui
3175 4824 3368 4877 totum
3399 4819 3585 4878 solem
3617 4823 3677 4876 et

2015 4922 2261 4964 omnem
2281 4908 2482 4967 visum
2505 4909 2788 4981 abjicere,
2813 4922 2999 4983 quam.
3019 4909 3076 4964 in
3101 4909 3202 4978 tali
3218 4909 3495 4981 tehabitu
3510 4909 3678 4966 obte-

2015 4995 2331 5053 nebratam
2357 4997 2580 5070 videre,
2609 4998 2774 5071 quali
2825 4997 3033 5057 induta
3083 5015 3146 5054 es
3202 5003 3259 5055 et
3305 4997 3678 5060 circumdata

2019 5090 2264 5159 propter
2291 5101 2568 5144 meorum
2592 5091 2977 5162 peccaturum
3013 5086 3484 5146 multitudinem.

2091 5263 2308 5336 Sed,ne
2344 5263 2523 5330 tantis
2560 5263 3024 5335 immorans,tibi
3058 5263 3473 5337 ardenticnem
3502 5267 3676 5327 ﬂam-

1990 5343 1992 5346 ’
2024 5369 2192 5411 mam
2207 5355 2555 5422 accendam,
2568 5354 2983 5428 carbonesque
2994 5354 3218 5414 doloris
3234 5361 3292 5413 et
3317 5356 3678 5416 calamitatis

2027 5443 2298 5516 excitem,
2332 5444 2559 5502 nedum
2607 5449 2660 5502 te
2714 5444 2996 5512 adhorter
3050 5447 3105 5503 et
3156 5447 3454 5504 consolari
3501 5449 3677 5517 nitar,

1995 5529 2010 5555 ³
2026 5530 2157 5590 haec
2183 5533 2724 5607 impraesentiarum
2745 5533 2916 5590 silere
2941 5533 3130 5607 decet,
3162 5539 3218 5595 et
3245 5537 3378 5598 aliis
3405 5537 3683 5613 relinquo

2029 5619 2312 5690 funebres
2339 5625 2603 5698 hymnos
2631 5628 2692 5685 et
2720 5624 3044 5688 orationes.
3137 5667 3142 5673 -

327 5731 422 5788 μοι
448 5708 612 5786 δοκῶ,
644 5712 714 5779 εἰς
741 5711 945 5791 ἑτέρους
973 5709 1008 5772 δ
1011 5717 1034 5773 δ
1061 5716 1398 5794 παραπεμψω
1426 5717 1614 5798 λόγους
1639 5719 1912 5806 μονῳδιῶν
1929 5736 2022 5787 και
2048 5712 2248 5789 θρήνων
2275 5710 2580 5791 έπιταφίωνο
