4130 6390
254 333 393 388 1445

1324 338 1553 397 SERMO
1588 339 2168 401 CONSOLATORIUS
2194 345 2293 402 AD
2323 345 2579 403 FILIAM.

3475 308 3612 409 me

247 464 370 514 τῶν.
414 459 516 510 Καὶ
571 458 601 516 ἡ
661 465 755 510 τοῦ
804 462 963 532 νόμου
1020 456 1177 513 τοῦδε
1224 466 1446 535 τήρησις
1488 462 1675 524 πολλὰς
1739 466 1832 535 ἔχε

1959 465 2182 525 multas
2218 474 2275 526 et
2297 472 2465 543 apud
2490 474 2678 528 Deum
2703 469 2888 527 habet
2915 472 3431 530 remunerationes
3459 493 3477 547 ;
3504 474 3615 532 sed

246 551 338 598 καὶ
368 546 496 620 παρ’
524 546 665 617 αύτῷ
724 556 837 618 Θεῷ
892 556 1129 623 κειμένας
1190 554 1279 612 τὰς
1333 550 1552 625 ἀμοιϐάς
1585 571 1598 582 ·
1640 553 1698 606 ού
1749 559 1853 626 μήν

249 632 377 687 ἀλλὰ
432 640 524 688 καὶ
571 637 837 712 ἄνθρωποι
891 636 1043 691 οὐδὲν
1123 637 1282 693 τούδε
1344 648 1670 715 τιμιώτερον,
1729 638 1853 696 οὐδέ

244 744 305 798 γε
385 732 617 797 κρεῖττον
689 726 755 787 εἰς
806 725 993 801 ἀρετῆς
1047 727 1219 800 λόγον,
1280 731 1580 802 νομίξουσι.
1645 733 1852 789 Ταύτην

244 818 340 872 τήν
408 812 614 888 ὀφειλὴν
683 812 881 879 ἀπόδος
938 818 1084 888 ἡμῖν,
1153 820 1183 875 η
1234 823 1328 878 τὴν
1380 825 1555 871 πᾶσαν
1610 816 1850 878 σπουδὴν

248 906 378 975 πρὸς
432 900 745 976 ἕκπλέρωσιν
826 914 925 957 τῶν
979 914 1072 958 τοῦ
1125 914 1258 960 Θεοῦ
1341 913 1507 980 νόμων
1578 912 1668 960 καὶ
1752 916 1849 960 τῶν

242 991 569 1065 ἐνταλμάτων
678 993 838 1046 αὐτοῦ
921 994 1366 1069 καταϐαλλομένη,
1447 1002 1538 1050 καὶ
1625 1000 1696 1060 ὡς
1787 994 1848 1048 ἂν

241 1079 292 1134 ἐν
350 1088 488 1135 πᾶσι
546 1085 832 1158 θεραπεύῃς
881 1083 1054 1140 αὐτόν.
1114 1086 1194 1139 Ἐν
1250 1092 1334 1139 σοὶ
1392 1092 1483 1139 καὶ
1539 1087 1705 1159 ζωμεν
1757 1091 1850 1140 καὶ

238 1175 454 1244 πνέομεν
501 1177 592 1225 καὶ
659 1174 735 1225 ἔτι
781 1177 840 1225 τό
899 1182 1004 1246 φῶς
1065 1175 1282 1249 ὁρῶμεν,
1365 1180 1455 1227 καὶ
1538 1175 1666 1251 οὐχὶ
1747 1179 1845 1229 πά-

244 1280 343 1322 σας
432 1258 581 1324 εύθὺς
692 1263 804 1335 ἅμα
907 1271 978 1335 τῷ
1060 1266 1216 1317 πάθει
1292 1262 1659 1336 ἁποϐαλόμεθα
1757 1267 1847 1325 τὰς

239 1349 536 1417 αἰσθήσεις,
619 1346 735 1404 οὐδ’
815 1350 1087 1426 ἐξέστημεν
1193 1352 1406 1415 ἁπάσης
1494 1358 1692 1426 φρενός.
1786 1336 1846 1407 Εἰ

239 1447 367 1510 γοῦν
397 1460 487 1491 και
538 1442 616 1492 ἔτι
673 1439 850 1514 βούλει
904 1443 1099 1503 ζῶντας
1129 1438 1259 1495 εἶναι
1306 1447 1396 1494 καὶ
1436 1442 1845 1513 αἰσθανομένους

241 1528 398 1600 ἡμᾶς,
463 1529 623 1583 αὑτοῦ
664 1527 732 1590 δὴ
777 1533 965 1584 τούτου
1029 1538 1238 1606 πρώτου
1291 1536 1382 1584 καὶ
1433 1531 1844 1585 ἐπαισθάνεσθαι

1959 569 2161 610 revera
2223 557 2502 616 homines
2540 559 2686 615 nihil
2740 559 3181 627 honorabilius,
3236 561 3389 619 nihil
3410 562 3474 618 in
3500 565 3616 620 vir-

1959 643 2097 697 tutis
2118 658 2372 703 numero
2418 648 2738 719 pretiosius
2788 663 2923 703 esse
2965 647 3239 709 credunt.
3288 657 3407 706 Hoc
3432 652 3608 708 vobis

1934 731 2221 789 debitum
2249 735 2435 795 solve.
2477 752 2616 810 quea
2657 735 2902 792 sollicite
2953 749 3164 793 omnes
3211 739 3314 795 Dei
3340 739 3503 811 leges
3539 758 3610 799 ac

1957 828 2255 893 precepts
2277 823 2597 897 adimples,
2628 831 2694 881 ut
2711 825 2774 880 in
2802 825 3086 881 omnibus
3107 826 3161 884 ei
3182 828 3426 884 servias.
3458 832 3525 887 In
3554 837 3609 888 te

1891 960 1903 972 ,
1954 908 2115 964 enim
2136 916 2194 966 et
2214 911 2493 979 vivimus,
2514 913 2979 984 etrespiramus,
3000 920 3058 970 et
3076 914 3280 972 lumen
3305 916 3607 990 videmus,

1952 1002 2011 1052 et
2048 998 2320 1056 nondum
2353 1016 2565 1058 omnes
2585 1017 2727 1057 cum
2777 1001 2985 1058 dolore
3019 1017 3231 1061 sensus
3267 1005 3608 1078 rejecimus,

1950 1102 2062 1143 nec
2091 1089 2258 1144 omni
2283 1096 2483 1147 mente
2538 1090 2892 1148 defecimus.
2947 1091 3004 1148 Si
3051 1092 3232 1162 igitur
3281 1095 3455 1166 cupis
3493 1112 3608 1153 nos

1950 1173 2151 1231 adhuc
2198 1177 2397 1233 vivere
2447 1194 2519 1234 ac
2594 1194 2815 1236 sensus
2847 1180 3122 1252 experiri,
3156 1185 3259 1237 tuo
3310 1196 3610 1253 generoso

1950 1262 2156 1319 animo
2184 1264 2281 1322 fac
2305 1282 2418 1322 nos
2459 1268 2986 1337 generosissimam
3038 1275 3207 1325 tuam
3255 1270 3609 1342 patientiam

1951 1352 2190 1408 sentire.
2225 1354 2419 1420 Quam
2436 1361 2635 1412 autem
2660 1372 2796 1412 eam
2824 1356 2961 1412 dico
3003 1356 3308 1414 ?Ostende
3336 1359 3609 1417 animam

1950 1446 2119 1498 tuam
2143 1444 2311 1501 omni
2338 1444 2752 1518 desperatione
2800 1462 2870 1503 ac
2908 1446 3310 1505 amaritudine
3350 1447 3609 1507 liberam

1949 1545 2121 1598 esse;
2154 1537 2213 1588 et
2259 1533 2311 1588 si
2353 1548 2491 1591 eam
2512 1534 2690 1591 nobis
2742 1534 3000 1605 gratiam
3038 1534 3350 1609 'largiaris,
3404 1542 3463 1594 te
3493 1555 3607 1595 nos

233 1619 370 1689 μετά
417 1625 665 1692 ,γενναίου
739 1620 934 1693 πρᾶξον
994 1629 1087 1673 τοῦ
1136 1626 1482 1695 φρονήματος,
1548 1623 1837 1692 γενναιοτά-

1948 1617 2074 1688 jam
2090 1626 2360 1677 mortuos
2374 1622 2799 1679 viviﬁcaturam
2812 1640 2945 1680 esse
2962 1623 3131 1694 scito,
3145 1607 3446 1699 nobisque
3457 1627 3606 1685 nihil

232 1727 342 1769 της-
378 1712 469 1761 καὶ
521 1717 617 1770 τῆς
666 1716 943 1785 καρτερίας
1008 1732 1021 1744 ·
1076 1716 1214 1773 ⁴ι·ίνος
1261 1707 1329 1769 δὴ
1385 1710 1561 1782 λέγως
1611 1708 1839 1782 ἀθυμίας

231 1797 412 1859 πάσης
451 1802 541 1850 καὶ
570 1804 785 1873 πικρίας
826 1796 1168 1872 ἀπηλλάχθαι
1205 1804 1299 1858 τὴν
1353 1804 1450 1858 σὴν
1479 1798 1667 1871 ψυχήν
1701 1819 1714 1832 ο
1745 1804 1837 1851 καὶ

230 1884 279 1937 εἰ
319 1894 473 1938 τοῦτο
519 1891 646 1959 πρὸς
695 1887 990 1962 εὐεργεσίαν
1043 1885 1186 1960 δῴης
1233 1890 1383 1962 ἡμῖν,
1411 1892 1502 1940 καὶ
1551 1891 1834 1961 χαρίσαιο,

231 1972 485 2044 ζωώσεις,
541 1971 594 2028 εὖ
673 1978 807 2047 ἴσθι,
864 1979 1209 2052 νεκρωθέντας
1259 1974 1391 2040 ἤδη,
1449 1981 1540 2030 καὶ
1583 1972 1734 2029 οὐδὲν
1761 1978 1836 2028 ἔτι

225 2061 476 2115 λοιπόνέν
514 2073 588 2136 τῷ
623 2061 727 2138 βίῳ
784 2070 951 2138 τούτῳ
988 2071 1174 2141 πικρόν
1226 2068 1350 2138 ἡμῖν
1405 2071 1495 2118 καὶ
1552 2059 1832 2138 δακνηρόν.

229 2156 398 2204 Πόσον
439 2148 499 2206 δὲ
560 2158 649 2206 καὶ
714 2157 860 2227 παρὰ
930 2165 1003 2226 τῷ
1063 2163 1176 2227 Θεῷ
1233 2155 1462 2227 νομίζεις
1523 2152 1837 2224 λογισθῆναι

228 2246 620 2309 τοῦτο;πόσον
685 2248 777 2296 καὶ
831 2247 974 2318 παρὰ
1022 2251 1085 2317 τῇ
1136 2242 1478 2317 φιλανθρώπῳ
1532 2236 1690 2295 τοῦδε
1735 2260 1834 2313 μη-

226 2335 316 2404 τρί
344 2346 360 2399 ;
388 2332 466 2384 ὅτι
514 2328 608 2384 διὰ
633 2336 831 2406 πατέρα
876 2353 966 2385 και
1010 2338 1227 2408 μητέρα,
1296 2333 1677 2407 οἰκτειρήσασα
1712 2331 1834 2381 τού-

223 2439 375 2489 τους,
444 2417 840 2484 κινδυνεύοντας
890 2420 947 2473 έκ
990 2428 1182 2497 πικρᾶς
1260 2419 1455 2484 ὀδύνης
1534 2419 1896 2494 ἀπορραγῆναι

1946 1706 2150 1764 invita
2177 1708 2297 1765 ista
2324 1725 2603 1767 amarum
2659 1713 2916 1769 actriste
2960 1711 3250 1770 futurum.
3299 1715 3605 1780 Quantum

1943 1795 2003 1852 id
2072 1812 2110 1853 a
2154 1800 2274 1854 Deo
2319 1804 2663 1872 reputatum
2708 1800 2777 1856 iri
2841 1800 3036 1857 credis
3095 1801 3109 1857 l
3193 1804 3499 1868 Quantum
3546 1810 3608 1861 et

1946 1883 2520 1943 misericordissima
2536 1889 2665 1961 ejus
2686 1889 2853 1951 Matri
2873 1889 2886 1946 1
2904 1888 3079 1956 Quod
3107 1896 3353 1963 propter
3368 1898 3605 1964 patrem

1944 1979 2003 2029 et
2022 1979 2513 2043 matrem,eorum
2536 1977 2955 2050 miserata,qui
2979 1978 3042 2033 in
3067 1994 3141 2034 eo
3179 1985 3369 2043 erant,
3388 1986 3453 2036 ut
3476 1996 3604 2052 prae

1943 2062 2151 2118 dolore
2177 2065 2451 2121 animam
2495 2064 2783 2134 efflarent,
2846 2067 2974 2123 visa
3020 2067 3201 2124 fueris
3248 2068 3604 2126 calamitatis

1942 2151 2280 2225 patientior,
2335 2168 2585 2227 easque,
2638 2170 2836 2228 neque
2879 2155 2959 2212 ab
3000 2155 3150 2228 ipsis
3189 2155 3405 2214 solatia
3432 2173 3604 2214 acce-

1942 2241 2124 2313 peris,
2148 2242 2303 2298 miro
2334 2243 2630 2301 solamine
2680 2260 2755 2300 ex
2775 2245 2912 2318 ipsa
2944 2252 3136 2303 morte
3160 2245 3409 2318 erueris,
3442 2246 3603 2305 etad

1941 2329 2134 2386 vitam
2174 2332 2572 2389 revocaveris.

1972 2426 2072 2469 τῶν
2129 2418 2343 2492 ψυχῶν,
2395 2419 2583 2494 ἐφάνης
2641 2425 2709 2475 σὺ
2767 2426 3098 2498 γενναιοτέρα
3147 2428 3241 2484 τὴν
3293 2406 3599 2500 καρτερίαν,

225 2514 341 2576 καὶ,
402 2507 518 2562 ἀντὶ
587 2518 679 2563 τοῦ
729 2511 817 2562 ὑπ’
871 2510 1038 2562 αὐτῶν
1109 2510 1530 2584 παρακαλεῖσθαι
1609 2507 1798 2581 μᾶλλον
1852 2508 1932 2569 σε,
1992 2510 2055 2559 σὺ
2106 2510 2323 2570 τούτους
2376 2510 2563 2582 ἐφάνης
2622 2512 2937 2585 θαυμασίοις
2992 2517 3206 2585 τρόποις
3266 2515 3604 2588 παραμυθίας

226 2596 286 2661 ἐξ
312 2597 471 2650 αὐτοῦ
495 2600 712 2652 θανάτου
741 2600 1007 2674 ῥυσαμένη
1037 2604 1127 2653 καὶ
1156 2596 1310 2663 αὖθις
1335 2598 1826 2655 ἀποκαταστήσασα
1863 2598 1993 2669 πρὸς
2031 2596 2193 2656 ζωήν.

303 2683 557 2750 Ἐδόξασέ
598 2707 656 2741 σε
703 2692 850 2757 Θεὸς,
903 2694 1013 2758 καὶ,
1060 2693 1185 2762 πρὸς
1250 2694 1387 2762 μέγα
1437 2693 1524 2741 καὶ
1583 2692 1833 2760 μέγιστον

224 2776 363 2849 ὕψος
442 2776 655 2853 ἐπάρας,
711 2778 939 2850 μεγάλως
1026 2774 1262 2842 έδόξασε.
1334 2783 1435 2831 Καὶ
1495 2779 1563 2829 τὰ
1621 2779 1712 2849 μεν
1760 2771 1828 2833 δὴ

221 2876 411 2940 πρῶτα
450 2862 609 2932 δῆλα,
660 2871 751 2920 καὶ
800 2864 973 2932 οὐδεὶς
1031 2865 1358 2941 ἀμφιϐάλλει,
1414 2865 1521 2920 ὶπεὶ
1577 2873 1666 2919 καὶ
1717 2863 1831 2938 μεθ’

231 2954 655 3030 ὓπερϐαλλούσης
716 2956 968 3030 ἐξέλαμψε
1011 2965 1108 3017 τῆς
1166 2965 1325 3030 τιμῆς
1384 2978 1397 2990 ·
1439 2956 1475 3009 ἃ
1517 2952 1576 3008 δε
1626 2962 1713 3006 νῦν
1745 2951 1829 3006 δε-

226 3041 629 3118 δυστύχηκότες
686 3043 876 3109 ἀθλίως
945 3048 1298 3119 κατεφάνημεν
1380 3044 1689 3120 πράξαντες,
1746 3043 1833 3097 οἵα

226 3130 301 3192 δὴ
354 3154 445 3187 και
489 3142 659 3188 ταῦτα
689 3134 702 3190 1
734 3134 980 3208 Ῥωμαῖοι
1062 3137 1240 3196 πάντες
1305 3138 1369 3196 ὡς
1417 3133 1585 3186 ταύτὰ
1641 3135 1833 3186 παθόν-

222 3242 311 3283 τες
341 3225 463 3295 ἠμῖν
494 3221 543 3276 ἐν
584 3224 726 3297 ζόφῳ
790 3218 858 3283 δη
893 3244 995 3276 τινι
1036 3229 1316 3297 κατηφείας
1371 3225 1609 3298 ὁρῶνται,
1669 3220 1834 3274 πολλὰ

217 3332 317 3365 και
363 3317 776 3385 συγκοπτόμενοι
826 3333 917 3365 και
976 3314 1405 3386 σομπενθοῡντες.
1466 3317 1566 3365 Καὶ
1608 3314 1833 3383 γέμουσι

223 3405 299 3454 τὰ
332 3404 503 3454 πάντα
555 3403 752 3475 θρήνων
814 3401 898 3455 ἐπί
939 3410 1000 3475 τῇ
1061 3400 1178 3455 καθ’
1226 3403 1366 3475 ἡμᾶς
1421 3406 1685 3474 συμφορᾷ,
1742 3420 1831 3453 και

222 3488 489 3566 βασιλέων
542 3488 678 3543 οἶκοι
725 3510 816 3543 και
855 3493 971 3544 ὅσοι
1014 3494 1258 3563 μέγιστοι
1330 3491 1440 3563 μετ’
1511 3489 1721 3553 αὐτούς4
1742 3509 1833 3541 και

223 3579 416 3652 ἀγυιαί
460 3578 675 3649 πόλεων,
732 3600 822 3632 και
883 3576 1055 3641 ούὸείς
1115 3579 1255 3633 ἐστιν
1304 3579 1360 3641 ὃς
1418 3578 1548 3650 οὐχί
1591 3580 1833 3639 κοινωνός

218 3673 431 3742 γίνεται
473 3676 565 3721 τοῦ
634 3671 833 3732 πάθους
882 3670 1051 3741 ἡμῶν,
1117 3672 1345 3740 Γέμουσι
1403 3686 1495 3719 και
1562 3670 1677 3718 ναοὶ
1736 3664 1831 3718 οὐκ

218 3752 442 3821 ἐξοδίων
469 3762 637 3829 μόνων
666 3777 756 3809 και
803 3760 1082 3829 ἐπιταφίων
1135 3754 1402 3829 ᾀσμάτων,
1441 3752 1571 3807 ἀλλὰ
1628 3774 1710 3806 τοι
1756 3753 1831 3825 (1)

218 3865 321 3899 και
372 3854 473 3899 τῶν
524 3848 753 3920 ’θερμῶς
809 3844 1152 3908 όλολυζόντων
1195 3865 1285 3897 και
1339 3845 1526 3917 γοεράς
1584 3841 1830 3913 ἀφιέντων

225 3937 416 4008 φωνὰς,
485 3940 573 3988 καί
637 3954 696 4008 γε
766 3936 1062 4011 περιπαθῶς
1129 3937 1250 3998 τοὺς
1336 3935 1546 4009 θρήνους
1618 3931 1831 4007 μεριζο-

217 4027 406 4098 μένων.

298 4117 473 4174 Πόσην
501 4121 626 4188 γοῦν
671 4115 703 4174 ἠ
744 4115 993 4171 τοσαύτη
1038 4120 1140 4165 τῶν
1196 4115 1358 4175 οὕτως
1413 4130 1504 4163 και
1558 4112 1694 4162 κατὰ
1742 4128 1829 4161 το-

218 4211 410 4258 σοῦτον
475 4202 865 4276 συναλγούντων
922 4207 1164 4255 κοινωνία
1201 4199 1536 4274 βουλομένοις
1586 4200 1707 4271 ἡμῖν
1762 4199 1832 4250 τὰ

215 4293 399 4348 εἰκότα
468 4291 774 4364 λογίζεσθαι
847 4295 986 4365 φέρει
1030 4295 1124 4350 τὴν
1171 4291 1508 4364 παραμυθίαν
1541 4288 1555 4345 !
1588 4293 1674 4347 Μὴ
1720 4290 1829 4340 τοί-

212 4402 310 4435 νυν
368 4380 494 4456 ἄπερ
566 4380 831 4454 ὀφείλομεν
891 4382 960 4441 εἰς
1025 4378 1255 4455 ἀφορμὰς
1301 4380 1497 4431 τιθέναι
1558 4397 1651 4430 και
1699 4396 1832 4450 προ-

1864 3107 1906 3163 C

2015 2684 2375 2743 Gloriticavit
2398 2691 2451 2744 te
2479 2690 2654 2756 Deus,
2683 2692 2742 2746 et
2768 2694 2822 2745 te
2847 2688 2927 2747 ad
2956 2689 3292 2746 maximam
3335 2691 3600 2748 altitudi-

1941 2789 2083 2829 nem
2107 2775 2413 2845 erigendc,
2446 2778 2708 2834 maxime
2740 2777 3112 2847 gloriﬁcavit.
3145 2781 3215 2836 Et
3241 2778 3442 2851 prima
3469 2780 3603 2852 qui-

1941 2865 2081 2921 dem
2111 2864 2217 2921 illa
2253 2866 2572 2924 manifesta
2613 2874 2772 2935 sunt,
2821 2874 2877 2923 et
2904 2868 2980 2923 de
3002 2868 3075 2924 iis
3124 2884 3306 2926 nemo
3342 2868 3598 2938 dubitat,

1943 2953 2241 3025 siquidem
2329 2961 2386 3011 et
2441 2955 2661 3021 eximio
2750 2955 3099 3017 eﬁ‘ulserint.
3172 2958 3334 3031 Quas
3388 2964 3598 3016 autem

1941 3042 2104 3113 passi
2121 3058 2330 3097 sumus
2353 3043 2603 3100 miseras
2619 3043 3010 3110 calamitates,
3027 3039 3243 3117 quales
3264 3051 3322 3102 et
3336 3046 3465 3103 istae
3477 3046 3603 3105 fue-

1940 3137 2081 3186 runt
2112 3130 2126 3187 1
2151 3133 2403 3187 Romani
2416 3148 2648 3203 omnes,
2672 3137 2967 3206 tanquam
2996 3133 3213 3191 eadem
3224 3150 3422 3192 aenos
3434 3137 3603 3209 passi

1941 3218 2078 3285 sint,
2125 3220 2190 3275 in
2244 3220 2494 3276 tristitia:
2533 3221 2792 3281 tenebris
2854 3221 3039 3279 mersi
3081 3222 3377 3291 videntur,
3423 3224 3600 3282 valde

1941 3307 2147 3365 afﬂicti
2183 3314 2242 3364 et
2256 3310 2707 3380 compatientes.
2739 3313 2873 3374 iam
2884 3311 3096 3368 omnia
3118 3311 3406 3386 lacrymis
3420 3312 3603 3386 plena

1943 3404 2086 3454 sunt
2138 3404 2383 3471 propter
2428 3405 2701 3456 nostrum
2731 3399 3165 3469 infortunium;
3191 3407 3250 3458 et
3275 3402 3599 3476 imperato-

1940 3502 2077 3543 rum
2114 3487 2356 3557 domus,
2401 3493 2457 3544 et
2505 3488 2786 3547 maxime:
2838 3504 3051 3549 omnes
3102 3494 3240 3563 post
3270 3505 3397 3557 eas,
3427 3496 3486 3548 et
3505 3507 3602 3548 ur-

1941 3575 2112 3631 bium
2141 3576 2249 3631 viae.
2272 3595 2292 3648 ;
2325 3582 2382 3633 et
2406 3592 2587 3639 nemo
2621 3583 2709 3635 est
2736 3577 2841 3651 qui
2870 3584 3144 3635 nostrum
3172 3577 3445 3635 dolorem
3472 3595 3601 3636 non

1941 3665 2272 3739 participat.
2320 3669 2607 3725 lnsonant
2635 3672 2693 3723 et
2744 3665 2970 3738 templa
2988 3682 3110 3723 non
3136 3666 3323 3723 modo
3354 3668 3597 3738 tragicis

1943 3754 2219 3811 cantibus
2247 3761 2303 3811 et
2328 3756 2576 3827 hymnis
2622 3755 2977 3834 funebribus
3026 3756 3136 3813 sed
3160 3761 3217 3812 et
3266 3756 3490 3813 civium
3513 3757 3600 3816 la-

1941 3844 2157 3900 mentis
2178 3844 2285 3917 qui
2310 3851 2618 3915 gementes
2665 3861 2846 3910 voces
2895 3845 3191 3916 emittunt,
3219 3852 3599 3905 nostrarum-

1941 3949 2061 4006 que
2092 3932 2506 4007 lacrymarum
2526 3934 2851 4008 participes
2882 3939 3041 3991 sunt.

2012 4112 2317 4178 Quantum
2363 4127 2544 4185 porro
2600 4111 2898 4184 solamen,
2959 4116 3126 4169 tanta
3171 4115 3298 4170 tam
3321 4111 3601 4172 ardenter

1942 4200 2437 4272 compatientium
2492 4202 2862 4274 communio,
2895 4201 2964 4270 si,
2997 4206 3064 4259 ut
3090 4201 3280 4269 decet,
3320 4201 3607 4260 animad-

1940 4293 2165 4344 vertere
2202 4288 2458 4345 velimus
2522 4288 2534 4345 l
2568 4288 2648 4344 Ne
2669 4288 2850 4359 igitur
2901 4289 2996 4355 iis,
3027 4306 3166 4362 quae
3196 4295 3261 4346 ut
3284 4289 3597 4347 solationis

1941 4391 2156 4434 causas
2186 4382 2244 4434 et
2269 4382 2592 4450 praetextus
2619 4377 2842 4434 habere
2896 4378 3211 4447 debemus,
3240 4379 3305 4435 in
3359 4384 3598 4436 contra—

219 4472 406 4546 φάσεις
467 4454 779 4543 αναψυχῆς,
859 4467 1033 4530 αὐτοῖς
1106 4472 1303 4529 τούτοις
1380 4469 1634 4543 χρώμεθα
1700 4468 1832 4540 πρός

1948 4464 2098 4522 rium
2119 4472 2362 4533 utamur
2390 4484 2404 4535 ;
2435 4467 2728 4540 quoniam
2775 4482 2898 4524 non
2921 4468 3155 4539 justum
3191 4473 3282 4524 est
3304 4472 3369 4524 ut
3405 4468 3599 4525 tristia

223 4563 548 4631 τούναντίον,
630 4561 712 4612 ὅτι
772 4554 912 4631 μηδέ
992 4553 1198 4611 δίκαιον
1259 4566 1358 4610 τῶν
1446 4558 1537 4630 μεν
1585 4555 1830 4629 λυπηρῶν

228 4650 575 4703 αἰσθάνεσθαι
604 4669 696 4702 και
730 4656 822 4701 τοῦ
867 4647 1059 4706 εἰκότος
1112 4646 1282 4714 πλέον,
1328 4655 1429 4699 τῶν
1488 4638 1549 4698 δέ
1585 4665 1645 4717 γε
1697 4647 1831 4721 πρός

224 4739 560 4815 παράκλησιν
617 4741 845 4799 ἡκόντων
919 4734 1242 4797 ἀναισθήτως
1295 4737 1434 4808 ἔχειν
1490 4732 1683 4805 δοκεῖν,
1738 4753 1830 4785 και

223 4826 494 4905 μηδεμίαν
568 4838 669 4883 τῶν
720 4829 964 4882 τοιούτων
1035 4825 1302 4879 ποιεῖσθαι
1373 4820 1633 4898 μηδαμῶς
1710 4821 1828 4876 ἔπι-

224 4924 478 4993 στροφήν.

295 5012 367 5062 Τό
398 5012 489 5081 μεν
535 5010 701 5071 πάθος
740 5010 908 5060 κοινόν
940 5010 1027 5060 σοί
1054 5024 1163 5085 και¹
1188 5006 1321 5078 πρός
1366 5001 1520 5065 ἄλλας
1554 5014 1583 5036 κ
1642 5000 1828 5062 πολλὰς

220 5102 326 5174 γὰρ
395 5097 453 5151 ἃν
498 5118 589 5151 και
634 5101 827 5172 μυρίας
894 5097 1130 5171 εὑρήσεις
1179 5092 1497 5157 ἐξετάζουσα
1552 5094 1601 5145 ἓν
1656 5110 1713 5144 τε
1753 5098 1827 5162 τῷ

220 5192 463 5263 παρόντι,
497 5191 545 5241 ἓν
575 5207 630 5241 τε
661 5196 735 5258 τῷ
798 5186 1107 5260 παρελθόντι
1161 5184 1285 5258 βίῳ,
1325 5186 1665 5259 χρησαμένας
1716 5190 1829 5244 ταῖς

223 5277 407 5339 αὐταῖς
463 5282 758 5350 συμφοραῖς
800 5298 814 5310 ·
862 5279 922 5329 τό
968 5270 1029 5328 δὲ
1072 5280 1170 5337 τῆς
1219 5274 1378 5346 τίμῆς
1434 5276 1506 5345 μὴ
1566 5274 1719 5345 μόνον
1766 5271 1828 5324 ού

222 5366 341 5421 κατ’
380 5369 523 5437 ἶσον,
552 5365 659 5420 ἀλλ’
691 5362 808 5418 οὐδ’
863 5363 1014 5437 ἆγιὺς
1076 5358 1238 5427 δόξης
1279 5370 1375 5426 τῆς
1429 5370 1548 5434 σῆς,
1605 5356 1832 5433 οὐδεμία

294 5578 571 5681 ‘0)-9081-
606 5592 755 5681 εξλλά.
789 5615 841 5649 τι
874 5594 946 5681 Et
1156 5613 1211 5649 τι
1250 5589 1522 5681 exhibet.

229 5654 688 5745 qui,'Glossario
717 5666 1040 5726 Grecitatis
1076 5666 1141 5724 in
1177 5681 1327 5725 voce
1367 5656 1623 5735 'EEéé‘m,
1656 5654 1834 5723 mea

1938 4555 2185 4628 quidem
2211 4560 2270 4611 et
2297 4554 2621 4629 plusquam
2643 4560 2900 4628 oportet,
2918 4556 3272 4621 sentiamus,
3291 4572 3366 4614 ea
3388 4561 3596 4614 autem

1937 4658 2074 4714 quas
2105 4643 2368 4699 mulcere
2377 4643 2599 4710 valent,
2622 4659 2746 4701 non
2774 4643 3145 4717 accipiamus
3158 4660 3358 4719 neque
3381 4660 3595 4703 eorum

1937 4747 2145 4790 curam
2165 4731 2487 4791 faciamus.

2007 4999 2186 5057 Dolor
2211 4998 2307 5056 ille
2337 4999 2443 5056 tibi
2471 5015 2612 5056 cum
2642 4999 2776 5057 aliis
2823 5000 3165 5070 communis
3193 5005 3283 5057 est
3313 5017 3328 5069 ;
3367 5000 3592 5060 multas

1938 5091 2098 5148 enim
2129 5095 2186 5147 et
2210 5094 2514 5148 sexcentas
2540 5091 2818 5162 reperies,
2848 5091 2898 5148 si
2922 5090 3412 5164 ccnsideraveris,
3438 5107 3590 5165 prae-

1939 5180 2089 5236 senti
2125 5195 2196 5235 ac
2216 5178 2511 5251 praeteri-to
2532 5184 2821 5250 tempore,
2849 5186 2982 5251 quae
3011 5178 3230 5237 iisdem
3258 5179 3432 5236 malis
3460 5197 3586 5238 usus

1939 5275 2079 5326 sunt
2108 5285 2123 5335 ;
2153 5268 2321 5342 quod
2344 5273 2548 5324 autem
2573 5266 2652 5324 ad
2694 5268 2988 5325 honorem
3018 5272 3267 5341 spectat,
3298 5267 3469 5327 nulla
3494 5275 3589 5330 est

1938 5375 2076 5432 quae
2095 5373 2219 5416 non
2239 5356 2416 5417 modo
2433 5372 2559 5416 non
2586 5372 2819 5431 parem,
2843 5356 2952 5414 sed
2977 5373 3055 5415 ne
3082 5358 3428 5433 proximum
3455 5359 3590 5434 qui-

1936 5587 2113 5719 ﬁeri
2138 5663 2147 5673 '
2169 5585 2377 5655 verba,
2412 5585 2497 5668 ab
2545 5587 2664 5659 via.
2728 5591 2818 5640 καὶ
2840 5592 2956 5672 ναοί
3016 5588 3099 5651 αεὶ
3157 5591 3347 5663 φωνὰς.
3374 5586 3589 5663 mm.

2019 5674 2056 5719 ο
2085 5678 2252 5719 μόνων
2277 5659 2538 5719 Caninius
2568 5655 2754 5717 habet
2788 5677 2967 5719 μονον.

2019 5674 2056 5719 o
2082 5663 2252 5739 μόνων
2277 5655 2754 5731 cangius'h'abet
2786 5662 2967 5737 μόνον.
