4130 6422
215 362 353 418 1449
1263 349 1490 416 SERMO
1530 345 2108 413 CONSOLATOR'IUS
2144 351 2240 411 AD
2278 354 2534 413 FILIAM.
3449 349 3588 417 1450

216 488 295 538 ὅτι
320 485 592 557 ὑπόμεινον
620 483 709 535 τὸν
741 483 952 557 Κύριον,
979 486 1070 536 καὶ
1096 479 1372 557 ἀνδρίξου,
1403 481 1492 536 καὶ
1523 476 1795 554 ἀνδρίζου,
1827 481 1918 531 καὶ
1947 481 2315 553 κραταιούσθω
2344 483 2375 541 ἡ
2407 477 2606 556 καρδία
2631 498 2749 551 σου,
2811 473 2884 543 ὧς
2930 484 3029 543 τῆς
3087 484 3352 557 μακαρίας
3397 482 3590 548 ἐκείνης

221 576 341 635 θέας
366 569 656 645 οὐδαμόθεν
684 571 921 646 ἑτέρωθεν
953 573 983 632 ἣ
1014 572 1068 624 ἐκ
1098 580 1190 633 τῆς
1210 574 1469 646 ὑπομονῆς
1498 575 1591 624 καὶ
1629 569 1947 630 ἀπαντώσης
1973 573 2063 622 καὶ
2083 575 2445 645 γεγενημένης.

296 661 596 723 Ἐκλαυσας
626 667 751 732 γοῦν
790 665 881 714 καὶ
938 664 1004 713 σὺ
1063 661 1265 734 μεγάλα
1308 665 1400 714 καὶ
1466 661 1689 733 περιττὰ
1741 660 1832 710 καὶ
1861 659 1911 712 Α

2012 658 2249 717 Flevisti
2275 660 2472 731 igitur,
2507 663 2565 717 et
2600 661 2665 717 tu
2701 657 2924 718 multas
2964 662 3021 718 et
3040 659 3259 718 nimias
3287 661 3592 737 lacrymas

225 754 492 825 ποταμοὺς
577 747 820 825 δάκρὺων
875 756 1206 824 κατήνεγκες,
1283 750 1500 812 πολλοὺς
1568 751 1658 823 μὲν
1744 750 1835 800 καὶ

1964 750 2000 804 ιι
2024 747 2437 820 lacrymarum
2474 749 2671 806 fontes
2698 749 2964 818 emisisti,
3019 750 3238 808 multas
3257 752 3506 825 quidem
3537 756 3595 810 et

234 844 337 913 πρὸ
375 847 473 902 τῆς
536 845 822 915 συμφορᾶς,
873 839 1088 903 πολλοὺς
1137 845 1226 894 καὶ
1273 838 1322 893 ἐν
1365 840 1506 910 αὑτῷ
1563 847 1636 911 τῷ
1680 839 1835 891 πάθει

1966 840 2080 894 inte
2108 836 2532 903 calamitatem,
2580 837 2802 896 multas
2823 854 2968 896 vero
3006 843 3063 897 et
3105 839 3167 896 in
3207 840 3341 913 ipso
3388 840 3597 900 dolore

230 935 322 985 καὶ
366 936 430 1002 τῇ
494 934 759 1002 συμφορᾷ,
811 929 1025 991 πολλοὺς
1066 935 1157 983 καὶ
1209 933 1341 1004 μετὰ
1391 934 1486 990 τὴν
1541 929 1831 1004 συμφορὰν,

1964 930 2002 983 ιι
2029 926 2387 998 calamitate,
2412 928 2634 984 multas
2658 931 2716 984 et
2743 931 2885 1002 post
2935 928 3358 998 calamitatem,
3408 935 3595 988 totum

235 1019 359 1080 ὃλην
387 1022 482 1077 τὴν
513 1015 741 1093 καρδίαν
779 1015 1007 1072 ἐνδοῦσα
1051 1026 1114 1092 τῇ
1171 1018 1323 1092 φλογὶ
1361 1024 1552 1091 καὶτῷ
1603 1019 1837 1071 καύσωνι

1967 1031 2117 1073 uum
2146 1032 2250 1074 cor
2273 1016 2537 1074 ﬂammae
2564 1021 2623 1074 et
2671 1017 2796 1088 igni
2856 1020 2914 1075 et
2963 1020 3407 1093 consumptioni
3457 1019 3598 1077 inde

232 1114 324 1163 καὶ
352 1115 426 1179 τῷ
457 1105 511 1171 ἐξ
540 1106 702 1160 αὑτοῦ
743 1116 1006 1183 μαρασμῷ
1040 1129 1054 1143 ο
1111 1104 1280 1172 δεῖξον
1343 1108 1520 1162 λοιπὸν
1575 1108 1690 1160 κατ’
1721 1110 1837 1159 ἴσον

1969 1110 2090 1162 πίω
2107 1105 2351 1163 tradens
2380 1124 2394 1177 ;
2419 1105 2666 1164 ostende
2689 1122 2851 1163 nunc
2880 1123 3007 1165 non
3043 1110 3340 1165 minorem
3366 1109 3600 1182 patien-

233 1203 417 1274 μέτρον
500 1202 590 1249 καὶ
665 1201 724 1251 τὸ
797 1206 887 1259 τῆς
948 1199 1230 1271 ὑπομονῆς,
1286 1202 1378 1252 καὶ
1429 1206 1647 1272 Χριστῷ
1687 1203 1839 1250 τοῦτο

1972 1193 2114 1263 iam,
2154 1209 2412 1268 eamque
2442 1195 2669 1253 Christo
2684 1195 2920 1268 jubenti
2951 1212 3022 1254 ac
3050 1198 3323 1271 poscenti
3348 1199 3603 1257 immola

232 1292 627 1365 προστάσσοντι
680 1292 771 1340 καὶ
843 1288 1087 1349 ζητοῦντι
1156 1290 1314 1341 θῦσον
1365 1292 1455 1341 καὶ
1511 1291 1840 1363 καρποφόρη-

1972 1287 2009 1340 :t
2033 1282 2203 1351 offer,
2228 1288 2288 1341 et
2326 1284 2441 1341 hac
2480 1283 2612 1355 lege
2648 1284 2893 1358 posside
2945 1284 3214 1344 animam
3269 1291 3437 1344 tuam
3469 1287 3603 1357 ;fac

237 1397 349 1448 σον,
389 1384 479 1432 καὶ
522 1386 585 1453 τῇ
646 1376 817 1451 ἐντολῇ
868 1380 1033 1452 ταύτῃ
1083 1385 1277 1438 κτῆσαι
1332 1382 1427 1438 τὴν
1485 1382 1582 1437 σὴν
1632 1376 1841 1449 ψυχὴν,

1975 1378 2018 1430 it
2028 1389 2137 1431 nos
2148 1390 2392 1448 quoque
2409 1375 2646 1432 animas
2657 1379 2892 1433 nostras
2907 1391 3018 1449 pos
3027 1377 3339 1433 sideamus
3357 1395 3370 1445 ;
3387 1393 3525 1452 quas
3542 1378 3606 1435 in

235 1469 543 1526 κτήσασθαι
600 1462 661 1519 δὲ
711 1469 801 1518 καὶ
858 1468 999 1539 ἡμᾶς
1020 1468 1136 1529 στὰς
1192 1468 1337 1539 ἡμῶν
1389 1466 1605 1541 πρᾶξον,
1659 1462 1844 1519 κινδυ-

1975 1479 2025 1521 eo
2053 1468 2193 1521 sunt
2221 1468 2287 1521 ut
2314 1481 2439 1537 prae
2466 1464 2700 1521 tristitia
2719 1464 3079 1537 dejiciantur
3110 1482 3181 1523 ac
3210 1465 3516 1538 deﬁciant,
3534 1482 3606 1525 eo

238 1560 490 1618 νευούσας
537 1552 645 1615 ἤδη
736 1560 826 1608 καὶ
894 1558 1256 1614 καταποθῆναι
1341 1562 1431 1608 καὶ
1505 1554 1848 1609 ἐκλελοιπέναι

1981 1552 2123 1627 [uod
2144 1569 2270 1611 non
2290 1553 2531 1612 aliunde
2551 1554 2923 1625 refrigerium
2953 1558 3010 1612 et
3056 1554 3327 1612 solamen
3375 1555 3612 1628 possint

243 1653 361 1709 ταῖς
393 1644 645 1719 ἀθυμίαις
679 1652 750 1717 τῷ
813 1641 1375 1717 μηδαμόθεν’ἀ’λλοθεν
1421 1643 1704 1718 ἀναψυχὴν
1760 1648 1851 1698 καὶ

1981 1643 2250 1716 iccipere,
2280 1643 2394 1699 nisi
2425 1648 2507 1708 tu,
2548 1648 2654 1701 tua
2678 1642 2899 1701 eximia
2944 1643 3163 1718 pietate
3189 1649 3247 1702 et
3306 1645 3369 1701 in
3419 1645 3612 1703 Deum

248 1735 583 1811 παράκλησιν
624 1730 887 1787 δύνασθαι
944 1730 1220 1802 δέξασθαι,
1291 1733 1335 1787 εἰ
1389 1739 1459 1807 μὴ
1510 1738 1596 1801 σὺ,
1652 1733 1853 1793 ἐκνικὴ-

1982 1733 2204 1805 iducia,
2235 1733 2533 1806 simulque
2555 1741 2656 1791 tuo
2705 1749 2999 1807 generoso
3052 1750 3123 1791 ac
3177 1735 3354 1791 ﬁrmo
3407 1736 3613 1793 animo

259 1844 400 1878 σασα
423 1832 541 1887 ταῖς
564 1832 660 1885 τῆς
707 1822 973 1886 εὐλαϐείας
1035 1823 1340 1898 ὑπερϐολαῖς
1399 1830 1489 1877 καὶ
1536 1828 1666 1899 πρὸς
1726 1828 1855 1879 Θεὸν

1983 1822 2229 1891 vincens,
2261 1813 2513 1896 teipsam
2536 1823 2825 1895 majorem
2856 1838 2926 1880 ac
2947 1823 3252 1881 fortiorem
3268 1840 3492 1896 magno
3511 1823 3614 1882 illo

255 1915 651 1981 πεποιθήσεσιν,
705 1912 817 1986 ἅμα
878 1910 937 1965 δὲ
978 1917 1069 1965 καὶ
1120 1921 1191 1984 τῷ
1247 1918 1456 1986 γενναίῳ
1494 1918 1585 1967 καὶ
1624 1916 1860 1990 σταθερῷ

1988 1911 2173 1968 lolore
2187 1914 2452 1985 praestes,
2466 1927 2536 1968 ac
2548 1910 2909 1980 calamitate,
2922 1928 3059 1986 quas
3076 1929 3189 1970 nos
3209 1917 3364 1970 totos
3396 1912 3619 1987 premit

255 2011 348 2057 τοῦ
382 2007 729 2077 φρονήματος,
778 2005 996 2075 κρείττω
1064 2007 1285 2062 σεαυτὴν
1326 1999 1515 2066 δείξεις
1569 2007 1660 2056 καὶ
1707 2005 1860 2078 ὑπερ-

1990 2018 2041 2059 ιο
2066 2001 2284 2073 dejicit.
2304 2000 2496 2058 Ethoc
2509 2001 2715 2070 modo,
2735 2005 2819 2075 tu,
2838 2018 2975 2075 quae
2987 2002 3048 2059 in
3062 2002 3344 2059 omnibus
3362 2002 3621 2060 admira-

258 2094 363 2145 άνω
450 2095 720 2165 γενομένην
795 2099 886 2144 τοῦ
964 2091 1190 2164 μεγάλου
1260 2089 1416 2146 τοῦδε
1488 2093 1690 2157 πάθους
1772 2097 1863 2145 καὶ

1994 2092 2195 2148 ionem
2209 2106 2431 2163 moves,
2444 2091 2525 2146 sis
2536 2090 2714 2147 nobis
2727 2090 3081 2148 admiranda
3092 2091 3476 2162 consolatrix,
3499 2107 3623 2148 non

257 2190 349 2244 τῆς
380 2180 529 2243 ὧιους
603 2182 739 2254 ἡμᾶς
814 2185 1209 2257 χειρωσαμένης
1284 2185 1370 2235 καὶ
1456 2185 1867 2256 κπενεγκοὺσης

1998 2180 2173 2238 rerbis
2187 2181 2370 2237 modo
2387 2195 2457 2237 ac
2470 2181 2855 2254 argumentis,
2870 2180 2976 2238 sed
2988 2180 3336 2253 etoperibus
3347 2180 3492 2254 ipsis
3504 2196 3629 2239 ma.

263 2277 548 2347 συμφορᾶς.
585 2275 686 2323 Καὶ
724 2276 905 2322 τοῦτον
962 2267 1031 2329 δὴ
1081 2273 1167 2322 τὸν
1222 2275 1431 2346 τρόπον,
1462 2273 1518 2336 ,ἡ
1578 2274 1645 2325 τὰ
1697 2273 1870 2325 πάντα

1999 2270 2257 2328 iifestum
2288 2270 2515 2327 faciens
2543 2275 2598 2328 te
2615 2287 2652 2328 a
2675 2274 2792 2328 Deo
2804 2270 3129 2345 perfectam
3152 2270 3630 2329 consolationem

264 2362 540 2434 θαυμασία
579 2362 666 2429 σὺ,
722 2363 811 2411 καὶ
866 2359 1143 2432 θαυμαστὴ
1197 2365 1491 2435 παρήγορος
1540 2361 1665 2433 ἡμῖν
1713 2379 1870 2413 ιιατα-

2002 2360 2307 2434 Lccepisse,
2321 2360 2479 2416 hanc
2490 2376 2783 2432 magnam
2794 2361 3143 2434 patientiam
3157 2365 3215 2418 et
3228 2361 3387 2418 hanc
3412 2361 3633 2419 miram

262 2452 567 2521 σταίης,μὴ
586 2447 793 2521 ῥήμασι
831 2451 1003 2520 μόνοις
1060 2452 1151 2500 καὶ
1197 2447 1390 2520 λόγοις,
1465 2447 1593 2501 ἀλλὰ
1649 2454 1739 2502 καὶ
1792 2451 1872 2523 ἕρ·-

2000 2449 2392 2506 suﬂ'erentiam
2415 2449 2704 2508 induisse.
2744 2453 2862 2508 Has
2896 2450 2976 2508 ad
3000 2454 3076 2520 te,
3103 2451 3454 2524 imperati-ix
3470 2467 3631 2520 mea,

263 2558 379 2611 γοις
440 2536 620 2599 αὑτοῖς
685 2540 897 2612 φανερὸν
958 2537 1166 2590 τιθεῖσα
1220 2538 1298 2590 ὃτι
1355 2542 1444 2591 καὶ
1486 2538 1872 2615 παρεκαλέσατο

2005 2538 2344 2609 >reces,ha3c
2354 2542 2495 2596 vota
2507 2538 2688 2606 mitto;
2703 2539 2834 2597 haec
2847 2539 3050 2612 accipe
3061 2538 3419 2613 libensque;
3435 2540 3636 2597 omnia

259 2632 353 2680 καὶ
403 2626 586 2689 τελέως
666 2625 1058 2701 παρεκαλέσατό
1143 2646 1203 2680 σε
1275 2630 1425 2697 Θεὸς,
1510 2636 1606 2691 τῆς
1645 2628 1874 2702 μεγάλης

2005 2629 2075 2686 ris
2097 2632 2155 2684 et
2190 2643 2480 2701 properas
2515 2628 2869 2701 parentibus
2898 2627 3013 2685 tuis
3043 2632 3215 2699 grata
3244 2628 3458 2685 facere.
3528 2631 3636 2685 Ne~

262 2720 457 2779 ταύτης
503 2719 767 2790 ὑπομονῆς
845 2716 1198 2791 ἀμειψάμενος
1258 2722 1351 2771 καὶ
1416 2728 1509 2780 τῆς
1570 2722 1878 2793 θαυμαστῆς

2008 2734 2103 2793 [ue
2123 2718 2422 2791 despicias
2442 2733 2604 2775 nunc
2634 2718 2833 2791 (quam
2861 2717 3140 2775 ardenter
3166 2717 3380 2789 vides),
3413 2717 3639 2790 suppli-

267 2809 565 2882 καρτερίας.
632 2808 839 2865 Ταύτην
923 2804 1023 2877 ἐγώ
1073 2826 1179 2871 σοι,
1254 2805 1553 2881 βασίλισσά
1610 2828 1731 2881 μου,
1785 2813 1878 2867 τὴν

2005 2813 2225 2866 :antem
2250 2812 2483 2881 patrem
2506 2813 2697 2878 tuum,
2728 2809 2833 2881 qui
2870 2824 2994 2865 non
3012 2807 3388 2866 alitervivere
3420 2811 3636 2881 potest,

270 2893 479 2965 δέησιν,
549 2898 742 2954 ταύτην
820 2896 1072 2971 προσάγω
1139 2900 1235 2955 τὴν
1319 2899 1543 2965 ῖκεσίαν,
1593 2902 1686 2951 καὶ
1731 2894 1881 2961 δέξαι

2010 2914 2179 2973 [nam
2210 2897 2259 2953 si
2287 2897 2363 2953 de
2393 2902 2452 2955 te
2473 2897 2720 2954 letifera
2740 2898 2951 2955 nuntia
2980 2897 3253 2971 accipiat,
3278 2910 3414 2971 quae
3436 2913 3641 2955 amare

272 2988 572 3056 πεισθεῖσα,
610 2987 640 3044 ἡ
675 2989 764 3038 καὶ
794 2986 861 3038 τὰ
886 2986 1057 3038 πάντα
1094 2989 1183 3038 καὶ
1243 2983 1531 3059 βουλομένη
1577 2992 1667 3041 καὶ
1717 3006 1881 3041 σπου-

2011 2992 2193 3067 ,otum’
2209 3001 2311 3043 cor
2335 2985 2753 3059 perturbantes
2774 2990 2830 3043 et
2845 2985 3254 3060 discerpantes
3282 2990 3339 3043 et
3366 2985 3642 3042 occiden-

278 3072 522 3137 δάζουσα
590 3082 701 3139 τοῖς
769 3078 827 3129 σε
872 3082 1109 3128 τεκοῦσιν
1161 3077 1286 3148 ἡμῖν
1337 3079 1580 3150 πράττειν
1629 3097 1886 3153 κεχαρισ-

2018 3093 2080 3133 es
2106 3075 2499 3147 cogitationes
2535 3075 2860 3133 mulceant.
2889 3079 3023 3133 Haec
3052 3075 3264 3145 facias,
3292 3079 3349 3132 et
3369 3076 3571 3133 adhuc
3597 3071 3648 3131 si

275 3169 422 3239 μένα.
466 3169 568 3220 Καὶ
615 3169 687 3238 μὴ
744 3160 981 3239 παρίδῃς
1027 3160 1158 3238 μηδ’
1215 3163 1264 3217 ἐν
1324 3172 1434 3228 τοῖς
1484 3175 1720 3241 παροῦσι
1769 3170 1884 3244 θερ-

2018 3165 2219 3234 raleas,
2249 3164 2341 3221 his
2370 3164 2564 3238 plura,
2580 3164 2928 3223 innostrum
2955 3165 3228 3222 solamen
3257 3185 3272 3235 ;
3297 3164 3471 3221 ettibi
3494 3167 3649 3221 Deus

275 3263 406 3328 μῶς,
490 3255 610 3327 ὁρᾷς
706 3251 757 3307 δ’
816 3255 1027 3321 ὁπόσον,
1086 3255 1485 3308 καθικετεύοντα
1536 3260 1622 3309 τὸν
1662 3261 1882 3333 πατέρα,

2019 3255 2195 3312 nhoc
2222 3254 2455 3313 mundo
2498 3271 2709 3312 curam
2767 3258 2826 3312 et
2871 3272 3116 3312 omnem
3167 3254 3649 3311 misericordiam

271 3323 364 3396 itaut
403 3323 666 3417 μηδαμῶς
714 3342 888 3416 ἑτέρως
944 3344 1141 3401 ἣκιστα
1189 3339 1472 3417 δυνάμενον
1526 3344 1701 3419 ξῇν,ἣ
1732 3323 1885 3399 εύθυὲ

2019 3344 2303 3401 ιτᾱεεῑεώἰι
2331 3344 2589 3418 :quippe
2618 3344 2725 3418 qui
2745 3344 3295 3402 misericordiarum
3341 3348 3514 3418 pater
3555 3344 3650 3402 sit.

269 3436 498 3507 μοτέρας
526 3431 775 3505 ἀγγελίας
814 3428 1099 3505 δεχόμενον
1150 3437 1268 3508 περὶ
1323 3440 1438 3504 σοῦ,
1506 3440 1597 3488 καὶ
1643 3443 1744 3488 τῶν
1797 3443 1886 3488 νῦν

2023 3450 2077 3490 ιο
2105 3433 2322 3490 deinde
2342 3433 2405 3490 in
2432 3434 2597 3490 coalis
2628 3434 2735 3491 tibi
2754 3434 3196 3491 indesinentem
3234 3433 3399 3490 illam
3425 3438 3483 3490 et
3507 3433 3654 3490 inef-

268 3527 475 3596 πικρώς
500 3521 857 3596 θορυϐούντων
887 3525 977 3575 καὶ
1032 3526 1127 3580 τὴν
1177 3522 1300 3581 ὅλην
1355 3520 1582 3597 καρδίαν
1642 3545 1887 3602 σπαρατ-

2027 3522 2241 3580 ahilem
2269 3523 2531 3581 laetitiam
2560 3524 2868 3596 largietur,
2907 3524 3337 3582 interveniente
3396 3528 3453 3579 et
3479 3522 3658 3580 inter-

267 3615 464 3666 τόντων
512 3617 601 3664 καὶ
658 3614 972 3685 νεκρούντων
1035 3611 1394 3684 κουφιζούσας
1450 3613 1740 3686 λογισπῶν.
1782 3620 1888 3669 Ναὶ

2032 3613 2245 3671 edente
2275 3616 2601 3688 purissima
2619 3619 2678 3673 et
2730 3615 3110 3674 sanctissima
3159 3620 3217 3672 et
3264 3612 3658 3671 immaculata

264 3707 456 3770 ταῦτα,
487 3705 578 3754 καὶ
597 3704 692 3754 εἴτι
721 3700 869 3753 πλέον
901 3697 1057 3773 δύνῃ,
1106 3700 1302 3773 πρᾶξον
1330 3701 1401 3764 εἰς
1461 3700 1588 3776 ἐμὴν
1635 3723 1882 3779 παραμυ-
1998 3720 2108 3760 sua
2146 3705 2348 3761 Matre.

271 3793 411 3857 θίαν,
453 3796 543 3844 καὶ
609 3793 738 3854 Θεὸς
786 3792 934 3843 ἔσται
972 3809 1058 3843 σοι
1113 3788 1380 3844 κάνταῦθα
1437 3789 1680 3866 κηδεμὼν
1728 3799 1819 3847 καὶ
1866 3796 2102 3868 χορηγὸς
2133 3791 2300 3855 ἐλέους
2328 3797 2537 3861 παντὸς,
2566 3796 2593 3848 ὁ
2623 3800 2713 3850 καὶ
2741 3804 2841 3848 τῶν
2869 3794 3106 3871 ἀρρήτων
3133 3798 3304 3868 πατὴρ
3340 3793 3650 3867 οἰκτιρμῶν.

281 3878 361 3933 Οὑ
391 3884 495 3951 μὴν
526 3878 772 3932 ἀλλὰκαὶ
802 3877 849 3932 ἐν
880 3886 990 3940 τοῖς
1028 3878 1284 3953 οὐρανίοις
1341 3881 1491 3933 ἔσται
1558 3900 1642 3935 σοι
1695 3885 2028 3959 πρυτανεύων
2084 3888 2175 3935 καὶ
2214 3888 2560 3958 χαριζόμενος
2609 3890 2700 3945 τὴν
2769 3884 3121 3959 ἁνέκφραοτον
3178 3884 3371 3941 ἐκείνην
3421 3889 3511 3935 καὶ
3558 3900 3664 3955 μη-

286 3965 473 4023 δέποτε
537 3965 703 4042 μηδὲν
771 3973 929 4044 πέρας
1007 3970 1238 4041 ἔχουσαν
1308 3969 1648 4044 εὐφροσύνην,
1720 3972 2110 4048 πρεσϐευούσης
2173 3980 2264 4028 καὶ
2336 3979 2719 4049 μεσιτευούσης
2794 3979 2927 4051 πρὸς
3005 3981 3158 4029 τοῦτο
3218 3982 3310 4037 τῆς
3356 3974 3666 4047 παναχράν·

288 4076 382 4112 του
404 4063 493 4112 καὶ
522 4064 844 4133 παναμὼμου
873 4063 964 4112 καὶ
990 4059 1387 4135 πανυπεράγνὸυ
1409 4064 1623 4135 Μητρὸς
1644 4060 1825 4120 αὑτοῦ.

796 5707 1051 5769 ΡΑηοι..
1092 5698 1193 5768 Gs.
1230 5700 1386 5768 CXL.

3150 5786 3177 5795 ρ
3278 5712 3348 5774 46
