4130 6398
528 323 658 391 um

1673 499 2063 511 W

527 494 1666 535 mm

1087 640 2017 758 ΝΙΚΗΦΟΡΟΥ
2165 645 2444 757 ΤΟΥ

1870 320 2242 377 NICEPHOBI
2271 323 2550 383 CHUMNI.

3766 332 3917 388 14-ὕῖ

1675 498 3911 535 W

2572 645 3319 765 ΧΟΥΜΝΟΥ

1770 881 1938 929 ΠΡΟΣ
1976 883 2113 929 TON
2154 883 2639 935 ΦΙΛΑΔΕΛΦΕΙΑΣ

1246 1059 1518 1148 ΠΕΡΙ
1580 1061 1819 1149 ΤΟΥ
1878 1066 2014 1150 ΕΝ
2084 1067 2391 1151 ΚΑΝΑ
2448 1062 3140 1159 θΑΥΜΑΤΟΣῖ

1378 1446 2291 1594 NICEPHORI
2380 1472 3014 1599 CHUMNI

1514 1717 1633 1781 AD
1677 1716 2342 1782 PHILADELPHUE
2386 1720 2881 1784 EPISCOPUM

1096 1917 1254 1997 DE
1366 1916 2057 1999 MIRACULO
2181 1919 2314 1999 IN
2438 1918 2770 2005 CANA
2885 1919 3303 2003 FACTO

594 2247 993 2309 De‘miraculo
1021 2249 1189 2321 quod
1217 2249 1508 2305 Dominus
1567 2248 1844 2306 Salvator
1900 2249 1962 2305 in
2012 2252 2175 2307 Cana
2203 2253 2249 2303 A

520 2336 714 2394 effecit
741 2337 989 2410 etquod
1028 2338 1293 2410 primum
1316 2338 1582 2395 omnium
1608 2344 1717 2406 est,
1743 2338 1896 2394 bene
1924 2336 2175 2409 inquiris

519 2443 711 2500 quare
731 2442 853 2484 non
885 2426 1003 2484 alia
1035 2427 1390 2497 substantia,
1419 2428 1524 2485 sed
1540 2444 1701 2501 aqua
1721 2428 1783 2484 in
1806 2428 2014 2484 vinum
2037 2442 2174 2483 con-

519 2531 695 2572 versa
734 2515 824 2575 sit.
852 2515 1081 2573 Etenim
1111 2531 1233 2571 non
1264 2526 1650 2583 contrarium,
1705 2517 1917 2572 vinum
1955 2530 2176 2587 nempe

521 2620 686 2677 aqua
723 2603 951 2661 factum
964 2605 1167 2661 minus
1178 2606 1397 2661 mirum
1412 2605 1646 2671 fuisset,
1663 2605 1788 2661 sive
1810 2605 1889 2661 ad
1902 2603 2176 2663 miraculi

520 2693 839 2760 rationem,
860 2694 987 2759 sive
1014 2693 1095 2750 ad
1110 2694 1705 2761 demonstrationem,
1734 2695 1784 2750 si
1798 2694 1920 2751 vim
1934 2709 2176 2749 conver-

522 2784 710 2841 sionis
740 2791 844 2841 aut
864 2784 1144 2857 potentiae
1164 2784 1385 2845 divinas
1414 2785 1795 2841 considerare
1817 2782 1963 2839 velis
1993 2799 2006 2837 :
2039 2783 2176 2838 etin

520 2873 746 2947 nuptiis
775 2890 847 2930 ac
876 2874 1152 2931 convivio
1178 2874 1241 2930 id
1271 2874 1901 2933 convenientissimum
1949 2872 2175 2929 fuisset.

524 2963 723 3031 Quare
746 2964 776 3020 ?
796 2962 949 3029 Quia
978 2962 1349 3020 Paulusdicit
1374 2981 1387 3019 :
1424 2984 1452 3013 «
1484 2962 1671 3020 Nolite
1698 2962 1983 3018 inebriari
2013 2961 2176 3026 vino,

521 3052 729 3125 inquo
760 3059 854 3110 est
893 3053 1150 3113 luxuria.
1215 3074 1246 3105 »
1297 3085 1367 3092 —
1418 3051 1827 3124 Stupefaciens
1895 3049 2075 3107 simul
2124 3053 2182 3103 et

524 3143 826 3215 sapientes
851 3143 1113 3200 reddens
1138 3160 1244 3199 eos
1266 3143 1372 3216 qui
1401 3158 1523 3198 non
1544 3142 1798 3197 fuissent
1823 3141 2026 3207 sobrii,
2074 3140 2179 3195 iis-

487 3240 490 3243 '
523 3247 643 3304 que
675 3232 939 3289 suadens
969 3237 1034 3288 ut
1062 3232 1285 3304 nuptiis
1315 3231 1688 3288 attenderem
1718 3236 1775 3286 et
1813 3229 2048 3299 legibus
2105 3230 2180 3283 de

525 3320 674 3392 ipsis
691 3322 1025 3379 constitutis
1046 3326 1371 3385 uterentur,
1402 3336 1623 3393 aquam
1660 3319 1961 3386 bibentes,
1986 3334 2181 3389 neque

523 3409 761 3479 vinum,
789 3410 1017 3483 inquo,
1059 3412 1234 3482 juxta
1266 3409 1433 3467 Pauli
1494 3426 1732 3478 vocem,
1790 3414 1879 3463 est
1922 3407 2178 3467 luxuria.

2362 2256 2463 2303 Και
2490 2245 2559 2307 δὴ
2578 2253 2637 2301 τὸ
2695 2248 2743 2301 ἐν
2774 2254 2918 2302 Κανᾶ
2948 2251 3124 2321 θαῦμα
3148 2257 3241 2302 τοῦ
3301 2259 3543 2327 Σωτῆρος
3581 2261 3747 2320 Θεοῦ,
3814 2265 3918 2309 τῶν

2289 2338 2454 2391 ἄλλων
2525 2348 2729 2413 πρῶτον
2813 2339 2887 2406 ὃν,
2948 2340 3120 2402 καλῶς
3175 2343 3321 2412 ἔχεις
3377 2341 3615 2405 ζητήσας
3670 2346 3799 2397 ὅτου
3843 2342 3915 2404 δή

2287 2431 2451 2501 χάριν
2472 2429 2579 2499 οὐχ
2618 2430 2807 2501 ἕτερον,
2866 2425 3012 2502 ὕδωρ
3067 2425 3119 2481 δ’
3179 2426 3241 2488 ἦν
3289 2430 3364 2493 εἰς
3404 2433 3542 2483 οἶνόν
3588 2433 3916 2505 μεταϐαλὸν,

2292 2524 2392 2571 Και
2438 2519 2540 2591 γὰρ
2600 2514 2726 2570 οὐδὲ
2771 2519 3086 2586 τούναντίον,
3144 2517 3280 2579 οἶνος
3332 2516 3479 2594 ὕδωρ
3528 2528 3908 2595 γεγενημένος,

2287 2605 2383 2658 οὐκ
2416 2605 2626 2658 ἔλαττον
2664 2604 2725 2657 ἂν
2780 2602 2843 2663 ἦν
2890 2606 2996 2658 οὔτ’
3033 2606 3102 2666 εἰς
3149 2608 3346 2679 θαῦμα,
3395 2611 3503 2660 οὔτ’
3560 2609 3631 2670 εἰς
3686 2609 3919 2665 ἀπόδει-

2289 2694 2388 2763 ξιν,
2411 2694 2572 2767 εἰμέν
2626 2693 2805 2767 βούλει
2845 2703 2939 2755 τῆς
2995 2706 3428 2767 μεταποιητικῆς,
3489 2699 3535 2750 εἰ
3575 2696 3630 2751 δ’
3678 2709 3772 2753 οῦν
3816 2710 3917 2761 τῆν

2289 2781 2679 2858 δημιουργικῆς
2754 2786 2925 2845 θεῖκῆς
3000 2784 3159 2856 λεγειν
3234 2781 3503 2859 δυνάμεώς
3551 2809 3565 2822 ·
3614 2809 3707 2842 και
3766 2792 3909 2862 εἶχεν

2289 2874 2350 2924 οἷν
2382 2894 2469 2926 και
2492 2878 2580 2926 τὸν
2608 2873 2786 2926 εἰκότα
2814 2873 2963 2945 λόγον
3004 2873 3089 2926 ἐπί
3132 2881 3223 2926 τοῦ
3270 2878 3442 2948 γάμου
3487 2898 3580 2929 και
3619 2887 3713 2931 τοῦ
3769 2899 3901 2951 συμ-

2289 2967 2478 3015 ποσίου
2513 2983 2526 2995 ο
2550 2963 2667 3014 τίνα
2695 2970 2875 3014 τοῦτον
2907 2979 2922 3029 ;
2963 2964 3016 3014 ὃν
3042 2982 3134 3016 και
3178 2964 3381 3027 Παῦλος
3433 2986 3588 3038 φησι,
3621 2990 3645 3017 ι
3691 2973 3778 3026 Μὴ
3829 2968 3914 3041 (1)

2292 3073 2320 3105 α
2348 3053 2670 3123 μεθύσκεσθε
2716 3050 2855 3122 οἲνῳ,
2920 3051 2969 3103 ἐν
3030 3060 3070 3123 ᾧ
3113 3052 3253 3105 ἐστιν
3313 3053 3518 3107 ἀσωτία
3559 3076 3572 3088 ·
3600 3076 3633 3107 »
3676 3056 3911 3114 ἐκπλῆτ-

2290 3159 2376 3192 τον
2420 3140 2530 3212 ἇμα
2585 3159 2674 3192 και
2722 3141 3044 3214 σωφρονίζον
3097 3145 3215 3203 τοὺς
3280 3145 3543 3217 ἀκρατεῖς,
3592 3164 3686 3198 και
3736 3149 3922 3200 πεῖθον

2290 3232 2420 3303 πρὸς
2456 3232 2544 3280 τὸν
2601 3231 2770 3301 γάμον
2830 3231 2954 3305 ὁρᾴν
3014 3250 3104 3282 και
3168 3238 3272 3292 νοίς
3325 3238 3711 3305 νενομισμένοις
3774 3237 3919 3306 αὐτῷ

2292 3319 2554 3391 χρῆσθαι,
2598 3314 2755 3370 ὕδατι
2792 3322 3115 3394 χρωμένους,
3146 3324 3333 3391 καὶμὴ
3379 3323 3521 3392 οἴνῳ,
3561 3325 3611 3374 ἓν
3672 3332 3735 3393 ᾧ,
3798 3325 3919 3377 καθ’

2293 3408 2360 3458 ὧν
2402 3409 2607 3477 εἴπομεν
2649 3411 2839 3477 φωνὴν,
2895 3406 3101 3460 ἀσωτία
3137 3406 3275 3467 ἔστί.
3328 3416 3434 3462 Νῦν
3462 3406 3513 3462 δ’
3563 3407 3709 3484 ὕδωρ
3765 3432 3923 3485 μετ-ς-

526 3500 694 3557 Nunc
717 3514 858 3556 vero
883 3515 1046 3572 aqua
1068 3500 1130 3555 in
1160 3500 1370 3561 vinum
1387 3514 1701 3566 conversa,
1725 3497 2074 3558 deliciarum
2097 3502 2185 3552 est

2293 3497 2475 3567 νεχθὲν
2506 3495 2575 3555 εἰς
2614 3496 2747 3548 οἶνον
2798 3504 3000 3569 τρυφῆς
3048 3516 3144 3566 τις,
3199 3497 3381 3569 εἰπεῖν,
3436 3501 3578 3551 ἔστιν
3631 3501 3923 3573 ὑπόθεσις,

526 3587 704 3662 quasi
733 3588 1003 3657 materia,
1055 3588 1133 3646 ad
1191 3605 1346 3662 quas
1395 3595 1597 3649 tamen
1654 3587 1918 3644 Christus
1974 3585 2183 3642 nullibi

2296 3584 2356 3643 ἣν
2407 3589 2636 3660 Χριστὸς
2710 3582 2918 3657 οὐδαμῆ
2984 3590 3219 3657 φαίνεται
3271 3588 3381 3639 οὔτ’
3430 3587 3743 3663 ἐπιτρέπων,
3797 3591 3927 3645 οὒτε

526 3678 762 3735 videtur
783 3678 1029 3744 hortari,
1050 3694 1327 3752 quasque
1352 3694 1475 3734 non
1495 3677 1799 3751 permittit.
1829 3675 1999 3742 Quod
2023 3679 2184 3747 patet

529 3783 602 3825 ex
630 3767 745 3827 hac
770 3768 1000 3827 ratione
1025 3784 1214 3840 quam
1243 3767 1421 3824 nobis
1446 3766 1709 3837 tradidit,
1730 3765 1954 3821 docens
1980 3764 2182 3835 inqui-

524 3858 785 3923 rendum
800 3858 974 3916 nobis
989 3874 1212 3931 panem
1231 3856 1692 3916 substantialem
1712 3871 1823 3912 nec
1842 3854 2182 3927 quidquam

527 3946 713 4017 aliud,
743 3963 942 4023 neque
957 3948 1233 4009 ciborum
1252 3947 1610 4018 voluptates.
1646 3948 1712 4001 Et
1732 3944 1936 4002 calicis
1956 3959 2178 3999 merce-

527 4036 665 4093 dem
687 4035 1183 4109 participantibus
1202 4038 1578 4108 promittens,
1608 4051 1729 4090 non
1751 4034 1870 4089 vini
1904 4034 2176 4099 calicem,

528 4126 634 4181 sed
670 4124 903 4197 frigidas
930 4125 1072 4182 dicit
1102 4142 1116 4180 :
1145 4125 1207 4181 id
1235 4125 1414 4196 igitur
1452 4141 1613 4197 aqua
1643 4128 1749 4179 est.
1808 4122 1979 4188 Quod
2017 4121 2174 4176 enim

524 4213 588 4269 in
632 4219 788 4272 terra
850 4214 1079 4271 siccum
1151 4218 1256 4286 est,
1290 4220 1346 4270 et
1405 4213 1739 4269 secundum
1811 4210 2178 4281 Scripturam

525 4307 683 4360 terra
696 4308 967 4373 vocatur,
992 4303 1055 4358 id
1076 4302 1192 4359 hoc
1217 4303 1351 4359 loco
1377 4309 1465 4357 est
1497 4302 1677 4373 etiam
1706 4299 1908 4356 calicis
1963 4296 2180 4365 frigida

524 4407 707 4463 aqua,
737 4391 1077 4447 communis
1104 4391 1454 4447 hominibus
1507 4389 1760 4459 aliisque
1814 4383 2179 4440 animalibus

524 4485 726 4551 potus.
757 4484 815 4536 et
841 4480 913 4535 iis
943 4480 1178 4553 illisque
1207 4479 1529 4536 sufﬁciens.
1558 4481 1759 4549 Neque
1806 4473 1993 4529 ullum
2047 4473 2176 4528 ani-

520 4567 646 4624 mal
673 4568 1007 4641 quidquam
1027 4570 1281 4642 patietur
1300 4568 1482 4624 vitam
1497 4580 1908 4636 corrumpens,
1940 4564 1988 4618 si
2012 4578 2174 4634 aqua

522 4662 721 4714 utetur
753 4673 985 4731 ;neque
1015 4658 1200 4714 homo
1215 4656 1552 4728 quidquam
1577 4654 1692 4710 tale
1722 4653 1999 4725 patietur,
2031 4667 2171 4707 cum

516 4751 761 4820 tempus
782 4753 958 4816 esset,
972 4763 1097 4819 quo
1116 4761 1341 4818 aquam
1360 4742 1570 4798 bibens
1580 4742 1841 4812 vivebat,
1860 4742 2070 4797 vinum
2093 4757 2173 4797 ne

519 4853 799 4902 noscens,
829 4836 1077 4910 quidem
1107 4839 1244 4906 post
1271 4832 1560 4888 diluvium
1615 4831 1796 4897 enim,
1865 4831 2166 4903 inquiunt,

523 5014 1002 5090 experimentum
1026 5010 1429 5084 periculosum
1450 5009 1650 5066 evasit.

648 5295 731 5349 Ex
762 5291 1340 5363 codice12105,?:pag.
1374 5292 1496 5346 264.
1521 5292 1856 5363 Episcopus
1884 5289 2169 5347 Philadel-

648 5306 731 5349 Ex
762 5306 1340 5418 conicegmumggag.
1374 5306 1496 5346 κω.
1521 5306 1856 5363 Episcopus
1886 5306 2169 5347 rmlaael-

565 5364 701 5431 hius,
736 5364 831 5419 cui
858 5361 1158 5435 inscripsit
1240 5364 1503 5435 bumnus
1555 5361 1939 5435 opusculum,
1987 5363 2169 5435 Theo-

544 5438 727 5508 eptus
748 5439 838 5508 est
863 5433 969 5507 qui
986 5433 1482 5508 isub_Andronico
1512 5433 1743 5489 seniore
1797 5433 1965 5488 vixit.
1993 5433 2011 5504 [
2028 5434 2169 5489 Vide

519 5504 667 5562 tom.
704 5504 933 5578 CXLlll.
962 5504 1140 5578 Enna]

620 5578 670 5649 1)
692 5576 879 5650 Epist.
908 5576 988 5634 ad
1017 5576 1230 5650 Epﬁes.
1253 5593 1308 5642 v,
1334 5579 1419 5633 18.

613 5652 668 5719 2)
691 5649 894 5706 uatth.
934 5664 1010 5719 γι,
1032 5649 1085 5706 3;

613 5653 670 5786 2;
691 5653 894 5706 Matth.
934 5664 1010 5719 VI,
1032 5653 1085 5706 3.

613 5723 644 5775 3
716 5721 917 5779 Matth.
966 5737 1020 5791 Χ,
1080 5723 1170 5788 42,
1225 5726 1319 5782 Ὃς
1375 5718 1459 5771 ἐὰν
1509 5723 1704 5791 ποτίσῃ
1775 5722 1876 5776 ἣνα
1924 5726 2024 5772 τῶν
2078 5739 2163 5791 μι-

2276 5292 2412 5357 κρῶν
2472 5283 2668 5333 τούτων
2735 5280 2993 5357 ποτήριον
3057 5277 3276 5351 ψυχροῦ
3360 5282 3536 5349 μόνον.
3581 5317 3598 5332 .
3639 5316 3659 5332 .

2275 5347 2501 5430 ἀπολέσῃ
2543 5358 2630 5406 τὸν
2655 5352 2845 5426 μισθὸν
2871 5347 3067 5405 αὐτοῦ.

2271 5565 2501 5661 γεώργός
2548 5580 2615 5643 γῆ
2629 5593 2669 5641 ς,
2727 5575 2817 5622 καὶ
2861 5567 3136 5661 spurius?
3191 5565 3467 5661 ἀμπελᾶξνα

2271 5634 2330 5699 ἔκ
2371 5634 2495 5698 rei},
2553 5634 2713 5714 οἶνον,
2759 5645 2850 5694 καὶ
2892 5634 3197 5713 ἶμεθύσθη,
3225 5634 3332 5691 ’καὶ
3389 5634 3666 5708 ἐγυμνώθη
3717 5638 3774 5689 ἓν
3820 5648 3899 5710 τῷ

2270 5721 2396 5791 οἴκῳ
2415 5716 2595 5771 αὐτοῦ.

2297 3683 2592 3746 συγχωρῶν
2631 3695 2643 3708 ·
2677 3679 2768 3727 καί
2786 3693 2845 3745 γε
2886 3671 3043 3734 δῆλον
3074 3674 3128 3738 ἐξ
3181 3672 3246 3739 ἧς
3270 3681 3359 3729 καὶ
3410 3674 3716 3752 παρέδωκεν
3785 3681 3926 3753 ἠμδ

2293 3763 2477 3836 εὐχῆς,
2507 3767 2566 3815 τὸ
2606 3763 2871 3816 ἐπιούσιον
2919 3765 3074 3839 ἄρτον
3133 3764 3209 3834 (2)
3269 3767 3402 3817 ὦσντι
3455 3765 3627 3827 ζητεῖν
3676 3773 3773 3821 καὶ
3802 3790 3925 3842 μη-

2295 3848 2380 3904 δὲν
2405 3852 2595 3925 ἕτερον,
2660 3848 2801 3924 μηδὲ
2867 3850 3161 3927 βρωμάτων
3207 3849 3425 3915 ἡδονάς.
3489 3859 3592 3907 Καὶ
3647 3862 3925 3932 ποτηρίου

2292 3938 2352 3994 δὲ
2405 3943 2594 4013 μισθὸν
2663 3947 2773 4003 τοῖς
2824 3937 3232 4013 ⁴μ.ε⁴ι·αὸ“ιὸ“οτῖοσιν
3285 3941 3749 4016 ἐπαγγελλόμενος,
3820 3948 3928 3999 οὐκ

2289 4034 2449 4097 οἰνου,
2481 4030 2698 4103 ψυχροῦ
2730 4027 2790 4082 δὲ
2825 4029 2962 4101 λέγει
2999 4030 3081 4103 (3)
3148 4052 3163 4066 ο
3229 4039 3386 4084 τοῦτο
3435 4028 3489 4085 δ’
3532 4028 3679 4108 ὕδωρ
3740 4034 3923 4092 ἐστίν.

2285 4119 2447 4195 ’⁷Οπερ
2504 4125 2605 4194 γὰρ
2668 4119 2752 4173 ἐπὶ
2811 4127 2902 4180 τῆς
2961 4127 3060 4191 γῆς
3123 4124 3180 4172 τὸ
3234 4120 3412 4194 ξηρον,
3471 4126 3563 4174 καὶ
3604 4121 3763 4193 λόγος
3814 4124 3927 4179 ἐκεῖ

2288 4203 2509 4282 ὀφθῆναι
2546 4218 2639 4268 τῆν
2681 4210 2841 4283 ξηρὰν
2883 4210 2977 4280 (4),
3030 4214 3270 4262 τουτέστι
3315 4215 3411 4270 τὴν
3467 4219 3588 4283 γῆν,
3646 4216 3794 4265 τοῦτ’
3843 4216 3922 4267 ἐν-

2286 4301 2457 4351 ταῦθα
2520 4304 2578 4349 τὸ
2628 4306 2718 4350 τοῦ
2794 4302 3050 4373 ποτηρὶου
3098 4297 3311 4371 ψυχρὸν
3370 4296 3516 4373 ὕδωρ
3567 4300 3707 4368 ἐστὶ,
3765 4308 3920 4376 πόμα

2285 4389 2453 4437 κοινὸν
2483 4385 2776 4461 ἀνθρώποις
2801 4406 2855 4439 τε
2905 4392 3129 4448 καὶτοῖς
3182 4386 3356 4450 ἄλλοις
3416 4396 3517 4440 τῶν
3584 4389 3760 4463 ζώων,
3824 4398 3913 4446 καὶ

2284 4473 2395 4545 οἶμα
2436 4477 2525 4546 μὲν
2583 4475 2668 4527 ἐπὶ
2725 4480 2941 4542 τούτων,
2995 4474 3108 4547 ἅμα
3150 4472 3203 4528 δ’
3257 4475 3335 4529 ἐπ’
3395 4475 3594 4529 ἐκείνων
3652 4477 3848 4552 ἀρκοῦν
3885 4501 3900 4513 ·

2283 4562 2457 4615 καὶού
2498 4569 2567 4636 μή
2609 4583 2661 4616 τι
2707 4566 2849 4638 πάθῃ
2919 4565 3050 4625 ζῶον
3102 4561 3255 4617 οὐδὲν
3321 4567 3527 4639 φθεῖρον
3578 4571 3677 4625 τὴν
3739 4570 3905 4636 ζωὴν,

2283 4650 2443 4705 ὕδατι
2520 4658 2840 4726 κεχρημένον
2893 4674 2906 4686 ’
2957 4655 3064 4705 οὔτ’
3127 4655 3399 4727 ἄνθρωπος
3451 4654 3546 4707 οὐκ
3588 4653 3652 4707 ἂν
3720 4660 3908 4724 πάθοι,

2283 4740 2391 4794 ἐπεὶ
2411 4746 2502 4794 καὶ
2532 4739 2592 4800 ἦν
2625 4744 2705 4794 ὅτε
2732 4739 2799 4801 δὴ
2853 4747 2943 4795 καὶ
2995 4738 3157 4795 ὕδατι
3229 4747 3535 4817 τρεφόμενος
3589 4745 3710 4813 ἔζη,
3764 4750 3911 4800 οἶνον

2280 4835 2401 4905 πέρι
2454 4827 2621 4902 μηδὲν
2673 4828 2936 4904 μηδαμῶς
2990 4828 3166 4893 εἰδώς.
3221 4834 3367 4885 Μετὰ
3421 4834 3522 4907 φὰρ
3581 4835 3672 4884 τὸν
3731 4854 3914 4888 κατα-

517 4926 729 4983 vinum
760 4942 776 4995 ;
807 4940 879 4981 ac
930 4923 1129 4979 statim
1187 4925 1327 4994 post
1369 4920 1493 4976 vini
1569 4921 1830 4993 primam
1896 4919 2174 4976 notitiam

2291 4919 2533 4992 ιλυσμὸν,
2566 4926 2746 4992 φασὶν,
2805 4922 2830 4972 ὁ
2888 4919 3018 4981 οἶνος
3077 4941 3091 4953 υ

3152 4924 3241 4972 καὶ
3287 4920 3436 4981 εὐθὺς
3494 4919 3549 4984 ἐξ
3596 4921 3767 4984 αὐτῆς
3814 4933 3915 4988 τῆς

2282 5014 2402 5083 περὶ
2466 5008 2619 5062 αὐτὸν
2675 5014 2882 5083 πρώτης
2935 5009 3234 5082 ἐπιστήμης
3306 5014 3397 5062 καὶ
3459 5015 3644 5085 πείρας
3704 5012 3909 5084 σφαλε-

2279 5103 2371 5172 ρός
2401 5099 2500 5169 (5).

3700 5280 3764 5333 οὗ
3830 5286 3907 5354 μή

2343 5434 2421 5502 (4)
2460 5427 2628 5486 Conf.
2646 5429 2858 5483 Genes.
2887 5431 3006 5502 »9,

2343 5437 2397 5502 (4
2460 5437 2858 5486 Conf.tienes.
2887 5437 3006 5482 νυ,

2339 5437 2423 5575 (5g
2476 5502 2686 5556 Genes.
2744 5514 2824 5564 1X,
2877 5500 2977 5554 20.
3055 5500 3158 5549 Καὶ
3204 5494 3399 5567 ἤρξατο
3458 5498 3574 5546 Νῶε
3616 5492 3904 5571 ὥνθρωπος

2339 5576 2499 5620 ωοσνόε
2548 5580 2668 5620 γῆς-
2727 5575 2817 5620 καὶ
2861 5567 3136 5620 ἐφύτευσεν
3191 5565 3467 5620 ἀμπελῶνα
3524 5584 3537 5596 ·
3590 5568 3686 5617 καὶ
3751 5567 3901 5620 ἔπιεν
