4130 6390
264 319 401 379 1453

1258 312 1351 368 DE
1377 311 1735 373 διωρυιο
1759 312 1830 369 ΙΝ
1858 312 2046 375 CANA
2074 317 2328 377 FACTO.

3486 327 3625 383 1454

333 440 484 497 Μέλει
510 436 561 492 δ’
619 436 770 491 οὐδὲν
821 446 921 489 τῶν
976 441 1242 499 τοιούτων,
1310 435 1426 491 οὐδ’
1483 437 1754 512 ἀνθρώπου
1809 435 1856 509 γ’

2044 440 2196 497 Nihil
2225 460 2369 501 vero
2412 447 2525 503 tale
2578 463 2737 505 cura:
2763 450 2853 505 est
2880 448 3022 517 Deo,
3076 447 3343 509 hominis
3388 465 3575 509 causa
3606 465 3621 518 ;

261 528 447 594 εἱνεκα,
479 537 552 600 τῷ
583 536 697 598 Θεῷ
730 550 742 560 ο
776 534 875 579 τῶν
909 522 958 578 δ’
1010 526 1303 598 ἀναγκαίων
1351 534 1458 588 τοῖς
1514 530 1645 590 ζῶσι
1698 526 1857 599 μέλει,

269 617 453 694 ἄρτου,
490 622 647 691 φημὶ,
678 621 769 669 καὶ
798 613 993 677 ὕδατος
1020 638 1032 649 '
1063 620 1153 668 καὶ
1210 611 1303 668 διὰ
1352 624 1503 668 τοῦτο
1548 620 1638 667 καὶ
1668 618 1725 666 τό
1772 616 1862 688 μὲν

261 709 388 783 ἡμῖν
416 705 602 759 ἄπονον
642 705 754 779 ἅμα
798 710 887 757 καὶ
946 704 1162 779 ἄφθονον
1219 724 1234 738 ⁸
1287 702 1441 778 ἆρτον
1490 699 1541 754 δ’
1577 701 1765 755 ἐσθίειν
1816 698 1862 751 ἐν

264 793 472 869 ἱδρῶτι,
538 794 733 847 ἐκείνου
800 799 1118 869 πρόσταγμα
1167 794 1265 866 (1),
1342 789 1436 845 διὰ
1513 794 1599 844 τόν
1665 794 1864 864 καρπόν

263 887 484 951 πάντως,
519 880 577 937 οὗ
616 893 705 936 τοῦ
729 883 886 935 καλοῦ
944 886 1040 956 (2i,
1090 892 1186 944 τῆς
1237 884 1376 957 ὧρας
1429 885 1520 934 καὶ
1568 889 1661 941 τῆς
1719 878 1863 954 βρώ-

266 995 395 1037 σεως
448 975 747 1034 ἡττηθέντες
820 978 911 1026 καὶ
990 982 1088 1025 τῶν
1164 971 1530 1044 ἐντεταλμένων
1595 968 1865 1043 ὠλιγωρη-

262 1069 424 1129 κότες,
452 1067 794 1137 μετέσχομεν.

338 1153 413 1205 Οὐ
465 1157 567 1225 μὴν
626 1150 756 1204 ἀλλὰ
800 1159 980 1204 τοῦτον
1030 1148 1096 1208 δή
1151 1153 1236 1203 τόν
1282 1153 1468 1222 τρόπον
1525 1150 1711 1200 τούτου
1776 1151 1865 1199 καὶ

265 1239 545 1302 δοκοῦντος
596 1240 750 1293 πλείω
804 1245 894 1292 καὶ
944 1238 1135 1313 ἀμείνω
1208 1237 1360 1309 λόγον
1444 1240 1609 1309 ἔχειν,
1693 1234 1865 1288 πλεῖον

262 1335 403 1405 ἔχειν
427 1336 518 1385 καὶ
538 1326 826 1403 παίδευμα,
886 1331 1223 1403 σωφροσύνης
1272 1327 1439 1381 εἵνεκα
1500 1330 1590 1377 καὶ
1645 1332 1737 1378 τοῦ
1789 1327 1861 1397 μὴ

263 1423 497 1498 ἀσέμνως
549 1425 640 1474 καὶ
696 1420 910 1481 ἀσώτως
970 1418 1142 1486 βιοῦν,
1202 1424 1293 1470 τοῦ
1344 1436 1401 1488 γε
1455 1412 1699 1474 δηλονότι
1778 1417 1863 1465 τόν

264 1511 396 1565 οἶνον
426 1508 571 1585 ὕδωρ
602 1510 914 1582 γεγενῆσθαι
952 1508 981 1567 ἦ
1028 1513 1086 1560 τό
1139 1503 1284 1581 ὕδωρ
1339 1505 1410 1566 εἰς
1455 1500 1588 1557 οἶνον
1642 1502 1867 1576 μεταϐα-

263 1601 385 1668 λεῖν,
430 1605 483 1653 τί
536 1602 614 1653 ὃτι
655 1600 738 1672 (3)
798 1603 871 1672 μή
920 1602 980 1650 τό
1040 1605 1245 1672 πρῶτον
1297 1600 1388 1647 καὶ
1445 1594 1672 1669 ἄμεινον,
1733 1588 1865 1667 μηδ’

263 1692 431 1764 ἕτερον
458 1684 779 1754 ῖσως,ἐπὶὃὲ
836 1695 928 1740 τοῦ
982 1683 1224 1759 δευτέρου
1270 1686 1327 1736 τό
1382 1686 1557 1755 θαῦμα
1614 1685 1673 1734 τό
1719 1678 1863 1757 ὓδωρ

267 1782 379 1831 ἔστι
416 1785 747 1855 μεταποιοῦν,
775 1782 866 1829 καὶ
896 1783 949 1829 εῦ
980 1779 1070 1829 καὶ
1107 1774 1292 1836 καλῶς,
1344 1774 1483 1825 10:60':
1544 1767 1611 1831 δη
1658 1774 1748 1823 καὶ
1812 1768 1861 1822 έν

267 1873 563 1945 προοιμίοις
612 1867 871 1942 εἰρηκότες
918 1865 1090 1939 ἐσμὲν,
1160 1864 1315 1925 αύτός
1383 1860 1693 1926 ἐπιστήσας,
1778 1863 1864 1912 τόν

266 1957 414 2030 λόγσν
462 1956 742 2017 ἐζήτησας,
813 1954 968 2008 Ἀ)λά
1031 1960 1125 2007 σοῦ
1191 1952 1379 2026 μᾶλλον
1453 1954 1533 2012 τίς
1606 1949 1665 2001 ἂν
1776 1953 1867 2003 καὶ

268 2046 678 2120 ἐπισκεψάμενος
758 2048 849 2097 καὶ
912 2043 1449 2116 πολυπραγμονῆσας,
1530 2038 1732 2116 ἐφεύροι
1805 2037 1865 2093 ἄν

267 2136 449 2215 ὀρθῶς,
473 2132 531 2189 οὖ
562 2131 758 2211 καρδία
799 2136 889 2208 μὲν
935 2134 1142 2206 καθαρὰ
1180 2131 1271 2183 καὶ
1322 2132 1500 2208 ὁρῶσα
1550 2132 1699 2194 Θεὸν,
1748 2124 1867 2180 δια-

266 2226 513 2299 λογισμοὶ
554 2222 675 2277 δ’ὶν
711 2224 841 2296 αὐτῇ
910 2220 1271 2281 ἀναϐαίνοντες
1314 2218 1392 2273 ἐπ’
1439 2218 1628 2272 ἐκεῖνον
1687 2215 1868 2295 ἀκραι-

270 2325 399 2389 φνώς
431 2311 769 2369 διαϐαίνουσι
798 2318 888 2365 καὶ
922 2314 988 2363 τὰ
1046 2308 1237 2363 ἐκείνου
1299 2310 1590 2383 θαυμάσια,
1638 2307 1770 2363 ὥστε
1810 2326 1868 2360 σε

266 2410 355 2458 καὶ
394 2407 525 2477 μετὰ
562 2411 655 2455 τοῦ
702 2404 998 2474 Πνεύματος
1049 2402 1189 2471 ἔχειν
1233 2397 1481 2472 ἀσφαλῶς
1528 2397 1736 2475 ἐρευνᾷν
1802 2395 1868 2448 τᾶ

264 2502 357 2547 τοῦ
385 2495 684 2575 Πνεύματος
712 2509 726 2558 ;
758 2491 891 2544 Ἐπεὶ
936 2485 993 2541 δὲ
1036 2508 1127 2539 και
1172 2489 1320 2560 ἡμεῖν
1388 2484 1516 2559 ἐρεῖν
1573 2487 1630 2537 τό
1677 2480 1866 2538 δοκοῦν

266 2573 569 2660 ἐπέτρεψας.
629 2580 862 2656 ἐροῦμεν,
914 2586 987 2649 τῷ
1039 2585 1114 2648 σῷ
1187 2578 1444 2648 πνεύματι
1504 2580 1594 2627 καὶ
1813 2573 1868 2636 ἐξ

268 2672 429 2725 αὐτοῦ
453 2670 803 2747 θαρρήσαντες
831 2669 1043 2742 χάριτι.

338 2764 438 2815 Δύο
462 2758 628 2812 ταῦτα
647 2758 720 2831 ἐφ’
750 2754 964 2821 ὕδατος,
1022 2759 1081 2808 τό
1132 2756 1222 2828 μὲν
1270 2761 1472 2826 πρῶτον
1525 2760 1625 2804 τῶν
1678 2750 1861 2816 ἄλλων,

266 2854 325 2904 τό
358 2847 410 2903 δ’
436 2853 663 2922 ἔσχατον
710 2856 809 2899 τῶν
861 2844 1023 2897 ἄλλων
1078 2864 1168 2895 και
1221 2841 1305 2896 ἐπί
1354 2848 1605 2917 σταυροῦ,
1670 2842 1865 2915 ὁρῶμεν

270 2944 511 3013 θαύματα
530 2940 844 3014 γεγένημένα
884 2958 896 2969 ·
943 2955 1034 2987 10::
1080 2938 1139 2986 τό
1346 2939 1567 3007 πρῶτον,
1614 2930 1740 2984 αὐτὸ
1794 2927 1862 2989 δὴ

270 3038 421 3083 τοῦτο
441 3033 499 3082 τό
527 3028 573 3081 έν
599 3032 741 3082 Κανᾶ
765 3046 855 3078 10::
912 3024 961 3077 έν
1012 3025 1186 3098 γάμῳ,
1234 3024 1286 3075 ὃν
1324 3018 1393 3080 δὴ
1447 3040 1538 3075 10::
1594 3017 1866 3083 διεξιόντες

273 3119 461 3191 ἐσμεν·
495 3116 579 3171 ἐπί
633 3113 691 3169 δί
737 3121 829 3167 τοῦ
887 3118 1120 3189 σταυροῦ
1176 3107 1319 3185 ὕδωρ
1359 3111 1477 3186 ῥυὲν
1530 3107 1585 3161 ἐκ
1628 3117 1724 3172 τῆς
1772 3114 1864 3162 τοῦ

269 3217 503 3286 Σωτῆρος
548 3207 771 3279 πλευρᾶς
822 3205 919 3273 (4),
974 3200 1348 3274 μεταϐαλόντος
1410 3199 1476 3260 εἰς
1545 3206 1699 3252 τοῦτο
1774 3206 1864 3252 τοῦ

265 3303 440 3354 θεικοῦ
499 3300 718 3369 αἳματος
770 3292 844 3346 ἐπ’
904 3291 1135 3363 ἐσχάτου
1215 3298 1314 3341 τὼν
1413 3289 1711 3361 θαυμάτων,
1797 3290 1865 3350 ὡς

260 3390 349 3444 ἐπὶ
374 3397 464 3443 τοῦ
492 3392 701 3463 πρώτου
752 3386 987 3458 Χριστός
1038 3382 1192 3444 αὐτὸς
1245 3380 1317 3442 εἰς
1371 3383 1504 3432 οἶνόν
1548 3387 1702 3432 τοῦτο
1748 3399 1866 3454 μετ-

260 3478 429 3532 ἔϐαλε.

335 3573 436 3622 Καί
485 3563 633 3641 οἶμαι
682 3564 752 3625 εἰς
786 3580 976 3616 ταυτον
1028 3559 1156 3613 ἰέναι
1234 3560 1388 3632 ἄμφω
1466 3563 1539 3610 τὼ
1609 3559 1859 3632 θαύματι,

224 3663 314 3713 ⁵’τό
338 3677 391 3711 τε
427 3665 630 3731 πρῶτον
678 3657 737 3705 τό
796 3651 842 3702 τ’
895 3652 1142 3721 ἔσχατον.
1202 3645 1340 3701 Ἐκεῖ
1518 3649 1619 3720 γὰρ
1669 3648 1860 3719 γάμος,

251 3767 348 3803 και
374 3751 502 3818 τιμᾷ
518 3751 696 3796 τοῦτον
720 3743 851 3801 Θεὸς
882 3740 979 3811 (5),
1024 3738 1105 3791 ὅτι
1142 3756 1232 3790 και
1281 3740 1450 3810 τίμιος
1489 3736 1564 3807 (6)
1623 3757 1636 3768 ·
1689 3740 1864 3807 τίμιος

255 3833 320 3889 δὲ
350 3843 451 3887 τῶν
498 3831 551 3895 ἐξ
602 3831 759 3883 αὐτοῦ
822 3824 1027 3881 παίδων
1088 3826 1275 3893 εῖνεκα,
1334 3825 1424 3886 οὓς
1479 3844 1570 3876 και
1619 3825 1863 3877 εἰσποιεῖ-

255 3945 347 3978 ται
394 3924 623 3997 Χριστός
673 3939 764 3971 10::
812 3921 1019 3992 Πατέρα
1094 3915 1262 3967 αὐτῶν
1333 3915 1462 3967 εἶναι
1516 3914 1651 3986 λέγει
1734 3922 1863 3966 Θεον

259 4017 464 4087 πατέρα
507 4014 594 4063 τὸν
654 4005 812 4075 ἱδιον,
871 4026 962 4057 10::
998 4008 1276 4078 προτρέπει
1320 4022 1381 4073 γε
1457 4004 1593 4054 κατά
1669 4005 1865 4061 ταύτην

260 4108 360 4162 τὴν
421 4105 610 4175 σχέσιν
679 4097 982 4170 ἀνθρώπους
1040 4098 1188 4155 ὄντας
1257 4092 1449 4165 τολμᾷν
1525 4091 1868 4144 ἐπικαλεσθαι

262 4193 442 4245 αὐτόν.
477 4194 607 4244 Πότε
639 4185 691 4241 δ’
717 4186 866 4239 αύτοί
921 4188 1075 4237 τοῦτό
1123 4185 1246 4248 εἰσι,
1304 4201 1393 4234 και
1434 4182 1553 4235 πότ’
1593 4180 1869 4234 ἐπικαλού-

263 4300 413 4356 μενοι
474 4283 707 4352 γνησίως
771 4275 941 4342 εἰσίν;
1002 4273 1261 4331 Ὀπηνίκα
1290 4268 1533 4329 δηλονότι
1606 4292 1698 4323 10::
1794 4268 1869 4324 δι’

264 4368 466 4432 ὕδατος
525 4387 614 4420 10::
675 4367 973 4436 Πνεύματος
1037 4358 1184 4424 αὖθις
1284 4359 1699 4434 ἀναγεννηθέντες
1791 4361 1870 4435 (7)

266 4460 426 4513 αὐτόν
478 4459 707 4530 Χριστὸν
755 4454 871 4507 ὅλον
918 4456 1179 4528 φορέσωσι
1244 4447 1546 4512 διαιωνίζον
1622 4471 1713 4503 και
1776 4449 1868 4523 διφ-

270 4551 461 4622 θαρτον
493 4542 713 4616 ἔνδυμα.
770 4546 834 4595 Τί
891 4540 1108 4606 λοιπὸν;
1165 4541 1196 4597 ἡ
1255 4542 1345 4612 μὲν
1372 4547 1463 4591 τοῦ
1509 4537 1873 4612 βαπτίσματος

266 4640 417 4708 πηγὴ
452 4632 586 4692 δήλη
615 4631 667 4696 ἐξ
696 4632 760 4693 ἧς
782 4650 872 4682 10::
896 4633 955 4681 τό
1001 4627 1379 4699 ἀναγεννᾶσθαι
1432 4630 1557 4701 ἡμῖν
1617 4648 1631 4662 ο
1693 4632 1753 4681 τό
1815 4624 1874 4680 δὲ

271 4733 365 4779 τοῦ
419 4726 715 4795 Πνεύματος
768 4718 968 4791 ἀφανὲς,
1028 4736 1116 4770 και
1174 4724 1279 4778 τοῖς
1328 4715 1572 4778 ἀπίστοις
1626 4717 1685 4773 ού
1737 4718 1873 4770 πάνυ

266 4835 325 4869 τι
369 4832 552 4867 πιστόν
599 4807 682 4863 ὅτι
741 4815 977 4861 τοσαῦτα
1029 4807 1263 4881 ὑπερφυῆ
1317 4824 1409 4858 10::
1455 4807 1659 4879 μεγήλα
1735 4806 1876 4859 ἔστιν

269 4901 420 4979 ὕδωρ
460 4898 828 4973 δεδυνημένον·
881 4896 957 4951 Οὐ
1020 4898 1119 4969 γὰρ
1163 4896 1327 4968 όρωσι
1382 4898 1441 4947 τὸ
1481 4903 1709 4968 Πνεῦμα,
1763 4915 1874 4962 και,

350 5132 659 5207 (t)Gene_s.
698 5146 778 5185 IlI.
802 5128 886 5195 19,
929 5129 1012 5181 Ἐν
1073 5123 1258 5201 ἱδρῶτι
1303 5132 1400 5178 τοῦ
1456 5130 1741 5200 προσώπου
1781 5143 1877 5179 σου

461 5207 549 5280 τόν
592 5203 745 5275 ἄρτον
801 5220 916 5252 σου.

352 5272 427 5348 (2)
458 5277 547 5330 An
577 5272 670 5327 τοῦ
716 5279 881 5348 κακοῦ
936 5272 965 5326 Ἰ

352 5282 408 5348 (2
458 5282 547 5330 An
577 5282 670 5327 τοῦ
716 5282 881 5325 κακοῦ
936 5282 965 5326 Υ
1327 5339 1337 5349 _

352 5282 451 5420 (1:).
479 5344 849 5420 Vernaculo,
886 5342 992 5420 sed
1020 5338 1551 5420 negligentissime,
1578 5343 1881 5415 pourquoi

274 5413 422 5493 que:
448 5419 679 5493 Yeteres
698 5414 982 5493 dicebant
1012 5413 1229 5493 potius
1276 5415 1357 5464 ὅτι
1383 5431 1457 5466 τε.

355 5490 845 5568 (4)Joanne._x115,
871 5488 941 5568 914
966 5501 981 5539 :
1010 5481 1096 5545 Εἷς
1119 5489 1567 5568 τῶνλοςτροξῖίωῖῶι
1585 5481 1761 5568 λόγχῃ
1790 5484 1881 5534 αύ-

277 5552 377 5633 τοῦ
403 5552 500 5619 τὴν
526 5559 751 5633 πλευρὰν
797 5555 958 5623 ἓνυξε,
997 5576 1088 5609 και
1160 5552 1313 5616 εὐθὺς
1353 5552 1558 5618 έξῆλθεν
1609 5552 1747 5626 αἷμα
1790 5573 1882 5606 10::

279 5630 453 5708 ὕδωρ,

1968 531 2447 592 necessariorum
2472 540 2674 597 autem
2706 536 2821 609 ipsi
2850 553 2996 593 cura
3015 542 3108 593 est
3130 553 3239 610 pro
3262 538 3620 606 viventibus,

1970 617 2163 689 panis,
2192 618 2466 691 inquam,
2518 629 2575 680 et
2600 640 2795 697 aqum.
2830 627 2895 681 Et
2958 624 3093 681 ideo
3138 641 3330 682 unum
3375 626 3623 698 quidem

1970 705 2146 762 nobis
2197 710 2386 769 otium
2443 712 2715 771 abundat
2763 732 2777 782 ;
2841 729 3059 787 panem
3114 730 3259 771 vero
3315 715 3373 771 in
3405 716 3624 772 sudore

1975 797 2364 869 manducare,
2414 801 2514 857 Dei
2567 803 2920 859 mandatum
2949 810 3058 868 est,
3090 811 3334 876 propter
3359 803 3625 861 fructum

1973 885 2141 942 illum
2161 896 2699 965 venustum,quem
2715 898 3029 950 venustate
3061 910 3131 949 ac
3157 893 3297 963 gula
3314 895 3449 950 victi
3474 900 3628 968 prae-3,

1975 983 2404 1052 ceptorumque
2446 981 2814 1052 negligentes
2843 983 3238 1038 comedimus.

2045 1157 2319 1214 Attamen
2361 1157 2477 1214 hoc
2529 1159 2714 1216 modo
2744 1159 2968 1216 cumid
2996 1160 3307 1219 meliorem
3358 1161 3631 1221 videatur

1973 1244 2389 1319 maioremque
2414 1247 2708 1305 rationem
2762 1248 3002 1316 habere,
3043 1249 3299 1323 plusque
3327 1254 3631 1309 continere

1972 1329 2256 1389 doctrinae
2285 1341 2527 1408 propter
2578 1336 2935 1410 sapientiam
2987 1353 3060 1394 ac
3113 1340 3299 1401 vitam
3329 1340 3628 1410 frugalem

1973 1435 2084 1475 con
2095 1421 2743 1505 tinentemque,nempe
2756 1443 2892 1482 cum
2914 1426 3124 1481 melius
3139 1428 3409 1483 videatur
3422 1428 3632 1485 vinum

1973 1508 2033 1563 in
2056 1525 2280 1582 aquam
2311 1513 2460 1569 verti
2489 1530 2676 1586 quam
2724 1531 2952 1587 aquam
2990 1515 3052 1571 in
3084 1518 3291 1572 vinum
3327 1532 3339 1582 ;
3367 1516 3517 1589 quid
3541 1525 3632 1575 est

1974 1600 2139 1661 quod
2167 1617 2286 1658 non
2309 1603 2476 1677 prius
2499 1619 2568 1660 ac
2587 1604 2801 1661 melius
2830 1609 2933 1676 aut
2952 1609 3253 1669 neutrum,
3288 1606 3392 1663 sed
3418 1621 3628 1662 secuno

1974 1687 2367 1764 dum,nempe
2392 1707 2618 1764 aquam
2648 1692 3010 1750 miraculum
3038 1693 3412 1765 converterit,
3443 1693 3620 1761 bene,

1906 1791 1949 1855 Β
1977 1777 2129 1833 utin
2169 1780 2412 1836 exordio
2443 1780 2725 1847 diximus.
2784 1782 3058 1855 inquiris.
3098 1782 3212 1839 Sed
3249 1784 3385 1855 quis
3414 1782 3630 1843 melius

1976 1882 2162 1939 quam
2195 1873 2255 1925 tu
2283 1875 2340 1926 et
2395 1872 2714 1943 exquirens
2742 1888 2812 1928 ac
2864 1871 3121 1929 multum
3150 1870 3436 1933 laborans
3474 1878 3631 1931 recte

1976 1956 2285 2025 inveniret,
2322 1957 2494 2028 cujus
2526 1975 2627 2016 cor
2684 1975 2906 2031 purum
2936 1965 3024 2016 est
3051 1975 3120 2019 ac
3171 1962 3357 2016 Deum
3389 1959 3626 2031 videns,

1976 2043 2271 2118 cujusque
2302 2047 2694 2117 cogitationes
2717 2048 2798 2107 ad
2849 2064 2990 2104 eum
3039 2048 3431 2105 ascendentes
3454 2048 3631 2121 plene
3688 2092 3693 2098 .

1975 2133 2131 2191 illius
2163 2134 2442 2191 miranda
2499 2142 2828 2208 penetrant,
2856 2138 2939 2195 ita
2978 2142 3043 2194 ut
3066 2143 3125 2194 et
3160 2153 3300 2194 cum
3329 2136 3539 2210 spiritu
3560 2153 3633 2196 ea

1976 2239 2112 2296 quae
2143 2229 2282 2279 sunt
2312 2224 2562 2296 Spiritus
2579 2225 2782 2285 valeas
2808 2232 3141 2303 penetrare.
3170 2227 3469 2294 Quoniam
3488 2242 3632 2283 vero

1977 2327 2088 2366 nos
2111 2316 2175 2367 ut
2200 2316 2467 2368 nostram
2486 2312 2839 2373 sententiam
2874 2312 3210 2371 diceremus
3250 2314 3519 2371 hortatus
3545 2330 3629 2387 es,

1976 2399 2247 2457 dicemus
2278 2405 2378 2457 tuo
2409 2401 2639 2477 spiritui
2669 2407 2725 2459 et
2754 2402 2828 2475 ei,
2855 2419 2991 2477 quas
3018 2419 3091 2460 ex
3126 2404 3258 2481 ipso
3287 2408 3380 2461 est
3415 2403 3629 2477 gratia,

1977 2488 2366 2547 conﬁdentes.

2048 2757 2180 2810 Haec
2196 2755 2319 2813 duo
2337 2759 2633 2812 miracula
2647 2756 2710 2812 in
2726 2772 2889 2829 aqua
2923 2756 3082 2814 facta
3119 2756 3415 2828 videmus,
3436 2773 3629 2815 unum

1975 2845 2221 2917 quidem
2248 2846 2511 2917 primum
2529 2846 2804 2902 omnium
2830 2851 3202 2917 caeterorum,
3234 2846 3488 2904 alterum
3518 2863 3628 2906 au-

1976 2937 2093 2989 tem
2130 2934 2410 2992 ultimum
2448 2934 2728 3005 aliorum,
2776 2940 2834 2993 et
2881 2937 2939 2995 in
2990 2952 3185 2994 cruce.
3242 2939 3307 2994 Et
3362 2937 3629 3019 primum

1974 3022 2221 3096 quidem
2271 3022 2415 3078 illud
2469 3029 2556 3079 est
2606 3022 2772 3096 quod
2820 3023 2880 3081 in
2932 3027 3096 3083 Cana
3151 3030 3210 3082 et
3252 3024 3314 3082 in
3378 3026 3627 3103 nuptiis,

1909 3111 2141 3200 Cquod
2201 3128 2362 3168 nunc
2424 3111 3059 3187 explanamus;aqua
3120 3131 3264 3171 vero
3329 3114 3391 3172 in
3449 3130 3629 3172 cruce

1975 3200 2167 3257 eﬂ‘usa
2205 3218 2278 3257 ex
2320 3201 2643 3258 Salvatoris
2700 3200 2899 3268 latere,
2949 3202 3161 3260 ultimo
3217 3202 3508 3260 miraculo
3562 3205 3626 3260 in

1974 3306 2200 3361 aquam
2251 3306 2538 3346 converso
2587 3289 2791 3346 divino
2840 3291 3155 3361 sanguine,
3204 3297 3269 3349 ut
3314 3292 3376 3349 in
3426 3291 3626 3366 primo

1974 3379 2238 3435 Christus
2258 3379 2389 3452 ipse
2418 3380 2479 3435 in
2496 3379 2702 3435 vinum
2732 3380 3038 3437 convertit.

2041 3560 2231 3628 Atque
2270 3556 2486 3631 opinor
2520 3555 2599 3613 ad
2625 3555 2787 3614 idem
2812 3555 2997 3619 ambo
3024 3556 3320 3617 miracula
3356 3557 3622 3628 tendere,

1972 3644 2235 3716 primum
2267 3662 2338 3701 ac
2376 3645 2675 3703 ultimum.
2717 3647 2804 3702 Ibi
2833 3646 2993 3702 enim
3024 3647 3270 3719 nuptiae,
3303 3652 3363 3703 et
3388 3662 3492 3703 eas
3519 3647 3625 3705 hm

1971 3739 2148 3790 norat
2161 3736 2333 3802 Deus,
2347 3734 2490 3807 quia
2504 3750 2651 3791 sane
2663 3735 3031 3792 honorandae
3045 3741 3185 3798 sunt
3209 3751 3223 3801 ;
3251 3736 3625 3797 honoranda;

1972 3829 2173 3879 autem
2191 3829 2347 3895 sunt,
2363 3824 2698 3881 futurorum
2713 3824 2974 3881 ﬁliorum
2991 3841 3197 3896 causa,
3210 3842 3365 3898 quos
3377 3826 3630 3900 adoptat

1974 3913 2256 3984 Christus,
2290 3930 2361 3969 ac
2404 3916 2633 3969 Patrem
2674 3929 2886 3970 eorum
2925 3930 3059 3970 esse
3105 3913 3248 3970 dicit
3295 3918 3483 3971 Deum
3525 3931 3629 3988 pa-

1975 4007 2121 4057 trem
2154 4018 2352 4067 suum,
2412 4007 2469 4059 et
2513 4002 2791 4057 homines
2829 4002 3033 4059 incitat
3074 4009 3142 4058 ut
3180 4019 3321 4059 eum
3352 4004 3630 4060 invocare

1976 4090 2309 4147 secundum
2326 4091 2484 4147 hanc
2495 4091 2849 4148 relationem
2861 4090 3142 4147 audeant.
3159 4092 3413 4157 Quando
3428 4098 3631 4149 autem

1975 4180 2037 4235 id
2062 4184 2220 4250 sunt,
2240 4186 2294 4236 et
2314 4178 2564 4252 quando
2580 4195 2720 4235 eum
2748 4179 3009 4250 legitime
3033 4180 3362 4237 invocant?
3378 4182 3633 4247 Quando

1980 4285 2128 4325 saue
2167 4285 2274 4342 per
2321 4285 2546 4342 aquam
2595 4285 2666 4325 ac
2707 4268 2990 4341 Spiritum
3048 4270 3380 4339 regenerati
3429 4272 3633 4327 Jesum

1981 4358 2282 4415 Christum
2312 4363 2502 4414 totum
2525 4357 2722 4414 ferunt
2738 4358 3169 4430 sempiternum
3188 4363 3247 4414 et
3274 4359 3637 4432 incorrupti-

1981 4448 2099 4504 bile
2118 4448 2566 4504 vestimentum.
2599 4447 2754 4513 Quid
2782 4445 3094 4519 denique?
3126 4450 3278 4504 Fons
3306 4449 3637 4522 baptisma-

1984 4538 2056 4592 tis
2078 4537 2429 4593 manifestus
2461 4541 2647 4593 estex
2678 4552 2802 4608 quo
2849 4551 3300 4607 regeneramur.
3331 4538 3505 4604 Quod
3533 4554 3636 4595 au-

1984 4630 2105 4680 tem
2132 4631 2224 4681 est
2262 4625 2530 4697 spiritus,
2575 4624 2871 4681 invisibile
2916 4631 3024 4694 est,
3056 4630 3114 4681 et
3159 4625 3511 4684 inﬁdelibus
3532 4628 3641 4683 mi-

1985 4715 2147 4771 nime
2169 4713 2450 4775 credibile
2476 4718 2565 4771 est
2585 4718 2668 4771 tot
2686 4719 2744 4773 et
2766 4717 2937 4770 tanta
2957 4730 3144 4786 supra
3162 4720 3433 4771 naturam
3460 4731 3639 4787 posse

1986 4819 2211 4876 aquam
2228 4802 2481 4860 eﬂlcere.
2504 4805 2633 4861 Non
2650 4803 2811 4861 enim
2834 4803 3038 4859 vident
3070 4803 3376 4875 Spiritum,
3407 4810 3464 4860 et
3493 4805 3642 4878 quia

1987 4909 2126 4949 eum
2146 4908 2269 4949 non
2286 4891 2512 4959 vident,
2540 4907 2738 4964 neque
2752 4891 3089 4962 intelligunt
3105 4893 3639 4950 commutationem

2059 5127 2137 5198 (5)
2194 5125 2510 5195 Gregorius
2576 5127 2712 5182 Naz.
2772 5125 2907 5198 Ora.
2961 5139 3049 5190 XL,
3100 5139 3164 5196 p.
3224 5127 3644 5197 648εΜιμήσο-

1987 5219 2085 5271 μαι
2139 5202 2371 5271 Χριστόν
2411 5241 2424 5253 .
2482 5240 2495 5254 .
2550 5238 2565 5252 .
2612 5200 2662 5257 ὅς
2725 5200 2817 5248 καὶ
2880 5197 3269 5270 θαυματουργεί
3335 5199 3486 5269 γάμῳ
3553 5202 3645 5250 καὶ

1988 5277 2130 5344 τιμᾶ»
2158 5273 2416 5344 Mari“?
2450 5272 2739 5344 τῑαρευςίᾳ-

2061 5342 2140 5409 (6)
2176 5337 2363 5413 Ερὶέῒ..
2420 5338 2500 5396 ad
2526 5337 2726 5394 'Hebl‘.
2788 5353 2903 5403 xm,
2965 5338 3000 5393 4
3028 5353 3041 5391 :
3074 5341 3261 5411 Τίμιος
3311 5339 3338 5391 ὁ
3387 5341 3559 5413 γάμος
3597 5338 3646 5392 έν

1986 5431 2141 5467 πασι.

2061 5484 2142 5551 (7)
2198 5484 2414 5539 Joann.
2468 5497 2549 5547 nl,
2602 5484 2632 5536 ὅ
2664 5480 2825 5551 ζἸΞξὰν
2876 5482 2946 5538 μή
3007 5499 3090 5541 τις
3139 5483 3358 5551 γεννηθῇ
3413 5480 3467 5545 ἐξ
3518 5478 3649 5535 ὕδα-

1988 5540 2077 5627 τος
2122 5540 2218 5608 ααὶ
2268 5540 2578 5626 πνεύματος²
2632 5550 2691 5605 οὗ
2736 5548 2963 5615 δύναται.
3002 5540 3249 5609 εἰσελθεῖν
3278 5540 3368 5617 εἷς
3418 5540 3513 5615 riis
3554 5552 3652 5627 βα-

1994 5625 2190 5689 σιλείαν
2216 5633 2308 5691 τοῦ
2348 5625 2515 5687 Θεοῦ.
