4130 6406
277 351 418 405 1457

1380 353 1473 409 DE
1509 349 1871 408 PFTITIONE
1912 346 2160 403 ELISAE‘I
2196 347 2291 404 AD
2332 349 2562 407 ELIAM.

3522 357 3653 410 1458

277 475 422 535 ίεοὰς
449 472 611 540 ἐοντα,
641 472 713 536 εἰς
745 472 972 547 βάθοςῆ
1045 476 1113 540 εἰς
1164 476 1297 550 ὕψος
1346 481 1541 533 τούτων
1599 475 1881 548 πειρᾶσθαι

2000 471 2214 542 legens,
2239 487 2450 531 earum
2466 472 2941 548 profunditatem
2964 471 3058 529 vel
3074 471 3451 533 altitudinem
3470 492 3653 550 pene-

277 564 430 630 ἰέναι,
461 559 592 636 μηδ’
615 561 890 631 ἐξετάζειν,
924 567 1054 638 μήθ’
1099 567 1200 620 ὅσα
1257 572 1329 640 μὴ
1393 565 1494 637 δεῖ,
1547 567 1672 640 μήθ’
1723 565 1757 619 ἂ
1805 567 1878 637 μὴ

271 656 410 707 πάνυ
465 673 516 706 τι
567 651 810 725 ἀσφαλες,
863 651 1002 727 μηδὲ
1076 675 1136 727 γε
1202 657 1672 730 πολυπραγμονεῖν,
1750 650 1882 727 μηδ’

277 740 387 796 οἷον
434 742 718 816 γυμνάζειν
783 762 872 796 και
947 741 1254 818 δοκιμάζειν
1329 745 1512 800 έθελειν
1598 748 1684 798 τόν
1765 749 1881 796 νοῦν

277 831 330 886 ἰν
373 839 483 892 τοῖς
545 831 865 906 ἀποκρύφοις
929 834 1116 901 αὐτῶν,
1184 834 1292 889 ἐπεί
1346 833 1487 910 μηδὲ
1533 854 1696 889 πασιν
1745 832 1882 906 ἀφεῖ-

278 941 371 975 ται
433 930 602 977 ταῦτα
648 943 738 975 και
785 924 885 976 ὅσα
942 931 1035 977 τοῦ
1089 928 1406 998 Πνεῦματος,
1468 925 1573 978 ἀλλ’
1657 921 1729 985 οἷς
1793 941 1883 975 και

276 1018 372 1065 τοῦ
380 1011 423 1064 τ’
449 1016 563 1065 εστί
601 1008 898 1085 δεδομένον,
945 1010 1138 1073 δεδυνῆ
1149 1017 1277 1068 σθαν
1330 1011 1575 1074 δηλονότι
1629 1022 1728 1067 τῶν
1788 1008 1822 1064 δ
1827 1031 1881 1064 ε-

281 1097 549 1173 δογμένων
663 1099 980 1174 ἐφικνεῖσθαι
1081 1122 1171 1155 και

280 1191 565 1261 Πνεῦματι·
615 1209 704 1242 και
769 1193 828 1243 τὸ
903 1198 998 1252 τῆς
1077 1193 1216 1255 θείας
1292 1199 1463 1265 φωνῆς
1530 1193 1656 1267 πρὸς

278 1279 430 1352 οἶμαι
484 1278 675 1350 μᾶλλον
737 1279 923 1353 φέρειν,
955 1302 981 1331 ‹‹
1011 1279 1275 1355 Ἐρευνᾶτε
1309 1282 1382 1352 (l)
1432 1283 1522 1342 τὰς
1572 1281 1796 1355 Γραφάς-
1851 1299 1879 1329 ν)

274 1371 521 1422 τουτέστι
581 1373 651 1440 μὴ
725 1372 857 1444 πρὸς
910 1372 1108 1432 πάντας
1180 1367 1309 1424 εἶναι
1396 1375 1491 1431 τὴν
1566 1371 1878 1444 προτροπὴν,

274 1457 407 1510 ἀλλά
457 1477 509 1510 τι
552 1461 676 1533 πρὸς
716 1456 956 1529 ίκείνους,
997 1461 1075 1522 οἷς
1123 1480 1212 1513 και
1275 1463 1332 1513 τὸ
1411 1461 1668 1534 εὑρίσκειν
1739 1456 1880 1511 ἐστίν

278 1550 346 1609 ὡς
397 1549 561 1620 ὀρθῶς

1269 1105 1528 1176 ῦπηγορευ
1533 1107 1694 1176 μένων
1807 1107 1880 1170 τῷ

1737 1187 1878 1242 τοῦτ’

642 1548 780 1602 ἔστιν
847 1547 895 1601 έν
975 1549 1176 1615 αὐταῖς,

277 1655 370 1689 και
393 1645 545 1710 σῶμα
568 1657 658 1690 και
685 1637 917 1709 γλῶτταν
973 1658 1064 1691 και
1111 1637 1297 1710 ψυχὴν
1343 1658 1434 1692 και
1478 1634 1736 1702 διάνοιαν,
1790 1653 1881 1688 και

277 1733 405 1798 γοῦν
448 1731 533 1780 τόν
584 1731 773 1802 τρόπον
819 1734 1000 1782 τοῦτον
1055 1723 1457 1801 δεδυνημένους,
1531 1731 1698 1802 χωρίς
1787 1744 1881 1784 κη-

1257 1551 1668 1624 κεκαθαρμένους
1733 1546 1881 1606 ὅλους

1991 565 2145 616 trare
2176 564 2551 630 tentarem,et
2576 562 2626 619 si
2655 562 3023 636 inquirerem
3056 578 3130 618 ea
3154 578 3292 635 quae
3323 579 3445 620 non
3475 583 3650 639 opor-

1991 653 2089 718 tet,
2107 653 2361 722 autquae
2383 667 2506 708 non
2530 667 2809 708 securum
2833 655 2922 706 est
2945 651 3266 724 inquirere,
3303 658 3360 710 et
3382 654 3430 709 si
3461 655 3650 712 nimio

1990 739 2204 796 ardore
2225 740 2424 797 studio
2448 740 2884 807 incumberem,
2919 746 2976 796 et
3016 740 3063 796 si
3114 747 3395 814 exerceri,
3452 750 3510 800 et
3551 761 3652 800 ex-

1990 827 2227 900 plorare
2253 830 2466 887 vellem
2496 847 2707 888 eorum
2758 834 3022 888 mentem
3071 846 3204 902 quae
3261 831 3322 887 in
3375 832 3446 887 iis
3505 833 3652 890 abs-

1991 917 2350 983 conduntur,
2375 935 2514 976 cum
2535 935 2658 976 non
2677 919 2964 977 omnibus
2986 919 3161 976 detur
3182 935 3252 976 ea
3278 925 3334 976 et
3353 923 3652 994 quidquid

1988 1007 2380 1079 estaSpiritn
2407 1013 2638 1072 sancto,
2691 1008 2798 1064 sed
2848 1009 2920 1064 iis
2972 1012 3204 1064 tantum
3256 1009 3479 1082 quibus
3536 1010 3650 1068 da-

1988 1099 2116 1151 tum
2147 1100 2252 1162 est,
2284 1101 2596 1168 penetrare
2625 1113 2802 1169 posse
2834 1102 2889 1154 et
2915 1097 3240 1166 intelligere
3280 1097 3574 1169 dogmata
3613 1115 3652 1157 a

1992 1184 2211 1256 Spiritu
2245 1190 2451 1242 sancto
2481 1186 2826 1258 praedicata.
2855 1190 2935 1242 Ac
2965 1187 3018 1242 is
3051 1191 3141 1242 est
3173 1203 3390 1244 sensus
3429 1187 3650 1246 divinas

1987 1273 2170 1344 hujus
2199 1275 2364 1330 vocis
2391 1293 2404 1330 :
2437 1298 2464 1327 «
2498 1275 2854 1332 Scrutamini
2886 1276 3240 1348 Scripturas;
3271 1299 3300 1327 »
3332 1293 3405 1334 ea
3433 1279 3651 1334 exhor-

1990 1363 2132 1418 tatio
2154 1379 2276 1419 non
2307 1365 2384 1420 ad
2412 1381 2621 1421 omnes
2667 1365 2938 1437 pertinet,
2991 1365 3099 1420 sed
3141 1365 3221 1421 ad
3269 1381 3372 1422 eos
3417 1372 3652 1424 tantum

1989 1452 2212 1526 quibus
2237 1452 2373 1509 licet
2397 1458 2551 1510 recte
2581 1453 2842 1510 invenire
2872 1469 3006 1526 quas
3032 1453 3094 1509 in
3125 1455 3210 1509 eis
3249 1455 3646 1524 continentur,

1989 1541 2282 1597 mundum
2306 1541 2670 1599 habentibus
2697 1557 2914 1614 corpus
2935 1546 2990 1597 et
3014 1541 3286 1612 linguam
3309 1547 3366 1597 et
3388 1543 3650 1600 animam

1990 1634 2047 1686 et
2066 1629 2510 1700 cogitationem,
2546 1636 2727 1703 atque
2765 1631 2867 1696 ita,
2903 1645 3044 1686 cum
3085 1632 3214 1686 sine
3241 1630 3483 1687 macula
3514 1632 3649 1698 sint,

1989 1719 2207 1776 divinae
2244 1720 2394 1776 lucis
2422 1720 2771 1792 capacibus,
2808 1735 2879 1776 ac
2907 1719 3344 1776 revelationum
3375 1719 3654 1778 initiatio-

281 1812 638 1888 λίδος,φωτὸς
694 1813 824 1869 εἶναι
867 1824 960 1871 τοῦ
1018 1817 1154 1870 θείου
1216 1813 1508 1883 δεκτικοὺς,
1559 1836 1648 1869 και
1688 1813 1882 1868 ἀποκα-

2000 1825 2261 1882 numque
2283 1814 2491 1866 nostra
2509 1814 2708 1866 mente
2733 1825 2804 1865 ac
2831 1809 2884 1864 vi
2907 1813 2965 1865 et
2987 1812 3205 1864 natura
3233 1808 3652 1866 excelsiorum.

282 1903 482 1977 λύψεων
530 1925 620 1958 και
675 1911 917 1978 μυήσεων
978 1906 1306 1979 ὑψηλοτέρων
1391 1912 1484 1958 τοῦ
1559 1904 1676 1958 καθ’
1747 1905 1883 1976 ἡμᾶς

281 2001 372 2047 νοῦ
397 2015 486 2048 και
515 2002 611 2057 τῆς
652 1995 767 2048 κατ’
812 1994 967 2048 αὐτὸν
1029 1996 1221 2067 ἰσχύος
1261 2015 1351 2048 και
1399 1998 1616 2068 φύσεως.
1677 1993 1738 2048 Εἰ
1778 1994 1881 2066 γὰρ

282 2083 522 2156 ἀνάγνοις
573 2088 762 2160 χερσίν
836 2084 895 2137 οὗ
977 2086 1122 2157 θέμις
1192 2093 1293 2138 τῶν
1379 2084 1546 2156 ἁγνῶν
1627 2083 1886 2136 ἅπτεσθαι

283 2194 372 2228 και
416 2176 680 2246 καθαρῶν,
734 2175 766 2234 ἦ
819 2194 920 2228 που
985 2174 1115 2228 πολύ
1164 2194 1252 2226 και
1331 2173 1572 2228 πλεῖστον
1631 2175 1752 2228 ὅσον
1828 2176 1884 2226 τὸ

286 2261 402 2326 δέος
449 2270 568 2316 νοῦν
615 2269 686 2336 μὴ
732 2266 1110 2339 κεκαθαρμένον
1163 2260 1303 2336 μηδὲ
1359 2260 1594 2317 διάνοιαν
1674 2261 1888 2334 έμϐιϐοἱ-

284 2354 390 2415 ζειν
437 2351 724 2427 βιάζεσθαί
778 2373 868 2406 και
917 2355 1250 2429 προσχωρεῖν
1301 2373 1391 2406 και
1446 2351 1552 2405 οἷον
1623 2371 1887 2424 συμπαρε-

279 2445 575 2498 κτείνισθαι
621 2449 730 2505 τοῖς
794 2443 1199 2518 ὑπερκειμένοις,
1260 2462 1350 2496 και
1407 2437 1576 2514 μηδὲν
1634 2439 1885 2514 ἐφικτοῖς,

281 2537 364 2586 ὅτι
409 2538 482 2605 μὴ
532 2531 640 2605 μετ’
694 2530 1008 2605 ἀκραιφνοῦς
1077 2531 1310 2605 ἁγισμοῦ
1369 2536 1459 2584 καὶ
1541 2531 1606 2594 ἧς
1681 2529 1886 2603 εἴπομεν

281 2621 476 2683 τελείας
515 2623 836 2694 καθάρσεως.

359 2710 434 2762 Οὐ
485 2714 588 2783 μὴν
630 2709 762 2780 ἀλλ’,
830 2706 1012 2768 ἐπειδὴ
1075 2714 1201 2763 Θεοῦ
1287 2713 1377 2762 καὶ
1458 2715 1624 2762 ταῦτα
1702 2711 1886 2782 φωναὶ,

290 2823 309 2849 ε
343 2799 555 2858 Ζητεῖτε
582 2799 683 2869 (2),
730 2803 820 2852 καὶ
882 2799 1146 2873 εὑρήσετε,
1201 2801 1410 2870 κρούετε
1464 2802 1555 2851 καὶ
1616 2795 1890 2870 ἀνοιγήσε-

282 2909 389 2952 ται,
441 2910 470 2940 ››
523 2892 777 2961 πρόσιμεν
839 2892 929 2941 καὶ
985 2887 1156 2956 αὐτοὶ,
1219 2887 1494 2950 ζητοῦντες
1552 2887 1735 2962 εὑρεῖν,
1789 2889 1892 2939 Καὶ

284 2981 536 3054 κρούομεν
603 2974 671 3036 δὴ
730 2985 932 3052 πρῶτον
987 2981 1074 3030 τὸν
1130 2984 1268 3041 νοῦν,
1327 2975 1453 3030 ὣστ’
1519 2975 1567 3029 έν
1642 2982 1887 3051 προσοχῇ

286 3075 620 3143 ⁹γρηγορῆσαι
670 3072 760 3119 καὶ
815 3072 1125 3120 ταπεινώσει
1175 3070 1266 3119 καὶ
1324 3064 1570 3138 συντριϐῇ
1641 3060 1886 3140 καρδίας·

292 3155 379 3209 εἴτ’
433 3155 589 3208 αὐτὸν
628 3155 820 3228 ἄγομεν
877 3153 965 3207 ἐπὶ
1024 3157 1115 3216 τὰς
1179 3153 1512 3226 έγκλειούσας
1556 3153 1724 3215 πύλας
1799 3157 1890 3206 καὶ

287 3247 380 3307 τὰς
417 3243 717 3318 έπικρύψεις
773 3243 941 3297 αὐτῶν
987 3251 1087 3296 τῶν
1128 3245 1273 3296 θείων
1336 3248 1569 3317 Γραφῶν,
1635 3240 1893 3316 βάλλοντα

285 3336 377 3406 μὲν
404 3331 455 3397 ές
475 3333 652 3404 αὐτὰς,
712 3332 806 3385 οῦκ
871 3330 1078 3404 ἀφόϐως
1136 3328 1214 3403 δὲ,
1269 3336 1359 3384 καὶ
1405 3339 1530 3403 γοῦν
1591 3332 1724 3404 μετὰ
1765 3329 1891 3383 πολ-

285 3423 375 3476 λοῦ
413 3441 549 3485 τινος
595 3429 686 3474 τοῦ
740 3417 888 3483 δέους
946 3421 1207 3481 ζητοῦντα
1251 3421 1480 3495 ῥαγῆναι
1542 3422 1734 3481 ταύτας
1815 3417 1892 3492 ἐφ’

285 3513 460 3564 ἱκανὸν
506 3514 596 3562 καὶ
653 3511 1044 3581 ὐπανοιχθῆναι
1105 3508 1267 3579 αὐτῷ,
1325 3513 1416 3562 καὶ
1472 3504 1541 3568 δὴ
1623 3512 1890 3579 γενόμενον

283 3601 426 3662 έντός
478 3595 644 3672 μηδὲν
701 3594 760 3650 id
767 3617 839 3650 ιον
886 3602 1024 3670 μώτε
1078 3605 1266 3656 νοῆσαι
1313 3596 1438 3670 μήτ’
1509 3597 1687 3667 εἰπεῖν,
1783 3594 1890 3648 ἀλλ’

283 3690 406 3742 ὂσον
434 3688 496 3740 ἄν
555 3692 646 3740 καὶ
694 3682 1009 3759 διδαχθείη,
1051 3688 1120 3748 ὡς
1173 3687 1273 3738 ὑπὸ
1325 3687 1770 3759 παραπετάσματι
1818 3692 1892 3756 τῷ

282 3780 566 3852 φαινομένῳ
615 3779 964 3852 κρυπτόμενον
1021 3779 1111 3828 καὶ
1171 3779 1243 3848 μή
1294 3775 1430 3827 πάνυ
1488 3793 1539 3826 τι
1596 3770 1757 3834 δῆλον
1836 3773 1891 3826 ὃν

283 3873 394 3929 τοῖς
420 3861 629 3926 πολλοῖς
641 3908 651 3919 .

356 3955 434 4009 Οῦ
462 3959 564 4029 μὴν
595 3952 724 4020 ἀλλ’,
767 3952 875 4008 ἐπεὶ
921 3953 1067 4006 ταῦτ’
1115 3952 1291 4028 ἀρχὴν
1353 3960 1454 4005 τῶν
1521 3951 1698 4024 ἐφεξῆς
1765 3951 1889 4005 ῦπο-

290 4047 516 4118 θεμένοις
577 4043 663 4097 ἐπὶ
733 4045 940 4106 τούτοις
1008 4043 1169 4106 οὓτως
1251 4045 1444 4114 ἔχουσι
1518 4045 1608 4093 καὶ
1683 4039 1890 4116 θαρρεῖν

287 4137 413 4209 ἡμῖν
476 4136 690 4200 ἔπεισιν,
750 4131 830 4185 ἐπ’
897 4131 1024 4186 αῦτό
1077 4137 1168 4185 καὶ
1226 4128 1294 4190 δὴ
1351 4131 1530 4184 λοιπὸν
1589 4130 1801 4204 ἣκομεν,
1865 4131 1891 4183 ὃ

289 4222 358 4283 δὴ
411 4230 499 4276 νῦν
561 4228 651 4276 καὶ
707 4222 984 4285 ζητοῦντές
1037 4220 1212 4295 ἐσμεν.
1258 4219 1414 4274 Ἔστι
1463 4217 1522 4273 δέ
1576 4227 1730 4273 τοῦτο
1787 4224 1889 4287 τί;

286 4317 356 4368 Τὸ
402 4314 540 4366 κατὰ
595 4315 682 4364 τὸν
732 4310 908 4364 Ἠλίαν
967 4316 1056 4364 καὶ
1122 4309 1439 4378 Ἐλισσαῖον,
1628 4305 1892 4368 δήπουθεν

288 4405 361 4458 ένί
407 4422 466 4476 γε
517 4406 626 4454 ὄντι
675 4405 766 4453 καὶ
810 4399 987 4474 ἀπόρῳ
1035 4399 1191 4453 πλείω
1236 4404 1327 4452 καὶ
1375 4399 1539 4472 μείζω
1629 4401 1890 4474 συνεισέρ-

287 4513 466 4568 χεται,
493 4500 589 4554 τῆς
618 4489 780 4554 αὐτῆς
834 4489 956 4543 ὄντα
1003 4495 1092 4543 καὶ
1144 4496 1312 4543 ταῦτα
1365 4487 1573 4563 ἐρεύνης
1627 4492 1719 4541 καὶ
1767 4486 1892 4541 ἀπο-

287 4589 426 4660 ρίας.

358 4673 564 4726 ’Λκούει
615 4672 704 4744 μὲν
755 4670 857 4742 γὰρ
883 4733 891 4736 Α,
917 4666 1092 4729 Ἠλίας
1171 4673 1306 4720 Θεοῦ
1376 4666 1640 4742 εἰρηκότος
1721 4665 1891 4720 Ἐλισ-

292 4769 438 4817 σαῖον
497 4765 685 4834 χρῖσαι
749 4756 857 4810 ἀντ’
915 4756 1076 4808 αὐτοῦ
1130 4755 1200 4818 εἰς
1264 4760 1538 4831 προφήτην
1622 4756 1722 4828 (3),
1800 4759 1889 4808 καὶ

289 4855 456 4926 χρίει.
510 4847 614 4904 Εἶτ’
668 4849 820 4920 ἄμφω
874 4847 957 4898 ἐπὶ
1011 4847 1097 4897 τὸν
1147 4840 1417 4917 Ἰορδάνην
1482 4843 1662 4912 ἰόντες,
1713 4841 1890 4904 Ἠλίας

291 4941 446 4994 αὐτὸν
469 4937 703 5001 πατάξας
734 4943 796 5009 τῇ
830 4934 1042 5010 μηλωτῇ
1091 4936 1260 5006 τέμνει
1316 4931 1419 5005 (4),
1488 4937 1580 4985 καὶ
1641 4929 1890 5004 βαίνουσι

291 5027 385 5084 διὰ
443 5028 620 5102 ξηρᾶς,
678 5034 777 5080 τῶν
833 5026 1100 5100 ῥευμάτων
1159 5022 1335 5083 αὐτοῖς
1381 5023 1886 5096 ὑποκέχωρηκὸτων.

287 5124 412 5174 Ἐπὶ
448 5115 506 5172 δὲ
559 5120 726 5189 τούτῳ
777 5115 956 5177 Ἠλίας
1018 5112 1272 5188 ἐπιτρέπει
1334 5111 1630 5166 Ἐλισσαῖον
1683 5114 1741 5164 τό
1796 5108 1889 5164 δο-

290 5217 412 5263 κοῦν
479 5207 618 5279 αὐτῷ
681 5205 918 5271 αἰτῆσαι,
969 5205 1038 5266 ὡς
1097 5208 1188 5256 καὶ
1248 5201 1487 5275 ἐσόμενον
1560 5200 1719 5272 αὐτῷ,
1796 5219 1889 5253 του

289 5297 467 5352 Ἠλιοῦ
496 5296 576 5371 (5)
606 5297 969 5356 πεποιηκότος.
1000 5292 1058 5346 Ὀ
1117 5288 1176 5346 δὲ
1241 5295 1298 5345 τὸ
1354 5289 1434 5344 ἐπ’
1497 5293 1670 5362 ἐκείνῳ
1736 5297 1888 5343 πνεῦ-

363 5547 446 5617 (1)
472 5547 641 5617 Joan;
671 5559 724 5610 v,
757 5545 843 5598 39.

381 5615 436 5676 ‘2'
468 5615 664 5673 Matth.
699 5629 796 5682 vn,
835 5618 888 5667 7.

362 5621 441 5765 ὃ)
470 5691 539 5744 lll
567 5689 708 5758 Reg.
741 5699 858 5750 xix,
887 5698 888 5703 ‘

390 5687 440 5758 3)
470 5691 539 5744 lll
567 5689 708 5758 Reg.
741 5699 858 5750 xix,
887 5687 943 5741 7.-

1994 1897 2052 1954 Si
2076 1898 2236 1954 enim
2265 1897 2596 1956 immundis
2641 1897 2926 1954 manibus
2974 1913 3098 1953 non
3137 1896 3274 1953 licet
3322 1903 3534 1954 sancta
3582 1914 3656 1956 ac

1991 2002 2150 2060 pura
2172 1991 2434 2057 tangere,
2467 2003 2611 2043 sane
2641 1985 3160 2060 quamplurimum
3193 1985 3536 2043 timendum
3565 1992 3658 2044 est

1992 2091 2068 2132 ne
2097 2091 2270 2134 mens
2302 2079 2406 2132 aut
2431 2074 2711 2146 cogitatio
2740 2091 2865 2133 non
2888 2073 3181 2131 mundata
3207 2079 3471 2148 nequeat
3490 2076 3655 2134 adire

1995 2169 2052 2221 et
2081 2165 2368 2222 accedere
2399 2181 2470 2220 ac
2497 2165 2808 2237 pervenire
2839 2164 2919 2221 ad
2950 2180 3021 2221 ea
3058 2180 3196 2236 quae
3235 2179 3422 2236 supra
3458 2164 3656 2236 ipsam

1994 2259 2324 2321 versentur,
2367 2269 2564 2328 neque
2603 2254 2904 2327 penetrari
2941 2253 3202 2320 valeant,
3235 2253 3363 2310 sine
3392 2255 3654 2326 perfecto

1994 2345 2095 2402 illo
2139 2346 2398 2403 candore
2426 2345 2831 2421 perfectaque,
2854 2359 3042 2419 quam
3060 2343 3344 2414 diximus,
3375 2343 3656 2418 puriﬁca~

1995 2434 2176 2494 tione.

2069 2697 2346 2751 Attamen
2377 2691 2672 2767 quoniam
2702 2691 2802 2749 Dei
2840 2691 2934 2748 hae
2972 2707 3216 2765 quoque
3259 2705 3439 2748 voces
3471 2695 3612 2749 sunt
3641 2709 3656 2748 :

2002 2784 2325 2849 «Quaerite,
2358 2788 2413 2840 et
2444 2781 2783 2854 invenietis,
2810 2781 3138 2855 pulsate,et
3162 2779 3480 2854 aperietur,
3510 2801 3540 2830 »
3562 2797 3659 2838 ac-

2000 2874 2272 2932 cedimus
2305 2877 2362 2930 et
2390 2888 2522 2940 nos,
2552 2875 2888 2945 qumrentes
2919 2875 2985 2927 ut
3011 2871 3419 2927 inveniamus.
3446 2873 3512 2927 Et
3531 2871 3662 2943 pul-

2003 2979 2210 3022 samus
2234 2963 2499 3036 primum
2520 2965 2807 3030 mentem,
2847 2959 2930 3017 ita
2966 2964 3032 3016 ut
3060 2959 3122 3015 in
3151 2958 3478 3016 attentione
3510 2959 3660 3030 \igi-

1999 3054 2192 3111 lemus
2215 3052 2626 3110 ethumilitate
2655 3067 2726 3108 ac
2747 3049 3100 3107 contritione
3131 3048 3328 3105 cordis
3381 3066 3395 3116 ;
3441 3049 3662 3107 deinde

1999 3144 2196 3218 ipsam
2225 3141 2502 3198 ducimus
2527 3140 2605 3197 ad
2659 3144 2862 3214 portas
2901 3138 3245 3195 claudentes
3294 3141 3353 3195 et
3400 3138 3665 3195 celantes

2001 3233 2236 3289 divinas
2271 3230 2625 3303 Scripturas,
2659 3245 2761 3286 eas
2809 3228 3059 3302 quidem
3113 3226 3479 3300 pulsantem,
3533 3241 3661 3284 non

2001 3322 2233 3394 absque
2253 3320 2483 3386 timore,
2515 3325 2574 3375 et
2602 3334 2741 3374 cum
2784 3317 3052 3374 maximo
3108 3325 3273 3372 metu
3319 3315 3662 3390 cupientem

2001 3426 2103 3468 eas
2128 3410 2322 3478 frangi
2353 3408 2714 3465 sufﬁcienter
2740 3423 2812 3465 ac
2833 3405 3070 3479 aperiri,
3104 3409 3181 3476 et,
3207 3405 3458 3478 quando
3501 3409 3665 3463 intus

1999 3499 2194 3568 fuerit,
2226 3496 2374 3553 nihil
2406 3496 2616 3569 privati
2657 3501 2761 3553 aut
2805 3495 3075 3566 cogitare
3128 3500 3233 3550 aut
3282 3494 3500 3565 dicere,
3555 3494 3664 3550 sed

1999 3593 2297 3662 quantum
2329 3587 2471 3644 satis
2503 3588 2614 3642 erit
2661 3592 2724 3642 ut
2768 3587 3074 3652 doceatur,
3120 3589 3415 3658 tanquam
3463 3587 3662 3656 tapete

1999 3677 2316 3751 perspicuo
2349 3676 2613 3734 velatum
2635 3691 2830 3748 neque
2853 3671 3218 3731 multitudini
3249 3673 3657 3730 manifestum.

2069 3948 2366 4012 Attamen,
2400 3942 2696 4018 quoniam
2725 3941 2855 3999 haec
2884 3939 3247 4014 principium
3273 3954 3484 3996 eorum
3522 3954 3661 4013 quae

1999 4037 2276 4092 secutura
2313 4038 2470 4105 sunt,
2500 4031 2956 4105 supposuimus,
2991 4029 3206 4102 hisque
3231 4044 3294 4085 se
3323 4028 3408 4086 ita
3431 4027 3660 4086 haben-

1999 4124 2176 4195 tibus,
2210 4122 2497 4178 ﬁduciam
2527 4120 2753 4176 habere
2790 4118 2969 4176 nobis
3015 4118 3168 4185 licet,
3201 4116 3283 4173 ad
3318 4115 3384 4173 id
3417 4116 3663 4174 tandem

1997 4214 2294 4284 venimus,
2327 4210 2494 4285 quod
2525 4225 2687 4266 nune
2715 4222 2980 4280 quaerere
3005 4206 3320 4264 debemus.
3365 4206 3519 4272 Quid
3548 4222 3657 4263 au-

1999 4305 2120 4360 tem
2140 4301 2285 4358 illud
2313 4306 2401 4357 est
2428 4301 2456 4356 ?
2483 4299 2653 4364 Quod
2679 4299 2753 4354 ad
2785 4297 2974 4354 Etiam
3006 4302 3061 4352 et
3099 4296 3378 4354 Elisaeum
3411 4299 3662 4369 spectat,

1998 4408 2191 4449 unum
2221 4390 2465 4464 quidem
2483 4403 2553 4446 ac
2573 4386 2831 4459 difﬁcile,
2860 4386 2955 4443 cui
2977 4385 3151 4459 plura
3169 4390 3225 4442 et
3261 4385 3500 4458 majora
3519 4401 3662 4444 con-

1993 4481 2356 4553 junguntur,
2387 4495 2523 4552 quae
2545 4476 2756 4534 eodem
2782 4479 2962 4547 egent
2989 4474 3290 4546 examine,
3321 4489 3434 4532 nec
3455 4474 3659 4533 minus

1927 4555 1974 4610 D
2001 4570 2270 4628 difﬁcilia
2306 4569 2604 4626 videntur.

2071 4659 2252 4716 Audit
2278 4659 2441 4716 enim
2492 4657 2645 4714 Elias
2688 4659 2877 4713 Deum
2927 4653 3226 4712 dicentem
3278 4657 3346 4712 ut
3382 4653 3659 4711 Elisaaum

1998 4749 2131 4808 loco
2163 4747 2350 4822 ipsius
2379 4746 2442 4803 in
2469 4744 2829 4819 prophetam
2854 4747 3046 4814 ungat
3083 4759 3096 4809 ;
3131 4747 3190 4800 et
3211 4743 3398 4814 ungit.
3429 4742 3654 4798 Deinde

1999 4838 2183 4897 ambo
2209 4836 2289 4894 ad
2308 4834 2633 4894 Jordanem
2653 4832 3071 4907 procedentes,
3104 4831 3258 4889 Elias
3281 4831 3511 4888 ﬂumen
3532 4831 3660 4904 pal-

1997 4928 2077 4985 lio
2105 4926 2349 5001 pelliceo
2374 4922 2716 4998 percutiens
2737 4921 2968 4985 dividit,
2993 4925 3050 4977 et
3085 4936 3193 4994 per
3227 4919 3457 4976 siccum
3493 4919 3653 4976 ince-

1999 5017 2171 5087 dunt,
2202 5013 2484 5072 ﬂuctibus
2512 5013 2584 5069 iis
2611 5010 3063 5068 obedientibus.
3100 5008 3326 5065 Deinde
3366 5007 3520 5064 Elias
3550 5007 3664 5064 Eli-

1999 5123 2123 5164 steo
2150 5105 2436 5180 permittit
2455 5107 2520 5158 ut
2545 5118 2581 5157 a
2610 5117 2675 5158 se
2701 5099 2998 5174 quidquid
3029 5098 3338 5173 placuerit,
3371 5096 3656 5171 postulet,

1998 5202 2295 5270 tanquam
2320 5192 2438 5266 ipsi
2466 5191 2836 5261 adfuturum,
2875 5188 3166 5246 efﬁciente
3210 5187 3351 5245 Elia.
3391 5186 3489 5244 llle
3517 5202 3663 5244 vero

1998 5285 2320 5362 postulavit
2346 5287 2413 5340 ut
2441 5280 2685 5355 spiritus
2715 5279 2853 5336 Elite
2873 5277 3098 5352 duplex
3119 5293 3300 5352 super
3326 5276 3534 5352 ipsum
3553 5275 3656 5333 ﬁe-

2094 5539 2148 5599 4)
2185 5535 2255 5591 IV
2280 5536 2418 5599 Reg.
2447 5548 2510 5599 ιι,
2546 5532 2604 5587 8.

2094 5539 2128 5592 4
2185 5537 2255 5591 IV
2280 5537 2418 5658 Reg».
2447 5548 2510 5599 ιι,
2546 5537 2604 5587 8.
2782 5598 2787 5610 ν

2193 5605 2282 5664 Ob
2317 5604 2378 5660 Ἢ
2413 5606 2488 5666 ίας
2525 5599 2742 5659 melius
2767 5606 2861 5655 τοῦ
2888 5599 3089 5658 Ἠλίου.
