4130 6402
279 331 410 386 1461

273 552 377 616 πῦρ
438 541 487 595 δ’
578 547 767 597 ἄνωθεν
816 545 1029 598 ελχύσαι
1105 550 1269 613 κάτω,
1324 553 1480 600 τόπον
1539 546 1642 616 οὐχ
1696 546 1886 616 ἕτερον,

275 634 432 686 αύτόν
491 631 690 706 δ’ἔχον
719 640 806 687 τόν
845 638 970 704 ἄνω,
1021 638 1106 689 ἐπὶ
1167 635 1226 690 δε
1276 641 1478 695 ὤθησεν
1536 639 1620 688 ἐπὶ
1680 637 1888 701 θυσίαν,

277 723 338 776 οῦ
376 729 528 796 μόνον
579 725 760 791 αὐτὴν,
828 725 958 778 ἀλλὰ
1021 732 1110 779 καὶ
1192 724 1336 801 ὕδωρ
1418 729 1539 801 ὅπερ
1591 725 1668 777 ἐπ’
1726 725 1888 782 αὐτὴν

279 811 446 877 ἔϐαλε,
497 818 587 864 καὶ
640 817 811 866 πάντα
873 818 940 867 τὰ
989 821 1108 888 περὶ
1157 817 1336 887 αὐτήν,
1395 816 1625 868 ἀνάλωσε
1669 812 1892 886 συμφλε-

282 901 375 963 ξας
403 903 534 971 (1);
585 905 794 963 Πάντως
843 900 902 956 δὲ
963 901 1087 956 οὐδὲ
1143 912 1299 957 τοῦτο
1344 909 1550 977 μικρὸν,
1609 905 1691 956 ὃτι
1746 904 1890 974 ἄρτῳ

284 988 591 1061 βραχεῖκαὶ
638 989 797 1043 ὕδατι
843 991 1042 1066 βραχεῖ
1098 997 1185 1045 καὶ
1222 1002 1283 1064 τῇ
1339 991 1560 1065 δυνάμει
1609 1001 1703 1052 τῆς
1753 990 1890 1063 βρω-

284 1097 385 1130 σεω
394 1099 415 1139 ς

280 1169 701 1241 τεσσαράκοντας
762 1173 948 1231 νύκτας
1002 1172 1102 1240 (2).
1165 1171 1318 1224 Ἀλλά
1367 1191 1422 1224 τι
1467 1176 1558 1222 καὶ
1613 1170 1684 1230 εἰς
1727 1172 1890 1240 Σάρα-

280 1258 385 1327 φθα
429 1256 508 1326 (3)
555 1259 667 1323 ἧκε,
732 1263 822 1310 καὶ
878 1259 936 1316 ἢν
977 1263 1174 1317 ἤκουσε
1238 1266 1434 1333 χήραν,
1494 1255 1701 1326 ἒπειδη,
1764 1257 1886 1330 παρ’

276 1345 407 1417 αύτῇ
466 1351 755 1418 γενόμενος,
830 1349 956 1420 παρ’
1020 1349 1150 1421 αὐτῇ
1205 1346 1378 1406 δήπου
1432 1354 1522 1400 καὶ
1551 1349 1613 1406 ἧν
1685 1352 1886 1404 σκηνώ-

277 1453 392 1501 σας,
423 1435 521 1508 ὅρα
540 1454 631 1506 μοι
695 1435 845 1488 κάκεῖ
893 1441 1012 1488 τίνα
1063 1443 1148 1489 καὶ
1211 1440 1311 1489 ὅσα
1363 1443 1452 1490 καὶ
1508 1439 1594 1489 οἶα
1637 1439 1704 1488 τὰ
1765 1438 1885 1487 θαύ-

276 1543 418 1595 ματα
451 1544 464 1557 ι
496 1528 554 1575 τὸ
603 1531 720 1599 περὶ
772 1531 865 1584 τὴν
923 1523 1110 1600 ὑδρίαν
1162 1535 1252 1580 τοῦ
1305 1527 1525 1600 ἀλεύρου
1579 1530 1884 1598 κενουμένην

274 1616 365 1664 καὶ
411 1617 614 1684 μήποτε
663 1615 960 1680 λείπουσαν,
1028 1615 1138 1667 ἀλλ’
1191 1616 1293 1668 αἰεὶ
1345 1617 1703 1688 πληρουμένην
1752 1635 1764 1648 ο
1826 1618 1885 1666 τὸ

273 1705 392 1774 περὶ
447 1704 532 1753 τόν
615 1701 860 1772 καψάκην
908 1712 998 1755 τοῦ
1061 1704 1232 1756 ἐλαίου
1297 1707 1546 1764 ὡσαύτως
1610 1706 1733 1775 ἔχον
1782 1704 1881 1772 (4).

509 1082 702 1140 ταύτης
760 1084 1150 1154 τισσαράκοντα
1224 1085 1422 1156 ἡμερας
1493 1083 1745 1156 ἐπορεύθη
1799 1084 1888 1132 καὶ

1386 337 1473 390 DE
1512 331 1871 388 PETITIONE
1909 329 2163 384 ELISIEI
2203 332 2295 384 AD
2338 333 2571 386 ELIAM.

275 462 336 526 τῇ
405 454 608 526 γλώττῃ
668 457 821 516 αὖθις
871 458 1065 531 πρᾶξαι
1131 462 1220 511 καὶ
1281 462 1417 510 κατὰ
1467 467 1564 528 γῆς
1614 456 1881 526 ἐκχύσαι·

2003 468 2135 507 eam
2163 455 2375 524 jubeat
2407 463 2462 511 et
2523 457 2582 511 in
2628 461 2848 509 terram
2897 453 3166 508 effundat

3524 315 3658 384 iis!

3220 471 3232 519 ;
3292 455 3491 524 ignem
3519 455 3656 510 vero

1999 542 2076 596 ab
2100 543 2220 598 alto
2269 547 2588 610 attrahere,
2640 559 2762 600 non
2823 543 3005 597 alium
3041 541 3362 598 habentem
3431 543 3653 612 locum,

1998 633 2113 688 nisi
2131 633 2298 688 illum
2319 637 2690 707 superiorem
2725 652 2738 701 ;
2773 638 3096 705 postquam
3112 637 3312 687 autem
3325 647 3464 688 eum
3483 633 3543 688 in
3563 633 3653 688 vi-

1998 723 2242 777 ctimam
2291 723 2511 794 injecit,
2563 740 2686 780 non
2735 722 2918 778 modo
2965 737 3122 788 eam,
3175 721 3280 776 sed
3319 726 3377 776 et
3402 730 3652 794 aquam,

1996 827 2182 882 quam
2203 811 2263 865 in
2293 813 2493 882 ipsam
2526 811 2742 868 infudit
2771 816 2826 866 et
2856 810 3062 864 omnia
3091 825 3228 880 quae
3266 810 3425 865 circa
3451 810 3652 881 ipsam

1995 905 2182 967 erant,
2207 901 2557 972 complexus
2579 906 2666 957 est
2696 917 2765 956 ac
2803 899 3089 956 incendit.
3116 900 3317 970 Neque
3336 898 3484 954 illud
3517 916 3651 970 par-

1995 1003 2137 1041 vum
2166 993 2254 1042 est
2279 989 2447 1060 quod
2472 989 2690 1058 exiguo
2710 1003 2890 1059 pane,
2923 1001 2992 1042 ac
3019 986 3237 1054 exigua
3266 1001 3426 1059 aqua
3451 991 3508 1042 et
3532 987 3652 1044 cibi

1995 1075 2174 1146 hujus
2214 1078 2427 1133 virtute
2453 1077 2858 1150 quadraginta
2885 1076 3015 1131 dies
3044 1075 3286 1130 incessit
3307 1081 3363 1130 et
3389 1077 3654 1148 quadra-

1995 1164 2160 1233 ginta
2188 1170 2413 1221 noctes.
2470 1165 2613 1221 Dein
2637 1165 2798 1221 venit
2827 1165 2890 1219 in
2914 1163 3266 1236 Sarephtha,
3297 1167 3353 1219 et
3370 1166 3538 1236 apud
3562 1166 3649 1220 vi-

1993 1253 2180 1308 duam
2200 1253 2536 1309 diversatus
2568 1261 2655 1309 est
2683 1252 3039 1326 aliquandiu
3078 1251 3219 1308 Vide
3249 1257 3390 1308 tunc
3418 1269 3554 1325 quae
3595 1257 3652 1308 et

1991 1347 2222 1413 quanta
2268 1349 2326 1398 et
2369 1349 2516 1415 quot
2561 1341 2872 1399 miracula.
2912 1341 3054 1396 Vide
3109 1339 3394 1411 hydriam
3441 1340 3649 1397 farinae

1991 1430 2397 1487 vacuefactam
2409 1438 2465 1486 et
2477 1448 2782 1504 nunquam
2795 1428 3302 1495 deﬁcientem,sed
3314 1443 3543 1501 semper
3561 1446 3649 1487 re-

1991 1519 2203 1592 pletam
2236 1539 2248 1586 ;
2281 1520 2395 1576 olei
2408 1521 2542 1577 vide
2553 1521 2824 1590 lagenam
2839 1519 3032 1574 eOdem
3049 1517 3222 1574 modo
3235 1534 3298 1573 se
3309 1518 3646 1578 habentem.

1993 1607 2166 1673 Quod
2196 1608 2470 1679 ejusdem
2499 1609 2696 1665 viduas
2726 1613 3036 1664 mortuum
3061 1605 3255 1662 ﬁlium
3283 1605 3438 1662 Elias
3463 1607 3650 1664 susci-

1991 1695 2222 1763 taverit,
2253 1696 2402 1767 quid
2443 1697 2560 1752 hoc
2585 1696 2787 1766 majus
2815 1694 3112 1751 diceretur
3161 1693 3190 1748 ?
3222 1695 3439 1749 Eorum
3469 1694 3650 1764 igitur

277 1796 396 1841 Ὀτι
443 1786 503 1842 δὲ
573 1794 663 1841 καὶ
731 1795 906 1864 νεκρὸν
981 1796 1066 1844 τόν
1124 1802 1220 1854 τῆς
1273 1793 1431 1854 αὐτῆς
1483 1799 1656 1865 χήρας
1714 1788 1881 1845 παῖδα

1994 1783 2199 1840 talium
2241 1785 2673 1857 operantisque
2715 1785 2857 1841 talia
2887 1783 3159 1856 Spiritus,
3181 1781 3440 1854 dUplum
3468 1784 3648 1855 quale

281 1878 454 1940 Ἠλίας
511 1883 688 1954 ἤγειρε
733 1881 834 1950 (ξι),
894 1885 944 1932 τί
990 1901 1066 1941 τις
1130 1881 1190 1934 ἂν
1240 1887 1365 1953 φαίη
1425 1886 1612 1933 τούτου
1657 1882 1881 1953 μεῖζον;

277 1973 388 2020 Τῶν
457 1972 625 2019 τοίνυν
686 1971 930 2021 τοιούτων
1006 1973 1090 2021 καὶ
1166 1979 1258 2022 τοῦ
1337 1971 1660 2043 ἐνεργοῦντος
1723 1977 1887 2021 ταῦτα

279 2058 566 2127 πνεύματος
594 2060 652 2108 τό
708 2053 925 2109 διπλοῦν
971 2062 1023 2109 τί
1070 2059 1184 2111 ποτ’
1215 2058 1275 2110 ἂν
1327 2063 1527 2129 γένοιτο
1579 2065 1669 2110 καὶ
1723 2061 1882 2124 ὅσον;

283 2143 439 2213 ’Λλλ’,
470 2167 498 2195 ‹‹
567 2145 686 2197 Ἐὰν
723 2143 850 2218 ἴδῃς
902 2166 985 2217 με,
1034 2169 1062 2197 ››
1103 2153 1262 2218 φησὶν
1325 2153 1429 2218 (6),
1460 2170 1486 2196 ‹‹
1530 2146 1884 2219 ἀναλαμϐανό-

279 2253 445 2305 μενον,
477 2256 506 2283 ››
533 2231 732 2305 σχεδόν
763 2244 914 2287 τοῦτο
952 2235 1108 2306 λέγων
1138 2258 1150 2269 ·
1191 2260 1212 2285 ι
1267 2237 1410 2288 Ἐπεὶ
1465 2241 1533 2308 μὴ
1590 2239 1756 2288 ταῦτά
1801 2255 1886 2288 σοι

277 2321 632 2395 ἀποχρώντως
677 2320 808 2395 μηδ’
862 2325 1044 2386 ἱκανῶς
1101 2327 1213 2396 ἔχει
1260 2330 1386 2397 πρὸς
1472 2323 1739 2388 ἀπόδειξιν
1794 2333 1884 2377 τοῦ

273 2410 322 2462 ἐν
371 2410 486 2484 ἐμοὶ
557 2416 862 2484 πνεύματος,
953 2412 1062 2464 αλλ’
1136 2415 1229 2466 οῦκ
1282 2418 1354 2466 ἔτι
1404 2419 1494 2466 καὶ
1555 2417 1654 2466 ὑπὸ
1721 2418 1886 2485 πυρός

269 2500 504 2572 ἅρματος
555 2500 852 2573 ἁρπαγεντα
915 2521 978 2574 με
1043 2508 1132 2554 χαι
1195 2503 1575 2574 λαμϐανόμενον
1626 2504 1704 2575 (7)
1761 2499 1886 2554 ἰδὼν

273 2591 398 2654 ἄνω,
449 2589 544 2641 ούκ
595 2589 654 2642 ἂν
705 2590 854 2643 πλέον
905 2599 992 2643 τοῦ
1051 2591 1100 2642 ἐν
1169 2593 1286 2663 ἐμοὶ
1353 2595 1499 2654 όντος
1552 2598 1642 2644 καὶ
1707 2592 1884 2664 μεῖξον

277 2681 395 2729 οὔτε
441 2683 671 2741 νομίσοις
717 2680 824 2731 οὔτ’
871 2677 999 2732 εἶναι
1096 2684 1238 2752 παρα
1294 2687 1377 2733 σοὶ
1460 2683 1734 2745 ζητήσοις,

1991 1879 2048 1929 et
2083 1880 2381 1944 quantum
2438 1875 2633 1930 esset!
2669 1873 2803 1941 Sed,
2847 1896 2875 1925 ς
2923 1874 2982 1929 Si
3023 1871 3244 1928 videris
3286 1887 3404 1938 me,
3429 1873 3646 1945 inquit,

1992 1978 2229 2017 sursum
2259 1963 2531 2018 ablatum
2558 1981 2570 2019 :
2607 1987 2635 2013 »
2663 1962 2839 2035 quasi
2867 1961 3108 2018 diceret:
3143 1982 3172 2010 »
3200 1961 3500 2026 Quoniam
3519 1961 3651 2018 haec

1991 2067 2113 2107 non
2145 2052 2250 2108 tibi
2279 2053 2583 2109 sufﬁciunt
2612 2059 2678 2108 ut
2731 2053 3175 2108 demonstretur
3219 2049 3419 2122 qualis
3440 2051 3515 2106 sit
3541 2052 3651 2123 qui

1991 2141 2050 2196 in
2081 2157 2177 2196 me
2203 2147 2294 2196 est
2331 2142 2592 2213 spiritus,
2637 2141 2744 2197 sed
2787 2140 2993 2196 videns
3031 2155 3130 2195 me
3155 2144 3398 2211 raptum
3437 2143 3494 2195 et
3523 2149 3651 2194 sure

1992 2247 2125 2285 sum
2160 2231 2430 2286 ablatum
2476 2246 2672 2302 neque
2713 2230 2849 2302 plus
2887 2245 3076 2301 quam
3108 2229 3169 2284 in
3211 2243 3308 2284 me
3339 2233 3426 2284 est
3455 2241 3651 2300 neque

1991 2320 2190 2390 majus
2211 2336 2338 2374 esse
2369 2320 2594 2386 credes,
2617 2335 2813 2391 neque
2835 2317 3001 2391 apud
3031 2323 3085 2373 te
3115 2318 3315 2387 majus
3337 2331 3468 2372 esse
3506 2333 3650 2374 con-

1991 2408 2284 2479 cupisces,
2320 2408 2518 2478 majus
2558 2424 2632 2462 ex
2660 2408 2792 2478 ipso
2822 2407 2959 2461 visu
2988 2405 3135 2461 illud
3163 2406 3358 2461 sciens
3385 2409 3444 2460 et
3472 2405 3652 2475 igitur

1991 2497 2238 2552 edoctus
2263 2513 2450 2568 quam
2486 2498 2649 2569 prius
2676 2495 3017 2552 credideras
3047 2499 3104 2551 et
3153 2495 3326 2565 cujus
3358 2493 3654 2552 desiderio

1993 2587 2315 2643 tenebaris.
2356 2609 2380 2635 υ

1808 2681 1952 2732 πλέον
2002 2679 2206 2737 πάντως
2257 2681 2348 2728 καὶ
2405 2680 2556 2746 γνούς
2624 2675 2677 2738 ἐξ
2727 2674 2889 2746 ὄψεως
2943 2673 3104 2735 αὐτῆς
3163 2680 3318 2726 τοῦτο
3377 2677 3467 2726 καὶ
3527 2682 3653 2745 γοῦν

272 2762 555 2838 διδαχθείς
583 2776 673 2820 τοῦ
693 2777 780 2820 νῦν
811 2775 894 2822 σοὶ
914 2775 1003 2821 καὶ
1024 2770 1364 2842 νομιζομένου
1403 2788 1491 2822 και
1530 2779 1621 2822 τοῦ
1659 2789 1719 2842 γε
1743 2774 1872 2844 πρὸς
1901 2773 1996 2826 τὴν
2024 2770 2234 2823 α’ίτησιν
2261 2767 2379 2816 κατ’
2398 2765 2560 2824 αὐτὴν
2600 2765 2911 2838 ἐρχομένου.

345 2889 502 2943 Ἀλλὰ
521 2909 687 2942 ταυτα
716 2895 805 2963 μεν
860 2891 934 2963 ἐφ’
982 2893 1060 2955 οἷς
1109 2898 1198 2944 καὶ
1255 2898 1372 2966 περὶ
1440 2913 1541 2945 των
1600 2897 1735 2946 κατὰ
1792 2896 1878 2945 τὸν

275 2978 448 3031 Ἠλίαν
505 2984 596 3031 καὶ
645 2979 942 3032 Ἐλισσαῖον
1009 2978 1394 3056 ὃιηπορηκότες
1455 2982 1605 3054 ἐσμέν
1639 2983 1881 3052 σόλόγος

2067 2891 2179 2947 Sed
2218 2905 2289 2947 ea
2331 2889 2577 2962 quidem
2621 2892 2759 2943 sunt
2797 2888 2859 2943 in
2893 2885 3116 2959 quibus
3151 2883 3522 2959 ambigimus
3576 2887 3652 2944 de

1995 2981 2116 3036 Elia
2144 2985 2200 3035 et
2223 2977 2449 3035 Elissae.
2486 2981 2693 3034 Sermo
2720 2981 2923 3034 autem
2952 2976 3030 3033 ad
3063 2975 3183 3032 alia
3203 2976 3439 3047 majora
3467 2981 3524 3032 et
3555 2985 3654 3033 ex-

276 3064 337 3119 δι
385 3070 675 3140 προαχθεὶς
730 3071 804 3141 ἐφ’
853 3071 1002 3144 ἔτερα
1047 3071 1210 3142 μείζω
1250 3077 1340 3123 καὶ
1400 3071 1714 3146 ὑψηλότερα,
1757 3072 1878 3143 ἐχό-

1994 3070 2240 3126 celsiora
2261 3069 2576 3139 adductus,
2593 3065 3072 3140 praecedentibus
3089 3067 3291 3123 tamen
3303 3065 3438 3138 conj
3447 3069 3650 3138 uncta,

274 3173 403 3228 μενα
432 3166 530 3208 τῶν
561 3157 891 3230 λελεγμένων,
922 3161 1057 3230 ἄγει.

350 3251 448 3298 Καὶ
515 3249 618 3318 γὰρ
696 3248 745 3298 ἐν
824 3256 928 3308 τοῖς
986 3249 1320 3319 Εύαγγελίοις
1376 3250 1594 3321 ἅγγελος
1651 3256 1882 3322 φαίνεται

265 3342 342 3404 τῷ
369 3340 622 3409 Ζαχαρία
659 3356 670 3368 ·
703 3341 791 3388 καὶ
850 3334 918 3394 δὴ
979 3344 1152 3409 φανεὶς
1205 3357 1295 3390 και
1346 3343 1464 3411 περί
1506 3336 1694 3399 παιδὸς
1742 3340 1882 3410 αύτῷ

263 3431 360 3475 τοῦ
422 3425 658 3477 Ἰωάννου
735 3425 1208 3498 εὐαγγελιζόμενος,
1263 3450 1290 3478 ‹‹
1342 3427 1528 3480 Ἔσται
1615 3434 1799 3501 μέγας,
1855 3449 1883 3478 ››

264 3517 393 3582 φησι
485 3515 585 3583 (8),
653 3536 674 3563 ε
733 3517 822 3565 καὶ
881 3515 1034 3575 αὐτὸς
1098 3515 1146 3566 ἐν
1200 3519 1454 3588 πνεύματι
1518 3522 1608 3569 καὶ
1661 3514 1882 3588 δυνάμει

268 3601 637 3673 προελεύσεται

258 3694 320 3742 τὸ
343 3694 476 3742 κατὰ
499 3694 584 3742 τὸν
623 3692 797 3744 Ἠλίαν
828 3694 948 3744 ὅσον
979 3699 1070 3745 καὶ
1109 3695 1212 3746 οἷον
1277 3699 1408 3766 μέγα
1461 3701 1550 3746 καὶ
1611 3699 1877 3766 μέγιστον,

713 3601 911 3668 Ἠλιοῦ,
976 3625 996 3652 ι
1057 3610 1156 3656 Καὶ
1221 3610 1404 3656 σκόπει
1457 3625 1548 3676 μοι
1613 3605 1882 3658 κάνταῦθα

267 3775 494 3851 μηδενὸς
529 3780 668 3841 ὄντος
724 3781 901 3847 ἄλλου,
955 3788 1086 3854 μήτε
1144 3783 1372 3843 πλείονος
1429 3788 1561 3854 μήτε
1619 3786 1873 3854 μείζονος.

267 3870 403 3920 ὥστε
449 3876 604 3920 τοῦτο
675 3875 793 3942 περὶ
857 3878 950 3922 τοῦ
1035 3868 1230 3933 παιδός
1305 3873 1746 3943 εὐαγγελίσασθαι
1808 3882 1880 3943 τῷ

273 3963 459 4030 Ζαχαρ
468 3963 540 4029 ίᾳ.

344 4053 527 4099 Σκόπει
555 4043 614 4099 δὲ
641 4067 728 4099 και
783 4045 964 4120 αὖχις,
1011 4055 1248 4123 Χριστοῦ
1303 4057 1420 4111 ταῖς
1472 4059 1662 4122 φωναῖς
1721 4071 1876 4124 προσ-

271 4142 420 4206 σχὼν
446 4136 544 4206 (9),
576 4142 814 4210 Χριστοῦ
847 4146 938 4190 τοῦ
967 4147 1119 4204 Θεοῦ,
1153 4148 1245 4191 τοῦ
1275 4159 1364 4191 και
1423 4137 1495 4191 δι’
1553 4140 1774 4211 ἀγγέλου
1814 4141 1878 4192 τὰ

272 4228 517 4297 εἰρημένα
587 4225 923 4288 λελαληκότος
1002 4250 1013 4261 ·
1095 4249 1122 4277 ‹‹
1208 4229 1317 4281 Οὐκ
1371 4229 1665 4302 ἐγήγερται,
1721 4252 1748 4279 ››
1797 4231 1875 4282 λέ-

269 4332 352 4384 γει
411 4313 540 4384 (10),
595 4337 622 4364 ‹‹
681 4317 872 4386 μείζων
926 4316 976 4368 ἐν
1037 4322 1295 4388 γεννητοῖς
1332 4327 1591 4389 γυναικῶν
1638 4319 1876 4371 Ἰωάννου

268 4409 363 4454 τοῦ
402 4408 698 4455 Βαπτιστοῦ
752 4425 764 4437 ο
802 4427 828 4453 ››
887 4413 978 4457 τοῦ
1026 4412 1177 4458 ποίου
1227 4411 1410 4459 τούτου
1443 4425 1456 4470 ;
1487 4416 1578 4459 τοῦ
1627 4407 1674 4459 ἐν
1727 4414 1876 4462 πνεύ-

267 4510 397 4562 ματι
449 4495 538 4543 καὶ
599 4489 817 4564 δυνάμει
865 4493 1045 4546 Ἠλιοὺ
1099 4495 1349 4557 ἐλθόντος,
1401 4496 1554 4547 Ἀλλά
1607 4496 1874 4552 κάνταῦθα

267 4583 328 4631 τό
387 4578 673 4652 συμϐαῖνον
720 4582 932 4655 ἄπορον,
985 4583 1111 4654 ούχί
1153 4587 1339 4658 μικρὸν
1392 4588 1611 4645 πάντως.
1655 4587 1715 4638 Εἰ
1770 4592 1870 4660 γὰρ

268 4669 294 4718 ὁ
355 4673 651 4728 Βαπτιστὴς
726 4678 824 4720 τῶν
898 4669 1088 4722 λοιπῶν
1168 4674 1373 4723 πάντων
1457 4693 1547 4724 και
1594 4688 1871 4747 προφητῶν

265 4756 478 4828 μείζων,
539 4761 590 4809 τί
643 4758 770 4828 ούχί
830 4778 918 4810 και
971 4757 1018 4809 ἐν
1077 4763 1278 4831 μείζονι
1335 4765 1612 4832 πνεύματι,
1661 4762 1777 4817 οὐδ’
1821 4765 1870 4817 ἐν

461 4936 534 5022 Ψ
592 4937 730 5003 ⁸⁸8⁸
792 4951 946 5022 ἕΣΨν
1007 4937 1092 5017 38:
1151 4967 1222 5018 ’Τ
1274 4939 1494 5022 Ρρνεειρ
1533 4941 1867 5022 “austri-ﬁam,

265 5003 422 5136 Eii'gs
444 5007 617 5062 ὦθησε
667 5026 756 5058 και
795 5006 939 5058 ἔϐαλε
990 5028 1001 5040 ’
1062 5007 1234 5077 ignis,
1290 5016 1392 5082 πῦρ
1448 5003 1679 5064 ἀνάλωσε
1737 5003 1866 5086 συμλ

265 5097 298 5136 φ
334 5093 356 5127 ε
390 5095 468 5129 αν.

264 5093 468 5146 φλεςαν.

339 5147 418 5216 (2)
462 5149 528 5200 ΙΙΙ
575 5150 715 5215 Reg.
757 5165 877 5212 Xix,
918 5153 970 5211 6,
1013 5154 1066 5206 8.

562 5221 700 5296 Beg.
743 5235 874 5280 xvn,
1017 5223 1238 5294 πορεύου
1270 5220 1342 5283 εἰς
1372 5225 1624 5296 Σαρεπτά,

337 5289 416 5358 (4)
455 5291 522 5343 Ill
564 5291 704 5359 Reg.
747 5307 879 5357 xvu,
921 5292 1008 5346 16.

341 5359 511 5429 (5)1”
555 5363 699 5430 Reg.
750 5377 884 5425 xvn,
929 5364 1018 5417 17.

337 5431 419 5500 (6)
461 5434 523 5486 IV
566 5431 708 5500 Reg.
752 5448 812 5496 ιι,
859 5437 943 5488 10.

337 5503 870 5582 (7)}.egerimnfere
913 5503 1412 5579 ἀναλαμϐανόμενον.
1465 5509 1690 5565 Excidit
1719 5526 1866 5582 prie-

263 5572 503 5644 positio,
534 5575 701 5647 quod
729 5573 854 5630 ﬂeri
885 5582 1070 5632 amat.

1993 3159 2370 3304 Max:111
2397 3245 2734 3319 Evangeliis
2765 3244 3018 3316 angelus
3049 3248 3302 3317 apparet
3325 3243 3647 3315 Zacharias;

1991 3342 2048 3393 et
2076 3343 2400 3410 postquam
2442 3335 2722 3408 apparuit
2759 3339 2817 3390 et
2846 3334 2920 3390 de
2957 3334 3081 3390 ﬁlio
3099 3336 3328 3390 Joanne
3356 3331 3652 3407 propheti-

1992 3444 2132 3483 zans
2166 3445 2178 3481 :
2215 3427 2350 3496 Erit,
2375 3426 2590 3498 inquit,
2641 3439 2921 3494 magnus,
2975 3429 3030 3481 et
3082 3424 3212 3497 ipse
3261 3423 3544 3497 procedet
3588 3424 3650 3482 in

1993 3516 2204 3587 spiritu
2253 3520 2310 3570 et
2377 3516 2588 3570 virtute
2648 3513 2801 3569 Elite.
2858 3515 2923 3569 Et
2963 3513 3058 3568 hic
3109 3513 3289 3569 etiam
3336 3513 3650 3570 considera

1991 3613 2284 3678 quantum
2317 3610 2374 3661 et
2399 3622 2586 3678 quam
2642 3603 2946 3661 excelsum
2991 3607 3049 3659 et
3088 3603 3346 3659 sublime
3377 3603 3451 3658 sit
3477 3599 3648 3675 quod

1991 3696 2068 3751 ad
2103 3694 2286 3750 Eliam
2319 3699 2566 3766 spectat,
2597 3711 2733 3750 cum
2754 3692 2902 3749 nihil
2924 3693 2996 3748 sit
3026 3691 3190 3748 aliud
3207 3707 3404 3764 neque
3430 3691 3646 3749 celsius

1990 3800 2181 3856 neque
2213 3785 2412 3854 majus
2458 3783 2626 3855 quod
2665 3784 2740 3838 de
2766 3782 2888 3838 filio
2912 3781 3213 3838 Zachariae
3255 3777 3646 3853 evangelizari

1990 3873 2202 3945 possit.

2062 4051 2388 4108 Considera
2419 4055 2477 4106 et
2501 4065 2761 4116 rursum,
2796 4049 3007 4107 Christi
3036 4048 3289 4105 vocibus
3331 4046 3644 4104 attendens

1987 4141 2201 4196 Christi
2269 4142 2386 4204 Dei,
2427 4156 2532 4211 per
2570 4140 2852 4209 angelum
2895 4142 3040 4194 nota
3077 4137 3178 4194 illa
3215 4137 3404 4193 verba
3433 4135 3644 4193 dicen-

1989 4231 2101 4286 tis:
2142 4253 2161 4278 ι
2195 4233 2317 4285 Non
2377 4230 2648 4298 surrexit,
2721 4229 2934 4300 inquit,
2983 4228 3181 4297 major
3255 4227 3406 4282 inter
3465 4231 3641 4282 natos

1988 4319 2306 4374 mulierum
2367 4321 2593 4375 Joanne
2650 4318 2992 4388 Baptista.»
3022 4316 3226 4382 Qualis
3281 4319 3406 4372 erat
3468 4317 3644 4372 Joan-

1987 4409 2231 4464 nes?ln
2287 4409 2495 4480 spiritu
2570 4413 2626 4462 et
2669 4407 2884 4461 virtute
2959 4405 3094 4460 Eliaa
3132 4409 3390 4460 venerat.
3451 4409 3641 4476 Atque

1915 4464 1956 4518 θ
1985 4498 2150 4569 quod
2168 4497 2263 4552 hic
2289 4464 2564 4563 o‘ccurrit,
2588 4511 2709 4551 non
2733 4499 2892 4550 caret
2913 4493 3278 4558 difﬁcultate,
3303 4507 3499 4566 neque
3514 4464 3644 4548 o‘m-

1984 4586 2127 4640 nino
2159 4601 2412 4656 parvum
2431 4591 2541 4641 est.
2569 4584 2625 4640 Si
2643 4584 2802 4639 enim
2818 4582 3082 4655 Baptista
3103 4583 3333 4637 caeteris
3355 4581 3640 4638 omnibus

1982 4674 2072 4729 vel
2112 4674 2417 4746 prophetis
2441 4674 2635 4744 major
2655 4679 2764 4741 est,
2787 4670 2936 4744 quid
2971 4673 3058 4726 est
3078 4668 3244 4743 quod
3271 4685 3395 4726 non
3416 4671 3478 4725 in
3504 4687 3639 4728 ma-

1975 4765 2105 4833 jore
2133 4763 2364 4834 spiritu.
2390 4778 2667 4835 nequem
2694 4762 2924 4832 majore
2950 4760 3185 4826 virtute,
3211 4760 3316 4816 sed
3337 4759 3400 4815 in
3420 4759 3637 4814 iisdem

2050 4943 2127 5005 (8)
2161 4943 2295 4996 Luc.
2341 4957 2381 5008 1,
2419 4945 2501 4995 l5.
2557 4945 2642 4996 17.

2049 5012 2128 5080 (9)
2152 5011 2243 5067 Sic
2271 5005 2634 5084 προσσχόντες
2665 5026 2868 5084 supra.
2912 5008 2997 5064 Nil
3034 5007 3399 5084 mutandum
3427 5005 3487 5062 in
3508 5005 3632 5084 P90

1978 5078 2236 5166 auctore.
2273 5078 2713 5166 Grammaticus
2735 5078 2978 5137 Bachm.
3009 5079 3236 5166 Anecd.
3265 5080 3396 5166 εκιι,
3421 5093 3481 5166 ρ.
3505 5078 3634 5166 3§9,

1979 5156 2059 5228 ait
2111 5160 2348 5228 πρόσχες
2405 5154 2953 5228 essehAtticorum,
3004 5151 3188 5228 idque
3253 5146 3634 5228 δι’-εὔφωνίαν

1980 5219 2158 5281 Idem'
2190 5219 2366 5280 tradit
2405 5225 2755 5280 Scholiastes
2799 5224 2860 5278 in
2900 5222 3059 5278 Pauli
3089 5219 3310 5279 Silent.
3341 5219 3630 5276 Thermas

1977 5314 2029 5369 γ.
2104 5301 2302 5369 12⁸2Τό
2345 5303 2577 5369 πρόσχες
2637 5293 2729 5369 διὰ
2789 5292 2886 5347 δύο
2954 5312 3026 5369 σσ
3089 5291 3266 5369 ὤφειλε
3337 5293 3633 5369 γράφεσθαι

1977 5368 2087 5420 ἐπεὶ
2151 5365 2209 5420 δὲ
2287 5363 2588 5440 κακάφωνον
2672 5367 2866 5438 ἐγένετο
2956 5363 3150 5432 οὕτως,
3235 5363 3513 5417 ἀποϐάλλει
3571 5366 3632 5416 τό

1976 5459 2025 5490 εν
2088 5461 2140 5495 σ.

2048 5512 2158 5581 (10)
2193 5511 2391 5568 Matth.
2424 5527 2495 5581 χι,
2532 5511 2618 5565 11.
