4130 6424
465 327 601 385 1463

1782 337 2216 398 NICEPHEORI
2256 337 2518 397 CHUMNI

3709 343 3872 398 1464

464 468 536 510 ac
554 452 683 526 ipse
705 450 859 509 Elias
888 453 917 509 i’
944 456 1058 511 Aut
1084 457 1661 528 quomodosalvum
1691 463 1800 522 erit
1817 464 1963 521 illud
1993 480 2118 521 ma-

2255 462 2423 517 τλείονι
2444 459 2685 537 δυνάμει,
2753 462 2866 518 ἀλλ’
2908 462 2957 517 ἓν
3009 470 3119 527 τοῖς
3176 465 3354 525 αὐτοῖς
3400 483 3490 516 και
3557 466 3706 528 ἴσοις
3736 451 3875 525 ἣκει

459 541 562 614 jus
592 557 776 614 quam
822 543 988 616 apud
1041 544 1255 616 Eliam,
1303 549 1353 604 si
1373 549 1525 608 Elias
1563 552 1712 610 nihil
1741 554 1964 624 minus,
2013 553 2119 610 sed

462 631 626 689 idem
637 631 913 689 habuerit
934 635 962 690 ‘?
993 635 1134 700 Quis
1147 642 1346 694 autem
1369 641 1563 697 minor
1573 643 1819 715 quidem
1840 641 2117 717 Baptista,

466 722 664 798 major
692 738 836 781 vero
864 722 964 785 illo
996 725 1058 785 in
1079 742 1265 802 regno
1292 729 1580 790 caelorum
1604 734 1633 791 ?

542 996 657 1054 Sed
678 997 882 1071 accipe
911 998 1077 1071 prius
1102 1014 1138 1056 a
1158 1016 1255 1057 me
1275 1016 1411 1074 quae
1430 1003 1595 1074 prius
1624 1007 1681 1060 et
1700 1004 1779 1060 ab
1808 1004 2024 1075 angelo
2040 1003 2127 1062 di-

471 1089 569 1142 cta
597 1092 753 1143 sunt.
788 1110 816 1138 «
848 1091 1160 1146 Convertet
1181 1091 1363 1152 enim,
1394 1092 1589 1165 inquit
1616 1093 1691 1150 de
1719 1094 2128 1165 Joanne,mul«

472 1181 566 1232 tos
612 1177 687 1233 de
728 1177 865 1233 ﬁliis
910 1179 1086 1235 Israel
1129 1180 1207 1236 ad
1251 1183 1571 1239 Dominum
1610 1186 1794 1240 Deum
1833 1173 2126 1257 ipsorum.

476 1265 698 1322 Deinde
725 1266 893 1324 addit
922 1284 935 1323 :
960 1289 989 1319 »
1012 1270 1080 1324 Et
1097 1269 1226 1341 ipse
1256 1271 1552 1342 praecedet
1579 1271 1640 1328 in
1684 1273 1894 1346 spiritu
1925 1279 1983 1331 et
2008 1275 2131 1331 vir-

475 1357 599 1410 tute
628 1355 785 1412 Elias.
819 1377 850 1406 »
881 1358 1230 1415 Averterant
1276 1360 1438 1416 enim
1487 1364 1629 1417 tunc
1651 1362 1758 1418 ﬁlii
1790 1362 1977 1420 Isarel
2004 1363 2135 1420 vul-

478 1446 609 1499 tum
642 1449 700 1501 et
732 1445 916 1502 corda
952 1462 1160 1503 eorum
1193 1464 1231 1504 a
1258 1448 1407 1506 facie
1433 1449 1538 1507 Dei
1562 1469 1579 1522 ;
1620 1456 1956 1509 averterant
1992 1451 2134 1509 inde

480 1536 538 1590 et
561 1538 977 1591 converterant
1006 1537 1086 1592 ad
1109 1536 1266 1605 Baal,
1299 1542 1355 1594 et
1378 1538 1578 1612 ipsum
1608 1539 2037 1613 sequebantur,
2077 1545 2135 1598 et

481 1621 687 1678 omnia
711 1623 840 1679 haec
883 1640 1021 1697 quas
1050 1629 1109 1681 et
1130 1625 1392 1683 historiae
1416 1632 1474 1684 et
1501 1627 1636 1684 libri
1679 1629 1964 1695 referunt,
1985 1645 2133 1686 con-

480 1713 574 1768 tra
596 1711 810 1768 altaria
848 1712 970 1780 Dei,
996 1718 1206 1771 contra
1251 1716 1380 1788 ejus
1426 1717 1790 1783 sacerdotes,
1831 1719 2137 1776 dirissima

481 1798 640 1857 facta
690 1804 848 1857 sunt.
888 1800 969 1858 De
988 1801 1101 1859 illis
1140 1802 1414 1861 irascitur
1440 1805 1620 1872 Elias,
1659 1811 1716 1863 et
1747 1806 1911 1863 mala
1946 1807 2049 1864 illa
2073 1807 2136 1864 in

482 1903 587 1945 eos
624 1889 730 1962 qui
761 1889 1030 1947 fecerunt
1058 1892 1362 1963 convertit,
1399 1894 1536 1950 etin
1555 1895 1882 1967 prophetas
1915 1910 2137 1969 oppro-

480 1977 683 2034 brium
724 1982 781 2035 et
825 1979 888 2035 in
932 1980 1275 2038 sacerdotes
1309 1982 1808 2053 indignationem,
1850 1990 1905 2041 et
1924 1984 2141 2042 liberat

483 2067 664 2123 Israel
680 2083 754 2124 ex
774 2084 887 2125 suo
912 2085 1131 2137 errore,
1164 2075 1221 2125 et
1244 2071 1323 2127 ad
1344 2074 1532 2129 Deum
1551 2088 1799 2130 rursum
1827 2073 2137 2131 convertit.

484 2155 589 2212 Illo
616 2157 795 2227 igitur
841 2159 1071 2231 spiritu,
1097 2159 1200 2216 illa
1228 2160 1438 2218 virtute
1465 2178 1620 2235 opus
1649 2167 1795 2231 erat,
1824 2167 1889 2219 ut
1917 2163 2139 2220 multos

484 2243 749 2302 ﬁliorum
782 2246 961 2304 Israel
1001 2253 1356 2321 conveteret,
1393 2254 1451 2306 et
1478 2250 1533 2307 ei
1579 2251 1917 2309 submissos
1952 2251 2144 2308 salva-

485 2338 594 2391 ret.
628 2337 696 2391 Et
744 2334 893 2392 illud
942 2341 1049 2409 est,
1090 2337 1308 2411 opinor
1356 2357 1430 2395 ε»
1469 2339 1535 2396 In
1575 2340 1788 2413 spiritu
1835 2344 1892 2397 et
1928 2340 2143 2398 virtute

488 2422 626 2481 Elias
673 2429 960 2482 venturus
1007 2431 1117 2484 est.
1174 2449 1196 2478 ι

2228 559 2301 614 τῷ
2332 552 2554 621 Ἠλιούς
2596 556 2626 615 ἣ
2687 558 2801 616 πῶς
2858 556 3283 629 περισωθήσεται
3339 557 3398 606 τό
3453 554 3633 627 μεῖζον
3683 554 3872 626 αύτῷ,

2228 650 2321 695 τοῦ
2340 643 2520 696 Ἠλιοῦ
2560 640 2726 717 μηδὲν
2780 645 2934 703 ἧττον
2995 641 3127 717 μηδ’
3190 643 3426 710 ἔλαττον,
3472 643 3605 696 ἀλλά
3661 648 3873 697 ταυτόν

2232 731 2570 804 ἐσχηκότος;
2610 738 2698 795 Τίς
2748 731 2808 787 δε
2870 754 2956 786 και
3016 735 3043 786 6
3101 734 3404 809 μικρότερος
3459 736 3550 806 μὲν
3594 741 3692 787 τοῦ
3756 742 3875 789 Βα-

2231 830 2477 893 πτιστοῦ,
2510 824 2700 897 μείζων
2718 820 2771 877 δ’
2797 824 2958 877 αὐτοῦ
3008 821 3057 876 ἐν
3113 831 3177 896 τῇ
3237 822 3487 897 βασιλείᾳ
3543 832 3646 877 τῶν
3701 824 3879 900 ούρα-

2232 914 2429 984 νῶνῌ)
2473 930 2489 982 ;

2310 1001 2426 1056 Δλλ³
2479 1001 2646 1057 ἐκεῖνά
2713 1023 2805 1076 μοι
2861 1012 3059 1079 πρῶτα,
3086 1004 3152 1056 τὰ
3189 1022 3280 1056 και
3334 1005 3481 1079 παρὰ
3514 1009 3610 1056 τοῦ
3704 1002 3878 1076 ἅγγε-

2238 1090 2328 1145 λου
2390 1099 2592 1168 πρῶτα,
2646 1092 2789 1149 λάϐε.
2831 1114 2861 1143 ‹‹
2914 1092 3245 1166 Ἐπιστρέψει
3305 1114 3328 1143 ι
3385 1095 3512 1167 γὰρ,
3572 1097 3699 1167 περί
3762 1100 3869 1146 τοῦ

2240 1182 2475 1235 Ἰωάννου
2507 1187 2637 1254 φησί
2691 1181 2792 1253 (2),
2856 1203 2884 1232 «
2914 1181 3135 1243 πολλοὺς
3188 1190 3287 1234 τῶν
3345 1184 3472 1234 υἱῶν
3524 1181 3741 1255 Ἰσραὴλ
3768 1180 3857 1234 ἐπὶ

2244 1273 2434 1344 Κύριον
2460 1273 2549 1323 τὸν
2588 1274 2718 1324 Θεὸν
2756 1270 2925 1324 αὐτῶν
2955 1292 2967 1305 ·
3026 1292 3054 1321 ››
3104 1268 3196 1324 εἶτ’
3246 1271 3430 1343 ἐπάγει
3476 1291 3491 1305 ο

2244 1363 2333 1423 τὸς
2367 1360 2733 1434 προελεύσεται
2767 1360 2817 1414 ἐν
2858 1363 3114 1433 πνεύματι
3163 1359 3338 1413 Ἦλιοὺ
3403 1379 3495 1412 και
3550 1357 3794 1432 δυνάμει.
3826 1381 3861 1409 n

2244 1448 2605 1522 Ἀπέστρεψαν
2636 1452 2727 1522 μὲν
2756 1452 2846 1522 μὶν
2865 1451 2965 1522 ’γὰρ
2994 1468 3086 1501 και
3113 1467 3230 1502 τοτε
3283 1449 3334 1500 οἱ
3380 1455 3475 1502 τοῦ
3530 1446 3756 1523 Ἰσραὴλ
3806 1449 3873 1499 τὸ

2243 1542 2523 1613 πρόσωπον
2591 1558 2679 1591 και
2726 1540 2818 1600 τὰς
2871 1534 3099 1613 καρδίας
3174 1537 3343 1590 αὐτῶν
3402 1535 3505 1590 ἀπὸ
3567 1540 3875 1609 προσώπου

2247 1633 2380 1680 Θεοῦ
2455 1647 2470 1661 ·
2552 1625 2886 1701 ἀπέστρεψαν
2967 1628 3156 1680 ἐκεῖθεν
3228 1645 3319 1679 και
3395 1624 3728 1700 ἐπέστρεψαν
3783 1623 3885 1677 ἐπί

2245 1715 2405 1786 Βάαλ,
2445 1735 2535 1768 και
2582 1717 2753 1769 ὀπίσω
2806 1716 2967 1769 αὐτοῦ
3011 1715 3375 1775 ἠκολούθησαν
3420 1715 3520 1786 (3),
3568 1734 3662 1767 και
3713 1712 3889 1767 πάντ’

2248 1806 2432 1877 ἐκεῖνα,
2485 1805 2589 1858 ὅσα
2643 1824 2734 1857 και
2785 1807 3014 1880 ἱστορίαι
3070 1825 3161 1857 και
3194 1790 3379 1878 βίϐλοι
3431 1808 3672 1880 φέρουσι,
3734 1805 3888 1856 κατὰ

2251 1896 2644 1969 θυσιαστηρίων
2680 1900 2839 1959 Θεοῦ,
2889 1895 3026 1946 κατὰ
3070 1901 3167 1946 τῶν
3226 1895 3396 1966 ἱερέων
3454 1892 3642 1960 αὐτοῦ,
3702 1890 3890 1947 δεινό-

2247 2001 2382 2035 τατα
2407 1983 2756 2057 κατεπράχθη
2787 1981 2864 2053 (4)
2901 2003 2914 2017 ο
2952 1981 3105 2046 ζηλοῖ
3130 1978 3179 2035 δ’
3208 1979 3294 2034 ἐπί
3319 1984 3522 2043 τούτοις
3551 1981 3741 2044 Ἠλίας
3776 1981 3880 2051 (5),

2249 2093 2339 2126 και
2410 2078 2617 2147 στρέφει
2703 2075 2772 2125 τὰ
2828 2075 2966 2125 κακὰ
3010 2080 3179 2126 ταῦτα
3241 2074 3379 2125 κατὰ
3443 2080 3542 2125 τῶν
3587 2076 3875 2147 πεπραχό-

2249 2182 2350 2216 των
2420 2162 2499 2232 (6)
2553 2181 2643 2214 και
2706 2168 2806 2215 τῶν
2855 2181 2917 2234 γε
2987 2169 3267 2237 προφητῶν
3324 2168 3419 2224 τῆς
3473 2160 3752 2234 αἰσχύνης
3803 2164 3876 2232 (7)

2250 2270 2341 2304 και
2420 2252 2590 2324 ἱερέων
2676 2258 2776 2304 τῶν
2845 2251 3335 2324 προσοχθισμάτων
3400 2249 3502 2322 (8),
3543 2269 3636 2301 και
3685 2250 3883 2324 ῥύεται

2251 2343 2340 2393 τὸν
2403 2339 2613 2415 Ἰσραὴλ
2681 2338 2740 2392 ἐκ
2815 2347 2906 2401 τῆς
2982 2339 3200 2403 πλάνης,
3269 2359 3360 2392 και
3410 2338 3496 2392 ἐπὶ
3544 2342 3676 2392 Θεὸν
3724 2337 3888 2400 αὖθις

2256 2434 2484 2506 στρέφει.
2539 2431 2767 2483 Ἐκείνου
2828 2448 2918 2481 και
2959 2436 3086 2500 ’γοῦν
3146 2436 3239 2481 τοῦ
3295 2430 3609 2500 πνεύματος,
3670 2427 3886 2492 ἐκείνης

3539 1293 3563 1320 ι
3619 1277 3714 1324 Kal.
3755 1269 3850 1322 αὖ-

487 2515 754 2567 κάνταῦθα
810 2522 903 2573 τῆν
991 2512 1256 2590 δυνάμεως
1333 2514 1461 2586 ἔδει,
1534 2518 1753 2583 πολλοὺς
1844 2527 1945 2572 τῶν
2040 2522 2165 2572 υἱῶν
2244 2518 2459 2594 Ἰσραὴλ
2527 2521 2662 2572 ὥστε
2716 2521 2804 2572 τὸν
2856 2521 3156 2578 Βαπτιστὴν
3213 2520 3300 2572 επί
3359 2520 3489 2571 Θεὸν
3532 2517 3722 2578 αὐτοὺς
3776 2517 3890 2571 ἑπ-

494 2604 738 2678 στρίψαι,
810 2625 900 2659 και
966 2606 1053 2661 ὑπ’
1122 2607 1263 2681 αύτῷ
1326 2628 1383 2682 γε
1453 2611 1667 2672 τούτους
1734 2612 2021 2666 σεσῶσθαι.
2071 2616 2174 2664 Και
2218 2609 2359 2663 τοῦτ’
2406 2607 2562 2681 ἐστίν,
2615 2604 2783 2681 οἶμαι,
2848 2610 2979 2661 τὸέν
3053 2609 3308 2681 πνεύματι
3356 2606 3514 2661 αὐτόν
3563 2606 3886 2663 ἐλεύσεσθαι

490 2714 581 2747 και
600 2702 663 2768 τῇ
696 2694 828 2769 αύτῇ
870 2703 944 2767 τῷ
972 2695 1147 2750 Ἥ).ιοὺ
1170 2693 1411 2771 δυνάμει.

563 2785 844 2857 Superest
885 2784 1450 2855 demonstrandum,
1495 2792 1553 2846 et
1597 2788 1745 2863 quid
1809 2789 2151 2863 praeterea?

491 2874 802 2949 quomodo
827 2875 1028 2948 major
1064 2880 1152 2933 est
1179 2879 1458 2951 Baptista.
1502 2881 1584 2935 Eo
1612 2879 1748 2952 ipso
1784 2879 2149 2953 baptismate

491 2963 659 3038 quod
683 2963 945 3036 perfecto
966 2965 1027 3021 in
1048 2965 1276 3023 Christo
1302 2966 1730 3040 perfectionem
1751 2969 2064 3038 antecedit,
2092 2973 2152 3026 et

490 3051 789 3126 populum
832 3052 948 3126 ipsi
994 3059 1310 3128 praeparat,
1340 3071 1463 3112 non
1485 3058 1670 3113 modo
1691 3072 1765 3113 ex
1783 3056 1921 3113 ﬁliis
1946 3056 2149 3126 Israel,

493 3141 598 3197 sed
636 3156 710 3197 ex
786 3142 951 3199 omni
990 3144 1231 3201 natione
1298 3159 1515 3214 genere
1564 3146 1884 3201 hominum
1915 3163 1929 3213 ;
1956 3160 2151 3218 neque

490 3229 641 3287 illud
669 3231 875 3295 modo,
911 3232 1018 3288 sed
1044 3232 1209 3305 quod
1233 3236 1291 3289 et
1329 3233 1595 3290 Christus
1621 3234 1702 3290 ad
1731 3234 1935 3306 ipsum
1965 3234 2146 3305 venit,

495 3324 570 3392 et,
599 3319 884 3377 inclinato
920 3320 1136 3393 capite,
1177 3322 1486 3396 baptisma
1514 3324 1743 3398 recipit,
1779 3323 1875 3380 ille
1895 3323 2023 3394 ipse
2048 3323 2154 3396 qui

497 3424 693 3479 agnus
724 3409 827 3465 Dei
851 3413 957 3473 est,
977 3415 1035 3466 et
1072 3412 1281 3469 omnia
1308 3412 1524 3468 mundi
1553 3417 1800 3485 peccata
1822 3411 1994 3481 tollit,
2016 3414 2152 3469 etin

495 3499 862 3572 baptismate
891 3499 1168 3572 puriﬁcat
1199 3520 1212 3569 ;
1242 3502 1374 3575 ipse
1396 3506 1485 3559 est
1539 3503 1803 3559 Christus
1823 3504 1928 3576 qui
1958 3503 2153 3561 minor

495 3587 746 3661 quidem
777 3588 1008 3647 Joanne
1059 3595 1393 3664 reputatus,
1446 3593 1643 3664 major
1676 3597 1877 3650 tamen
1915 3594 2015 3651 illo
2040 3596 2153 3651 est.

497 3678 727 3735 Etenim
753 3678 815 3735 in
847 3678 1016 3735 omni
1062 3678 1445 3752 baptismate,
1472 3697 1612 3738 cum
1664 3680 1830 3739 aliud
1863 3683 1941 3739 ad
1960 3682 2155 3755 bapti-

496 3771 733 3826 zantem
760 3768 1073 3841 pertineat,
1101 3768 1384 3842 aliudque
1408 3769 1486 3826 ad
1514 3770 1904 3843 baptizatum,
1931 3773 2036 3845 qui
2051 3773 2157 3830 ba-

496 3856 683 3929 ptizat
707 3856 1009 3929 baptizata
1056 3857 1254 3929 major
1299 3874 1428 3916 esse
1466 3859 1716 3916 videtur.
1767 3861 1882 3916 Sed
1909 3877 2034 3918 non
2053 3876 2155 3917 eo-

497 3946 638 4004 dem
668 3947 853 4004 modo
900 3949 975 4004 de
1000 3948 1233 4005 Christo
1279 3953 1389 4015 est,
1423 3965 1563 4005 cum
1613 3954 1767 4008 Deus
1789 3952 1883 4022 sit,
1911 3957 1968 4009 et
1994 3968 2157 4026 aqua

494 4037 901 4110 baptizantem
927 4037 1189 4112 baptizet
1213 4040 1445 4109 spiritu,
1478 4039 1606 4096 sine
1634 4057 1758 4114 quo
1785 4041 2153 4114 baptismate

494 4142 621 4188 non
671 4128 808 4185 licet
830 4129 893 4186 in
923 4144 1181 4199 regnum
1208 4129 1497 4187 caelorum
1525 4130 1788 4189 introire.
1815 4133 2001 4204 Hujus
2020 4148 2155 4205 per-

496 4217 633 4275 fecti
659 4216 1038 4292 baptismatis
1059 4222 1115 4275 et
1129 4221 1392 4277 Joannes
1411 4219 1477 4275 fit
1493 4220 1806 4293 particeps.
1838 4223 2155 4288 Quomodo

499 4310 701 4365 autem
723 4307 751 4363 ‘I
781 4309 956 4365 Manu
977 4306 1222 4380 quidem
1279 4308 1669 4381 purissimum
1695 4314 1878 4383 caput
1906 4310 1967 4366 in
1994 4325 2156 4382 aqua

574 4484 650 4556 (ι)
704 4484 899 4542 Matth.
950 4502 1028 4552 XI,
1082 4486 1138 4541 U
1202 4504 1216 4542 :
1250 4486 1310 4538 Ὀ
1352 4482 1412 4538 δὲ
1451 4489 1755 4570 μικρότερος
1792 4486 1841 4537 ἓν
1898 4494 1962 4559 τῇ
1999 4485 2156 4614 ᾷσς-
2190 4520 2234 4574 D

579 4556 1049 4631 Q!_T'Bv__gvpptv_div
1105 4560 1294 4631 μείζων
1353 4560 1515 4631 αὑτοῦ
1584 4575 1776 4631 Δεστιν.
1968 4574 1998 4613 ε
2049 4558 2155 4631 ρῙι-

2112 4576 2127 4615 l

498 4555 612 4627 λείᾳ
639 4556 1049 4631 ’τῶν-ὀύρανῷν
1105 4560 1294 4631 μείζων
1353 4555 1515 4631 αὑτοῦ
1549 4555 1776 4631 ’Ἷέοίτιν⁵
1936 4555 1998 4613 ⁷εὶ

499 4625 703 4699 cando
722 4625 950 4699 dimcili
977 4625 1116 4697 hoc,
1147 4629 1252 4684 sed
1272 4627 1546 4699 mystico,
1582 4626 1861 4699 E‘vangeli
1890 4625 2155 4698 loco,'re-

499 4697 886 4774 futandisque
922 4696 1351 4774 quorumdam
1362 4696 1668 4774 sententiis
1708 4696 1940 4774 suaque
1970 4696 2154 4774 expo-

498 4769 722 4843 nenda,
744 4768 1015 4831 versatur
1061 4770 1226 4827 Phot.
1270 4768 1452 4843 Epist.
1487 4770 1608 4835 I35,
1641 4784 1780 4842 quae
1802 4768 2157 4842 legatur'di-

502 4841 815 4911 gnissima.

575 4913 653 4985 (‘2)
690 4917 829 4974 Luc.
872 4919 1024 4985 1,16,

574 4984 653 5057 (3)
696 4988 769 5044 III
825 4990 973 5056 Reg.
1014 4997 1176 5052 xvm,
1229 4984 1313 5048 18,
1373 4984 1486 5057 2t:
1522 4986 1625 5035 Καί
1680 4984 1815 5037 εἶπεν
1869 4985 2145 5045 Ἠλιού...

502 5050 818 5130 ’βπορεύθης
899 5050 1073 5130 όῖτίσω
1128 5050 1247 5130 τῷν,
1323 5050 1621 5130 Βααλίμ...
1691 5058 1901 5130 εὶ-ἒστι
1956 5062 2156 5130 ,Κύριος

503 5125 530 5178 ὀ
590 5123 739 5194 Θεὸς,
824 5128 1107 5204 πορεύεσθε
1159 5127 1328 5177 ὀπίσω
1393 5123 1581 5178 αὐτοῦ’
1661 5126 1705 5180 εἰ
1744 5123 1803 5180 δὲ
1843 5129 2001 5198 Βάαλ,
2044 5123 2154 5184 ’πο-

502 5201 711 5271 ρεύεσθε
737 5199 907 5255 ὀπίσω
945 5199 1124 5251 αὐτοῦ.

571 5270 650 5342 (4)
712 5273 776 5329 ΙΙΙ
844 5274 984 5339 Reg.
1050 5285 1168 5333 XIX,
1238 5271 1341 5324 10:
1377 5268 1750 5342 Ἐγκοτέλιπόν
1798 5289 1857 5324 σε
1938 5273 1989 5324 οἰ
2053 5274 2157 5325 υἱοὶ

502 5340 736 5413 Ἰσραήλ,
797 5345 865 5395 τὰ
921 5342 1277 5414 θυσιαστήριά
1333 5340 1445 5414 σου
1493 5340 1829 5414 κατέσκαψαν
1882 5348 1971 5399 καὶ
2036 5348 2157 5406 τοὺς

501 5411 769 5485 προφήτας
801 5432 895 5465 σου
924 5411 1221 5464 ἀπέκτειναν
1252 5411 1302 5464 ἐν
1337 5412 1571 5486 ῥομφαίᾳ

577 5469 670 5556 (Ξὶ)⁷
705 5469 773 5540 Ill
840 5487 978 5553 Reg.
1044 5499 1166 5551 XIX,
1232 5469 1461 5541 1οίΚάἱ
1527 5469 1661 5538 ε’ἱπεν
1725 5485 1922 5538 Ἠλιοῦ·
1979 5487 2155 5547 Ζηλῶν

505 5549 744 5611 ἐζήλωκα
770 5564 842 5625 τῷ
886 5549 1058 5628 κυρίῳ
1091 5549 1493 5631 παντοκράτορι.
1565 5625 1599 5631 __
1734 5628 1742 5631 Α
1845 5624 1853 5631 ﬁ
2034 5614 2037 5621 ,

508 5604 555 5697 ι’
582 5604 1501 5702 ζεῖξίιί’ς[ἱέέζἺχὲιζξξΓ⁷εἻι⁷ὂίόὲι
1556 5625 1660 5698 ἐ·γώ
1734 5624 1911 5702 ξπάέχω
1955 5614 2041 5685 ἐπῖ
2096 5633 2154 5684 σὶ

502 5696 661 5752 me.
702 5696 900 5756 Verba
936 5696 1076 5757 sunt
1114 5697 1272 5755 Elim.

2333 2791 2581 2843 Λείπεται
2608 2783 2780 2851 δείξαι
2823 2817 2897 2828 ——
2945 2806 3037 2839 και
3088 2790 3142 2841 τί
3199 2784 3379 2839 λοιπόν
3410 2804 3519 2856 ;-
3569 2782 3648 2839 δι’
3706 2786 3736 2839 ὃ
3782 2806 3870 2838 και

2259 2877 2451 2951 μείζων
2505 2877 2646 2931 ἐστίν
2694 2878 2721 2929 6
2768 2880 3086 2947 Βαπτιστής·
3148 2876 3276 2930 αύτὸ
3338 2872 3398 2929 δὲ
3440 2876 3584 2929 τοῦτ’
3636 2878 3756 2930 ἔστι
3804 2878 3865 2930 τὸ

2261 2967 2565 3041 βάπτισμα,
2595 2965 2895 3043 πρόδρομον
2920 2966 2975 3019 ὃν
3004 2974 3098 3020 τοῦ
3127 2966 3319 3021 τελείου
3370 2985 3461 3019 και
3518 2964 3567 3018 ἐν
3621 2974 3871 3041 Χριστῷ,

2258 3076 2349 3109 και
2395 3057 2516 3110 λαόν
2556 3056 2835 3130 ἑτοιμάζον
2872 3059 3353 3130 κατεσκευασμένον
3404 3054 3570 3129 αύτῷ,
3647 3055 3749 3108 οὐκ
3814 3055 3878 3109 ἐκ

2257 3142 2464 3199 παίδων
2513 3145 2722 3219 Ἰσραὴλ
2772 3150 2948 3219 μόνον,
3006 3144 3135 3198 ἀλλὰ
3181 3164 3272 3198 και
3322 3147 3519 3208 παντὸς
3569 3143 3626 3208 ἐξ
3682 3147 3871 3209 ἔθνους

2259 3240 2350 3287 καὶ
2376 3238 2556 3306 γένους
2604 3232 2885 3309 ἀνθρώπων
2940 3237 3151 3304 παντὸς,
3212 3254 3303 3287 και
3355 3234 3415 3286 ού
3464 3241 3620 3287 τοῦτο
3672 3230 3739 3287 δε
3784 3239 3875 3307 μόο

2258 3343 2362 3376 νον·
2397 3322 2503 3376 ἀλλ’
2552 3325 2633 3376 ὅτι
2676 3343 2765 3376 και
2825 3326 3058 3398 Χριστός
3105 3326 3234 3399 πρὸς
3287 3322 3442 3375 αὐτὸν
3490 3324 3711 3398 ἔρχεται
3762 3344 3875 3390 και,

2260 3413 2433 3475 κλίνας
2506 3417 2600 3471 τὴν
2676 3418 2921 3488 κορυφὴν,
2996 3416 3056 3466 τὸ
3141 3411 3426 3486 βάπτισμα
3485 3409 3876 3484 καταδέχεταιο

2262 3501 2419 3564 αὐτὸς
2438 3502 2589 3565 οὗτος
2636 3504 2662 3555 6
2714 3521 2806 3554 και
2844 3501 3001 3574 ἀμνὸς
3047 3502 3115 3553 ὧν
3168 3509 3260 3555 τοῦ
3310 3508 3444 3556 Θεοῦ
3502 3521 3594 3554 και
3634 3506 3736 3560 τὴν
3784 3510 3884 3556 τοῦ

2262 3596 2463 3665 κόσμου
2561 3598 2735 3645 πᾶσαν
2819 3594 2978 3665 α’ίρων
3054 3590 3314 3666 ἁμαρτίαν
3404 3591 3505 3662 (9),

2263 3677 2312 3732 ἐν
2342 3687 2414 3733 τῶ
2438 3679 2794 3753 βαπτίσματι,
2851 3675 3002 3741 οὗτός
3041 3678 3156 3733 ἐστι
3196 3682 3426 3754 Χριστὸς
3466 3680 3491 3731 ό
3543 3697 3637 3731 και
3686 3681 3886 3754 μικρὸ-

2262 3787 2408 3840 τερος
2457 3771 2548 3842 μὲν
2609 3775 2700 3822 τοῦ
2736 3775 3031 3821 Βαπτιστοῦ
3070 3769 3403 3841 νομιζόμενος
3464 3771 3556 3819 καὶ
3608 3767 3767 3828 αὖθις
3809 3772 3883 3821 ὧν

2264 3858 2473 3929 μείζων.
2519 3862 2622 3911 Καί
2669 3860 2771 3932 γὰρ
2822 3856 2910 3910 ἐπί
2955 3859 3144 3918 παντὸς
3195 3864 3288 3910 τοῦ
3343 3855 3738 3930 βαπτίσματος,
3782 3865 3881 3910 τοῦ

2263 3948 2354 4018 μὲν
2384 3946 2453 4009 εἰς
2486 3946 2783 4005 Βαπτιστὴν
2828 3945 3111 4013 τελοῦντος,
3161 3952 3254 3998 τοῦ
3307 3940 3360 3998 δ’
3413 3945 3487 4007 εἰς
3533 3942 3876 4018 βαπτιζόμε-

2262 4054 2365 4106 νον,
2400 4037 2425 4089 ό
2453 4055 2513 4109 γε
2554 4035 2827 4110 βαπτιζων
2887 4042 2980 4088 τοῦ
3034 4033 3424 4109 βαπτιζομένου
3476 4033 3673 4107 μείζων
3735 4031 3879 4089 εἶναι

2265 4122 2427 4180 δοκεῖ·
2454 4123 2560 4178 ἀλλ’
2601 4125 2709 4197 οὐχ
2737 4124 2896 4186 οὕτως
2944 4123 3029 4178 ἐπί
3076 4131 3338 4198 Χριστοῦ,
3395 4129 3531 4178 Θεοῦ
3580 4127 3731 4187 ὄντος
3782 4144 3879 4178 και

2262 4220 2349 4271 τὸν
2418 4215 2746 4291 βαπτίζοντα
2793 4212 2955 4269 ὕδατι
3002 4213 3359 4289 βαπτίζοντος
3401 4234 3663 4288 πνευματι
3727 4214 3871 4289 (10),

2264 4305 2323 4360 οὗ
2355 4303 2423 4367 δὴ
2455 4309 2745 4381 πνεύματος
2768 4325 2859 4358 και
2887 4309 3055 4379 χωρίς
3093 4304 3188 4357 οὐκ
3246 4307 3385 4358 ἔστιν
3438 4300 3554 4358 οὐδ’
3621 4302 3875 4359 εἰσελθεῖν

3605 3592 3885 3665 καθαίρων

2337 4486 2414 4558 (7)
2470 4486 2535 4541 ΙΙΙ
2587 4489 2729 4557 Reg.
2783 4501 2937 4551 xvm,
3008 4488 3247 4541 25zKa£
3308 4481 3444 4537 εἶπεν
3525 4483 3709 4537 Ἠλιοῦ
3773 4492 3867 4545 τοῖς

2265 4557 2559 4631 προφήταις
2588 4567 2684 4621 τῆς
2707 4557 2993 4630 αἰσχύνης.

2338 4624 2946 4702 (8)1[1Reg.qxvl,:'32:
2977 4632 3077 4681 Καί
3130 4630 3320 4685 ἔστησε
3371 4624 3628 4702 (Achab)
3691 4629 3878 4702 θυσια·

2267 4698 2480 4777 στήριον
2519 4709 2590 4771 τῷ
2628 4698 2766 4753 Βάαλ
2795 4698 2842 4751 ἓν
2896 4704 3021 4771 οἴκῳ
3074 4707 3199 4777 τῷν-
3241 4699 3736 4777 προσσχθισματων
3784 4700 3878 4751 αὖ-

2263 4769 2379 4826 τοῦξ
2405 4769 2718 4828 Ιὺίάζχγιιῐ
2761 4775 2829 4828 29
2884 4787 2895 4827 :
2946 4769 3048 4824 καί
3097 4769 3339 4829 ἐλάλησεν
3403 4769 3581 4821 Ἠλιόύ
3641 4771 3669 4821 6
3741 4777 3879 4823 Θεσ-

2266 4843 2410 4917 ϐίτης
2457 4847 2583 4917 πρός
2641 4846 2764 4917 τοῦς
2827 4848 3094 4917 προφήτας
3167 4849 3277 4917 τῶν
3356 4842 3874 4917 προσοχθισμάτων,

2267 4896 2506 5000 ξμὶδᾶει
2644 4896 2877 5000 Μελξιόμ⁸
2915 4896 3405 5000 ’ἱῐροσοχοίσμοιταΙ
3438 4896 3566 5000 ’χὰρῆ
3591 4896 3685 4999 καὶ
3744 4896 3877 5000 E65;

2263 4986 2507 5060 λύγματα
2695 4984 2887 5040 εἴδωλα
2929 4984 3345 5060 ’προσαγορεύειν
3390 4984 3601 5060 ἐἴωθεν
3643 4984 3675 5042 ἠ
3744 4984 3880 5060 Γρ-α-

2266 5054 2525 5131 φὴζἪάθ
2556 5056 2642 5113 ibi
2662 5060 2888 5123 Ernest,
2925 5054 2989 5112 in
3028 5054 3219 5113 GlOssi
3250 5054 3436 5112 sacris
3464 5071 3527 5127 p.
3581 5059 3670 5126 89,
3714 5055 3875 5115 ,coll.

2263 5144 2405 5203 pag.
2443 5132 2563 5185 “9.

2339 5198 2600 5278 (inloan.
2623 5218 2660 5267 Ι,
2690 5203 2758 5278 29
2783 5216 2795 5255 :
2820 5199 2879 5253 Ὀ
2906 5198 3067 5278 ἀμνὸς
3113 5206 3207 5252 τοῦ
3255 5205 3410 5278 Θεοῦ,
3463 5198 3526 5278 6”
3561 5200 3723 5278 αἴρων
3778 5201 3877 5256 την

2268 5269 2527 5348 ἁμαρτίαν
2556 5279 2646 5324 τοῦ
2672 5269 3118 5348 κόσμου.-νὲι“ὺᾳ
3163 5273 3302 5348 sunt
3358 5269 3659 5348 Baptism,
3732 5283 3877 5325 cum

2269 5340 2347 5400 ad
2376 5340 2514 5399 eum
2550 5340 2857 5399 accederet
2879 5344 2909 5396 J
2917 5358 3056 5398 esus
3085 5340 3505 5414 baptizandus.

2339 5415 2451 5485 (l0)
2481 5414 2809 5485 Mutlh._lli,_
2862 5414 2919 5469 Η
2968 5432 2981 5470 :
3036 5409 3188 5485 ’E'yru'
3224 5417 3314 5485 μὲν
3361 5409 3606 5485 βαπτίζω
3645 5411 3785 5483 ὑμᾶς
3828 5411 3876 5464 ἐν

2266 5481 2444 5540 ὕδατι
2482 5527 2544 5544 ...
2598 5486 2625 5537 ὁ
2677 5481 2737 5538 δε
2788 5483 2974 5558 όπίσω,
3018 5481 3120 5558 μου
3159 5481 3436 5558 ἐρχόμενος
3491 5481 3877 5558 ’ἰσχυρότερός

2264 5560 2365 5630 μού
2422 5556 2561 5615 ἐστιν
2741 5556 2898 5630 αὑτὸς
2954 5551 3090 5628 ὑμᾶς
3132 5551 3405 5630 ﬁdit-rma
3485 5551 3533 5605 ἐν
3580 5551 3879 5625 ’Πνεύματι

2265 5624 2393 5703 ἆγίφ
2421 5647 2513 5683 και
2529 5632 2681 5702 πυρί.
2712 5627 2803 5685 Cf.
2838 5624 3086 5695 Luc.'m,
3119 5624 3204 5684 16.
