4130 6388
535 336 674 392 ιιετ

1882 331 2257 389 NICEPHORI
2292 333 2556 390 CHUMNI

3773 333 3923 390 1468

533 473 773 516 morum
793 456 1048 522 videtur,
1081 456 1132 511 si
1156 456 1364 522 homo,
1383 458 1446 511 in
1462 457 1596 529 ipsa
1608 455 1819 512 ultima
1845 457 1939 512 die
1965 457 2183 513 consti-

2306 455 2616 530 ἐπιστρέφειν
2673 455 2824 521 αὖθις
2878 459 2946 519 εἰς
2998 462 3250 532 μερίμνας
3302 463 3393 510 καὶ
3435 460 3683 520 τοιαύτας
3745 456 3930 530 ἀσχο-

534 553 714 613 tutus,
729 562 852 602 non
859 547 988 617 jam
1001 561 1204 602 omnes
1222 546 1404 602 rebus
1424 545 1796 602 terrestribus
1810 547 2184 602 adhaerentes

535 637 925 708 cogitationes
957 635 1244 706 rejecerit,
1269 635 1398 704 sed,
1420 635 1640 701 adhuc,
1682 635 1758 690 de
1805 637 2187 707 propriorum

531 727 834 782 bonorum
861 723 1348 796 cogitationibus,
1381 723 1504 780 imo
1541 739 1685 780 vero
1713 724 1789 779 de
1811 725 1986 780 bonis
2041 725 2188 796 ipsis

534 813 819 871 sollicitus
858 813 950 882 sit,
983 817 1406 885 convertatque
1433 829 1495 869 se
1521 813 1602 868 ad
1627 827 1696 868 ea
1715 829 1852 885 quas
1875 813 2188 869 mundana

536 906 698 972 sunt,
724 902 874 958 dum
899 901 979 957 ad
1008 901 1126 957 alia
1149 902 1280 972 jam
1309 907 1578 966 vocatur.
1637 902 1912 957 nesciens
1933 902 1993 958 in
2025 917 2188 974 quae-

533 1009 698 1058 nam,
740 995 942 1046 utrum
975 990 1039 1046 in
1064 990 1358 1061 jucunda,
1390 1006 1468 1046 an
1495 991 1556 1046 in
1589 991 1798 1058 tristia,
1845 995 1902 1046 et
1947 1008 2082 1063 quae
2125 992 2187 1046 in

536 1087 829 1137 aeternum
861 1079 1301 1152 protenduntur
1328 1098 1341 1148 ;
1371 1095 1567 1152 neque
1597 1079 1675 1135 ad
1705 1079 1849 1135 illud
1868 1085 2102 1136 tantum
2132 1087 2188 1137 et

536 1174 881 1226 constanter
907 1169 1179 1242 aspiciat,
1202 1185 1346 1241 quo,
1379 1170 1584 1224 anima
1623 1169 1817 1224 soluta
1842 1185 1878 1224 a
1915 1185 2184 1241 corpore,

537 1259 616 1315 ab
647 1258 1003 1314 ducentibus
1018 1257 1474 1313 transmittenda
1488 1258 1883 1322 est,nesciens
1906 1259 2188 1329 quisnam

534 1348 732 1420 ipsam
757 1353 1110 1419 accepturus
1149 1347 1225 1401 sit
1281 1346 1474 1414 locus,
1528 1351 1728 1403 utrum
1783 1347 2056 1419 supplicii
2109 1363 2188 1403 an

535 1436 752 1508 quietis
780 1438 807 1492 ?
846 1439 1008 1492 Hanc
1074 1451 1255 1508 porro
1301 1435 1640 1490 doctrinam
1696 1440 1755 1491 et
1809 1435 2188 1508 disciplinam

533 1525 857 1594 habemus,
881 1530 945 1580 ut
971 1529 1330 1596 praesentem
1359 1524 1566 1590 vitam,
1600 1525 1808 1580 mortis
1857 1525 2188 1580 meditatio-

534 1629 675 1669 nem
706 1613 1032 1682 faciamus,
1052 1629 1189 1685 quae
1217 1613 1372 1668 bene
1395 1612 1664 1668 futurum
1694 1613 1984 1668 saeculum
2010 1613 2188 1669 nobis

532 1701 896 1774 praeparabit
932 1707 988 1757 et
1019 1700 1338 1756 commode
1393 1717 1506 1756 nos
1552 1701 1692 1756 huic
1744 1701 2076 1772 adaptabit.
2127 1704 2192 1756 Et

532 1789 691 1845 beati
721 1789 823 1861 qui
852 1789 946 1845 his
975 1787 1416 1845 hortationibus
1459 1791 1645 1844 totam
1693 1793 1956 1845 mentem
2013 1789 2188 1844 adhi-

533 1881 767 1944 bentes,
795 1882 985 1934 totam
1023 1877 1205 1934 vitam
1232 1875 1302 1932 iis
1325 1875 1693 1943 submittere,
1716 1893 1855 1932 cum
1886 1876 2080 1949 iisque
2102 1877 2187 1931 vi-

532 1985 667 2025 vere
696 1973 1011 2024 conantur.

2295 547 2412 608 λίας
2457 544 2624 620 μηδεν
2691 549 2821 621 αύτῇ
2871 552 3250 622 προσηκούσας
3293 567 3305 580 ο
3349 547 3376 598 ὃ
3404 544 3470 604 δη
3515 566 3608 619 μοι
3656 551 3753 600 καὶ
3776 550 3925 599 πάνυ

2296 655 2348 688 τι
2397 638 2681 708 θαυμάζειν
2764 641 2982 703 ἔπεισιν,
3035 637 3080 689 εἰ
3126 637 3415 708 ἅνθρωπος,
3475 636 3527 689 ἕν
3577 635 3713 708 αὐτῇ
3771 641 3927 708 ’γενό-

2295 743 2442 798 μενος
2495 733 2558 796 τῇ
2620 728 2892 800 ὑστεραίᾳ,
2982 726 3111 798 οὐχὶ
3157 731 3249 778 καὶ
3312 727 3508 786 πάντας
3565 726 3720 786 εὐθὺς
3795 731 3930 788 τοὺς

2295 821 2406 876 τοῖς
2496 822 2751 890 παροῦσιν
2837 815 3168 888 ἐνεχομένους
3251 812 3510 867 ἀπόλλυσι
3597 814 3925 887 λογισμούς,

2298 901 2426 970 ἀλλ’,
2487 907 2564 956 ἔτι
2615 912 2733 966 ταῖς
2801 908 2919 977 περὶ
2974 912 3074 955 τῶν
3166 908 3467 977 προσόντων
3534 921 3832 976 φροντισιν,
3892 905 3916 961 i

2296 992 2486 1064 μᾶλλον
2569 994 2637 1044 ὧν
2716 991 2852 1066 εἶχε,
2938 997 3354 1064 συνεσχημένος,
3436 998 3762 1064 επιστροφὴν
3805 1011 3928 1044 τινα

2297 1090 2395 1132 τῶν
2433 1081 2483 1132 ἐν
2525 1090 2599 1152 τῷ
2651 1082 2753 1155 βίῳ
2783 1090 3029 1148 ποιεῖται,
3075 1082 3127 1134 ἐν
3169 1081 3344 1142 ἄλλοις
3393 1078 3462 1139 δή
3504 1099 3620 1133 τισι
3680 1100 3921 1153 μετακα-

2295 1169 2559 1242 λούμενος,
2619 1171 2713 1223 οὐκ
2769 1169 2924 1233 εἰδὼς
2961 1167 3014 1224 δ’
3069 1170 3119 1222 ἐν
3177 1172 3323 1236 οἵοις,
3380 1167 3542 1228 ἡδέσι
3605 1166 3848 1226 δηλονότι
3881 1171 3912 1226 ἢ

2300 1260 2648 1332 σκυθρωποῖς,
2725 1261 2776 1321 ἐς
2851 1258 3134 1333 ἀπέραντον
3190 1256 3242 1311 δ’
3319 1260 3459 1330 ὅμως
3520 1263 3905 1333 παρατεινομέ-

2297 1367 2421 1413 νοις,
2489 1345 2612 1401 οὐδὲ
2677 1353 2806 1422 πρὸς
2871 1347 3032 1400 ἐκεῖνο
3084 1352 3237 1420 μόνον
3286 1347 3546 1407 παντελῶς
3600 1345 3910 1419 inata-.90-

2300 1455 2401 1507 φως
2425 1435 2624 1508 βλέπει,
2660 1439 2779 1488 ὁποι
2827 1435 3093 1507 δηλονότι,
3151 1437 3372 1489 λυθεῖσα
3431 1444 3521 1488 τοῦ
3578 1441 3845 1507 σώματος,
3884 1436 3916 1492 ἦ

2297 1525 2453 1596 ψυχὴ
2487 1530 2778 1597 μετασταίη
2831 1528 2932 1579 ύπό
2986 1534 3086 1577 τῶν
3137 1525 3362 1596 ἀγόντων
3431 1523 3774 1588 ἐλκυσθείσα,
3828 1529 3927 1576 καὶ

2299 1622 2441 1674 ποῖος
2505 1614 2668 1673 αὐτὴν
2746 1612 3084 1687 μεταδέξεται
3155 1623 3354 1686 χῶρος,
3399 1613 3635 1676 κολάζων
3691 1614 3727 1672 ἦ
3801 1611 3930 1664 ἁνα-

2300 1705 2499 1756 παύων.
2568 1703 2798 1775 ’Ἐχομεν
2856 1700 2916 1755 δὲ
2979 1709 3067 1756 καὶ
3146 1705 3338 1760 ταύτην
3404 1703 3605 1762 πάντως
3663 1698 3931 1754 παιδείαν

2300 1796 2390 1842 καὶ
2441 1795 2735 1860 νουθεσίαν,
2783 1793 2919 1845 πάνυ
2967 1809 3015 1844 τι
3090 1795 3149 1844 τό
3219 1790 3398 1863 μέλλον
3480 1791 3607 1863 ἡμῖν
3702 1785 3762 1842 εὖ
3832 1797 3930 1844 καὶ

2300 1880 2468 1941 καλῶς
2507 1880 2881 1953 οἰκονομοῡσαν
2947 1885 3035 1933 καὶ
3100 1879 3524 1954 καταρτίξουσαν
3575 1881 3712 1954 πρὸς
3765 1887 3929 1932 τοῦτο

2303 1974 2684 2041 συμφερόντως,
2734 1970 2947 2042 μελέτην
2997 1969 3099 2022 αίεὶ
3158 1971 3378 2022 θανάτου
3463 1971 3552 2020 τόν
3604 1965 3743 2040 τῇδε
3806 1967 3929 2040 βίον

3166 908 3467 978 προσόντων
3534 921 3832 976 φροντισιν,
3892 908 3925 961 ἦ

534 2057 936 2126 ποιεῖσθαι
1005 2061 1105 2108 Καὶ
1179 2057 1431 2129 μακάριοι
1496 2073 1555 2125 γε
1603 2056 1652 2105 οἱ
1719 2058 1882 2127 ταύτῃ
1936 2062 2197 2126 νουνεχῶς
2251 2059 2697 2129 προσχόντες
2754 2066 2816 2129 τῇ
2875 2059 3140 2129 νουθεσίᾳ,
3195 2061 3286 2108 καὶ
3329 2061 3425 2116 τὴν
3483 2055 3711 2108 ἐνταῦθα
3772 2057 3922 2109 πολι-

532 2151 672 2199 τείαν
704 2145 825 2203 ὅλην
851 2140 1243 2204 σπουδάσαντες
1281 2145 1572 2196 ὑποθέσθαι
1602 2151 1664 2215 τῇ
1690 2148 2012 2216 παραινέσει,
2043 2147 2135 2194 καὶ
2156 2146 2319 2216 ταύτῃ
2357 2149 2610 2207 συζῆσαι.

605 2233 858 2299 Quando
888 2238 1090 2288 autem
1121 2233 1253 2303 quis
1283 2249 1385 2286 eas
1439 2232 1502 2287 in
1557 2231 1857 2287 oblivione
1901 2232 2185 2304 posuerit,

531 2327 909 2395 mortemque
959 2322 1157 2394 ipsam
1208 2327 1500 2393 tanquam
1548 2322 1686 2376 vitae
1742 2321 1925 2392 hujus
1987 2335 2191 2376 rerum

531 2411 989 2466 meditationem
1020 2410 1242 2479 fecerit,
1275 2409 1367 2464 his
1401 2407 1923 2465 adhortationibus
1955 2413 2190 2466 contra-

532 2497 760 2568 dicens,
787 2513 904 2562 me,
941 2501 1002 2553 ut
1026 2497 1327 2562 dicebam,
1351 2496 1447 2552 ille
1473 2497 1533 2550 in
1577 2496 2074 2568 stupefactionem
2104 2497 2190 2551 in-

526 2586 671 2657 jicit,
714 2602 853 2641 cum
881 2585 998 2641 hoc
1025 2584 1209 2640 modo
1239 2585 1462 2641 ultimis
1475 2584 1688 2640 diebus
1719 2591 1774 2640 et
1802 2586 1864 2640 in
1894 2586 2028 2657 ipso
2071 2585 2190 2640 ﬁne

531 2679 750 2731 utatur.
787 2674 1015 2730 Etenim
1046 2674 1095 2728 si
1124 2674 1295 2741 velis,
1326 2674 1474 2729 dum
1494 2677 1627 2743 jam
1657 2679 1714 2729 te
1739 2674 1954 2745 pungit
2002 2689 2186 2739 mors,

529 2768 886 2821 testamenta
916 2763 1230 2828 conﬁcere,
1257 2762 1500 2818 aliunde
1535 2778 1677 2818 vero
1710 2778 1832 2818 non
1857 2763 2120 2818 sustines
2153 2779 2191 2818 a

527 2853 706 2909 bonis
737 2853 1029 2923 decidere,
1073 2852 1285 2924 quidni
1317 2867 1495 2907 omne
1521 2851 1657 2907 vitae
1689 2854 1930 2925 tempus
1981 2851 2190 2907 mortis

535 2946 773 3014 tempus
804 2946 1066 3014 reputes,
1097 2945 1155 2996 et
1183 2941 1543 3013 priusquam
1555 2955 1694 2996 vere
1723 2938 1863 2995 ﬁnis
1884 2939 2188 3009 adveniat,

531 3029 611 3086 ad
639 3031 839 3104 ipsum
862 3029 1210 3103 respiciens,
1240 3029 1469 3086 scribas
1499 3029 1527 3082 ‘P

605 3295 838 3352 Etenim
867 3311 962 3352 res
987 3295 1070 3350 ita
1099 3311 1162 3350 se
1196 3295 1378 3351 habet
1413 3313 1424 3350 :
1462 3311 1604 3351 cum
1632 3296 1761 3351 nati
1808 3294 1997 3350 simus
2038 3310 2195 3350 mor-

2369 2233 2530 2286 Ὅταν
2591 2232 2650 2286 δέ
2714 2255 2796 2296 τις
2846 2240 2918 2306 μὴ
2969 2239 3122 2306 μόνον
3185 2236 3382 2294 ταύτης
3461 2232 3926 2306 κατωλιγωρηκῶς

2301 2328 2502 2394 φανείη,
2547 2321 2675 2375 ἀλλά
2721 2329 2809 2375 καὶ
2861 2327 2949 2376 τόν
3010 2325 3226 2376 θάνατον
3266 2321 3479 2395 μελέτην
3523 2323 3719 2374 ὡσανεὶ
3762 2325 3928 2380 τιθῆ-

2299 2430 2388 2462 ται
2439 2415 2516 2480 (3)
2564 2418 2663 2462 τῶν
2721 2410 2769 2462 ἐν
2825 2409 2928 2484 βίῳ
2984 2412 3326 2485 πραγμάτων,
3394 2413 3526 2485 πρὸς
3617 2409 3929 2462 τούναντίον

2301 2499 2556 2558 παντελῶς
2612 2507 2704 2551 τοῦ
2787 2499 3220 2572 παραγγέλματος
3307 2501 3467 2566 ἡκων,
3536 2500 3735 2570 ἔμοιγε,
3797 2499 3929 2570 ὅπερ

2300 2590 2444 2658 ἔφην,
2479 2588 2537 2639 οὐ
2589 2587 2765 2661 πόρῥω
2809 2589 3071 2659 θαύματος
3098 2589 3124 2638 ὁ
3163 2593 3419 2652 τοιοῦτος,
3474 2593 3658 2638 τοῦτον
3717 2583 3791 2644 δὴ
3834 2591 3929 2639 τὸν

2300 2681 2488 2750 τρόπον
2541 2684 2646 2737 τοῖς
2694 2677 2940 2736 ὑστάτοις
3013 2684 3102 2728 καὶ
3145 2684 3207 2748 τῇ
3291 2675 3498 2747 τελευτῇ
3567 2680 3926 2748 κεχρημένος.

2303 2770 2404 2818 Καὶ
2475 2768 2600 2839 γὰρ,
2671 2765 2716 2818 εἰ
2776 2763 2973 2837 βούλει,
3022 2767 3293 2826 νύττοντός
3367 2783 3424 2816 σε
3500 2772 3592 2816 τοῦ
3669 2767 3920 2833 θανάτου,

2299 2857 2512 2929 γράφειν
2596 2849 2872 2920 διαθήκας,
2959 2853 3125 2914 ἄλλως
3208 2849 3260 2905 δ’
3325 2853 3419 2905 ούκ
3493 2852 3658 2926 ἀνέχῃ
3748 2851 3925 2906 δοκεῖν

2302 2943 2566 2995 ἐκπίπτειν
2627 2950 2725 2994 τῶν
2779 2948 3098 3016 προσόντων,
3157 2947 3210 2994 τί
3276 2946 3348 3014 μὴ
3415 2947 3507 2994 καὶ
3579 2944 3757 2995 πάντα
3838 2964 3928 2996 τον

2304 3034 2442 3093 ζωῆς
2467 3037 2657 3104 χρόνον
2717 3034 2939 3084 θανάτου
2969 3036 3162 3106 χρόνον
3187 3051 3247 3103 γε
3275 3031 3491 3103 λογίζῃ,
3546 3037 3659 3102 καὶ,
3730 3038 3857 3105 πρὶν
3894 3035 3923 3092 ἡ

2303 3124 2547 3193 καθαρῶς
2603 3123 2662 3172 τό
2716 3120 2858 3182 τέλος
2935 3117 3237 3192 ἀφικέσθαι,
3297 3122 3424 3194 πρὸς
3501 3117 3629 3172 αύτὸ
3706 3123 3928 3195 ’γράφεις

2306 3209 2509 3282 βλέπων
2541 3227 2554 3276 ;

2378 3303 2479 3352 Καὶ
2532 3301 2634 3373 ’γὰρ
2691 3297 2853 3359 οὕτως
2913 3300 3027 3369 ἔχει
3061 3319 3074 3330 ο
3127 3300 3330 3358 θνητοῖς
3387 3299 3515 3368 ἡμῖν
3572 3316 3634 3368 γε
3671 3305 3920 3372 γεννωμέ-
3983 3300 4001 3319 '

533 3384 703 3451 tales,
737 3401 860 3440 una
883 3384 1204 3440 nobiscum
1237 3385 1498 3454 gignitur
1528 3401 1664 3458 quae
1691 3384 1878 3440 vitam
1918 3384 2189 3440 dissolvit

2306 3407 2410 3447 νοις
2468 3391 2900 3440 συναποτίκτεταί
2956 3405 3068 3448 πως
3130 3393 3220 3440 καὶ
3282 3389 3312 3445 ἠ
3374 3391 3470 3444 τὴν
3554 3387 3697 3448 ζωὴν
3761 3390 3926 3448 αὐτὴν

535 3473 837 3545 corruptio
863 3477 921 3530 et
947 3472 1167 3528 ﬂuxus.
1199 3476 1264 3528 Et
1294 3488 1438 3528 sane
1468 3474 1644 3529 nobis
1665 3474 1726 3529 in
1757 3474 1921 3529 viam
1947 3479 2005 3528 et
2059 3473 2195 3528 vitae

534 3578 783 3618 cursum
811 3561 1211 3617 incidentibus
1239 3577 1361 3617 non
1393 3563 1576 3618 modo
1604 3562 1740 3618 licet
1771 3563 1848 3618 ab
1873 3562 2040 3618 initio
2058 3578 2199 3618 con-

537 3655 763 3706 stanter
790 3652 1266 3707 animadvertere
1294 3668 1477 3724 quem
1507 3652 1584 3707 ad
1610 3651 1793 3706 ﬁnem
1823 3651 2195 3723 requiescere

534 3738 887 3809 debeamus,
920 3740 1024 3794 sed
1029 3743 1052 3810 j
1063 3756 1161 3795 am
1177 3740 1236 3794 in
1262 3739 1355 3796 his
1376 3756 1510 3812 quae
1525 3744 1907 3812 praetereunt,
1923 3739 2195 3810 aspicere

537 3845 865 3900 possumus
912 3829 1257 3899 adjunctam
1317 3829 1784 3901 corruptionem.
1843 3829 1975 3884 Vita
2034 3828 2193 3882 enim

535 3923 743 3974 nostra
768 3923 1062 3990 tanquam
1094 3919 1156 3973 in
1184 3918 1444 3989 vestigiis
1471 3924 1598 3974 tota
1643 3919 1882 3988 incedit,
1915 3923 1972 3973 et
2032 3933 2195 3974 mors

537 4022 858 4063 accurrens
887 4022 957 4062 ac
984 4007 1278 4062 comitans
1307 4007 1368 4061 id
1399 4008 1563 4079 quod
1603 4007 1724 4064 vita
1747 4011 2048 4062 transacta
2068 4005 2196 4061 reli—

536 4097 686 4169 quit,
717 4096 778 4151 id
799 4096 999 4152 statim
1025 4096 1240 4167 accipit
1265 4096 1860 4168 comprehenditque,
1904 4097 1958 4152 et
2001 4093 2193 4151 omni-

535 4186 651 4241 bus
707 4186 842 4240 vitae
894 4185 1166 4257 partibus
1212 4185 1540 4241 ﬂuentibus
1623 4185 2194 4255 transeuntibusque

537 4274 893 4340 occidimur,
915 4290 1172 4346 quaeque
1210 4275 1339 4344 jam
1369 4276 1548 4330 morti
1577 4273 1959 4346 adjiciuntur.
1992 4275 2077 4326 Ita
2105 4278 2190 4340 ut,

539 4364 589 4419 si
617 4379 781 4418 mors
812 4368 864 4418 te
921 4363 983 4418 in
1037 4365 1314 4419 timorem
1367 4364 1664 4434 injiciens,
1725 4361 1937 4416 ultima
1990 4360 2086 4415 die
2138 4366 2189 4415 te

2306 4368 2483 4438 μέρεσι
2520 4366 2701 4438 ῥέουσι
2729 4370 2818 4416 καὶ
2867 4369 3299 4437 παρερχομένοις,
3353 4370 3443 4417 καί
3509 4385 3569 4437 ’γε
3622 4377 3700 4438 τῷ
3772 4371 3923 4422 θανά-

537 4456 963 4508 testamentum
1004 4452 1299 4508 conﬁcere
1329 4453 1506 4521 cogit,
1533 4451 1744 4522 quidni
1783 4455 1840 4504 et
1864 4449 2062 4504 hodie.
2089 4449 2189 4504 illa

2306 4472 2373 4522 τῳ
2415 4458 2898 4525 προσγιγνομένοις,

2302 3477 2503 3529 λύουσα
2558 3478 2726 3550 φθορὰ
2776 3480 2864 3527 καὶ
2924 3477 3126 3549 ῥεῦσις.
3181 3481 3281 3529 Καί
3336 3495 3396 3546 γε
3451 3478 3597 3550 παρὰ
3647 3482 3747 3535 τὴν
3801 3476 3927 3530 ὀδόν

2305 3566 2592 3638 ἐμπεσοῦσι
2621 3569 2827 3617 καὶτὸν
2883 3563 3078 3636 δρόμον
3123 3574 3215 3617 τοῦ
3283 3564 3405 3637 βίου
3438 3569 3510 3636 μὴ
3563 3570 3719 3637 μόνον
3781 3570 3928 3620 ἔστιν

2305 3658 2429 3728 ημῖν
2491 3655 2542 3718 ἐξ
2599 3654 2775 3728 ἀρχῆς
2832 3653 3129 3715 ἀπταίστως
3187 3653 3360 3724 ἐνορᾲν
3427 3658 3554 3728 πρὸς
3605 3656 3630 3706 ὃ
3684 3651 3755 3713 δὴ
3830 3664 3925 3709 καὶ

2305 3745 2710 3816 καταπάυσομεν
2751 3742 2913 3812 τέλος,
2949 3742 3054 3795 ἀλλ’
3087 3741 3195 3801 ἤδη
3229 3748 3319 3796 καὶ
3375 3742 3424 3795 ἐν
3480 3753 3592 3805 τοῖς
3614 3745 3734 3797 καθ’
3780 3748 3924 3820 ὦραν

2307 3833 2495 3904 ζῶμεν,
2545 3833 2594 3884 ἓν
2669 3833 2877 3894 τούτοις
2932 3834 3045 3884 ἔστι
3101 3838 3321 3906 συνορᾴν
3378 3837 3468 3884 καὶ
3533 3838 3625 3890 τὴν
3718 3837 3926 3909 φθορὰν

2305 3922 2456 3982 εὐθὺς
2497 3921 2915 3994 παρεζευγμένην
2978 3941 2991 3953 ο
3044 3922 3112 3982 ὡς
3154 3923 3255 3993 γὰρ
3311 3920 3358 3972 ἐν
3394 3924 3574 3992 ’ίχνεσί
3619 3941 3734 3974 τισι
3789 3923 3926 3996 βαι-

2302 4013 2498 4071 νούσης
2581 4013 2676 4071 τῆς
2744 4010 2884 4071 ζωῆς
2931 4012 3075 4081 ἡμῶν
3129 4009 3343 4068 ἁπάσης
3387 4016 3477 4062 καὶ
3530 4018 3620 4062 τοῦ
3691 4014 3928 4066 θανάτου

2301 4101 2646 4174 παραθέοντος
2705 4103 2793 4149 καὶ
2876 4107 3464 4173 συμπαρομαρτοῡντος,
3533 4102 3655 4172 ὅπερ
3746 4101 3926 4160 ἐκείνη

2300 4197 2502 4261 παρῆκε
2550 4184 2807 4252 διαϐᾶσα,
2856 4190 2999 4239 τοῦτ’
3055 4189 3206 4248 εὐθὺς
3282 4188 3434 4248 αὐτὸς
3499 4187 3928 4263 μεταὸεξάμενος

2301 4276 2488 4347 ύφεῖλε,
2522 4281 2611 4328 καὶ
2649 4278 3000 4349 νενεκρῶμεθα
3037 4275 3220 4328 λοιπὸν
3275 4283 3410 4329 πᾶσι
3463 4285 3571 4337 τοῖς
3626 4286 3728 4342 τῆς
3784 4285 3926 4343 ζωῆς

2976 4453 3153 4516 Ὠστ’,
3231 4457 3370 4526 εἴπερ
3440 4455 3465 4505 ὀ
3540 4455 3772 4519 θάνατός
3861 4477 3914 4509 σε

536 4545 826 4610 regnante
876 4545 954 4607 (et
1011 4549 1240 4612 quanta
1289 4540 1614 4611 possideat,
1674 4537 1924 4592 omnino
1979 4538 2189 4609 vides),

537 4633 895 4684 testamenta
908 4629 1138 4692 scribis,
1161 4643 1380 4699 corpus
1393 4625 1637 4698 quidem
1655 4625 1923 4681 validum
1935 4627 2188 4691 habens,

537 4721 737 4773 mente
749 4733 891 4774 vero
903 4717 1176 4773 nondum
1191 4714 1452 4771 violento
1471 4714 1686 4769 morbo
1709 4715 1967 4782 turbata,
1997 4732 2192 4788 neque

538 4823 610 4863 ca
625 4806 982 4877 cogitatione
997 4821 1134 4861 cum
1149 4802 1470 4859 formidine
1482 4801 1757 4874 agitatus,
1775 4804 1942 4876 quod
1973 4821 2191 4877 nempe

531 4896 661 4966 jam
691 4895 962 4951 moreris.

537 4989 787 5059 κραταιᾶς

537 5093 626 5132 νην
657 5091 672 5139 ;

605 5215 683 5284 (1)
737 5211 963 5284 Gobilis
1025 5214 1113 5284 est
1166 5210 1459 5268 Ciceronis
1502 5213 1670 5269 locus
1719 5217 1889 5269 Tusc.
1966 5229 2006 5283 1,
2078 5217 2183 5269 30:

538 5306 566 5334 «
599 5282 742 5339 TOta
769 5282 1270 5355 philosophorum
1301 5283 1430 5350 vita,
1482 5289 1545 5340 ut
1593 5286 1673 5339 ait
1730 5286 1890 5340 idem
1948 5285 2183 5355 (Plato),

536 5353 962 5426 commentatio
993 5355 1198 5426 mortis
1212 5360 1317 5426 est.
1353 5356 1539 5410 »Vide
1567 5357 1887 5426 W'yttenb.
1919 5356 1998 5412 ad
2029 5353 2190 5412 Phae-

535 5424 681 5497 don.
711 5440 770 5495 p.
801 5428 926 5493 207,
959 5431 1014 5480 et
1044 5425 1105 5479 in
1134 5425 1382 5481 Philom.
1416 5432 1456 5482 t.
1514 5428 1606 5492 lIl,
1657 5424 1734 5497 _p.

537 5495 778 5570 Climac.
840 5511 896 5567 p.
972 5501 1066 5552 145
1095 5501 1241 5570 εΑΚαί
1281 5500 1477 5570 Αθανμα
1522 5495 1710 5570 Αὸντωξ,

533 5643 686 5688 τοῦτο
739 5636 867 5691 εἶναι
963 5636 1246 5713 οριζονται,

1787 5432 1873 5482 96.
1933 5430 2192 5483 Joannes

1787 5507 1889 5549 πῶς
1935 5517 2024 5548 και
2084 5497 2192 5549 ’Ἐλ-

1784 5507 1889 5551 πῶς
1935 5517 2024 5548 και
2086 5507 2192 5551 Ἑλ-

541 5537 778 5550 unum...
887 5539 896 5549 .
972 5537 1240 5552 ne...“
1309 5537 1396 5550 νε.
1445 5537 1477 5549 ν,
1538 5537 1710 5560 νηυις,
1788 5537 1889 5558 ..ως
1936 5537 2024 5548 ..Μ
2108 5537 2191 5551 μη-

534 5565 680 5626 ληνές
727 5585 786 5641 τι
835 5537 1063 5620 ξιιοῦτον
1121 5537 1622 5641 ἐφθέγξαντὲλέπεί
1696 5564 1786 5641 και
1863 5569 2192 5641 φιλοσοφίαν,

1359 5639 1589 5712 μεχέτην
1622 5640 1844 5692 θανάτου
1870 5639 1907 5713 β
1967 5639 2196 5698 Seneca

2303 4536 2669 4612 δεδιττόμενος
2710 4541 2792 4594 ἐπὶ
2831 4550 2928 4603 τῆς
2980 4541 3276 4602 τελευταίας
3339 4541 3585 4614 βιάζεται
3643 4541 3916 4604 διαθηκῶν

2302 4632 2620 4701 μεμνῆσθαι,
2679 4635 2729 4682 τί
2783 4635 2853 4701 μὴ
2887 4635 2978 4682 καὶ
3009 4636 3102 4689 τὴν
3144 4636 3387 4706 σήμερον,
3450 4627 3925 4695 ἐνδυναστεύοντος

2300 4721 2487 4770 τούτου
2549 4721 2659 4789 (και
2718 4717 2922 4792 βλέπεις
2979 4721 3186 4783 πάντως
3240 4721 3432 4772 ὁπόσον
3511 4719 3926 4796 ἐγκαταλαμϐά-

2299 4806 2413 4879 τη),
2462 4809 2677 4881 γράφεις
2756 4811 2850 4869 τὰς
2908 4805 3186 4872 διαθηκας,
3259 4807 3554 4883 ἐρρωμένως
3603 4813 3698 4882 μὲν
3781 4815 3926 4884 ἔχων

2299 4902 2391 4947 τοῦ
2433 4901 2692 4968 σώματος,
2736 4901 2808 4968 μή
2877 4917 2958 4949 πω
3001 4893 3060 4949 δὲ
3116 4900 3200 4949 τόν
3261 4903 3378 4949 νοῦν
3443 4893 3829 4971 διεφθαρμένος
3869 4901 3926 4954 ἐκ

879 4981 1270 5039 κατασεισάσης
1358 4982 1536 5052 νόσου,
1615 4978 1753 5053 μηδὲ
1816 4987 1907 5040 τὴν
1993 4980 2229 5036 διάνοιαν
2281 4985 2528 5057 οὐμενοῦν
2582 4987 2681 5038 ύπό
2733 4983 2884 5048 δέους
2940 4989 3078 5058 ἔχων
3133 4988 3215 5039 ὅτι
3267 4989 3506 5046 θνήσκεις
3551 4989 3926 5063 τεθορυϐημέ-

2371 5215 2548 5288 Epist.
2567 5220 2636 5272 26
2663 5235 2675 5272 :
2698 5239 2724 5266 «
2753 5215 3034 5272 Meditare
3050 5221 3371 5271 mortem.»
3391 5215 3556 5272 Adde
3581 5217 3923 5288 Diogenem

2274 5287 2478 5358 'Epist.
2524 5292 2584 5341 10
2615 5289 2721 5343 init
2769 5290 2826 5342 in
2861 5288 3034 5343 Notit.
3068 5290 3204 5343 Mss.
3239 5293 3280 5345 t.
3307 5290 3366 5342 X.

2374 5359 2448 5428 (2)
2466 5359 2666 5432 Codex
2691 5361 2773 5413 sic
2802 5377 2816 5424 ;
2851 5359 2957 5413 sed
2997 5358 3142 5414 olim
3171 5359 3282 5416 fuit
3308 5365 3691 5432 προσοχόντες.
3738 5363 3922 5420 Conf.

2299 5434 2423 5484 not.
2458 5435 2510 5495 9,
2536 5431 2647 5485 col.
2686 5433 2840 5486 1386.

2373 5500 2450 5568 (3)
2481 5501 2772 5573 Relinquo
2835 5502 2954 5553 ὅταν
3013 5507 3190 5573 φανείη
3245 5506 3332 5553 καὶ
3363 5503 3597 5573 τιθῆται,
3641 5519 3786 5558 cum
3827 5506 3922 5560 Vi-

2300 5569 2561 5698 iiieimtur
2589 5569 2779 5629 sic-ab
2810 5569 3051 5629 auctore
3080 5573 3235 5645 ipso,
3301 5587 3422 5629 non
3454 5589 3484 5630 a
3525 5572 3800 5643 librario,
3834 5593 3926 5632 re-

2345 5657 2376 5697 c
2403 5659 2460 5698 a.

2345 5657 2460 5700 cta.
