4130 6400
227 361 371 417 1469

1651 358 2181 418 TESTAMENTUM.

3459 365 3598 420 1470

304 485 426 537 Οἶον
465 485 563 556 γὰρ
597 478 664 540 δή
712 487 802 534 καὶ
845 490 1019 545 τοῦτο,
1077 485 1198 537 ὅταν
1240 504 1476 559 πυρετος.
1516 484 1699 558 λάϐρος
1756 487 1801 552 (l

2017 486 2318 551 Quidnam
2374 490 2618 561 patieris
2666 489 2915 562 quando
2984 491 3040 544 te
3097 488 3359 544 adurens
3413 487 3596 544 febris

229 573 576 646 ἀναφλεχθεὶς
662 570 876 645 ἐκτήκη,
950 578 1164 648 κρείττω
1245 579 1335 626 καὶ
1391 575 1576 649 ἰατρῶν
1639 578 1832 645 τέχνης

225 669 318 716 καὶ
350 665 523 723 πάσης
556 660 710 722 ἀλλης
753 669 1002 733 μηχανῆς
1027 668 1120 721 τήν
1174 662 1344 736 ἀκμὴν
1386 667 1542 736 ἔχων,
1597 670 1686 715 καὶ
1738 668 1832 721 τήν

225 755 422 827 φθορὰν
477 756 566 804 καὶ
609 751 758 802 λύσιν
815 753 1257 826 κατεργαζόμενος
1324 754 1558 825 εύτόνως,
1632 757 1722 804 καί
1774 772 1834 824 γε

222 846 314 894 τόν
354 838 550 912 δεσμὸν
581 839 856 914 παραλύων
883 845 968 894 τόν
1008 851 1098 903 τῆς
1129 842 1317 914 ψυχῆς
1371 847 1462 895 καὶ
1505 850 1596 895 τοῦ
1645 848 1831 914 σώμα-

223 951 329 997 τος,
360 931 389 988 ἦ
422 932 544 982 ὅταν
620 930 769 1003 ῥῖγος
813 928 1168 1003 ἓπεισφρῆσαν
1224 936 1311 983 τὸν
1381 931 1495 984 ὅλον
1574 930 1828 1004 συγκλονῇ

225 1022 527 1091 σωματικόν
584 1023 758 1089 ὄγκον,
821 1023 912 1071 καὶ
977 1023 1041 1072 τὰ
1087 1023 1274 1072 τούτου
1313 1023 1516 1093 πέρατὰ
1568 1020 1829 1092 καταλαμ-

223 1108 352 1182 ϐάνῃ
431 1110 733 1181 νεκροποιόν
803 1106 1002 1179 ψῦχος,
1078 1117 1172 1161 τοῦ
1260 1110 1486 1170 ζωτικοῦ
1541 1112 1832 1181 πνεύματος

225 1196 634 1269 συστελλομένου
714 1200 802 1248 καὶ
879 1196 976 1270 βίᾳ
1022 1203 1142 1271 περὶ
1198 1203 1291 1256 τὴν
1343 1195 1568 1272 καρδίαν
1619 1197 1829 1269 ἀναχω-

219 1294 456 1360 ροῦντος,
507 1283 619 1336 εἶτα
683 1291 918 1357 προσιών
976 1307 1052 1347 τις
1113 1283 1423 1358 διαλέγηται
1475 1291 1593 1359 περὶ
1655 1306 1827 1358 γραμ-

219 1377 397 1447 μάτων
451 1378 545 1432 τήν
587 1374 769 1426 ούσίαν
826 1376 1276 1448 καταμεριζόντων
1345 1380 1436 1426 καὶ
1515 1374 1828 1427 ἀποταττόν-

217 1485 320 1516 των
359 1463 580 1537 κλήρους
627 1470 732 1523 τοῖς
789 1466 865 1515 ἔτι
925 1473 998 1534 τῷ
1065 1463 1167 1536 βίῳ
1220 1469 1624 1538 περιεσομένοις,
1680 1469 1770 1516 καὶ
1799 1467 1824 1516 6

220 1556 312 1626 μὲν
338 1561 503 1604 ταῦτα
532 1551 880 1625 συμϐουλεύῃ,
940 1555 966 1604 ό
1016 1551 1094 1619 δὲ,
1141 1573 1272 1626 προς
1317 1559 1410 1612 τὴν
1460 1552 1621 1611 ἀκοὴν
1674 1554 1825 1614 εὐθὺς

217 1643 515 1713 παταχθεὶς
578 1637 756 1701 δεινῶς
819 1646 911 1698 τήν
950 1639 1196 1715 καρδίαν,
1251 1642 1428 1694 ἑαυτὸν
1476 1651 1567 1702 τῆς
1622 1649 1824 1717 μακρᾶς

217 1731 416 1791 πλάνης
465 1734 556 1782 καὶ
609 1739 704 1792 τῆς
755 1730 948 1792 πολλῆς
1010 1734 1206 1792 ἐκείνης
1259 1737 1611 1803 ματαιότητος
1667 1731 1822 1783 ταλα-

1943 583 2272 648 consumet,
2300 579 2666 635 medicorum
2699 583 2824 634 arte
2853 582 2912 633 et
2940 576 3057 632 alia
3085 577 3297 649 quavis
3321 576 3592 643 validior,

1943 678 2014 718 ac
2040 664 2324 722 violenter
2360 668 2806 740 corruptionem
2834 666 3411 738 dissolutionemque
3454 681 3595 738 ope-

1941 753 2188 821 rabitur,
2225 755 2534 829 solvetque
2564 757 2782 812 animae
2803 761 2859 811 et
2907 755 3176 827 corporis
3232 755 3540 811 vinculum
3573 772 3588 823 ;

1941 847 2045 898 aut
2082 844 2331 914 quando
2353 845 2541 916 frigus
2565 846 2787 901 sensim
2827 845 3158 916 procedens
3195 859 3441 900 omnem
3470 845 3592 913 agi-

1939 929 2089 985 tabit
2117 933 2383 1002 corporis
2408 933 2652 1000 molem,
2677 939 3091 1005 extremasque
3111 937 3305 1003 partes
3329 948 3591 1003 occupa-

1938 1017 2026 1072 bit
2052 1020 2418 1093 ubicumque
2446 1028 2698 1078 mortem
2719 1022 2914 1078 ferens
2947 1020 3231 1094 ;quando
3278 1021 3591 1076 viviﬁcans

1941 1107 2182 1176 spiritus
2211 1109 2581 1165 coercebitur
2609 1117 2667 1165 et
2689 1110 2750 1164 in
2777 1125 2882 1165 cor
2909 1109 3153 1165 tandem
3208 1109 3464 1176 recedet,
3519 1125 3591 1164 ac

1939 1196 2154 1252 deinde
2181 1198 2394 1269 aliquis
2423 1199 2738 1264 accedens,
2787 1205 2989 1254 tecum
3023 1203 3162 1268 aget
3188 1198 3264 1254 de
3306 1197 3590 1252 codicillis

1936 1283 2101 1339 bona
2131 1291 2235 1340 tua
2265 1286 2666 1342 dividentibus
2683 1285 3185 1358 haereditatesque
3213 1290 3347 1342 tuas
3377 1285 3448 1340 iis
3484 1285 3592 1357 qui

1937 1379 2292 1444 supererunt
2323 1374 2795 1444 assignantibus,
2828 1380 3034 1448 tuque,
3057 1375 3255 1430 statim
3275 1389 3346 1429 ac
3378 1373 3589 1429 audie-

1935 1460 2014 1516 ris
2046 1463 2224 1518 corde
2250 1464 2630 1519 vehementer
2650 1464 2950 1530 turbatus,
3001 1463 3263 1535 teipsum
3320 1478 3358 1517 a
3405 1462 3590 1532 longo

1935 1566 2130 1605 errore
2161 1557 2218 1606 et
2246 1557 2535 1623 perpetua
2559 1553 2660 1608 illa
2685 1552 2945 1607 vanitate
2990 1557 3238 1621 avertes,
3296 1567 3421 1623 qua
3462 1554 3590 1606 tota

1931 1639 2054 1696 vita
2079 1638 2364 1711 deceptus
2391 1656 2454 1695 es
2482 1641 2775 1703 nesciens,
2842 1639 3333 1712 convincerisque
3385 1638 3588 1694 statim

1933 1732 2093 1783 certo
2119 1727 2416 1784 intellectu
2457 1746 2666 1785 omnes
2717 1729 2851 1785 illos
2907 1729 3147 1785 labores
3217 1743 3584 1799 omnemque

216 1823 359 1892 νίζη,
390 1817 475 1891 ὑφ’
505 1813 566 1880 ἧς
595 1819 766 1890 ἠγνόει
795 1823 881 1870 τὸν
940 1826 1108 1872 πάντα
1155 1829 1250 1882 τῆς
1307 1822 1450 1883 ζωῆς
1497 1825 1688 1893 χρόνον
1729 1839 1811 1872 κα·

1929 1816 2189 1887 priorem
2225 1834 2431 1873 curam
2463 1834 2616 1873 vane
2654 1819 2993 1890 impensam
3033 1817 3214 1873 fuisse
3244 1832 3354 1872 nec
3411 1817 3584 1888 quid-

213 1908 567 1980 τειλημμένος,
633 1913 722 1960 καὶ
795 1905 1044 1982 διελέγχη
1093 1906 1161 1967 δὴ
1238 1914 1353 1963 τότε
1412 1930 1470 1961 το
1547 1914 1820 1982 παρεστὼς

215 2001 398 2069 αἴφνης
451 2005 549 2059 τῆς
606 1995 864 2058 ἀπλανοῦς
955 2001 1345 2059 συναισθήσεως
1394 2002 1513 2059 τοὺς
1582 2000 1818 2070 μόχθους

212 2085 439 2147 ἐκείνους
491 2090 583 2138 καὶ
648 2093 822 2139 πᾶσαν
899 2087 1039 2157 αύτῷ
1092 2092 1188 2145 τὴν
1254 2091 1508 2161 προτέραν
1575 2084 1816 2144 σπουδὴν

213 2175 323 2234 εἰκῆ
392 2181 483 2226 καὶ
526 2177 696 2247 μάτην
749 2174 1133 2234 ἐκπεπονῆσθαι
1177 2181 1264 2228 καὶ
1328 2181 1460 2250 πρὸς
1497 2174 1646 2228 οὐδὲν
1695 2180 1813 2247 ὄφε-

213 2264 300 2326 λος
345 2263 643 2322 ἀπαντῆσαι
695 2281 708 2330 ;
754 2267 874 2315 ὅταν
957 2273 1080 2335 γουν
1152 2273 1340 2332 ταῦτα,
1411 2271 1501 2317 καὶ
1558 2267 1814 2326 τοιούτοις

212 2352 641 2425 ἐνασχολουμένῳ
671 2351 808 2424 τῷδε
849 2351 953 2414 τοῖς
1003 2353 1274 2426 λογισμοῖς
1338 2356 1814 2426 προσεπιτιθώνται

208 2447 302 2494 καὶ
328 2451 424 2494 τῶν
477 2447 707 2513 γνησίων
759 2442 890 2494 εἰσιν
941 2441 989 2495 οἱ
1028 2447 1118 2494 καὶ
1174 2451 1272 2494 τῶν
1317 2442 1488 2511 ξένων,
1535 2446 1603 2506 οὶ,
1653 2447 1812 2514 χρέος

208 2531 386 2604 ὥσπερ
474 2532 652 2593 αὐτοῖς
734 2530 962 2603 ἀνάγκης
1031 2531 1086 2594 ἐξ
1137 2531 1349 2592 ἁπάσης
1427 2531 1807 2603 ἐπωφλημένον,

209 2625 468 2693 χρήματα
532 2619 721 2673 ἐκείνου
797 2625 886 2672 καὶ
941 2622 1226 2694 πράγματα
1299 2617 1566 2672 διαλαϐεῖν
1651 2619 1810 2680 ἐκζη-

209 2715 436 2772 τοῦντες,
485 2715 572 2762 καί
607 2729 666 2781 γε
713 2709 1019 2783 βιαζόμενοι
1075 2711 1505 2782 συμμερίσασθαι
1546 2712 1640 2772 τὰς
1687 2716 1812 2768 κτή-

211 2816 340 2864 σεις,
373 2799 479 2849 οἷον
533 2795 600 2856 δή
651 2804 740 2851 καὶ
793 2798 1077 2866 τοῦτοςὈ
1129 2801 1218 2869 μὲν
1274 2801 1372 2872 γὰρ
1429 2795 1623 2872 διαιρεί
1678 2801 1811 2851 κατά

204 2891 302 2943 τήν
365 2887 577 2954 οἰκείαν,
633 2889 690 2940 ού
728 2893 830 2961 μὴν
885 2884 945 2940 δε
1000 2891 1134 2939 κατά
1193 2893 1287 2945 τήν
1326 2885 1525 2939 ἐκείνων
1586 2885 1807 2940 ἑκάστου

207 2974 456 3033 ϐούλησιν
513 2974 640 3029 οὐδέ
693 2996 752 3047 γε
807 2979 944 3028 κατά
997 2980 1085 3034 τήν
1145 2975 1413 3033 ἄπληστον
1471 2977 1662 3048 ἔφεσιν·
1717 2981 1808 3028 καὶ

208 3063 360 3117 αὐτοὶ
425 3066 602 3119 λοιπὸν
670 3063 1191 3137 δυσανασχετοῦντες
1253 3063 1661 3138 ἀποστρέφονται
1711 3070 1806 3123 τήν

205 3154 390 3225 χάριν,
419 3155 444 3205 6
483 3157 572 3226 μὲν
624 3154 774 3206 πλέον
829 3154 1152 3225 εἰσπράττων
1202 3154 1231 3212 ἦ
1292 3155 1412 3205 όσον
1452 3152 1638 3214 ἐκὶῖνος
1679 3158 1806 3206 έκὼν
1839 3205 1874 3226 Α

203 3247 338 3294 εἶναι
389 3239 636 3308 δίδωσιν,
692 3245 718 3294 ὁ
773 3239 832 3295 δε
892 3247 986 3302 τήν
1033 3246 1157 3300 ἴσην
1208 3249 1395 3316 μοῖραν
1441 3240 1806 3316 δυσχεραίνων

201 3330 296 3382 καὶ
363 3336 434 3403 μὴ
480 3333 614 3384 πάνυ
662 3352 715 3383 τι
775 3328 1238 3402 καταδεδεγμένος·
1306 3335 1444 3385 ἔστιν
1509 3337 1563 3394 0";
1628 3337 1718 3384 καὶ
1747 3337 1806 3385 1'6

200 3422 417 3492 νεμηθεν
489 3421 601 3473 ὅλον
679 3419 935 3473 ἀπείπατο
1000 3420 1196 3488 τελέως,
1272 3425 1363 3473 καὶ
1432 3423 1461 3479 ἡ
1546 3426 1807 3495 πρόφασις

199 3509 462 3583 εὐπρεπὴς
515 3515 604 3562 καὶ
651 3514 710 3562 τό
764 3507 1034 3581 δικαίωμα
1095 3517 1348 3580 γενναῖον·
1379 3533 1406 3560 ››
1460 3510 1627 3580 πολλῷ
1702 3514 1804 3586 γὰρ

197 3598 392 3665 πλεῖον,
467 3623 486 3648 ι
550 3604 702 3672 φησί,
765 3621 794 3648 ››
857 3604 1100 3670 νομίσας,
1169 3597 1408 3670 βεϐαίαις
1473 3604 1522 3651 ἐν
1599 3599 1802 3652 ἐλπίσιν

1928 1919 2112 1976 quam
2143 1905 2281 1960 utile
2302 1906 2589 1961 habuisse
2619 1908 2647 1962 ?
2669 1907 2925 1973 Quando
2936 1906 3254 1976 haecigitur
3266 1904 3362 1974 agi
3383 1921 3582 1977 cmpe-

1927 1995 2060 2066 rint,
2094 2001 2150 2050 et
2179 1996 2427 2068 quando
2453 1996 2537 2052 illi
2572 1997 2787 2053 talibus
2817 2001 3111 2068 occupato
3155 1995 3582 2068 supervenient

1924 2085 2016 2140 vel
2047 2086 2330 2156 extranei,
2377 2087 2482 2158 qui
2512 2092 2801 2158 tanquam
2822 2103 2896 2142 ex
2947 2086 3295 2142 necessitate
3345 2084 3580 2140 debitas

1923 2173 2081 2228 illius
2103 2189 2198 2230 res
2227 2190 2296 2230 ac
2322 2174 2561 2230 divitias
2588 2175 3097 2247 comprehendere
3118 2174 3402 2240 nitantur,
3435 2189 3576 2245 pro-

1925 2262 2175 2334 priaque
2205 2265 2392 2335 ipsius
2417 2263 2581 2320 bona
2607 2264 2719 2320 sibi
2755 2265 2903 2338 ipsis
2932 2263 3290 2320 distribuere
3335 2268 3576 2333 cogant,

1921 2352 2068 2424 quid
2131 2353 2272 2408 inde
2344 2354 2595 2409 evenit?
2652 2355 2756 2410 Hic
2822 2354 2984 2409 enim
3048 2352 3256 2408 dividit
3309 2368 3418 2425 pro
3464 2368 3576 2408 sua

1923 2441 2244 2513 voluntate,
2301 2458 2424 2498 non
2453 2443 2624 2514 juxta
2645 2444 3122 2516 uniuscujusque
3161 2458 3370 2498 eorum
3395 2441 3576 2498 bene-

1919 2531 2226 2603 placitum,
2269 2548 2463 2605 neque
2506 2533 2679 2603 juxta
2751 2533 3114 2604 inexpletam
3163 2531 3572 2603 cupiditatem.

1921 2622 1987 2676 Et
2015 2619 2098 2675 illi
2121 2619 2502 2692 indignantes
2530 2621 2784 2691 gratiam
2826 2626 3106 2690 renuunt,
3139 2620 3293 2676 alius
3323 2621 3573 2693 quidem

1919 2708 2094 2780 plura
2121 2714 2475 2781 exspectans
2505 2726 2690 2782 quam
2715 2726 2852 2782 quae
2879 2709 2975 2765 ille
2999 2709 3210 2765 volens
3259 2724 3330 2764 ac
3374 2707 3570 2764 libens

1917 2798 2131 2864 tradit;
2160 2799 2309 2854 alius
2343 2815 2477 2854 vere
2521 2799 2816 2871 aequalem
2873 2803 3102 2854 tantum
3156 2797 3272 2852 sibi
3335 2801 3570 2870 partem

1916 2886 2129 2942 donari
2159 2903 2282 2942 non
2322 2887 2453 2953 fert,
2503 2903 2613 2943 nec
2652 2889 2919 2961 seipsum
2948 2903 3072 2943 non
3103 2886 3237 2959 plus
3277 2886 3566 2959 accipere.

1917 2978 2014 3031 Est
2033 2976 2136 3048 qui
2166 2981 2357 3032 totum
2406 2976 2575 3049 quod
2621 2977 2735 3050 ipsi
2778 2992 3137 3032 concessum
3181 2980 3270 3032 est
3319 2976 3564 3048 rejiciat,

1915 3071 2392 3138 praetextumque
2417 3065 2746 3122 decendem
2768 3067 2987 3139 jusque
3017 3081 3378 3135 generosum
3400 3065 3568 3122 adhi-

1912 3153 2142 3210 beat:«
2181 3155 2355 3210 Multo
2408 3155 2663 3226 majora,
2715 3155 2928 3227 inquit,
2995 3154 3440 3226 exspectabam,
3511 3160 3570 3211 et

1913 3244 2092 3300 ﬁrma
2120 3260 2226 3316 spe
2282 3243 2532 3300 nitebar.
2570 3266 2591 3294 ι
2631 3243 2745 3301 Sed
2810 3250 3033 3313 tamen,
3131 3259 3280 3299 num
3331 3249 3569 3316 tempus

1916 3332 1994 3388 ad
2023 3333 2288 3388 lamenta
2344 3349 2414 3388 ac
2479 3334 2736 3404 gemitus
2800 3333 3029 3403 invitat,
3102 3331 3199 3387 alii
3267 3348 3339 3388 eo
3400 3332 3567 3405 quod

1915 3439 2033 3478 non
2062 3422 2133 3477 iis
2171 3438 2281 3494 pro
2335 3428 2532 3478 mente
2579 3422 2926 3478 successerit
2969 3422 3030 3477 in
3068 3437 3308 3494 pugnas
3343 3423 3565 3494 saepius

1913 3511 2157 3582 abeunt,
2189 3510 2492 3583 lacrymas
2522 3511 2913 3585 doloremque
2946 3512 3300 3582 omittentes,
3343 3511 3566 3568 doloris

1913 3605 2174 3672 tempus,
2197 3600 2336 3656 belli
2363 3617 2432 3656 ac
2461 3599 2653 3656 litium
2686 3605 2921 3672 tempus
2954 3600 3366 3670 designantes.

195 3695 465 3770 ἐθάρρουν·
499 3718 520 3746 ε
556 3697 615 3749 ού
660 3700 763 3768 μήν
812 3695 959 3762 ἀλλὰ,
1008 3715 1097 3747 και
1151 3703 1241 3748 τοῦ
1289 3703 1474 3767 καιροῦ
1526 3695 1807 3758 καλοῦντος
1853 3701 1984 3771 πρὸς
2029 3697 2262 3769 οἰμωγὰς
2327 3717 2418 3749 και
2473 3700 2714 3772 θρήνους,
2778 3702 2826 3749 οί
2877 3694 2957 3765 δὲ,
3005 3717 3219 3768 γνωμης
3273 3695 3561 3770 ἀπληστίᾳ,

195 3783 409 3857 δάκρυα
461 3787 631 3838 πάντα
671 3805 762 3836 και
806 3789 863 3837 τὸ
915 3787 1113 3837 πενθεῖν
1164 3786 1554 3857 παρωσάμενοι,
1613 3789 1663 3846 ές
1720 3787 1902 3857 μάχας
1957 3786 2204 3846 πολλάκις
2242 3806 2332 3838 και
2368 3789 2495 3859 πρὸς
2523 3785 2770 3848 ἀλλήλους
2809 3794 3072 3859 χωροῦσι,
3106 3791 3194 3838 τόν
3241 3793 3332 3838 τοῦ
3361 3789 3562 3848 πάθους

194 3878 379 3947 καιρὸν
408 3871 580 3949 ἐριδος
604 3877 792 3926 ὡσανεί
821 3877 1000 3947 καιρὸν
1030 3893 1120 3925 και
1148 3873 1372 3945 πολέμου
1405 3875 1645 3936 τιθέντες.

274 3969 371 4016 Και
422 3967 490 4016 τά
575 3965 799 4016 ἐντεῦθεν
866 3964 1134 4029 τίνα;Ὀ,
1227 3967 1417 4034 τρόπον
1477 3967 1530 4014 ὠ
1588 3966 1796 4036 ἔφημεν,

197 4057 608 4125 κατηπειγμένος
671 4056 803 4125 πρὸς
878 4055 974 4109 τήν
1040 4048 1319 4123 ἐκδημίαν,
1413 4054 1480 4102 τὰ
1535 4056 1626 4123 μὲν
1684 4059 1802 4114 ταῖς

190 4145 395 4194 ἐκείνων
450 4143 744 4212 χαυνωθεὶς
807 4159 897 4191 και
962 4139 1326 4211 μαλακισθείς,
1399 4141 1511 4211 οἶμα
1578 4136 1637 4192 δὲ
1707 4160 1797 4192 και

189 4231 434 4300 καθυφεὶς
519 4229 890 4300 λογομαχίαις,
953 4230 1020 4279 τὰ
1109 4224 1167 4280 δὲ
1233 4226 1545 4299 βουλόμενος
1612 4227 1794 4280 ἑαυτὸν

190 4317 504 4388 ἀπαλλάξαι,
563 4317 1007 4388 ἀπαλλαττόμενον
1065 4313 1172 4374 ἤδη
1239 4323 1326 4368 τοῦ
1380 4316 1515 4381 ϐίου,
1570 4337 1660 4368 και
1698 4325 1794 4377 τῆς

186 4410 409 4459 έκτόπου
454 4409 650 4468 ταύτης
697 4410 941 4478 ἐπηρείας
994 4425 1084 4457 και
1133 4409 1253 4479 περί
1299 4406 1454 4457 αὐτόν
1493 4425 1548 4457 τε
1591 4425 1680 4457 και
1731 4409 1790 4457 τὸ

187 4493 360 4548 δίκιον
436 4493 831 4567 ἀγνωμοσύνης,
902 4493 1041 4565 ἀφείς
1107 4497 1172 4546 τὰ
1252 4497 1388 4547 κατά
1464 4500 1674 4566 γνώμην
1740 4499 1788 4546 έν

187 4580 472 4646 διαθήκαις
512 4587 744 4657 γράφειν,
799 4585 988 4657 γράφει
1051 4585 1119 4634 τὰ
1144 4591 1240 4643 τῆς
1289 4580 1618 4656 τυραννίδος.
1663 4580 1789 4635 Εἶτα

187 4676 254 4725 τὰ
296 4677 582 4748 γράμματα
627 4675 921 4728 τελευταίαν
972 4677 1101 4744 φασί
1160 4672 1415 4744 βούλησιν
1469 4694 1558 4725 και
1612 4672 1788 4731 ἀκίνη-

183 4768 271 4816 τόν
308 4783 426 4816 τινα
473 4761 755 4829 διαθήκην,
813 4782 903 4813 και
953 4765 1022 4822 ὡς
1096 4761 1292 4822 ἔξεστιν
1345 4759 1522 4814 οὐδενί
1590 4761 1788 4815 ἀθετεῖν

181 4873 276 4904 και
317 4862 646 4925 παραποιεῑν·
701 4872 792 4905 και
847 4857 1066 4904 τοιαῦτα
1112 4853 1162 4901 οῖ
1214 4848 1526 4921 ϐιασάμενοι
1585 4852 1787 4922 ἰσχυρά

179 4961 275 4994 και
328 4949 538 5013 γενναῖα
605 4949 715 5003 τοῖς
771 4944 1132 5016 ἀπροαιρέτως
1197 4958 1286 4990 και
1352 4946 1788 5012 κατηναγκασμέ-

178 5051 290 5093 νοις
348 5031 776 5104 ἐπιψηφίζονται.

255 5121 396 5174 Ἀλλ’
490 5122 584 5174 ούκ
670 5125 771 5191 ἐγὼ
836 5123 1015 5180 οὕτως’
1077 5117 1205 5184 ἀλλ’,

174 5213 377 5284 τρόπου
435 5207 729 5282 δοκιμάσας
782 5213 831 5262 έν
877 5215 983 5269 τοῖς
1038 5210 1290 5267 τοιούτοις
1347 5207 1563 5278 ἄριστον
1604 5209 1786 5277 ἔγνων,

171 5298 322 5355 τοῦτ’
346 5297 455 5359 ἤδη
483 5321 574 5352 και
601 5304 686 5352 ἐπί
709 5306 814 5358 τοῖς
851 5297 1075 5370 ἐμαυτοῦ
1108 5296 1302 5370 πράξω.
1331 5300 1399 5348 T6
1431 5293 1492 5348 δέ
1520 5299 1632 5348 έστι
1661 5297 1738 5369 (2)
1771 5319 1784 5367 ;

250 5397 381 5458 Νῦν,
423 5392 506 5442 ὅτε
542 5395 699 5442 νόσου
753 5384 917 5460 μηδὲν
969 5386 1191 5458 ἐνοχλεῖ,
1241 5394 1349 5451 νῦν,
1380 5390 1462 5438 ὅτε
1509 5390 1576 5457 μὴ
1629 5405 1786 5438 κατα-

253 5499 331 5566 (Ι)
364 5497 509 5554 Cod.
539 5496 748 5570 λαῦρος.

250 5561 328 5642 (2)
359 5570 452 5633 Sic
481 5561 689 5625 codex.
726 5569 948 5623 Forsan
974 5569 1037 5618 Τί
1059 5561 1119 5617 δέ
1143 5568 1256 5619 ἐστι
1280 5582 1293 5632 ;
1327 5562 1449 5618 τόδε
1476 5561 1536 5616 δέ
1561 5583 1673 5627 εστι
1698 5569 1780 5634 τί;

1284 5121 1406 5189 ὅπερ
1474 5122 1530 5169 έκ
1594 5122 1786 5180 παντὸς

1984 3967 2046 4020 Et
2075 3979 2210 4036 quae
2241 3969 2453 4036 postea
2478 3971 2814 4037 sequuntur
2837 3966 2865 4021 ?
2896 3966 3027 4033 Qui,
3054 3981 3178 4037 quo
3209 3965 3392 4021 modo
3407 3964 3560 4020 dixi-

1909 4068 2067 4115 mus,
2099 4053 2177 4108 ad
2205 4059 2454 4108 mortem
2488 4053 2570 4109 ita
2599 4053 2896 4108 adductus
2925 4058 3031 4120 est,
3059 4070 3267 4109 eorum
3310 4053 3560 4125 quidem

1905 4141 2077 4196 vanis
2108 4142 2486 4196 sermonibus
2516 4141 2858 4198 debilitatus
2884 4158 2953 4197 ac
2987 4141 3249 4198 mollitus
3271 4149 3324 4197 ct
3346 4142 3557 4198 subac-

1904 4234 2018 4297 tus,-
2061 4230 2471 4302 seipsumjam
2509 4231 2631 4284 vita
2662 4229 3000 4296 liberatum,
3066 4229 3269 4286 volens
3313 4246 3557 4303 quoque

1900 4318 2156 4376 liberare
2194 4319 2271 4374 ab
2284 4319 2502 4375 insana
2525 4318 2986 4386 bacinsolentia,
3013 4319 3208 4374 nonin
3233 4323 3555 4375 testamen—

1902 4408 1974 4462 tis
1992 4408 2280 4479 prolibitu
2295 4407 2574 4480 disponit,
2594 4409 2695 4463 sed
2707 4409 2882 4478 juxta
2894 4424 3124 4463 meram
3147 4408 3552 4481 tyrannidem.

1903 4497 2124 4552 Deinde
2143 4497 2398 4553 codicilli
2417 4497 2687 4552 ultimam
2717 4496 3310 4553 dicuntvoluntatem
3342 4502 3401 4553 et
3444 4498 3552 4553 im-

1900 4586 2117 4642 mobile
2150 4587 2464 4658 quoddam
2503 4591 2955 4654 testamentum,
2999 4592 3055 4642 et
3090 4586 3206 4642 tale
3236 4591 3300 4642 ut
3326 4587 3552 4642 nemini

1899 4674 2071 4730 liceat
2100 4674 2246 4730 illud
2272 4681 2537 4730 avertere
2550 4681 2606 4730 et
2633 4675 3205 4732 contemnere.Talia
3233 4675 3411 4745 igitur
3423 4676 3551 4747 jus-

1899 4769 2102 4818 serunt
2138 4762 2286 4831 ﬁeri,
2312 4769 2368 4818 et
2398 4763 2595 4818 valida
2620 4779 2691 4819 ac
2716 4769 2847 4819 rata
2886 4763 3216 4820 decernunt
3235 4780 3371 4836 quae
3427 4779 3551 4820 non

1895 4851 2244 4917 voluntarie,
2279 4851 2386 4906 sed
2411 4855 2615 4907 coacte
2654 4851 2812 4908 facta
2842 4857 3001 4910 sunt.

1966 5121 2094 5175 Non
2125 5119 2228 5184 ita,
2262 5133 2396 5188 ego.
2425 5117 2596 5184 Quod
2626 5117 2979 5174 omnimodo
3011 5117 3305 5190 optimum
3335 5135 3468 5175 esse
3485 5120 3548 5176 in

1895 5208 2116 5273 talibus
2145 5213 2424 5280 expertus
2451 5224 2605 5274 sum,
2634 5208 2694 5262 id
2710 5209 2838 5279 jam
2883 5208 2944 5263 in
2990 5207 3246 5280 propriis
3303 5208 3544 5265 faciam.

1896 5299 2050 5364 Quid
2081 5303 2280 5354 autem
2307 5298 2454 5353 illud
2485 5303 2578 5354 est
2605 5298 2634 5352 ?

1940 5433 1942 5436 μ
1967 5391 2155 5458 Nunc,
2187 5403 2327 5444 cum
2347 5387 2547 5444 nullus
2567 5404 2664 5444 me
2690 5387 3227 5461 impeditmorbus,
3254 5405 3394 5445 cum
3422 5405 3547 5446 non
