  <div class='ocr_page' id='page_1' title='image "/cluster/home/n/w/nwhite01/storage/ocr_20150623/140/coo.31924054870450/745.png"; bbox 0 0 4130 6388; ppageno 0'>
   <div class='ocr_carea' id='block_1_1' title="bbox 581 349 710 402">
    <p class='ocr_par' dir='ltr' id='par_1_1' title="bbox 581 349 710 402">
     <span class='ocr_line' id='line_1_1' title="bbox 581 349 710 402; baseline 0.008 -1"><span class='ocrx_word' id='word_1_1' title='bbox 581 349 710 402; x_wconf 78' lang='grc'>1471</span> 
     </span>
    </p>
   </div>
   <div class='ocr_carea' id='block_1_2' title="bbox 578 470 2232 549">
    <p class='ocr_par' dir='ltr' id='par_1_2' title="bbox 578 470 2232 549">
     <span class='ocr_line' id='line_1_2' title="bbox 578 470 2232 549; baseline 0 -23"><span class='ocrx_word' id='word_1_2' title='bbox 578 470 641 528; x_wconf 94' lang='lat' dir='ltr'>in</span> <span class='ocrx_word' id='word_1_3' title='bbox 678 471 830 527; x_wconf 88' lang='lat' dir='ltr'><strong>lecto</strong></span> <span class='ocrx_word' id='word_1_4' title='bbox 859 470 1087 528; x_wconf 89' lang='lat' dir='ltr'><strong>solutus</strong></span> <span class='ocrx_word' id='word_1_5' title='bbox 1112 474 1423 542; x_wconf 88' lang='lat' dir='ltr'><strong>recumbo,</strong></span> <span class='ocrx_word' id='word_1_6' title='bbox 1445 490 1642 549; x_wconf 88' lang='lat' dir='ltr'><strong>neque</strong></span> <span class='ocrx_word' id='word_1_7' title='bbox 1659 474 1734 531; x_wconf 93' lang='lat' dir='ltr'>de</span> <span class='ocrx_word' id='word_1_8' title='bbox 1752 474 1878 531; x_wconf 90' lang='lat' dir='ltr'><strong>vita</strong></span> <span class='ocrx_word' id='word_1_9' title='bbox 1899 487 2025 529; x_wconf 94' lang='lat' dir='ltr'><strong>non</strong></span> <span class='ocrx_word' id='word_1_10' title='bbox 2046 470 2232 528; x_wconf 94' lang='lat' dir='ltr'><strong>modo</strong></span> 
     </span>
    </p>
   </div>
   <div class='ocr_carea' id='block_1_3' title="bbox 577 558 2232 634">
    <p class='ocr_par' dir='ltr' id='par_1_3' title="bbox 577 558 2232 634">
     <span class='ocr_line' id='line_1_3' title="bbox 577 558 2232 634; baseline -0.001 -20"><span class='ocrx_word' id='word_1_11' title='bbox 577 559 868 614; x_wconf 89' lang='lat' dir='ltr'><strong>incertum</strong></span> <span class='ocrx_word' id='word_1_12' title='bbox 897 564 986 616; x_wconf 90' lang='lat' dir='ltr'>est</span> <span class='ocrx_word' id='word_1_13' title='bbox 1015 575 1162 616; x_wconf 93' lang='lat' dir='ltr'>num</span> <span class='ocrx_word' id='word_1_14' title='bbox 1201 561 1382 634; x_wconf 87' lang='lat' dir='ltr'>hujus</span> <span class='ocrx_word' id='word_1_15' title='bbox 1411 563 1610 620; x_wconf 84' lang='lat' dir='ltr'><strong>futura</strong></span> <span class='ocrx_word' id='word_1_16' title='bbox 1641 564 1716 619; x_wconf 91' lang='lat' dir='ltr'>sit</span> <span class='ocrx_word' id='word_1_17' title='bbox 1779 560 2041 618; x_wconf 85' lang='lat' dir='ltr'><strong>crastina</strong></span> <span class='ocrx_word' id='word_1_18' title='bbox 2083 558 2232 625; x_wconf 92' lang='lat' dir='ltr'><strong>dies,</strong></span> 
     </span>
    </p>
   </div>
   <div class='ocr_carea' id='block_1_4' title="bbox 581 647 2238 719">
    <p class='ocr_par' dir='ltr' id='par_1_4' title="bbox 581 647 2238 719">
     <span class='ocr_line' id='line_1_4' title="bbox 581 647 2238 719; baseline 0 -17"><span class='ocrx_word' id='word_1_19' title='bbox 581 647 689 703; x_wconf 88' lang='lat' dir='ltr'>sed</span> <span class='ocrx_word' id='word_1_20' title='bbox 709 648 837 719; x_wconf 92' lang='lat' dir='ltr'><strong>jam</strong></span> <span class='ocrx_word' id='word_1_21' title='bbox 863 653 920 704; x_wconf 90' lang='lat' dir='ltr'>et</span> <span class='ocrx_word' id='word_1_22' title='bbox 947 649 1022 705; x_wconf 90' lang='lat' dir='ltr'>de</span> <span class='ocrx_word' id='word_1_23' title='bbox 1051 649 1340 706; x_wconf 84' lang='lat' dir='ltr'><strong>hodierna</strong></span> <span class='ocrx_word' id='word_1_24' title='bbox 1362 651 1643 708; x_wconf 77' lang='lat' dir='ltr'><strong>differunt</strong></span> <span class='ocrx_word' id='word_1_25' title='bbox 1666 651 1819 708; x_wconf 85' lang='lat' dir='ltr'><strong>inter</strong></span> <span class='ocrx_word' id='word_1_26' title='bbox 1848 665 1911 706; x_wconf 91' lang='lat' dir='ltr'>se</span> <span class='ocrx_word' id='word_1_27' title='bbox 1951 648 2238 704; x_wconf 91' lang='lat' dir='ltr'><strong>mediciet</strong></span> 
     </span>
    </p>
   </div>
   <div class='ocr_carea' id='block_1_5' title="bbox 580 737 2234 814">
    <p class='ocr_par' dir='ltr' id='par_1_5' title="bbox 580 737 2234 814">
     <span class='ocr_line' id='line_1_5' title="bbox 580 737 2234 814; baseline -0.001 -22"><span class='ocrx_word' id='word_1_28' title='bbox 580 741 872 809; x_wconf 85' lang='lat' dir='ltr'>pugnant,</span> <span class='ocrx_word' id='word_1_29' title='bbox 914 737 1058 794; x_wconf 93' lang='lat' dir='ltr'>dum</span> <span class='ocrx_word' id='word_1_30' title='bbox 1091 739 1191 795; x_wconf 88' lang='lat' dir='ltr'><strong>alii</strong></span> <span class='ocrx_word' id='word_1_31' title='bbox 1212 740 1487 812; x_wconf 91' lang='lat' dir='ltr'><strong>spiritum</strong></span> <span class='ocrx_word' id='word_1_32' title='bbox 1531 756 1727 814; x_wconf 88' lang='lat' dir='ltr'><strong>usque</strong></span> <span class='ocrx_word' id='word_1_33' title='bbox 1789 739 1868 796; x_wconf 90' lang='lat' dir='ltr'>ad</span> <span class='ocrx_word' id='word_1_34' title='bbox 1916 751 2234 810; x_wconf 81' lang='lat' dir='ltr'>vesperam</span> 
     </span>
    </p>
   </div>
   <div class='ocr_carea' id='block_1_6' title="bbox 582 826 2238 900">
    <p class='ocr_par' dir='ltr' id='par_1_6' title="bbox 582 826 2238 900">
     <span class='ocr_line' id='line_1_6' title="bbox 582 826 2238 900; baseline 0 -18"><span class='ocrx_word' id='word_1_35' title='bbox 582 826 804 882; x_wconf 91' lang='lat' dir='ltr'><strong>iturum</strong></span> <span class='ocrx_word' id='word_1_36' title='bbox 833 842 965 882; x_wconf 91' lang='lat' dir='ltr'><strong>esse</strong></span> <span class='ocrx_word' id='word_1_37' title='bbox 995 829 1389 900; x_wconf 77' lang='lat' dir='ltr'><strong>contendunt,</strong></span> <span class='ocrx_word' id='word_1_38' title='bbox 1417 830 1516 886; x_wconf 88' lang='lat' dir='ltr'>alii</span> <span class='ocrx_word' id='word_1_39' title='bbox 1553 845 1696 886; x_wconf 87' lang='lat' dir='ltr'><strong>vero</strong></span> <span class='ocrx_word' id='word_1_40' title='bbox 1708 829 2106 885; x_wconf 85' lang='lat' dir='ltr'><strong>circasextam</strong></span> <span class='ocrx_word' id='word_1_41' title='bbox 2134 828 2238 882; x_wconf 91' lang='lat' dir='ltr'>aut</span> 
     </span>
    </p>
   </div>
   <div class='ocr_carea' id='block_1_7' title="bbox 581 914 2238 990">
    <p class='ocr_par' dir='ltr' id='par_1_7' title="bbox 581 914 2238 990">
     <span class='ocr_line' id='line_1_7' title="bbox 581 914 2238 990; baseline -0.001 -20"><span class='ocrx_word' id='word_1_42' title='bbox 581 930 809 972; x_wconf 90' lang='lat' dir='ltr'><strong>nonam</strong></span> <span class='ocrx_word' id='word_1_43' title='bbox 832 920 937 972; x_wconf 91' lang='lat' dir='ltr'>aut</span> <span class='ocrx_word' id='word_1_44' title='bbox 963 933 1150 990; x_wconf 92' lang='lat' dir='ltr'><strong>quam</strong></span> <span class='ocrx_word' id='word_1_45' title='bbox 1200 917 1382 974; x_wconf 88' lang='lat' dir='ltr'><strong>aliam</strong></span> <span class='ocrx_word' id='word_1_46' title='bbox 1434 935 1507 974; x_wconf 89' lang='lat' dir='ltr'>ex</span> <span class='ocrx_word' id='word_1_47' title='bbox 1537 924 1662 975; x_wconf 91' lang='lat' dir='ltr'><strong>arte</strong></span> <span class='ocrx_word' id='word_1_48' title='bbox 1715 922 1818 974; x_wconf 87' lang='lat' dir='ltr'>aut</span> <span class='ocrx_word' id='word_1_49' title='bbox 1894 914 2238 987; x_wconf 82' lang='lat' dir='ltr'>ignorantia</span> 
     </span>
    </p>
   </div>
   <div class='ocr_carea' id='block_1_8' title="bbox 585 1003 2234 1071">
    <p class='ocr_par' dir='ltr' id='par_1_8' title="bbox 585 1003 2234 1071">
     <span class='ocr_line' id='line_1_8' title="bbox 585 1003 2234 1071; baseline -0.001 -12"><span class='ocrx_word' id='word_1_50' title='bbox 585 1007 921 1061; x_wconf 89' lang='lat' dir='ltr'><strong>statuerunt</strong></span> <span class='ocrx_word' id='word_1_51' title='bbox 956 1006 1194 1071; x_wconf 92' lang='lat' dir='ltr'><strong>horam,</strong></span> <span class='ocrx_word' id='word_1_52' title='bbox 1233 1006 1685 1063; x_wconf 85' lang='lat' dir='ltr'>dissolvendam</span> <span class='ocrx_word' id='word_1_53' title='bbox 1703 1022 1834 1062; x_wconf 89' lang='lat' dir='ltr'><strong>esse</strong></span> <span class='ocrx_word' id='word_1_54' title='bbox 1856 1005 2126 1062; x_wconf 90' lang='lat' dir='ltr'><strong>animam</strong></span> <span class='ocrx_word' id='word_1_55' title='bbox 2147 1003 2234 1059; x_wconf 94' lang='lat' dir='ltr'><strong>di-</strong></span> 
     </span>
    </p>
   </div>
   <div class='ocr_carea' id='block_1_9' title="bbox 583 1092 2237 1168">
    <p class='ocr_par' dir='ltr' id='par_1_9' title="bbox 583 1092 2237 1168">
     <span class='ocr_line' id='line_1_9' title="bbox 583 1092 2237 1168; baseline 0.001 -21"><span class='ocrx_word' id='word_1_56' title='bbox 583 1097 725 1148; x_wconf 89' lang='lat' dir='ltr'><strong>cunt</strong></span> <span class='ocrx_word' id='word_1_57' title='bbox 755 1097 867 1149; x_wconf 90' lang='lat' dir='ltr'>eta</span> <span class='ocrx_word' id='word_1_58' title='bbox 903 1109 1153 1167; x_wconf 92' lang='lat' dir='ltr'><strong>corpore</strong></span> <span class='ocrx_word' id='word_1_59' title='bbox 1175 1101 1522 1168; x_wconf 84' lang='lat' dir='ltr'>erupturam</span> <span class='ocrx_word' id='word_1_60' title='bbox 1552 1112 1729 1152; x_wconf 91' lang='lat' dir='ltr'><strong>:cum</strong></span> <span class='ocrx_word' id='word_1_61' title='bbox 1767 1094 1918 1152; x_wconf 88' lang='lat' dir='ltr'>nihil</span> <span class='ocrx_word' id='word_1_62' title='bbox 1971 1092 2093 1150; x_wconf 89' lang='lat' dir='ltr'><strong>veri</strong></span> <span class='ocrx_word' id='word_1_63' title='bbox 2133 1095 2237 1148; x_wconf 88' lang='lat' dir='ltr'>aut</span> 
     </span>
    </p>
   </div>
   <div class='ocr_carea' id='block_1_10' title="bbox 584 1181 2232 1256">
    <p class='ocr_par' dir='ltr' id='par_1_10' title="bbox 584 1181 2232 1256">
     <span class='ocr_line' id='line_1_10' title="bbox 584 1181 2232 1256; baseline 0.001 -21"><span class='ocrx_word' id='word_1_64' title='bbox 584 1181 882 1238; x_wconf 85' lang='lat' dir='ltr'>manifesti</span> <span class='ocrx_word' id='word_1_65' title='bbox 914 1183 1058 1256; x_wconf 89' lang='lat' dir='ltr'><strong>ipsis</strong></span> <span class='ocrx_word' id='word_1_66' title='bbox 1070 1184 1403 1241; x_wconf 86' lang='lat' dir='ltr'><strong>dicentibus</strong></span> <span class='ocrx_word' id='word_1_67' title='bbox 1418 1189 1476 1242; x_wconf 92' lang='lat' dir='ltr'>et</span> <span class='ocrx_word' id='word_1_68' title='bbox 1500 1184 1944 1242; x_wconf 79' lang='lat' dir='ltr'><strong>afﬁrmantibus</strong></span> <span class='ocrx_word' id='word_1_69' title='bbox 1965 1185 2232 1256; x_wconf 84' lang='lat' dir='ltr'>apparet,</span> 
     </span>
    </p>
   </div>
   <div class='ocr_carea' id='block_1_11' title="bbox 582 1273 2236 1345">
    <p class='ocr_par' dir='ltr' id='par_1_11' title="bbox 582 1273 2236 1345">
     <span class='ocr_line' id='line_1_11' title="bbox 582 1273 2236 1345; baseline 0.001 -21"><span class='ocrx_word' id='word_1_70' title='bbox 582 1284 779 1342; x_wconf 82' lang='lat' dir='ltr'><strong>neque</strong></span> <span class='ocrx_word' id='word_1_71' title='bbox 816 1287 1057 1328; x_wconf 89' lang='lat' dir='ltr'><strong>rursum</strong></span> <span class='ocrx_word' id='word_1_72' title='bbox 1115 1273 1799 1345; x_wconf 81' lang='lat' dir='ltr'><strong>interrogantibus;sed</strong></span> <span class='ocrx_word' id='word_1_73' title='bbox 1845 1288 1988 1330; x_wconf 88' lang='lat' dir='ltr'>cum</span> <span class='ocrx_word' id='word_1_74' title='bbox 2043 1274 2236 1327; x_wconf 92' lang='lat' dir='ltr'><strong>totum</strong></span> 
     </span>
    </p>
   </div>
   <div class='ocr_carea' id='block_1_12' title="bbox 585 1361 2240 1436">
    <p class='ocr_par' dir='ltr' id='par_1_12' title="bbox 585 1361 2240 1436">
     <span class='ocr_line' id='line_1_12' title="bbox 585 1361 2240 1436; baseline 0.001 -23"><span class='ocrx_word' id='word_1_75' title='bbox 585 1373 802 1430; x_wconf 90' lang='lat' dir='ltr'><strong>corpus</strong></span> <span class='ocrx_word' id='word_1_76' title='bbox 827 1361 1002 1432; x_wconf 89' lang='lat' dir='ltr'><strong>valet,</strong></span> <span class='ocrx_word' id='word_1_77' title='bbox 1049 1363 1330 1435; x_wconf 84' lang='lat' dir='ltr'>valetque</span> <span class='ocrx_word' id='word_1_78' title='bbox 1383 1363 1535 1420; x_wconf 80' lang='lat' dir='ltr'><strong>ratio</strong></span> <span class='ocrx_word' id='word_1_79' title='bbox 1582 1363 1827 1436; x_wconf 89' lang='lat' dir='ltr'><strong>propria</strong></span> <span class='ocrx_word' id='word_1_80' title='bbox 1881 1361 2118 1435; x_wconf 90' lang='lat' dir='ltr'><strong>operari</strong></span> <span class='ocrx_word' id='word_1_81' title='bbox 2180 1362 2240 1415; x_wconf 89' lang='lat' dir='ltr'>et</span> 
     </span>
    </p>
   </div>
   <div class='ocr_carea' id='block_1_13' title="bbox 582 1449 2238 1520">
    <p class='ocr_par' dir='ltr' id='par_1_13' title="bbox 582 1449 2238 1520">
     <span class='ocr_line' id='line_1_13' title="bbox 582 1449 2238 1520; baseline -0.001 -17"><span class='ocrx_word' id='word_1_82' title='bbox 582 1453 738 1504; x_wconf 89' lang='lat' dir='ltr'><strong>recte</strong></span> <span class='ocrx_word' id='word_1_83' title='bbox 769 1449 1103 1507; x_wconf 89' lang='lat' dir='ltr'><strong>discernere</strong></span> <span class='ocrx_word' id='word_1_84' title='bbox 1133 1468 1331 1520; x_wconf 90' lang='lat' dir='ltr'><strong>;nunc</strong></span> <span class='ocrx_word' id='word_1_85' title='bbox 1361 1469 1500 1508; x_wconf 92' lang='lat' dir='ltr'>cum</span> <span class='ocrx_word' id='word_1_86' title='bbox 1526 1467 1706 1508; x_wconf 90' lang='lat' dir='ltr'><strong>nemo</strong></span> <span class='ocrx_word' id='word_1_87' title='bbox 1734 1467 1830 1507; x_wconf 92' lang='lat' dir='ltr'>me</span> <span class='ocrx_word' id='word_1_88' title='bbox 1895 1449 2100 1507; x_wconf 81' lang='lat' dir='ltr'><strong>turbat</strong></span> <span class='ocrx_word' id='word_1_89' title='bbox 2135 1450 2238 1504; x_wconf 90' lang='lat' dir='ltr'>aut</span> 
     </span>
    </p>
   </div>
   <div class='ocr_carea' id='block_1_14' title="bbox 583 1537 2238 1608">
    <p class='ocr_par' dir='ltr' id='par_1_14' title="bbox 583 1537 2238 1608">
     <span class='ocr_line' id='line_1_14' title="bbox 583 1537 2238 1608; baseline 0.001 -17"><span class='ocrx_word' id='word_1_90' title='bbox 583 1537 783 1608; x_wconf 83' lang='lat' dir='ltr'><strong>agitat,</strong></span> <span class='ocrx_word' id='word_1_91' title='bbox 822 1542 998 1595; x_wconf 87' lang='lat' dir='ltr'><strong>statui</strong></span> <span class='ocrx_word' id='word_1_92' title='bbox 1018 1545 1444 1598; x_wconf 80' lang='lat' dir='ltr'><strong>testamentum</strong></span> <span class='ocrx_word' id='word_1_93' title='bbox 1459 1557 1664 1599; x_wconf 91' lang='lat' dir='ltr'><strong>meum</strong></span> <span class='ocrx_word' id='word_1_94' title='bbox 1691 1538 2079 1607; x_wconf 84' lang='lat' dir='ltr'><strong>confieere,et</strong></span> <span class='ocrx_word' id='word_1_95' title='bbox 2099 1551 2238 1593; x_wconf 90' lang='lat' dir='ltr'><strong>con-</strong></span> 
     </span>
    </p>
   </div>
   <div class='ocr_carea' id='block_1_15' title="bbox 581 1625 2237 1698">
    <p class='ocr_par' dir='ltr' id='par_1_15' title="bbox 581 1625 2237 1698">
     <span class='ocr_line' id='line_1_15' title="bbox 581 1625 2237 1698; baseline -0.001 -17"><span class='ocrx_word' id='word_1_96' title='bbox 581 1625 801 1682; x_wconf 88' lang='lat' dir='ltr'><strong>fectum</strong></span> <span class='ocrx_word' id='word_1_97' title='bbox 832 1632 939 1698; x_wconf 91' lang='lat' dir='ltr'><strong>est,</strong></span> <span class='ocrx_word' id='word_1_98' title='bbox 965 1629 1112 1686; x_wconf 88' lang='lat' dir='ltr'>nihil</span> <span class='ocrx_word' id='word_1_99' title='bbox 1139 1631 1326 1687; x_wconf 87' lang='lat' dir='ltr'><strong>coacti</strong></span> <span class='ocrx_word' id='word_1_100' title='bbox 1376 1634 1480 1687; x_wconf 90' lang='lat' dir='ltr'>aut</span> <span class='ocrx_word' id='word_1_101' title='bbox 1531 1628 1857 1686; x_wconf 81' lang='lat' dir='ltr'><strong>inconsulti</strong></span> <span class='ocrx_word' id='word_1_102' title='bbox 1901 1626 2237 1684; x_wconf 88' lang='lat' dir='ltr'><strong>continens.</strong></span> 
     </span>
    </p>
   </div>
   <div class='ocr_carea' id='block_1_16' title="bbox 655 1894 2238 1972">
    <p class='ocr_par' dir='ltr' id='par_1_16' title="bbox 655 1894 2238 1972">
     <span class='ocr_line' id='line_1_16' title="bbox 655 1894 2238 1972; baseline -0.003 -16"><span class='ocrx_word' id='word_1_103' title='bbox 655 1903 721 1956; x_wconf 91' lang='lat' dir='ltr'>Et</span> <span class='ocrx_word' id='word_1_104' title='bbox 747 1899 1043 1972; x_wconf 88' lang='lat' dir='ltr'><strong>optimum</strong></span> <span class='ocrx_word' id='word_1_105' title='bbox 1071 1903 1163 1957; x_wconf 90' lang='lat' dir='ltr'>est</span> <span class='ocrx_word' id='word_1_106' title='bbox 1197 1899 1344 1957; x_wconf 94' lang='lat' dir='ltr'><strong>illud</strong></span> <span class='ocrx_word' id='word_1_107' title='bbox 1385 1899 1633 1956; x_wconf 89' lang='lat' dir='ltr'><strong>omnino</strong></span> <span class='ocrx_word' id='word_1_108' title='bbox 1662 1901 1719 1955; x_wconf 89' lang='lat' dir='ltr'>et</span> <span class='ocrx_word' id='word_1_109' title='bbox 1749 1895 2042 1953; x_wconf 84' lang='lat' dir='ltr'><strong>universis</strong></span> <span class='ocrx_word' id='word_1_110' title='bbox 2073 1894 2238 1969; x_wconf 88' lang='lat' dir='ltr'><strong>apud</strong></span> 
     </span>
    </p>
   </div>
   <div class='ocr_carea' id='block_1_17' title="bbox 579 1985 2238 2062">
    <p class='ocr_par' dir='ltr' id='par_1_17' title="bbox 579 1985 2238 2062">
     <span class='ocr_line' id='line_1_17' title="bbox 579 1985 2238 2062; baseline -0.003 -17"><span class='ocrx_word' id='word_1_111' title='bbox 579 2005 793 2045; x_wconf 88' lang='lat' dir='ltr'><strong>omnes</strong></span> <span class='ocrx_word' id='word_1_112' title='bbox 813 1989 1047 2061; x_wconf 87' lang='lat' dir='ltr'><strong>judices</strong></span> <span class='ocrx_word' id='word_1_113' title='bbox 1071 1990 1394 2055; x_wconf 85' lang='lat' dir='ltr'><strong>sententiis,</strong></span> <span class='ocrx_word' id='word_1_114' title='bbox 1411 1993 1772 2062; x_wconf 89' lang='lat' dir='ltr'><strong>etquantum</strong></span> <span class='ocrx_word' id='word_1_115' title='bbox 1797 1987 1942 2042; x_wconf 93' lang='lat' dir='ltr'><strong>mihi</strong></span> <span class='ocrx_word' id='word_1_116' title='bbox 1988 1985 2238 2058; x_wconf 90' lang='lat' dir='ltr'><strong>quidem</strong></span> 
     </span>
    </p>
   </div>
   <div class='ocr_carea' id='block_1_18' title="bbox 580 2074 2238 2153">
    <p class='ocr_par' dir='ltr' id='par_1_18' title="bbox 580 2074 2238 2153">
     <span class='ocr_line' id='line_1_18' title="bbox 580 2074 2238 2153; baseline -0.002 -18"><span class='ocrx_word' id='word_1_117' title='bbox 580 2079 834 2147; x_wconf 89' lang='lat' dir='ltr'><strong>videtur,</strong></span> <span class='ocrx_word' id='word_1_118' title='bbox 853 2079 1017 2151; x_wconf 88' lang='lat' dir='ltr'><strong>apud</strong></span> <span class='ocrx_word' id='word_1_119' title='bbox 1046 2079 1306 2153; x_wconf 89' lang='lat' dir='ltr'><strong>reliquos</strong></span> <span class='ocrx_word' id='word_1_120' title='bbox 1321 2081 1500 2136; x_wconf 84' lang='lat' dir='ltr'><strong>etiam</strong></span> <span class='ocrx_word' id='word_1_121' title='bbox 1512 2079 2038 2136; x_wconf 89' lang='lat' dir='ltr'><strong>bomines.0mnes</strong></span> <span class='ocrx_word' id='word_1_122' title='bbox 2076 2074 2238 2131; x_wconf 90' lang='lat' dir='ltr'><strong>enim</strong></span> 
     </span>
    </p>
   </div>
   <div class='ocr_carea' id='block_1_19' title="bbox 581 2164 2235 2240">
    <p class='ocr_par' dir='ltr' id='par_1_19' title="bbox 581 2164 2235 2240">
     <span class='ocr_line' id='line_1_19' title="bbox 581 2164 2235 2240; baseline -0.003 -15"><span class='ocrx_word' id='word_1_123' title='bbox 581 2168 743 2239; x_wconf 85' lang='lat' dir='ltr'><strong>leges</strong></span> <span class='ocrx_word' id='word_1_124' title='bbox 775 2174 830 2224; x_wconf 93' lang='lat' dir='ltr'>et</span> <span class='ocrx_word' id='word_1_125' title='bbox 857 2169 1229 2240; x_wconf 88' lang='lat' dir='ltr'><strong>legislatores</strong></span> <span class='ocrx_word' id='word_1_126' title='bbox 1253 2170 1315 2226; x_wconf 92' lang='lat' dir='ltr'><strong>id</strong></span> <span class='ocrx_word' id='word_1_127' title='bbox 1345 2173 1481 2226; x_wconf 90' lang='lat' dir='ltr'><strong>ante</strong></span> <span class='ocrx_word' id='word_1_128' title='bbox 1511 2168 1740 2234; x_wconf 88' lang='lat' dir='ltr'><strong>omnia,</strong></span> <span class='ocrx_word' id='word_1_129' title='bbox 1785 2171 1852 2223; x_wconf 88' lang='lat' dir='ltr'>ut</span> <span class='ocrx_word' id='word_1_130' title='bbox 1908 2166 1990 2222; x_wconf 89' lang='lat' dir='ltr'>ita</span> <span class='ocrx_word' id='word_1_131' title='bbox 2014 2164 2235 2233; x_wconf 91' lang='lat' dir='ltr'><strong>dicam,</strong></span> 
     </span>
    </p>
   </div>
   <div class='ocr_carea' id='block_1_20' title="bbox 582 2255 2239 2332">
    <p class='ocr_par' dir='ltr' id='par_1_20' title="bbox 582 2255 2239 2332">
     <span class='ocr_line' id='line_1_20' title="bbox 582 2255 2239 2332; baseline -0.003 -18"><span class='ocrx_word' id='word_1_132' title='bbox 582 2259 843 2314; x_wconf 85' lang='lat' dir='ltr'><strong>examini</strong></span> <span class='ocrx_word' id='word_1_133' title='bbox 873 2259 1212 2330; x_wconf 86' lang='lat' dir='ltr'><strong>subjiciunt,</strong></span> <span class='ocrx_word' id='word_1_134' title='bbox 1248 2263 1304 2316; x_wconf 91' lang='lat' dir='ltr'>et</span> <span class='ocrx_word' id='word_1_135' title='bbox 1362 2274 1550 2332; x_wconf 90' lang='lat' dir='ltr'><strong>quam</strong></span> <span class='ocrx_word' id='word_1_136' title='bbox 1599 2256 1933 2313; x_wconf 81' lang='lat' dir='ltr'><strong>maximam</strong></span> <span class='ocrx_word' id='word_1_137' title='bbox 1984 2255 2066 2310; x_wconf 91' lang='lat' dir='ltr'>rei</span> <span class='ocrx_word' id='word_1_138' title='bbox 2123 2255 2239 2310; x_wconf 91' lang='lat' dir='ltr'><strong>hu-</strong></span> 
     </span>
    </p>
   </div>
   <div class='ocr_carea' id='block_1_21' title="bbox 577 2344 2238 2419">
    <p class='ocr_par' dir='ltr' id='par_1_21' title="bbox 577 2344 2238 2419">
     <span class='ocr_line' id='line_1_21' title="bbox 577 2344 2238 2419; baseline -0.002 -17"><span class='ocrx_word' id='word_1_139' title='bbox 577 2348 678 2419; x_wconf 89' lang='lat' dir='ltr'><strong>jus</strong></span> <span class='ocrx_word' id='word_1_140' title='bbox 731 2348 1027 2404; x_wconf 90' lang='lat' dir='ltr'><strong>rationem</strong></span> <span class='ocrx_word' id='word_1_141' title='bbox 1075 2347 1320 2415; x_wconf 89' lang='lat' dir='ltr'><strong>habent,</strong></span> <span class='ocrx_word' id='word_1_142' title='bbox 1393 2351 1754 2404; x_wconf 87' lang='lat' dir='ltr'><strong>testamenta</strong></span> <span class='ocrx_word' id='word_1_143' title='bbox 1842 2344 2024 2401; x_wconf 89' lang='lat' dir='ltr'><strong>fuisse</strong></span> <span class='ocrx_word' id='word_1_144' title='bbox 2089 2357 2238 2400; x_wconf 94' lang='lat' dir='ltr'><strong>con-</strong></span> 
     </span>
    </p>
   </div>
   <div class='ocr_carea' id='block_1_22' title="bbox 583 2435 2240 2506">
    <p class='ocr_par' dir='ltr' id='par_1_22' title="bbox 583 2435 2240 2506">
     <span class='ocr_line' id='line_1_22' title="bbox 583 2435 2240 2506; baseline -0.003 -14"><span class='ocrx_word' id='word_1_145' title='bbox 583 2436 757 2502; x_wconf 87' lang='lat' dir='ltr'><strong>fecta,</strong></span> <span class='ocrx_word' id='word_1_146' title='bbox 781 2436 929 2492; x_wconf 92' lang='lat' dir='ltr'>dum</span> <span class='ocrx_word' id='word_1_147' title='bbox 967 2437 1262 2492; x_wconf 88' lang='lat' dir='ltr'><strong>testatoris</strong></span> <span class='ocrx_word' id='word_1_148' title='bbox 1288 2451 1460 2493; x_wconf 87' lang='lat' dir='ltr'><strong>mens</strong></span> <span class='ocrx_word' id='word_1_149' title='bbox 1496 2437 1559 2492; x_wconf 94' lang='lat' dir='ltr'>in</span> <span class='ocrx_word' id='word_1_150' title='bbox 1618 2435 1892 2500; x_wconf 89' lang='lat' dir='ltr'><strong>sanitate,</strong></span> <span class='ocrx_word' id='word_1_151' title='bbox 1947 2439 2240 2506; x_wconf 90' lang='lat' dir='ltr'><strong>tanquam</strong></span> 
     </span>
    </p>
   </div>
   <div class='ocr_carea' id='block_1_23' title="bbox 581 2522 2238 2596">
    <p class='ocr_par' dir='ltr' id='par_1_23' title="bbox 581 2522 2238 2596">
     <span class='ocr_line' id='line_1_23' title="bbox 581 2522 2238 2596; baseline -0.003 -14"><span class='ocrx_word' id='word_1_152' title='bbox 581 2527 645 2582; x_wconf 93' lang='lat' dir='ltr'>in</span> <span class='ocrx_word' id='word_1_153' title='bbox 674 2525 865 2582; x_wconf 92' lang='lat' dir='ltr'><strong>solido</strong></span> <span class='ocrx_word' id='word_1_154' title='bbox 885 2525 1303 2596; x_wconf 89' lang='lat' dir='ltr'><strong>fundamento,</strong></span> <span class='ocrx_word' id='word_1_155' title='bbox 1336 2525 1597 2582; x_wconf 90' lang='lat' dir='ltr'><strong>stabilita</strong></span> <span class='ocrx_word' id='word_1_156' title='bbox 1626 2528 1772 2580; x_wconf 88' lang='lat' dir='ltr'><strong>erat.</strong></span> <span class='ocrx_word' id='word_1_157' title='bbox 1802 2526 1886 2579; x_wconf 80' lang='lat' dir='ltr'><strong>Ac</strong></span> <span class='ocrx_word' id='word_1_158' title='bbox 1924 2522 2078 2578; x_wconf 92' lang='lat' dir='ltr'><strong>bene</strong></span> <span class='ocrx_word' id='word_1_159' title='bbox 2104 2522 2238 2594; x_wconf 85' lang='lat' dir='ltr'><strong>qui-</strong></span> 
     </span>
    </p>
   </div>
   <div class='ocr_carea' id='block_1_24' title="bbox 583 2610 2240 2686">
    <p class='ocr_par' dir='ltr' id='par_1_24' title="bbox 583 2610 2240 2686">
     <span class='ocr_line' id='line_1_24' title="bbox 583 2610 2240 2686; baseline -0.002 -16"><span class='ocrx_word' id='word_1_160' title='bbox 583 2615 722 2670; x_wconf 91' lang='lat' dir='ltr'>dem</span> <span class='ocrx_word' id='word_1_161' title='bbox 771 2614 832 2670; x_wconf 93' lang='lat' dir='ltr'>id</span> <span class='ocrx_word' id='word_1_162' title='bbox 893 2619 1254 2671; x_wconf 87' lang='lat' dir='ltr'><strong>curaverunt</strong></span> <span class='ocrx_word' id='word_1_163' title='bbox 1311 2613 1539 2686; x_wconf 81' lang='lat' dir='ltr'><strong>legiferi</strong></span> <span class='ocrx_word' id='word_1_164' title='bbox 1589 2618 1647 2670; x_wconf 86' lang='lat' dir='ltr'>et</span> <span class='ocrx_word' id='word_1_165' title='bbox 1697 2612 1949 2685; x_wconf 91' lang='lat' dir='ltr'><strong>judices,</strong></span> <span class='ocrx_word' id='word_1_166' title='bbox 2014 2610 2240 2683; x_wconf 89' lang='lat' dir='ltr'><strong>quippe</strong></span> 
     </span>
    </p>
   </div>
   <div class='ocr_carea' id='block_1_25' title="bbox 581 2699 2240 2777">
    <p class='ocr_par' dir='ltr' id='par_1_25' title="bbox 581 2699 2240 2777">
     <span class='ocr_line' id='line_1_25' title="bbox 581 2699 2240 2777; baseline -0.002 -18"><span class='ocrx_word' id='word_1_167' title='bbox 581 2703 747 2777; x_wconf 90' lang='lat' dir='ltr'><strong>quod</strong></span> <span class='ocrx_word' id='word_1_168' title='bbox 780 2704 1185 2776; x_wconf 90' lang='lat' dir='ltr'><strong>justissimum</strong></span> <span class='ocrx_word' id='word_1_169' title='bbox 1257 2704 1532 2760; x_wconf 92' lang='lat' dir='ltr'><strong>omnium</strong></span> <span class='ocrx_word' id='word_1_170' title='bbox 1581 2702 1672 2758; x_wconf 90' lang='lat' dir='ltr'><strong>sit.</strong></span> <span class='ocrx_word' id='word_1_171' title='bbox 1733 2704 1803 2757; x_wconf 94' lang='lat' dir='ltr'><strong>Ut</strong></span> <span class='ocrx_word' id='word_1_172' title='bbox 1858 2715 1890 2756; x_wconf 92' lang='lat' dir='ltr'>e</span> <span class='ocrx_word' id='word_1_173' title='bbox 1943 2699 2240 2757; x_wconf 89' lang='lat' dir='ltr'><strong>contrario</strong></span> 
     </span>
    </p>
   </div>
   <div class='ocr_carea' id='block_1_26' title="bbox 583 2787 2242 2868">
    <p class='ocr_par' dir='ltr' id='par_1_26' title="bbox 583 2787 2242 2868">
     <span class='ocr_line' id='line_1_26' title="bbox 583 2787 2242 2868; baseline -0.003 -19"><span class='ocrx_word' id='word_1_174' title='bbox 583 2794 662 2849; x_wconf 92' lang='lat' dir='ltr'><strong>im</strong></span> <span class='ocrx_word' id='word_1_175' title='bbox 671 2794 841 2866; x_wconf 91' lang='lat' dir='ltr'><strong>pium</strong></span> <span class='ocrx_word' id='word_1_176' title='bbox 853 2809 1103 2867; x_wconf 89' lang='lat' dir='ltr'><strong>prorsus</strong></span> <span class='ocrx_word' id='word_1_177' title='bbox 1118 2796 1225 2862; x_wconf 92' lang='lat' dir='ltr'><strong>est,</strong></span> <span class='ocrx_word' id='word_1_178' title='bbox 1256 2794 1454 2868; x_wconf 89' lang='lat' dir='ltr'><strong>siquis</strong></span> <span class='ocrx_word' id='word_1_179' title='bbox 1474 2790 1700 2866; x_wconf 90' lang='lat' dir='ltr'><strong>aliquid</strong></span> <span class='ocrx_word' id='word_1_180' title='bbox 1713 2793 1961 2848; x_wconf 90' lang='lat' dir='ltr'><strong>econtra</strong></span> <span class='ocrx_word' id='word_1_181' title='bbox 1998 2787 2242 2845; x_wconf 81' lang='lat' dir='ltr'><strong>violenti</strong></span> 
     </span>
    </p>
   </div>
   <div class='ocr_carea' id='block_1_27' title="bbox 583 2883 888 2939">
    <p class='ocr_par' dir='ltr' id='par_1_27' title="bbox 583 2883 888 2939">
     <span class='ocr_line' id='line_1_27' title="bbox 583 2883 888 2939; baseline 0.003 -1"><span class='ocrx_word' id='word_1_182' title='bbox 583 2883 888 2939; x_wconf 91' lang='lat' dir='ltr'><strong>adhibeat.</strong></span> 
     </span>
    </p>
   </div>
   <div class='ocr_carea' id='block_1_28' title="bbox 657 2967 2240 3043">
    <p class='ocr_par' dir='ltr' id='par_1_28' title="bbox 657 2967 2240 3043">
     <span class='ocr_line' id='line_1_28' title="bbox 657 2967 2240 3043; baseline -0.004 -14"><span class='ocrx_word' id='word_1_183' title='bbox 657 2973 712 3029; x_wconf 92' lang='lat' dir='ltr'><strong>Si</strong></span> <span class='ocrx_word' id='word_1_184' title='bbox 740 2973 918 3042; x_wconf 87' lang='lat' dir='ltr'><strong>igitur</strong></span> <span class='ocrx_word' id='word_1_185' title='bbox 936 2973 1065 3029; x_wconf 84' lang='lat' dir='ltr'><strong>haec</strong></span> <span class='ocrx_word' id='word_1_186' title='bbox 1089 2974 1166 3030; x_wconf 84' lang='lat' dir='ltr'>ita</span> <span class='ocrx_word' id='word_1_187' title='bbox 1217 2988 1279 3029; x_wconf 90' lang='lat' dir='ltr'><strong>se</strong></span> <span class='ocrx_word' id='word_1_188' title='bbox 1327 2971 1554 3029; x_wconf 86' lang='lat' dir='ltr'><strong>habent</strong></span> <span class='ocrx_word' id='word_1_189' title='bbox 1605 2971 1696 3042; x_wconf 89' lang='lat' dir='ltr'><strong>(ac</strong></span> <span class='ocrx_word' id='word_1_190' title='bbox 1740 2984 1988 3043; x_wconf 87' lang='lat' dir='ltr'><strong>prorsus</strong></span> <span class='ocrx_word' id='word_1_191' title='bbox 2039 2967 2121 3023; x_wconf 89' lang='lat' dir='ltr'>ita</span> <span class='ocrx_word' id='word_1_192' title='bbox 2177 2983 2240 3023; x_wconf 89' lang='lat' dir='ltr'>se</span> 
     </span>
    </p>
   </div>
   <div class='ocr_carea' id='block_1_29' title="bbox 581 3058 2237 3136">
    <p class='ocr_par' dir='ltr' id='par_1_29' title="bbox 581 3058 2237 3136">
     <span class='ocr_line' id='line_1_29' title="bbox 581 3058 2237 3136; baseline -0.005 -16"><span class='ocrx_word' id='word_1_193' title='bbox 581 3062 846 3133; x_wconf 85' lang='lat' dir='ltr'><strong>habent).</strong></span> <span class='ocrx_word' id='word_1_194' title='bbox 893 3063 1293 3136; x_wconf 90' lang='lat' dir='ltr'><strong>quandonam</strong></span> <span class='ocrx_word' id='word_1_195' title='bbox 1341 3062 1537 3131; x_wconf 87' lang='lat' dir='ltr'><strong>magis</strong></span> <span class='ocrx_word' id='word_1_196' title='bbox 1586 3061 1757 3116; x_wconf 89' lang='lat' dir='ltr'><strong>decet</strong></span> <span class='ocrx_word' id='word_1_197' title='bbox 1821 3058 2237 3115; x_wconf 82' lang='lat' dir='ltr'><strong>examinantes</strong></span> 
     </span>
    </p>
   </div>
   <div class='ocr_carea' id='block_1_30' title="bbox 581 3146 2237 3226">
    <p class='ocr_par' dir='ltr' id='par_1_30' title="bbox 581 3146 2237 3226">
     <span class='ocr_line' id='line_1_30' title="bbox 581 3146 2237 3226; baseline -0.004 -18"><span class='ocrx_word' id='word_1_198' title='bbox 581 3153 764 3209; x_wconf 84' lang='lat' dir='ltr'><strong>ﬁdem</strong></span> <span class='ocrx_word' id='word_1_199' title='bbox 797 3153 1032 3226; x_wconf 85' lang='lat' dir='ltr'><strong>scriptis</strong></span> <span class='ocrx_word' id='word_1_200' title='bbox 1063 3152 1344 3208; x_wconf 88' lang='lat' dir='ltr'><strong>arhibere</strong></span> <span class='ocrx_word' id='word_1_201' title='bbox 1369 3150 1634 3226; x_wconf 75' lang='lat' dir='ltr'><strong>ﬁrmam,</strong></span> <span class='ocrx_word' id='word_1_202' title='bbox 1676 3163 1874 3222; x_wconf 91' lang='lat' dir='ltr'><strong>neque</strong></span> <span class='ocrx_word' id='word_1_203' title='bbox 1934 3146 2237 3213; x_wconf 90' lang='lat' dir='ltr'><strong>dubitare,</strong></span> 
     </span>
    </p>
   </div>
   <div class='ocr_carea' id='block_1_31' title="bbox 581 3213 2239 3315">
    <p class='ocr_par' dir='ltr' id='par_1_31' title="bbox 581 3213 2239 3315">
     <span class='ocr_line' id='line_1_31' title="bbox 581 3213 2239 3315; baseline -0.004 -17"><span class='ocrx_word' id='word_1_204' title='bbox 581 3259 768 3315; x_wconf 89' lang='lat' dir='ltr'><strong>quam</strong></span> <span class='ocrx_word' id='word_1_205' title='bbox 797 3213 936 3298; x_wconf 80' lang='lat' dir='ltr'>cum</span> <span class='ocrx_word' id='word_1_206' title='bbox 967 3241 1303 3297; x_wconf 88' lang='lat' dir='ltr'><strong>ambulanti</strong></span> <span class='ocrx_word' id='word_1_207' title='bbox 1331 3256 1405 3297; x_wconf 90' lang='lat' dir='ltr'>ac</span> <span class='ocrx_word' id='word_1_208' title='bbox 1427 3213 1666 3296; x_wconf 62' lang='lat' dir='ltr'><strong>\valenti</strong></span> <span class='ocrx_word' id='word_1_209' title='bbox 1712 3213 1796 3295; x_wconf 49' lang='lat' dir='ltr'><strong>et-</strong></span> <span class='ocrx_word' id='word_1_210' title='bbox 1820 3237 1944 3293; x_wconf 90' lang='lat' dir='ltr'>vim</span> <span class='ocrx_word' id='word_1_211' title='bbox 1991 3235 2239 3293; x_wconf 88' lang='lat' dir='ltr'><strong>habenti</strong></span> 
     </span>
    </p>
   </div>
   <div class='ocr_carea' id='block_1_32' title="bbox 581 3326 2238 3403">
    <p class='ocr_par' dir='ltr' id='par_1_32' title="bbox 581 3326 2238 3403">
     <span class='ocr_line' id='line_1_32' title="bbox 581 3326 2238 3403; baseline -0.003 -17"><span class='ocrx_word' id='word_1_212' title='bbox 581 3330 877 3403; x_wconf 89' lang='lat' dir='ltr'><strong>quidquid</strong></span> <span class='ocrx_word' id='word_1_213' title='bbox 904 3330 1208 3400; x_wconf 82' lang='lat' dir='ltr'><strong>agendum</strong></span> <span class='ocrx_word' id='word_1_214' title='bbox 1241 3328 1565 3399; x_wconf 90' lang='lat' dir='ltr'><strong>sit,agenti,</strong></span> <span class='ocrx_word' id='word_1_215' title='bbox 1599 3344 1669 3384; x_wconf 89' lang='lat' dir='ltr'>ac</span> <span class='ocrx_word' id='word_1_216' title='bbox 1708 3327 1813 3384; x_wconf 90' lang='lat' dir='ltr'><strong>toti</strong></span> <span class='ocrx_word' id='word_1_217' title='bbox 1841 3326 1902 3382; x_wconf 92' lang='lat' dir='ltr'>in</span> <span class='ocrx_word' id='word_1_218' title='bbox 1938 3341 2001 3382; x_wconf 91' lang='lat' dir='ltr'>se</span> <span class='ocrx_word' id='word_1_219' title='bbox 2060 3329 2118 3382; x_wconf 89' lang='lat' dir='ltr'>et</span> <span class='ocrx_word' id='word_1_220' title='bbox 2176 3326 2238 3381; x_wconf 93' lang='lat' dir='ltr'><strong>in</strong></span> 
     </span>
    </p>
   </div>
   <div class='ocr_carea' id='block_1_33' title="bbox 582 3413 2239 3490">
    <p class='ocr_par' dir='ltr' id='par_1_33' title="bbox 582 3413 2239 3490">
     <span class='ocr_line' id='line_1_33' title="bbox 582 3413 2239 3490; baseline -0.002 -17"><span class='ocrx_word' id='word_1_221' title='bbox 582 3420 704 3474; x_wconf 90' lang='lat' dir='ltr'><strong>suis</strong></span> <span class='ocrx_word' id='word_1_222' title='bbox 735 3419 1193 3490; x_wconf 83' lang='lat' dir='ltr'><strong>cogitationibus</strong></span> <span class='ocrx_word' id='word_1_223' title='bbox 1221 3418 1378 3474; x_wconf 93' lang='lat' dir='ltr'><strong>bene</strong></span> <span class='ocrx_word' id='word_1_224' title='bbox 1407 3416 1722 3490; x_wconf 90' lang='lat' dir='ltr'><strong>disposito,</strong></span> <span class='ocrx_word' id='word_1_225' title='bbox 1753 3431 1889 3489; x_wconf 84' lang='lat' dir='ltr'><strong>quae</strong></span> <span class='ocrx_word' id='word_1_226' title='bbox 1945 3413 2061 3488; x_wconf 89' lang='lat' dir='ltr'><strong>ipsi</strong></span> <span class='ocrx_word' id='word_1_227' title='bbox 2107 3414 2239 3470; x_wconf 89' lang='lat' dir='ltr'><strong>visa</strong></span> 
     </span>
    </p>
   </div>
   <div class='ocr_carea' id='block_1_34' title="bbox 583 3504 2238 3582">
    <p class='ocr_par' dir='ltr' id='par_1_34' title="bbox 583 3504 2238 3582">
     <span class='ocr_line' id='line_1_34' title="bbox 583 3504 2238 3582; baseline -0.002 -19"><span class='ocrx_word' id='word_1_228' title='bbox 583 3513 743 3577; x_wconf 87' lang='lat' dir='ltr'><strong>sunt,</strong></span> <span class='ocrx_word' id='word_1_229' title='bbox 775 3509 1112 3582; x_wconf 89' lang='lat' dir='ltr'><strong>composita</strong></span> <span class='ocrx_word' id='word_1_230' title='bbox 1132 3508 1294 3564; x_wconf 86' lang='lat' dir='ltr'><strong>fuere</strong></span> <span class='ocrx_word' id='word_1_231' title='bbox 1323 3508 1352 3566; x_wconf 89' lang='lat'><strong>?</strong></span> <span class='ocrx_word' id='word_1_232' title='bbox 1384 3510 1450 3563; x_wconf 88' lang='lat' dir='ltr'>Et</span> <span class='ocrx_word' id='word_1_233' title='bbox 1480 3522 1625 3563; x_wconf 89' lang='lat' dir='ltr'><strong>sane</strong></span> <span class='ocrx_word' id='word_1_234' title='bbox 1679 3506 1780 3580; x_wconf 90' lang='lat' dir='ltr'>qui</span> <span class='ocrx_word' id='word_1_235' title='bbox 1841 3505 1903 3560; x_wconf 93' lang='lat' dir='ltr'>in</span> <span class='ocrx_word' id='word_1_236' title='bbox 1959 3504 2238 3561; x_wconf 85' lang='lat' dir='ltr'><strong>extremis</strong></span> 
     </span>
    </p>
   </div>
   <div class='ocr_carea' id='block_1_35' title="bbox 581 3593 2240 3668">
    <p class='ocr_par' dir='ltr' id='par_1_35' title="bbox 581 3593 2240 3668">
     <span class='ocr_line' id='line_1_35' title="bbox 581 3593 2240 3668; baseline -0.002 -13"><span class='ocrx_word' id='word_1_237' title='bbox 581 3603 936 3655; x_wconf 88' lang='lat' dir='ltr'><strong>testamenta</strong></span> <span class='ocrx_word' id='word_1_238' title='bbox 964 3603 1176 3655; x_wconf 89' lang='lat' dir='ltr'><strong>curant</strong></span> <span class='ocrx_word' id='word_1_239' title='bbox 1226 3596 1687 3668; x_wconf 85' lang='lat' dir='ltr'><strong>conﬁciuntque,</strong></span> <span class='ocrx_word' id='word_1_240' title='bbox 1731 3593 1880 3651; x_wconf 86' lang='lat' dir='ltr'><strong>illud</strong></span> <span class='ocrx_word' id='word_1_241' title='bbox 1927 3597 1985 3649; x_wconf 91' lang='lat' dir='ltr'>et</span> <span class='ocrx_word' id='word_1_242' title='bbox 2027 3596 2240 3651; x_wconf 90' lang='lat' dir='ltr'><strong>curant</strong></span> 
     </span>
    </p>
   </div>
   <div class='ocr_carea' id='block_1_36' title="bbox 582 3685 2239 3760">
    <p class='ocr_par' dir='ltr' id='par_1_36' title="bbox 582 3685 2239 3760">
     <span class='ocr_line' id='line_1_36' title="bbox 582 3685 2239 3760; baseline -0.003 -17"><span class='ocrx_word' id='word_1_243' title='bbox 582 3692 718 3743; x_wconf 91' lang='lat' dir='ltr'><strong>ante</strong></span> <span class='ocrx_word' id='word_1_244' title='bbox 749 3687 866 3742; x_wconf 90' lang='lat' dir='ltr'><strong>alia</strong></span> <span class='ocrx_word' id='word_1_245' title='bbox 893 3702 1080 3760; x_wconf 89' lang='lat' dir='ltr'><strong>quam</strong></span> <span class='ocrx_word' id='word_1_246' title='bbox 1093 3687 1356 3743; x_wconf 84' lang='lat' dir='ltr'><strong>maxime</strong></span> <span class='ocrx_word' id='word_1_247' title='bbox 1373 3685 1689 3742; x_wconf 88' lang='lat' dir='ltr'><strong>ostendere</strong></span> <span class='ocrx_word' id='word_1_248' title='bbox 1715 3698 1854 3739; x_wconf 91' lang='lat' dir='ltr'>eum</span> <span class='ocrx_word' id='word_1_249' title='bbox 1874 3697 2098 3754; x_wconf 90' lang='lat' dir='ltr'><strong>nempe</strong></span> <span class='ocrx_word' id='word_1_250' title='bbox 2135 3697 2239 3738; x_wconf 85' lang='lat' dir='ltr'><strong>va-</strong></span> 
     </span>
    </p>
   </div>
   <div class='ocr_carea' id='block_1_37' title="bbox 579 3772 2240 3840">
    <p class='ocr_par' dir='ltr' id='par_1_37' title="bbox 579 3772 2240 3840">
     <span class='ocr_line' id='line_1_37' title="bbox 579 3772 2240 3840; baseline -0.002 -8"><span class='ocrx_word' id='word_1_251' title='bbox 579 3776 770 3832; x_wconf 92' lang='lat' dir='ltr'><strong>lidum</strong></span> <span class='ocrx_word' id='word_1_252' title='bbox 797 3776 978 3832; x_wconf 89' lang='lat' dir='ltr'><strong>fuisse</strong></span> <span class='ocrx_word' id='word_1_253' title='bbox 1007 3792 1146 3832; x_wconf 92' lang='lat' dir='ltr'>cum</span> <span class='ocrx_word' id='word_1_254' title='bbox 1166 3779 1526 3833; x_wconf 89' lang='lat' dir='ltr'><strong>testamenta</strong></span> <span class='ocrx_word' id='word_1_255' title='bbox 1554 3773 1826 3840; x_wconf 86' lang='lat' dir='ltr'><strong>confecit,</strong></span> <span class='ocrx_word' id='word_1_256' title='bbox 1868 3772 1977 3828; x_wconf 91' lang='lat' dir='ltr'><strong>etsi</strong></span> <span class='ocrx_word' id='word_1_257' title='bbox 2027 3785 2240 3828; x_wconf 88' lang='lat' dir='ltr'><strong>revera</strong></span> 
     </span>
    </p>
   </div>
   <div class='ocr_carea' id='block_1_38' title="bbox 579 3859 2236 3936">
    <p class='ocr_par' dir='ltr' id='par_1_38' title="bbox 579 3859 2236 3936">
     <span class='ocr_line' id='line_1_38' title="bbox 579 3859 2236 3936; baseline -0.004 -15"><span class='ocrx_word' id='word_1_258' title='bbox 579 3870 780 3921; x_wconf 91' lang='lat' dir='ltr'><strong>mente</strong></span> <span class='ocrx_word' id='word_1_259' title='bbox 811 3881 882 3921; x_wconf 90' lang='lat' dir='ltr'>ac</span> <span class='ocrx_word' id='word_1_260' title='bbox 904 3865 1112 3936; x_wconf 85' lang='lat' dir='ltr'><strong>lingua</strong></span> <span class='ocrx_word' id='word_1_261' title='bbox 1165 3864 1486 3931; x_wconf 85' lang='lat' dir='ltr'><strong>defecerit;</strong></span> <span class='ocrx_word' id='word_1_262' title='bbox 1538 3862 1715 3935; x_wconf 88' lang='lat' dir='ltr'><strong>quasi</strong></span> <span class='ocrx_word' id='word_1_263' title='bbox 1768 3859 1917 3918; x_wconf 86' lang='lat' dir='ltr'><strong>nihil</strong></span> <span class='ocrx_word' id='word_1_264' title='bbox 1986 3860 2236 3917; x_wconf 91' lang='lat' dir='ltr'><strong>omnino</strong></span> 
     </span>
    </p>
   </div>
   <div class='ocr_carea' id='block_1_39' title="bbox 579 3948 2237 4026">
    <p class='ocr_par' dir='ltr' id='par_1_39' title="bbox 579 3948 2237 4026">
     <span class='ocr_line' id='line_1_39' title="bbox 579 3948 2237 4026; baseline -0.003 -16"><span class='ocrx_word' id='word_1_265' title='bbox 579 3953 1081 4026; x_wconf 81' lang='lat' dir='ltr'><strong>praetendentibus</strong></span> <span class='ocrx_word' id='word_1_266' title='bbox 1109 3957 1466 4012; x_wconf 88' lang='lat' dir='ltr'><strong>testamenta</strong></span> <span class='ocrx_word' id='word_1_267' title='bbox 1493 3951 1946 4019; x_wconf 90' lang='lat' dir='ltr'><strong>auxiliarentur,</strong></span> <span class='ocrx_word' id='word_1_268' title='bbox 1980 3950 2030 4006; x_wconf 92' lang='lat' dir='ltr'>si</span> <span class='ocrx_word' id='word_1_269' title='bbox 2087 3948 2237 4022; x_wconf 91' lang='lat' dir='ltr'><strong>quid</strong></span> 
     </span>
    </p>
   </div>
   <div class='ocr_carea' id='block_1_40' title="bbox 581 4043 1177 4116">
    <p class='ocr_par' dir='ltr' id='par_1_40' title="bbox 581 4043 1177 4116">
     <span class='ocr_line' id='line_1_40' title="bbox 581 4043 1177 4116; baseline 0.002 -17"><span class='ocrx_word' id='word_1_270' title='bbox 581 4043 881 4116; x_wconf 89' lang='lat' dir='ltr'><strong>ejusmodi</strong></span> <span class='ocrx_word' id='word_1_271' title='bbox 908 4043 1177 4100; x_wconf 88' lang='lat' dir='ltr'><strong>defuerit.</strong></span> 
     </span>
    </p>
   </div>
   <div class='ocr_carea' id='block_1_41' title="bbox 653 4215 2237 4294">
    <p class='ocr_par' dir='ltr' id='par_1_41' title="bbox 653 4215 2237 4294">
     <span class='ocr_line' id='line_1_41' title="bbox 653 4215 2237 4294; baseline -0.006 -15"><span class='ocrx_word' id='word_1_272' title='bbox 653 4223 816 4280; x_wconf 85' lang='lat' dir='ltr'><strong>Habe</strong></span> <span class='ocrx_word' id='word_1_273' title='bbox 848 4222 1026 4294; x_wconf 89' lang='lat' dir='ltr'><strong>igitur</strong></span> <span class='ocrx_word' id='word_1_274' title='bbox 1076 4225 1133 4278; x_wconf 90' lang='lat' dir='ltr'>et</span> <span class='ocrx_word' id='word_1_275' title='bbox 1167 4219 1296 4278; x_wconf 67' lang='lat' dir='ltr'><strong>haec</strong></span> <span class='ocrx_word' id='word_1_276' title='bbox 1349 4220 1509 4277; x_wconf 89' lang='lat' dir='ltr'><strong>circa</strong></span> <span class='ocrx_word' id='word_1_277' title='bbox 1565 4235 1682 4275; x_wconf 87' lang='lat' dir='ltr'><strong>ea:</strong></span> <span class='ocrx_word' id='word_1_278' title='bbox 1717 4221 1774 4273; x_wconf 91' lang='lat' dir='ltr'>et</span> <span class='ocrx_word' id='word_1_279' title='bbox 1830 4215 2237 4274; x_wconf 88' lang='lat' dir='ltr'><strong>animadverte</strong></span> 
     </span>
    </p>
   </div>
   <div class='ocr_carea' id='block_1_42' title="bbox 582 4301 2234 4381">
    <p class='ocr_par' dir='ltr' id='par_1_42' title="bbox 582 4301 2234 4381">
     <span class='ocr_line' id='line_1_42' title="bbox 582 4301 2234 4381; baseline -0.009 -11"><span class='ocrx_word' id='word_1_280' title='bbox 582 4317 845 4370; x_wconf 88' lang='lat' dir='ltr'><strong>mentem</strong></span> <span class='ocrx_word' id='word_1_281' title='bbox 873 4315 930 4366; x_wconf 91' lang='lat' dir='ltr'>et</span> <span class='ocrx_word' id='word_1_282' title='bbox 954 4310 1227 4381; x_wconf 89' lang='lat' dir='ltr'><strong>linguam</strong></span> <span class='ocrx_word' id='word_1_283' title='bbox 1239 4308 1512 4377; x_wconf 89' lang='lat' dir='ltr'><strong>valentis,</strong></span> <span class='ocrx_word' id='word_1_284' title='bbox 1532 4312 1588 4363; x_wconf 90' lang='lat' dir='ltr'>et</span> <span class='ocrx_word' id='word_1_285' title='bbox 1607 4303 1953 4376; x_wconf 81' lang='lat' dir='ltr'><strong>aegrotantis</strong></span> <span class='ocrx_word' id='word_1_286' title='bbox 1981 4301 2234 4370; x_wconf 87' lang='lat' dir='ltr'><strong>robusti,</strong></span> 
     </span>
    </p>
   </div>
   <div class='ocr_carea' id='block_1_43' title="bbox 581 4388 2237 4466">
    <p class='ocr_par' dir='ltr' id='par_1_43' title="bbox 581 4388 2237 4466">
     <span class='ocr_line' id='line_1_43' title="bbox 581 4388 2237 4466; baseline -0.008 -8"><span class='ocrx_word' id='word_1_287' title='bbox 581 4405 638 4458; x_wconf 91' lang='lat' dir='ltr'>et</span> <span class='ocrx_word' id='word_1_288' title='bbox 664 4399 949 4456; x_wconf 91' lang='lat' dir='ltr'><strong>membris</strong></span> <span class='ocrx_word' id='word_1_289' title='bbox 977 4397 1554 4466; x_wconf 85' lang='lat' dir='ltr'><strong>deﬁcientis,vigore</strong></span> <span class='ocrx_word' id='word_1_290' title='bbox 1599 4392 1909 4450; x_wconf 90' lang='lat' dir='ltr'><strong>dissoluto.</strong></span> <span class='ocrx_word' id='word_1_291' title='bbox 1964 4388 2237 4445; x_wconf 86' lang='lat' dir='ltr'><strong>Eximina</strong></span> 
     </span>
    </p>
   </div>
   <div class='ocr_carea' id='block_1_44' title="bbox 583 4479 2236 4559">
    <p class='ocr_par' dir='ltr' id='par_1_44' title="bbox 583 4479 2236 4559">
     <span class='ocr_line' id='line_1_44' title="bbox 583 4479 2236 4559; baseline -0.008 -12"><span class='ocrx_word' id='word_1_292' title='bbox 583 4496 639 4547; x_wconf 90' lang='lat' dir='ltr'>et</span> <span class='ocrx_word' id='word_1_293' title='bbox 667 4488 1087 4559; x_wconf 86' lang='lat' dir='ltr'><strong>cogitationem</strong></span> <span class='ocrx_word' id='word_1_294' title='bbox 1117 4483 1738 4557; x_wconf 89' lang='lat' dir='ltr'><strong>minimeimpeditam</strong></span> <span class='ocrx_word' id='word_1_295' title='bbox 1796 4484 1852 4536; x_wconf 91' lang='lat' dir='ltr'>et</span> <span class='ocrx_word' id='word_1_296' title='bbox 1897 4479 2055 4535; x_wconf 90' lang='lat' dir='ltr'><strong>circa</strong></span> <span class='ocrx_word' id='word_1_297' title='bbox 2100 4493 2236 4550; x_wconf 82' lang='lat' dir='ltr'><strong>pro-</strong></span> 
     </span>
    </p>
   </div>
   <div class='ocr_carea' id='block_1_45' title="bbox 581 4568 2237 4652">
    <p class='ocr_par' dir='ltr' id='par_1_45' title="bbox 581 4568 2237 4652">
     <span class='ocr_line' id='line_1_45' title="bbox 581 4568 2237 4652; baseline -0.006 -18"><span class='ocrx_word' id='word_1_298' title='bbox 581 4579 743 4652; x_wconf 90' lang='lat' dir='ltr'><strong>prios</strong></span> <span class='ocrx_word' id='word_1_299' title='bbox 773 4581 972 4633; x_wconf 89' lang='lat' dir='ltr'><strong>motus</strong></span> <span class='ocrx_word' id='word_1_300' title='bbox 1001 4577 1255 4634; x_wconf 90' lang='lat' dir='ltr'><strong>liberam</strong></span> <span class='ocrx_word' id='word_1_301' title='bbox 1285 4588 1480 4645; x_wconf 89' lang='lat' dir='ltr'><strong>neque</strong></span> <span class='ocrx_word' id='word_1_302' title='bbox 1526 4569 1648 4626; x_wconf 93' lang='lat' dir='ltr'><strong>ullo</strong></span> <span class='ocrx_word' id='word_1_303' title='bbox 1688 4568 1904 4626; x_wconf 86' lang='lat' dir='ltr'><strong>morbo</strong></span> <span class='ocrx_word' id='word_1_304' title='bbox 1950 4568 2237 4641; x_wconf 88' lang='lat' dir='ltr'><strong>agitatam</strong></span> 
     </span>
    </p>
   </div>
   <div class='ocr_carea' id='block_1_46' title="bbox 582 4658 2237 4740">
    <p class='ocr_par' dir='ltr' id='par_1_46' title="bbox 582 4658 2237 4740">
     <span class='ocr_line' id='line_1_46' title="bbox 582 4658 2237 4740; baseline -0.007 -15"><span class='ocrx_word' id='word_1_305' title='bbox 582 4671 640 4725; x_wconf 91' lang='lat' dir='ltr'>et</span> <span class='ocrx_word' id='word_1_306' title='bbox 665 4681 1032 4740; x_wconf 89' lang='lat' dir='ltr'><strong>perversam,</strong></span> <span class='ocrx_word' id='word_1_307' title='bbox 1065 4670 1123 4721; x_wconf 88' lang='lat' dir='ltr'>et</span> <span class='ocrx_word' id='word_1_308' title='bbox 1146 4659 1551 4731; x_wconf 68' lang='lat' dir='ltr'><strong>aegrotationis</strong></span> <span class='ocrx_word' id='word_1_309' title='bbox 1583 4658 1850 4731; x_wconf 89' lang='lat' dir='ltr'><strong>pondere</strong></span> <span class='ocrx_word' id='word_1_310' title='bbox 1881 4675 1952 4715; x_wconf 89' lang='lat' dir='ltr'>ac</span> <span class='ocrx_word' id='word_1_311' title='bbox 1996 4664 2237 4731; x_wconf 88' lang='lat' dir='ltr'><strong>torpore</strong></span> 
     </span>
    </p>
   </div>
   <div class='ocr_carea' id='block_1_47' title="bbox 581 4747 2237 4822">
    <p class='ocr_par' dir='ltr' id='par_1_47' title="bbox 581 4747 2237 4822">
     <span class='ocr_line' id='line_1_47' title="bbox 581 4747 2237 4822; baseline -0.008 -8"><span class='ocrx_word' id='word_1_312' title='bbox 581 4757 844 4814; x_wconf 89' lang='lat' dir='ltr'><strong>vinctam</strong></span> <span class='ocrx_word' id='word_1_313' title='bbox 875 4773 888 4810; x_wconf 86' lang='lat'><strong>:</strong></span> <span class='ocrx_word' id='word_1_314' title='bbox 924 4759 981 4810; x_wconf 90' lang='lat' dir='ltr'>et</span> <span class='ocrx_word' id='word_1_315' title='bbox 999 4753 1198 4809; x_wconf 87' lang='lat' dir='ltr'><strong>adhuc</strong></span> <span class='ocrx_word' id='word_1_316' title='bbox 1228 4766 1415 4822; x_wconf 91' lang='lat' dir='ltr'><strong>quam</strong></span> <span class='ocrx_word' id='word_1_317' title='bbox 1446 4747 2237 4805; x_wconf 78' lang='lat' dir='ltr'><strong>maximotimorelaborau-</strong></span> 
     </span>
    </p>
   </div>
   <div class='ocr_carea' id='block_1_48' title="bbox 581 4835 2237 4908">
    <p class='ocr_par' dir='ltr' id='par_1_48' title="bbox 581 4835 2237 4908">
     <span class='ocr_line' id='line_1_48' title="bbox 581 4835 2237 4908; baseline -0.008 -4"><span class='ocrx_word' id='word_1_318' title='bbox 581 4850 700 4904; x_wconf 88' lang='lat' dir='ltr'>tem</span> <span class='ocrx_word' id='word_1_319' title='bbox 728 4843 998 4902; x_wconf 90' lang='lat' dir='ltr'><strong>animam</strong></span> <span class='ocrx_word' id='word_1_320' title='bbox 1031 4847 1088 4898; x_wconf 90' lang='lat' dir='ltr'>et</span> <span class='ocrx_word' id='word_1_321' title='bbox 1117 4838 1289 4896; x_wconf 88' lang='lat' dir='ltr'><strong>valde</strong></span> <span class='ocrx_word' id='word_1_322' title='bbox 1322 4837 1648 4904; x_wconf 88' lang='lat' dir='ltr'><strong>turbatam,</strong></span> <span class='ocrx_word' id='word_1_323' title='bbox 1683 4837 1812 4908; x_wconf 92' lang='lat' dir='ltr'><strong>jam</strong></span> <span class='ocrx_word' id='word_1_324' title='bbox 1859 4852 1924 4893; x_wconf 90' lang='lat' dir='ltr'>se</span> <span class='ocrx_word' id='word_1_325' title='bbox 1985 4835 2237 4893; x_wconf 89' lang='lat' dir='ltr'><strong>dissolvi</strong></span> 
     </span>
    </p>
   </div>
   <div class='ocr_carea' id='block_1_49' title="bbox 582 4926 2235 4998">
    <p class='ocr_par' dir='ltr' id='par_1_49' title="bbox 582 4926 2235 4998">
     <span class='ocr_line' id='line_1_49' title="bbox 582 4926 2235 4998; baseline -0.006 -7"><span class='ocrx_word' id='word_1_326' title='bbox 582 4935 952 4998; x_wconf 88' lang='lat' dir='ltr'><strong>sentientem,</strong></span> <span class='ocrx_word' id='word_1_327' title='bbox 983 4935 1044 4987; x_wconf 88' lang='lat' dir='ltr'>et</span> <span class='ocrx_word' id='word_1_328' title='bbox 1069 4946 1105 4986; x_wconf 92' lang='lat' dir='ltr'>a</span> <span class='ocrx_word' id='word_1_329' title='bbox 1133 4927 1412 4985; x_wconf 90' lang='lat' dir='ltr'><strong>sensibus</strong></span> <span class='ocrx_word' id='word_1_330' title='bbox 1458 4926 1839 4983; x_wconf 88' lang='lat' dir='ltr'><strong>recedentem</strong></span> <span class='ocrx_word' id='word_1_331' title='bbox 1881 4939 2235 4997; x_wconf 88' lang='lat' dir='ltr'><strong>organaque</strong></span> 
     </span>
    </p>
   </div>
   <div class='ocr_carea' id='block_1_50' title="bbox 579 5015 2234 5094">
    <p class='ocr_par' dir='ltr' id='par_1_50' title="bbox 579 5015 2234 5094">
     <span class='ocr_line' id='line_1_50' title="bbox 579 5015 2234 5094; baseline -0.007 -13"><span class='ocrx_word' id='word_1_332' title='bbox 579 5023 1037 5094; x_wconf 89' lang='lat' dir='ltr'><strong>relinquentem,</strong></span> <span class='ocrx_word' id='word_1_333' title='bbox 1061 5019 1162 5075; x_wconf 87' lang='lat' dir='ltr'>vix</span> <span class='ocrx_word' id='word_1_334' title='bbox 1181 5033 1328 5073; x_wconf 93' lang='lat' dir='ltr'><strong>voce</strong></span> <span class='ocrx_word' id='word_1_335' title='bbox 1340 5017 1733 5089; x_wconf 89' lang='lat' dir='ltr'><strong>respirantem</strong></span> <span class='ocrx_word' id='word_1_336' title='bbox 1760 5032 1830 5072; x_wconf 91' lang='lat' dir='ltr'>ac</span> <span class='ocrx_word' id='word_1_337' title='bbox 1864 5015 2234 5088; x_wconf 90' lang='lat' dir='ltr'><strong>loquentem,</strong></span> 
     </span>
    </p>
   </div>
   <div class='ocr_carea' id='block_1_51' title="bbox 581 5105 2234 5179">
    <p class='ocr_par' dir='ltr' id='par_1_51' title="bbox 581 5105 2234 5179">
     <span class='ocr_line' id='line_1_51' title="bbox 581 5105 2234 5179; baseline -0.007 -8"><span class='ocrx_word' id='word_1_338' title='bbox 581 5119 638 5171; x_wconf 91' lang='lat' dir='ltr'>et</span> <span class='ocrx_word' id='word_1_339' title='bbox 668 5114 716 5168; x_wconf 91' lang='lat' dir='ltr'>si</span> <span class='ocrx_word' id='word_1_340' title='bbox 759 5110 960 5166; x_wconf 90' lang='lat' dir='ltr'><strong>minus</strong></span> <span class='ocrx_word' id='word_1_341' title='bbox 980 5109 1236 5166; x_wconf 91' lang='lat' dir='ltr'><strong>obscure</strong></span> <span class='ocrx_word' id='word_1_342' title='bbox 1249 5107 1663 5179; x_wconf 88' lang='lat' dir='ltr'><strong>etinterruptis</strong></span> <span class='ocrx_word' id='word_1_343' title='bbox 1685 5105 1908 5176; x_wconf 88' lang='lat' dir='ltr'><strong>verbis,</strong></span> <span class='ocrx_word' id='word_1_344' title='bbox 1937 5105 2046 5162; x_wconf 90' lang='lat' dir='ltr'>sed</span> <span class='ocrx_word' id='word_1_345' title='bbox 2067 5119 2234 5178; x_wconf 86' lang='lat' dir='ltr'><strong>pror-</strong></span> 
     </span>
    </p>
   </div>
   <div class='ocr_carea' id='block_1_52' title="bbox 582 5195 2230 5268">
    <p class='ocr_par' dir='ltr' id='par_1_52' title="bbox 582 5195 2230 5268">
     <span class='ocr_line' id='line_1_52' title="bbox 582 5195 2230 5268; baseline -0.006 -9"><span class='ocrx_word' id='word_1_346' title='bbox 582 5219 686 5259; x_wconf 90' lang='lat' dir='ltr'>sus</span> <span class='ocrx_word' id='word_1_347' title='bbox 716 5200 962 5257; x_wconf 89' lang='lat' dir='ltr'><strong>invitam</strong></span> <span class='ocrx_word' id='word_1_348' title='bbox 991 5203 1356 5256; x_wconf 90' lang='lat' dir='ltr'><strong>etcoactam.</strong></span> <span class='ocrx_word' id='word_1_349' title='bbox 1389 5199 1522 5252; x_wconf 68' lang='lat' dir='ltr'><strong>Haec</strong></span> <span class='ocrx_word' id='word_1_350' title='bbox 1543 5199 1744 5268; x_wconf 90' lang='lat' dir='ltr'><strong>itaque</strong></span> <span class='ocrx_word' id='word_1_351' title='bbox 1777 5195 2189 5252; x_wconf 91' lang='lat' dir='ltr'><strong>animadverte</strong></span> <span class='ocrx_word' id='word_1_352' title='bbox 2217 5211 2230 5250; x_wconf 93' lang='lat'>:</span> 
     </span>
    </p>
   </div>
   <div class='ocr_carea' id='block_1_53' title="bbox 582 5284 2234 5356">
    <p class='ocr_par' dir='ltr' id='par_1_53' title="bbox 582 5284 2234 5356">
     <span class='ocr_line' id='line_1_53' title="bbox 582 5284 2234 5356; baseline -0.005 -9"><span class='ocrx_word' id='word_1_353' title='bbox 582 5296 639 5348; x_wconf 90' lang='lat' dir='ltr'>et</span> <span class='ocrx_word' id='word_1_354' title='bbox 662 5290 777 5347; x_wconf 90' lang='lat' dir='ltr'><strong>nisi</strong></span> <span class='ocrx_word' id='word_1_355' title='bbox 796 5289 942 5345; x_wconf 89' lang='lat' dir='ltr'><strong>velis</strong></span> <span class='ocrx_word' id='word_1_356' title='bbox 961 5289 1206 5344; x_wconf 89' lang='lat' dir='ltr'><strong>veritate</strong></span> <span class='ocrx_word' id='word_1_357' title='bbox 1255 5285 1506 5356; x_wconf 75' lang='lat' dir='ltr'><strong>offendi,</strong></span> <span class='ocrx_word' id='word_1_358' title='bbox 1565 5285 1688 5340; x_wconf 88' lang='lat' dir='ltr'>vim</span> <span class='ocrx_word' id='word_1_359' title='bbox 1733 5285 1924 5340; x_wconf 92' lang='lat' dir='ltr'><strong>tribue</strong></span> <span class='ocrx_word' id='word_1_360' title='bbox 1980 5284 2050 5340; x_wconf 91' lang='lat' dir='ltr'>iis</span> <span class='ocrx_word' id='word_1_361' title='bbox 2099 5300 2234 5356; x_wconf 83' lang='lat' dir='ltr'><strong>quae</strong></span> 
     </span>
    </p>
   </div>
   <div class='ocr_carea' id='block_1_54' title="bbox 581 5371 2233 5445">
    <p class='ocr_par' dir='ltr' id='par_1_54' title="bbox 581 5371 2233 5445">
     <span class='ocr_line' id='line_1_54' title="bbox 581 5371 2233 5445; baseline -0.005 -9"><span class='ocrx_word' id='word_1_362' title='bbox 581 5378 896 5437; x_wconf 89' lang='lat' dir='ltr'><strong>manifeste</strong></span> <span class='ocrx_word' id='word_1_363' title='bbox 916 5393 988 5433; x_wconf 91' lang='lat' dir='ltr'>ex</span> <span class='ocrx_word' id='word_1_364' title='bbox 1007 5377 1242 5434; x_wconf 90' lang='lat' dir='ltr'><strong>entibus</strong></span> <span class='ocrx_word' id='word_1_365' title='bbox 1255 5390 1460 5430; x_wconf 88' lang='lat' dir='ltr'><strong>revera</strong></span> <span class='ocrx_word' id='word_1_366' title='bbox 1483 5377 1540 5430; x_wconf 89' lang='lat' dir='ltr'>et</span> <span class='ocrx_word' id='word_1_367' title='bbox 1584 5373 2019 5445; x_wconf 89' lang='lat' dir='ltr'><strong>apparentibus</strong></span> <span class='ocrx_word' id='word_1_368' title='bbox 2042 5371 2233 5429; x_wconf 89' lang='lat' dir='ltr'><strong>stabi-</strong></span> 
     </span>
    </p>
   </div>
   <div class='ocr_carea' id='block_1_55' title="bbox 584 5459 2232 5537">
    <p class='ocr_par' dir='ltr' id='par_1_55' title="bbox 584 5459 2232 5537">
     <span class='ocr_line' id='line_1_55' title="bbox 584 5459 2232 5537; baseline -0.006 -9"><span class='ocrx_word' id='word_1_369' title='bbox 584 5471 804 5528; x_wconf 87' lang='lat' dir='ltr'><strong>liuntur</strong></span> <span class='ocrx_word' id='word_1_370' title='bbox 839 5487 854 5537; x_wconf 90' lang='lat'><strong>;</strong></span> <span class='ocrx_word' id='word_1_371' title='bbox 885 5470 1268 5537; x_wconf 88' lang='lat' dir='ltr'><strong>etomnes,tu</strong></span> <span class='ocrx_word' id='word_1_372' title='bbox 1285 5481 1428 5522; x_wconf 92' lang='lat' dir='ltr'><strong>sane</strong></span> <span class='ocrx_word' id='word_1_373' title='bbox 1456 5463 1762 5535; x_wconf 88' lang='lat' dir='ltr'><strong>legislator</strong></span> <span class='ocrx_word' id='word_1_374' title='bbox 1790 5467 1847 5520; x_wconf 90' lang='lat' dir='ltr'>et</span> <span class='ocrx_word' id='word_1_375' title='bbox 1863 5468 2024 5521; x_wconf 91' lang='lat' dir='ltr'><strong>recto</strong></span> <span class='ocrx_word' id='word_1_376' title='bbox 2057 5459 2232 5521; x_wconf 83' lang='lat' dir='ltr'><strong>utens</strong></span> 
     </span>
    </p>
   </div>
   <div class='ocr_carea' id='block_1_56' title="bbox 1907 342 2609 403">
    <p class='ocr_par' dir='ltr' id='par_1_56' title="bbox 1907 342 2609 403">
     <span class='ocr_line' id='line_1_56' title="bbox 1907 342 2609 403; baseline -0.007 0"><span class='ocrx_word' id='word_1_377' title='bbox 1907 342 2284 403; x_wconf 77' lang='lat' dir='ltr'>NICEPHORI</span> <span class='ocrx_word' id='word_1_378' title='bbox 2322 342 2609 401; x_wconf 79' lang='lat' dir='ltr'>CHUMNI.</span> 
     </span>
    </p>
   </div>
   <div class='ocr_carea' id='block_1_57' title="bbox 3800 355 3928 416">
    <p class='ocr_par' dir='ltr' id='par_1_57' title="bbox 3800 355 3928 416">
     <span class='ocr_line' id='line_1_57' title="bbox 3800 355 3928 416; baseline 0.031 -4"><span class='ocrx_word' id='word_1_379' title='bbox 3800 355 3928 416; x_wconf 77' lang='grc'>1472</span> 
     </span>
    </p>
   </div>
   <div class='ocr_carea' id='block_1_58' title="bbox 2270 467 3932 552">
    <p class='ocr_par' dir='ltr' id='par_1_58' title="bbox 2270 467 3932 552">
     <span class='ocr_line' id='line_1_58' title="bbox 2270 467 3932 552; baseline 0.009 -33"><span class='ocrx_word' id='word_1_380' title='bbox 2270 467 2475 524; x_wconf 77' lang='grc' dir='ltr'>Αλύων</span> <span class='ocrx_word' id='word_1_381' title='bbox 2542 468 2626 522; x_wconf 80' lang='grc' dir='ltr'>έπί</span> <span class='ocrx_word' id='word_1_382' title='bbox 2673 469 2846 532; x_wconf 80' lang='grc' dir='ltr'>κλίνης</span> <span class='ocrx_word' id='word_1_383' title='bbox 2903 471 3030 540; x_wconf 81' lang='grc' dir='ltr'>εἰπί,</span> <span class='ocrx_word' id='word_1_384' title='bbox 3093 469 3232 546; x_wconf 81' lang='grc' dir='ltr'>μηδὶ</span> <span class='ocrx_word' id='word_1_385' title='bbox 3291 476 3403 549; x_wconf 82' lang='grc' dir='ltr'>περί</span> <span class='ocrx_word' id='word_1_386' title='bbox 3453 476 3610 545; x_wconf 80' lang='grc' dir='ltr'>ζωῆς,</span> <span class='ocrx_word' id='word_1_387' title='bbox 3665 481 3736 550; x_wconf 82' lang='grc' dir='ltr'>μὴ</span> <span class='ocrx_word' id='word_1_388' title='bbox 3791 483 3932 552; x_wconf 88' lang='grc' dir='ltr'>μόνον</span> 
     </span>
    </p>
   </div>
   <div class='ocr_carea' id='block_1_59' title="bbox 2345 557 3928 637">
    <p class='ocr_par' dir='ltr' id='par_1_59' title="bbox 2345 557 3928 637">
     <span class='ocr_line' id='line_1_59' title="bbox 2345 557 3928 637; baseline 0.008 -26"><span class='ocrx_word' id='word_1_389' title='bbox 2345 557 2681 631; x_wconf 82' lang='grc' dir='ltr'>ἀμφίϐολοςή</span> <span class='ocrx_word' id='word_1_390' title='bbox 2744 560 2922 637; x_wconf 69' lang='grc' dir='ltr'>αὔριον</span> <span class='ocrx_word' id='word_1_391' title='bbox 2978 561 3022 615; x_wconf 85' lang='grc' dir='ltr'>εἰ</span> <span class='ocrx_word' id='word_1_392' title='bbox 3064 565 3260 624; x_wconf 79' lang='grc' dir='ltr'>ταύτης</span> <span class='ocrx_word' id='word_1_393' title='bbox 3317 566 3483 631; x_wconf 78' lang='grc' dir='ltr'>ἔσται,</span> <span class='ocrx_word' id='word_1_394' title='bbox 3538 563 3647 617; x_wconf 81' lang='grc' dir='ltr'>ἀλλ’</span> <span class='ocrx_word' id='word_1_395' title='bbox 3699 564 3804 628; x_wconf 76' lang='grc' dir='ltr'>ἤδη</span> <span class='ocrx_word' id='word_1_396' title='bbox 3849 591 3928 624; x_wconf 85' lang='grc' dir='ltr'>και</span> 
     </span>
    </p>
   </div>
   <div class='ocr_carea' id='block_1_60' title="bbox 2342 649 3930 733">
    <p class='ocr_par' dir='ltr' id='par_1_60' title="bbox 2342 649 3930 733">
     <span class='ocr_line' id='line_1_60' title="bbox 2342 649 3930 733; baseline 0.008 -31"><span class='ocrx_word' id='word_1_397' title='bbox 2342 668 2462 724; x_wconf 90' lang='grc' dir='ltr'>περι</span> <span class='ocrx_word' id='word_1_398' title='bbox 2513 658 2608 710; x_wconf 84' lang='grc' dir='ltr'>τῆς</span> <span class='ocrx_word' id='word_1_399' title='bbox 2657 655 2902 724; x_wconf 75' lang='grc' dir='ltr'>σήμερον,</span> <span class='ocrx_word' id='word_1_400' title='bbox 2961 651 3130 725; x_wconf 86' lang='grc' dir='ltr'>ἰατροί</span> <span class='ocrx_word' id='word_1_401' title='bbox 3183 649 3519 727; x_wconf 73' lang='grc' dir='ltr'>διαφέρονται</span> <span class='ocrx_word' id='word_1_402' title='bbox 3565 675 3654 707; x_wconf 87' lang='grc' dir='ltr'>και</span> <span class='ocrx_word' id='word_1_403' title='bbox 3712 657 3930 733; x_wconf 80' lang='grc' dir='ltr'>ζυγομα-</span> 
     </span>
    </p>
   </div>
   <div class='ocr_carea' id='block_1_61' title="bbox 2342 735 3929 818">
    <p class='ocr_par' dir='ltr' id='par_1_61' title="bbox 2342 735 3929 818">
     <span class='ocr_line' id='line_1_61' title="bbox 2342 735 3929 818; baseline 0.009 -29"><span class='ocrx_word' id='word_1_404' title='bbox 2342 745 2557 810; x_wconf 87' lang='grc' dir='ltr'>χοῦσιν,</span> <span class='ocrx_word' id='word_1_405' title='bbox 2612 735 2668 792; x_wconf 80' lang='grc' dir='ltr'>οἵ</span> <span class='ocrx_word' id='word_1_406' title='bbox 2717 742 2806 812; x_wconf 69' lang='grc' dir='ltr'>μὲν</span> <span class='ocrx_word' id='word_1_407' title='bbox 2875 737 2942 799; x_wconf 78' lang='grc' dir='ltr'>δὴ</span> <span class='ocrx_word' id='word_1_408' title='bbox 2993 761 3083 794; x_wconf 87' lang='grc' dir='ltr'>και</span> <span class='ocrx_word' id='word_1_409' title='bbox 3144 745 3270 814; x_wconf 88' lang='grc' dir='ltr'>πρὸς</span> <span class='ocrx_word' id='word_1_410' title='bbox 3334 742 3552 818; x_wconf 82' lang='grc' dir='ltr'>ἑσπέραν</span> <span class='ocrx_word' id='word_1_411' title='bbox 3635 744 3772 808; x_wconf 78' lang='grc' dir='ltr'>ἣξειν</span> <span class='ocrx_word' id='word_1_412' title='bbox 3848 771 3929 803; x_wconf 87' lang='grc' dir='ltr'>και</span> 
     </span>
    </p>
   </div>
   <div class='ocr_carea' id='block_1_62' title="bbox 2346 827 3927 914">
    <p class='ocr_par' dir='ltr' id='par_1_62' title="bbox 2346 827 3927 914">
     <span class='ocr_line' id='line_1_62' title="bbox 2346 827 3927 914; baseline 0.009 -34"><span class='ocrx_word' id='word_1_413' title='bbox 2346 827 2579 902; x_wconf 76' lang='grc' dir='ltr'>ἀρκέσειν</span> <span class='ocrx_word' id='word_1_414' title='bbox 2623 831 2713 892; x_wconf 83' lang='grc' dir='ltr'>τὰς</span> <span class='ocrx_word' id='word_1_415' title='bbox 2765 829 3022 894; x_wconf 77' lang='grc' dir='ltr'>ἀναπνοὰς</span> <span class='ocrx_word' id='word_1_416' title='bbox 3071 831 3489 906; x_wconf 74' lang='grc' dir='ltr'>φιλονεικοῦντες,</span> <span class='ocrx_word' id='word_1_417' title='bbox 3563 837 3613 887; x_wconf 80' lang='grc' dir='ltr'>οἱ</span> <span class='ocrx_word' id='word_1_418' title='bbox 3683 834 3742 890; x_wconf 64' lang='grc' dir='ltr'>δὲ</span> <span class='ocrx_word' id='word_1_419' title='bbox 3818 847 3927 914; x_wconf 79' lang='grc' dir='ltr'>περί</span> 
     </span>
    </p>
   </div>
   <div class='ocr_carea' id='block_1_63' title="bbox 2345 917 3926 996">
    <p class='ocr_par' dir='ltr' id='par_1_63' title="bbox 2345 917 3926 996">
     <span class='ocr_line' id='line_1_63' title="bbox 2345 917 3926 996; baseline 0.005 -26"><span class='ocrx_word' id='word_1_420' title='bbox 2345 920 2498 976; x_wconf 80' lang='grc' dir='ltr'>ἕκτην</span> <span class='ocrx_word' id='word_1_421' title='bbox 2555 919 2585 978; x_wconf 75' lang='grc' dir='ltr'>ᾖ</span> <span class='ocrx_word' id='word_1_422' title='bbox 2642 917 2874 991; x_wconf 77' lang='grc' dir='ltr'>ἐννάτην,</span> <span class='ocrx_word' id='word_1_423' title='bbox 2918 921 2947 981; x_wconf 78' lang='grc' dir='ltr'><strong>ἣ</strong></span> <span class='ocrx_word' id='word_1_424' title='bbox 3005 922 3187 981; x_wconf 82' lang='grc' dir='ltr'>ἦντινα</span> <span class='ocrx_word' id='word_1_425' title='bbox 3234 921 3286 974; x_wconf 75' lang='grc' dir='ltr'>ἐκ</span> <span class='ocrx_word' id='word_1_426' title='bbox 3349 931 3444 986; x_wconf 74' lang='grc' dir='ltr'>τῆς</span> <span class='ocrx_word' id='word_1_427' title='bbox 3491 927 3680 996; x_wconf 82' lang='grc' dir='ltr'>τέχνης</span> <span class='ocrx_word' id='word_1_428' title='bbox 3746 927 3774 986; x_wconf 72' lang='grc' dir='ltr'><em>ἦ</em></span> <span class='ocrx_word' id='word_1_429' title='bbox 3841 938 3926 992; x_wconf 80' lang='grc' dir='ltr'>τῆς</span> 
     </span>
    </p>
   </div>
   <div class='ocr_carea' id='block_1_64' title="bbox 2346 1005 3925 1090">
    <p class='ocr_par' dir='ltr' id='par_1_64' title="bbox 2346 1005 3925 1090">
     <span class='ocr_line' id='line_1_64' title="bbox 2346 1005 3925 1090; baseline 0.008 -32"><span class='ocrx_word' id='word_1_430' title='bbox 2346 1005 2574 1080; x_wconf 78' lang='grc' dir='ltr'>ἀμαθίας</span> <span class='ocrx_word' id='word_1_431' title='bbox 2595 1013 3017 1077; x_wconf 81' lang='grc' dir='ltr'>κάτεσκόπησαν,</span> <span class='ocrx_word' id='word_1_432' title='bbox 3082 1011 3218 1087; x_wconf 87' lang='grc' dir='ltr'>ὣραν</span> <span class='ocrx_word' id='word_1_433' title='bbox 3267 1011 3489 1073; x_wconf 86' lang='grc' dir='ltr'>λυθῆναί</span> <span class='ocrx_word' id='word_1_434' title='bbox 3540 1035 3669 1087; x_wconf 79' lang='grc' dir='ltr'>φασι</span> <span class='ocrx_word' id='word_1_435' title='bbox 3715 1022 3804 1076; x_wconf 78' lang='grc' dir='ltr'>την</span> <span class='ocrx_word' id='word_1_436' title='bbox 3836 1019 3925 1090; x_wconf 53' lang='lat' dir='ltr'><strong>tu.</strong></span> 
     </span>
    </p>
   </div>
   <div class='ocr_carea' id='block_1_65' title="bbox 2345 1098 3921 1176">
    <p class='ocr_par' dir='ltr' id='par_1_65' title="bbox 2345 1098 3921 1176">
     <span class='ocr_line' id='line_1_65' title="bbox 2345 1098 3921 1176; baseline 0.009 -28"><span class='ocrx_word' id='word_1_437' title='bbox 2345 1101 2453 1168; x_wconf 82' lang='grc' dir='ltr'>χὴν</span> <span class='ocrx_word' id='word_1_438' title='bbox 2495 1105 2588 1150; x_wconf 90' lang='grc' dir='ltr'>τοῦ</span> <span class='ocrx_word' id='word_1_439' title='bbox 2665 1105 2908 1172; x_wconf 86' lang='grc' dir='ltr'>σώματος</span> <span class='ocrx_word' id='word_1_440' title='bbox 2955 1098 3353 1176; x_wconf 82' lang='grc' dir='ltr'>ἀποῤῥογεῖσαν,</span> <span class='ocrx_word' id='word_1_441' title='bbox 3412 1107 3646 1174; x_wconf 71' lang='grc' dir='ltr'>γνωστὸν</span> <span class='ocrx_word' id='word_1_442' title='bbox 3700 1103 3748 1158; x_wconf 70' lang='grc' dir='ltr'>δ’</span> <span class='ocrx_word' id='word_1_443' title='bbox 3791 1105 3921 1162; x_wconf 70' lang='grc' dir='ltr'>οὐδὲν</span> 
     </span>
    </p>
   </div>
   <div class='ocr_carea' id='block_1_66' title="bbox 2345 1187 3914 1268">
    <p class='ocr_par' dir='ltr' id='par_1_66' title="bbox 2345 1187 3914 1268">
     <span class='ocr_line' id='line_1_66' title="bbox 2345 1187 3914 1268; baseline 0.008 -31"><span class='ocrx_word' id='word_1_444' title='bbox 2345 1189 2430 1238; x_wconf 82' lang='grc' dir='ltr'>ἐπί</span> <span class='ocrx_word' id='word_1_445' title='bbox 2460 1194 2552 1238; x_wconf 93' lang='grc' dir='ltr'>τοῦ</span> <span class='ocrx_word' id='word_1_446' title='bbox 2609 1191 2750 1250; x_wconf 82' lang='grc' dir='ltr'>ὄντος</span> <span class='ocrx_word' id='word_1_447' title='bbox 2797 1187 2923 1243; x_wconf 72' lang='grc' dir='ltr'>οὐδε</span> <span class='ocrx_word' id='word_1_448' title='bbox 2978 1187 3137 1249; x_wconf 80' lang='grc' dir='ltr'>δῆλον</span> <span class='ocrx_word' id='word_1_449' title='bbox 3181 1192 3289 1244; x_wconf 76' lang='grc' dir='ltr'>οὔτ’</span> <span class='ocrx_word' id='word_1_450' title='bbox 3345 1192 3518 1254; x_wconf 78' lang='grc' dir='ltr'>αὐτοῖς</span> <span class='ocrx_word' id='word_1_451' title='bbox 3575 1201 3688 1256; x_wconf 86' lang='grc' dir='ltr'>τοῖς</span> <span class='ocrx_word' id='word_1_452' title='bbox 3737 1196 3914 1268; x_wconf 81' lang='grc' dir='ltr'>λέγουσι</span> 
     </span>
    </p>
   </div>
   <div class='ocr_carea' id='block_1_67' title="bbox 2345 1274 3912 1359">
    <p class='ocr_par' dir='ltr' id='par_1_67' title="bbox 2345 1274 3912 1359">
     <span class='ocr_line' id='line_1_67' title="bbox 2345 1274 3912 1359; baseline 0.008 -33"><span class='ocrx_word' id='word_1_453' title='bbox 2345 1293 2435 1327; x_wconf 89' lang='grc' dir='ltr'>και</span> <span class='ocrx_word' id='word_1_454' title='bbox 2479 1274 2592 1328; x_wconf 89' lang='grc' dir='ltr'>λίαν</span> <span class='ocrx_word' id='word_1_455' title='bbox 2659 1277 3102 1352; x_wconf 83' lang='grc' dir='ltr'>ἰσχυριζομένοις,</span> <span class='ocrx_word' id='word_1_456' title='bbox 3168 1280 3277 1334; x_wconf 73' lang='grc' dir='ltr'>οὔτ’</span> <span class='ocrx_word' id='word_1_457' title='bbox 3336 1281 3403 1334; x_wconf 80' lang='grc' dir='ltr'>αὖ</span> <span class='ocrx_word' id='word_1_458' title='bbox 3479 1289 3588 1343; x_wconf 87' lang='grc' dir='ltr'>τοῖς</span> <span class='ocrx_word' id='word_1_459' title='bbox 3659 1287 3912 1359; x_wconf 82' lang='grc' dir='ltr'>πυθανομέ-</span> 
     </span>
    </p>
   </div>
   <div class='ocr_carea' id='block_1_68' title="bbox 2343 1363 3920 1449">
    <p class='ocr_par' dir='ltr' id='par_1_68' title="bbox 2343 1363 3920 1449">
     <span class='ocr_line' id='line_1_68' title="bbox 2343 1363 3920 1449; baseline 0.008 -34"><span class='ocrx_word' id='word_1_460' title='bbox 2343 1383 2465 1425; x_wconf 89' lang='grc' dir='ltr'>νοις·</span> <span class='ocrx_word' id='word_1_461' title='bbox 2528 1363 2636 1418; x_wconf 89' lang='grc' dir='ltr'>ἀλλ’</span> <span class='ocrx_word' id='word_1_462' title='bbox 2680 1366 2873 1420; x_wconf 86' lang='grc' dir='ltr'>εύεκτεῖ</span> <span class='ocrx_word' id='word_1_463' title='bbox 2917 1371 3007 1441; x_wconf 64' lang='grc' dir='ltr'>μὲν</span> <span class='ocrx_word' id='word_1_464' title='bbox 3058 1368 3170 1421; x_wconf 90' lang='grc' dir='ltr'>ὅλον</span> <span class='ocrx_word' id='word_1_465' title='bbox 3218 1373 3278 1422; x_wconf 88' lang='grc' dir='ltr'>τό</span> <span class='ocrx_word' id='word_1_466' title='bbox 3330 1378 3503 1444; x_wconf 84' lang='grc' dir='ltr'>σῶμα,</span> <span class='ocrx_word' id='word_1_467' title='bbox 3562 1375 3738 1449; x_wconf 87' lang='grc' dir='ltr'>κύριοι</span> <span class='ocrx_word' id='word_1_468' title='bbox 3778 1371 3820 1428; x_wconf 83' lang='grc' dir='ltr'>δ’</span> <span class='ocrx_word' id='word_1_469' title='bbox 3879 1378 3920 1427; x_wconf 90' lang='grc' dir='ltr'>οἱ</span> 
     </span>
    </p>
   </div>
   <div class='ocr_carea' id='block_1_69' title="bbox 2343 1451 3924 1537">
    <p class='ocr_par' dir='ltr' id='par_1_69' title="bbox 2343 1451 3924 1537">
     <span class='ocr_line' id='line_1_69' title="bbox 2343 1451 3924 1537; baseline 0.008 -32"><span class='ocrx_word' id='word_1_470' title='bbox 2343 1451 2588 1527; x_wconf 88' lang='grc' dir='ltr'>λογισμοί</span> <span class='ocrx_word' id='word_1_471' title='bbox 2637 1453 2768 1530; x_wconf 84' lang='grc' dir='ltr'>δρᾷν</span> <span class='ocrx_word' id='word_1_472' title='bbox 2808 1460 2868 1510; x_wconf 88' lang='grc' dir='ltr'>τό</span> <span class='ocrx_word' id='word_1_473' title='bbox 2917 1457 3112 1511; x_wconf 83' lang='grc' dir='ltr'>ἑαυτῶν</span> <span class='ocrx_word' id='word_1_474' title='bbox 3161 1479 3250 1512; x_wconf 90' lang='grc' dir='ltr'>και</span> <span class='ocrx_word' id='word_1_475' title='bbox 3302 1459 3468 1534; x_wconf 83' lang='grc' dir='ltr'>ὀρθῶς</span> <span class='ocrx_word' id='word_1_476' title='bbox 3531 1467 3746 1537; x_wconf 84' lang='grc' dir='ltr'>κρίνειν·</span> <span class='ocrx_word' id='word_1_477' title='bbox 3829 1471 3924 1531; x_wconf 86' lang='grc' dir='ltr'>νῦν,</span> 
     </span>
    </p>
   </div>
   <div class='ocr_carea' id='block_1_70' title="bbox 2345 1543 3930 1622">
    <p class='ocr_par' dir='ltr' id='par_1_70' title="bbox 2345 1543 3930 1622">
     <span class='ocr_line' id='line_1_70' title="bbox 2345 1543 3930 1622; baseline 0.007 -27"><span class='ocrx_word' id='word_1_478' title='bbox 2345 1544 2426 1596; x_wconf 87' lang='grc' dir='ltr'>ὅτε</span> <span class='ocrx_word' id='word_1_479' title='bbox 2473 1550 2660 1612; x_wconf 88' lang='grc' dir='ltr'>ταῦτα,</span> <span class='ocrx_word' id='word_1_480' title='bbox 2712 1543 2941 1618; x_wconf 84' lang='grc' dir='ltr'>μηδενὸς</span> <span class='ocrx_word' id='word_1_481' title='bbox 2993 1551 3137 1610; x_wconf 82' lang='grc' dir='ltr'>ὄντος</span> <span class='ocrx_word' id='word_1_482' title='bbox 3184 1555 3276 1600; x_wconf 92' lang='grc' dir='ltr'>τοῦ</span> <span class='ocrx_word' id='word_1_483' title='bbox 3329 1552 3672 1622; x_wconf 80' lang='grc' dir='ltr'>ταράττοντος</span> <span class='ocrx_word' id='word_1_484' title='bbox 3719 1572 3804 1605; x_wconf 88' lang='grc' dir='ltr'>και</span> <span class='ocrx_word' id='word_1_485' title='bbox 3856 1556 3930 1606; x_wconf 89' lang='grc' dir='ltr'>θο-</span> 
     </span>
    </p>
   </div>
   <div class='ocr_carea' id='block_1_71' title="bbox 2343 1630 3932 1711">
    <p class='ocr_par' dir='ltr' id='par_1_71' title="bbox 2343 1630 3932 1711">
     <span class='ocr_line' id='line_1_71' title="bbox 2343 1630 3932 1711; baseline 0.006 -28"><span class='ocrx_word' id='word_1_486' title='bbox 2343 1631 2639 1707; x_wconf 87' lang='grc' dir='ltr'>ρυϐοῦντος,</span> <span class='ocrx_word' id='word_1_487' title='bbox 2674 1630 2782 1688; x_wconf 88' lang='grc' dir='ltr'>δεῖν</span> <span class='ocrx_word' id='word_1_488' title='bbox 2806 1637 2958 1706; x_wconf 80' lang='grc' dir='ltr'>ἔγνων</span> <span class='ocrx_word' id='word_1_489' title='bbox 2999 1635 3356 1710; x_wconf 78' lang='grc' dir='ltr'>ἀπειργάσθαι</span> <span class='ocrx_word' id='word_1_490' title='bbox 3399 1659 3490 1711; x_wconf 77' lang='grc' dir='ltr'>μοι</span> <span class='ocrx_word' id='word_1_491' title='bbox 3541 1644 3637 1699; x_wconf 88' lang='grc' dir='ltr'>τὴν</span> <span class='ocrx_word' id='word_1_492' title='bbox 3699 1639 3932 1700; x_wconf 78' lang='grc' dir='ltr'>διαθήκην</span> 
     </span>
    </p>
   </div>
   <div class='ocr_carea' id='block_1_72' title="bbox 2344 1719 3933 1804">
    <p class='ocr_par' dir='ltr' id='par_1_72' title="bbox 2344 1719 3933 1804">
     <span class='ocr_line' id='line_1_72' title="bbox 2344 1719 3933 1804; baseline 0.008 -32"><span class='ocrx_word' id='word_1_493' title='bbox 2344 1722 2459 1793; x_wconf 86' lang='grc' dir='ltr'>(και</span> <span class='ocrx_word' id='word_1_494' title='bbox 2516 1719 2911 1796; x_wconf 81' lang='grc' dir='ltr'>ἀπείργασται),</span> <span class='ocrx_word' id='word_1_495' title='bbox 2987 1721 3154 1798; x_wconf 72' lang='grc' dir='ltr'>μηδεν</span> <span class='ocrx_word' id='word_1_496' title='bbox 3195 1724 3372 1799; x_wconf 83' lang='grc' dir='ltr'>βίαιον</span> <span class='ocrx_word' id='word_1_497' title='bbox 3438 1735 3502 1800; x_wconf 74' lang='grc' dir='ltr'>τῇ</span> <span class='ocrx_word' id='word_1_498' title='bbox 3581 1728 3741 1804; x_wconf 70' lang='grc' dir='ltr'>ψυχῇ</span> <span class='ocrx_word' id='word_1_499' title='bbox 3818 1727 3933 1804; x_wconf 81' lang='grc' dir='ltr'>μηδ’</span> 
     </span>
    </p>
   </div>
   <div class='ocr_carea' id='block_1_73' title="bbox 2272 1807 2911 1885">
    <p class='ocr_par' dir='ltr' id='par_1_73' title="bbox 2272 1807 2911 1885">
     <span class='ocr_line' id='line_1_73' title="bbox 2272 1807 2911 1885; baseline 0.009 -24"><span class='ocrx_word' id='word_1_500' title='bbox 2272 1815 2317 1868; x_wconf 89' lang='grc' dir='ltr'>Β</span> <span class='ocrx_word' id='word_1_501' title='bbox 2347 1807 2630 1870; x_wconf 88' lang='grc' dir='ltr'>ἀϐούλητον</span> <span class='ocrx_word' id='word_1_502' title='bbox 2661 1815 2788 1885; x_wconf 77' lang='grc' dir='ltr'>ἔχου</span> <span class='ocrx_word' id='word_1_503' title='bbox 2797 1833 2911 1868; x_wconf 91' lang='grc' dir='ltr'>σαν.</span> 
     </span>
    </p>
   </div>
   <div class='ocr_carea' id='block_1_74' title="bbox 2420 1902 3933 1984">
    <p class='ocr_par' dir='ltr' id='par_1_74' title="bbox 2420 1902 3933 1984">
     <span class='ocr_line' id='line_1_74' title="bbox 2420 1902 3933 1984; baseline 0.006 -32"><span class='ocrx_word' id='word_1_504' title='bbox 2420 1904 2520 1952; x_wconf 81' lang='grc' dir='ltr'>Καὶ</span> <span class='ocrx_word' id='word_1_505' title='bbox 2567 1902 2847 1976; x_wconf 87' lang='grc' dir='ltr'>κράτιστόν</span> <span class='ocrx_word' id='word_1_506' title='bbox 2890 1921 2951 1975; x_wconf 90' lang='grc' dir='ltr'>γε</span> <span class='ocrx_word' id='word_1_507' title='bbox 2996 1909 3149 1956; x_wconf 89' lang='grc' dir='ltr'>τοῦτο</span> <span class='ocrx_word' id='word_1_508' title='bbox 3196 1906 3400 1966; x_wconf 88' lang='grc' dir='ltr'>πάντως</span> <span class='ocrx_word' id='word_1_509' title='bbox 3455 1925 3548 1958; x_wconf 88' lang='grc' dir='ltr'>και</span> <span class='ocrx_word' id='word_1_510' title='bbox 3610 1910 3762 1982; x_wconf 86' lang='grc' dir='ltr'>ποιρὰ</span> <span class='ocrx_word' id='word_1_511' title='bbox 3828 1929 3933 1984; x_wconf 84' lang='grc' dir='ltr'>κρι-</span> 
     </span>
    </p>
   </div>
   <div class='ocr_carea' id='block_1_75' title="bbox 2345 1987 3927 2070">
    <p class='ocr_par' dir='ltr' id='par_1_75' title="bbox 2345 1987 3927 2070">
     <span class='ocr_line' id='line_1_75' title="bbox 2345 1987 3927 2070; baseline 0.005 -32"><span class='ocrx_word' id='word_1_512' title='bbox 2345 1992 2456 2046; x_wconf 87' lang='grc' dir='ltr'>ταῖς</span> <span class='ocrx_word' id='word_1_513' title='bbox 2510 1993 2643 2040; x_wconf 84' lang='grc' dir='ltr'>πᾶσι</span> <span class='ocrx_word' id='word_1_514' title='bbox 2697 1987 2890 2060; x_wconf 70' lang='grc' dir='ltr'>ψήφοις</span> <span class='ocrx_word' id='word_1_515' title='bbox 2932 1988 3180 2057; x_wconf 85' lang='grc' dir='ltr'>ἀπάσαις,</span> <span class='ocrx_word' id='word_1_516' title='bbox 3269 2010 3360 2043; x_wconf 86' lang='grc' dir='ltr'>και</span> <span class='ocrx_word' id='word_1_517' title='bbox 3437 1992 3561 2066; x_wconf 88' lang='grc' dir='ltr'>παρ’</span> <span class='ocrx_word' id='word_1_518' title='bbox 3634 1992 3927 2070; x_wconf 74' lang='grc' dir='ltr'>ἀνθρώπων,</span> 
     </span>
    </p>
   </div>
   <div class='ocr_carea' id='block_1_76' title="bbox 2345 2073 3930 2160">
    <p class='ocr_par' dir='ltr' id='par_1_76' title="bbox 2345 2073 3930 2160">
     <span class='ocr_line' id='line_1_76' title="bbox 2345 2073 3930 2160; baseline 0.006 -33"><span class='ocrx_word' id='word_1_519' title='bbox 2345 2077 2519 2147; x_wconf 83' lang='grc' dir='ltr'>ἔμοιγε</span> <span class='ocrx_word' id='word_1_520' title='bbox 2556 2073 2747 2145; x_wconf 80' lang='grc' dir='ltr'>δοκεῖν,</span> <span class='ocrx_word' id='word_1_521' title='bbox 2800 2085 2910 2141; x_wconf 87' lang='grc' dir='ltr'>τοῖς</span> <span class='ocrx_word' id='word_1_522' title='bbox 2955 2078 3150 2142; x_wconf 82' lang='grc' dir='ltr'>λοιποῖς</span> <span class='ocrx_word' id='word_1_523' title='bbox 3195 2079 3414 2136; x_wconf 82' lang='grc' dir='ltr'>ἅπασιν.</span> <span class='ocrx_word' id='word_1_524' title='bbox 3451 2082 3652 2136; x_wconf 79' lang='grc' dir='ltr'>Αὐτίκα</span> <span class='ocrx_word' id='word_1_525' title='bbox 3701 2087 3800 2160; x_wconf 77' lang='grc' dir='ltr'>γὰρ</span> <span class='ocrx_word' id='word_1_526' title='bbox 3855 2105 3930 2137; x_wconf 84' lang='grc' dir='ltr'>και</span> 
     </span>
    </p>
   </div>
   <div class='ocr_carea' id='block_1_77' title="bbox 2345 2166 3934 2240">
    <p class='ocr_par' dir='ltr' id='par_1_77' title="bbox 2345 2166 3934 2240">
     <span class='ocr_line' id='line_1_77' title="bbox 2345 2166 3934 2240; baseline 0.006 -26"><span class='ocrx_word' id='word_1_527' title='bbox 2345 2167 2494 2237; x_wconf 85' lang='grc' dir='ltr'>νόμοι</span> <span class='ocrx_word' id='word_1_528' title='bbox 2543 2166 2727 2227; x_wconf 86' lang='grc' dir='ltr'>πάντες</span> <span class='ocrx_word' id='word_1_529' title='bbox 2773 2186 2864 2219; x_wconf 91' lang='grc' dir='ltr'>και</span> <span class='ocrx_word' id='word_1_530' title='bbox 2917 2170 3189 2240; x_wconf 79' lang='grc' dir='ltr'>νομοθέται</span> <span class='ocrx_word' id='word_1_531' title='bbox 3235 2170 3401 2236; x_wconf 78' lang='grc' dir='ltr'>τοῦθ’,</span> <span class='ocrx_word' id='word_1_532' title='bbox 3457 2172 3527 2234; x_wconf 86' lang='grc' dir='ltr'>ὡς</span> <span class='ocrx_word' id='word_1_533' title='bbox 3577 2174 3700 2234; x_wconf 77' lang='grc' dir='ltr'>ἔπος</span> <span class='ocrx_word' id='word_1_534' title='bbox 3772 2174 3934 2240; x_wconf 73' lang='grc' dir='ltr'>εἰπεῖν,</span> 
     </span>
    </p>
   </div>
   <div class='ocr_carea' id='block_1_78' title="bbox 2346 2252 3938 2336">
    <p class='ocr_par' dir='ltr' id='par_1_78' title="bbox 2346 2252 3938 2336">
     <span class='ocr_line' id='line_1_78' title="bbox 2346 2252 3938 2336; baseline 0.006 -31"><span class='ocrx_word' id='word_1_535' title='bbox 2346 2256 2446 2328; x_wconf 89' lang='grc' dir='ltr'>πρὸ</span> <span class='ocrx_word' id='word_1_536' title='bbox 2498 2257 2687 2315; x_wconf 84' lang='grc' dir='ltr'>παντὸς</span> <span class='ocrx_word' id='word_1_537' title='bbox 2733 2255 2888 2308; x_wconf 81' lang='grc' dir='ltr'>ἄλλου</span> <span class='ocrx_word' id='word_1_538' title='bbox 2943 2252 3381 2326; x_wconf 86' lang='grc' dir='ltr'>διασκοποῦνται,</span> <span class='ocrx_word' id='word_1_539' title='bbox 3441 2265 3560 2336; x_wconf 89' lang='grc' dir='ltr'>περί</span> <span class='ocrx_word' id='word_1_540' title='bbox 3615 2265 3810 2315; x_wconf 85' lang='grc' dir='ltr'>τούτου</span> <span class='ocrx_word' id='word_1_541' title='bbox 3859 2283 3938 2315; x_wconf 90' lang='grc' dir='ltr'>και</span> 
     </span>
    </p>
   </div>
   <div class='ocr_carea' id='block_1_79' title="bbox 2345 2341 3940 2422">
    <p class='ocr_par' dir='ltr' id='par_1_79' title="bbox 2345 2341 3940 2422">
     <span class='ocr_line' id='line_1_79' title="bbox 2345 2341 3940 2422; baseline 0.006 -27"><span class='ocrx_word' id='word_1_542' title='bbox 2345 2345 2433 2395; x_wconf 90' lang='grc' dir='ltr'>τόν</span> <span class='ocrx_word' id='word_1_543' title='bbox 2462 2341 2574 2396; x_wconf 84' lang='grc' dir='ltr'>ὅλον</span> <span class='ocrx_word' id='word_1_544' title='bbox 2624 2351 2895 2397; x_wconf 90' lang='grc' dir='ltr'>ποιοῦνται</span> <span class='ocrx_word' id='word_1_545' title='bbox 2944 2345 3115 2418; x_wconf 77' lang='grc' dir='ltr'>λόγον,</span> <span class='ocrx_word' id='word_1_546' title='bbox 3181 2347 3260 2400; x_wconf 84' lang='grc' dir='ltr'>ἐπ’</span> <span class='ocrx_word' id='word_1_547' title='bbox 3313 2347 3624 2422; x_wconf 75' lang='grc' dir='ltr'>ἀκραιφνοῦς</span> <span class='ocrx_word' id='word_1_548' title='bbox 3670 2371 3804 2413; x_wconf 90' lang='grc' dir='ltr'>τινος</span> <span class='ocrx_word' id='word_1_549' title='bbox 3855 2360 3940 2414; x_wconf 79' lang='grc' dir='ltr'>τῆς</span> 
     </span>
    </p>
   </div>
   <div class='ocr_carea' id='block_1_80' title="bbox 2346 2434 3940 2512">
    <p class='ocr_par' dir='ltr' id='par_1_80' title="bbox 2346 2434 3940 2512">
     <span class='ocr_line' id='line_1_80' title="bbox 2346 2434 3940 2512; baseline 0.005 -26"><span class='ocrx_word' id='word_1_550' title='bbox 2346 2439 2438 2486; x_wconf 89' lang='grc' dir='ltr'>τοῦ</span> <span class='ocrx_word' id='word_1_551' title='bbox 2484 2434 2850 2496; x_wconf 85' lang='grc' dir='ltr'>συντάττοντος</span> <span class='ocrx_word' id='word_1_552' title='bbox 2899 2441 3134 2508; x_wconf 84' lang='grc' dir='ltr'>γνώμης,</span> <span class='ocrx_word' id='word_1_553' title='bbox 3185 2438 3250 2498; x_wconf 87' lang='grc' dir='ltr'>ὡς</span> <span class='ocrx_word' id='word_1_554' title='bbox 3309 2438 3388 2490; x_wconf 75' lang='grc' dir='ltr'>ἐπ’</span> <span class='ocrx_word' id='word_1_555' title='bbox 3459 2437 3725 2512; x_wconf 89' lang='grc' dir='ltr'>ἀσφαλοῦς</span> <span class='ocrx_word' id='word_1_556' title='bbox 3799 2461 3940 2508; x_wconf 83' lang='grc' dir='ltr'>τινος,</span> 
     </span>
    </p>
   </div>
   <div class='ocr_carea' id='block_1_81' title="bbox 2351 2517 3942 2601">
    <p class='ocr_par' dir='ltr' id='par_1_81' title="bbox 2351 2517 3942 2601">
     <span class='ocr_line' id='line_1_81' title="bbox 2351 2517 3942 2601; baseline 0.005 -29"><span class='ocrx_word' id='word_1_557' title='bbox 2351 2517 2604 2596; x_wconf 83' lang='grc' dir='ltr'>ἱδρῦσθαι</span> <span class='ocrx_word' id='word_1_558' title='bbox 2640 2525 2706 2574; x_wconf 84' lang='grc' dir='ltr'>τὰ</span> <span class='ocrx_word' id='word_1_559' title='bbox 2727 2519 3082 2596; x_wconf 88' lang='grc' dir='ltr'>διατάγματα.</span> <span class='ocrx_word' id='word_1_560' title='bbox 3143 2530 3245 2579; x_wconf 79' lang='grc' dir='ltr'>Καί</span> <span class='ocrx_word' id='word_1_561' title='bbox 3304 2525 3473 2590; x_wconf 86' lang='grc' dir='ltr'>καλῶς</span> <span class='ocrx_word' id='word_1_562' title='bbox 3529 2548 3589 2601; x_wconf 87' lang='grc' dir='ltr'>γε</span> <span class='ocrx_word' id='word_1_563' title='bbox 3642 2536 3798 2582; x_wconf 88' lang='grc' dir='ltr'>τοῦτο</span> <span class='ocrx_word' id='word_1_564' title='bbox 3858 2533 3942 2583; x_wconf 83' lang='grc' dir='ltr'>σὺν</span> 
     </span>
    </p>
   </div>
   <div class='ocr_carea' id='block_1_82' title="bbox 2347 2611 3938 2687">
    <p class='ocr_par' dir='ltr' id='par_1_82' title="bbox 2347 2611 3938 2687">
     <span class='ocr_line' id='line_1_82' title="bbox 2347 2611 3938 2687; baseline 0.006 -25"><span class='ocrx_word' id='word_1_565' title='bbox 2347 2617 2458 2672; x_wconf 90' lang='grc' dir='ltr'>τοῖς</span> <span class='ocrx_word' id='word_1_566' title='bbox 2498 2613 2801 2684; x_wconf 73' lang='grc' dir='ltr'>νομοθέταις</span> <span class='ocrx_word' id='word_1_567' title='bbox 2853 2633 2942 2665; x_wconf 90' lang='grc' dir='ltr'>και</span> <span class='ocrx_word' id='word_1_568' title='bbox 2990 2620 3096 2676; x_wconf 88' lang='grc' dir='ltr'>τοῖς</span> <span class='ocrx_word' id='word_1_569' title='bbox 3145 2611 3432 2679; x_wconf 70' lang='grc' dir='ltr'>δικασταῖς</span> <span class='ocrx_word' id='word_1_570' title='bbox 3491 2614 3938 2687; x_wconf 80' lang='grc' dir='ltr'>δνεσπούδασται,</span> 
     </span>
    </p>
   </div>
   <div class='ocr_carea' id='block_1_83' title="bbox 2349 2695 3941 2776">
    <p class='ocr_par' dir='ltr' id='par_1_83' title="bbox 2349 2695 3941 2776">
     <span class='ocr_line' id='line_1_83' title="bbox 2349 2695 3941 2776; baseline 0.005 -25"><span class='ocrx_word' id='word_1_571' title='bbox 2349 2699 2436 2751; x_wconf 80' lang='grc' dir='ltr'>ἅτε</span> <span class='ocrx_word' id='word_1_572' title='bbox 2488 2695 2556 2757; x_wconf 81' lang='grc' dir='ltr'>δὴ</span> <span class='ocrx_word' id='word_1_573' title='bbox 2609 2719 2700 2752; x_wconf 89' lang='grc' dir='ltr'>και</span> <span class='ocrx_word' id='word_1_574' title='bbox 2757 2697 2964 2754; x_wconf 87' lang='grc' dir='ltr'>δίκαιον</span> <span class='ocrx_word' id='word_1_575' title='bbox 3011 2701 3065 2756; x_wconf 85' lang='grc' dir='ltr'>ὃν</span> <span class='ocrx_word' id='word_1_576' title='bbox 3116 2707 3306 2766; x_wconf 89' lang='grc' dir='ltr'>παντὸς</span> <span class='ocrx_word' id='word_1_577' title='bbox 3340 2704 3550 2776; x_wconf 82' lang='grc' dir='ltr'>μᾶλλον·</span> <span class='ocrx_word' id='word_1_578' title='bbox 3603 2709 3678 2770; x_wconf 82' lang='grc' dir='ltr'>ὡς</span> <span class='ocrx_word' id='word_1_579' title='bbox 3751 2707 3941 2760; x_wconf 78' lang='grc' dir='ltr'>τούναν-</span> 
     </span>
    </p>
   </div>
   <div class='ocr_carea' id='block_1_84' title="bbox 2348 2789 3931 2870">
    <p class='ocr_par' dir='ltr' id='par_1_84' title="bbox 2348 2789 3931 2870">
     <span class='ocr_line' id='line_1_84' title="bbox 2348 2789 3931 2870; baseline 0.003 -29"><span class='ocrx_word' id='word_1_580' title='bbox 2348 2791 2454 2841; x_wconf 87' lang='grc' dir='ltr'>τίον</span> <span class='ocrx_word' id='word_1_581' title='bbox 2492 2789 2747 2851; x_wconf 84' lang='grc' dir='ltr'>παντελῶς</span> <span class='ocrx_word' id='word_1_582' title='bbox 2804 2789 3031 2863; x_wconf 76' lang='grc' dir='ltr'>ἀνόσιον,</span> <span class='ocrx_word' id='word_1_583' title='bbox 3084 2795 3129 2846; x_wconf 84' lang='grc' dir='ltr'>εἴ</span> <span class='ocrx_word' id='word_1_584' title='bbox 3179 2812 3231 2846; x_wconf 91' lang='grc' dir='ltr'>τι</span> <span class='ocrx_word' id='word_1_585' title='bbox 3290 2789 3533 2852; x_wconf 88' lang='grc' dir='ltr'>δηλονότι</span> <span class='ocrx_word' id='word_1_586' title='bbox 3592 2799 3738 2870; x_wconf 76' lang='grc' dir='ltr'>παρὰ</span> <span class='ocrx_word' id='word_1_587' title='bbox 3794 2803 3931 2848; x_wconf 81' lang='grc' dir='ltr'>τοῦτο</span> 
     </span>
    </p>
   </div>
   <div class='ocr_carea' id='block_1_85' title="bbox 2350 2877 3027 2953">
    <p class='ocr_par' dir='ltr' id='par_1_85' title="bbox 2350 2877 3027 2953">
     <span class='ocr_line' id='line_1_85' title="bbox 2350 2877 3027 2953; baseline 0.01 -25"><span class='ocrx_word' id='word_1_588' title='bbox 2350 2885 2628 2953; x_wconf 89' lang='grc' dir='ltr'>κραταιοῦν</span> <span class='ocrx_word' id='word_1_589' title='bbox 2652 2898 2729 2940; x_wconf 78' lang='grc' dir='ltr'>τις</span> <span class='ocrx_word' id='word_1_590' title='bbox 2761 2877 3027 2953; x_wconf 82' lang='grc' dir='ltr'>βιάζεται.</span> 
     </span>
    </p>
   </div>
   <div class='ocr_carea' id='block_1_86' title="bbox 2417 2968 3941 3045">
    <p class='ocr_par' dir='ltr' id='par_1_86' title="bbox 2417 2968 3941 3045">
     <span class='ocr_line' id='line_1_86' title="bbox 2417 2968 3941 3045; baseline 0.003 -26"><span class='ocrx_word' id='word_1_591' title='bbox 2417 2968 2478 3020; x_wconf 82' lang='grc' dir='ltr'>Εἰ</span> <span class='ocrx_word' id='word_1_592' title='bbox 2550 2974 2675 3039; x_wconf 90' lang='grc' dir='ltr'>γοῦν</span> <span class='ocrx_word' id='word_1_593' title='bbox 2743 2971 2868 3022; x_wconf 87' lang='grc' dir='ltr'>τουθ</span> <span class='ocrx_word' id='word_1_594' title='bbox 2946 2971 3110 3033; x_wconf 81' lang='grc' dir='ltr'>οὕτως</span> <span class='ocrx_word' id='word_1_595' title='bbox 3153 2971 3287 3043; x_wconf 83' lang='grc' dir='ltr'>(ἔχει</span> <span class='ocrx_word' id='word_1_596' title='bbox 3359 2968 3420 3024; x_wconf 80' lang='grc' dir='ltr'>δέ</span> <span class='ocrx_word' id='word_1_597' title='bbox 3499 2975 3752 3045; x_wconf 83' lang='grc' dir='ltr'>πάντως),</span> <span class='ocrx_word' id='word_1_598' title='bbox 3828 2975 3941 3026; x_wconf 83' lang='grc' dir='ltr'>πότε</span> 
     </span>
    </p>
   </div>
   <div class='ocr_carea' id='block_1_87' title="bbox 2346 3054 3943 3137">
    <p class='ocr_par' dir='ltr' id='par_1_87' title="bbox 2346 3054 3943 3137">
     <span class='ocr_line' id='line_1_87' title="bbox 2346 3054 3943 3137; baseline 0.004 -30"><span class='ocrx_word' id='word_1_599' title='bbox 2346 3054 2539 3126; x_wconf 87' lang='grc' dir='ltr'>μᾶλλον</span> <span class='ocrx_word' id='word_1_600' title='bbox 2561 3055 2693 3118; x_wconf 88' lang='grc' dir='ltr'>εἰκός</span> <span class='ocrx_word' id='word_1_601' title='bbox 2730 3061 2841 3111; x_wconf 81' lang='grc' dir='ltr'>ἐστι</span> <span class='ocrx_word' id='word_1_602' title='bbox 2893 3065 2998 3120; x_wconf 89' lang='grc' dir='ltr'>τοῖς</span> <span class='ocrx_word' id='word_1_603' title='bbox 3042 3059 3350 3123; x_wconf 79' lang='grc' dir='ltr'>έξοτάζουσι</span> <span class='ocrx_word' id='word_1_604' title='bbox 3393 3066 3512 3134; x_wconf 88' lang='grc' dir='ltr'>περί</span> <span class='ocrx_word' id='word_1_605' title='bbox 3564 3070 3666 3114; x_wconf 86' lang='grc' dir='ltr'>τῶν</span> <span class='ocrx_word' id='word_1_606' title='bbox 3725 3083 3943 3137; x_wconf 81' lang='grc' dir='ltr'>γεγραμ-</span> 
     </span>
    </p>
   </div>
   <div class='ocr_carea' id='block_1_88' title="bbox 2267 3144 3945 3230">
    <p class='ocr_par' dir='ltr' id='par_1_88' title="bbox 2267 3144 3945 3230">
     <span class='ocr_line' id='line_1_88' title="bbox 2267 3144 3945 3230; baseline 0.003 -33"><span class='ocrx_word' id='word_1_607' title='bbox 2267 3173 2308 3230; x_wconf 77' lang='lat' dir='ltr'>C</span> <span class='ocrx_word' id='word_1_608' title='bbox 2347 3149 2508 3218; x_wconf 88' lang='grc' dir='ltr'>μένων</span> <span class='ocrx_word' id='word_1_609' title='bbox 2579 3144 2798 3218; x_wconf 82' lang='grc' dir='ltr'>βεϐαίας</span> <span class='ocrx_word' id='word_1_610' title='bbox 2849 3145 3079 3220; x_wconf 85' lang='grc' dir='ltr'>ἀφῖχθαι</span> <span class='ocrx_word' id='word_1_611' title='bbox 3125 3151 3218 3210; x_wconf 84' lang='grc' dir='ltr'>τὰς</span> <span class='ocrx_word' id='word_1_612' title='bbox 3262 3153 3485 3217; x_wconf 82' lang='grc' dir='ltr'>πίστεις,</span> <span class='ocrx_word' id='word_1_613' title='bbox 3549 3154 3640 3202; x_wconf 88' lang='grc' dir='ltr'>καί</span> <span class='ocrx_word' id='word_1_614' title='bbox 3690 3149 3945 3224; x_wconf 81' lang='grc' dir='ltr'>μηδαμῶς</span> 
     </span>
    </p>
   </div>
   <div class='ocr_carea' id='block_1_89' title="bbox 2346 3234 3946 3312">
    <p class='ocr_par' dir='ltr' id='par_1_89' title="bbox 2346 3234 3946 3312">
     <span class='ocr_line' id='line_1_89' title="bbox 2346 3234 3946 3312; baseline 0.004 -26"><span class='ocrx_word' id='word_1_615' title='bbox 2346 3235 2536 3296; x_wconf 78' lang='grc' dir='ltr'>αὐτοὺς</span> <span class='ocrx_word' id='word_1_616' title='bbox 2614 3234 2968 3308; x_wconf 84' lang='grc' dir='ltr'>ἀμφιϐάλλειν,</span> <span class='ocrx_word' id='word_1_617' title='bbox 3049 3237 3079 3296; x_wconf 73' lang='grc' dir='ltr'><em>ἢ</em></span> <span class='ocrx_word' id='word_1_618' title='bbox 3144 3239 3264 3289; x_wconf 85' lang='grc' dir='ltr'>ὅταν</span> <span class='ocrx_word' id='word_1_619' title='bbox 3326 3238 3610 3309; x_wconf 81' lang='grc' dir='ltr'>ὑγιαίνοντι</span> <span class='ocrx_word' id='word_1_620' title='bbox 3655 3257 3750 3290; x_wconf 85' lang='grc' dir='ltr'>και</span> <span class='ocrx_word' id='word_1_621' title='bbox 3798 3237 3946 3312; x_wconf 82' lang='grc' dir='ltr'>βαδί-</span> 
     </span>
    </p>
   </div>
   <div class='ocr_carea' id='block_1_90' title="bbox 2348 3323 3947 3398">
    <p class='ocr_par' dir='ltr' id='par_1_90' title="bbox 2348 3323 3947 3398">
     <span class='ocr_line' id='line_1_90' title="bbox 2348 3323 3947 3398; baseline 0.003 -23"><span class='ocrx_word' id='word_1_622' title='bbox 2348 3323 2512 3390; x_wconf 79' lang='grc' dir='ltr'>ζοντι,</span> <span class='ocrx_word' id='word_1_623' title='bbox 2569 3343 2659 3375; x_wconf 85' lang='grc' dir='ltr'>και</span> <span class='ocrx_word' id='word_1_624' title='bbox 2713 3324 2826 3394; x_wconf 84' lang='grc' dir='ltr'>μετ’</span> <span class='ocrx_word' id='word_1_625' title='bbox 2877 3324 3069 3396; x_wconf 81' lang='grc' dir='ltr'>ἰσχύος</span> <span class='ocrx_word' id='word_1_626' title='bbox 3121 3327 3330 3396; x_wconf 89' lang='grc' dir='ltr'>σύμπαν</span> <span class='ocrx_word' id='word_1_627' title='bbox 3388 3327 3446 3377; x_wconf 86' lang='grc' dir='ltr'>τό</span> <span class='ocrx_word' id='word_1_628' title='bbox 3494 3329 3753 3398; x_wconf 81' lang='grc' dir='ltr'>πρακτέον</span> <span class='ocrx_word' id='word_1_629' title='bbox 3812 3331 3947 3382; x_wconf 84' lang='grc' dir='ltr'>καθι-</span> 
     </span>
    </p>
   </div>
   <div class='ocr_carea' id='block_1_91' title="bbox 2348 3409 3947 3487">
    <p class='ocr_par' dir='ltr' id='par_1_91' title="bbox 2348 3409 3947 3487">
     <span class='ocr_line' id='line_1_91' title="bbox 2348 3409 3947 3487; baseline 0.001 -22"><span class='ocrx_word' id='word_1_630' title='bbox 2348 3418 2476 3484; x_wconf 84' lang='grc' dir='ltr'>στᾷν</span> <span class='ocrx_word' id='word_1_631' title='bbox 2506 3414 2701 3484; x_wconf 75' lang='grc' dir='ltr'>ἔχοντι,</span> <span class='ocrx_word' id='word_1_632' title='bbox 2751 3431 2840 3465; x_wconf 87' lang='grc' dir='ltr'>και</span> <span class='ocrx_word' id='word_1_633' title='bbox 2880 3411 2978 3484; x_wconf 85' lang='grc' dir='ltr'>ὅλῳ</span> <span class='ocrx_word' id='word_1_634' title='bbox 3011 3431 3072 3484; x_wconf 83' lang='grc' dir='ltr'>γε</span> <span class='ocrx_word' id='word_1_635' title='bbox 3101 3421 3172 3484; x_wconf 87' lang='grc' dir='ltr'>τῷ</span> <span class='ocrx_word' id='word_1_636' title='bbox 3235 3409 3576 3487; x_wconf 83' lang='grc' dir='ltr'>διατιθεμένῳ</span> <span class='ocrx_word' id='word_1_637' title='bbox 3625 3414 3822 3469; x_wconf 83' lang='grc' dir='ltr'>ἑαυτοῦ</span> <span class='ocrx_word' id='word_1_638' title='bbox 3871 3436 3947 3470; x_wconf 83' lang='grc' dir='ltr'>και</span> 
     </span>
    </p>
   </div>
   <div class='ocr_carea' id='block_1_92' title="bbox 2343 3499 3949 3577">
    <p class='ocr_par' dir='ltr' id='par_1_92' title="bbox 2343 3499 3949 3577">
     <span class='ocr_line' id='line_1_92' title="bbox 2343 3499 3949 3577; baseline 0.001 -24"><span class='ocrx_word' id='word_1_639' title='bbox 2343 3508 2441 3553; x_wconf 87' lang='grc' dir='ltr'>τῶν</span> <span class='ocrx_word' id='word_1_640' title='bbox 2512 3501 2776 3574; x_wconf 77' lang='grc' dir='ltr'>λογισμῶν</span> <span class='ocrx_word' id='word_1_641' title='bbox 2858 3500 2990 3566; x_wconf 88' lang='grc' dir='ltr'>ὁντι,</span> <span class='ocrx_word' id='word_1_642' title='bbox 3043 3503 3297 3559; x_wconf 88' lang='grc' dir='ltr'>τάττηται</span> <span class='ocrx_word' id='word_1_643' title='bbox 3366 3499 3804 3577; x_wconf 70' lang='grc' dir='ltr'>τὰ,δεδογμένα·</span> <span class='ocrx_word' id='word_1_644' title='bbox 3862 3513 3949 3560; x_wconf 75' lang='grc' dir='ltr'>Καί</span> 
     </span>
    </p>
   </div>
   <div class='ocr_carea' id='block_1_93' title="bbox 2344 3587 3948 3668">
    <p class='ocr_par' dir='ltr' id='par_1_93' title="bbox 2344 3587 3948 3668">
     <span class='ocr_line' id='line_1_93' title="bbox 2344 3587 3948 3668; baseline 0.004 -27"><span class='ocrx_word' id='word_1_645' title='bbox 2344 3592 2447 3661; x_wconf 80' lang='grc' dir='ltr'>μὴν</span> <span class='ocrx_word' id='word_1_646' title='bbox 2504 3590 2553 3642; x_wconf 85' lang='grc' dir='ltr'>οἱ</span> <span class='ocrx_word' id='word_1_647' title='bbox 2595 3594 2644 3642; x_wconf 82' lang='grc' dir='ltr'>ἐν</span> <span class='ocrx_word' id='word_1_648' title='bbox 2691 3596 2799 3652; x_wconf 90' lang='grc' dir='ltr'>τοῖς</span> <span class='ocrx_word' id='word_1_649' title='bbox 2847 3589 3159 3654; x_wconf 86' lang='grc' dir='ltr'>τελευταίοις</span> <span class='ocrx_word' id='word_1_650' title='bbox 3208 3587 3547 3645; x_wconf 87' lang='grc' dir='ltr'>απουδασταί</span> <span class='ocrx_word' id='word_1_651' title='bbox 3596 3612 3688 3645; x_wconf 90' lang='grc' dir='ltr'>και</span> <span class='ocrx_word' id='word_1_652' title='bbox 3732 3614 3948 3668; x_wconf 87' lang='grc' dir='ltr'>συγγρα-</span> 
     </span>
    </p>
   </div>
   <div class='ocr_carea' id='block_1_94' title="bbox 2347 3680 3948 3752">
    <p class='ocr_par' dir='ltr' id='par_1_94' title="bbox 2347 3680 3948 3752">
     <span class='ocr_line' id='line_1_94' title="bbox 2347 3680 3948 3752; baseline 0.001 -21"><span class='ocrx_word' id='word_1_653' title='bbox 2347 3686 2450 3752; x_wconf 89' lang='grc' dir='ltr'>φεῖς</span> <span class='ocrx_word' id='word_1_654' title='bbox 2510 3686 2610 3731; x_wconf 89' lang='grc' dir='ltr'>τῶν</span> <span class='ocrx_word' id='word_1_655' title='bbox 2698 3681 3099 3751; x_wconf 88' lang='grc' dir='ltr'>συνταγμάτων,</span> <span class='ocrx_word' id='word_1_656' title='bbox 3193 3687 3346 3733; x_wconf 85' lang='grc' dir='ltr'>τοῦτο</span> <span class='ocrx_word' id='word_1_657' title='bbox 3426 3701 3516 3733; x_wconf 86' lang='grc' dir='ltr'>και</span> <span class='ocrx_word' id='word_1_658' title='bbox 3584 3680 3948 3744; x_wconf 78' lang='grc' dir='ltr'>σπουδάζουσι</span> 
     </span>
    </p>
   </div>
   <div class='ocr_carea' id='block_1_95' title="bbox 2345 3765 3946 3845">
    <p class='ocr_par' dir='ltr' id='par_1_95' title="bbox 2345 3765 3946 3845">
     <span class='ocr_line' id='line_1_95' title="bbox 2345 3765 3946 3845; baseline 0.001 -25"><span class='ocrx_word' id='word_1_659' title='bbox 2345 3767 2535 3841; x_wconf 84' lang='grc' dir='ltr'>μᾶλλον</span> <span class='ocrx_word' id='word_1_660' title='bbox 2586 3771 2687 3841; x_wconf 80' lang='grc' dir='ltr'>πρὸ</span> <span class='ocrx_word' id='word_1_661' title='bbox 2731 3776 2831 3820; x_wconf 91' lang='grc' dir='ltr'>τῶν</span> <span class='ocrx_word' id='word_1_662' title='bbox 2871 3768 3036 3820; x_wconf 78' lang='grc' dir='ltr'>ἄλλων</span> <span class='ocrx_word' id='word_1_663' title='bbox 3084 3765 3370 3836; x_wconf 79' lang='grc' dir='ltr'>δεικνύναι,</span> <span class='ocrx_word' id='word_1_664' title='bbox 3421 3769 3714 3845; x_wconf 84' lang='grc' dir='ltr'>έρῥωμένως</span> <span class='ocrx_word' id='word_1_665' title='bbox 3767 3775 3946 3844; x_wconf 75' lang='grc' dir='ltr'>ἔχοντα</span> 
     </span>
    </p>
   </div>
   <div class='ocr_carea' id='block_1_96' title="bbox 2344 3857 3943 3935">
    <p class='ocr_par' dir='ltr' id='par_1_96' title="bbox 2344 3857 3943 3935">
     <span class='ocr_line' id='line_1_96' title="bbox 2344 3857 3943 3935; baseline 0.002 -26"><span class='ocrx_word' id='word_1_666' title='bbox 2344 3861 2432 3909; x_wconf 84' lang='grc' dir='ltr'>τὸν</span> <span class='ocrx_word' id='word_1_667' title='bbox 2492 3857 2813 3910; x_wconf 88' lang='grc' dir='ltr'>καταλύοντα</span> <span class='ocrx_word' id='word_1_668' title='bbox 2883 3859 3000 3920; x_wconf 89' lang='grc' dir='ltr'>νοὸς</span> <span class='ocrx_word' id='word_1_669' title='bbox 3060 3877 3149 3910; x_wconf 89' lang='grc' dir='ltr'>και</span> <span class='ocrx_word' id='word_1_670' title='bbox 3208 3857 3446 3929; x_wconf 80' lang='grc' dir='ltr'>γλώττης</span> <span class='ocrx_word' id='word_1_671' title='bbox 3504 3860 3661 3930; x_wconf 79' lang='grc' dir='ltr'>ἶχθαι</span> <span class='ocrx_word' id='word_1_672' title='bbox 3710 3864 3811 3935; x_wconf 85' lang='grc' dir='ltr'>πρὸ</span> <span class='ocrx_word' id='word_1_673' title='bbox 3858 3862 3943 3920; x_wconf 82' lang='grc' dir='ltr'>τὰς</span> 
     </span>
    </p>
   </div>
   <div class='ocr_carea' id='block_1_97' title="bbox 2345 3941 3941 4018">
    <p class='ocr_par' dir='ltr' id='par_1_97' title="bbox 2345 3941 3941 4018">
     <span class='ocr_line' id='line_1_97' title="bbox 2345 3941 3941 4018; baseline 0.001 -20"><span class='ocrx_word' id='word_1_674' title='bbox 2345 3941 2628 4012; x_wconf 82' lang='grc' dir='ltr'>διαθήκας,</span> <span class='ocrx_word' id='word_1_675' title='bbox 2689 3949 2752 4007; x_wconf 84' lang='grc' dir='ltr'>ὡς</span> <span class='ocrx_word' id='word_1_676' title='bbox 2799 3953 2893 3998; x_wconf 90' lang='grc' dir='ltr'>τοῦ</span> <span class='ocrx_word' id='word_1_677' title='bbox 2946 3949 3007 4018; x_wconf 88' lang='grc' dir='ltr'>γέ</span> <span class='ocrx_word' id='word_1_678' title='bbox 3060 3965 3198 4008; x_wconf 86' lang='grc' dir='ltr'>τινος</span> <span class='ocrx_word' id='word_1_679' title='bbox 3247 3949 3442 4000; x_wconf 87' lang='grc' dir='ltr'>τούτων</span> <span class='ocrx_word' id='word_1_680' title='bbox 3489 3947 3649 4010; x_wconf 83' lang='grc' dir='ltr'>αὐτὰς</span> <span class='ocrx_word' id='word_1_681' title='bbox 3703 3947 3941 4002; x_wconf 78' lang='grc' dir='ltr'>ἀπολελείο</span> 
     </span>
    </p>
   </div>
   <div class='ocr_carea' id='block_1_98' title="bbox 2345 4032 3939 4112">
    <p class='ocr_par' dir='ltr' id='par_1_98' title="bbox 2345 4032 3939 4112">
     <span class='ocr_line' id='line_1_98' title="bbox 2345 4032 3939 4112; baseline 0.004 -24"><span class='ocrx_word' id='word_1_682' title='bbox 2345 4038 2471 4108; x_wconf 88' lang='grc' dir='ltr'>φθαι</span> <span class='ocrx_word' id='word_1_683' title='bbox 2527 4032 2694 4108; x_wconf 74' lang='grc' dir='ltr'>μηδὲν</span> <span class='ocrx_word' id='word_1_684' title='bbox 2770 4032 2900 4087; x_wconf 84' lang='grc' dir='ltr'>εἶναι</span> <span class='ocrx_word' id='word_1_685' title='bbox 2943 4043 3217 4099; x_wconf 80' lang='grc' dir='ltr'>ποιοῦντος</span> <span class='ocrx_word' id='word_1_686' title='bbox 3280 4036 3393 4099; x_wconf 80' lang='grc' dir='ltr'>τοῖς</span> <span class='ocrx_word' id='word_1_687' title='bbox 3433 4043 3838 4112; x_wconf 86' lang='grc' dir='ltr'>προῖσχομένοις</span> <span class='ocrx_word' id='word_1_688' title='bbox 3885 4037 3939 4094; x_wconf 72' lang='grc' dir='ltr'><em>ἦ·</em></span> 
     </span>
    </p>
   </div>
   <div class='ocr_carea' id='block_1_99' title="bbox 2343 4125 2972 4197">
    <p class='ocr_par' dir='ltr' id='par_1_99' title="bbox 2343 4125 2972 4197">
     <span class='ocr_line' id='line_1_99' title="bbox 2343 4125 2972 4197; baseline 0 -21"><span class='ocrx_word' id='word_1_689' title='bbox 2343 4143 2504 4176; x_wconf 91' lang='grc' dir='ltr'>κιστα</span> <span class='ocrx_word' id='word_1_690' title='bbox 2534 4125 2601 4186; x_wconf 85' lang='grc' dir='ltr'>εἰς</span> <span class='ocrx_word' id='word_1_691' title='bbox 2632 4128 2972 4197; x_wconf 78' lang='grc' dir='ltr'>συμμαχίαν,</span> 
     </span>
    </p>
   </div>
   <div class='ocr_carea' id='block_1_100' title="bbox 2414 4210 3933 4288">
    <p class='ocr_par' dir='ltr' id='par_1_100' title="bbox 2414 4210 3933 4288">
     <span class='ocr_line' id='line_1_100' title="bbox 2414 4210 3933 4288; baseline 0.001 -22"><span class='ocrx_word' id='word_1_692' title='bbox 2414 4211 2547 4284; x_wconf 82' lang='grc' dir='ltr'>Ἔχε</span> <span class='ocrx_word' id='word_1_693' title='bbox 2571 4214 2648 4286; x_wconf 83' lang='grc'>(1)</span> <span class='ocrx_word' id='word_1_694' title='bbox 2691 4210 2758 4272; x_wconf 81' lang='grc' dir='ltr'>δὴ</span> <span class='ocrx_word' id='word_1_695' title='bbox 2783 4217 2954 4266; x_wconf 84' lang='grc' dir='ltr'>τοίνυν</span> <span class='ocrx_word' id='word_1_696' title='bbox 2991 4218 3110 4288; x_wconf 87' lang='grc' dir='ltr'>περί</span> <span class='ocrx_word' id='word_1_697' title='bbox 3151 4220 3319 4267; x_wconf 86' lang='grc' dir='ltr'>ταῦτα</span> <span class='ocrx_word' id='word_1_698' title='bbox 3367 4234 3459 4268; x_wconf 87' lang='grc' dir='ltr'>και</span> <span class='ocrx_word' id='word_1_699' title='bbox 3490 4219 3576 4288; x_wconf 79' lang='grc' dir='ltr'>σὺ,</span> <span class='ocrx_word' id='word_1_700' title='bbox 3627 4236 3721 4270; x_wconf 90' lang='grc' dir='ltr'>και</span> <span class='ocrx_word' id='word_1_701' title='bbox 3773 4219 3933 4270; x_wconf 87' lang='grc' dir='ltr'>σκόπει</span> 
     </span>
    </p>
   </div>
   <div class='ocr_carea' id='block_1_101' title="bbox 2341 4301 3932 4375">
    <p class='ocr_par' dir='ltr' id='par_1_101' title="bbox 2341 4301 3932 4375">
     <span class='ocr_line' id='line_1_101' title="bbox 2341 4301 3932 4375; baseline 0.002 -23"><span class='ocrx_word' id='word_1_702' title='bbox 2341 4306 2460 4353; x_wconf 90' lang='grc' dir='ltr'>νοῦν</span> <span class='ocrx_word' id='word_1_703' title='bbox 2532 4320 2624 4354; x_wconf 88' lang='grc' dir='ltr'>και</span> <span class='ocrx_word' id='word_1_704' title='bbox 2671 4301 2905 4374; x_wconf 88' lang='grc' dir='ltr'>γλῶτταν</span> <span class='ocrx_word' id='word_1_705' title='bbox 2960 4302 3279 4373; x_wconf 80' lang='grc' dir='ltr'>ὑγιαίνοντος</span> <span class='ocrx_word' id='word_1_706' title='bbox 3316 4306 3374 4356; x_wconf 86' lang='grc' dir='ltr'>τὸ</span> <span class='ocrx_word' id='word_1_707' title='bbox 3419 4304 3553 4375; x_wconf 78' lang='grc' dir='ltr'>ὅλον,</span> <span class='ocrx_word' id='word_1_708' title='bbox 3606 4326 3702 4359; x_wconf 88' lang='grc' dir='ltr'>και</span> <span class='ocrx_word' id='word_1_709' title='bbox 3743 4323 3932 4359; x_wconf 78' lang='grc' dir='ltr'>κατανοο</span> 
     </span>
    </p>
   </div>
   <div class='ocr_carea' id='block_1_102' title="bbox 2346 4389 3923 4466">
    <p class='ocr_par' dir='ltr' id='par_1_102' title="bbox 2346 4389 3923 4466">
     <span class='ocr_line' id='line_1_102' title="bbox 2346 4389 3923 4466; baseline 0.003 -25"><span class='ocrx_word' id='word_1_710' title='bbox 2346 4395 2580 4456; x_wconf 88' lang='grc' dir='ltr'>σοῦντος,</span> <span class='ocrx_word' id='word_1_711' title='bbox 2663 4389 3060 4462; x_wconf 83' lang='grc' dir='ltr'>εύρωστοῦντος,</span> <span class='ocrx_word' id='word_1_712' title='bbox 3113 4409 3204 4442; x_wconf 88' lang='grc' dir='ltr'>και</span> <span class='ocrx_word' id='word_1_713' title='bbox 3253 4394 3318 4443; x_wconf 84' lang='grc' dir='ltr'>τὰ</span> <span class='ocrx_word' id='word_1_714' title='bbox 3380 4392 3506 4466; x_wconf 86' lang='grc' dir='ltr'>μέλη</span> <span class='ocrx_word' id='word_1_715' title='bbox 3589 4391 3923 4450; x_wconf 77' lang='grc' dir='ltr'>δίαπεπτωκό-</span> 
     </span>
    </p>
   </div>
   <div class='ocr_carea' id='block_1_103' title="bbox 2342 4476 3917 4554">
    <p class='ocr_par' dir='ltr' id='par_1_103' title="bbox 2342 4476 3917 4554">
     <span class='ocr_line' id='line_1_103' title="bbox 2342 4476 3917 4554; baseline 0.005 -25"><span class='ocrx_word' id='word_1_716' title='bbox 2342 4495 2451 4544; x_wconf 81' lang='grc' dir='ltr'>τος,</span> <span class='ocrx_word' id='word_1_717' title='bbox 2526 4484 2616 4529; x_wconf 91' lang='grc' dir='ltr'>τοῦ</span> <span class='ocrx_word' id='word_1_718' title='bbox 2665 4476 2906 4548; x_wconf 77' lang='grc' dir='ltr'>ψυχικοῦ</span> <span class='ocrx_word' id='word_1_719' title='bbox 2961 4481 3110 4530; x_wconf 87' lang='grc' dir='ltr'>τόνου</span> <span class='ocrx_word' id='word_1_720' title='bbox 3132 4478 3571 4554; x_wconf 66' lang='grc' dir='ltr'>παράλελυμένουυ</span> <span class='ocrx_word' id='word_1_721' title='bbox 3636 4490 3818 4539; x_wconf 83' lang='grc' dir='ltr'>Σκόπει</span> <span class='ocrx_word' id='word_1_722' title='bbox 3851 4497 3917 4554; x_wconf 78' lang='grc' dir='ltr'>μοι</span> 
     </span>
    </p>
   </div>
   <div class='ocr_carea' id='block_1_104' title="bbox 2342 4563 3922 4647">
    <p class='ocr_par' dir='ltr' id='par_1_104' title="bbox 2342 4563 3922 4647">
     <span class='ocr_line' id='line_1_104' title="bbox 2342 4563 3922 4647; baseline 0.004 -27"><span class='ocrx_word' id='word_1_723' title='bbox 2342 4587 2432 4620; x_wconf 87' lang='grc' dir='ltr'>και</span> <span class='ocrx_word' id='word_1_724' title='bbox 2493 4563 2729 4620; x_wconf 88' lang='grc' dir='ltr'>διάνοιαν</span> <span class='ocrx_word' id='word_1_725' title='bbox 2803 4564 3064 4620; x_wconf 80' lang='grc' dir='ltr'>ἀκώλυτον</span> <span class='ocrx_word' id='word_1_726' title='bbox 3145 4571 3451 4624; x_wconf 87' lang='grc' dir='ltr'>παντάπασι</span> <span class='ocrx_word' id='word_1_727' title='bbox 3539 4571 3633 4626; x_wconf 81' lang='grc' dir='ltr'>κᾶι</span> <span class='ocrx_word' id='word_1_728' title='bbox 3695 4576 3922 4647; x_wconf 81' lang='grc' dir='ltr'>ἐλευθέραν</span> 
     </span>
    </p>
   </div>
   <div class='ocr_carea' id='block_1_105' title="bbox 2343 4653 3925 4732">
    <p class='ocr_par' dir='ltr' id='par_1_105' title="bbox 2343 4653 3925 4732">
     <span class='ocr_line' id='line_1_105' title="bbox 2343 4653 3925 4732; baseline 0.006 -23"><span class='ocrx_word' id='word_1_729' title='bbox 2343 4661 2460 4732; x_wconf 88' lang='grc' dir='ltr'>περί</span> <span class='ocrx_word' id='word_1_730' title='bbox 2523 4659 2613 4718; x_wconf 88' lang='grc' dir='ltr'>τάς</span> <span class='ocrx_word' id='word_1_731' title='bbox 2669 4653 2812 4718; x_wconf 76' lang='grc' dir='ltr'>ἰδίας</span> <span class='ocrx_word' id='word_1_732' title='bbox 2855 4663 3106 4730; x_wconf 76' lang='grc' dir='ltr'>κινήσεις,</span> <span class='ocrx_word' id='word_1_733' title='bbox 3157 4656 3324 4732; x_wconf 77' lang='grc' dir='ltr'>μηδὲν</span> <span class='ocrx_word' id='word_1_734' title='bbox 3353 4662 3442 4713; x_wconf 74' lang='grc' dir='ltr'>ὑπ’</span> <span class='ocrx_word' id='word_1_735' title='bbox 3483 4659 3697 4728; x_wconf 72' lang='grc' dir='ltr'>οὐδενός</span> <span class='ocrx_word' id='word_1_736' title='bbox 3757 4663 3925 4718; x_wconf 83' lang='grc' dir='ltr'>πάθους</span> 
     </span>
    </p>
   </div>
   <div class='ocr_carea' id='block_1_106' title="bbox 2342 4743 3924 4823">
    <p class='ocr_par' dir='ltr' id='par_1_106' title="bbox 2342 4743 3924 4823">
     <span class='ocr_line' id='line_1_106' title="bbox 2342 4743 3924 4823; baseline 0 -24"><span class='ocrx_word' id='word_1_737' title='bbox 2342 4743 2600 4820; x_wconf 83' lang='grc' dir='ltr'>μηδαμῶς</span> <span class='ocrx_word' id='word_1_738' title='bbox 2657 4744 3002 4819; x_wconf 74' lang='grc' dir='ltr'>σαλευομένην</span> <span class='ocrx_word' id='word_1_739' title='bbox 3075 4767 3164 4800; x_wconf 90' lang='grc' dir='ltr'>και</span> <span class='ocrx_word' id='word_1_740' title='bbox 3202 4755 3663 4823; x_wconf 85' lang='grc' dir='ltr'>περιτρεπομένην,</span> <span class='ocrx_word' id='word_1_741' title='bbox 3719 4771 3804 4805; x_wconf 83' lang='grc' dir='ltr'>και</span> <span class='ocrx_word' id='word_1_742' title='bbox 3853 4752 3924 4800; x_wconf 85' lang='grc' dir='ltr'>νό-</span> 
     </span>
    </p>
   </div>
   <div class='ocr_carea' id='block_1_107' title="bbox 2344 4832 3929 4914">
    <p class='ocr_par' dir='ltr' id='par_1_107' title="bbox 2344 4832 3929 4914">
     <span class='ocr_line' id='line_1_107' title="bbox 2344 4832 3929 4914; baseline -0.001 -25"><span class='ocrx_word' id='word_1_743' title='bbox 2344 4855 2440 4890; x_wconf 88' lang='grc' dir='ltr'>σου</span> <span class='ocrx_word' id='word_1_744' title='bbox 2500 4832 2864 4909; x_wconf 81' lang='grc' dir='ltr'>πεπεδημένην</span> <span class='ocrx_word' id='word_1_745' title='bbox 2928 4835 3191 4910; x_wconf 84' lang='grc' dir='ltr'>βαρύτητι</span> <span class='ocrx_word' id='word_1_746' title='bbox 3268 4857 3358 4891; x_wconf 87' lang='grc' dir='ltr'>και</span> <span class='ocrx_word' id='word_1_747' title='bbox 3418 4841 3574 4914; x_wconf 77' lang='grc' dir='ltr'>νάκη.</span> <span class='ocrx_word' id='word_1_748' title='bbox 3641 4836 3834 4896; x_wconf 68' lang='grc' dir='ltr'>Ἐτιδε</span> <span class='ocrx_word' id='word_1_749' title='bbox 3853 4855 3929 4890; x_wconf 83' lang='grc' dir='ltr'>και</span> 
     </span>
    </p>
   </div>
   <div class='ocr_carea' id='block_1_108' title="bbox 2339 4921 3928 5001">
    <p class='ocr_par' dir='ltr' id='par_1_108' title="bbox 2339 4921 3928 5001">
     <span class='ocr_line' id='line_1_108' title="bbox 2339 4921 3928 5001; baseline 0.003 -23"><span class='ocrx_word' id='word_1_750' title='bbox 2339 4930 2433 4985; x_wconf 78' lang='grc' dir='ltr'>τὴν</span> <span class='ocrx_word' id='word_1_751' title='bbox 2457 4926 2558 4978; x_wconf 79' lang='grc' dir='ltr'>ὑπὸ</span> <span class='ocrx_word' id='word_1_752' title='bbox 2591 4921 2744 4988; x_wconf 86' lang='grc' dir='ltr'>δέους</span> <span class='ocrx_word' id='word_1_753' title='bbox 2781 4927 2858 4978; x_wconf 87' lang='grc' dir='ltr'>ὅτι</span> <span class='ocrx_word' id='word_1_754' title='bbox 2892 4925 3136 4979; x_wconf 87' lang='grc' dir='ltr'>πλείστου</span> <span class='ocrx_word' id='word_1_755' title='bbox 3187 4925 3492 4998; x_wconf 84' lang='grc' dir='ltr'>ἀγωνιῶσαν</span> <span class='ocrx_word' id='word_1_756' title='bbox 3543 4935 3726 4984; x_wconf 89' lang='grc' dir='ltr'>σκόπει</span> <span class='ocrx_word' id='word_1_757' title='bbox 3769 4929 3928 5001; x_wconf 73' lang='grc' dir='ltr'>ψυχὴν</span> 
     </span>
    </p>
   </div>
   <div class='ocr_carea' id='block_1_109' title="bbox 2340 5013 3928 5088">
    <p class='ocr_par' dir='ltr' id='par_1_109' title="bbox 2340 5013 3928 5088">
     <span class='ocr_line' id='line_1_109' title="bbox 2340 5013 3928 5088; baseline 0.003 -21"><span class='ocrx_word' id='word_1_758' title='bbox 2340 5035 2428 5068; x_wconf 79' lang='grc' dir='ltr'>και</span> <span class='ocrx_word' id='word_1_759' title='bbox 2512 5014 2653 5088; x_wconf 87' lang='grc' dir='ltr'>μάλα</span> <span class='ocrx_word' id='word_1_760' title='bbox 2731 5033 2780 5066; x_wconf 89' lang='grc' dir='ltr'>τι</span> <span class='ocrx_word' id='word_1_761' title='bbox 2854 5013 3291 5087; x_wconf 80' lang='grc' dir='ltr'>τεθορυϐημένην,</span> <span class='ocrx_word' id='word_1_762' title='bbox 3374 5016 3624 5076; x_wconf 83' lang='grc' dir='ltr'>αἰσθονην</span> <span class='ocrx_word' id='word_1_763' title='bbox 3690 5015 3794 5077; x_wconf 78' lang='grc' dir='ltr'>ἤδη</span> <span class='ocrx_word' id='word_1_764' title='bbox 3853 5020 3928 5071; x_wconf 80' lang='grc' dir='ltr'>τῆς</span> 
     </span>
    </p>
   </div>
   <div class='ocr_carea' id='block_1_110' title="bbox 2637 5103 3927 5181">
    <p class='ocr_par' dir='ltr' id='par_1_110' title="bbox 2637 5103 3927 5181">
     <span class='ocr_line' id='line_1_110' title="bbox 2637 5103 3927 5181; baseline 0 -27"><span class='ocrx_word' id='word_1_765' title='bbox 2637 5123 2725 5155; x_wconf 87' lang='grc' dir='ltr'>και</span> <span class='ocrx_word' id='word_1_766' title='bbox 2806 5111 2906 5154; x_wconf 88' lang='grc' dir='ltr'>τῶν</span> <span class='ocrx_word' id='word_1_767' title='bbox 2970 5106 3058 5175; x_wconf 70' lang='grc' dir='ltr'>μὶν</span> <span class='ocrx_word' id='word_1_768' title='bbox 3127 5103 3488 5178; x_wconf 83' lang='grc' dir='ltr'>αἰσθητηρίων</span> <span class='ocrx_word' id='word_1_769' title='bbox 3569 5106 3927 5181; x_wconf 70' lang='grc' dir='ltr'>ἀναχῶροῦσαι</span> 
     </span>
    </p>
   </div>
   <div class='ocr_carea' id='block_1_111' title="bbox 2263 4529 2308 4584">
    <p class='ocr_par' dir='ltr' id='par_1_111' title="bbox 2263 4529 2308 4584">
     <span class='ocr_line' id='line_1_111' title="bbox 2263 4529 2308 4584; baseline 0 0"><span class='ocrx_word' id='word_1_770' title='bbox 2263 4529 2308 4584; x_wconf 90' lang='lat' dir='ltr'><strong>D</strong></span> 
     </span>
    </p>
   </div>
   <div class='ocr_carea' id='block_1_112' title="bbox 2339 5104 2554 5173">
    <p class='ocr_par' dir='ltr' id='par_1_112' title="bbox 2339 5104 2554 5173">
     <span class='ocr_line' id='line_1_112' title="bbox 2339 5104 2554 5173; baseline -0.009 -15"><span class='ocrx_word' id='word_1_771' title='bbox 2339 5104 2554 5173; x_wconf 81' lang='grc' dir='ltr'>λύσεως,</span> 
     </span>
    </p>
   </div>
   <div class='ocr_carea' id='block_1_113' title="bbox 2339 5191 3928 5269">
    <p class='ocr_par' dir='ltr' id='par_1_113' title="bbox 2339 5191 3928 5269">
     <span class='ocr_line' id='line_1_113' title="bbox 2339 5191 3928 5269; baseline -0.002 -23"><span class='ocrx_word' id='word_1_772' title='bbox 2339 5214 2428 5247; x_wconf 90' lang='grc' dir='ltr'>και</span> <span class='ocrx_word' id='word_1_773' title='bbox 2489 5191 2949 5267; x_wconf 81' lang='grc' dir='ltr'>ἀποῤῥηγνυμένην</span> <span class='ocrx_word' id='word_1_774' title='bbox 3009 5191 3261 5264; x_wconf 71' lang='grc' dir='ltr'>ὁργάνων,</span> <span class='ocrx_word' id='word_1_775' title='bbox 3324 5202 3431 5256; x_wconf 85' lang='grc' dir='ltr'>τοῖς</span> <span class='ocrx_word' id='word_1_776' title='bbox 3487 5191 3550 5249; x_wconf 89' lang='grc' dir='ltr'>δέ</span> <span class='ocrx_word' id='word_1_777' title='bbox 3640 5197 3928 5269; x_wconf 82' lang='grc' dir='ltr'>φωνητικοῖς</span> 
     </span>
    </p>
   </div>
   <div class='ocr_carea' id='block_1_114' title="bbox 2339 5281 3928 5357">
    <p class='ocr_par' dir='ltr' id='par_1_114' title="bbox 2339 5281 3928 5357">
     <span class='ocr_line' id='line_1_114' title="bbox 2339 5281 3928 5357; baseline 0.001 -21"><span class='ocrx_word' id='word_1_778' title='bbox 2339 5283 2512 5356; x_wconf 86' lang='grc' dir='ltr'>ὀλίγον</span> <span class='ocrx_word' id='word_1_779' title='bbox 2583 5282 2901 5355; x_wconf 70' lang='grc' dir='ltr'>ἐμπνέουσαν</span> <span class='ocrx_word' id='word_1_780' title='bbox 2964 5301 3054 5333; x_wconf 91' lang='grc' dir='ltr'>και</span> <span class='ocrx_word' id='word_1_781' title='bbox 3126 5286 3443 5354; x_wconf 76' lang='grc' dir='ltr'>ένηχοῦσοὲν,</span> <span class='ocrx_word' id='word_1_782' title='bbox 3513 5300 3630 5355; x_wconf 80' lang='grc' dir='ltr'>και,</span> <span class='ocrx_word' id='word_1_783' title='bbox 3689 5285 3732 5338; x_wconf 83' lang='grc' dir='ltr'>εἰ</span> <span class='ocrx_word' id='word_1_784' title='bbox 3772 5284 3838 5357; x_wconf 66' lang='grc' dir='ltr'>μή</span> <span class='ocrx_word' id='word_1_785' title='bbox 3881 5281 3928 5331; x_wconf 56' lang='lat' dir='ltr'><strong>Ta</strong></span> 
     </span>
    </p>
   </div>
   <div class='ocr_carea' id='block_1_115' title="bbox 2339 5372 3660 5445">
    <p class='ocr_par' dir='ltr' id='par_1_115' title="bbox 2339 5372 3660 5445">
     <span class='ocr_line' id='line_1_115' title="bbox 2339 5372 3660 5445; baseline 0 -19"><span class='ocrx_word' id='word_1_786' title='bbox 2339 5373 2488 5426; x_wconf 81' lang='grc' dir='ltr'>πλέον</span> <span class='ocrx_word' id='word_1_787' title='bbox 2558 5373 2768 5444; x_wconf 83' lang='grc' dir='ltr'>ἄσημον</span> <span class='ocrx_word' id='word_1_788' title='bbox 2844 5390 2935 5422; x_wconf 89' lang='grc' dir='ltr'>και</span> <span class='ocrx_word' id='word_1_789' title='bbox 3003 5375 3483 5445; x_wconf 67' lang='grc' dir='ltr'>παρακεκομμένον,</span> <span class='ocrx_word' id='word_1_790' title='bbox 3552 5372 3660 5426; x_wconf 72' lang='grc' dir='ltr'>ἀλλ’</span> 
     </span>
    </p>
   </div>
   <div class='ocr_carea' id='block_1_116' title="bbox 2342 5453 3925 5536">
    <p class='ocr_par' dir='ltr' id='par_1_116' title="bbox 2342 5453 3925 5536">
     <span class='ocr_line' id='line_1_116' title="bbox 2342 5453 3925 5536; baseline -0.001 -20"><span class='ocrx_word' id='word_1_791' title='bbox 2342 5462 2455 5516; x_wconf 72' lang='grc' dir='ltr'>ὅλον</span> <span class='ocrx_word' id='word_1_792' title='bbox 2494 5460 2847 5536; x_wconf 78' lang='grc' dir='ltr'>ἀποτρόπαιον</span> <span class='ocrx_word' id='word_1_793' title='bbox 2904 5480 2995 5512; x_wconf 87' lang='grc' dir='ltr'>και</span> <span class='ocrx_word' id='word_1_794' title='bbox 3053 5467 3571 5536; x_wconf 78' lang='grc' dir='ltr'>κατηναγκασμένον.</span> <span class='ocrx_word' id='word_1_795' title='bbox 3631 5460 3811 5516; x_wconf 86' lang='grc' dir='ltr'>Σκόπει</span> <span class='ocrx_word' id='word_1_796' title='bbox 3866 5453 3925 5514; x_wconf 79' lang='grc' dir='ltr'>δὴ</span> 
     </span>
    </p>
   </div>
   <div class='ocr_carea' id='block_1_117' title="bbox 3740 5369 3928 5425">
    <p class='ocr_par' dir='ltr' id='par_1_117' title="bbox 3740 5369 3928 5425">
     <span class='ocr_line' id='line_1_117' title="bbox 3740 5369 3928 5425; baseline -0.032 0"><span class='ocrx_word' id='word_1_797' title='bbox 3740 5369 3823 5425; x_wconf 79' lang='grc' dir='ltr'>οὖν</span> <span class='ocrx_word' id='word_1_798' title='bbox 3881 5371 3928 5421; x_wconf 80' lang='grc' dir='ltr'>τό</span> 
     </span>
    </p>
   </div>
   <div class='ocr_carea' id='block_1_118' title="bbox 652 5637 3568 5756">
    <p class='ocr_par' dir='ltr' id='par_1_118' title="bbox 652 5637 3568 5756">
     <span class='ocr_line' id='line_1_118' title="bbox 652 5637 3568 5756; baseline -0.001 -16"><span class='ocrx_word' id='word_1_799' title='bbox 652 5681 736 5756; x_wconf 76' lang='grc'>(1)</span> <span class='ocrx_word' id='word_1_800' title='bbox 765 5682 954 5749; x_wconf 85' lang='lat' dir='ltr'><strong>Quem</strong></span> <span class='ocrx_word' id='word_1_801' title='bbox 977 5678 1294 5754; x_wconf 84' lang='lat' dir='ltr'><strong>compellet</strong></span> <span class='ocrx_word' id='word_1_802' title='bbox 1320 5676 1525 5736; x_wconf 86' lang='lat' dir='ltr'><strong>nescio</strong></span> <span class='ocrx_word' id='word_1_803' title='bbox 1552 5686 1566 5745; x_wconf 84' lang='lat'><strong>;</strong></span> <span class='ocrx_word' id='word_1_804' title='bbox 1607 5692 1682 5735; x_wconf 85' lang='lat' dir='ltr'>ex</span> <span class='ocrx_word' id='word_1_805' title='bbox 1708 5654 2097 5749; x_wconf 68' lang='lat' dir='ltr'><strong>sequentibus</strong></span> <span class='ocrx_word' id='word_1_806' title='bbox 2124 5639 2550 5750; x_wconf 72' lang='lat' dir='ltr'><strong>imperatorem</strong></span> <span class='ocrx_word' id='word_1_807' title='bbox 2579 5672 2829 5750; x_wconf 80' lang='lat' dir='ltr'><strong>adloqui</strong></span> <span class='ocrx_word' id='word_1_808' title='bbox 2850 5637 3140 5748; x_wconf 75' lang='lat' dir='ltr'><strong>suspicari</strong></span> <span class='ocrx_word' id='word_1_809' title='bbox 3169 5647 3304 5749; x_wconf 80' lang='lat' dir='ltr'><strong>quis</strong></span> <span class='ocrx_word' id='word_1_810' title='bbox 3333 5649 3568 5750; x_wconf 61' lang='lat' dir='ltr'><strong>poterit:</strong></span> 
     </span>
    </p>
   </div>
  </div>
