4130 6448
197 360 336 419 1473
1609 348 1864 411 TESTAH

1969 350 2136 413 TUM.
3121 389 3137 401 -
3427 361 3564 418 1474·

190 494 364 540 ταῦτα
396 505 409 518 ⁸
433 485 545 552 καὶ,
568 483 613 536 εἴ
630 500 691 555 7!
728 485 800 555 μὴ
867 479 1045 557 βούλει
1101 481 1450 557 λυμαίνεσθαι
1496 485 1612 543 ταῖς
1666 477 1800 539 ἆλη-
1829 483 1864 535 Α

1971 479 2151 550 dicio,
2224 482 2375 555 jube
2441 482 2676 544 validos
2751 487 2811 542 et
2865 500 3112 558 corpore
3172 501 3245 543 ac
3312 478 3593 544 sanitate'

191 578 378 646 θείαις,
435 569 531 636 δὸς
593 575 654 626 τὸ
715 573 903 645 κράτος
966 578 1072 634 τοῖς
1122 577 1215 626 καὶ
1264 567 1539 648 προδήλως
1588 568 1647 623 ἐκ
1702 575 1799 621 τῶν

1969 568 2192 626 ὼιιειοε
2228 587 2352 629 non
2381 589 2526 631 vero
2550 573 2964 646 frangentibus
2994 589 3067 632 ac
3099 573 3567 633 dissolventibus

189 667 351 718 όντων
411 667 502 715 καὶ
578 664 892 735 φαινομένων
945 666 1392 736 κραταιουμένοις,
1439 664 1529 714 καὶ
1577 660 1798 724 πάντας,

1969 659 2138 716 .orbis
2150 658 2493 720 laborantes
2506 668 2565 720 et
2586 664 2840 734 agitatos
2850 667 3229 732 ,testamenta
3249 664 3567 723 conﬁcere.

191 755 299 828 ὅγε
337 749 548 815 δίκαιος
592 754 654 805 σὸ
708 754 988 829 νομοθέτης
1043 757 1134 806 καὶ
1187 761 1287 805 τῶν
1340 752 1506 827 ὀρθῶν
1553 766 1804 823 μεταποι-

1969 764 1994 805 c
2022 749 2203 807 simul
2225 751 2534 823 judicibus
2557 756 2719 825 juste
2747 753 3008 827 praecipe
3038 758 3105 810 ut
3132 753 3354 812 talibus
3384 758 3569 813 testa-

192 846 409 918 ούμενος
491 841 700 915 ψήφων,
784 843 938 894 τάττε
969 840 1228 916 ἰσχυροὺς
1256 845 1403 907 ὄντας
1432 843 1522 893 καί
1547 837 1806 912 ἀκμαίους

1969 839 2131 897 Lentis
2171 842 2502 913 praisertim
2540 841 2889 900 adhaereant
2934 857 3005 900 ac
3051 859 3116 900 se
3135 847 3291 902 totos
3340 844 3571 918 impen-

194 932 245 988 ἇν
319 933 471 1008 ῥώμῃ
540 937 784 1004 σώματος
835 936 927 984 καὶ
985 932 1208 1003 ύγείαις,
1265 928 1393 983 ἀλλὰ
1443 932 1517 1002 μὴ
1570 945 1805 981 καταπα-

1969 932 2080 997 ant,
2100 929 2347 988 minime
2372 931 2670 990 rationem
2691 931 2971 989 eamdem
2992 948 3203 990 eorum
3223 949 3360 1007 quae
3403 934 3575 992 aliter

194 1023 478 1084 λαιούσαις
566 1024 739 1083 νόσοις
791 1026 881 1075 καὶ
937 1020 1337 1095 παραλυούσαις
1383 1026 1477 1072 τοῦ
1527 1018 1624 1091 ζῇν
1673 1015 1809 1089 ἁγω·

1969 1022 2088 1087 unt,
2118 1017 2431 1077 habentes.
2456 1023 2621 1077 Hanc
2641 1021 2837 1093 legem
2859 1021 3038 1092 feras,
3057 1021 3214 1079 bene
3230 1022 3571 1092 consulens,

195 1120 408 1173 νιῶντας
473 1113 563 1163 καὶ
651 1114 1128 1183 κατατεινομίνους,
1188 1105 1457 1168 διαθηκῶν
1487 1108 1806 1182 μεμνῆσθαι.

1969 1122 2120 1164 ;non
2147 1107 2331 1166 modo
2356 1108 2674 1183 justitiam,
2704 1101 2811 1167 sed
2841 1111 3225 1169 etutilitatem
3254 1111 3572 1169 intendens

203 1206 307 1257 Kal
343 1200 456 1276 ἃμα
501 1196 785 1262 δικασταῖς
831 1196 1049 1261 ἐνδίκως
1105 1197 1344 1275 ἐπίτρεπε
1393 1204 1508 1260 τοῖς
1557 1198 1810 1258 τοιούτοις

1969 1213 2046 1254 ιω
2075 1198 2396 1268 testatoris,
2431 1203 2561 1256 tum
2588 1199 2904 1257 haeredum
2933 1199 3226 1273 ipsorum.

202 1289 394 1366 μᾶλλον
466 1296 568 1343 τῶν
649 1286 1023 1362 διαταγμάτων
1098 1291 1444 1364 προσανέχειν
1512 1290 1603 1338 καὶ
1676 1285 1820 1347 ὅλους
1894 1286 2108 1348 ἑαυτούς
2181 1285 2453 1361 ἐπινέμειν,
2538 1296 2638 1341 τῶν
2742 1289 2925 1366 ἑτέρως
2979 1295 3292 1364 γιγνομένων
3359 1296 3432 1365 μὴ
3489 1296 3576 1346 τόν

202 1400 320 1451 ἶσον
367 1377 520 1452 λόγον
575 1382 774 1438 ἣκιστα
826 1382 1224 1452 πεποιημένους.
1280 1384 1461 1431 Ταῦτα
1503 1371 1570 1435 δὴ
1634 1376 1921 1449 νομοθέτει,
1985 1375 2156 1439 καλῶς
2228 1374 2624 1451 ἐπεσκεμμένος,
2678 1383 2769 1431 καὶ
2826 1386 2920 1432 τοῦ
2978 1376 3189 1434 δικαίου
3272 1386 3345 1454 μὴ
3401 1386 3576 1455 μόνον,

205 1469 335 1523 ἀλλά
398 1488 451 1522 τι
533 1472 623 1521 καὶ
685 1476 778 1521 τοῦ
852 1472 1204 1543 συμφέροντος
1266 1473 1340 1537 τῷ
1423 1484 1481 1519 τε
1551 1461 1954 1540 κληροδοτοῦντι
2018 1471 2111 1519 καὶ
2196 1473 2300 1527 τοῖς
2345 1467 2777 1543 κληρονομοῦσιν,
2805 1470 2873 1532 ὡς
2922 1469 3074 1540 εἰκὸς,
3128 1473 3578 1545 προμηθούμενος,

280 1566 399 1622 Πῶς
480 1566 574 1612 τοῦ
649 1562 1000 1633 συμφέροντος
1070 1574 1084 1612 :
1160 1565 1364 1632 πρῶτον
1431 1558 1521 1629 μὲν
1578 1557 1660 1608 ὅτι
1706 1558 1864 1612 κατἸ

1988 1555 2306 1626 Quomodo
2335 1556 2570 1614 utilitati
2598 1557 3065 1624 consules?Quia
3093 1560 3343 1618 omnino
3370 1561 3577 1633 libere,

209 1647 451 1712 ἐξουσίαν
474 1654 672 1717 πᾶσαν,
726 1649 849 1722 ὅπερ
908 1649 1055 1721 ἔφην,
1095 1642 1263 1720 μηδὲν
1316 1643 1504 1707 ἐκεῖνος
1554 1642 1819 1718 βιασθεὶς,

1969 1651 1995 1703 .t
2015 1645 2313 1713 dicebam,
2344 1661 2543 1718 neque
2570 1652 2835 1715 coactus,
2863 1663 3062 1721 neque
3090 1648 3211 1705 ullo
3240 1650 3426 1708 modo
3458 1652 3583 1723 agi-

204 1735 342 1814 μηδ’
372 1736 459 1791 ὑπ’
484 1733 696 1799 οὐδενός
732 1738 871 1809 ἔχων
933 1739 1374 1811 σπαρασσομένην
1424 1738 1520 1794 τὴν
1572 1730 1821 1808 καρδίαν,

1969 1740 2123 1792 itum
2159 1750 2263 1790 cor
2297 1734 2515 1802 ferens,
2549 1736 2655 1793 sed
2682 1735 2934 1793 libenter
2961 1752 3032 1793 ac
3059 1736 3263 1807 libere,
3300 1755 3437 1812 quae
3464 1740 3586 1813 ipsi

214 1828 323 1882 ἀλλ’
375 1824 560 1888 ἀνέτως
613 1827 858 1900 πράττων
922 1830 1014 1879 καὶ
1068 1824 1343 1900 ἐλευθέρως
1387 1826 1455 1877 τὰ
1507 1819 1819 1897 δεδογμένα,

1969 1838 2090 1880 ona
2117 1821 2396 1879 videntur
2424 1822 2668 1894 faciens,
2703 1823 2813 1882 scit
2833 1829 2889 1881 et
2948 1823 3213 1882 dividere
3260 1831 3316 1883 et
3361 1843 3585 1901 procu-

213 1914 329 1971 οἶδε
390 1920 481 1969 καὶ
520 1913 742 1991 διαιρεῖν
791 1920 881 1969 καὶ
932 1918 1265 1990 πρυτανεύειν
1313 1917 1679 1989 προσηκόντως
1733 1917 1824 1966 καὶ

1969 1928 2066 1970 are
2097 1912 2538 1979 convenienter,
2571 1913 2869 1987 quidquid
2898 1914 3037 1972 utile
3065 1915 3174 1974 erit
3193 1920 3321 1973 tum
3339 1916 3584 1989 viventi,

213 2009 283 2070 ὡς
358 2007 498 2078 αύτῷ
577 2010 811 2059 συνοίσει
891 2010 982 2058 καὶ
1057 2005 1212 2065 ζῶντι
1285 2008 1376 2057 καὶ
1440 2001 1775 2077 ἁποιχομένῳ
1807 2022 1822 2037 ο

1969 2018 2061 2060 um
2082 2000 2363 2058 defuncto
2394 2019 2408 2071 ;
2441 2001 2657 2059 deinde
2670 2003 2815 2077 quia
2839 2003 2947 2077 qui
2970 2009 3172 2077 partes
3201 2005 3586 2077 obtinuerint,

211 2096 378 2151 ἔπειθ’
403 2097 485 2149 ὅτι
513 2099 601 2149 καὶ
629 2097 678 2149 οἱ
711 2098 805 2158 τὰς
830 2090 1046 2168 μερίδας
1083 2092 1431 2166 λαγχάνοντες
1482 2089 1634 2146 οὐδὲν
1684 2091 1827 2163 αύτῷ

1969 2106 2130 2166 [eque
2153 2090 2216 2147 in
2236 2090 2437 2163 ipsum
2484 2091 2718 2148 infenso
2770 2093 2977 2150 animo
3032 2099 3226 2165 erunt,
3274 2110 3473 2169 neque
3537 2096 3593 2152 ei

216 2184 640 2263 προσκόψουσιν,
681 2181 798 2237 οὐδ’
843 2182 1096 2256 ἐπαχθεῖς
1146 2202 1281 2245 τινες
1334 2185 1541 2236 ἔσονται
1590 2186 1680 2235 καὶ
1731 2179 1828 2254 βοι-

1969 2182 2265 2254 mportuni
2294 2185 2351 2236 et
2378 2179 2633 2251 molesti,
2663 2196 2788 2238 una
2812 2197 2952 2238 cum
2993 2181 3210 2240 morbo
3265 2199 3406 2241 eum
3460 2200 3593 2259 pre-

219 2282 344 2350 ρεῖς,
421 2277 861 2347 σννεπιτιθέμενοι
929 2275 1061 2346 μετὰ
1121 2279 1215 2336 τῆς
1274 2276 1452 2341 νόσου,
1509 2274 1602 2325 καί
1654 2273 1829 2344 γετὸν

1969 2274 2190 2339 nentes,
2220 2273 2277 2325 et
2293 2270 2494 2342 ipsum
2507 2269 2867 2329 calamitatis
2894 2276 3132 2346 tempus
3162 2273 3507 2347 cupiditatis
3538 2279 3596 2333 et

220 2374 313 2427 τῆς
379 2365 737 2439 περιστάσεως
809 2366 992 2437 καιρόν
1077 2365 1209 2436 πρὸς
1252 2366 1346 2422 τὴν
1406 2360 1694 2425 πλεονεξίαν
1742 2364 1833 2413 καὶ

1969 2357 2120 2416 nalae
2153 2358 2497 2417 ambitionis
2518 2359 2897 2418 auxiliarium
2914 2361 3266 2420 adhibentes
3295 2381 3308 2434 ;
3332 2363 3438 2420 sed
3458 2380 3598 2421 con-

224 2459 394 2514 κακὴν
467 2452 746 2527 ἐπιθυμίαν
812 2450 1295 2526 προσλαμϐάνοντες
1348 2455 1656 2525 σύμμαχον,
1708 2449 1836 2503 ἀλλὰ

1969 2448 2177 2506 ributis
2203 2449 2467 2506 contenti
2519 2454 2712 2518 erunt,
2767 2449 2925 2507 bene
2977 2450 3231 2509 scientes
3285 2452 3434 2510 nihil
3485 2453 3599 2511 sibi

224 2545 505 2620 στέρξουσι
557 2550 663 2604 τοῖς
728 2544 1020 2616 νεμηθεῖσι,
1084 2550 1261 2616 σαφῶς
1317 2537 1513 2603 εἰδότες
1564 2543 1631 2602 ὡς
1685 2535 1836 2593 οὐδὲν

1969 2538 2089 2612 psis
2113 2537 2376 2610 amplius
2403 2537 2695 2607 futurum,
2750 2540 2803 2594 si
2852 2538 2979 2596 vim
3025 2540 3377 2612 adhibeant,
3431 2541 3602 2600 simul

225 2635 410 2696 αὐτοῖς
485 2632 735 2707 αύμενοᾶν
810 2636 959 2686 ἔσται
1015 2631 1164 2686 πλέον
1227 2630 1585 2706 βιασαμένοις,
1630 2630 1742 2704 ἅμα
1781 2626 1840 2683 δε

1969 2643 2086 2683 rero
2114 2630 2447 2683 metuentes
2474 2641 2550 2683 ne
2592 2627 2671 2684 ab
2730 2626 3017 2685 omnibus
3074 2628 3492 2702 destituantur,
3551 2631 3604 2687 si

227 2728 321 2777 καὶ
383 2719 614 2786 δεδιότες
671 2727 743 2797 μὴ
792 2730 886 2776 τοῦ
938 2725 1126 2783 παντὸς
1181 2719 1530 2781 ἐκστήσονται
1560 2716 1842 2774 διαπεσόν-

1971 2720 2217 2788 ngratos
2246 2730 2308 2773 se
2337 2731 2450 2788 pro
2480 2715 2738 2787 gratuito
2770 2715 3009 2774 donatis
3066 2718 3404 2777 ostendant.
3449 2720 3606 2777 Licet

228 2829 332 2881 τες,
384 2816 703 2887 οχαριστίαν
762 2810 845 2865 ἐπὶ
909 2818 1022 2873 τοῖς
1079 2807 1277 2886 δωρεὰν
1335 2813 1530 2870 ἣκουσι
1573 2829 1845 2879 καταγνω-

1969 2806 2113 2864 anim
2143 2804 2344 2862 statim
2370 2804 2537 2862 aliud
2570 2808 2997 2864 testamentum
3026 2807 3339 2880 conﬁcere,
3367 2813 3425 2866 et
3448 2825 3521 2866 ex
3532 2823 3604 2866 eo

229 2905 450 2964 σθέντες.
512 2900 722 2966 Ἔξεστι
809 2903 912 2977 γὰρ
974 2900 1127 2964 εύθύς
1215 2904 1307 2954 καὶ
1379 2896 1846 2954 ἐπιδιατάττεσθαι

1969 2895 2202 2955 )mnino
2224 2894 2492 2966 ingratos
2513 2893 2849 2965 excludere,
2874 2896 3056 2969 gratis
3075 2913 3218 2955 vero
3237 2898 3605 2956 immobilem

228 2997 322 3046 καὶ
390 2999 487 3055 τῆς
551 2988 820 3053 διαθήκης
873 2990 1130 3052 παντελῶς
1179 2993 1273 3043 τού
1331 2988 1630 3063 ἀγνώμονας
1686 2987 1847 3064 ἐξορί-

1969 2990 2217 3044 statuere
2246 2984 2637 3041 donationem
2669 3001 2683 3053 ;
2710 2985 2934 3059 quibus
2958 2990 3015 3043 et
3060 2987 3310 3045 contulit
3358 2989 3608 3045 omnino

241 3081 370 3150 ζειν,
435 3087 548 3144 τοῖς
629 3076 679 3133 δ’
764 3080 1176 3154 εὐγνωμονοῦσιν
1257 3080 1627 3153 ἀμετακίνητον
1681 3084 1846 3131 ποιεῖν

1969 3075 2188 3148 absque
2214 3073 2315 3132 lite
2346 3089 2415 3131 ac
2439 3075 2847 3132 controversia
2875 3079 2934 3132 et
2980 3080 3116 3133 ante
3172 3076 3493 3135 tribunalia
3539 3094 3611 3136 ac

236 3170 452 3224 ἑστάναι
481 3175 577 3229 τὴν
602 3172 766 3244 χάριν
800 3191 812 3204 ·
854 3169 934 3232 οἷς
998 3174 1089 3222 καὶ
1146 3173 1426 3241 συνήνεγκε
1482 3170 1706 3237 πάντως,
1738 3187 1850 3240 χωο

1969 3164 2289 3238 adjudices
2333 3163 2631 3233 citatione,
2671 3164 3000 3237 praestituto
3051 3164 3148 3223 die
3202 3166 3612 3224 haereditatem

233 3264 319 3334 ρὶς
348 3256 522 3334 ἔριδος
549 3258 764 3321 ἀπάσης
791 3263 882 3311 καὶ
914 3258 1224 3332 φιλονεικίας
1269 3262 1359 3311 καί
1411 3265 1504 3319 τῆς
1560 3257 1645 3311 ἐπὶ
1700 3253 1852 3310 δικα-

1969 3252 2407 3327 accipientibus,
2430 3251 2620 3310 multo
2641 3256 2780 3310 ante
2800 3252 3202 3328 distributam,
3221 3260 3385 3329 tunc,
3408 3261 3474 3314 ut
3490 3257 3614 3314 dis-

236 3354 435 3426 στήρια
507 3353 598 3402 καὶ
680 3344 940 3410 δικαστὰς
1014 3347 1213 3415 ἕλξεως,
1289 3345 1625 3421 ἀπειληφὸσιν
1681 3344 1731 3399 ἐν
1783 3352 1847 3419 τῇ

1969 3343 2234 3402 tributori
2260 3341 2505 3416 placuit,
2535 3358 2638 3400 eas
2663 3359 2804 3399 suas
2833 3343 3064 3402 fecisse.

233 3441 536 3516 προθεσμίᾳ
603 3441 723 3500 τούς
783 3437 1031 3515 κλήρους,
1096 3436 1269 3510 πολλῷ
1348 3440 1439 3511 μεν
1501 3439 1748 3513 πρότερον
1823 3432 2311 3507 ἆπονινεμημίνους,
2393 3436 2509 3486 τότε
2561 3428 2636 3504 δ’,
2695 3435 2765 3495 ὡς
2814 3429 2963 3497 ἔδοξε
3003 3442 3077 3506 τῷ
3135 3431 3381 3508 διελόντι,
3435 3439 3617 3511 σφίσιν

236 3528 421 3591 αὐτοῖς
455 3528 865 3590 εἰσποιηθέντας.
2693 3595 2701 3600 ,
3022 3516 3025 3525 1

315 3622 415 3672 Καὶ
441 3622 613 3671 τοίνυν
645 3614 804 3681 δόξαν
853 3616 1277 3691 μεγαλοψυχίας,
1334 3616 1447 3689 ἅμα
1498 3610 1560 3669 δε
1596 3619 1686 3669 καὶ
1715 3613 1853 3688 φιλο-

2031 3612 2226 3686 Atque
2254 3611 2435 3683 igitur
2474 3610 2989 3682 magnanimitatis
3053 3617 3110 3672 et
3149 3613 3399 3673 honoris
3447 3618 3505 3673 et
3557 3614 3621 3672 in

243 3719 430 3790 τιμίας
478 3719 569 3769 καὶ
619 3721 718 3779 τῆς
767 3719 888 3790 περὶ
941 3717 1001 3768 τό
1054 3718 1306 3791 παρέχειν
1364 3713 1675 3787 ἐλευθερίας,
1732 3716 1857 3765 πότε

1969 3702 2167 3760 dando
2185 3700 2557 3791 liberalitatis
2570 3700 2926 3791 opinionem
2948 3701 3065 3760 sibi
3085 3704 3356 3778 acquirat
3377 3704 3622 3777 justius,

238 3813 434 3889 μᾶλλον
494 3809 717 3876 δικαίως
774 3815 1053 3868 ἁποίσεταί
1104 3833 1199 3884 τις,
1249 3812 1304 3865 ἐκ
1362 3819 1462 3865 των
1506 3809 1713 3865 ἐνόντων
1764 3814 1856 3864 καὶ

1969 3791 2015 3848 si
2043 3807 2117 3848 ex
2144 3790 2227 3848 eis
2257 3806 2395 3864 quae
2423 3789 2538 3863 ipsi
2565 3789 2824 3847 liberum
2855 3795 2944 3848 est
2979 3791 3124 3849 dare
3161 3798 3219 3851 et
3255 3793 3480 3867 quibus
3508 3793 3627 3850 frui

237 3910 310 3964 ὧν
364 3909 639 3966 ἀπολαύειν
696 3912 810 3984 ἔχει
882 3907 1053 3965 δοκῶν
1110 3909 1399 3984 ἀπονέμειν,
1462 3908 1492 3967 ἦ
1552 3892 1680 3960 τῶν²
1718 3906 1862 3961 ἀλλο.

1969 3885 2182 3956 potest,
2202 3880 2346 3938 dare
2366 3879 2625 3950 videtur,
2655 3895 2844 3953 quam
2876 3881 2923 3936 si
2951 3880 3067 3954 ipsi
3090 3882 3220 3953 jam
3244 3887 3488 3940 externa
3517 3888 3573 3940 et
3592 3899 3626 3940 e

1967 3968 2190 4043 quibus
2220 3968 2494 4026 excidere
2509 3967 2692 4025 invite
2714 3967 2991 4026 creditur.
3016 3971 3242 4027 Etenim
3264 3970 3326 4028 in
3346 3973 3628 4029 extremis

1967 4058 2116 4116 nihil
2144 4058 2370 4133 proprii
2395 4073 2603 4115 secum
2631 4057 2783 4116 ferre
2818 4058 3046 4129 valens,
3083 4060 3489 4134 omnibusque
3525 4061 3628 4119 de-

1970 4148 2458 4222 nudatus,eaque
2478 4147 2877 4206 distribuendi
2897 4165 3091 4222 capax
3115 4150 3292 4223 quasi
3310 4167 3630 4225 nunquam

1894 4261 1940 4316 D
1975 4239 2054 4297 ad
2074 4254 2136 4295 se
2155 4237 2609 4311 pertinuissent;
2619 4236 2728 4294 etsi
2753 4238 2958 4294 omnia
2972 4239 3354 4312 cupientibus
3372 4240 3629 4311 cederet,

1974 4343 2101 4385 non
2133 4326 2329 4400 magis
2355 4326 2600 4400 propria
2620 4325 2850 4384 donare
2868 4326 3124 4397 videtur,
3156 4344 3345 4402 quam
3376 4329 3575 4388 aliena
3615 4348 3631 4396 ;

245 4409 429 4478 τίχειν
485 4404 606 4456 ὅσον
686 4407 777 4457 καὶ
852 4410 953 4456 τῶν
1026 4399 1292 4476 μηδέποτε
1355 4403 1864 4475 προσγεγενημένων,

1976 4433 2115 4492 quae
2144 4399 2305 4473 enim
2331 4399 2460 4487 jam
2488 4429 2612 4472 non
2640 4413 2799 4471 valet
2849 4399 3194 4485 continere;
3218 4416 3451 4474 dimisit.
3504 4420 3635 4476 Non

249 4501 354 4559 κᾶν
422 4503 594 4555 πάντα
651 4507 863 4576 προοῖτο
919 4507 1031 4564 τοῖς
1079 4499 1434 4575 βουλομένοις,
1488 4495 1639 4553 ούδεν
1681 4497 1864 4573 μᾶλλον

1979 4505 2142 4564 enim
2178 4508 2321 4562 tunc
2375 4502 2472 4561 vel
2519 4502 2992 4576 generosissimis
3038 4510 3311 4563 remanet
3351 4505 3508 4563 ullus
3555 4505 3638 4564 ad

256 4594 429 4649 οἰκεῖα
457 4587 607 4645 δοκεῖ
633 4590 663 4651 ἦ
704 4593 832 4645 νόθα
882 4592 1345 4666 καταχαρίζεσθαι
1377 4611 1390 4624 ·
1423 4589 1459 4642 ἃ
1499 4592 1602 4666 γὰρ
1662 4593 1734 4663 μὴ
1791 4584 1864 4641 δε-

1980 4595 2367 4670 praesentium
2422 4591 2733 4666 quodlibet
2786 4591 3055 4651 affectus.
3114 4595 3429 4662 Quomodo
3476 4596 3640 4653 enim

260 4685 490 4748 δύνηται
514 4691 774 4761 κατέχειν,
837 4690 1052 4761 μεθῆκε.
1105 4692 1207 4742 Καὶ
1261 4694 1389 4761 γοῦν
1431 4683 1550 4741 οὐδ’
1598 4688 1712 4740 ἔστι
1762 4689 1864 4739 τότε

1981 4682 2369 4743 remaneret?
2395 4682 2619 4749 Quibus
2643 4681 2774 4754 jam
2801 4697 2925 4739 non
2952 4682 3138 4742 modo
3190 4684 3536 4743 divitiarum
3566 4700 3639 4742 ac

259 4775 392 4833 οὐδέ
432 4797 491 4852 γε
526 4785 636 4842 τοῖς
687 4777 1097 4853 ὶμπαθεστάτοις
1158 4780 1292 4853 πρὸς
1347 4773 1499 4831 ούδὶν
1541 4784 1641 4829 τῶν
1688 4795 1864 4852 παρον-

1984 4761 2191 4848 opum,
2220 4770 2327 4828 sed
2353 4775 2410 4828 et
2430 4771 2697 4844 corporis
2725 4770 3036 4828 dissolutio
3088 4772 3157 4829 ﬁt
3210 4778 3267 4830 et
3315 4773 3637 4847 depositio.

258 4887 365 4923 των
421 4863 646 4941 οὐδεμία
700 4869 1033 4943 προσπάθεια
1086 4886 1099 4901 ο
1155 4874 1263 4927 πῶς
1309 4867 1411 4941 γάρ
1447 4880 1461 4933 ;
1494 4862 1572 4929 οἷς
1634 4861 1743 4926 ἠδη
1802 4868 1864 4938 μή

1982 4862 2207 4920 Idcirco
2265 4876 2391 4918 non
2449 4860 2669 4918 ardent
2714 4860 2820 4934 qui
2860 4860 3028 4918 bona
3079 4861 3208 4934 ejus
3281 4863 3637 4935 percipiunt,

261 4962 422 5034 μόνον
478 4959 756 5031 κτημάτων
822 4961 913 5011 καὶ
963 4972 1303 5030 πραγμάτων,
1365 4952 1494 5007 ἀλλά
1526 4973 1580 5008 τι
1641 4958 1731 5007 καὶ
1786 4960 1864 5006 τοί

1984 4951 2071 5008 illi
2101 4949 2322 5021 gratias
2348 4962 2525 5020 agere
2548 4948 2799 5022 ejusque
2836 4948 3184 5006 meminisse
3210 4967 3231 5021 ;
3293 4949 3399 5007 sed
3442 4950 3520 5007 ab
3575 4949 3642 5006 id

266 5051 510 5121 σώματος
588 5046 737 5108 λύσις
800 5050 891 5100 καὶ
951 5044 1198 5108 ἀπόθεσις
1263 5047 1525 5117 γίγνεταί.
1591 5045 1687 5097 Διά
1731 5048 1864 5097 τοῡτι

1986 5038 2229 5097 mollem
2257 5037 2584 5094 ostendunt
2607 5040 2898 5103 mentem,
2920 5052 2991 5093 eo
3016 5036 3183 5110 quod
3201 5036 3319 5108 ille,
3373 5054 3515 5095 cum
3545 5053 3640 5096 sa-

262 5141 360 5193 καὶ
381 5134 506 5190 ούδέ
537 5138 718 5213 θερμοί
751 5140 884 5200 τινες
942 5136 1072 5191 εἰσιν
1120 5138 1169 5189 οἱ
1214 5141 1317 5188 τῶν
1375 5132 1566 5188 ἐκείνου
1622 5132 1864 5208 μεταλαγ-

1988 5131 2171 5187 nitate
2199 5127 2492 5184 frueretur
2515 5129 2573 5184 et
2596 5125 2845 5192 deliciis,
2873 5141 2999 5184 non
3030 5127 3322 5198 statuerit,
3370 5141 3447 5185 ne
3498 5128 3646 5186 scri-

266 5227 521 5302 χάνοντες
566 5225 832 5300 ὁμολογεῖν
871 5225 1038 5299 Ϊαύτῴ
1103 5228 1195 5278 καὶ
1251 5224 1386 5278 πάνυ
1467 5243 1521 5277 τι
1567 5226 1662 5283 τὴν
1711 5225 1864 5299 χάριν

1999 5223 2103 5293 pto
2136 5216 2404 5292 quidem,
2434 5216 2598 5274 bona
2627 5231 2742 5273 sna
2769 5216 2919 5287 ipsis
2952 5214 3327 5274 distribuere.

270 5314 714 5388 ἀπομνημονεύειν
773 5336 789 5352 ο
840 5314 947 5369 ἀλλ’
1042 5313 1365 5389 ἀμϐλυτέραν
1437 5314 1628 5367 ὡσανεὶ
1699 5314 1829 5387 πρὸς
1894 5315 2049 5364 τοῦτο
2141 5303 2437 5361 δείκνυνται
2504 5308 2597 5365 τὴν
2661 5309 2893 5378 γνώμην,
2953 5302 3029 5378 ἐφ’
3096 5312 3172 5369 οῖς
3229 5306 3403 5386 αὐτοῖς
3458 5306 3647 5372 ἐκεῖνος

268 5407 521 5478 ὗγιαίνων
608 5409 700 5459 καὶ
750 5412 956 5484 τρυφῶν
1024 5400 1158 5479 μηδ’
1217 5401 1390 5457 ἔϐαλεν
1467 5402 1538 5467 εἰς
1606 5407 1747 5472 νοῦν,
1827 5396 1957 5475 μηδ’
2041 5398 2162 5452 ὅσον
2227 5395 2276 5450 ἐν
2341 5402 2588 5473 γραφαῖς,
2637 5402 2740 5449 τῶν
2798 5398 3100 5471 προσόντων
3165 5393 3298 5470 μηδ’
3357 5399 3642 5453 ὁποσονοῦν

272 5493 573 5568 ἀπονεῖμαι.

348 5590 475 5663 Κιτι-
502 5586 620 5660 περὶ
663 5583 852 5659 ψυχῆς
929 5581 989 5639 δὶ
1038 5585 1219 5645 ἦντινα
1269 5585 1384 5638 τότε
1426 5585 1579 5657 μνίαν
1634 5585 1728 5637 καὶ
1774 5586 1864 5635 τῶι

2056 5578 2126 5636 Ει
2172 5576 2248 5636 de
2292 5576 2518 5648 anima,
2572 5591 2763 5651 quam
2788 5590 2953 5634 nunc
2998 5591 3231 5647 eorum,
3263 5592 3399 5653 quae
3451 5577 3650 5654 ipsam

276 5668 534 5748 δεομένων
589 5682 816 5733 ποιεῖται
890 5671 1102 5748 βοηθεῖν
1176 5671 1304 5749 αὐτῇ
1384 5664 1747 5747 δεδυνημένων
1803 5690 1864 5728 νε·

1985 5668 2274 5744 adjuvare
2293 5671 2539 5744 queant,
2601 5667 2973 5733 mentionem
3021 5664 3183 5744 facit,
3242 5685 3402 5744 eam,
3446 5673 3516 5738 ut
3568 5671 3652 5731 ita

240 4015 399 4086 τρίων
451 4006 795 4083 μεταδιδούς,
872 4014 964 4063 καὶ
1014 4009 1082 4062 ὧν
1133 4010 1273 4062 ἄκων
1350 4006 1614 4061 ἐκπίπτειν
1665 4009 1860 4080 νενόμι-

245 4126 374 4163 σται
423 4107 691 4171 καθάπαξ.
746 4112 848 4162 Καὶ
890 4109 993 4183 γὰρ
1060 4105 1109 4159 ἓν
1177 4113 1285 4169 τοῖς
1341 4104 1648 4166 τελευταίοις
1695 4100 1862 4178 μηδὲν

242 4214 351 4262 τῶν
425 4202 572 4260 ἰδίων
623 4209 760 4279 ἔχων
838 4205 952 4279 μεθ’
1036 4205 1221 4259 ἑαυτοῦ
1296 4207 1488 4280 φέρέιν,
1545 4204 1752 4257 πάντων
1815 4198 1864 4255 δθ

248 4308 583 4378 ἁπωσμίνος,
636 4308 728 4357 καί
787 4310 1038 4357 τοσοῦτον
1100 4299 1383 4376 δυνάμενος
1449 4301 1619 4355 αὐτῶν
1673 4318 1870 4375 συμμε-
