4120 6400
532 363 553 414 1
563 360 668 414 4⁸75

529 537 660 630 ὖέσί
681 573 936 641 gratam,
968 579 1109 620 cum
1139 575 1334 632 neque
1363 556 1460 612 lex
1487 558 1658 611 vetus
1679 545 1901 606 inﬁrmi
1954 537 2183 611 aliquid

530 667 633 718 aut
678 656 929 715 emortui
979 655 1041 708 in
1087 647 1448 706 sacriﬁcium
1504 639 1832 698 adhiberet.
1883 629 2182 698 Quoniam

529 751 690 806 enim
718 747 780 803 id
809 746 972 818 quod
999 740 1264 805 oﬂ'ertur,
1296 737 1481 791 vitam
1504 741 1818 800 nunquam
1849 722 2180 777 cessantem

527 835 1074 896 remunerationem
1089 829 1293 896 habet,
1309 840 1431 896 quo
1439 820 1620 878 modo
1631 819 1813 873 inane
1827 812 2140 867 offerretur
2154 804 2182 858 ‘?

528 894 838 1003 quomodo
867 930 924 980 et
949 894 1449 978 abominandum,
1479 915 1542 964 ut
1577 909 1695 978 jam
1747 901 1952 960 mortis
2005 894 2183 968 parti-

528 1035 671 1075 cens
695 1016 721 1069 ‘I

579 1035 671 1090 aps
700 1035 719 1069 ι

579 1111 647 1164 Et
675 1119 822 1162 sane
847 1101 959 1158 etsi
989 1098 1126 1171 quis
1153 1092 1395 1167 plurimi
1414 1090 1636 1145 faceret
1661 1089 1954 1154 tanquam
1979 1076 2181 1132 viven-

529 1198 614 1253 tia
629 1199 859 1250 mortuo
873 1192 1034 1246 dona
1044 1196 1372 1242 remanere,
1388 1192 1583 1249 neque
1609 1187 1853 1246 prorsus
1865 1162 2180 1234 corrumpi,

530 1303 602 1342 eo
639 1282 804 1356 quod
838 1295 961 1335 non
984 1292 1092 1348 pro
1115 1280 1379 1343 tempore
1406 1280 1601 1337 neque
1630 1258 1876 1334 quando
1930 1256 2183 1324 dignum

532 1379 679 1436 erat,
702 1371 810 1426 sed
839 1373 903 1424 ut
922 1346 1003 1422 ita
1027 1364 1251 1430 dicam,
1274 1356 1592 1414 morticina
1642 1351 1799 1406 facta
1846 1346 1982 1413 sint,
2032 1358 2183 1416 quo-

531 1431 697 1520 niam
716 1461 788 1516 iis
824 1473 935 1531 pro
965 1453 1171 1510 anima
1200 1455 1439 1519 tempus
1467 1442 1636 1499 adest
1687 1441 1775 1508 (ut
1815 1431 2184 1508 quibusdam

529 1553 749 1619 visum,
777 1553 833 1603 et
864 1543 1008 1601 mihi
1039 1554 1284 1614 quoque
1313 1532 1590 1600 videtur),
1617 1544 1754 1584 cum
1774 1524 1975 1582 adhuc
2012 1535 2184 1576 mens

532 1646 587 1697 et
616 1613 836 1710 corpus
864 1613 1079 1690 robore
1113 1645 1184 1685 ac
1209 1626 1461 1682 sanitate
1481 1621 1713 1678 ﬂorent.
1735 1614 1810 1671 ad
1836 1613 2187 1668 testamenta

531 1698 801 1785 eundum
827 1729 937 1789 est,
973 1726 1029 1778 et
1052 1718 1218 1774 bona
1245 1708 1592 1776 dividenda,
1624 1709 1681 1762 et
1723 1702 1946 1776 quibus
1967 1698 2180 1770 placet,

531 1814 939 1878 concedenda,
974 1826 1044 1866 eo
1076 1805 1242 1880 quod
1279 1801 1385 1875 qui
1421 1800 1484 1856 in
1515 1793 1793 1852 extremis
1831 1791 2186 1846 constitutus
2217 1801 2256 1854 Β

531 1909 695 1965 bona
728 1877 957 1967 dividit,
990 1877 1221 1956 nullam
1252 1891 1364 1948 sibi
1399 1905 1438 1944 a
1490 1884 1730 1944 nemine
1781 1878 2027 1936 honoris
2085 1877 2188 1929 aut

531 1963 735 2067 gratiae
763 1963 1200 2048 confessionem
1226 1976 1509 2035 vindicat.
1537 1971 1648 2029 Sed
1669 1969 1868 2024 adhuc
1898 1963 2186 2034 gratiores

531 2055 673 2141 Facit
709 2097 814 2137 eos
836 2093 940 2151 qui
964 2076 1026 2130 in
1065 2069 1439 2128 haereditates
1467 2061 1716 2118 veniunt
1745 2061 1799 2113 et
1828 2055 1996 2129 parvi
2027 2056 2184 2116 sunt,

533 2189 656 2246 quo
667 2145 891 2226 diutius
910 2161 1244 2231 etlongiore
1268 2160 1537 2226 tempore
1563 2153 1858 2205 noverunt
1891 2145 2186 2216 quantum

533 2261 686 2318 lucri
714 2256 927 2316 facturi
956 2254 1073 2309 sint
1100 2265 1208 2323 per
1239 2261 1343 2302 eos
1361 2241 1468 2315 qui
1493 2243 1630 2296 ante
1670 2253 1731 2291 se
1751 2233 2183 2306 perceperunt;

535 2364 733 2423 neque
765 2348 829 2403 in
859 2346 1002 2409 ﬁne,
1036 2319 1148 2396 etsi
1176 2335 1378 2393 minus
1417 2326 1712 2385 desiderio
1761 2328 1818 2378 et
1868 2319 2187 2393 cupiditate

536 2442 804 2498 ferantur
823 2440 927 2490 aut
954 2429 1200 2499 indigne
1215 2430 1271 2480 et
1305 2436 1462 2490 aegre
1493 2416 1928 2475 sustinent,aut
1958 2410 2017 2465 in
2049 2424 2186 2465 con-

535 2529 846 2586 cedentem
886 2521 1305 2589 indignantur,
1335 2515 1394 2566 et
1452 2524 1562 2580 pro
1593 2503 1776 2571 gratis
1831 2499 1963 2556 irati
2013 2499 2183 2552 ﬁunt.

535 2618 666 2674 Abit
683 2631 825 2672 vero
847 2586 1173 2679 etemigrat
1193 2597 1548 2673 tranquillus
1570 2594 1674 2667 qui
1691 2590 1960 2654 moritur,
1983 2586 2188 2660 quoad

533 2708 667 2764 illos
688 2705 920 2763 saltem,
935 2677 1132 2770 neque
1153 2693 1231 2749 ab
1257 2690 1375 2746 ullo
1395 2685 1665 2760 quolibet
1686 2679 1870 2736 modo
1889 2677 2183 2733 turbatur.

535 2801 758 2854 Etsane
813 2791 1179 2864 quicumque
1219 2796 1358 2836 cum
1415 2792 1488 2832 eo
1543 2769 1845 2842 conjuncti
1897 2773 2037 2822 sunt
2083 2765 2188 2822 toti

531 2886 718 2956 hujus
741 2881 925 2938 solius
957 2854 1243 2946 temporis
1266 2885 1336 2924 ac
1356 2867 1440 2922 rei
1459 2868 1616 2928 sunt,
1640 2859 1943 2929 soliusque
1965 2854 2188 2911 abeun-

535 2977 608 3032 tis
641 2990 711 3030 ac
741 2967 1010 3028 defuncti
1033 2963 1216 3034 hujus
1253 2972 1436 3030 quem
1468 2955 1696 3019 amant,
1728 2946 2075 3012 meminere,
2117 2957 2188 2998 ac

533 3065 608 3120 de
633 3063 763 3133 ejus
793 3063 982 3116 morte
1013 3052 1236 3114 dolent,
1284 3046 1361 3103 ad
1410 3041 1555 3100 illud
1609 3055 1799 3096 unum
1854 3037 2188 3107 spectantes

533 3167 730 3226 neque
755 3148 934 3205 ullius
963 3142 1204 3200 alterius
1235 3137 1320 3193 rei
1348 3134 1644 3190 rationem
1669 3128 1962 3184 habentes
1995 3136 2187 3192 neque

2299 3121 2466 3168 τοίνυν
2515 3115 2701 3172 πάντες

532 3216 870 3315 quidquam
895 3233 1060 3290 aliud
1089 3227 1416 3297 cogitantes
1447 3218 1613 3293 quod
1637 3216 1907 3272 dolorem
1936 3226 2007 3266 ac
2036 3225 2186 3281 prae-

537 3334 769 3386 sentem
787 3329 1010 3380 statum
1039 3319 1292 3375 deceret.

970 3413 1061 3461 xui
1136 3412 1226 3458 τοῦ
1306 3421 1363 3473 γε
1446 3398 1525 3451 ἐπ’
1611 3393 1767 3445 αὐτὸν
1843 3391 2078 3457 πένθους,

534 3419 877 3488 ποθουμένου,

1860 317 2238 388 NICEPHOBI
2276 317 2560 375 CHUMNI.

489 475 501 486 ’
529 485 728 540 dicam
754 485 1057 536 mortuam
1087 476 1146 528 et
1163 472 1404 527 inanem
1432 465 1591 530 facit,
1623 474 1819 533 neque
1847 455 1970 510 ullo
1996 446 2180 508 modo

2299 443 2419 516 κροὶν
2445 461 2562 493 τινα
2598 443 2811 508 ταύτην,
2871 441 2942 501 ὡς
2993 438 3171 500 εἰπεῖν,
3226 439 3317 486 καὶ

2375 536 2382 540 .
2759 533 2768 540 .
3014 526 3026 540 θ
3103 529 3112 540 ι
3189 519 3212 540 ἢ
3305 530 3317 538 -

3758 307 3912 361 1476

3383 429 3578 505 ἀκερδῆ
3642 437 3910 484 ποιεῖται.

2292 536 2382 584 καί
2404 550 2463 602 γε
2491 541 2562 602 μη
2599 533 2955 592 παντάπασιν,
3007 526 3122 598 ἐμοὶ
3177 519 3371 590 δοκεῖν,
3421 529 3533 592 Θεῷ
3566 525 3907 593 κεχαρισμέ-

2289 639 2401 689 νην,
2455 622 2534 672 ὁτι
2597 615 2781 690 μηδ’ό
2819 617 2983 671 πάλαι
3047 619 3204 686 νόμος
3257 609 3526 685 ἄρρωστον
3579 605 3735 660 οὐδὲν
3783 605 3912 660 οὐδ’

2290 711 2483 761 ἄπνουν
2567 709 2646 778 (1)
2729 704 2846 778 ἦγεν
2899 705 2970 766 εἰς
3030 707 3238 757 θυσίαν.
3291 707 3445 760 Ζωῆς
3495 701 3598 771 γὰρ
3653 703 3726 768 μή
3777 716 3913 750 ποτε

2288 797 2552 869 ληγούσης
2591 801 2648 850 τό
2703 797 3168 870 προσενηνεγμένον
3223 787 3547 859 ἀνταλλαγὴν
3602 790 3756 858 ἕχον,
3798 796 3913 848 πῶς

2289 886 2348 938 ἆν
2417 886 2629 959 ἀχρεῖον
2693 891 2784 937 καὶ
2843 884 3138 953 ἀνενεχθείη
3185 897 3198 947 ;
3257 886 3368 938 πῶς
3445 897 3537 931 και
3583 872 3913 948 βδελυκτόν,

2287 979 2592 1049 νεκρότητος
2618 978 2838 1047 μετέχον
2880 991 2894 1040 ;

2362 1063 2562 1135 Ἀμέλει
2589 1083 2670 1114 τοι
2709 1083 2798 1115 και
2849 1065 2893 1114 εἴ
2949 1081 3023 1121 τις
3074 1064 3274 1111 ποιοῖτο
3329 1060 3449 1128 περί
3492 1053 3744 1108 πλείστου
3807 1055 3909 1114 Cai-

2291 1171 2384 1212 σας
2436 1156 2608 1204 ὡσαεί·
2682 1171 2773 1202 και
2819 1152 3057 1202 τεθνεῶτι
3133 1149 3224 1206 τὰς
3269 1142 3464 1218 δωρεὰς
3517 1143 3662 1195 αὑτῶ
3727 1148 3902 1214 μένειν

2290 1260 2381 1292 και
2430 1246 2501 1312 μὴ
2552 1242 2858 1293 παντάπασί
2922 1258 2982 1310 γε
3026 1234 3360 1310 διεφθάρθαι,
3416 1232 3506 1285 εἴτε
3561 1229 3633 1289 δὴ
3682 1253 3764 1283 και
3812 1237 3888 1303 μὴ

2291 1333 2423 1382 κατά
2479 1333 2659 1405 καιρόν
2731 1348 2822 1380 και
2871 1327 2946 1380 ὅτ’
2997 1326 3129 1386 εἰκὸς
3182 1321 3266 1393 ἧν,
3329 1324 3653 1394 θνησιμαίας
3702 1318 3771 1388 δ’,
3824 1323 3898 1382 ὡς

2293 1419 2471 1488 εἰπεὶν,
2499 1423 2828 1491 γιγνομένας,
2881 1416 2994 1467 ἀντί
3047 1415 3231 1486 ψυχῆς
3279 1414 3420 1472 ὄντος
3471 1418 3583 1470 τοῖς
3621 1411 3906 1482 πράγμασι

2293 1517 2384 1561 τοῦ
2447 1517 2653 1582 καιροῦ,
2732 1509 2796 1568 ὦς
2870 1525 3010 1558 τισιν
3056 1501 3198 1565 ἔδοξε
3254 1500 3414 1574 κάμοί
3468 1496 3739 1561 συνδοκεῖ,
3795 1518 3912 1558 νοος

2295 1599 2435 1669 αὐτῷ
2512 1618 2602 1650 και
2679 1603 2919 1668 σώματος
2997 1595 3345 1664 τετονωμένών
3429 1609 3521 1642 και
3601 1587 3756 1662 ῥώμῃ
3819 1607 3916 1639 και

2293 1688 2490 1758 ὑγείαις
2533 1687 2891 1759 ακμαζόντων,
2962 1682 3087 1735 ἰτέον
3158 1684 3284 1756 πρὸς
3338 1681 3426 1740 τὰς
3474 1674 3758 1739 διαθήκας,
3821 1695 3920 1730 και

2299 1773 2582 1852 διαιρετέον
2620 1779 2710 1838 τὰς
2749 1773 3015 1845 ὑπάρξεις,
3086 1774 3176 1826 καὶ
3229 1771 3658 1842 προσαρμοστέον
3719 1767 3802 1826 οἷς
3853 1764 3916 1816 ειν

2296 1868 2515 1938 αἰροῖτο,
2567 1867 2632 1924 ὡς
2703 1871 2792 1916 τοῦ
2843 1880 2900 1932 γε
2952 1863 3084 1934 πρὸς
3132 1865 3237 1918 τοῖς
3312 1858 3566 1927 εσχάτοις
3622 1853 3915 1926 ἀφιγμένον

2294 1956 2388 2016 τὰς
2410 1951 2666 2024 διανομὰς
2726 1945 3046 2012 σπουδάζειν
3090 1945 3402 2020 ἐμπαρέχειν
3453 1940 3708 2015 οὐδεμίαν
3768 1943 3915 2014 αὐτῷ

2293 2043 2414 2115 παρ’
2471 2038 2676 2101 οὐδενός
2721 2043 2936 2110 ἔχοντος
2993 2039 3110 2088 οὔτε
3166 2034 3462 2107 φιλοτιμίας
3507 2033 3625 2084 ουτε
3681 2034 3916 2106 χάριτος

2296 2131 2590 2203 ὁμολογίαν.
2661 2127 2776 2182 Ἐτι
2862 2147 2917 2180 τε
2987 2130 3078 2177 καὶ
3151 2123 3300 2177 πλεον
3382 2121 3707 2193 εὐγνὼμενας
3770 2126 3917 2174 ποιεῖ

2295 2225 2417 2283 τοὺς
2464 2220 2529 2281 εἰς
2566 2222 2688 2280 τοὺς
2726 2217 2951 2291 κλήρους
3007 2214 3344 2288 ἐρχομένους,
3399 2215 3491 2262 καὶ
3540 2213 3770 2282 μικροὺς
3819 2209 3915 2261 αυ-

2295 2313 2411 2369 τοὺς
2483 2313 2653 2378 ὄντας,
2704 2311 2762 2358 τὸ
2810 2304 3069 2380 πόρρωθει
3127 2301 3303 2364 αὐτοῖς
3368 2301 3790 2373 προσεθισθῆναι
3821 2303 3916 2351 xui

2294 2398 2484 2450 πλείονι
2541 2404 2613 2448 τῶ
2693 2398 2887 2469 χρόνῳ,
2965 2398 3065 2443 πᾶν
3119 2391 3239 2442 ὅσον
3284 2385 3629 2461 κερδανοῦσιν
3687 2384 3746 2438 ἐκ
3810 2395 3915 2438 τῶν

2295 2487 2672 2561 προειληφότων
2711 2484 2902 2536 ἄνωθεν
2951 2481 3303 2554 ἐπεγνωκότας
3336 2500 3348 2510 ·
3405 2482 3496 2530 καὶ
3552 2473 3707 2529 οὐδέν
3775 2477 3915 2529 εἰσιν

2296 2579 2380 2630 ἐπὶ
2422 2576 2612 2645 τέλους,
2698 2573 2792 2626 κᾶν
2841 2571 3050 2624 ἔλαττον
3114 2570 3471 2641 ἁποφέρωνται
3543 2574 3641 2627 τῆς
3691 2565 3916 2639 ὀρέξεως

2296 2672 2386 2719 καὶ
2433 2673 2527 2728 τῆς
2608 2665 2904 2735 ἐπιθυμίας,

2804 2749 2910 2802 οὔτ’
2967 2746 3032 2800 αὖ
3105 2755 3411 2819 νεμεσῶντες
3457 2753 3528 2814 τῲ
3577 2752 3910 2819 χορηγοῦντι

2989 2663 3106 2712 οὔτε
3207 2655 3729 2728 δυσανασχετοῦντες
3820 2661 3915 2708 καὶ

2297 2755 2715 2827 χαλεπαίνοντες,

2297 2867 2383 2899 και
2421 2845 2526 2896 ἀντ’
2581 2843 2908 2914 εὐχαρίστων
2967 2841 3263 2910 γιγνόμενοι
3314 2835 3536 2910 ὀργίλοι.
3587 2833 3800 2887 ’Ἃπεισι
3840 2832 3902 2885 δέ

2297 2942 2386 2988 καὶ
2417 2937 2443 2987 ό
2474 2939 2566 2992 τὴν
2597 2928 2854 3003 ἐκδημίαν
2891 2928 3216 3000 στελλόμενος
3266 2924 3513 2999 ἀτρέμας,
3555 2929 3616 2976 τό
3659 2943 3722 2994 γε
3771 2925 3913 2976 κατὰ

2295 3030 2534 3092 τούτους,
2596 3024 2739 3095 παρά
2804 3016 3027 3092 μηδενός
3092 3014 3258 3089 μηδεν
3323 3013 3755 3089 τεθορυϐημένος.
3809 3016 3916 3065 Καὶ

2771 3112 2820 3162 οἱ
2880 3111 3138 3170 συνιόντες
3179 3105 3338 3157 αὐτοῦ
3381 3101 3449 3161 δὴ
3505 3106 3694 3155 τούτου
3747 3108 3916 3173 μόνου

2296 3210 2386 3258 καὶ
2427 3208 2690 3274 γίγνονται
2748 3207 2839 3250 τοῦ
2892 3202 3146 3271 παρόντος
3199 3201 3384 3267 καιροῦ
3431 3197 3522 3244 xui
3578 3199 3671 3243 τοῦ
3741 3194 3916 3265 πράγ-

2295 3311 2474 3365 ματος,
2515 3294 2606 3360 κᾳὶ
2651 3294 2742 3340 τοῦ
2799 3291 3080 3358 χωρισμού
3110 3287 3202 3334 καὶ
3251 3289 3346 3344 τῆς
3401 3281 3764 3351 ὑποχωήσεως
3823 3288 3918 3332 τοῦ

2191 3387 2321 3456 πρὸς
2379 3377 2529 3434 οὐδὲν
2592 3377 2712 3428 ἄλλο
2766 3374 3058 3448 βλέποντες,
3113 3368 3252 3445 μηδὲ
3298 3375 3415 3444 περὶ
3464 3365 3689 3441 μηδενός
3732 3368 3916 3440 ἐτέρου

539 3460 877 3488 """"l"""7
974 3460 978 3461 ν
1314 3460 1327 3473 υ

534 3509 833 3577 ποιούμενοι
907 3503 993 3552 τόν
1067 3497 1217 3566 λόγον
1285 3495 1376 3542 καὶ
1439 3489 1529 3545 τὰς
1595 3482 1820 3555 στροφὰς
1873 3486 1971 3528 τῶν
2026 3482 2287 3546 λογισμῶν
2337 3473 2548 3542 ἔχοντες
2600 3470 2710 3518 οὔτι
2763 3484 2824 3536 γε
2888 3467 3249 3536 προσήκοντος
3299 3467 3371 3530 τῷ
3432 3460 3587 3514 πείθει
3651 3463 3748 3510 καὶ
3801 3465 3917 3520 τοῖς

534 3613 832 3671 ορωμενοις.

605 3656 847 3756 Absque
877 3677 1062 3734 dubio
1085 3671 1280 3746 quivis
1302 3682 1442 3732 eum
1467 3658 1814 3756 laudat,qui
1836 3656 2188 3728 priusquam

534 3774 674 3831 ﬁnis
701 3743 1003 3834 adveniat,
1033 3743 1127 3819 ad—
1143 3758 1287 3816 illud
1319 3751 1551 3826 aspicit,
1580 3752 1736 3804 recte
1768 3761 1907 3801 sane
1935 3759 2004 3798 ac
2036 3743 2188 3796 bene

534 3860 889 3934 dispositus.
925 3831 1128 3912 Laudo
1156 3853 1213 3905 et
1245 3861 1356 3916 ego
1379 3847 1436 3898 et
1478 3839 1615 3912 plus
1662 3851 1850 3909 quam
1904 3831 2026 3896 alii,
2078 3845 2189 3885 nec

535 3921 656 4009 alio
676 3949 860 4007 modo
894 3939 1169 4018 oportere
1189 3933 1367 3992 statui
1405 3931 1481 3987 de
1511 3927 1662 3984 meis
1718 3940 1826 3998 pro
1881 3921 2189 3978 voluntate

534 4041 874 4112 disponere.
899 4036 968 4090 Et
993 4031 1077 4086 sic
1105 4026 1382 4097 dispono.

608 4217 788 4289 Igitur
837 4211 901 4268 id
959 4208 1223 4282 primum
1264 4214 1476 4258 omnes
1519 4195 1668 4256 scire
1737 4209 1807 4248 ac
1844 4191 1998 4246 bene
2041 4186 2188 4242 scire
2227 4227 2268 4279 Β

536 4307 843 4371 volumus,
885 4304 942 4356 et
967 4297 1073 4370 qui
1110 4309 1271 4350 nunc
1307 4305 1441 4346 meo
1472 4284 1831 4342 testamento
1858 4279 2098 4340 adsunt,
2135 4278 2192 4328 et

535 4397 640 4472 qui
669 4364 867 4450 futuro
895 4364 1038 4446 illud
1062 4391 1328 4455 tempore
1352 4379 1568 4447 legent,
1617 4386 1728 4428 nos
1785 4366 1930 4423 nihil
1977 4381 2048 4420 ex
2101 4364 2190 4418 in-

534 4485 782 4559 justitia,
813 4483 1112 4554 quantum
1158 4454 1220 4528 in
1280 4464 1637 4525 memoriam
1693 4457 1867 4525 redit,
1920 4454 2191 4510 conscios

537 4591 672 4650 esse
694 4576 831 4645 post
879 4572 1185 4624 maturum
1236 4570 1490 4615 examen
1547 4549 1960 4619 laboremque,
2015 4543 2191 4599 bonis

537 4632 762 4724 nostris
781 4656 1258 4725 addidisse,qum
1285 4645 1472 4701 multa
1497 4637 1764 4707 sunt,l)ei
1786 4632 2194 4691 misericordia

540 4721 612 4811 ac
638 4721 1241 4820 dono;frequentibus
1265 4749 1509 4808 quoque
1532 4729 1714 4800 hujus
1734 4723 2062 4789 beneﬁciis,
2088 4721 2192 4796 qui

540 4844 720 4902 nobis
752 4856 890 4897 cum
917 4833 1124 4891 divina
1155 4826 1464 4884 sanctitate
1494 4822 1766 4893 imperat.
1800 4819 2023 4887 Neque,
2055 4829 2194 4868 cum

538 4933 728 5007 ipsius
753 4919 1166 4986 misericordia
1202 4913 1533 4989 plurimum
1578 4922 1756 4982 posse
1800 4904 1912 4959 visi
1961 4917 2192 4969 sumus,

540 4991 722 5080 nemo
752 5021 842 5074 est
873 5029 947 5069 ex
967 5010 1039 5066 iis
1061 5007 1165 5081 qui
1191 5008 1412 5061 nostra),
1450 4996 1727 5072 potestati
1760 4991 2010 5064 subjecti
2033 4995 2191 5061 sunt,

543 5110 648 5184 qui
673 5105 965 5163 violentas
987 5102 1092 5155 aut
1117 5091 1460 5167 tyrannicas
1491 5091 1596 5144 aut
1634 5083 1944 5152 affigentes
1977 5094 2195 5134 manus

539 5166 778 5254 nostras
803 5192 1079 5262 expertus
1118 5166 1211 5250 sit,
1226 5175 1702 5250 ingemueritque
1742 5188 1778 5225 a
1815 5167 1991 5225 nobis
2024 5166 2196 5238 quid-

542 5299 729 5357 quam
753 5279 899 5336 mali
923 5287 1268 5350 perpessus.
1299 5270 1499 5337 Neque
1517 5267 1936 5318 extraneorum
1969 5253 2196 5326 cupidi-

542 5380 660 5438 tate
680 5387 751 5429 ac
771 5343 1100 5428 mutatione
1114 5361 1375 5419 minores
1395 5353 1508 5411 visi
1529 5366 1757 5407 sumus.
1773 5347 1912 5404 Ideo
1925 5343 2195 5401 nihilnos

2369 3646 2572 3719 Ἀμέλει
2639 3663 2721 3695 τοι
2787 3647 2876 3693 καὶ
2947 3647 3050 3701 πᾶς
3102 3659 3177 3700 τις
3223 3637 3452 3710 ἐπῄνησε
3504 3638 3589 3688 τόν
3641 3635 3786 3689 οὕτω
3847 3637 3922 3690 τὰ

2295 3736 2413 3788 καθ’
2473 3734 2672 3799 ἑαυτὸν,
2733 3737 2853 3806 πρὶν
2908 3733 2963 3782 τό
3011 3728 3155 3789 τέλος
3213 3725 3510 3799 ἀφικέσθαι,
3565 3727 3699 3798 πρὸς
3755 3731 3920 3776 τοῦτο

2296 3825 2559 3900 πόρρωθεν
2639 3817 2917 3884 ἀπιδόντα,
2986 3815 3039 3870 εὖ
3096 3837 3155 3888 γε
3207 3821 3296 3868 καὶ
3361 3815 3525 3874 καλῶς
3579 3810 3920 3885 διαθέμενον.

2299 3914 2547 3968 Ἐπαινῶν
2581 3908 2640 3964 δὲ
2660 3909 2807 3981 κάγω
2849 3913 2938 3959 καὶ
2985 3905 3132 3958 πλέον
3172 3912 3272 3955 τῶν
3338 3903 3524 3971 ἄλλων,
3578 3901 3685 3973 οὐχ
3739 3901 3921 3975 ἕτερον

2316 3957 2541 3968 ~"“"w'
2584 3957 2751 3981 ⁷”’“”Ι
2773 3957 2802 3960 ’⁷
2851 3957 2936 3959 Πηή
2990 3957 2995 3958 ⁷
3508 3957 3523 3971 1
3643 3957 3685 3973 ιν
3824 3957 3834 3975 ι

2299 4003 2330 4061 ἢ
2361 4011 2538 4055 τοῦτον
2571 3997 2638 4058 δὴ
2672 4004 2758 4050 τόν
2779 4002 2968 4070 τρόπον
3021 3992 3129 4047 δεῖν
3186 3996 3341 4065 ἔγνων
3383 3995 3452 4044 τὰ
3505 3994 3644 4043 κατὰ
3693 3997 3920 4064 γνώμην

2299 4094 2382 4145 ἐπὶ
2405 4101 2514 4153 τοῖς
2536 4091 2678 4162 ἐμοῖς
2703 4088 2949 4140 ἐκθέσθαι
2983 4106 2994 4117 ·
3031 4089 3121 4136 καὶ
3153 4080 3478 4154 διεκτέθημι.

2372 4187 2473 4234 Καὶ
2497 4185 2669 4232 τοίνυν
2701 4185 2848 4229 τοῦτο
2874 4183 3075 4250 πρῶτον
3124 4174 3321 4234 πάντας
3377 4166 3573 4222 εἰδέναι
3628 4173 3723 4221 xui
3772 4167 3907 4221 πάνυ

2299 4292 2351 4323 τι
2390 4271 2552 4345 ὀρθῶς
2584 4264 2776 4320 εἰδέναι
2844 4264 3160 4338 βουλόμεθα,
3216 4264 3334 4320 τούς
3394 4279 3450 4312 τε
3503 4267 3594 4310 νῦν
3656 4262 3920 4331 παρόντας

2300 4370 2371 4432 τῷ
2413 4357 2736 4430 διατάγματι
2780 4361 2870 4408 καὶ
2917 4357 3034 4414 τοὺς
3089 4360 3161 4423 τῷ
3203 4356 3382 4423 χρόνῳ
3439 4349 3660 4420 ὕστερον
3699 4367 3922 4401 συνεσο-

2301 4469 2499 4522 μένους,
2558 4451 2623 4508 ὡς
2675 4441 2825 4498 οὐδὲν
2883 4446 3030 4516 ἡμεῖς
3075 4441 3128 4504 ἐξ
3173 4438 3409 4507 ἀδικίας,
3463 4440 3584 4492 ὅσον
3631 4437 3718 4490 ἐπὶ
3785 4443 3919 4509 μνή-

2301 4559 2400 4611 μης
2441 4541 2577 4604 ἣκει,
2654 4535 2858 4595 ἑαυτοῖς
2914 4535 3162 4604 σύνισμεν
3209 4529 3541 4600 πανταχόθεν
3600 4525 3920 4590 ἐξετάζουσι

2302 4634 2392 4681 καὶ
2432 4625 2839 4699 βασανίζουσιν,
2877 4622 3121 4695 οὐμενοῦν
3170 4619 3242 4681 εἰς
3292 4619 3603 4693 προσθήκην
3654 4620 3746 4668 ἐπὶ
3810 4623 3924 4676 τοῖς

2303 4723 2502 4790 προσοῦ
2512 4735 2592 4768 σιν
2707 4708 3094 4780 ἐσπουδακοσι,
3221 4707 3423 4768 πολλοῖς
3530 4704 3703 4770 οὖσιν,
3807 4703 3927 4756 οἰκ-

2304 4813 2504 4880 τιρμοῖς
2536 4809 2668 4858 Θεοῦ
2693 4806 2783 4854 καὶ
2816 4804 3121 4873 χορηγίαις,
3156 4800 3232 4850 ἔτι
3254 4793 3312 4849 δὲ
3341 4799 3432 4848 xui
3492 4799 3716 4865 συχναῖς
3776 4811 3926 4845 τισιν

2304 4895 2557 4954 εὐποιίαις
2602 4899 2694 4946 τοῦ
2755 4889 2998 4963 θεοφιλῶς
3066 4889 3212 4960 ἡμῶν
3292 4888 3381 4939 καὶ
3441 4885 3606 4946 ὁσίως
3657 4889 3929 4955 κρατοῦν-

2304 5005 2392 5046 τος
2631 4977 2762 5034 Οὐδ’
2829 4975 3009 5038 ἐπειδὴ
3061 4981 3152 5030 καὶ
3229 4972 3560 5033 δεδυνῆσθαι
3633 4971 3721 5025 ὑπ’
3778 4971 3931 5043 αὐτῷ

2305 5073 2526 5126 ἐλεοῦντι
2588 5070 2829 5124 πλεῖστον
2904 5064 3174 5139 ἐδόξαμεν,
3227 5062 3426 5124 οὐδένες
3469 5070 3570 5115 τῶν
3629 5059 3928 5133 ἀνθρώπων

2306 5172 2401 5224 τῆς
2421 5165 2667 5236 ἡμετέρας
2697 5179 2880 5235 χειρας
2930 5162 3021 5210 xui
3062 5153 3349 5226 δύναμεως,
3407 5155 3524 5205 οὔτέ
3562 5153 3703 5212 τινὸς
3733 5147 3932 5222 βίαίας

2305 5257 2395 5304 xui
2446 5258 2754 5324 τυραννικῆς
2827 5247 2931 5300 οὔτ’
2999 5243 3344 5304 ἑκθλιϐούσης
3409 5238 3655 5312 οὐδαμῶς
3711 5237 3929 5310 ἐπειροὶρ

2311 5344 2496 5408 θησαν,
2526 5335 2641 5392 οὐδ’
2670 5336 2994 5402 ἐπεστέναξεν
3049 5331 3222 5396 οὐδεὶς
3272 5331 3352 5386 ἐπ’
3411 5327 3584 5383 οὐδενὶ
3642 5336 3748 5382 τῶν
3806 5326 3933 5380 ἑαυ-

672 5608 693 5674 )
716 5606 796 5660 De
816 5584 1622 5674 conditionibu'shostiarum
1650 5579 1715 5636 in
1751 5580 1947 5633 vetere
1971 5572 2104 5644 lege
2132 5571 2254 5628 vid.
2290 5569 2468 5638 Levit,
2499 5583 2552 5624 c.
2580 5582 2716 5623 xxn.

637 5606 693 5674 1)
716 5606 796 5660 De
816 5606 1260 5656 conditionibus
1288 5606 1399 5643 nos

614 5607 693 5749 E2)
729 5666 1132 5746 Imperatoris,
1155 5658 1399 5720 scilicet.
