4120 6406
212 338 350 392 1477
1628 334 1839 390 ΤΕ8ΤΑ

1954 335 2166 393 NTUM.
3445 345 3581 401 1478

208 467 323 524 τοῦ,
368 466 543 520 κακῶς
595 460 666 520 ὡς
702 459 970 520 πεπονθώς
1019 460 1102 530 ὑφ’
1153 460 1322 531 ἡμῶν.
1390 456 1531 511 Ούδε
1575 477 1638 529 γε
1710 464 1810 508 τῶν

1958 457 2143 514 Lebere
2164 459 2425 517 dicimus
2466 477 2663 534 neque
2700 461 3035 533 quidquam
3059 467 3162 523 aut
3194 463 3449 537 simplex
3477 470 3585 525 aut

208 547 490 625 ὄιλλοτρίων
540 547 823 618 ἐπιθυμίας
909 545 1162 618 οὐδεμιᾶς
1251 554 1341 600 καὶ
1422 551 1813 620 μεταποιήσεως

1957 546 2238 617 multiplex
2273 550 2523 606 reddere
2542 550 2720 606 nobis
2767 549 3083 617 incumbit,
3114 555 3180 607 ut
3197 554 3584 625 sycophantis

211 636 402 698 ἣττους
427 636 700 709 ἐφάνημεν.
732 635 828 689 Διά
886 643 1040 688 τοῦτο
1098 642 1188 689 καὶ
1236 636 1450 709 ὀφείλειν
1507 632 1659 687 οὐδέν
1718 655 1811 707 φα-

1956 635 2134 691 ccidit
2170 643 2225 692 et
2252 637 2325 693 iis
2350 639 2457 711 qui
2480 639 2771 696 violenter
2792 642 2849 694 et
2876 639 3095 710 injuste
3127 639 3357 712 aliquid
3383 642 3583 703 abstu-

207 746 297 798 μεν
323 725 435 778 οὗθ’
475 725 669 779 ἁπλοῦν
707 728 825 777 οὔτε
879 725 1203 778 πολλαπλοῦν
1259 726 1340 796 (1)
1386 721 1697 789 ἀποδοῦναι,
1746 727 1811 784 ὡς

1956 729 2136 782 arunt.
2163 727 2461 796 lnjustitia
2480 728 2641 785 enim
2662 728 2837 784 nobis
2853 728 2994 785 odio
3014 729 3151 801 plus
3178 746 3365 802 quam
3390 732 3583 804 quod-

207 820 696 885 συκοῳαντήσαντες
730 814 761 873 ἦ
825 812 923 885 βίᾳ
1010 817 1100 867 καὶ
1166 822 1407 886 πονηρῶς
1489 811 1808 885 ἀφελόμενοι,

1953 813 2060 868 bet
2107 813 2236 884 fuit,
2260 821 2318 872 et
2333 817 2632 890 quidquid
2662 834 2733 873 ex
2760 833 2832 874 ea
2852 818 3059 885 oritur,
3098 819 3580 879 abominandum

204 907 408 965 Παντὸς
435 906 536 978 γὰρ
564 903 754 976 μᾶλλον
801 906 860 954 τὸ
913 900 1117 956 ἀδικεῖν
1157 902 1351 975 ἐχθρόν
1410 904 1536 974 ἡμῖν
1581 905 1634 953 ὅν
1691 898 1811 954 δια-

1956 901 2096 956 .obis
2126 902 2255 973 fuit,
2286 910 2351 960 ut
2382 905 2687 963 funestum
2714 911 2772 962 et
2798 906 3030 963 hostile.
3063 908 3191 964 Imo
3220 912 3277 964 et
3298 907 3427 967 aliis
3444 924 3583 969 con-

205 996 456 1067 φερόντως
493 993 856 1065 ἐμισήθη,καὶ
910 998 1013 1045 πᾶν
1061 995 1122 1044 τὸ
1178 991 1235 1054 ἐξ
1288 991 1448 1044 αὐτοῦ
1512 988 1807 1062 ἐϐδελύχθη

1953 988 2054 1046 ilia
2073 992 2532 1067 dedimus,quos
2548 995 2801 1051 decebat
2816 1012 2928 1051 nos
2957 996 3332 1054 consulentes
3350 999 3578 1068 audire;

206 1085 278 1144 ὡς
305 1080 559 1157 βλαϐερόν
584 1086 674 1135 καὶ
706 1081 970 1153 πολέμιον.
1026 1086 1129 1135 Καὶ
1183 1085 1280 1153 μὴν
1328 1085 1419 1132 καὶ
1473 1086 1582 1140 τοῖς
1638 1077 1813 1140 ἄλλοις

1957 1082 1979 1135 t
2020 1079 2364 1152 frequentes
2411 1099 2449 1140 a
2486 1083 2663 1141 nobis
2691 1084 2767 1141 de
2813 1085 2885 1143 iis
2930 1085 3232 1143 orationes
3260 1086 3580 1145 elaborata;

209 1167 552 1244 διεγενόμεθα
603 1168 1062 1242 συμϐουλεύοντες,
1125 1165 1216 1230 οὖς
1270 1173 1361 1222 καὶ
1405 1175 1670 1240 προσῆκον
1750 1164 1811 1225 ἧν

1960 1169 2400 1235 unt,hortantes
2441 1176 2507 1228 ut
2539 1172 2836 1242 justitiam
2866 1175 3326 1247 amplectantur,
3352 1175 3585 1247 injusti-

207 1261 357 1332 ἡμῶν
414 1258 868 1319 συμϐουλευόντων
924 1260 1129 1311 ἀκούειν
1200 1280 1213 1291 ·
1264 1262 1355 1310 καὶ
1412 1261 1606 1328 συχνοί
1678 1275 1813 1317 τινες

1276 1262 1355 1310 ut
1412 1261 1606 1328 συχνοί
1678 1275 1813 1317 τινες
1920 1256 2066 1313 tiam
2096 1274 2237 1314 vero
2264 1260 2620 1319 omnimodo
2652 1262 2903 1331 fugiant.

208 1348 295 1400 ἐπὶ
355 1350 555 1408 τούτοις
614 1350 740 1420 ἡμῖν
794 1347 938 1419 λόγοι
999 1347 1409 1413 ἐξεπονήθησαν,
1469 1349 1818 1419 προσανέχειν
1892 1344 1984 1418 μέν
2050 1345 2129 1399 ἀεὶ
2196 1345 2577 1420 δικαιοσύναις,
2650 1353 2847 1422 φεύγειν
2907 1347 2960 1403 δ’
3017 1354 3075 1403 ἑκ
3120 1356 3309 1414 παντὸς
3384 1359 3580 1429 τρόπου

207 1442 306 1497 τὴν
339 1433 581 1494 ἀδικίαν.

281 1528 375 1579 Διά
399 1532 555 1578 τοῦτο
574 1545 665 1578 και
704 1527 1078 1598 παραιτεῖσθαι
1106 1533 1194 1579 νῦν
1221 1525 1315 1577 ούκ
1344 1520 1449 1576 οἷδ’
1506 1523 1589 1576 ὃτι
1646 1519 1732 1576 δεῖ
1780 1522 1810 1581 ᾖ

1994 1526 2367 1599 Quapropter
2402 1543 2522 1585 non
2552 1529 2733 1586 credo
2772 1529 2916 1587 mihi
2964 1530 3412 1603 implorandam
3449 1548 3580 1590 esse

205 1634 300 1668 και
362 1619 481 1688 περί
540 1621 853 1686 συγγνώμης
910 1611 1140 1681 δεῖσθαι,
1173 1614 1503 1686 ἐγνωσμένων
1548 1609 1616 1674 δή
1664 1631 1816 1667 τινων

1952 1618 2026 1668 tut
2041 1615 2339 1673 orandam
2357 1618 2616 1688 veniam,
2632 1633 2771 1675 cum
2787 1617 2966 1675 nobis
2988 1624 3341 1677 succurrant
3359 1636 3496 1693 quae
3517 1621 3579 1679 in

206 1707 333 1777 ἡμῖν
359 1704 535 1770 ὄντων,
562 1713 662 1757 τῶν
704 1724 764 1776 γε
810 1723 938 1777 προς
983 1703 1287 1775 ἀνθρώπους
1341 1722 1431 1755 και
1486 1705 1626 1767 κακὰ
1687 1703 1815 1773 ἡμῖν

1952 1703 2201 1765 [omines
2221 1706 2326 1777 qui
2346 1705 2523 1763 malis
2540 1708 2888 1779 permagnis
2900 1724 3013 1764 nos
3024 1708 3366 1781 opprimere
3375 1710 3579 1767 volue-

207 1792 411 1866 μεγάλα
467 1790 677 1866 σφόδρα
744 1791 1095 1865 βουληθέντας
1144 1792 1311 1853 καλῶς
1385 1791 1811 1864 ἐξειργασμένων.

1948 1792 2240 1860 ’ΠΠῐ,Ι)θΠΘ
2252 1794 2572 1863 egerimus.
2589 1796 2739 1855 Mihi
2749 1797 2910 1853 enim
2921 1796 3137 1854 accidit
3146 1801 3212 1853 ut
3222 1797 3387 1857 multi
3399 1798 3575 1859 valde

208 1881 401 1943 Συνέϐη
432 1884 536 1955 γὰρ
595 1881 711 1954 ἐμοί
765 1883 912 1957 παρὰ
955 1880 1152 1935 πολλῶν
1207 1901 1299 1934 και
1356 1888 1509 1934 τοῦτο
1561 1884 1696 1952 μέγα
1742 1876 1810 1938 δὴ

1949 1883 1980 1935 ιι
2008 1879 2335 1952 plurimum
2366 1885 2701 1951 nocuerint,
2773 1885 2907 1943 dira
2976 1885 3207 1942 invidia
3258 1886 3576 1952 sollicitati,

205 1992 299 2025 και
354 1976 603 2045 μέγιστον
667 1974 934 2045 ἐπηρείας,
1019 1971 1237 2043 χαλεπῷ
1329 1991 1433 2023 τινι
1518 1969 1812 2043 βληθέντων

1954 1983 2119 2040 teque
2148 1969 2271 2028 ulla
2297 1971 2415 2031 alia
2449 1973 2703 2031 rationis
2740 1974 2970 2048 aliquid
3009 1975 3356 2048 praeferente
3394 1991 3581 2039 causa

206 2063 405 2133 φθόνῳ,
433 2059 487 2125 ἐξ
506 2057 756 2133 οὐδεμιᾶς
786 2057 836 2113 δ’
868 2060 1029 2122 ἄλλης
1074 2056 1321 2132 οὐδαμῶς
1371 2059 1523 2130 λόγον
1581 2059 1813 2131 ἐχούσης

1952 2057 2189 2129 mpulsi.
2214 2062 2325 2123 Pro
2354 2060 2664 2133 quibuset
2695 2069 2837 2129 tune
2876 2062 3156 2129 dicebam
3216 2081 3229 2121 ε
3286 2085 3316 2115 ιι
3374 2064 3463 2127 Sis
3508 2064 3579 2129 iis

206 2150 378 2212 αἰτίας
406 2154 749 2223 κεκινημένων
782 2172 795 2183 ·
829 2152 957 2224 ύπέρ
989 2150 1057 2201 ὧν
1086 2170 1176 2203 και
1195 2150 1302 2203 τότ’
1359 2152 1505 2222 ἔφην,
1565 2170 1595 2200 ‹‹
1642 2148 1814 2210 Ἳλεως

1951 2145 2282 2214 uisericors,
2315 2150 2587 2218 Domine,
2619 2174 2648 2201 »
2674 2156 2731 2207 et
2782 2168 2944 2208 nunc
2995 2151 3132 2208 dico
3187 2169 3202 2220 ;
3258 2155 3578 2225 Nunquam

208 2238 391 2301 αὐτοῖς
431 2240 562 2307 εἴης,
598 2241 777 2311 Κύριε,
806 2259 835 2288 ››
890 2258 979 2290 και
1023 2245 1112 2289 νῦν
1166 2235 1226 2292 δέ
1286 2258 1444 2311 φημι,
1511 2259 1532 2288 ι
1586 2257 1677 2290 και
1718 2246 1816 2299 της

1955 2250 2079 2291 ram
2118 2241 2285 2293 tuam
2325 2238 2731 2311 experiantur,
2771 2240 3104 2298 bonitatem
3140 2256 3284 2297 vero
3322 2241 3488 2298 illam
3525 2247 3582 2300 et

210 2326 366 2401 ὀργῆς
432 2336 528 2381 σοῦ
584 2324 866 2400 μηδαμῶς,
932 2337 1025 2390 τῆς
1091 2324 1141 2380 δ’
1208 2326 1292 2380 ἔπι
1358 2334 1520 2380 πᾶσιν
1598 2328 1675 2389 οἷς
1755 2326 1814 2378 ἂν

1989 2325 2402 2383 isericordiam
2430 2329 2713 2400 sentiant,
2744 2346 2933 2402 quam
2962 2331 3024 2386 in
3054 2346 3267 2387 omnes
3294 2330 3396 2388 illa
3424 2330 3580 2388 indi-
3602 2362 3616 2375 ι

208 2412 405 2473 δέοιντο
449 2421 818 2492 χρηστότητος
864 2423 1045 2490 πεῖραν
1091 2415 1293 2469 λάϐοιεν
1354 2436 1445 2470 και
1526 2416 1812 2490 φιλανθρω-

1956 2418 2132 2478 :entes
2161 2415 2440 2487 eﬂ‘undis,
2466 2432 2665 2490 neque
2692 2424 2922 2477 statuas
2968 2419 3081 2477 illis
3129 2424 3234 2478 aut
3287 2419 3424 2487 hoc,
3479 2425 3583 2477 aut

205 2510 353 2574 πίας,
384 2526 475 2559 και
536 2511 608 2580 μὴ
680 2511 903 2568 στησκις
961 2505 1144 2568 αύτόῑς
1207 2511 1339 2578 μήτε
1411 2508 1631 2576 ταύτην,
1693 2504 1813 2578 μήθ’

1954 2501 2109 2574 diud,
2150 2505 2559 2579 quodcunque
2596 2507 2659 2563 in
2689 2506 2974 2564 cordibus
3002 2524 3213 2567 eorum
3247 2509 3581 2578 inoleverit,

210 2594 387 2669 ἑτέραν
442 2595 751 2667 ἰσχύσασαν
804 2594 852 2646 ἐν
904 2591 1155 2669 καρδίαις
1208 2596 1394 2662 αὐτῶν,
1450 2593 1729 2667 ἁμαρτίαν.
1786 2615 1813 2645 ››
1925 2597 2263 2663 peccatum.
2305 2616 2335 2644 »

283 2689 400 2743 Τοῖς
430 2681 710 2755 βασιλεῦσι
749 2680 802 2735 δ’
822 2685 989 2756 ἡμῶν,
1020 2684 1065 2736 εἰ
1093 2703 1182 2735 και
1228 2688 1301 2756 μὴ
1352 2689 1453 2736 πᾶν
1514 2687 1633 2735 ὅσον
1687 2683 1817 2743 εἰκός

2002 2681 2468 2751 lmperatoribus
2492 2698 2632 2739 vero
2670 2684 2907 2749 nostris,
2955 2684 3063 2740 etsi
3108 2700 3232 2740 non
3280 2689 3581 2757 quantum

221 2772 285 2829 ἧν
343 2792 432 2823 και
497 2776 624 2847 πρός
648 2776 808 2848 χρέος
848 2770 1053 2825 δίκαιον
1100 2774 1226 2831 ἧκον
1281 2772 1631 2847 ἀποχρώντως
1683 2772 1818 2826 ἀπο-

1954 2773 2157 2824 ustum
2189 2774 2316 2825 erat
2343 2785 2415 2826 ac
2454 2769 2753 2841 deditum,
2790 2770 3152 2828 sufﬁcienter
3185 2771 3581 2828 reddidimus.

213 2857 521 2934 δεδώκαμεν
542 2858 694 2935 (ούδέ
722 2864 823 2935 γὰρ
858 2859 1072 2929 ἧν,οὖτ’
1117 2865 1227 2915 ἔστι
1285 2865 1412 2936 πρὸς
1468 2865 1558 2922 τὰς
1614 2862 1820 2936 εὗεργε-

1958 2889 1997 2896 -
2019 2859 2151 2914 Non
2182 2858 2343 2914 enim
2370 2858 2587 2915 licebat
2616 2875 2816 2928 neque
2841 2859 2975 2918 licet
2998 2859 3302 2917 beneﬁciis
3331 2863 3585 2934 (quanta

214 2954 333 3011 σίας
362 2949 540 3026 (ὁρᾶτε
575 2947 624 3003 δ’
658 2949 821 3013 αύτὰς
847 2952 1064 3017 ὁπόσαι,
1087 2971 1179 3004 και
1201 2954 1296 3011 τὰς
1320 2949 1606 3024 ὑπερϐολὰς
1665 2953 1818 3023 ὁρᾶτε

1957 2946 2089 3001 ιηὶω
2126 2946 2245 3002 sint
2269 2952 2326 3003 et
2351 2953 2500 3019 quot
2528 2963 2784 3004 numero
2822 2948 3084 3020 videtis),
3126 2949 3309 3020 digne
3336 2965 3584 3023 respon-

210 3047 304 3090 τοῦ
334 3039 686 3111 μεγέθους)τό
721 3042 894 3092 ἱκανόν
950 3039 1250 3109 ἐκπλῆσαι),
1313 3038 1442 3092 ἀλλὰ
1496 3060 1556 3111 γε
1604 3043 1661 3093 τό
1718 3047 1818 3093 πᾶν

224 3130 237 3141 ρ
296 3132 305 3143 ρ
466 3130 508 3144 τ.
672 3130 696 3144 ν
757 3128 768 3143 .
892 3129 909 3144 ς
950 3137 969 3144 -
1157 3127 1202 3144 ς..
1261 3128 1299 3144 ..ς
1458 3128 1469 3144 .
1574 3137 1595 3144 -
1705 3129 1743 3144 ης

1959 3034 2092 3091 lere.
2124 3035 2235 3092 Sed
2260 3040 2582 3108 quantum,
2613 3037 2901 3111 quodque
2929 3038 3256 3106 valuimus,
3275 3038 3339 3095 id
3358 3054 3432 3097 ex
3459 3042 3586 3103 tota

213 3130 405 3181 ὁπόσον
436 3130 541 3182 οἶόν
583 3148 636 3182 τε
666 3130 727 3187 ἧν
749 3128 800 3190 ἐς
851 3129 1093 3182 πλεῖστον
1149 3127 1202 3192 ἐξ
1255 3128 1377 3190 ὅλης
1440 3128 1650 3201 ψυχῆς,
1697 3129 1821 3192 ὅλης

1959 3124 2154 3192 .nima,
2184 3129 2308 3182 toto
2338 3125 2519 3182 corde
2579 3142 2650 3182 ac
2706 3132 2907 3183 mente
2959 3127 3382 3196 reddidimus;
3436 3134 3494 3185 et
3536 3129 3586 3187 si

210 3236 305 3269 και
338 3215 566 3295 καρδίας
592 3238 682 3270 και
714 3214 970 3284 διανοίας,
1004 3213 1327 3272 ἆποδεδώκα
1354 3238 1466 3291 μεν,
1511 3238 1602 3271 και
1650 3219 1694 3271 εἰ
1750 3223 1820 3291 μὴ

1958 3213 2131 3269 uinus
2161 3213 2328 3286 quod
2352 3213 2606 3284 dignum
2638 3220 2784 3283 erat,
2817 3221 3126 3273 assecutus
3156 3233 3313 3288 sum,
3349 3233 3473 3274 non
3501 3222 3585 3275 ta-

207 3314 302 3367 τῆς
360 3305 520 3368 ἀξίας
548 3305 905 3379 ἐφικνούμενον
952 3306 1131 3378 (τοῦτο
1184 3309 1287 3382 γὰρ
1363 3310 1555 3369 παντὸς
1629 3306 1820 3380 μᾶλλον

1957 3318 2070 3359 nen
2099 3318 2238 3359 mea
2276 3302 2574 3361 voluntate
2613 3302 2826 3361 defeci.
2869 3305 2927 3362 Si
2963 3305 3113 3379 quid
3150 3310 3208 3363 et
3244 3305 3584 3380 profuimur

210 3391 498 3466 ἀδύνατον)
548 3394 680 3451 ἀλλὰ
734 3404 830 3458 τῆς
886 3398 1137 3468 ἡμετέρας
1195 3396 1289 3448 ούκ
1364 3394 1589 3449 ἐλλεῖπον
1664 3393 1822 3449 δυνά-

1959 3409 2004 3448 ικ
2031 3397 2154 3450 toto
2184 3392 2398 3450 ardore
2429 3393 2683 3465 publicis
2708 3394 2889 3451 rebus
2918 3399 2975 3454 et
3001 3394 3083 3453 ad
3111 3396 3388 3453 omnium
3424 3397 3586 3454 utili-

210 3504 372 3558 μεως.
423 3484 487 3540 Εἰ
552 3481 612 3537 δε
661 3504 712 3538 τι
763 3504 854 3536 και
918 3488 1385 3557 συνεισηνέγκαμεν
1434 3483 1489 3538 ἐκ
1544 3492 1636 3547 τῆς
1688 3488 1821 3539 πανυ

1960 3487 2113 3537 atem
2138 3481 2593 3558 pertinentibus,
2622 3483 2997 3556 sapientibus
3025 3484 3408 3561 imperatoris
3444 3501 3587 3547 con-

205 3576 409 3635 ταύτης
436 3576 729 3647 προθυμίας
754 3571 805 3635 ἐς
824 3575 891 3626 τὰ
962 3582 1107 3634 κοινῆ
1162 3579 1415 3649 χρήσιμα
1468 3594 1561 3626 και
1613 3571 1822 3633 πάνδη-

1956 3569 2076 3625 ιὶιὶἱε
2102 3570 2529 3643 sententiisque
2576 3587 2700 3628 non
2749 3571 2928 3629 nimis
2971 3572 3188 3644 ignave
3243 3573 3583 3641 servientes,

207 3682 309 3737 μον
339 3667 435 3721 τὴν
479 3662 777 3717 λυστελειαν
839 3661 1055 3734 ἔχοντα,
1112 3669 1229 3724 ταῖς
1277 3669 1465 3735 σοφαῖς
1524 3670 1617 3716 τοῦ
1663 3662 1823 3735 βασι-

1962 3674 2053 3714 ιοῐι
2074 3674 2282 3717 meum
2310 3665 2401 3715 est
2428 3658 2492 3714 id
2521 3658 2736 3728 dicere,
2772 3660 2878 3717 sed
2910 3660 3041 3731 ejus
3069 3661 3176 3734 qui
3233 3676 3348 3716 nos
3404 3661 3480 3719 ad
3525 3660 3589 3717 id

206 3753 337 3813 λέως
368 3751 836 3825 ἐξυπηρετούμενοι
882 3756 954 3824 μὴ
1015 3751 1130 3805 λίαν
1185 3749 1407 3823 ἀγεννῶς
1464 3750 1678 3824 βουλαῖς
1732 3772 1824 3805 και

1964 3747 2197 3803 muneris
2226 3746 2526 3820 ofﬁciique
2556 3748 2972 3822 assumpserit.
3006 3749 3072 3805 Id
3100 3753 3158 3805 et
3185 3749 3463 3819 relinquo
3492 3748 3591 3806 di-

208 3842 586 3916 μνώμαις,ούκ
623 3841 745 3914 ἐμὸν
800 3842 861 3893 οἶν
908 3844 986 3901 εἴη
1045 3841 1231 3912 λέγειν,
1287 3848 1379 3893 τοῦ
1448 3837 1498 3892 δ’
1561 3843 1824 3915 ἐγκρίναν-

1968 3835 2192 3892 endum
2218 3841 2276 3892 et
2295 3834 2749 3909 affirmandum,
2795 3837 3028 3895 veritati
3090 3837 3229 3911 ipsi,
3270 3854 3408 3912 quas
3458 3838 3595 3912 plus

209 3950 299 3993 τος
328 3930 400 3991 εἰς
428 3937 586 3982 τοῦτο
613 3934 802 4004 μοίρας
847 3949 933 3985 και
990 3926 1262 3992 διακονίας
1311 3930 1451 4002 ἡμᾶς
1521 3946 1533 3959 ⁸
1591 3935 1824 4005 παρίημι

1969 3941 2120 3997 nam
2150 3925 2456 3983 calumnia
2481 3934 2585 3983 aut
2613 3927 3013 4000 sycophantia
3040 3933 3145 3985 aut
3180 3926 3408 3985 invidia
3434 3927 3596 3995 valet

211 4039 304 4072 και
361 4019 491 4093 αὐτῇ
546 4028 609 4092 τῇ
668 4018 889 4091 ἂληθείᾳ
943 4018 1105 4092 λέγειν
1160 4019 1242 4089 (2)
1291 4039 1382 4070 και
1458 4022 1821 4093 παριστάνειν,

1971 4014 2273 4088 lariusque
2302 4014 2542 4082 clamat,
2571 4016 2796 4093 quippe
2833 4032 2970 4089 quae
3008 4017 3216 4077 omnia
3251 4016 3488 4085 robore,
3531 4022 3598 4085 ut

210 4105 471 4171 διαϐολῆς
520 4127 612 4161 και
661 4111 1011 4180 συκοφαντίας
1059 4127 1150 4160 και
1188 4108 1376 4180 φθόνου
1436 4110 1630 4170 παντός
1703 4126 1824 4179 γεν-

1967 4104 2081 4160 aihi
2102 4103 2357 4170 videtur,
2390 4109 2630 4177 superet
2652 4107 2891 4163 veritas.
2924 4106 3008 4163 lta
3035 4110 3117 4179 ut,
3153 4106 3202 4162 si
3231 4106 3366 4181 quis
3419 4111 3477 4163 et
3532 4107 3594 4164 in

206 4201 481 4272 ναιοτίραν
523 4201 617 4256 τὴν
681 4196 840 4269 ἰσχύν
889 4196 1091 4269 ἐχούσῃ
1125 4216 1213 4249 και
1244 4197 1338 4254 τήν
1380 4200 1550 4268 φωνὴν
1630 4196 1827 4268 ὑψηλο-

1968 4209 2046 4250 ιοε
2073 4192 2364 4261 viventes,
2391 4193 2530 4250 etin
2560 4209 2671 4250 nos
2720 4199 2992 4252 mortuos
3052 4194 3277 4252 frustra
3325 4211 3397 4252 ac
3464 4195 3595 4259 sine

207 4290 384 4361 τέραν,
418 4281 603 4344 ἐπειδὴ
648 4305 739 4338 και
789 4288 994 4339 πάντων
1043 4286 1414 4360 ἰσχυρότερον,
1462 4284 1576 4358 ἐμοί
1629 4282 1822 4355 δοκεῖν,

1971 4282 2095 4339 xitu
2120 4280 2298 4339 vellet
2318 4281 2647 4354 insurgere,
2670 4281 2818 4338 nihil
2840 4282 3101 4356 amplius
3147 4283 3230 4341 illi
3276 4282 3396 4355 ﬁet,
3457 4299 3598 4351 cum

211 4378 247 4435 ἡ
284 4374 501 4433 ἀλήθεια
552 4374 629 4446 (3)
684 4395 698 4408 ⁸
754 4374 903 4443 ὥστ’,
932 4377 978 4427 εἷ
1016 4394 1097 4436 τις
1139 4393 1230 4426 και
1284 4374 1467 4440 ζῶσιν,
1518 4372 1561 4427 εἲ
1607 4393 1689 4430 τις
1733 4394 1827 4426 και

1968 4388 2028 4428 es
2064 4372 2232 4445 ipsae,
2273 4373 2330 4428 et
2348 4386 2472 4435 una
2499 4371 2604 4443 qui
2628 4387 2729 4428 eas
2756 4370 3054 4444 profunde
3082 4372 3595 4444 intelliguntjudi—

211 4466 511 4535 τεθνεῶσιν,
576 4462 687 4521 εἰκῆ
743 4467 833 4517 καὶ
893 4465 1060 4535 μάτην
1106 4465 1232 4535 ἡμῖν
1286 4462 1590 4538 ἐπηρεάζειν
1643 4462 1821 4533 ἐθέλει,

1971 4465 2234 4533 antque,
2285 4465 2493 4517 contra
2534 4458 2884 4523 reclamant.
2946 4482 2974 4511 ‹‹
3019 4463 3231 4525 Muscas
3286 4461 3598 4535 putridum

213 4549 371 4609 οὐδὲν
425 4552 568 4607 αύτῶ
623 4551 773 4607 πλέον
829 4554 997 4622 ἔσται,
1058 4560 1159 4606 τῶν
1212 4555 1526 4628 πραγμάτων
1582 4552 1693 4624 οἶμα
1766 4549 1827 4605 δὲ

1967 4549 2197 4607 eddunt
2224 4548 2448 4617 oleum,
2485 4571 2508 4608 η
2541 4548 2683 4607 dicit
2713 4548 2975 4622 sapiens.
3004 4551 3071 4605 Et
3100 4549 3371 4622 pluchra,
3430 4548 3592 4606 volet

213 4662 310 4697 και
371 4650 470 4695 τῶν
534 4640 621 4695 ἐπί
670 4643 876 4703 τούτοις
924 4639 1128 4714 βαθέως
1184 4645 1457 4697 συνιέντων
1518 4661 1606 4693 και
1660 4642 1827 4715 ὀρθῶς

1968 4637 2185 4711 [uidem
2204 4636 2453 4704 invidia,
2480 4652 2603 4694 non
2621 4637 2837 4709 poterit
2854 4653 2998 4695 vero
3023 4653 3407 4713 corrumpere
3428 4639 3595 4710 apud

215 4728 434 4787 εἰδότων
458 4735 669 4803 κρίνειν,
734 4728 1168 4783 ἀντεπιϐοώντων.
1234 4750 1261 4781 ‹‹
1329 4736 1496 4784 Μυῐαι
1550 4736 1827 4802 σαπριοῦ-

1966 4742 2040 4783 ιοε
2060 4726 2165 4800 qui
2187 4726 2416 4798 judicio
2444 4727 2710 4798 gaudent
2733 4731 2790 4784 et
2821 4726 2979 4799 insta
3033 4724 3237 4785 volent
3291 4727 3593 4801 inquirere

220 4840 311 4876 σιν
368 4819 556 4881 autem
615 4842 643 4870 »
705 4823 864 4891 φησίν
902 4819 930 4875 ό
980 4817 1132 4875 εἰπὼν
1188 4817 1288 4890 (4),
1345 4837 1436 4875 και
1489 4820 1553 4871 τὰ
1602 4817 1735 4871 καλὰ
1799 4819 1828 4870 ό

705 4823 864 4891 φησίν
902 4819 930 4875 ὁ
980 4817 1132 4875 εἰπὼν
1188 4817 1288 4890 (4),
1345 4837 1436 4875 και
1489 4820 1553 4871 τὰ
1602 4817 1735 4871 καλὰ
1799 4819 1828 4870 ὁ
1936 4820 1996 4872 et
2019 4814 2312 4889 judicare.

218 4911 402 4986 φθόνος
424 4906 743 4981 βουλήσεται
767 4909 847 4981 (5)
877 4910 990 4981 μὲν,
1041 4906 1102 4965 ού
1168 4903 1450 4964 δυνήσεται
1516 4903 1577 4965 δὲ
1638 4909 1784 4977 παρὰ
1845 4910 1952 4965 τοῖς
2023 4912 2142 4957 νοῦν
2206 4905 2400 4976 ἔχουσι
2470 4923 2562 4956 και
2631 4901 2848 4967 δικαίως
2907 4903 3159 4970 ἐξετάζειν
3224 4924 3317 4965 και
3381 4896 3594 4979 δίᾳιτᾷν

220 5000 553 5076 αῖρουμένοις
565 5039 578 5057 .

295 5086 372 5140 Ού
429 5090 531 5159 μὴν
571 5084 703 5155 ἀλλ’,
752 5090 837 5139 ἳνα
883 5091 955 5161 μὴ
997 5090 1115 5160 περί
1174 5087 1360 5138 τούτου
1416 5084 1583 5137 πολλὰ
1661 5084 1828 5157 λέγειν

2005 5085 2302 5151 Attamen,
2330 5094 2408 5135 ne
2427 5095 2588 5147 cum,
2624 5081 2701 5137 de
2720 5097 2792 5137 eo
2814 5081 3004 5139 multa
3022 5082 3219 5138 dicere
3248 5081 3577 5154 possimus,

222 5180 458 5251 ἔχοντες,
498 5195 591 5227 και
656 5176 828 5229 πάντα
882 5175 1105 5238 καθεξῆς
1143 5179 1449 5246 πειρώμενοι
1486 5172 1671 5245 λέγειν,
1721 5172 1828 5227 ἐτέ-

1966 5170 2243 5242 isingula
2265 5169 2462 5229 dicere
2500 5172 2884 5245 tentaremus,
2946 5171 3131 5231 aliam
3186 5171 3347 5229 viam
3401 5186 3592 5244 quam

300 5302 375 5371 (1)
395 5300 602 5358 Vetere
629 5299 758 5374 lege
788 5300 1087 5374 sancitum
1116 5303 1244 5355 erat
1269 5302 1352 5367 ut,
1382 5313 1493 5370 pro
1548 5302 1826 5370 surrepto

1960 5300 2163 5373 σχυρὸν
2202 5294 2340 5374 ἐστιν
2406 5292 2644 5358 ἀλήθεια,
2699 5297 2834 5348 ὥστε
2869 5297 3073 5349 πάντων
3124 5296 3418 5374 ἐπικρατεῖν
3484 5304 3585 5349 τῶν

223 5366 384 5431 bove
394 5387 516 5427 uno
524 5366 822 5444 ,iquin'que
836 5370 1242 5438 redderentur,
1261 5366 1522 5443 quatuor
1531 5384 1677 5427 oves
1711 5366 1825 5442 pro

965 5366 1677 5443 lerentur,quatuoroves
1711 5366 1825 5442 pro
1934 5366 2269 5444 ἀνθρωπίνων
2306 5366 2592 5444 λογισμῶν.

227 5461 372 5502 una.
392 5438 789 5500 Εκοᾶῖειιιῖί
1279 5438 1303 5443 “
1713 5438 1734 5442 “
2001 5438 2080 5512 (4)
2108 5438 2326 5495 Eccles.
2356 5454 2417 5507 Χ,
2454 5438 2500 5512 ι,

327 5520 381 5576 2)
409 5520 498 5569 An
529 5513 747 5586 excidit
772 5518 977 5569 τοῦτοῩ
1118 5585 1154 5586 η
1325 5583 1339 5586 _
1386 5583 1395 5586 _
1484 5585 1501 5586 ί
1632 5582 1647 5586 _

2003 5507 2202 5586 (5)_An
2234 5507 2630 5586 repetendum
2670 5510 2943 5586 σαπρίςειν
2969 5510 3174 5568 animo
3202 5511 3232 5567 ?
3422 5514 3592 5586 puto.

328 5586 385 5665 ξ)
435 5584 709 5665 _Yei'_itas_
737 5589 1045 5665 παγκρατὴς
1098 5585 1283 5665 dicta“
1313 5583 1427 5665 fuit
1457 5582 1824 5665 lineolixlidi
1929 5586 1955 5639 Ε

1964 5578 2238 5665 [xcidisse
2249 5578 2505 5665 verbum
2529 5578 2811 5651 videtur;
2851 5579 3140 5657 ἀμαυροῦν,
3186 5583 3357 5641 verbi
3384 5578 3591 5651 causa,

233 5652 403 5718 Stob.
428 5655 516 5723 tit,
541 5661 598 5712 7.
645 5652 951 5712 Eschin'es
999 5660 1201 5713 orator
1244 5654 1393 5713 ibid.
1450 5657 1514 5711 16
1568 5673 1582 5715 :
1644 5652 1825 5718 σῦιιως
1933 5653 2132 5713 simile
2163 5652 2350 5711 aliud.
