2060 3215
283 176 353 205 1479

958 167 1144 199 NICEPHORI
1156 166 1290 196 CHUMNI

1901 175 1969 204 1480

283 237 469 275 propositam
482 243 686 273 sequeremur,
702 235 767 264 hinc
777 242 887 263 censeo
901 232 975 262 mihi
985 230 1108 261 omnino

1165 239 1213 275 ραν
1239 234 1285 261 τῆς
1312 234 1484 269 προκειμένης
1510 234 1596 270 εἴημεν
1628 236 1776 271 τραπέντες,
1803 240 1891 264 ταῦτα
1923 240 1969 275 μὲν

284 282 450 311 omittenda
460 290 495 310 ac
507 283 567 310 Deo
573 280 811 317 conﬁdendaqui
817 279 920 308 omnia
927 278 1041 306 novitet
1047 283 1110 304 ma-

283 327 393 356 nifesta
409 329 438 355 et
452 326 594 362 obscura,
613 328 642 354 et
651 333 777 353 manum
787 324 903 353 veritati
922 322 1046 360 porrigit
1060 327 1110 348 ne-

283 379 343 408 que
356 371 425 400 sinit
439 379 508 401 eam
524 378 747 407 aquocumque
771 369 849 398 vinci
864 371 916 397 aut
930 364 1110 396 conculcari.

283 416 441 453 Reliquum
458 417 502 445 est
513 418 546 445 ut
555 415 594 444 ad
602 415 792 452 propositum
801 413 924 443 redeam
934 411 1025 448 idque
1040 417 1110 439 con-

282 461 395 490 ﬁciam.

319 549 593 585 Volebamusigitur
599 549 680 577 bona
686 550 788 577 nostra
796 548 954 584 disponere
962 547 1110 574 nostram-

285 603 343 631 que
356 595 394 623 de
407 595 442 622 iis
454 595 636 622 voluntatem
650 593 823 621 statuere.ld
834 590 1108 628 igiturperﬁcimus,

285 640 473 676 propositum
486 642 624 667 nostrum
642 639 850 674 adimplentes.

326 730 358 756 Et
375 737 409 756 ea
425 730 579 756 estnostra
591 728 741 762 voluntas,
758 728 888 762 utsuper
910 724 1050 753 omnibus
1060 724 1112 751 bo‘

285 772 330 800 nis
346 773 467 806 nostris,
489 774 556 800 vitm
573 775 681 800 nostrze
703 772 785 799 socia
800 774 827 799 et
842 778 942 798 comes
956 770 995 797 ad
1020 769 1111 804 hujus

285 818 351 844 vitm
366 817 536 845 felicitatem
560 817 598 845 ab
627 817 693 852 ipso
733 817 792 844 Deo
823 815 969 843 eonformi
992 821 1112 841 mecum

285 862 387 890 anima
402 864 517 897 parata,
533 862 742 895 constituatur,
755 864 783 888 et
798 863 830 888 ut
843 862 910 887 ante
927 859 985 886 alia
1004 858 1112 886 animae

1166 272 1236 301 δοκῶ
1250 285 1297 312 μοι
1309 277 1435 308 παντελῶς
1449 281 1587 314 παρήσειν,
1613 282 1657 306 καὶ
1689 290 1720 316 γε
1747 285 1783 317 τῷ
1818 286 1877 318 Θεῷ
1910 284 1971 320 θαρ-

1163 319 1246 357 ῥῆσαι
1279 322 1353 348 πάντ’
1386 320 1467 349 εἰδότι
1502 326 1547 350 καὶ
1570 325 1667 361 φανέρὰ
1687 328 1732 352 καὶ
1783 326 1881 363 ἀφανῆ,
1923 319 1970 355 καὶ

1163 368 1244 402 χεῖρα
1277 366 1393 403 όρέγοντι
1416 371 1447 404 τῇ
1478 367 1587 405 ἀληθεία
1612 371 1657 396 καὶ
1695 369 1778 407 μηδὲν
1804 373 1886 398 ταύτν
1926 372 1970 399 ὑπ’

1164 407 1271 441 οὐδενὸς
1283 413 1349 446 μήτε
1374 413 1528 449 κρατεῖσθαι
1559 416 1626 450 μήτε
1653 417 1865 443 καταπατεῖσθαι
1900 427 1970 453 συγ-

1164 458 1296 499 χωροῦντι
1316 465 1323 472 ·
1345 455 1433 482 λοιπὸν
1456 454 1481 483 δ’
1514 456 1545 484 ἃν
1578 457 1616 488 εἳη
1643 461 1708 497 πρὸς
1736 462 1766 487 τὸ
1799 463 1968 499 προκείμηον

1164 497 1293 526 ἐπανιέναι
1305 502 1351 527 καὶ
1362 502 1396 527 τὰ
1407 506 1453 532 τῆς
1464 503 1611 540 προθέσεως
1626 507 1821 542 συμπεραίνειν,

1200 546 1298 575 Σκοπὸς
1310 548 1372 581 γοῦν
1383 546 1414 575 ἧν
1441 546 1504 583 ἡμῖν
1536 550 1593 585 περὶ
1625 553 1675 575 τῶν
1702 550 1878 587 ὑπαρχόντων
1905 550 1967 579 δια-

1165 588 1257 615 θέσθαι
1280 591 1325 616 καὶ
1352 592 1400 620 τὴν
1422 590 1446 617 ἓν
1470 593 1570 623 τούτοις
1596 594 1722 630 ἡμετέραν
1750 598 1859 632 γνώμην
1887 595 1963 626 εὔδη-

1165 632 1207 659 λον
1224 634 1314 662 θεῖναι.
1335 637 1424 661 Τοίνυν
1445 637 1490 662 καὶ
1503 640 1711 675 συμπεραίνομεν
1740 638 1807 674 ἢδη,
1835 642 1876 667 τόν
1900 651 1959 668 σκο-

1164 679 1212 704 πὸν
1228 678 1381 715 πληροῦντες
1393 680 1431 717 (1)

1203 725 1253 749 Καὶ
1269 722 1419 760 βουλήσεως
1433 727 1513 756 οὕτως
1531 726 1635 763 ἔχομεν,
1656 727 1699 754 ἐπὶ
1727 732 1795 755 πᾶσι
1822 733 1881 762 τοῖς
1909 729 1968 757 οὖσι

1167 769 1213 796 τὴν
1224 771 1270 793 τοῦ
1286 767 1348 804 βίου
1378 772 1508 797 κοινωνόν.
1528 770 1567 797 ἔπ’
1595 770 1751 809 εὐδαιμονιᾳ
1780 775 1876 800 τούτου
1905 777 1972 812 πρὸς

1166 811 1318 849 ὀμοψυχίαν
1351 813 1378 839 ἐκ
1401 817 1464 841 Θεοῦ
1505 819 1716 853 συνηρμσμένην,
1762 821 1856 855 κυρίαν
1896 811 1973 847 lete:-

1168 857 1271 890 στάναι,
1298 859 1342 883 καὶ
1369 867 1399 893 γε
1425 860 1475 895 πρὸ
1503 863 1553 885 τῶν
1583 859 1663 886 ἄλλων
1691 865 1738 891 τῆς
1764 860 1828 898 ἐμῆς
1875 862 1973 899 ψυχῆς

283 915 359 935 ωερε
375 915 477 935 curam
490 906 610 941 habeat,
626 906 774 942 quidquid
786 905 966 933 conveniens
986 904 1040 939 est,
1058 910 1108 939 prc

1169 899 1295 937 φροντίδα
1332 903 1503 936 πεποιῆσθαι,
1540 907 1591 931 πᾶν
1624 905 1671 931 ὅσο
1710 908 1863 942 γιγνόμενόν
1901 907 1972 934 ἔστιν

284 959 320 979 ea
332 954 465 979 statuens
476 959 573 987 neque
588 950 788 978 sollicitudine
804 958 871 986 quae
896 949 952 984 ipsi
976 948 1110 980 debetur,

283 992 413 1023 inferior.
432 997 465 1023 Et
474 1004 546 1023 sane
559 996 667 1023 animae
679 1003 753 1022 mea}
767 995 898 1022 studium
918 991 1113 1020 habentilice-

283 1040 327 1069 bit
340 1040 465 1069 omnino
477 1040 623 1077 quidquid
632 1040 690 1076 ipsi
703 1039 851 1068 videbitur
872 1047 908 1068 ex
926 1037 1001 1066 meis
1026 1036 1114 1066 bonis

284 1085 467 1121 impendere,
476 1094 573 1121 neque
585 1086 676 1113 ullam
688 1086 834 1112 rationem
843 1085 879 1112 de
890 1083 1036 1119 impensis
1046 1083 1112 1109 red-

285 1130 365 1158 dere.
387 1130 528 1158 autdeiis
541 1139 609 1166 quae
632 1130 732 1165 egerit.
761 1131 794 1157 Et
817 1129 884 1157 ﬁliis
908 1128 1109 1156 haereditatem

284 1176 439 1212 praestabit
453 1178 481 1203 et
492 1175 556 1203 aliis
568 1183 675 1210 genere
687 1175 873 1211 propinquis.
887 1176 920 1202 Et
929 1174 1019 1202 servis
1035 1174 1111 1202 bene

285 1220 380 1252 faciet,
398 1222 425 1247 et
443 1220 500 1248 alia
511 1221 613 1248 omnia
626 1228 680 1256 pro
693 1222 838 1256 potestate
847 1220 944 1253 faciet,
961 1222 992 1247 ut
1021 1227 1037 1247 a
1059 1228 1111 1247 no-

284 1264 331 1292 bis
342 1265 472 1300 plurima
487 1273 592 1292 eorum
613 1265 756 1297 dicentur,
778 1268 806 1292 et
830 1265 910 1293 dictu
934 1265 1032 1300 magis
1061 1272 1112 1292 ne-

285 1310 416 1338 cessaria
432 1318 483 1345 per
497 1312 595 1346 partes
604 1312 800 1346 exponentur.

320 1448 407 1473 Porro
418 1443 492 1472 mihi
506 1443 547 1471 sic
558 1443 667 1472 volenti
681 1452 716 1472 ac
730 1444 900 1480 disponenti
915 1443 998 1472 nulla
1012 1443 1110 1472 obstat

283 1489 331 1516 lex
347 1491 400 1516 aut
414 1488 590 1523 refragatur,
606 1496 702 1524 neque
715 1488 889 1516 contradicit
907 1498 912 1522 ;
925 1489 977 1516 sed
992 1497 1107 1522 omnes,

283 1535 317 1561 ut
327 1533 368 1561 ita
382 1533 492 1567 dicam,
506 1535 569 1560 tum
583 1532 702 1567 divinae,
715 1535 777 1560 tum
789 1533 929 1560 humanae
940 1533 1020 1568 leges
1031 1533 1109 1560 adid

1166 945 1229 982 ὑπὲρ
1264 946 1346 977 αὐτῆς
1377 947 1497 983 θεοφιλῶς
1532 950 1711 986 πράττουσαν,
1750 953 1794 978 καὶ
1830 956 1878 983 τῆς
1913 956 1972 990 περὶ

1167 993 1264 1020 ταύτην
1301 991 1444 1028 ἐπιμελείας
1476 994 1523 1020 οὐκ
1564 993 1786 1032 ἀπαλλατομένην,
1827 1000 1882 1023 Καὶ
1920 1001 1972 1034 μὴν

1169 1035 1194 1061 ἐν
1206 1038 1290 1073 τούτῳ
1305 1039 1352 1066 τὴν
1368 1036 1488 1067 σπουδὴν
1501 1040 1602 1076 ἐχούσῃ
1624 1039 1726 1071 ἐξέσται
1751 1042 1834 1078 ταύτῃ
1867 1043 1972 1075 πάντως

1166 1083 1211 1107 καὶ
1243 1083 1271 1107 τὸ
1299 1080 1393 1108 δοκοῦν
1425 1084 1530 1119 σύμπαν
1553 1082 1580 1109 ἐκ
1603 1088 1652 1110 τῶν
1677 1087 1838 1122 πραγμάτων
1869 1086 1968 1114 ἀναλώ-

1168 1135 1223 1160 σαι,
1242 1125 1312 1162 μηδὲ
1338 1137 1389 1153 τινι
1416 1132 1466 1153 τῶν
1500 1127 1618 1155 ἁπάντων
1641 1127 1773 1166 μηδαμῶς
1798 1130 1878 1166 λόγον
1914 1133 1973 1158 ὑπέ-

1166 1172 1267 1207 χούσῃ,
1285 1173 1351 1208 μήτε
1371 1176 1420 1203 τῆς
1448 1171 1577 1209 δαπάνης,
1605 1176 1671 1210 μήτε
1697 1178 1747 1201 τῶν
1773 1179 1975 1212 πραττομένων.

1167 1218 1218 1242 Καὶ
1235 1219 1313 1243 παισὶ
1328 1216 1441 1254 κλήρους
1454 1220 1606 1256 χορηγήσει
1625 1221 1670 1245 καὶ
1694 1223 1749 1251 τοῖς
1774 1223 1896 1256 γνησίως
1930 1223 1975 1248 ἆλ-

1165 1261 1321 1297 λωςὲχουσι
1340 1263 1405 1298 πρὸς
1419 1264 1502 1298 γένος.
1521 1265 1571 1289 Καὶ
1590 1263 1691 1295 οἰκέτας
1707 1264 1734 1290 εὖ
1766 1268 1886 1295 ποιήσει.
1924 1270 1976 1293 Καὶ

1165 1305 1245 1332 τᾶλλα
1273 1307 1359 1333 πάντα
1382 1307 1475 1344 πράξει
1504 1308 1561 1334 κατ’
1590 1308 1720 1344 ἐξουσίαν,
1748 1310 1784 1341 ὡς
1823 1313 1870 1337 καὶ
1909 1312 1977 1347 ἡμῖν

1165 1350 1298 1386 εἰρήσεται
1330 1351 1363 1377 τὰ
1395 1351 1475 1378 πλείω
1505 1353 1603 1378 τούτων
1623 1355 1668 1380 καὶ
1703 1352 1802 1390 μᾶλλον
1839 1354 1976 1391 ἀναγκαῖα

1164 1394 1291 1431 λεχθῆναι
1306 1396 1374 1422 κατὰ
1386 1398 1463 1433 μέρος
1482 1395 1625 1425 ἐκτεθέντα.

1200 1440 1279 1476 Ἀτάρ
1300 1439 1358 1477 ἐμοὶ
1378 1440 1445 1466 οὕτω
1471 1440 1662 1479 βεϐουλημένῳ,
1689 1443 1745 1479 οἶμα
1772 1441 1803 1470 δὲ
1836 1447 1881 1471 καὶ
1907 1442 1967 1471 δια-

1164 1486 1298 1521 τιθεμένῳ,
1319 1484 1481 1515 ἀντιτίθησιν
1506 1484 1592 1517 οὐδεὶς
1614 1488 1718 1518 πάντως
1745 1487 1804 1514 οὐδ’
1831 1488 1973 1526 άντεπςὶγιι

1164 1533 1214 1556 τῶν
1230 1531 1325 1566 νόμων,
1339 1530 1462 1566 οὐμενοῦν
1481 1529 1539 1557 οὐδ’
1556 1531 1681 1568 ἀντιλέγει
1711 1542 1718 1549 ο
1744 1532 1809 1559 ἀλλὰ
1823 1536 1870 1560 καὶ
1891 1535 1972 1570 θεῖος,

284 1577 374 1605 simul
387 1577 493 1610 ferunt,
509 1577 582 1604 mihi
595 1585 703 1613 nempe
718 1580 750 1604 ut
763 1577 850 1605 liceat
869 1577 906 1605 de
925 1577 999 1605 meis
1013 1577 1108 1605 facere

1164 1576 1196 1605 ὼς
1209 1575 1297 1608 εἰπεῖν,
1321 1575 1387 1605 ἄπας
1421 1576 1516 1612 θεσμὸς
1541 1579 1586 1603 καὶ
1613 1577 1775 1613 ἁνθρωπινος
1802 1580 1868 1615 πρός
1899 1581 1973 1606 τοῦθ’

283 1621 431 1657 quidquid
442 1621 519 1648 volo.
533 1622 573 1648 Ac
585 1621 673 1648 simul
684 1621 871 1657 quidjustius
883 1624 1066 1657 esset,quam
1077 1624 1110 1650 ut

284 1674 320 1693 ea
331 1673 399 1701 qure
410 1666 512 1693 omnia
519 1673 586 1701 qua:
598 1668 716 1698 egomet
726 1666 800 1702 ipse,
815 1665 981 1701 participat,
997 1674 1045 1694 me
1061 1667 1110 1694 de-

283 1710 395 1742 functo,
418 1718 509 1745 super
528 1710 564 1738 iis
579 1710 666 1738 bonis
685 1711 892 1744 constituatur,
913 1711 1024 1747 quippe
1042 1720 1109 1747 quae

283 1754 357 1782 nihil
369 1754 471 1782 minus
490 1763 582 1790 quam
598 1755 672 1790 ipse,
683 1755 722 1782 ad
737 1762 773 1783 ea
788 1762 912 1790 operam
929 1755 1085 1784 contulerit
1097 1757 1110 1784 ?

283 1800 411 1834 Contigit
422 1800 502 1827 enim
518 1799 616 1833 nobis,
634 1802 661 1827 et
676 1799 786 1827 mirum
804 1800 833 1827 in
850 1800 973 1828 modum
990 1801 1110 1836 contigit

284 1844 406 1872 domum
431 1844 592 1879 adaugere,
620 1852 681 1872 non
701 1844 793 1872 modo
815 1845 956 1873 metendo
972 1845 1025 1873 ubi
1049 1854 1110 1873 non

281 1889 548 1925 seminaveramus,
557 1891 584 1917 et
597 1889 765 1923 colligendo
772 1890 852 1917 unde
859 1890 1108 1925 disperseramus,

281 1935 309 1961 et
324 1933 565 1962 benedictionem
581 1941 642 1961 non
659 1934 751 1961 modo
767 1934 806 1962 ab
835 1934 1048 1962 accedentibus
1063 1943 1109 1963 ac-

281 1978 430 2014 cipiendo,
447 1978 500 2006 sed
515 1980 543 2006 et
557 1978 596 2005 ab
610 1978 644 2005 iis
658 1979 710 2014 qui
721 1982 892 2007 nostrorum
904 1980 1014 2007 conscii
1025 1982 1110 2007 erant

281 2024 309 2051 et
327 2022 414 2051 nobis
427 2030 606 2059 prosperum
618 2030 790 2051 successum
804 2025 832 2051 et
843 2023 900 2052 alia
912 2024 994 2052 bona
1006 2032 1108 2060 preca-

279 2067 391 2096 bantur
404 2077 410 2102 ;
423 2069 500 2104 (quae
509 2068 573 2095 sola
580 2067 656 2095 ratio
667 2076 755 2103 agros
763 2068 835 2096 solet
847 2069 973 2105 pingues
983 2070 1107 2097 reddere

280 2115 308 2140 et
317 2112 430 2140 fructus
444 2112 618 2148 producere,
636 2115 664 2140 et
683 2113 790 2141 uberes
814 2113 924 2141 reditus
955 2115 982 2140 et
1009 2113 1108 2141 abun-

280 2157 415 2185 dantiam
428 2156 621 2190 afferre;dum
632 2158 785 2186 contraria
795 2157 870 2185 ratio
884 2157 970 2185 valde
981 2165 1016 2184 ac
1029 2158 1107 2192 juste

280 2201 408 2237 abradit,
425 2203 453 2229 et
468 2210 566 2238 neque
581 2211 719 2237 manum,
735 2209 833 2238 neque
845 2202 944 2229 sinum
964 2201 1108 2238 adimplet

280 2247 413 2275 melentis
428 2249 457 2274 et
467 2247 643 2283 colligentis)
659 2256 665 2282 ;
682 2246 735 2274 sed
754 2248 783 2274 et
796 2245 891 2273 ﬁrmis
910 2246 1065 2274 laboribus
1079 2249 1107 2276 et
1123 2258 1144 2285 υ

280 2291 410 2319 consiliis
422 2291 544 2327 optimae
554 2291 646 2327 hujus
671 2298 707 2318 ac
729 2289 876 2317 mirandae
907 2290 1016 2318 uxoris.
1042 2293 1106 2319 Non

279 2335 310 2364 id
317 2335 443 2364 dicendo
452 2336 606 2370 erubesco,
617 2334 761 2363 veritated
768 2333 908 2362 omnibus
914 2343 1103 2372 praeponens.

279 2380 369 2409 Nobis
384 2380 552 2409 vitaﬂoruit
564 2387 600 2409 ac
619 2379 760 2407 multum.
776 2381 984 2416 quantumque
998 2381 1106 2410 licebat

278 2425 421 2462 profudit,
437 2425 502 2454 aliis
517 2432 554 2453 ex
564 2431 626 2452 non
640 2423 807 2451 minoribus
822 2423 920 2458 initiis,
948 2425 1010 2454 imo
1034 2434 1104 2455 vero

278 2478 316 2499 ex
329 2469 508 2506 majoribus,
523 2476 585 2496 non
599 2467 706 2496 eadem
725 2468 851 2504 adeptis.

278 2514 391 2552 ἀρίστης
422 2515 518 2544 ταύτης
550 2515 596 2540 καὶ
631 2511 783 2549 θαυμαστῆς
820 2514 962 2551 ὁμοζύγου.
992 2516 1030 2542 Οὐ
1063 2517 1112 2554 γὰρ
1157 2517 1325 2552 ασχυνοίμην
1355 2515 1445 2551 λέγων,
1477 2516 1571 2547 παντὸς
1601 2515 1696 2553 μᾶλλον
1727 2522 1873 2554 προτιμῶν

315 2603 419 2641 (ηεῇο
432 2602 592 2641 vernacule
612 2614 627 2628 ‹‹
648 2603 839 2641 remplissant
861 2604 888 2633 le
913 2605 978 2634 but.
1011 2616 1025 2631 »
1052 2606 1109 2634 Sed

278 2639 332 2676 qui
346 2639 502 2676 diligenter
518 2639 653 2667 scribunt
667 2639 755 2668 talem
771 2640 914 2676 loquendi
925 2642 1051 2669 modum
1065 2643 1108 2670 [ας

280 2674 374 2713 giunt,
403 2674 488 2713 cujus
508 2676 684 2713 metaphora
705 2679 746 2704 est
773 2674 974 2713 inconcinna;
998 2685 1107 2713 scopus

280 2711 361 2738 enim
375 2711 515 2746 tangitur,
533 2718 593 2748 non
607 2711 746 2748 impletur
764 2722 769 2745 ;
788 2712 962 2748 adscopum
974 2711 1107 2748 pervcni-

279 2753 359 2782 mus,
375 2754 444 2774 eum
460 2754 520 2774 non
542 2747 713 2782 implemus.
737 2748 810 2775 Sunt
834 2747 933 2776 tamen
963 2747 1009 2775 vel
1033 2748 1106 2776 boni

282 2781 440 2817 scriptores
454 2782 506 2818 qui
525 2782 565 2810 ad
577 2781 657 2811 hunc
672 2783 805 2819 lapidem
815 2783 1013 2819 impegerunt,
1024 2785 1106 2812 aliud

281 2819 403 2855 agentes
417 2818 559 2855 profecto.
574 2818 711 2853 Possem,
723 2818 747 2845 si
762 2818 809 2846 his
829 2818 928 2847 essent
942 2819 989 2847 hic
1008 2820 1103 2855 locus,

281 2851 390 2888 Harpii,
417 2851 631 2891 'Campofortii,
658 2851 795 2883 vivorum
821 2855 911 2885 etiam
940 2851 1104 2892 eorumque

1164 1619 1229 1655 ὁμοῦ
1263 1621 1396 1656 φέρουσιν,
1427 1619 1524 1651 ἐξεῖκαί
1548 1631 1594 1657 μοι
1624 1625 1706 1648 ποιεῖν
1738 1621 1779 1648 ἐπὶ
1808 1627 1866 1654 τοῖς
1900 1623 1973 1661 ἐμοῖς

1163 1667 1214 1690 πᾶν
1230 1664 1291 1690 ὅσον
1303 1663 1442 1700 βούλομαι.
1457 1664 1527 1701 ’Ἅμα
1552 1664 1582 1692 δε
1606 1668 1651 1692 καὶ
1678 1664 1781 1693 δίκαιον
1806 1669 1833 1694 τί
1859 1668 1891 1694 ἂν
1927 1672 1972 1705 γέ-

1164 1718 1232 1735 νοιτο
1262 1710 1356 1735 τούτου
1377 1719 1407 1745 γε
1432 1709 1538 1746 μᾶλλον,
1560 1711 1575 1740 ἢ
1610 1713 1657 1740 τὴν
1682 1713 1785 1738 πάντων
1825 1713 1862 1739 ὧν
1894 1714 1973 1746 αὐτὸς

1164 1754 1268 1790 μέτέχω
1295 1756 1340 1780 καὶ
1361 1755 1459 1783 ταύτην
1485 1754 1512 1786 ἐξ
1534 1755 1593 1781 ἴσου
1632 1758 1801 1792 μετέχουσιν,
1843 1758 1892 1784 ἁτε
1930 1763 1976 1786 καὶ

1164 1795 1247 1834 μηδὲν
1279 1798 1356 1827 ἧττον
1384 1798 1469 1825 αἰτίαν
1495 1799 1665 1836 γεγενημένην
1689 1799 1755 1837 μηδ’
1789 1801 1898 1829 ἔλαττον
1939 1805 1976 1835 εἰς

1164 1847 1247 1869 ταῦτα
1262 1842 1468 1880 συμϐαλομένην,
1485 1843 1523 1870 ἔπ’
1540 1844 1630 1876 αὐτοῖς
1658 1846 1771 1880 τούτοις,
1800 1846 1866 1882 ἐμοῦ
1897 1848 1978 1880 ὑπεξ-

1166 1888 1256 1922 ιόντος,
1289 1890 1334 1914 καὶ
1361 1888 1484 1919 καθάπαξ
1508 1888 1727 1924 ἐγκαταστῆναι;
1765 1889 1881 1926 Ἐγένετο
1920 1894 1975 1929 γὰρ

1164 1933 1238 1968 ἡμῖν,
1259 1934 1304 1958 καὶ
1316 1932 1383 1958 πάνυ
1403 1942 1429 1958 τι
1440 1932 1524 1963 καλῶς
1551 1932 1657 1969 ἐγένετο,
1689 1935 1732 1959 τὸν
1762 1934 1833 1960 οἶκον
1856 1934 1978 1968 ἐπαυξῆ-

1165 1987 1221 2011 σαι,
1238 1976 1285 2003 οὒκ
1298 1977 1325 2003 ἐκ
1341 1980 1387 2003 τοῦ
1405 1977 1513 2015 θερίζειν
1528 1980 1604 2013 μόνον
1624 1978 1688 2004 ὅπου
1726 1981 1771 2004 καὶ
1799 1978 1975 2017 ἐσπείραμεν,

1163 2024 1205 2048 καὶ
1234 2022 1352 2057 συνάγειν
1379 2022 1435 2048 ὃθη
1460 2020 1681 2059 διεσκορπίσαμεν
1707 2023 1757 2059 (2),
1781 2026 1827 2050 καὶ
1856 2035 1887 2061 γε
1924 2028 1974 2055 τήν

1163 2067 1281 2103 εὐλογίαν
1295 2068 1331 2102 μὴ
1355 2068 1431 2102 μόνον
1458 2065 1486 2092 ἐκ
1509 2070 1559 2093 τῶν
1589 2069 1745 2104 παριόντων,
1775 2067 1843 2095 ἀλλὰ
1871 2079 1896 2096 τι
1924 2074 1970 2097 καὶ

1162 2116 1211 2138 τῶν
1226 2109 1382 2137 συνειδότων
1403 2111 1505 2137 πάντων
1535 2113 1581 2137 καὶ
1608 2114 1655 2141 τήν
1684 2112 1804 2141 εὐθηνίαν
1830 2114 1893 2150 ἣμῑν
1921 2117 1969 2141 καὶ

1161 2156 1242 2183 τᾶλλα
1272 2160 1322 2182 τῶν
1349 2155 1453 2191 ἀγαθῶν
1479 2158 1686 2193 συνευχομένων,
1713 2160 1887 2195 καρποῦσθαι
1904 2170 1912 2176 ι
1943 2160 1973 2192 ὂς

1163 2199 1196 2229 δὴ
1210 2203 1254 2227 καὶ
1268 2202 1347 2237 μόνος
1360 2202 1455 2238 τρόπος
1470 2200 1583 2238 ἀρούρας
1599 2199 1655 2228 οἶδε
1680 2204 1792 2229 πιαίνειν
1822 2206 1871 2231 καὶ
1906 2215 1973 2242 καρ-

1161 2248 1223 2276 ποὺς
1260 2245 1398 2284 ἐκτρέφειν,
1432 2248 1477 2272 καὶ
1515 2248 1646 2282 γεννιαίας
1668 2248 1714 2277 τὰς
1751 2246 1889 2280 ἐπιδόσεις
1925 2252 1968 2276 καὶ

1161 2293 1219 2321 τοὺς
1244 2290 1423 2327 πλεονασμοὺς
1449 2290 1584 2328 εἰσφέρειν,
1614 2293 1647 2323 ὡς
1682 2295 1729 2319 τοῦ
1771 2292 1892 2321 ἐναντίον
1943 2304 1974 2331 γε

1160 2337 1257 2367 παντός
1283 2339 1310 2362 εὖ
1336 2335 1406 2372 μάλα
1430 2338 1476 2362 καὶ
1505 2334 1617 2368 δικαίως
1644 2335 1896 2375 καταξηραίνοντος,
1928 2342 1976 2366 καὶ

1160 2383 1224 2417 μήτε
1242 2382 1289 2409 τὴν
1322 2384 1401 2417 χεῖρα
1427 2382 1493 2417 μήτε
1518 2382 1562 2407 τὸν
1593 2380 1687 2409 κόλπον
1716 2381 1879 2418 πληροῦντος
1926 2388 1976 2411 τοῦ

1162 2425 1368 2463 θερίζοντος’καὶ
1382 2426 1538 2461 συνάγοντος
1553 2436 1558 2442 ·
1575 2425 1640 2452 ἀλλὰ
1664 2435 1691 2452 τι
1717 2429 1762 2453 καὶ
1786 2431 1848 2459 ταῖς
1874 2429 1977 2461 καλαῖς

1160 2470 1328 2507 φιλοπονίαις,
1354 2469 1409 2507 ἅμα
1437 2468 1467 2496 δὲ
1490 2472 1535 2497 καὶ
1558 2473 1703 2508 περινοίαις
1729 2472 1764 2508 (3)
1795 2476 1847 2504 τῆς
1891 2474 1977 2500 πάντ’

1927 2522 1977 2550 τὴν

1163 2605 1474 2635 excellentissimorum
1480 2605 1647 2642 hominum,
1655 2606 1791 2643 exempla
1797 2607 1827 2635 in
1834 2608 1917 2638 medi
1923 2617 1978 2638 um

1162 2643 1303 2678 proferre.

1196 2679 1394 2714 t2)Respectu
1406 2677 1446 2706 ad
1458 2678 1522 2706 haec
1538 2678 1628 2706 verba
1655 2678 1784 2707 Matthaei
1798 2688 1871 2712 xxv,
1898 2683 1939 2710 24
1969 2690 1976 2709 :

1161 2713 1272 2750 Σκληρός
1292 2713 1314 2740 εῗ
1328 2715 1473 2753 ἄνθρωπος,
1491 2713 1598 2750 θερίζων
1616 2714 1680 2740 ὅπου
1701 2714 1748 2740 οὐκ
1768 2715 1908 2753 ἔσπειρας,
1929 2721 1979 2744 καὶ

1162 2748 1279 2785 συνάγων
1290 2751 1346 2776 ὅθεν
1359 2748 1388 2775 οὗ
1403 2748 1603 2786 διεσκόρπισας.

1159 2785 1330 2850 29ἓ3ὲςοηί.
1348 2785 1456 2814 similia
1471 2785 1554 2821 apud
1566 2786 1686 2822 Gregor.
1700 2786 1841 2823 Nazianz,
1858 2790 1879 2818 t.
1897 2789 1924 2825 Ι,
1945 2797 1978 2826 p.
