4120 6412
232 281 364 341 1481

1634 266 2180 334 TESTAMENTUM.

3466 266 3605 336 1482

230 406 491 466 ἀλήθειαν·
525 400 857 461 ίνευθήνησεν
885 399 1033 473 ἡμῶν
1063 399 1088 453 ὁ
1120 398 1239 474 βίος
1256 404 1347 454 καὶ
1373 398 1613 454 πλεῖστον
1641 399 1714 461 εἰς
1742 399 1864 452 ὅσον
1893 399 1998 452 οἷόν
2024 419 2078 454 τε
2108 397 2169 460 ἧν
2199 399 2252 464 ἐς
2306 402 2372 455 τὰ
2410 400 2643 475 μα’λιστα
2710 404 2926 476 προῆκε,
2979 404 3079 452 τῶν
3144 396 3332 471 ἄλλων,
3385 398 3481 454 οῦκ
3548 399 3606 465 ἐξ

229 494 505 549 ἐλαττόνων
530 499 631 544 τῶν
661 488 926 566 ἀφορμῶν,
956 488 1085 542 ἀλλά
1111 509 1171 562 γε
1195 494 1285 542 καὶ
1314 488 1484 561 πολλῷ
1507 488 1779 562 μειζόνων,
1804 487 1863 540 οῦ
1894 490 1962 542 τά
1986 486 2083 543 ἶσα
2105 509 2339 550 κατακτη
2351 496 2601 564 σαμένων.

303 584 436 657 Ἐγὼ
498 584 590 655 μὶν
655 582 757 653 γὰρ
824 579 938 632 ὄλον
1011 577 1230 651 ἐμαυτὸν
1303 574 1515 639 ἐπιδοὺς
1571 584 1682 639 τοῖς
1740 582 1910 635 τοῦΑ

228 679 545 750 κρατοῦντος
612 668 932 742 κελεύσμασι
991 672 1082 721 καὶ
1158 674 1274 731 ταῖς
1330 667 1456 741 ὑπερ
1509 676 1607 720 τῶν
1656 675 1837 722 κοινῶν

232 763 553 839 πραγμάτων
610 756 907 831 ἀσχολίαις.
974 755 1100 832 ἦγον
1171 755 1379 832 οὐδαμῆ
1460 756 1660 831 σχολὴν
1737 764 1837 810 τῶν

232 852 349 905 κατ’
414 849 555 904 οἶκον
607 846 1014 921 ἐπιστρέφεσθαι
1075 853 1166 901 καὶ
1218 846 1656 923 προσαναλίσκειν
1722 848 1838 900 τοῦ·

234 959 347 1004 τοις
371 957 557 1000 πόνους
593 940 684 989 καὶ
724 932 1021 1013 φροντίδας·
1074 936 1206 996 αῦτη
1266 932 1326 989 δὲ
1371 939 1431 990 τό
1491 936 1682 999 ἑαυτῆς
1725 934 1837 989 ὅλον

232 1028 512 1104 πληροῦσα
548 1030 638 1078 καὶ
680 1028 740 1078 τό
793 1024 912 1099 ἐμόν
963 1023 1071 1078 ἀντ’
1129 1025 1254 1099 ἐμοῦ
1320 1029 1691 1101 συνεισέφερεν.
1753 1024 1840 1088 Ἐξ

235 1119 296 1172 οὗ
327 1114 396 1177 δὴ
428 1121 501 1191 μὴ
542 1120 696 1190 μόνον
719 1110 870 1169 aridis
920 1122 1018 1168 τῶν
1085 1118 1260 1183 ὄντων,
1310 1115 1428 1168 ὅποι
1480 1120 1551 1188 μὴ
1607 1123 1841 1189 προσῆκε

238 1205 503 1283 ὃιαῤῥυὶν,
537 1203 900 1279 παραπώλετο,
941 1202 1069 1257 ἀλλά
1107 1224 1158 1257 τι
1215 1208 1305 1257 καὶ
1359 1200 1617 1278 πρόσοδοι
1671 1207 1836 1279 ταύτῃ

234 1301 326 1350 καὶ
354 1298 610 1370 πορισμοί
659 1296 716 1347 ἐκ
769 1290 990 1346 δικαίων
1048 1302 1149 1346 τῶν
1200 1297 1405 1367 τρόπων
1462 1292 1836 1363 ἐπενοήθησαν,

236 1407 327 1440 και
366 1386 601 1461 περισσά
652 1391 727 1455 τῷ
781 1386 907 1455 οἴκῳ
972 1384 1106 1457 μετά
1160 1382 1349 1445 πολλῆς
1402 1390 1493 1446 τῆς
1543 1388 1663 1457 περί
1718 1388 1841 1447 τοὺς

235 1480 461 1537 πένητας
511 1472 924 1545 εὐσπλαγχνίας,
983 1471 1175 1526 πολλοῦ
1239 1492 1329 1525 και
1386 1480 1480 1526 τοῦ
1544 1473 1840 1548 περιαλγείν

237 1584 327 1617 και
355 1570 466 1627 τοῖς
508 1558 851 1635 δυστυχοῦσι
908 1562 1200 1635 συμπαθῶς
1256 1560 1700 1636 ἓπικάμπτεσθαι,
1750 1566 1840 1617 καί

236 1672 297 1727 γε
353 1648 668 1725 διαφέροντα
738 1658 837 1703 τῶν
908 1649 1069 1703 ἄλλων
1148 1652 1442 1723 γεγένηται,
1505 1670 1597 1703 και
1672 1650 1843 1724 πολλῷ

240 1740 427 1815 μᾶλλον
471 1740 732 1811 ἐπαινετὰ,
802 1739 833 1797 ἧ
893 1741 1027 1792 κατά
1098 1743 1193 1798 τὴν
1267 1741 1576 1812 θαυμαστὴν
1628 1738 1843 1810 ἕκείνην,
1890 1808 1895 1813 _

240 1851 333 1884 και
366 1834 546 1904 μόναις
570 1836 686 1889 ταῖς
726 1835 819 1881 τοῦ
875 1827 1203 1902 Σολομῶντος
1253 1833 1482 1901 σοφίαις,
1533 1825 1741 1903 οὐδαμῆ
1792 1826 1843 1883 δ’

239 1918 421 1990 ἄλλως,
478 1917 839 1993 ἐξευρημένην,
896 1917 958 1977 ἦν
1013 1916 1114 1989 ἐγὼ
1162 1926 1525 1993 σμικροπρεπῆ
1575 1938 1693 1971 τινα
1755 1939 1846 1973 και
1877 1941 1916 1997 Β

239 2012 656 2084 χειρωνακτικὴν
725 2007 914 2079 μᾶλλον
975 2008 1193 2080 νομίζω,
1243 2011 1375 2083 πρὸς
1428 2009 1685 2082 ἄτρακτον
1750 2011 1847 2073 τάς

238 2106 424 2175 χεῖρας
534 2092 839 2171 ἐρείδουσαν
950 2115 1039 2149 και
1129 2095 1389 2149 ταλασιῶν
1503 2096 1843 2171 ἐπιμελουμέ-

2010 581 2131 650 Ego
2170 579 2622 654 quidemtotum
2650 576 3137 650 meimperatoris
3149 576 3339 649 jussis
3362 575 3604 635 tradens

1946 672 2004 725 et
2018 684 2128 741 pro
2148 669 2458 742 republica
2469 667 2802 737 laboribus,
2816 682 3137 741 nunquam
3149 667 3323 725 omisi
3338 666 3603 741 propriis

1944 757 2293 816 incumbere
2342 758 2537 833 iisque
2586 772 2806 831 operas
2837 755 3349 829 cogitationesque
3373 755 3610 829 impen-

1946 845 2105 905 dere.
2122 847 2227 904 llla
2237 863 2401 919 vero,
2415 847 2712 921 quidquid
2724 845 2803 903 ad
2820 862 2884 903 se
2904 845 3249 919 pertineret,
3260 845 3605 919 adimplens

1946 936 2030 1008 id,
2070 938 2238 1011 quod
2264 938 2346 996 ad
2363 954 2459 996 me
2480 942 2775 1012 spectaret
2793 952 2904 1011 pro
2926 952 3023 992 me
3045 935 3409 993 conferebat.
3440 933 3608 992 Unde

1947 1043 2071 1085 non
2102 1028 2287 1087 modo
2305 1028 2453 1087 nihil
2479 1028 2782 1086 bonorum
2804 1026 3055 1085 efﬂuens
3082 1042 3205 1100 quo
3222 1041 3346 1083 non
3376 1027 3611 1100 oporte-

1945 1116 2071 1189 bat,
2126 1116 2466 1191 periit:sed
2513 1121 2571 1174 et
2624 1116 2851 1174 reditus
2899 1119 2958 1173 et
3010 1114 3236 1172 fructus
3301 1130 3377 1172 ex
3425 1113 3609 1187 justis

1946 1206 2280 1264 rationibus
2304 1205 2623 1281 excogitati
2641 1210 2799 1279 sunt,
2816 1208 2874 1263 et
2889 1205 3103 1263 domni
3124 1204 3454 1279 superﬂua,
3470 1220 3613 1261 cum

1947 1295 2139 1354 multa
2175 1312 2321 1369 erga
2345 1312 2642 1371 pauperes
2687 1293 3437 1367 misericordia,multaque
3467 1308 3615 1365 erga

1948 1384 2215 1443 infelices
2244 1385 2665 1460 compassione
2686 1388 2745 1442 et
2775 1383 3079 1442 aﬂ‘ectu.et
3106 1383 3239 1440 aliis
3266 1382 3615 1457 praestantia

1948 1491 2255 1534 accessere
2284 1482 2342 1533 et
2368 1475 2557 1533 multo
2577 1474 2796 1547 magis,
2827 1473 3007 1530 laude
3026 1473 3213 1544 digna
3240 1488 3429 1546 quam
3467 1487 3607 1545 quae

1948 1564 2163 1622 mulier
2183 1564 2290 1623 illa
2319 1564 2621 1633 miranda,
2648 1563 2779 1621 sola
2794 1561 3129 1620 Salomonis
3151 1560 3466 1636 sapientia,
3487 1575 3614 1618 non

1951 1660 2151 1710 autem
2178 1653 2441 1725 aliunde,
2466 1653 2729 1720 inventa,
2751 1655 2966 1725 (quam
2984 1666 3095 1722 ego
3113 1649 3466 1708 illiberalem
3486 1648 3615 1723 opis

1950 1742 2123 1800 ﬁcem
2138 1743 2336 1817 potius
2349 1743 2609 1816 censeo),
2632 1743 2712 1799 ad
2731 1741 2937 1798 fusum
2962 1756 3182 1798 manus
3198 1739 3533 1798 admovens
3548 1741 3609 1797 et

1950 1830 2157 1890 laneas
2175 1836 2372 1889 vestes
2429 1830 2776 1903 conﬁciens,
2812 1836 2871 1887 et
2891 1830 2953 1887 in
2970 1830 3126 1888 lanis
3151 1845 3223 1887 ac
3247 1828 3613 1887 vestimentis

1954 1938 2026 1980 ac
2071 1921 2415 1994 duplicibus
2465 1919 2744 1989 lacernis,
2793 1924 2852 1976 et
2873 1919 3038 1976 victu
3057 1925 3116 1976 et
3139 1919 3613 1976 domesticorum

1953 2011 2181 2068 mensis
2196 2026 2267 2068 ac
2286 2010 2506 2068 talibus
2529 2009 2809 2067 virtutem
2823 2012 2881 2066 et
2900 2008 3182 2067 ardorem
3210 2011 3271 2067 et
3292 2005 3618 2082 magnani-

1955 2101 2223 2159 mitatem
2276 2099 2558 2159 ostendit.

239 2208 352 2256 νην,
373 2206 465 2240 και
491 2190 611 2262 περί
637 2189 753 2262 ἔρια
774 2205 866 2239 και
894 2187 1210 2260 ἱματισμοὺς
1237 2206 1327 2239 και
1358 2182 1554 2251 δισσὰς
1584 2188 1825 2260 χλαίνας,
1864 2208 1956 2243 και
1982 2194 2230 2264 σιτηγίας
2248 2209 2341 2243 και
2379 2188 2643 2264 τραπέζας
2703 2187 2914 2242 οἰκετῶν
2964 2187 3063 2262 (1),
3115 2206 3205 2242 και
3256 2193 3496 2256 τοιαῦτα,
3554 2187 3616 2240 τό

244 2279 483 2331 σύντονον
503 2295 596 2329 και
627 2271 917 2330 σπουδαῖον
947 2295 1037 2329 και
1067 2274 1384 2349 μεγαλοφνὶς
1425 2272 1724 2333 δεικνῦσαν.

313 2365 448 2421 Ἀλλ’
523 2367 647 2440 ὅπερ
720 2368 866 2438 ἰφην,
935 2370 1039 2418 τίνι
1111 2365 1303 2438 μαλλον
1372 2364 1701 2442 ἐπιτρεπτέον
1782 2366 1844 2422 ἂν

242 2457 320 2515 εἴη
349 2453 459 2529 μετ’
491 2454 578 2528 ἐμὶ
632 2456 699 2507 τὰ
748 2453 865 2507 κατ’
939 2454 1027 2528 ἑμε
1073 2474 1164 2507 και
1221 2457 1466 2530 ἡμέτερα,
1526 2457 1571 2510 εἰ
1622 2463 1695 2532 μὴ
1755 2479 1845 2512 και

241 2550 421 2619 παρὼν
478 2545 574 2617 ᾖγε
653 2550 821 2596 ταῦτα
900 2543 1271 2618 ἐπιτετράφθαι
1320 2542 1429 2598 δεῖν
1504 2548 1683 2619 ἔγνων,
1755 2567 1846 2603 και

247 2633 636 2707 ἐπιτέτραπται.
693 2632 836 2692 Αὕτη
900 2652 991 2686 και
1058 2634 1223 2696 καλῶς
1283 2634 1394 2708 ἅμα
1452 2655 1544 2689 και
1601 2637 1848 2711 θεοφιλῶς

246 2721 597 2795 οἰκονομήσει,
661 2726 756 2781 τὴν
818 2721 904 2775 ἕπί
962 2720 1126 2776 πᾶσιν
1212 2722 1451 2787 ἐξουσίαν
1537 2745 1629 2780 και
1712 2726 1847 2782 ε’λευ-

244 2812 419 2884 θερίαν
454 2818 547 2865 τοῦ
579 2806 711 2886 δρᾷν
738 2813 875 2864 κατά
914 2808 1170 2884 βούλησιν
1224 2810 1535 2885 ἀνέγκλητον
1591 2815 1847 2879 παντελῶς

237 2919 329 2955 και
348 2903 562 2973 κρείττω
604 2896 955 2975 δικαστηρίου
990 2905 1184 2964 παντὸς
1217 2903 1443 2973 ἔχουσα,
1501 2901 1652 2958 πάντ’
1715 2905 1847 2960 ἐσεῖ-

241 3006 332 3041 ται
392 2992 754 3063 συμφερόντως
805 2987 916 3062 ἅμα
971 3005 1060 3042 και
1122 2995 1358 3064 κοσμίως
1423 2988 1843 3067 διαπραξαμένη.

243 3081 344 3131 Καί
377 3081 498 3139 τοὺς
532 3076 777 3153 κλήρους,
834 3080 966 3153 πρὸς
1022 3080 1118 3137 τήν
1185 3078 1312 3153 ἐμὴν
1371 3081 1549 3155 ὁρῶσα
1610 3088 1844 3157 γνώμην,

245 3169 406 3228 οὕτως
436 3166 729 3242 παρέξεται.

316 3235 525 3329 Πρῶτον
556 3259 646 3329 μὲν
673 3254 761 3308 οὖν
789 3256 916 3330 ὑπερ
951 3264 1044 3319 τῆς
1082 3255 1230 3330 ἐμῆς,
1295 3260 1418 3332 ὅπερ
1490 3262 1635 3335 ἔφην,
1705 3260 1847 3335 φιλο·
1878 3235 1918 3292 C

236 3349 458 3405 πονήσει
479 3344 685 3418 ψυχῆς.
730 3350 829 3400 Καὶ
886 3354 982 3409 τῆς
1035 3347 1333 3420 φιλοπονίας
1386 3351 1535 3403 ἔσται
1586 3354 1646 3405 τὸ
1707 3360 1846 3427 πρῶ-

237 3454 345 3488 τον·
397 3442 460 3508 τῇ
515 3442 608 3487 τοῦ
670 3442 804 3489 Θεοῦ
847 3440 1030 3511 μητρί,
1084 3440 1218 3512 πρὸς
1274 3438 1335 3497 ἣν
1392 3459 1483 3493 και
1546 3439 1595 3493 ἐν
1646 3440 1845 3506 κοιλίας

236 3522 514 3598 ἕπερρίφην
565 3528 783 3599 μητρός,
839 3543 927 3577 και
980 3526 1042 3584 ἦν
1090 3533 1183 3578 τοῦ
1242 3525 1365 3600 βίου
1447 3533 1639 3592 παντὸς
1721 3548 1847 3606 κρα-

237 3616 392 3666 ταιάν
466 3616 663 3672 σκέπην
722 3613 929 3683 ἐθέμην,
1097 3610 1165 3674 δὴ
1202 3622 1346 3689 "xui.
1439 3621 1845 3693 προσαπνώσω

237 3698 412 3763 ἡδέως
472 3720 531 3755 το
578 3710 782 3775 πνεῦμα
832 3721 1124 3776 προεμενος,
1182 3710 1346 3778 κακίᾳ
1379 3709 1470 3779 μεν
1521 3713 1666 3782 πασῃ
1754 3713 1846 3762 καὶ

235 3812 464 3867 πονηριᾳ
489 3789 828 3854 δεδουλευκός
873 3797 1051 3846 πίστιν
1119 3790 1172 3847 δ’
1221 3796 1362 3868 ὅμως
1406 3797 1566 3871 όρθὴν
1616 3802 1704 3851 καὶ
1751 3804 1846 3858 τὴν

239 3880 576 3954 εὐαγγελικήν
620 3882 931 3956 περισῶζον,
986 3887 1078 3936 καὶ
1134 3879 1228 3936 διὰ
1288 3887 1485 3944 ταύτην
1547 3890 1708 3960 μόνην
1756 3892 1845 3941 καὶ

241 3972 334 4033 τὰς
368 3969 419 4023 ἄν
444 3977 517 4041 τῷ
549 3968 653 4043 βίῳ
694 3974 969 4045 γενομένας
1020 3970 1319 4044 ἀντιλήψεις
1378 3973 1620 4050 θαρροῦν,
1678 3973 1845 4050 μηδὲν

240 4055 483 4132 εμποδὼν
539 4067 637 4121 τῆς
691 4069 788 4113 τῶν
848 4059 980 4134 ἐμῶν
1029 4065 1230 4135 τρόπων
1305 4069 1646 4138 γεγενημένης
1720 4085 1847 4139 φαυ-

235 4146 476 4215 λότητος,
507 4152 668 4222 ταύτῃ
699 4145 793 4217 δὴ,
824 4155 913 4203 καὶ
960 4145 1055 4203 διὰ
1100 4154 1297 4210 ταύτην
1362 4161 1424 4227 τῇ
1482 4153 1840 4230 ἀνατεθειμένη

234 4240 405 4311 ταύτῃ
436 4244 565 4311 μονῇ
599 4243 688 4291 καὶ
709 4238 833 4313 παρ’
861 4240 1010 4312 ἡμῶν
1068 4238 1121 4304 ἐξ
1178 4241 1345 4294 αὐτῶν
1406 4239 1657 4318 ἱδρυμενη
1707 4262 1845 4321 κρη-

235 4322 431 4393 πίδων,
472 4331 707 4402 χρυσίου
752 4332 1055 4401 νομίσματα
1094 4371 1108 4385 .
1148 4367 1165 4386 .
1208 4372 1224 4388 .
1266 4372 1281 4386 .
1326 4372 1343 4390 .
1381 4334 1712 4386 καθοσιῶσαι
1739 4334 1840 4406 (2).

234 4418 408 4488 ταύτῃ
444 4420 534 4469 καὶ
585 4418 674 4469 τὸν
730 4415 848 4490 εμόν
905 4425 1044 4490 χοῦν
1094 4419 1392 4496 προσρῖψαι
1447 4427 1538 4475 καὶ
1587 4420 1843 4497 βόρϐορον

234 4508 299 4557 τό
327 4507 514 4580 μιαρὸν
556 4514 731 4579 σῶμα,
770 4510 861 4559 καὶ
908 4507 1112 4580 κρύψαι
1157 4512 1216 4562 τὸ
1274 4508 1566 4585 ἀκάθαρτον
1616 4520 1688 4585 τῷ
1750 4533 1845 4567 κα-

240 4595 386 4669 θαρῷ
415 4591 594 4668 ίδᾶφει
623 4603 715 4649 τοῦ
743 4598 902 4671 ἱεροῦ,
930 4594 1096 4670 μηδὲν
1125 4602 1217 4671 μὶν
1244 4604 1432 4654 τούτου
1497 4598 1629 4676 μηδ’
1680 4604 1844 4657 ἅπτε-
1876 4589 1923 4645 D

241 4686 372 4738 σθαι
399 4694 688 4756 προσῆκον,
716 4687 798 4739 ὄτι
843 4682 985 4760 μηδι
1046 4689 1253 4761 θεμιτὸν
1307 4688 1601 4769 ἀκάθαρτον
1657 4691 1844 4767 ἕγγύςο

243 4773 374 4827 ἰέναι
420 4775 520 4827 τῶν
575 4775 837 4849 καθαρῶν,
888 4780 979 4829 καὶ
1038 4772 1132 4829 διά
1179 4785 1333 4832 τοῦτο
1393 4783 1599 4855 μακράν
1656 4780 1845 4842 ἀπεληο

239 4861 439 4916 λάσθαι
470 4862 661 4937 μᾶλλον
692 4860 919 4933 δίκαιον,
969 4869 1057 4918 καὶ
1119 4864 1342 4930 ἐξῶσθαι
1397 4874 1490 4923 καὶ
1531 4869 1844 4947 ἀπερρίφθαι

243 4947 459 5026 ἀχρεῖον
516 4949 566 5004 ἓν
618 4950 851 5027 ἀχρείοις
916 4959 1007 5007 καὶ
1058 4951 1279 5028 βέϐηλον
1327 4955 1375 5008 ἄν
1425 4955 1689 5030 βεϐηλοις.
1742 4965 1844 5015 Καὶ

241 5040 314 5100 ὥς
379 5041 456 5112 (3)
505 5038 609 5094 ἆκεῖ
669 5038 728 5095 δε
774 5047 1002 5117 κείμενον
1063 5042 1379 5099 ἀνακαλεσαι
1455 5050 1541 5116 σὺ,
1618 5050 1846 5122 πάναγνε

236 5129 481 5204 παρθένε,
522 5133 613 5185 καὶ
668 5138 829 5206 μῆτερ
870 5140 964 5186 τοῦ
1019 5137 1151 5211 πρὸς
1196 5134 1419 5196 ζήτησιν
1472 5133 1703 5201 ἐλθόντος
1754 5145 1845 5192 τοῦ

318 5325 395 5399 (1)
432 5325 603 5385 Prov.
640 5343 808 5411 XXXI,
840 5333 903 5388 10
939 5347 958 5411 ξ
997 5336 1255 5411 Γυναῖκα-
1278 5328 1521 5411 ἀνδρείαν
1557 5338 1640 5398 τίς
1698 5335 1847 5411 εὖρήο

245 5414 329 5451 σει
349 5416 368 5470 ς
396 5440 411 5454 .
454 5440 469 5457 .
513 5438 530 5457 .
568 5405 869 5478 μηρυομίνη
933 5405 1047 5478 ἔρια
1088 5409 1178 5459 καὶ
1241 5404 1397 5475 λίνον,
1465 5405 1704 5478 ᾇποίησεν
1754 5404 1847 5462 ἐῦ-

242 5484 486 5543 χρηστον
525 5475 656 5550 ταζς
701 5475 894 5550 χερσὶν
948 5475 1110 5539 αὐτῆς
1150 5518 1163 5533 .
1208 5520 1221 5534 .
1266 5516 1281 5532 .
1322 5481 1413 5531 καὶ
1460 5476 1736 5533 ἀνίσταται
1790 5478 1847 5535 ἔκ

242 5540 442 5626 νυκτῶν
470 5548 561 5598 καὶ
589 5540 1054 5622 ἔδωκε’βρὼματα
1106 5556 1179 5621 τῷ
1235 5550 1363 5624 οἴκῳ
1414 5554 1503 5608 καὶ
1557 5553 1685 5626 ἔργα
1730 5558 1846 5617 ταῖς

244 5615 574 5689 θεραπαιναι.

564 5707 809 5767 ΡΑτιιοι..
850 5709 951 5770 Gn.
991 5709 1141 5772 CXL.

2026 2369 2161 2438 Sed,
2194 2373 2260 2427 ut
2295 2368 2593 2437 dicebam,
2631 2366 2876 2425 cuinam
2905 2371 3043 2440 post
3070 2383 3168 2425 me
3215 2365 3416 2441 potius
3454 2374 3617 2423 coma

1954 2458 2309 2516 mendarem
2336 2475 2475 2531 quae
2505 2458 2585 2515 ad
2623 2473 2720 2515 me
2740 2458 3040 2531 pertinent
3065 2472 3137 2515 ac
3165 2460 3392 2524 nostra,
3414 2454 3531 2512 nisi
3560 2459 3620 2513 et

1953 2564 2223 2622 praesens
2235 2548 2319 2605 illi
2366 2546 2781 2605 commendari
2823 2551 3100 2620 oportere
3139 2544 3481 2604 statuissem
3513 2561 3527 2602 :
3555 2547 3615 2601 et

1954 2637 2039 2695 illi
2064 2636 2492 2694 commendata
2516 2640 2678 2693 sunt.
2702 2635 2805 2693 illa
2826 2635 2992 2694 enim
3011 2639 3068 2697 et
3092 2634 3249 2692 bene
3264 2638 3324 2691 et
3340 2632 3618 2705 religiose

1955 2725 2418 2793 administrabit,
2440 2729 2498 2783 et
2527 2741 2666 2783 cum
2696 2724 2760 2782 in
2785 2724 2992 2783 omnia
3010 2727 3387 2797 potestatem,
3418 2724 3476 2779 et
3503 2736 3617 2795 pro

1954 2813 2260 2872 voluntate
2283 2814 2503 2884 agendi
2528 2813 2867 2871 immunem
2885 2812 3221 2870 libertatem
3242 2816 3307 2868 et
3321 2809 3493 2868 omni
3513 2810 3618 2866 tri-

1953 2903 2165 2962 bunali
2198 2902 2491 2975 majorem
2518 2902 2799 2961 habitura
2818 2906 2927 2974 est,
2959 2900 3169 2959 omnia
3194 2897 3619 2965 convenienter

1902 3064 1911 3071 .
1956 3000 2012 3052 et
2031 2994 2212 3066 digne
2233 2998 2496 3067 peraget.
2522 2995 2593 3049 Et
2634 2992 3013 3050 hmreditatcs
3060 2990 3140 3049 ad
3185 3005 3391 3053 meam
3428 2992 3618 3048 atten-

1956 3084 2107 3142 dens
2155 3089 2441 3157 mentem,
2491 3083 2575 3141 ita
2621 3080 3082 3141 administrabit.

2026 3263 2223 3321 Primo
2260 3261 2509 3337 quidem
2559 3261 2636 3319 de
2675 3277 2814 3319 mea
2833 3261 3060 3327 anima,
3086 3263 3153 3317 ut
3178 3259 3321 3328 dixi,
3366 3257 3619 3319 sollicita

1954 3352 2081 3410 erit.
2108 3355 2191 3410 Ea
2228 3354 2280 3425 ej
2293 3369 2360 3408 us
2387 3352 2586 3426 prima
2614 3367 2761 3409 cura
2789 3350 2883 3421 sit,
2905 3350 3006 3407 Dei
3030 3347 3319 3421 genitrici,
3347 3348 3410 3405 in
3439 3348 3617 3421 cujus

1955 3444 2176 3509 sinum,
2236 3441 2377 3498 inde
2423 3458 2456 3499 e
2493 3446 2698 3499 ventre
2742 3439 2973 3511 matris,
3011 3438 3317 3513 projectus
3369 3455 3529 3509 sum,
3561 3441 3622 3496 et

1954 3548 2141 3606 quam
2173 3531 2303 3589 vitae
2333 3532 2534 3588 omnis
2563 3530 2829 3587 validam
2862 3529 3277 3603 protectricem
3302 3526 3613 3601 proposui,

1954 3621 2048 3677 cui
2063 3621 2328 3695 spiritum
2347 3620 2791 3691 commendans,
2810 3619 2982 3675 laetus
3002 3616 3354 3691 cxspirabo;
3381 3616 3620 3690 quispi-

1952 3710 2275 3778 ritus,licet
2293 3709 2458 3767 omni
2475 3709 2712 3766 malitias
2727 3725 2797 3765 ac
2816 3707 3097 3781 parvitati
3110 3705 3399 3773 servierit,
3427 3705 3615 3762 ﬁdem

1955 3804 2157 3875 tamen
2177 3813 2385 3856 veram
2414 3803 2471 3855 et
2500 3796 2913 3869 evangelicam
2943 3795 3222 3864 servavit,
3254 3798 3313 3852 et
3340 3809 3446 3868 per
3479 3809 3618 3853 eam

1957 3887 2155 3945 solum
2186 3906 2256 3946 ac
2286 3891 2531 3961 propter
2564 3902 2669 3945 eas
2693 3902 2833 3959 quae
2856 3886 2919 3942 in
2937 3884 3080 3955 vita,
3113 3884 3336 3957 gratias
3365 3883 3615 3956 accepit,

1954 3976 2224 4045 conﬁdit,
2258 3992 2381 4034 non
2410 3976 2687 4033 obstante
2704 3990 2947 4032 morum
2976 3988 3253 4032 meorum
3277 3971 3537 4039 miseria,
3555 3971 3618 4029 Ei

1956 4073 2013 4125 et
2043 4073 2289 4140 propter
2313 4081 2448 4124 eam
2476 4064 2587 4122 soli
2611 4064 2835 4138 templo
2856 4080 2894 4121 a
2930 4062 3110 4123 nobis
3139 4078 3177 4120 a
3201 4060 3611 4118 fundamentis

1953 4162 2170 4223 erecto,
2186 4171 2402 4212 aureos
2413 4170 2700 4212 nummos
2801 4188 2883 4209 ....
2900 4167 3271 4210 consecrare.
3293 4153 3411 4207 Hoc
3423 4165 3614 4223 prope

1952 4245 2247 4320 templum
2276 4243 2415 4302 volo
2462 4259 2632 4301 meos
2681 4243 2909 4300 cineres
2958 4245 3017 4299 et
3057 4240 3274 4305 lutum,
3321 4240 3616 4297 miserum

1951 4337 2070 4395 hoc
2095 4351 2314 4409 corpus
2343 4334 2586 4407 deponi,
2611 4338 2666 4391 et
2684 4334 2993 4406 impurum
3013 4346 3168 4405 puro
3186 4328 3391 4402 templi
3408 4328 3616 4386 limine

1953 4424 2268 4492 abscondi,
2297 4422 2463 4497 quod
2490 4421 2676 4480 limen
2699 4421 2850 4479 nihil
2868 4427 3072 4478 tamen
3093 4423 3339 4491 tangere
3349 4418 3614 4487 deberet,

1954 4531 2025 4574 co
2053 4514 2221 4590 quod
2242 4512 2410 4570 nefas
2442 4512 2870 4586 sitquidquam
2892 4510 3115 4584 impuri
3134 4508 3301 4583 quod
3313 4506 3616 4566 mundum

1953 4611 2042 4663 est
2066 4612 2332 4677 tangere,
2364 4607 2421 4661 et
2451 4602 2684 4675 justum
2713 4606 2868 4660 esset
2903 4616 3111 4659 meum
3160 4615 3382 4674 corpus
3433 4597 3617 4670 longe

1953 4696 2118 4769 rejici
2146 4700 2207 4752 et
2235 4692 2451 4767 expelli
2466 4694 2645 4750 inane
2661 4693 2723 4750 in
2745 4691 2950 4750 inania
2972 4696 3029 4749 et
3055 4691 3377 4764 profanum
3396 4689 3460 4746 in
3480 4705 3615 4762 pros

1954 4785 2115 4843 fana.
2130 4783 2363 4842 Etutibi
2376 4783 2587 4856 jacens
2606 4798 2828 4855 corpus
2845 4797 3087 4839 revoces
3111 4786 3191 4853 tu,
3224 4780 3616 4840 Immaculata

1952 4874 2433 4947 Virgo,etmater
2460 4871 2621 4928 Illius
2650 4887 2754 4945 qui
2780 4887 2917 4930 eum
2936 4870 3042 4945 qui
3073 4872 3375 4929 erraverat
3394 4868 3613 4942 quaesi-

1953 4968 2084 5022 tum
2114 4963 2296 5021 venit.
2331 4977 2473 5019 eum
2501 4961 2607 5035 qui
2634 4960 2919 5019 omnibus
2943 4959 3136 5034 culpis
3160 4964 3218 5016 et
3244 4956 3421 5017 malis
3453 4956 3617 5015 dela-

1953 5069 2102 5128 psus
2124 5057 2271 5123 erat,
2293 5056 2353 5111 et
2374 5051 2482 5126 qui
2502 5066 2721 5109 manus
2742 5051 2805 5108 in
2824 5065 3000 5108 cruce
3021 5049 3370 5116 tetenderat,
3400 5063 3523 5105 non
3548 5052 3616 5105 ut

1926 5143 2277 5231 lattraheret
2299 5145 2359 5201 et
2383 5144 2694 5202 revocaret
2733 5144 2797 5199 et
2837 5139 3098 5199 salvaret
3119 5140 3318 5213 justos
3355 5141 3612 5212 tantum,

2027 5341 2108 5416 (2)
2154 5341 2443 5401 Relictum
2502 5344 2596 5399 est
2641 5340 2739 5399 hic
2790 5345 2857 5398 ut
2903 5345 2960 5397 et
3010 5337 3168 5396 intra
3229 5353 3351 5395 non
3405 5335 3614 5395 semel.

1954 5414 2219 5486 spatium
2238 5429 2525 5485 vacuum,
2555 5427 2678 5486 quo
2700 5426 3092 5486 nummorum
3119 5425 3429 5476 numerus,
3462 5426 3616 5486 non-

1999 5481 2181 5615 ⁸ι).
2220 5481 2517 5545 ιθθιαιοιιο
2566 5481 2942 5551 constitutus,
2992 5488 3204 5556 postea
3256 5488 3462 5556 posset
3521 5481 3615 5537 ius

2118 5574 2157 5614 ι.

1955 5572 2390 5705 ³⁰ἷέι¹ἷ¹ὀοάοι,
2434 5629 2522 5696 ὡς.
3257 5704 3330 5775 Η
