4120 6420
546 291 680 363 i483

541 534 750 573 eorum
777 519 882 589 qui
912 518 990 573 ad
1021 518 1210 589 ipsius
1241 519 1571 590 imaginem
1604 521 1737 575 facti
1771 523 1939 575 erant
1970 516 2196 572 amitte-

538 610 648 662 ret.
681 609 763 660 lta
789 621 932 660 sane
963 607 1078 661 hoc
1106 611 1405 662 terrenum
1439 625 1656 679 corpus
1686 613 1773 662 tot
1800 603 2193 662 immunditiis

538 699 885 767 corruptum
912 695 1173 750 advoces
1202 702 1257 751 et
1278 699 1549 752 animam
1575 699 1646 752 iis
1669 699 1838 768 (quot
1869 700 1924 749 et
1948 691 2192 764 quantis

535 783 651 837 scis
698 783 855 855 ipsa)
898 783 1265 840 maculatam
1306 785 1564 855 benigne
1609 786 1870 857 accipias
1917 790 1971 837 et
2000 796 2189 841 cures,

533 886 730 943 neque
758 877 993 928 avertas
1017 890 1051 928 a
1077 889 1266 945 puero
1297 879 1398 929 tuo
1418 881 1531 928 tua}
1554 875 1935 945 protectionis
1959 870 2191 924 vultum

533 960 877 1017 salutarem.
893 961 1216 1031 Oportebat
1232 963 1390 1016 enim
1409 979 1516 1017 nos
1530 979 1666 1018 cum
1683 979 1752 1018 eo
1772 974 2020 1032 corpore
2042 975 2190 1030 quo-

533 1065 670 1104 cum
690 1049 994 1105 reformati
1018 1066 1226 1105 sumus
1258 1052 1463 1106 Christi
1487 1053 1800 1122 sanguine,
1833 1057 1956 1106 tota
1984 1054 2102 1104 vita
2130 1049 2188 1102 in

531 1141 636 1194 tua
666 1137 850 1193 domo
898 1138 1110 1209 projici
1159 1139 1356 1211 (idque
1397 1156 1509 1195 nos
1560 1141 1783 1211 optime
1812 1139 2136 1201 decuisset)
2171 1156 2184 1202 ;

531 1226 819 1297 quoniam
842 1242 985 1282 vero
1032 1227 1381 1298 decipientis
1407 1233 1463 1283 et
1491 1229 1815 1284 occidentis
1872 1227 2106 1283 fallacia
2131 1232 2187 1282 et

529 1313 670 1369 dolo
718 1319 776 1370 et
795 1329 982 1386 prava
1010 1314 1294 1370 electione
1338 1317 1541 1372 anima
1577 1317 1654 1372 ad
1695 1317 1958 1372 divinam
1987 1319 2186 1370 creata

527 1401 853 1473 imaginem
883 1403 943 1458 in
984 1405 1244 1459 tentoriis
1273 1412 1654 1476 peccatorum
1681 1406 1887 1461 maluit
1907 1405 2054 1460 illud
2081 1405 2184 1460 ba-

524 1491 715 1548 bitare
736 1491 1034 1563 (fcetidum
1055 1493 1171 1548 hoc
1217 1495 1535 1550 tentorium
1565 1495 1741 1566 dICO),
1782 1501 1838 1550 et
1866 1495 2066 1549 adhuc
2100 1495 2182 1549 vi-

524 1579 672 1636 dens
698 1581 862 1652 quod
885 1583 1048 1636 omni
1081 1582 1424 1654 impuritate
1452 1584 1814 1656 replebatur,
1838 1600 1996 1639 nunc
2019 1600 2183 1638 mor-

523 1673 692 1726 tuum
732 1669 956 1726 dimisit
1010 1672 1265 1727 maculis
1326 1672 1573 1744 plenum
1617 1681 1673 1729 et
1723 1674 2058 1746 projectum
2114 1673 2174 1726 in

519 1758 752 1814 delubri
779 1760 862 1814 tui
891 1759 1095 1815 limen.
1121 1763 1204 1816 Tu
1233 1767 1434 1817 autem
1458 1762 1743 1832 benigna,
1763 1767 1818 1818 et
1836 1763 2170 1818 misericors
2202 1793 2243 1844 Β

519 1852 577 1903 et
597 1847 988 1919 compatiens,
1013 1853 1291 1921 etpreces
1308 1850 1660 1914 exaudiens,
1691 1851 2021 1906 immundae
2043 1850 2172 1906 ani-

516 1951 632 1991 mte
654 1941 712 1991 et
733 1936 971 2008 corpori
1001 1936 1339 2007 indulgeas,
1388 1954 1524 2010 quae
1565 1939 1840 2010 pessimis
1866 1939 2171 1994 desideriis

517 2024 988 2096 etvoluptatibus
1008 2025 1252 2094 indigne
1275 2026 1539 2095 indignis
1557 2029 1902 2094 servierunt,
1922 2033 1978 2083 et
1995 2032 2168 2083 totam

513 2127 717 2167 meam
745 2118 963 2168 terram
995 2129 1032 2168 a
1061 2115 1332 2185 pessimo
1357 2116 1533 2170 Belial
1559 2121 1615 2171 et
1647 2117 1904 2186 peccatis
1933 2115 2169 2171 concul-

512 2204 711 2256 catam
745 2201 1068 2256 sanctuarii
1095 2202 1179 2257 tui
1218 2207 1389 2258 terrae
1420 2203 1673 2258 misceas
1700 2208 1757 2259 et
1785 2203 1965 2274 hujus
2000 2210 2167 2259 terrae

509 2287 724 2343 virtute
777 2288 1298 2355 salves;animam
1348 2306 1512 2356 vero,
1561 2307 1928 2363 quocunque
1979 2293 2163 2361 voles,

509 2380 613 2432 tuo
652 2377 813 2448 apud
860 2377 1069 2433 Filium
1115 2379 1451 2434 interventu
1496 2379 1771 2448 (ﬂectitur
1817 2381 1976 2435 enim
2024 2387 2079 2436 et
2113 2388 2162 2437 te

507 2464 969 2520 intercedentem
1011 2466 1296 2537 exaudit),
1337 2468 1513 2537 longe
1535 2484 1570 2523 a
1599 2475 1890 2541 perpetuo
1912 2486 2159 2526 manen-

1883 297 2262 360 NICEPHORI
2302 283 2568 354 CHUMNI

541 429 648 486 sed
694 434 758 486 ut
786 445 997 485 omnes
1025 445 1055 485 e
1089 445 1274 485 manu
1298 431 1545 501 maligni
1590 431 1843 502 eriperet
1873 436 1927 484 et
1958 426 2176 481 nullum

2304 421 2640 483 πλανηθέντος
2704 423 2784 495 (1)
2841 444 2930 477 και
3000 446 3195 485 πασαις
3281 425 3561 498 ἁμαρτίαις
3631 447 3725 478 και

3775 303 3926 361 1484

3817 447 3879 480 το
3887 448 3927 487 ις

2305 514 2558 581 ἐσχάτοις
2626 521 2806 574 κακοῖς
2862 515 3412 585 ἐγκατολισθησαντος
3458 513 3793 587 πλάσματος,
3831 524 3926 569 καί

2303 619 2362 669 γε
2391 603 2485 660 τὰς
2523 609 2708 675 χεῖρας
2738 608 2990 663 τείναντος
3019 608 3067 655 ἐν
3115 611 3348 674 σταυρῷ,
3410 603 3515 674 οὐχ
3575 605 3659 655 ἱνα
3714 601 3788 662 δη
3833 626 3927 657 και

2304 687 2556 762 ἀνελκύση
2618 711 2705 741 και
2756 690 3141 749 ἀνακαλέσηται
3199 713 3288 743 και
3362 698 3508 765 σώσῃ
3578 697 3774 764 μόνους
3839 691 3926 745 δι-

2302 782 2478 838 καίους
2555 797 2644 830 και
2713 784 2834 841 τούς
2909 780 3062 838 ἧττον
3138 782 3508 853 ἡμαρτηκότας
3544 823 3559 848 ,
3629 781 3740 832 ἀλλ’
3838 786 3926 834 ἵνα

2301 868 2492 926 πάντας
2551 872 2604 918 εκ
2652 871 2833 940 χειρὸς
2887 869 3101 942 ἁρπάσῃ
3169 877 3262 921 τοῦ
3318 878 3571 943 πονηροῦ,
3639 890 3735 921 και
3817 881 3921 922 τῶν

2300 957 2435 1006 κατὰ
2455 960 2547 1013 τὴν
2596 953 2736 1008 ἰδίαν
2801 958 2969 1009 εἰκόνα
3018 962 3365 1030 γεγενημένων
3415 955 3663 1031 οὐδαμῶς
3725 957 3923 1012 οὐδένα

2301 1044 2565 1116 ζημιωθῇ.
2618 1050 2744 1112 Ναί,
2792 1066 2882 1098 και
2929 1051 3016 1098 τὸν
3068 1055 3181 1108 ταῖς
3266 1045 3518 1107 ἀσωτίαις
3589 1052 3714 1119 ἐμόν
3789 1052 3919 1121 φθα-

2297 1137 2448 1204 ρέντα
2506 1142 2640 1205 χοῦν
2709 1133 3041 1200 ἀνακάλεσαι,
3090 1155 3179 1187 και
3248 1140 3342 1194 τὴν
3427 1136 3616 1208 ψυχὴν
3687 1141 3909 1200 ταύταις

2297 1228 2700 1294 κατεστιγμένην
2747 1227 2886 1296 (ὁρᾷς
2955 1227 3167 1296 ὁπόσον)
3249 1225 3466 1296 εὐμενῶς
3537 1231 3746 1298 πρόσον
3814 1248 3901 1279 και

2298 1313 2466 1379 ἴασαι,
2491 1332 2579 1363 και
2617 1317 2688 1384 μη
2751 1311 3086 1386 ἀποστρέψης
3144 1313 3244 1366 ἀπὸ
3302 1322 3392 1366 τοῦ
3440 1312 3644 1377 παιδος
3696 1335 3780 1367 σου
3833 1320 3889 1368 τό

2293 1407 2381 1460 τῆς
2471 1409 2570 1462 σῆς
2665 1405 2956 1464 ἐπισκοπῆς
3059 1409 3489 1476 κοσμοσωτήριον
3600 1409 3903 1476 πρόσωπον.

2292 1490 2554 1564 Ἐδειμὲν
2587 1491 2687 1564 γὰρ
2722 1494 2863 1564 ἡμᾶς
2917 1493 3030 1564 μεθ’
3095 1494 3156 1546 οὗ
3209 1514 3297 1545 και
3351 1492 3759 1566 ἁνεπλάσθημεν
3811 1515 3911 1546 σω-

2293 1600 2453 1652 ματος
2505 1581 2696 1652 αἵμασι
2756 1583 2910 1643 θείοις
2959 1589 3196 1655 Χριστοῦ
3263 1581 3573 1644 ἐκλέξασθαι
3652 1583 3920 1658 παροιῤῥι-

2293 1672 2538 1721 πτεῖσθαι
2558 1668 2748 1742 μᾶλλον
2781 1666 2874 1721 διὰ
2913 1669 3037 1742 βίου
3067 1675 3259 1732 παντὸς
3285 1676 3334 1723 ἐν
3365 1675 3490 1742 οἴκῳ
3535 1680 3610 1742 τῷ
3671 1682 3750 1742 σῷ
3800 1677 3918 1743 (και

2295 1761 2435 1829 εἶχεν
2465 1757 2524 1810 ἂν
2568 1760 2692 1830 ἡμῖν
2742 1766 2896 1810 τοῦτο
2945 1758 3160 1830 καλῶς).
3193 1763 3302 1812 ἐπεί
3355 1757 3416 1812 δέ
3467 1767 3582 1822 τοῖς
3633 1769 3732 1812 τοῦ
3782 1762 3916 1814 ἀπα-

2288 1856 2476 1909 τῶντος
2530 1867 2619 1899 και
2677 1853 2966 1910 κτείνοντος
3045 1853 3364 1921 ἐμπαιγμοῖς
3436 1869 3524 1900 και
3603 1859 3913 1922 μηχαναῖς.

2287 1942 2378 1988 καί
2417 1955 2476 2008 γε
2529 1938 2785 2010 μοχθηρᾷ
2839 1944 2900 2008 τῇ
2954 1942 3279 2010 προαιρέσει,
3339 1939 3368 1995 ἡ
3421 1941 3552 2012 πρὸς
3605 1943 3706 1996 τὴν
3773 1942 3918 1992 θείαν

2286 2025 2458 2079 εἰκόνα
2507 2021 2970 2098 δημιουργηθεῖσα
3020 2025 3176 2097 ψυχὴ
3235 2033 3545 2099 σκηνώματι
3604 2029 3916 2102 ἁμαρτωλῷ

2286 2114 2474 2188 μᾶλλον
2505 2116 2780 2185 ἠγάπησεν
2822 2114 3141 2186 ἐγκατοικεῖν
3167 2115 3315 2184 (αὐτὸ
3373 2113 3440 2175 δὴ
3495 2115 3630 2188 λέγω
3694 2121 3757 2169 τό
3813 2115 3913 2171 δυ-

2288 2200 2455 2264 σῶδες
2489 2207 2721 2272 σκῆνος),
2753 2208 2842 2256 καὶ
2873 2206 2945 2255 ἔτι
3009 2203 3133 2264 ζῶν,
3184 2204 3271 2255 ἀτε
3321 2201 3389 2262 δὴ
3445 2210 3534 2256 καὶ
3583 2207 3778 2266 πάσης
3824 2211 3913 2278 γέ-

2286 2312 2380 2362 μον
2421 2289 2767 2364 ἀκαθαρσίας,
2822 2299 2911 2342 νῦν
2969 2287 3074 2344 ὧδε
3129 2295 3304 2364 νεκρόν
3368 2291 3534 2364 ἀφῆκε
3593 2297 3915 2366 στιγμάτων

2286 2384 2444 2452 γέμον
2500 2384 2589 2431 καὶ
2655 2377 2956 2453 ἐρῥιμμένον
3041 2378 3118 2432 ἐπ’
3205 2377 3428 2452 ἐδάφους
3506 2385 3915 2453 τεμενισμάτων

2287 2478 2386 2521 τῶν
2448 2476 2569 2520 σῶνο
2631 2471 2694 2519 σύ
2730 2464 2788 2519 δὲ
2843 2471 3044 2528 πάντως
3098 2468 3328 2540 εὐμενὴς,
3378 2472 3688 2541 συμπαθὴς,
3743 2471 3911 2538 ἶλεως,

507 2555 667 2611 tibus
693 2554 966 2624 ﬂagellis,
997 2573 1065 2612 ac
1096 2559 1331 2612 aeternis
1364 2559 1669 2630 suppliciis
1699 2561 1917 2618 mittas.

2293 2580 2379 2611 και
2431 2561 2789 2631 γοργέπηκοος
2840 2562 2970 2632 πρὸς
3019 2561 3243 2623 ἴκεσίας,
3313 2564 3402 2610 καὶ
3465 2558 3915 2630 σπλαγχνίσθητι

505 2648 677 2695 τοίνυν
706 2642 792 2695 ἐπὶ
822 2643 1007 2716 ἀσώτῳ
1035 2645 1190 2718 ψυχῇ
1224 2652 1312 2698 καὶ
1336 2651 1560 2718 σώματι,
1590 2654 1682 2700 καί
1709 2668 1768 2719 γε
1792 2656 1907 2710 ταῖς
1936 2655 2217 2711 κακίσταις
2237 2648 2540 2718 ἐπιθυμίαις
2567 2650 2654 2698 καὶ
2683 2643 2900 2706 ἡδοναῖς
2955 2645 3165 2707 ἀτόποις
3218 2645 3447 2708 ἐκτόπως
3502 2643 3911 2707 δεδουλευκόσι,

503 2737 595 2784 καὶ
617 2736 710 2790 τὴν
742 2731 868 2805 ἐμὴν
897 2741 995 2805 ’γῆν
1022 2735 1144 2793 ὅλην
1167 2743 1241 2806 τῷ
1264 2745 1474 2807 πονηρῷ
1500 2737 1679 2808 Βελίαρ
1710 2744 1797 2790 καὶ
1827 2745 1937 2799 ταῖς
1966 2739 2209 2811 ἁμαρτια
2234 2760 2279 2801 ις
2312 2739 2812 2806 καταπεπατημένην
2935 2743 3025 2787 τοῦ
3049 2738 3186 2808 ἱεροῦ
3238 2736 3386 2807 μίξον
3435 2743 3528 2807 γῇ,
3584 2742 3678 2788 καὶ
3733 2743 3907 2789 σῶσόν

502 2841 564 2894 γε
590 2829 652 2894 τῇ
681 2825 881 2885 ταύτης
901 2819 1142 2896 δυνάμει·
1171 2831 1266 2883 τὴν
1291 2821 1350 2877 δὲ
1376 2824 1583 2897 ψυχὴν,
1620 2828 1738 2879 ὅποι
1761 2831 1825 2878 σύ
1859 2826 2056 2899 βούλει,
2087 2848 2152 2880 τα
2174 2848 2214 2892 ες
2239 2829 2364 2899 πρὸς
2393 2829 2480 2876 τὸν
2510 2827 2620 2875 υἱὸν
2648 2829 2932 2895 μεσιτείαις
2960 2825 3211 2894 (πείθεται
3225 2827 3347 2897 γὰρ,
3379 2843 3469 2876 και
3499 2824 3897 2896 πρεσϐευούσης

504 2911 720 2984 ἑτοίμως
749 2911 1033 2985 ἐπακούει),
1060 2914 1239 2989 πόρῥω
1259 2934 1359 2967 που
1396 2917 1576 2976 πάσης
1607 2915 1708 2968 αἰεὶ
1738 2921 1998 2988 μενούσης
2029 2921 2289 2988 μάστιγος
2325 2920 2414 2966 καὶ
2448 2913 2850 2985 βασανιζούσης
2877 2911 3111 2965 ἀθάνατα
3135 2913 3355 2985 πέμψον.

572 3004 1170 3073 Attamen,quoniam
1195 3019 1266 3060 ea
1295 3005 1547 3076 (oportet
1577 3010 1631 3060 et
1655 3021 1814 3060 nunc
1850 3012 1905 3061 et
1935 3022 2172 3078 semper

506 3095 706 3161 orare)
727 3096 785 3146 te
811 3092 1141 3162 oravimus,
1175 3097 1232 3148 et
1255 3109 1329 3148 ex
1348 3093 1419 3148 iis
1437 3093 1710 3165 plurimis
1741 3094 2173 3150 beneﬁciorum

503 3178 809 3234 miraculis
848 3196 984 3250 quae
1041 3197 1148 3252 per
1203 3188 1389 3236 Vitam
1441 3184 1666 3254 experti
1725 3199 1954 3251 sumus,
2006 3188 2061 3238 et
2099 3183 2174 3239 de

510 3267 724 3323 futuris
742 3269 1050 3340 possimus
1073 3269 1398 3336 conﬁdere,
1437 3286 1633 3342 neque
1654 3271 1730 3326 de
1753 3271 1942 3326 salute
1969 3279 2176 3327 nostra

512 3354 853 3426 desperare,
871 3358 1146 3426 permitte
1169 3373 1333 3413 nunc
1358 3360 1546 3413 nostri
1570 3359 1938 3416 valedictorii
1954 3376 2173 3417 sermo-

505 3443 600 3498 nis
631 3459 701 3499 ac
723 3446 1063 3501 testamenti
1085 3446 1314 3518 reliqua
1353 3448 1672 3503 conﬁcere.

581 3714 734 3780 Quid
764 3715 945 3786 igitur
975 3715 1004 3772 ?
1033 3714 1502 3787 Imperatoribus
1535 3716 1721 3772 nostri
1741 3717 2047 3788 quimulta
2078 3718 2177 3772 de-

508 3801 672 3873 dere,
703 3803 839 3860 licet
858 3804 1006 3860 nihil
1029 3805 1289 3860 invicem
1309 3805 1909 3878 reddidimus,neque
1928 3807 2178 3862 reddere

505 3908 857 3965 possumus,
899 3893 1132 3950 etiamsi
1181 3899 1372 3949 totam
1403 3910 1657 3950 manum
1695 3895 1939 3965 plenam
1968 3896 2180 3951 affera-

510 3997 667 4054 mus,
702 3982 1010 4038 nuncideo
1027 3983 1276 4038 omnino
1297 3984 1474 4039 nobis
1495 3983 1786 4039 deﬁciend
1797 4001 1896 4039 um
1933 4001 2182 4058 essepu-

510 4070 774 4127 tabimus
803 4072 833 4129 ?
856 4072 971 4128 Sed
991 4072 1248 4144 improbi
1268 4087 1514 4144 prorsus
1529 4089 1598 4128 ac
1625 4075 1845 4143 ingrati
1873 4075 2082 4130 merito
2096 4077 2168 4131 di

510 4174 800 4216 ceremur.
822 4160 1008 4226 Unde,
1039 4161 1148 4215 etsi
1173 4161 1377 4216 minus
1419 4163 1668 4230 dignum
1715 4163 1789 4216 sit
1816 4163 2182 4235 decensque,

512 4249 619 4304 sed
650 4253 851 4305 tamen
901 4249 1479 4323 quomodocumque
1502 4251 1881 4307 reddendum
1905 4261 2015 4318 est,
2044 4268 2178 4321 gra-

510 4336 774 4392 titudinis
794 4337 1180 4394 ostendendae
1209 4354 1413 4404 causa,
1435 4354 1652 4395 aureos
1678 4353 1964 4393 nummos
2122 4341 2180 4396 et

510 4439 584 4480 ex
621 4441 790 4497 aequo
819 4425 970 4482 inter
995 4429 1223 4483 Patrem
1256 4432 1314 4483 et
1341 4427 1852 4500 imperatorem,et
1886 4426 2094 4483 Filium
2125 4433 2179 4484 et

508 4512 935 4585 imperatorem
986 4514 1296 4571 dividendi
1347 4519 1508 4571 sunt.

583 4605 796 4659 Postea
809 4618 1028 4675 pueros
1044 4609 1304 4669 nostros,
1321 4609 1384 4660 tu
1405 4618 1543 4675 quae
1558 4603 1712 4657 inter
1721 4617 1935 4659 omnes
1953 4611 2180 4662 matres

511 4690 666 4749 ﬁlios
721 4696 854 4748 tuos
897 4692 1119 4763 diligis.
1161 4691 1500 4756 considera,
1542 4691 1590 4746 si
1631 4689 1878 4762 quidem
1916 4699 2180 4765 quatuor

509 4781 686 4838 nobis
715 4781 818 4838 ﬁlii
852 4788 1009 4853 sunt,
1053 4786 1110 4838 et
1139 4781 1275 4836 duae
1305 4779 1468 4837 ﬁliae.

584 4873 650 4927 Et
675 4885 885 4927 earum
923 4871 1206 4942 primam,
1256 4883 1544 4940 sponsam
1588 4872 1706 4925 Deo
1741 4872 2012 4927 omnium
2047 4887 2153 4942 reg

512 4959 797 5016 libentem
832 4959 1026 5015 libens
1059 4958 1377 5013 offerentes
1411 4959 1857 5029 conjunximus.
1894 4961 2170 5018 Utinuam

513 5050 720 5106 divino
743 5048 844 5104 illo
871 5047 1004 5117 conj
1015 5047 1153 5116 ugio
1169 5062 1240 5103 ac
1261 5045 1530 5103 thalamo
1545 5063 1885 5121 numquam
1907 5049 2168 5120 decidat,

514 5153 713 5213 neque
722 5137 775 5209 ej
786 5153 852 5191 us
865 5134 1249 5208 splendorem
1263 5135 1495 5194 amittat
1527 5136 1541 5192 Ι
1571 5137 1743 5204 Quod
1757 5145 1957 5195 autem
1970 5154 2162 5210 perse-

591 5459 664 5531 (1)
697 5459 987 5539 Respectu
1018 5457 1094 5519 ad
1117 5460 1473 5539 parabolam
1503 5461 1648 5539 boni
1684 5463 1943 5539 pastoris
1965 5461 2161 5539 Matth.

514 5533 1001 5613 XV_1H,‘12:"E&:J
1062 5533 1275 5613 γένηταί
1333 5557 1435 5589 τινι
1476 5533 1751 5613 evomit?)
1815 5539 1863 5612 ρ’
1929 5537 2167 5613 πρόϐατα

516 5607 605 5656 καὶ
672 5605 906 5676 πλανηθῇ
967 5609 1016 5658 ἓν
1079 5605 1131 5667 ἐξ
1186 5609 1372 5677 αὐτῶν,
1432 5605 1602 5679 οὐχὶ,
1643 5605 1782 5680 ἀφεὶς
1815 5605 1892 5662 ’τὰ
1948 5605 2026 5669 ἠθτ
2081 5614 2164 5663 ἐπι

2355 3003 2431 3054 Οὐ
2471 3006 2572 3073 μὴν
2609 2999 2743 3072 ἀλλ’,
2804 2990 2997 3058 ἐπειδὴ.
3048 3009 3235 3069 ταῦτα,
3279 2998 3397 3053 δεον
3465 3001 3518 3052 ὃν
3583 3005 3633 3053 ἔν
3701 3022 3762 3072 γε
3832 3012 3906 3072 τῷ

2282 3110 2501 3164 παρόντι
2554 3095 2644 3142 καὶ
2689 3086 2782 3141 διὰ
2834 3094 3026 3152 παντὸς
3083 3092 3342 3156 ἱκετεύειν,
3421 3091 3898 3163 καθικετεύσαμεν,

2283 3179 2383 3232 κάκ
2413 3189 2512 3231 τῶν
2544 3178 2591 3230 ἐν
2624 3174 2761 3248 τῷδε
2813 3187 2884 3248 τῷ
2946 3177 3046 3250 βίῳ
3087 3183 3202 3253 περὶ
3253 3180 3393 3250 ἡμᾶς
3443 3177 3705 3231 πλείστων
3761 3182 3906 3232 ὅσων

2281 3271 2629 3340 γεγενημένων
2684 3266 2731 3318 ἐν
2790 3267 3111 3340 εὐεργεσίαις
3172 3270 3449 3339 θαυμάτων
3525 3270 3720 3339 ἔχομεν
3816 3275 3905 3322 καὶ

2283 3362 2400 3430 περὶ
2443 3365 2543 3408 τῶν
2608 3355 2885 3411 μελλόντων
2946 3355 3171 3430 θαρρεῖν,
3230 3362 3318 3408 καὶ
3375 3365 3474 3408 τῶν
3532 3360 3664 3430 πρός
3718 3377 3905 3415 σωτη-

2211 3437 2249 3490 C
2283 3449 2398 3518 ρίαν
2450 3445 2543 3496 οὐκ
2598 3443 2975 3514 ἀπογινώσκειν
3034 3441 3281 3513 ἐλπίδων,
3340 3449 3456 3518 φέρε
3505 3442 3573 3503 δὴ
3631 3465 3729 3498 και
3792 3456 3908 3509 τοῖς

2284 3533 2404 3596 ἔξῆς
2437 3533 2742 3606 προσϐὡμεν
2772 3542 2866 3585 τοῦ
2919 3539 3302 3606 συντακτηρίου
3362 3539 3453 3586 καὶ
3501 3531 3903 3607 διατάγματος.

2358 3720 2421 3768 Τί
2471 3715 2769 3785 γοΰνςτοῖς
2819 3713 2961 3786 ἐμοῖς
3010 3711 3293 3787 βασιλεῦσι
3350 3715 3514 3767 πολλὰ
3599 3712 3908 3769 δεδωκόσιν

2289 3804 2396 3857 ἐπεὶ
2426 3801 2592 3876 μηδὲν
2639 3803 2873 3866 ἀντάξιον
2935 3801 3295 3875 ἀπεδώκαμεν,
3340 3805 3446 3856 οὔτ’
3513 3807 3708 3877 ἔχομεν
3768 3805 3907 3859 ἀπο-

2291 3891 2495 3959 δοῦναι,
2533 3892 2627 3945 κᾶν
2655 3893 2774 3950 ὅλην
2831 3897 2926 3950 τὴν
2974 3901 3135 3964 χεῖρα
3190 3898 3556 3966 προσοίσωμεν
3605 3913 3909 3965 γεμουσαν,

2292 3982 2664 4054 ἀπολειφθῆναι
2695 3979 2789 4033 διὰ
2837 3989 2990 4033 τοῦτο
3052 3978 3160 4033 δεῖν
3221 3979 3352 4033 εἶναι
3403 3987 3493 4034 καὶ
3543 3990 3637 4034 τοῦ
3712 3989 3913 4045 παντὸς

2290 4069 2792 4143 ἡγησομεθα;ἁλλὰ
2847 4075 3064 4142 πονηροί
3112 4089 3244 4132 τινες
3311 4071 3512 4131 πάντως
3585 4075 3678 4122 καὶ
3744 4070 3913 4144 ἀγνώ-

2289 4179 2432 4232 μονες
2473 4157 2694 4220 δίκαίως
2734 4157 3040 4230 ἀκούσομεν.
3102 4157 3256 4211 ’Ὀθεν
3315 4159 3358 4211 εἰ
3411 4164 3501 4212 καὶ
3558 4165 3630 4231 μή
3691 4181 3746 4212 τι
3798 4159 3909 4213 οἷον

2288 4256 2378 4302 καὶ
2435 4248 2744 4322 ἀξιόχρεων,
2796 4247 2905 4298 ἀλλ’
2956 4244 3239 4300 ἀποδοτέον
3298 4249 3604 4315 ὁποσονοῦν,
3668 4246 3902 4322 δείγμα-

2288 4357 2374 4398 τος
2397 4337 2789 4409 εὐγνωμοσύνης
2828 4337 3007 4403 ἕνεκεν,
3035 4341 3269 4410 χρυσίου
3318 4341 3625 4408 νομίσματα
3657 4379 3671 4392 ,
3736 4383 3748 4392 ,
3809 4383 3822 4392 ,
3884 4384 3897 4393 ,

2298 4469 2311 4480 .
2370 4470 2382 4480 .
2441 4467 2452 4479 .
2511 4469 2523 4481 .
2583 4469 2596 4480 .
2631 4429 2722 4476 καὶ
2764 4421 3046 4498 διαιρετέον
3073 4424 3126 4486 ἐξ
3149 4428 3269 4477 ἴσου
3299 4433 3371 4495 τῷ
3410 4445 3466 4477 τε
3488 4432 3652 4499 πατρὶ
3679 4433 3776 4481 καὶ
3806 4427 3900 4500 βα-

2291 4513 2442 4580 σιλες,
2474 4534 2565 4566 και
2594 4523 2665 4585 τῷ
2695 4515 2813 4584 υἱῷ,
2837 4518 2927 4565 καὶ
2959 4511 3170 4584 βασιλεί
3195 4517 3292 4584 (2).

2360 4607 2504 4657 Μετὰ
2531 4612 2702 4669 τοῦτο,
2752 4601 2952 4665 παῖδας
2996 4605 3163 4675 ἡμῶν,
3219 4605 3248 4662 ἠ
3301 4604 3541 4676 φιλόπαις
3597 4609 3664 4657 σὺ
3713 4616 3904 4659 πασῶν

2286 4693 2476 4765 μᾶλλον
2525 4698 2722 4766 μήτηρ,
2791 4690 3093 4762 ἐπίσκεψαι,
3145 4695 3195 4743 οἵ
3253 4687 3320 4750 δὴ
3377 4699 3466 4745 καὶ
3514 4698 3763 4767 τέτταρες
3808 4699 3908 4768 μὲν

2212 4773 2253 4826 D
2286 4784 2410 4854 ἡμῖν
2442 4785 2566 4849 υἱοὶ,
2602 4785 2876 4854 θυγατέρες
2911 4777 2970 4833 δὲ
2997 4778 3095 4833 δύο
3122 4785 3446 4852 γεγένηνται.

2357 4875 2458 4924 Καὶ
2486 4873 2681 4922 τούτων
2711 4875 2805 4928 τὴν
2845 4875 3076 4942 πρώτην,
3109 4873 3312 4942 νύμφην
3368 4878 3484 4942 Θεῷ
3545 4880 3618 4942 τῷ
3678 4871 3910 4944 βασιλεῖ

2281 4963 2483 5013 πάντων
2573 4959 2792 5012 ἑκοῦσαν
2867 4958 3067 5021 ἑκόντες
3156 4963 3392 5031 φέροντες
3499 4959 3904 5034 ἐνηρμοσαμεν.

2281 5053 2380 5103 Καὶ
2429 5053 2625 5120 γένοιτο
2675 5051 2871 5106 ταύτην
2927 5052 3060 5119 μήτε
3113 5055 3205 5100 τοῦ
3261 5056 3531 5120 νυμφῶνος
3587 5055 3720 5120 μήτε
3798 5060 3906 5114 τῆς

2280 5141 2417 5201 θείας
2469 5133 2748 5197 παστάδος
2801 5136 3106 5203 ἀποπεσεῖν,
3169 5141 3302 5209 μήτε
3351 5143 3448 5198 τῆς
3503 5135 3698 5191 ἐκεῖθεν
3755 5138 3902 5212 λαμ-

2276 5467 2340 5540 τὰ
2407 5465 2498 5540 ὅρη
2584 5460 2872 5537 πορευθεὶς,
2963 5463 3110 5526 ζητεῖ
3181 5461 3239 5513 τὸ
3314 5455 3891 5532 πλανώμενον;Οοῃί,

2404 5579 2412 5590 .
2449 5553 2536 5592 XV.
2569 5553 2623 5592 4'.

2404 5579 2412 5590 .
2467 5553 2514 5588 ’ν
2609 5578 2623 5592 .

2276 5537 2422 5678 Lué)
2449 5539 2790 5662 hAridl‘onico
2824 5604 3050 5662 Seniori
3080 5609 3138 5660 et
3163 5603 3509 5660 Andronico
3534 5604 3796 5676 Juniori,
