4120 6396
242 357 383 411 1485

1646 358 1859 415 TESTA
1868 360 2182 421 MENTUM.

3465 370 3610 429 1486

233 497 516 552 προτητος.
563 476 650 539 Ὠς
703 480 792 549 μὲν
856 472 943 528 οὖν
988 483 1075 530 καὶ
1127 482 1566 551 συμπαραμείνοι,
1624 485 1715 533 καὶ
1767 478 1823 532 δι

1951 492 2223 541 veratura
2255 484 2328 542 sit
2355 491 2411 543 et
2437 488 2496 543 in
2527 493 2813 544 aeternum
2839 503 2977 543 cum
3007 504 3235 561 sponso
3289 494 3612 565 conjuncta

234 567 422 629 αἰῶνος
470 569 615 618 ἔσται
694 572 766 635 τῷ
840 571 1041 638 νυμφίῳ
1102 564 1473 640 συνδεδεμένη,
1528 566 1694 640 μηδὲν
1752 568 1840 620 λυ-

237 654 389 708 θεῖσα
446 663 535 715 τῆς
599 654 791 706 ἐκείνου
850 651 1226 727 φαὶδρότητος,
1275 653 1474 709 δίδωσι
1524 656 1725 732 θαρῥείν
1752 664 1841 710 καὶ

231 752 342 806 τοῖς
399 749 744 817 φαινομένοις,
803 743 924 801 ὅλην
970 749 1063 802 τὴν
1127 745 1313 817 ψυχὴν
1368 744 1634 809 ἐξόπισθεν
1686 747 1842 799 αὐτοῦ

232 837 581 907 πορευομένην
646 834 813 901 θεῖσα,
890 837 979 884 καὶ
1047 838 1139 890 τῆν
1202 830 1427 907 καρδίαν
1476 835 1597 892 ὅλην
1663 831 1844 897 δεινῶς

231 930 305 973 τῶ
336 922 480 992 πόθῳ
514 920 836 993 βεϐλημένην
872 927 962 973 καὶ
1012 927 1332 994 τετρωμένην
1393 921 1636 995 ἀσφαλῶς
1703 924 1843 995 αύτῷ

776 1015 865 1061 καί
939 1030 998 1081 γε
1083 1019 1180 1073 τῆς
1233 1010 1424 1064 ἐκείνου
1485 1009 1659 1075 δεξιᾶς
1707 1012 1842 1065 ἀντι-

228 1097 618 1170 λαμϐανομένης
658 1097 916 1169 ἐξημμένη
984 1104 1070 1151 καὶ
1126 1104 1252 1172 προς
1287 1106 1380 1158 τὴν
1435 1099 1483 1152 ἐν
1530 1102 1671 1172 αύτῴ
1722 1121 1842 1173 χει-

229 1010 525 1086 προσιιολλή
537 1029 698 1071 σασα,

227 1191 572 1261 ραγωγούσης
663 1191 1017 1241 κατάπαυσιν.
1100 1192 1274 1262 Ταύτῃ
1362 1208 1442 1241 τοι
1528 1195 1618 1242 καὶ
1694 1191 1846 1263 όλίγα

226 1281 391 1349 ταύτῃ
448 1273 663 1349 δεομένη
745 1284 844 1327 τῶν
897 1278 1059 1341 κάτω,
1122 1278 1202 1329 ὅτι
1246 1282 1318 1349 μὴ
1395 1284 1483 1331 καὶ
1529 1284 1696 1352 μόνων
1744 1289 1842 1332 τῶν

1952 571 2150 628 futura
2190 575 2282 641 sit,
2304 592 2500 648 neque
2528 593 2796 649 unquam
2822 578 2982 632 hunc
3005 577 3387 649 splendorem
3427 584 3610 639 amis-

1951 674 2111 726 sura,
2138 662 2501 720 conﬁdimus
2532 682 2603 721 ex
2635 667 2727 721 his
2766 682 2901 738 quae
2938 666 3209 722 videmus
3243 675 3399 726 :tota
3449 672 3607 729 enim

1953 750 2158 805 anima
2197 759 2331 823 post
2363 753 2528 809 Illum
2554 756 2752 821 currit,
2786 760 2843 809 et
2865 760 3054 809 totum
3082 772 3185 811 cor
3217 758 3368 814 miro
3398 776 3605 818 amore

1951 839 2291 910 perculsum
2324 848 2379 897 et
2415 844 2789 899 vulneratum
2821 843 3087 899 ﬁrmiter.
3124 844 3204 899 illi
3247 847 3497 919 adunat,
3552 854 3608 907 et

1953 927 2081 997 ejus
2112 928 2365 986 dexterae
2397 939 2692 1003 protensee
2739 932 3024 997 adhaeret,
3056 950 3191 1005 quae
3227 937 3300 990 ad
3346 938 3608 1009 quietem

1953 1021 2240 1073 reternam
2270 1020 2467 1091 ipsam
2501 1021 2688 1076 ducit.
2729 1022 2872 1076 Huic
2899 1037 3043 1077 sane
3082 1024 3291 1095 paucis
3316 1026 3607 1096 indigenti

1951 1105 2142 1177 iisque
2174 1109 2314 1163 solis
2345 1125 2481 1181 quae
2523 1111 2892 1182 corruptibili
2948 1111 3043 1167 isti
3096 1113 3228 1167 vitae
3269 1117 3607 1173 necessaria

1953 1201 2110 1261 sunt,
2143 1212 2332 1267 pauca
2356 1203 2413 1252 et
2436 1213 2548 1253 nos
2564 1198 3157 1272 relinquimus,quod
3189 1201 3608 1261 nobisvidetur
3668 1258 3671 1261 λ

1953 1281 2223 1339 sufﬁcere
2255 1286 2673 1342 concedentes.

230 1366 524 1437 ἀναγκαίων
579 1372 640 1436 τῇ
732 1367 1032 1440 φθέιρομενη
1098 1364 1226 1438 ζωῇ,
1282 1366 1429 1437 όλίγα
1494 1374 1583 1420 καὶ
1646 1369 1793 1440 ἡμεῖς
1844 1368 2289 1445 ἀπεμερισάμεθα,
2347 1378 2404 1427 τὸ
2478 1372 2637 1437 δόξαν
2698 1376 2868 1428 ἱκανὸν
2929 1379 3113 1440 ἱκανῶς
3170 1386 3592 1453 χορηγήσαντες.

298 1460 405 1513 Τῆν
434 1452 559 1529 ἐμὴν
599 1452 850 1525 μεγάλαις
896 1457 985 1526 μὲν
1038 1462 1171 1507 Θεοῦ
1221 1452 1463 1529 δωρεαῖς,
1525 1456 1837 1529 ὑπερϐολαῖς

231 1540 292 1596 δέ
323 1563 464 1595 τισιν
503 1542 782 1617 οἰκτιρμῶν
822 1550 913 1594 τοῦ
968 1538 1042 1594 δι’
1091 1543 1251 1595 αὐτοῦ
1310 1543 1693 1616 βασιλεύοντος,
1756 1546 1832 1598 εύ-

229 1629 647 1704 δαιμονιστάτην
682 1636 766 1683 καὶ
825 1631 1216 1702 εὐτυχεστάτην
1261 1632 1585 1705 βασίλισσαν
1654 1637 1749 1704 (1),
1805 1637 1831 1687 6

2014 1463 2222 1525 Meam,
2257 1464 2355 1518 Dei
2384 1464 2632 1535 quidem
2647 1464 3032 1531 dono,nimia
3059 1471 3258 1523 autem
3293 1470 3598 1544 Hujusqui

1943 1564 2048 1620 per
2079 1554 2263 1606 Deum
2294 1552 2572 1624 imperat,
2599 1552 3028 1619 misericordia,
3046 1555 3482 1614 faustissimam
3521 1559 3607 1615 fe-

1938 1637 2411 1713 licissimamque
2451 1640 2912 1712 imperatricem,
2945 1642 3073 1713 ipse
3097 1642 3443 1715 imperator,
3515 1645 3599 1701 sic

226 1722 378 1782 αὐτὸς
410 1719 678 1793 βασιλεὺς,
710 1721 846 1772 οὕτω
871 1739 960 1772 του
1002 1728 1134 1773 Θεοῦ
1188 1727 1499 1784 κινήσαντος
1560 1722 1824 1788 καὶδόξαν

1942 1729 2060 1781 Deo
2090 1734 2369 1785 movente
2387 1730 2552 1802 quod
2576 1729 2980 1803 sibiplaceret,
3001 1746 3296 1803 sponsam
3312 1733 3415 1787 uni
3447 1732 3598 1789 ﬁlio-

224 1811 386 1882 αύτῷ,
435 1814 638 1882 νύμφην
685 1809 760 1883 ἐφ’
813 1811 851 1880 ᾧ
911 1807 979 1870 δὴ
1030 1817 1119 1864 καὶ
1144 1812 1301 1865 εἵλετο
1359 1822 1458 1865 τῶν
1507 1817 1654 1867 υἱέων
1702 1816 1831 1887 ἠγά.

220 1920 358 1972 γετο,
403 1899 602 1974 ἀρίστῳ
659 1902 726 1951 τὰ
754 1903 922 1951 πάντα
951 1906 1040 1952 καὶ
1079 1900 1338 1973 καλλίστῳ
1387 1903 1483 1973 (2).
1548 1909 1647 1957 Καὶ
1682 1906 1829 1977 ὑμεῖς

221 1991 372 2062 ὁρᾶτε
410 1991 615 2050 πάντως
670 1994 758 2041 καὶ
815 1986 936 2060 μετέ
1002 1987 1287 2052 ἐκπλήξεως
1334 1993 1524 2044 ὡσανεὶ
1553 1997 1647 2049 τὴν
1682 2013 1825 2065 χρη-

222 2083 453 2137 στότητα
530 2086 628 2129 τῶν
692 2082 895 2149 τρόπων
970 2079 1279 2151 θαυμάζετε,
1348 2083 1412 2142 ἧς
1449 2089 1564 2143 ταῖς
1617 2101 1825 2156 περιου-

222 2182 361 2236 σίαις
391 2178 597 2227 καὶτὸν
628 2174 747 2247 ἐμόν
783 2174 896 2226 ὃλον
958 2178 1117 2227 πόθον
1181 2180 1307 2249 πρὸς
1362 2176 1543 2231 ἐαυτὸν
1607 2178 1828 2242 ἑλκύσας

220 2263 304 2336 ἐμὲ
352 2273 574 2316 κενῶσαι
633 2268 929 2320 πεποίηκεν.
990 2264 1151 2330 Ἀλλ’,
1228 2266 1267 2316 ὦ
1321 2285 1410 2338 μοι
1462 2271 1528 2319 σύ
1570 2268 1823 2328 καλλίστη

216 2353 447 2424 συζυγία
482 2352 534 2415 ἐξ
563 2352 876 2426 ἀμφωτέρων
908 2361 1008 2404 τῶν
1041 2362 1199 2424 γενῶν
1263 2351 1466 2428 ἀνδρῶν
1497 2362 1584 2408 καὶ
1647 2378 1827 2428 γυναι-

214 2450 315 2493 κῶν
379 2442 492 2493 κατ’
547 2439 759 2511 ἐκλογὴν
825 2442 854 2497 ἡ
918 2458 1207 2514 ρμοσμενη,
1267 2448 1356 2495 καὶ
1410 2447 1822 2517 θάυμασιωτάτη

217 2529 447 2605 ξυνωρὶς,
474 2534 545 2602 μὴ
589 2538 689 2581 τῶν
722 2528 885 2580 ἄλλων
921 2532 1124 2581 πάντων
1182 2535 1334 2603 μόνον
1366 2531 1499 2604 ἐμοὶ,
1549 2533 1676 2586 ἀλλὰ
1735 2541 1824 2589 και

218 2618 387 2678 αὐτῆς
429 2621 791 2690 προτιμωμένη
835 2626 997 2678 πνοῆς
1032 2623 1117 2669 καὶ
1145 2619 1300 2688 ζωῆς,
1334 2629 1427 2673 σοῦ
1466 2624 1646 2696 κάρυ’
1674 2629 1763 2676 καὶ
1797 2626 1822 2676 6

221 2706 438 2768 θάνατος
468 2705 581 2779 ἐμοὶ
615 2708 1005 2778 μνηυόνεμθεὶς,
1038 2711 1171 2778 μετά
1232 2713 1350 2771 τοὺς
1404 2716 1643 2784 πρώτους
1698 2711 1824 2765 ἐκεί-

215 2814 332 2856 νους
361 2800 452 2847 καὶ
490 2794 743 2867 μεγάλους
774 2794 983 2866 φόϐους,
1021 2798 1097 2847 ἔτι
1164 2794 1545 2875 δηκτικώτερος
1594 2806 1684 2853 καὶ
1732 2822 1822 2853 πι-

212 2891 455 2961 κρότερος
484 2890 738 2957 γίγνεται,
772 2887 852 2937 ὅτι
874 2905 931 2937 σε
979 2886 1072 2938 οὐκ
1112 2888 1179 2939 ἔτ’
1212 2887 1409 2961 ὄψομαι
1456 2894 1553 2961 (3),
1609 2888 1748 2961 οὐδ’,
1780 2896 1825 2944 εἴ

213 2979 265 3027 τί
302 2994 359 3046 γε
386 2973 481 3026 κάν
506 2981 689 3051 ⁸τοίςιιιν
720 2971 854 3044 ᾀδου
892 2979 1102 3047 φρικτὸν
1130 2981 1219 3029 καὶ
1274 2975 1434 3040 ἀηδὲς
1492 2979 1704 3051 (μᾶλλον
1741 2977 1818 3048 δε,

1940 1831 2072 1870 rum
2100 1832 2269 1888 quem
2299 1818 2506 1884 voluit,
2527 1819 2757 1890 optimo
2789 1834 2860 1873 ac
2877 1819 3282 1891 pulcherrimo
3312 1821 3506 1890 elegit.
3532 1824 3599 1877 Et

1936 1919 2044 1958 vos
2075 1904 2269 1960 videte
2298 1906 2546 1961 omnino
2571 1913 2628 1962 et
2656 1922 2793 1962 cum
2824 1912 3064 1978 stupore
3089 1908 3596 1966 morumbonita-

1936 1997 2055 2049 tem
2094 1994 2497 2060 admiremini,
2531 1996 2701 2066 cujus
2720 2002 3390 2053 excessutotummeum
3430 2013 3596 2054 amo-

1938 2097 2062 2136 rem
2094 2081 2173 2137 ad
2205 2098 2264 2137 se
2288 2084 2529 2138 attraxit
2560 2089 2616 2139 et
2637 2084 2942 2156 corripuit.
2999 2083 3135 2151 Sed,
3176 2100 3213 2139 o
3270 2084 3594 2157 pulcherri-

1935 2185 2105 2224 mum
2129 2170 2481 2242 conjugium
2513 2187 2583 2226 ex
2618 2176 2871 2244 utroque
2903 2187 3051 2227 sexu
3080 2173 3345 2228 virorum
3376 2188 3448 2229 ac
3469 2188 3599 2230 mu-

1933 2257 2145 2313 lierum
2179 2259 2416 2331 egregie
2436 2258 2782 2324 formatum,
2797 2266 2855 2316 et
2868 2260 3298 2317 admirandum
3318 2277 3449 2334 par,
3472 2278 3597 2319 non

1934 2348 2118 2402 modo
2144 2348 2272 2403 aliis
2304 2348 2589 2404 omnibus
2615 2364 2651 2405 a
2680 2364 2777 2405 me
2808 2354 3147 2421 praelatum,
3194 2350 3299 2405 sed
3358 2355 3415 2406 et
3458 2367 3596 2408 meo

1935 2436 2162 2507 spiritui
2196 2452 2268 2493 ac
2300 2437 2456 2506 vitae,
2496 2438 2580 2493 tui
2611 2453 2797 2494 causa
2825 2455 2990 2495 mors
3026 2455 3163 2511 quae
3201 2439 3346 2495 mihi
3401 2440 3596 2495 immi-

1933 2537 2053 2593 net,
2084 2531 2223 2596 post
2252 2526 2483 2597 primus
2522 2525 2655 2582 illos
2701 2541 3080 2599 magnosque
3108 2526 3371 2596 timores,
3429 2544 3593 2584 mor-

1932 2613 2138 2668 dacior
2185 2614 2559 2686 amariorque
2597 2614 2683 2684 ﬁt,
2737 2629 2809 2669 eo
2847 2616 3012 2686 quod
3057 2620 3107 2671 te
3151 2630 3274 2671 non
3323 2616 3455 2686 jam
3505 2616 3590 2671 vi-

1932 2701 2110 2767 debo,
2140 2717 2356 2775 neque,
2392 2705 2438 2757 si
2486 2703 2633 2775 quid
2690 2703 2751 2758 in
2800 2702 3006 2758 inferis
3047 2703 3330 2760 horrendi
3381 2720 3451 2760 ac
3504 2703 3591 2760 fu-

1932 2792 2083 2845 nesti
2115 2791 2185 2846 sit
2236 2791 2383 2860 (imo
2440 2807 2585 2847 vero
2640 2806 2764 2847 non
2837 2808 3025 2847 unum
3088 2796 3357 2859 tantum;
3416 2798 3592 2849 erunt

1932 2894 2093 2947 vero,
2125 2879 2248 2934 scio
2294 2879 2595 2951 equidem,
2653 2879 2844 2935 multa
2896 2896 2967 2935 ac
3016 2880 3148 2936 dira
3212 2880 3273 2935 in
3330 2896 3432 2936 eos
3485 2881 3591 2952 qui

1931 2967 2023 3022 his
2055 2968 2117 3023 in
2192 2968 2360 3022 terris
2416 2968 2574 3024 male
2636 2968 2930 3039 vixerint),
3030 2974 3092 3023 tu
3169 2969 3284 3024 sub
3377 2968 3587 3025 oculos

216 3063 319 3136 οὐχ
345 3062 392 3116 ’ἐν
423 3072 575 3116 τουτο
598 3066 803 3116 ἔσονται
834 3060 914 3133 δὲ,
949 3062 1092 3132 οἶδα,
1121 3065 1282 3119 πολλά
1311 3073 1401 3120 καὶ
1430 3069 1639 3141 χαλεπά
1664 3071 1823 3134 ἀξίως

1936 3056 2193 3127 veniens,
2236 3055 2295 3111 id
2328 3056 2668 3128 dissipabis,
2698 3062 2801 3113 aut
2827 3057 3054 3113 leviora
3079 3056 3260 3113 facies
3279 3057 3409 3113 haec
3452 3058 3589 3113 tris-

216 3151 287 3214 εἰς
321 3149 474 3211 δίκην
509 3161 609 3204 τῶν
651 3151 889 3204 ἐνταυθοί
923 3162 1096 3215 κακῶς
1152 3155 1512 3229 Βεϐιωμένων),
1572 3163 1643 3211 σὺ
1693 3164 1823 3233 πρὸς

214 3243 330 3293 θέαν
373 3241 525 3293 ἰοῦσα
578 3237 866 3306 διαλύσεις,
923 3241 952 3299 ἡ
1022 3247 1079 3294 τό
1132 3263 1192 3313 γε
1245 3241 1478 3320 δεύτερον
1540 3253 1824 3322 κουφότερα

207 3334 453 3391 ποιήσεις
478 3332 545 3380 τὰ
576 3332 776 3400 στυγνά
813 3338 979 3381 ταῦτα
1006 3335 1096 3383 καὶ
1128 3335 1437 3406 σκυθρωπὰ,
1500 3339 1569 3397 ὡς
1608 3335 1656 3388 ἐν
1718 3346 1823 3398 τοῖς

209 3426 441 3491 παροῦσι
491 3424 662 3470 πᾶσαν
721 3416 774 3479 ἐξ
847 3417 1071 3491 ἀνιαρῶν
1130 3421 1485 3495 συμϐαμάτων
1560 3431 1823 3497 κουφίςεις

206 3512 301 3559 καὶ
352 3506 527 3568 τελέως
586 3505 807 3581 ἐξαίρεις
858 3514 1073 3580 πικρίαν
1128 3516 1281 3582 μόνον
1333 3514 1551 3584 ὀφθεῖσα
1583 3536 1595 3547 ·
1638 3521 1727 3567 καί
1764 3534 1824 3586 γε

209 3593 455 3669 βρασμὸν
484 3594 800 3655 καταπαύεις
823 3591 1053 3669 καρδίας
1096 3597 1376 3668 σϐεννῦσα,
1422 3607 1509 3654 καὶ
1553 3605 1822 3676 θραυσμόν

209 3686 525 3758 θεραπεύεις,
587 3689 675 3736 καὶ
733 3688 990 3756 κοιμίζεις
1054 3686 1244 3759 ψυχῆς
1294 3692 1676 3763 παθαινομένης
1733 3698 1823 3745 καὶ

203 3773 472 3845 λογισμῶν
524 3775 783 3845 τάραχον.
832 3778 894 3826 Τί
955 3783 1046 3826 τοῦ
1098 3784 1194 3828 σοῦ
1239 3787 1523 3853 χωρισμοῠ
1572 3784 1702 3855 πρὸς
1738 3786 1821 3833 κό-

203 3862 360 3914 λασιν
447 3856 868 3935 δραστικώτερον
912 3880 926 3929 ;
978 3872 1083 3925 πῶς
1140 3869 1289 3936 οἴσω,
1350 3872 1469 3930 τοὺς
1526 3869 1819 3942 ὀφθαλμούς

208 3952 404 4020 μύσας,
466 3949 656 4022 μᾶλλον
728 3945 780 4001 δ’
853 3949 996 4012 ὅλους
1054 3952 1367 4028 ἐῤῥυηκότας
1417 3956 1817 4042 ἀποϐαλόμενος’

206 4042 269 4091 τό
325 4044 414 4091 σὸν
473 4039 658 4101 κάλλος
708 4044 798 4091 καὶ
845 4044 901 4092 τό
942 4039 1031 4093 τοῦ
1090 4051 1372 4116 προσώπου
1425 4046 1574 4107 ἄνθος
1629 4052 1718 4100 καὶ
1760 4039 1819 4101 τό

206 4135 307 4190 τῆς
364 4135 564 4200 μορφῆς
617 4130 804 4202 ὡραῖον
843 4127 1056 4182 ἀθέατον
1095 4151 1108 4198 ;
1146 4139 1236 4195 Τίς
1285 4132 1397 4187 ἀνθ’
1437 4138 1577 4208 ὑμῶν
1614 4135 1660 4187 ἓν
1707 4139 1814 4209 ὁμι-

203 4217 347 4276 λίαις
395 4214 590 4268 ἐσεῖται
656 4215 945 4287 γλυκαίνων
994 4225 1083 4273 καὶ
1149 4225 1509 4294 στυγνάζοντα
1582 4245 1818 4298 παρακα-

202 4307 309 4359 λῶν
380 4309 472 4356 καὶ
532 4307 1014 4378 παραμυθούμενος,
1057 4316 1129 4379 τῷ
1188 4320 1453 4386 χωρισμῷ
1489 4313 1519 4372 ἣ
1558 4317 1647 4366 καὶ
1703 4323 1819 4375 ταῖς

204 4393 375 4446 ἐκεῖσε
426 4392 673 4465 μάστιξιν
754 4391 1127 4468 ὀδυνώμενον;

202 4481 432 4553 καλύψει
468 4480 636 4555 βαρύς
679 4487 769 4535 καὶ
824 4488 983 4556 τάφος
1035 4488 1347 4562 συγκρύψει,
1419 4496 1532 4556 καὶ,
1568 4492 1711 4565 ὑμῶν
1746 4501 1819 4565 τῷ

205 4569 404 4644 φίλτρῳ
483 4574 824 4643 κεκινημένων
885 4580 976 4626 καὶ
1028 4584 1368 4649 προσιόντων,
1438 4585 1529 4633 καὶ
1611 4590 1818 4655 γοεραῖς

204 4656 398 4733 φωναῖς
451 4658 871 4733 ἀνακαλουμένων
935 4667 1021 4715 τόν
1077 4670 1295 4737 πατέρα,
1334 4673 1476 4731 κόνις
1536 4670 1603 4721 ὢν
1670 4677 1814 4744 κωφὴ

201 4753 298 4803 καὶ
354 4747 487 4801 ὀστᾶ
571 4754 703 4822 μόνα
798 4756 1166 4825 γεγυμνωμένα
1243 4759 1420 4819 πάσης
1483 4778 1673 4832 σαρκός
1728 4767 1817 4813 καὶ

205 4837 522 4901 αἰσθήσεως,
562 4841 587 4890 6
620 4841 687 4891 τὰ
726 4839 891 4892 πολλὰ
928 4848 1014 4893 νῦν
1042 4842 1141 4914 ἐγὼ
1208 4843 1393 4911 λαλῶν,
1431 4843 1640 4920 ούδαμῆ
1661 4903 1664 4906 ,
1701 4853 1819 4902 οὔτε

201 4933 306 4986 τῆς
329 4936 499 4997 φωνῆς
565 4929 708 5000 ὑμῶν
765 4932 882 4982 οὔτε
936 4938 1025 4992 τῆς
1087 4931 1267 4994 λαλιᾶς
1322 4932 1511 4987 inuia»?
1571 4939 1815 5007 γνωσθή-

203 5033 371 5088 σομαι
412 5015 425 5069 l
475 5016 630 5070 Ἀλλά
679 5022 911 5091 περιττὸν
966 5023 1092 5083 ἴσως
1128 5021 1212 5075 ἐπὶ
1262 5030 1371 5085 τοῖς
1422 5044 1675 5088 τοιούτοις
1715 5046 1817 5100 μη,

276 5316 359 5391 (1)
410 5324 1238 5402 Annotatorrecentissimus,
1276 5342 1457 5402 quem
1494 5328 1807 5387 Boiviuum

201 5405 339 5447 esse
379 5395 684 5469 suspicor.
705 5395 783 5469 ad
821 5397 1155 5469 marginem
1206 5395 1430 5455 codicis
1462 5418 1476 5468 ;
1516 5422 1544 5450 «
1580 5405 1805 5469 lrenen,

204 5476 347 5590 qua;
388 5471 595 5542 postea
648 5467 893 5537 Eulogia
949 5469 1261 5526 nominata
1317 5477 1419 5526 est.
1459 5492 1487 5520 ι»
1516 5467 1810 5544 Nupserat

241 5547 424 5589 oanni
462 5533 823 5590 Palaeologo.

241 5534 440 5606 oannii
462 5533 823 5606 Palaeologo'.

286 5604 365 5672 (2)
387 5604 896 5686 lderganno'tator
923 5628 936 5664 :
968 5634 996 5662 ‹‹
1041 5612 1319 5669 Nondum
1354 5613 1557 5686 itaque
1591 5614 1823 5673 obierat

207 5676 476 5747 Despota
502 5676 758 5737 Chumni
784 5694 987 5752 gener.
1023 5703 1048 5735 θ

1931 3145 2014 3200 tia
2041 3160 2111 3201 ac
2133 3144 2453 3211 horrenda,
2496 3151 2559 3201 ut
2590 3160 2772 3213 nunc,
2800 3145 2904 3201 ubi
2936 3160 3220 3218 appares,
3248 3161 3493 3202 omnem
3515 3162 3587 3203 ex

1936 3233 2164 3288 miseris
2213 3233 2527 3288 eventibus
2610 3237 2808 3289 ortum
2864 3248 3178 3290 maerorem
3236 3234 3475 3306 mitigas
3517 3249 3589 3291 ac

1932 3322 2181 3377 omnino
2213 3322 2411 3377 aufers
2432 3339 2449 3393 ;
2483 3326 2540 3376 et
2568 3338 2711 3377 sane
2743 3322 2941 3378 cordis
2966 3327 3168 3378 motus
3200 3323 3376 3378 sedas
3405 3328 3464 3378 et
3492 3338 3588 3378 ex-

1934 3411 2204 3480 stinguis,
2238 3417 2296 3467 et
2317 3412 2560 3467 vulnera
2584 3410 3102 3481 sanas,etaﬂlicta3
3130 3413 3348 3468 animus
3369 3413 3590 3482 cogita-

1935 3501 2287 3572 tionumque
2300 3500 2622 3557 tumultum
2636 3502 2810 3559 lenis.
2827 3502 2996 3566 Quod
3010 3501 3218 3557 durius
3232 3500 3588 3574 supplicium

1931 3606 2117 3663 quam
2150 3608 2185 3645 a
2209 3598 2262 3647 te
2294 3592 2561 3663 separari
2596 3592 2624 3646 ‘I
2655 3593 2969 3656 Quomodo
3019 3593 3375 3661 sustineam,
3430 3599 3590 3665 post—

1930 3696 2115 3752 quam
2147 3681 2353 3736 oculos
2366 3681 2656 3753 clausero,
2682 3682 2806 3737 imo
2844 3697 2984 3737 vero
3020 3687 3173 3738 totos
3204 3697 3306 3738 eos
3335 3682 3590 3737 eﬂluxos

1931 3769 2210 3829 amisero,
2236 3777 2400 3825 tuam
2428 3770 2933 3843 pulchritudinem
2957 3770 3220 3826 etvultus
3252 3771 3337 3826 tui
3375 3771 3585 3827 ﬂorem

1930 3862 2167 3930 tuaeque
2179 3857 2431 3914 fortunae
2445 3858 2817 3931 splendorem
2825 3859 2845 3929 j
2855 3874 2949 3914 am
2991 3874 3114 3916 non
3126 3859 3520 3932 contemplari
3561 3863 3590 3914 ?

1931 3946 2073 4012 Quis
2127 3962 2238 4018 pro
2269 3947 2465 4011 vobis,
2511 3947 2721 4002 mediis
2749 3948 2807 4002 in
2842 3947 3085 4003 coetibus
3111 3947 3218 4003 erit
3270 3947 3500 4004 leniens
3531 3955 3590 4003 et

1930 4034 2219 4091 afﬂictum
2255 4036 2576 4091 consolans
2608 4036 3193 4091 etadhortansvestri
3208 4038 3586 4108 separatione

1930 4131 1985 4179 et
2016 4123 2227 4180 futurae
2257 4125 2389 4179 vitae
2418 4125 2615 4195 pmnis
2647 4126 3070 4180 vulneratum?
3099 4125 3259 4182 Eheu
3280 4124 3293 4178 ι
3317 4141 3411 4181 me
3427 4130 3588 4196 teget

1929 4213 2125 4281 gravis
2153 4214 2328 4286 lapis,
2369 4217 2426 4269 et
2456 4212 2719 4269 tumulus
2746 4229 2843 4269 me
2871 4214 3097 4285 operiet
3135 4232 3148 4282 ;
3183 4219 3238 4270 et
3275 4229 3414 4269 cum
3473 4230 3583 4270 vos

1928 4318 2135 4359 amore
2157 4301 2317 4357 ducti
2350 4303 2664 4373 accedetis,
2691 4308 2746 4358 ct
2773 4302 2936 4358 dulei
2971 4318 3113 4358 voce
3160 4308 3389 4374 patrem
3417 4319 3581 4359 com-

1169 4402 1347 4472 Οῖμοι,
1427 4403 1508 4453 ὅτι
1542 4421 1605 4474 με
1674 4402 1819 4464 λίθος

1936 4391 2249 4463 pellabitis,
2273 4406 2385 4461 ego
2433 4391 2582 4446 cinis
2640 4391 2840 4447 inanis
2880 4396 2938 4448 et
2983 4407 3123 4447 ossa
3174 4391 3341 4447 omni
3403 4408 3582 4448 carne

1927 4482 2158 4536 nudata
2186 4486 2244 4536 et
2272 4497 2475 4549 sensu,
2508 4497 2619 4551 ego
2645 4481 2749 4553 qui
2774 4496 2937 4536 nunc
2991 4487 3076 4537 tot
3117 4480 3304 4537 verba
3352 4482 3579 4550 emitto,

1925 4584 2121 4640 neque
2140 4584 2351 4624 vocem
2379 4575 2661 4623 vestram.
2682 4584 2876 4640 neque
2894 4574 3119 4624 VBSU‘OS
3148 4584 3455 4625 sermones
3472 4585 3581 4625 811-

1925 4656 2091 4712 diam
2124 4655 2266 4711 lSed
2298 4657 2521 4713 forsam
2555 4663 2644 4712 est
2696 4656 3071 4729 superﬂuum
3122 4656 3436 4714 sictalibus
3471 4658 3580 4714 im-

1924 4744 2172 4812 morari,
2201 4745 2493 4816 quoniam
2519 4744 2616 4799 hic
2648 4761 2845 4816 neque
2871 4752 3083 4801 cantus
3110 4751 3205 4802 est
3230 4761 3428 4818 neque
3464 4750 3580 4802 tra-

1925 4833 2259 4904 goedia,sed
2273 4832 2404 4889 sola
2423 4834 2627 4889 mortis
2641 4834 3015 4904 memoria,et
3026 4840 3087 4890 ut
3099 4835 3308 4906 paucis
3319 4834 3576 4902 dicatur,

1926 4927 1988 4977 ut
2017 4938 2144 4977 rem
2171 4928 2531 4994 praesentem
2547 4923 2732 4993 decet,
2749 4937 2886 4994 quae
2898 4922 3182 4979 humanm
3196 4927 3427 4978 naturae
3441 4928 3582 4979 sunt

1922 5010 2290 5077 necessario,
2321 5014 2385 5066 ut
2414 5014 2550 5083 pote
2573 5010 2826 5082 mortali,
2854 5011 3069 5066 vincta.
3104 5010 3267 5066 Unde
3296 5015 3353 5066 et
3381 5009 3460 5066 ab
3481 5010 3576 5066 his

1922 5099 2230 5167 recedens,
2247 5099 2463 5171 longos
2492 5115 2686 5156 annos
2713 5098 3214 5170 vivas,etlaateris,
3236 5104 3294 5155 et
3319 5098 3578 5156 exsultes

1986 5334 2065 5402 (3)
2101 5330 2336 5403 Similes
2367 5329 2668 5403 querelas,
2715 5334 2779 5385 ut
2810 5328 3189 5403 philosophis
3216 5335 3274 5387 et
3301 5328 3578 5403 christia-

1918 5400 2011 5459 nis
2068 5400 2492 5472 indignasfac
2549 5416 2795 5473 prorsus
2866 5400 3206 5467 indeceras,
3276 5402 3579 5473 vituperat

1916 5476 2177 5530 Joannes
2207 5474 2436 5547 Chryst.
2485 5473 2678 5547 Eclog.
2712 5488 2771 5542 p.
2834 5476 2936 5547 229
2984 5490 2997 5527 :
3042 5473 3105 5526 Εἰ
3155 5477 3257 5547 γάρ
3304 5476 3576 5547 ἐπίστευον

1929 5546 2010 5597 ὅτι
2058 5547 2084 5596 6
2145 5541 2509 5604 τετελευτηκὼς
2573 5543 2631 5595 οὐ
2708 5541 3255 5611 τετεκεύτηκενμί.
3329 5543 3425 5597 οὐκ
3514 5541 3576 5595 ἂν

1929 5619 2173 5676 τοιαύτας
2211 5616 2441 5689 *ἀφῆκαν
2483 5617 2653 5688 φωνὰς
2726 5612 2976 5676 ἀπιστίας
3044 5619 3327 5689 γεμούσας,
3366 5637 3398 5668 ιι
3468 5614 3576 5668 ού-

1929 5691 2043 5741 ίκτι
2080 5706 2140 5741 σε
2164 5685 2383 5760 ὄψομαι.
2414 5706 2447 5739 ››
