4120 6402
633 325 775 397 44ὃῖ

633 464 832 523 neque
868 447 1204 522 quidquam
1248 445 1412 504 triste
1463 460 1736 521 unquam
1784 444 2133 520 experieris,
2170 442 2294 499 Deo

632 538 789 595 inter
812 552 1106 610 prospera
1136 536 1324 593 vitam
1349 541 1608 593 vestram
1631 536 1887 593 ducente
1915 540 1972 591 et
2031 535 2293 590 sinceras

634 624 870 682 divitias
895 628 1238 696 praestante,
1266 623 1415 680 dum
1486 640 1594 681 vos
1638 620 2189 697 irreprehensibiles
2230 619 2294 677 in

634 713 941 770 mandatis
969 729 1039 769 ac
1055 712 1296 785 justitiis
1346 713 1479 783 ejus
1525 712 1941 779 ambulabitis,
1994 715 2052 767 et
2099 709 2162 766 in
2218 708 2291 765 iis

632 796 943 876 praeceptis
979 816 1118 874 quae
1155 800 1379 858 semitis
1411 801 1628 858 nostris
1671 801 1874 858 lumen
1935 799 2180 856 faciunt.
2227 802 2293 856 In

633 890 860 963 quibus
890 895 949 946 et
969 890 1187 960 jugiter
1209 889 1516 946 adhaerere
1544 894 1602 947 et
1630 905 1947 963 nunquam
1993 887 2293 945 declinare

634 983 740 1034 aut
769 977 1126 1049 transgredi,
1141 994 1336 1051 neque
1358 979 1541 1052 pedes
1586 979 1667 1034 ad
1689 978 1954 1052 lapidem
1965 976 2288 1044 offendere,

634 1066 1083 1139 duramnempe
1101 1071 1159 1124 et
1186 1068 1479 1140 optimam
1516 1067 1943 1124 conscientiam
1973 1066 2289 1123 laedentem

634 1170 705 1210 ex
745 1159 921 1211 acuto
952 1159 1009 1211 et
1045 1153 1416 1211 infructuosa
1429 1154 1609 1211 corde
1626 1160 1819 1211 ortam
1846 1154 2291 1225 cogitationem,

635 1248 899 1299 vestrum
935 1248 1025 1298 est
1064 1243 1473 1313 gratissimum
1506 1259 1662 1317 opus
1683 1248 1740 1300 et
1763 1245 2038 1300 omnium
2073 1241 2293 1313 linguis

631 1331 1427 1405 jactatum,mirandumque
1440 1333 1784 1390 estomnino
1795 1339 2004 1390 votum
2015 1338 2291 1405 vestrum.

636 1421 897 1491 Etigitur
925 1435 1037 1477 nos
1058 1436 1182 1477 non
1197 1421 1395 1477 solum
1413 1425 1604 1478 totum
1643 1437 1913 1478 amorem
1954 1425 2229 1478 nostrum
2242 1424 2299 1478 et

637 1508 1032 1576 desiderium,
1058 1509 1165 1565 sed
1194 1525 1407 1566 omnes
1431 1508 1553 1566 fere
1607 1510 1847 1567 divitias
1888 1510 2299 1584 impertiemur

641 1613 752 1654 nec
771 1604 1090 1654 vestrorum
1104 1597 1432 1672 quidquam
1443 1598 1617 1655 vobis
1630 1598 1820 1655 deerit
1840 1617 1852 1667 ;
1872 1598 2297 1672 quodcumque

633 1692 834 1743 autem
865 1686 962 1743 vel
990 1686 1313 1744 minimum
1332 1702 1369 1743 a
1383 1691 1572 1744 matre
1589 1687 1912 1761 accipietis,
1928 1687 2078 1744 illud
2091 1687 2297 1744 scitote

632 1776 716 1832 ita
740 1774 888 1832 mihi
920 1775 1120 1831 visum
1141 1779 1200 1832 et
1223 1775 1398 1848 juxta
1409 1792 1613 1833 meam
1632 1776 2004 1833 voluntatem
2042 1775 2292 1833 factum.

632 1860 839 1922 εἰδησιν
912 1865 1171 1939 θραύοντα
1257 1863 1511 1937 λογισμόν

1981 315 2349 377 NICEPHORI
2389 311 2679 375 CHUMNI.

3812 312 3913 378 1488

2401 443 2591 509 κύνειν,
2620 440 2731 494 imi.
2771 437 2913 517 μηδὲ
2965 434 3207 514 μονῳδία
3228 439 3292 492 τὰ
3319 441 3542 513 παρόντα
3588 442 3666 493 καὶ
3702 440 3916 516 τραγῳδία

2401 534 2487 583 καὶ
2542 532 2726 607 θρῆνος
2786 530 3074 603 ἐπιτάφιος,
3129 533 3305 603 μνήμη
3339 524 3398 581 δε
3425 530 3548 600 μόνη
3580 529 3794 597 θανάτου,
3834 538 3914 602 καὶ,

2402 621 2472 680 ὡς
2504 620 2553 672 ἓν
2585 617 2824 695 βραχέσι
2852 622 3003 694 φάναι
3037 623 3127 672 καὶ
3156 619 3377 671 καθόσον
3413 621 3653 690 προσήκει
3691 626 3754 689 τῷ
3795 617 3914 691 λόγῳ,

2400 708 2467 760 τά
2492 705 2545 770 ἐξ
2584 706 2810 780 ἀνάγκης
2853 717 2916 782 τῇ
2951 707 3243 785 ἀνθρωπίνῃ
3299 708 3469 779 φύσει,
3522 706 3666 778 θνητῇ
3707 725 3758 777 γι
3799 710 3914 780 οὔσῃ,

2399 799 2811 871 παρεζευγμένα.
2881 796 3036 851 Ὅθεν
3108 800 3220 865 καὶ,
3289 793 3528 867 ἀφέμενος
3582 796 3765 860 τούτων,
3817 796 3915 865 ζῴης

2401 883 2451 947 ἐς
2475 890 2735 959 μήκιστα,
2787 890 2945 959 φημὶ,
2996 904 3204 961 χρονων
3255 888 3519 958 μηκίστων
3562 888 3645 936 καὶ
3685 890 3916 957 συνευγριιί-

2398 978 2506 1027 νοιό
2543 993 2603 1047 γε
2658 978 2749 1028 καὶ
2799 974 3164 1048 συναγάλλοιο,
3204 977 3295 1026 καὶ
3335 970 3510 1032 λάϐοις
3560 967 3790 1045 μηδεμίαν
3837 992 3913 1044 μη-

2402 1059 2588 1117 δέποτε
2666 1071 2847 1140 πεῖραν
2927 1059 3152 1136 μηδενός
3220 1069 3321 1115 τῶν
3382 1060 3682 1125 λυπούντων,
3724 1064 3821 1112 Θεοῦ
3849 1055 3912 1111 διὰ

2401 1160 2501 1205 τῶν
2531 1152 2883 1229 εὐθυμοτέρων
2911 1150 2990 1206 ἀεὶ
3040 1154 3127 1205 τόν
3160 1148 3277 1224 βίον
3320 1150 3440 1222 ὑμῖν
3495 1150 3693 1221 ἄγοντος
3726 1153 3795 1200 καὶ
3829 1167 3907 1220 sou.

2404 1246 2501 1315 φὴν
2558 1240 2812 1317 ἀκραιφνῆ
2873 1247 3258 1317 χορηγοῦντος,
3326 1238 3606 1311 ἀμίμπτοις
3659 1236 3705 1289 ἓν
3746 1243 3819 1296 ναῖς
3849 1234 3897 1286 ὸ-

2403 1329 2579 1393 τολαίς
2653 1331 2813 1384 αὐτοῦ
2876 1335 2966 1383 καὶ
3027 1336 3139 1391 τοῖς
3188 1324 3528 1401 δικαιώμοσι,
3584 1329 3669 1378 καὶ
3716 1333 3790 1385 τοῖς
3824 1331 3898 1385 ταῖς

2404 1418 2604 1494 τρίϐοις
2651 1420 2794 1493 ὑμῶν
2863 1427 2971 1492 φῶς
3021 1417 3304 1492 ἐμποιοῦσι
3361 1417 3718 1491 προστάγμασι
3758 1413 3812 1485 (1)
3847 1416 3908 1463 καὶ

2407 1512 2537 1584 πρὸς
2588 1508 2741 1561 αὐτόν
2796 1509 2958 1583 ὀρθῶς
3014 1504 3295 1579 ὁδηγοῦσι,
3366 1501 3819 1579 πορωομέενοιςᾋῖς
3853 1504 3913 1551 καί

2403 1600 2461 1650 τό
2527 1596 2755 1671 ἐμμένειν
2827 1596 2925 1666 ἀεὶ,
3015 1601 3105 1650 καὶ
3161 1591 3387 1669 μηδαμῆ
3472 1593 3786 1667 παρεκκλίνειν
3820 1585 3915 1662 ειηῶ

2405 1688 2814 1761 παρενηνέχθαι,
2862 1682 3003 1759 μηδὲ
3058 1689 3182 1748 τοὺς
3242 1681 3411 1745 πόδας
3451 1686 3640 1742 ἣκιστα
3673 1684 3783 1756 πρὸς
3818 1677 3917 1731 λίθον

2409 1771 2562 1838 δόξαι
2588 1780 2916 1850 προσκόχαι,
2951 1774 3174 1850 σκληρόν
3199 1777 3333 1836 ἴσως
3388 1777 3477 1826 καὶ
3523 1776 3612 1830 τήν
3659 1770 3792 1828 καλὴν
3837 1786 3918 1819 συν-

1611 1864 1668 1929 ἐξ
1728 1864 2059 1940 ἁκροστόμου
2132 1870 2221 1919 καὶ
2306 1861 2544 1940 ἀκάρπου
2589 1861 2813 1937 καρδίας
2873 1865 2975 1936 (2),
3036 1865 3184 1939 ἔργον
3240 1864 3384 1936 ὑμῶν
3431 1859 3672 1934 ἐπιμελὲς,
3721 1861 3796 1911 καὶ
3840 1860 3919 1915 ταῖς

644 1951 882 2005 ἁπάντων
958 1957 1185 2027 κείμενον
1246 1952 1517 2025 γλώσσαις
1599 1959 1689 2007 καὶ
1772 1955 1907 2007 πάνυ
1984 1975 2032 2007 τι
2086 1953 2478 2028 θαυμαζόμενον
2552 1951 2900 2028 σπούδασμα.
2952 1956 3054 2008 Καὶ
3108 1959 3236 2025 γοῦν
3294 1953 3445 2024 ἡμεῖς
3493 1951 3608 2023 ὑμῖν
3656 1946 3708 2001 οὐ
3758 1950 3805 1998 τὸ
3852 1949 3919 1995 πᾶν

644 2042 797 2114 ἆσμεν
826 2044 981 2113 μόνον
1038 2041 1246 2117 φίλτρον
1301 2047 1392 2095 καὶ
1440 2044 1600 2096 πόθον
1642 2045 1729 2095 τόν
1781 2042 1915 2111 ὅλον,
1980 2041 2108 2095 ἀλλά
2151 2062 2202 2095 τι
2249 2047 2339 2095 καὶ
2389 2046 2477 2096 τόν
2527 2042 2639 2096 ὅλον
2687 2039 2886 2115 σχεδόν
2939 2041 3161 2095 πλοῦτον
3202 2046 3538 2110 κενώσαντες,
3594 2042 3677 2090 καὶ
3733 2031 3819 2087 δίει
3856 2039 3920 2085 τῶν

644 2130 901 2202 ὑμετέρων
993 2131 1114 2203 ὑμῖν
1196 2126 1410 2194 οὐδενός
1492 2133 1568 2184 ἔτι
1641 2152 1655 2165 ·

643 2223 735 2271 καὶ
763 2221 896 2272 κατὰ
923 2224 1136 2292 γνώμην
1159 2224 1515 2294 γεγενημένον.

711 2306 799 2363 Tu
825 2308 1125 2364 veromihi
1148 2306 1408 2365 ﬁliorum
1430 2309 1851 2382 primogenite,
1880 2325 2031 2368 mea;
2071 2309 2299 2368 deliciae
2330 2310 2375 2365 B

630 2411 958 2468 meumque
970 2412 1263 2453 crnamen
1272 2403 1392 2453 tum
1402 2413 1575 2468 ,meas
1588 2397 1791 2469 gloriae
1804 2398 2120 2473 splendida
2131 2416 2297 2458 coro-

628 2499 733 2550 na,
763 2482 960 2540 dulcis
985 2490 1044 2543 et
1070 2485 1321 2543 omnino
1348 2486 1552 2544 suavis
1588 2492 1951 2561 aspectus,et
1969 2488 2147 2546 totius
2170 2488 2296 2546 ani-

630 2589 747 2629 mae
774 2589 924 2630 mea:
971 2574 1295 2649 cordisque
1347 2575 1684 2633 ineffabiles
1724 2593 1963 2635 amores
2003 2577 2292 2649 excitans,

626 2659 763 2718 vide
784 2665 843 2721 et
866 2677 903 2719 a
922 2661 1259 2737 longinquo
1281 2669 1339 2722 et
1360 2664 1492 2737 jam
1521 2681 1686 2723 nunc
1705 2666 1810 2739 qui
1846 2671 1986 2740 post
2022 2667 2290 2739 mefutu-

624 2766 730 2807 rus
758 2752 841 2808 sis
868 2755 928 2808 et
963 2758 1250 2825 quantus,
1283 2759 1490 2825 gratus
1527 2771 1749 2828 nempe
1775 2760 1829 2812 et
1857 2772 2097 2829 semper
2111 2755 2289 2813 matri

625 2838 874 2896 obedire
898 2844 1147 2912 paratus
1172 2846 1230 2896 et
1268 2841 1461 2898 facere
1490 2857 1628 2915 quae
1657 2843 1771 2916 ipsi
1815 2843 2151 2917 placuerint
2196 2836 2288 2916 ip?

625 2943 880 3001 samque
907 2928 1192 3001 juverint,
1222 2929 1419 3001 legem
1451 2932 1551 2988 Dei
1570 2931 1927 2989 observans.
1951 2933 2102 2990 Nihil
2122 2932 2284 2990 enim

629 3022 916 3087 praestare
942 3021 1113 3090 potes
1144 3017 1310 3090 quod
1340 3018 1520 3091 digne
1551 3019 1684 3091 ejus
1714 3020 2042 3093 doloribus,
2076 3026 2284 3079 cumte

623 3107 847 3176 genuit,
876 3108 1132 3179 autejus
1161 3107 1492 3175 curis,cum
1518 3109 1783 3179 tealeret,
1813 3114 1918 3167 aut
1940 3110 2091 3180 aliis,
2116 3126 2282 3184 quaa-

623 3211 861 3270 cunque
898 3196 1136 3266 fuerint,
1175 3197 1481 3256 beneﬁciis
1526 3201 1909 3273 respondeat,
1960 3201 2194 3258 etiamsi
2224 3205 2280 3258 te

622 3289 816 3342 totum
839 3285 1182 3359 impendas,
1203 3288 1513 3362 vitamque
1526 3289 1882 3363 profundas.
1913 3290 2068 3357 Quid
2079 3290 2236 3347 enim
2250 3291 2280 3348 Τ

625 3372 707 3443 Si,
735 3374 902 3447 quod
932 3375 1230 3449 accepisti,
1263 3377 1615 3446 reddideris,
1653 3379 1922 3452 corporis
1964 3379 2027 3436 in
2064 3384 2277 3437 mater-

619 3462 714 3519 nis
742 3463 1075 3521 visceribus
1114 3466 1560 3538 formationem,
1588 3466 1886 3541 simulque
1902 3469 2275 3526 animaecum

619 3550 722 3609 illo
751 3553 1264 3626 conjunctionem,
1286 3560 1344 3613 et
1371 3572 1511 3613 cum
1533 3558 1710 3614 tantis
1736 3557 2048 3615 doloribus
2068 3557 2276 3615 nativi-

1748 2134 1936 2206 μικρὸν
1981 2128 2032 2184 δ’
2095 2133 2217 2185 ὅσον
2274 2135 2405 2207 πρὸς
2463 2134 2660 2207 μητρός
2705 2130 2956 2204 λήψεσθε,
3006 2129 3147 2184 τοῦτ’
3197 2132 3316 2183 ἴστε
3365 2132 3456 2181 καὶ
3518 2126 3625 2200 ἐμοὶ
3688 2120 3919 2195 δεδογμένον

2482 2312 2548 2361 Σὺ
2580 2305 2640 2362 δέ
2661 2328 2752 2382 μοι
2780 2315 2880 2360 τῶν
2909 2309 3059 2360 υἰίων
3096 2308 3122 2359 ό
3150 2313 3355 2382 πρῶτος
3397 2304 3494 2377 (3),
3550 2305 3606 2356 τό
3653 2300 3757 2375 ἐμόν
3799 2297 3921 2370 ἓντρῦ·

2410 2418 2558 2472 φημα
2594 2403 2685 2450 καὶ
2745 2395 3111 2469 καλλώπισμα,
3182 2396 3208 2447 ό
3256 2403 3352 2457 τῆς
3390 2392 3517 2467 ἐμῆς
3543 2393 3816 2464 καυχήσεως
3833 2385 3923 2458 λαμ-

2406 2490 2537 2561 πρός
2589 2489 2837 2558 στέφανος
2911 2483 3017 2559 (4),
3075 2485 3105 2543 ἡ
3162 2483 3384 2555 γλυκεῖα
3446 2486 3534 2534 καὶ
3595 2480 3826 2553 κατάκρως
3870 2474 3923 2544 (5)

2406 2574 2665 2648 θέλγουσα
2692 2574 2923 2651 ἐρατεινὴ
2955 2572 3098 2645 ὄψις,
3136 2576 3229 2625 καὶ
3305 2579 3401 2635 τῆς
3448 2569 3572 2644 ἐμῆς
3618 2567 3725 2630 ὅλης
3769 2563 3919 2635 ψυχῆς,

2400 2660 2623 2739 καρδίας
2667 2663 2810 2735 ὅλης,
2866 2669 3109 2738 στοργαῖς
3161 2659 3409 2736 ἆῤῥήτοις
3449 2658 3496 2723 ἐς
3553 2657 3704 2733 βάθος
3752 2653 3921 2727 ἐφικνου-

2398 2758 2546 2827 μένη,
2579 2758 2761 2807 σκόπει
2799 2772 2890 2825 μοι
2928 2756 3018 2805 καὶ
3067 2753 3331 2826 μακρόθεν
3389 2754 3479 2803 καὶ
3529 2747 3582 2801 ἐκ
3630 2755 3722 2800 τῶν
3766 2750 3833 2795 νῦν
3869 2743 3918 2797 τίς

2397 2843 2457 2897 ἂν
2488 2847 2578 2897 καὶ
2614 2843 2723 2917 μετ’
2748 2843 2837 2916 ίμὶ
2883 2846 3054 2915 γένοιο
3100 2861 3191 2893 και
3249 2841 3393 2909 ὅσος,
3446 2838 3706 2912 εὐγνώμων
3734 2834 3821 2908 ἅμα
3854 2831 3911 2881 καὶ

2394 2936 2658 3007 πρόθυμος
2686 2934 2856 2986 πάντα
2884 2934 3214 2985 καθυπείκειν
3281 2934 3465 3006 μητρὶ,
3522 2933 3608 2981 καὶ
3663 2926 3769 3000 φᾶα
3805 2920 3915 2995 πράτ-

2390 3042 2493 3077 τειν
2568 3023 2700 3096 αὐτῇ
2760 3026 2850 3075 καὶ
2906 3024 3291 3096 κεχαρισμένα,
3378 3026 3511 3074 Θεοῦ
3597 3024 3746 3070 ταῦτα
3797 3015 3918 3081 νόμως

2391 3111 2796 3186 κεκελευσμένος.
2878 3108 3059 3183 Ἔχεις
3121 3112 3224 3184 γὰρ
3300 3106 3454 3163 οὐδὲν
3538 3109 3698 3160 ἱκανὸν
3739 3101 3917 3173 οὐμενοῦν

2391 3198 2509 3256 οὐδ’
2532 3201 2699 3273 ἄξιον,
2741 3203 2856 3254 οὔτε
2887 3207 2987 3253 τῶν
3026 3198 3112 3253 ἐπὶ
3142 3203 3227 3252 σοὶ
3266 3195 3491 3269 ὠδίνων,
3545 3198 3655 3250 οὔτε
3712 3200 3795 3246 τῶν
3832 3204 3917 3263 τρο-

2390 3295 2560 3362 φείων,
2592 3294 2708 3343 οὔτε
2737 3298 2836 3342 τῶν
2878 3288 3043 3342 ἄλλων
3082 3288 3150 3340 ὧν
3206 3287 3401 3362 ἔτυχες
3464 3285 3648 3354 καλῶν,
3706 3278 3913 3339 ἐκπλῆσαι

2387 3376 2482 3431 κᾶν
2524 3382 2737 3432 σεαυτόν
2763 3377 2877 3432 ὅλον
2930 3382 3090 3453 πρόῃ,
3133 3378 3276 3440 ζωῆς
3336 3376 3673 3453 ὀλιγωρήσας.
3724 3374 3777 3424 Τί
3819 3368 3914 3453 γάρ]

2386 3468 2450 3537 εἰ,
2509 3470 2631 3544 ὅπερ
2690 3467 2918 3541 εἴληφας,
2970 3449 3219 3539 ἀποδῷς,
3318 3449 3583 3540 σύμπηξιν
3639 3467 3838 3534 σώματος
3883 3449 3914 3503 έν

2387 3557 2711 3630 σπλάγχνοις
2787 3563 3088 3632 μητρικοίς,
3185 3555 3299 3628 ἅμα
3367 3552 3429 3609 δε
3496 3559 3583 3609 καὶ
3630 3551 3792 3624 ψυχῆς
3824 3545 3916 3617 πρὸς

618 3647 820 3708 tatem,
851 3642 1045 3717 inquit
1077 3644 1209 3714 Job,
1236 3650 1296 3702 et
1321 3661 1703 3719 quaecunque
1727 3647 1848 3704 alia
1877 3647 1979 3705 tibi
2003 3648 2245 3705 nutriun

2304 3667 2345 3724 ρ
2381 3655 2534 3701 τοῦτο
2584 3643 2803 3721 δεσμὸν,
2882 3650 2974 3699 καὶ
3033 3649 3125 3699 σὺν
3180 3646 3377 3718 μόχθῳ
3426 3649 3676 3719 γέννησιν,
3728 3633 3822 3693 Ἰὼϐ
3858 3632 3911 3683 λέ-

618 3732 700 3789 do
731 3749 803 3789 ac
831 3733 1194 3804 adaugendo
1215 3740 1562 3799 evenerunt,
1594 3742 1651 3793 et
1679 3736 1760 3793 ad
1789 3737 1852 3794 id
1889 3737 2079 3795 aetatis
2116 3736 2272 3796 elato

619 3825 913 3894 (occurrat
937 3829 1139 3880 autem
1167 3827 1226 3881 et
1254 3823 1435 3897 longa
1454 3824 1713 3899 felixque
1746 3832 2041 3897 senectus,
2093 3833 2159 3884 ut
2215 3833 2273 3885 et

616 3927 810 3982 mens,
834 3911 1008 3983 juxta
1034 3927 1243 3985 preces
1268 3919 1525 3983 nostras,
1558 3915 1662 3972 tibi
1691 3916 1947 3974 occurrit
1970 3916 2272 3991 profunda

617 4000 1395 4075 etgravis,quidquidtuam
1405 4008 1641 4063 aetatem
1654 4009 1843 4076 decet,
1891 4012 2269 4077 transgresso

615 4096 674 4148 et
712 4090 961 4149 senilem
993 4089 1361 4150 intellectum
1406 4092 1744 4169 dignasque
1795 4113 1938 4154 sene
1961 4096 2268 4167 cogitatio-

614 4196 722 4239 nes
745 4180 807 4237 in
829 4179 1081 4253 juvenili
1110 4180 1291 4239 corde
1339 4185 1629 4257 ponenti).
1678 4185 1736 4243 Si
1785 4185 1965 4257 igitur
2022 4190 2081 4242 et
2115 4186 2268 4243 exis-

614 4270 880 4335 tentiam,
905 4273 962 4327 et
981 4286 1121 4343 quae,
1139 4271 1357 4330 deinde
1385 4272 1489 4330 tibi
1517 4279 1847 4332 evenerunt
1890 4274 2054 4331 bona
2078 4289 2116 4331 a
2139 4290 2267 4332 ma-

612 4365 719 4422 tre.
751 4376 826 4418 ex
851 4360 981 4432 ejus
1029 4361 1186 4418 curis
1241 4367 1297 4419 et
1338 4364 1621 4437 precibus
1667 4364 1974 4437 accepisti,
2013 4363 2162 4435 quid
2209 4369 2266 4422 et

610 4455 909 4524 quantum
937 4465 1050 4522 pro
1077 4451 1170 4507 bis
1194 4452 1477 4510 omnibus
1508 4458 1623 4510 ate
1642 4453 1815 4509 reddi
1844 4456 2165 4525 oporteret,
2198 4458 2265 4511 ut

610 4539 908 4613 quidquid
934 4539 1105 4597 decet
1122 4545 1227 4597 atc
1258 4541 1561 4599 redditum
1574 4540 1760 4598 fuisse
1782 4542 2089 4600 videatur!
2117 4545 2263 4601 Cum

609 4645 733 4687 non
746 4629 961 4703 possis,
977 4629 1367 4704 daquantum
1372 4637 1569 4705 potes,
1583 4631 1875 4688 honorem
1890 4648 2108 4707 nempe
2129 4634 2260 4692 abs~

608 4735 727 4794 que
757 4734 1060 4788 mensura,
1077 4716 1185 4776 sed
1202 4718 2209 4795 quodamexcessusuperadditum
2243 4741 2257 4792 ;

607 4823 732 4882 quo
762 4807 947 4879 magis
975 4807 1139 4865 enim
1166 4807 1362 4880 dabis,
1391 4822 1464 4864 eo
1514 4807 1717 4878 majus
1760 4809 1994 4868 lucrum
2052 4812 2257 4871 facies.

606 4895 1368 4971 Reddasrmatriquidquid
1383 4895 1463 4953 ad
1479 4911 1578 4953 me
1587 4898 1860 4974 pertinet,
1879 4906 1937 4959 et
1960 4901 2261 4977 quidquid

670 5104 675 5105 ί
702 5094 729 5150 t
768 5091 953 5151 Cant.
984 5088 1201 5147 Psalm.
1234 5105 1431 5148 cxvm.
1456 5092 1560 5151 105

672 5093 754 5235 E2;
784 5164 843 5235 Si
864 5178 984 5219 non
1016 5166 1175 5218 totus
1233 5168 1395 5235 esset
1441 5164 1560 5221 Chu

699 5164 754 5230 2)
784 5164 984 5220 Sinon
1016 5166 1175 5218 totus
1233 5168 1390 5221 esset
1441 5164 1770 5224 Chummus
1820 5167 1881 5226 in
1931 5168 2256 5230 Bibliorum

602 5232 966 5318 imitatione,
983 5247 1171 5304 quam
1190 5237 1248 5318 et
1264 5233 1579 5318 hicinesse
1600 5238 1681 5318 o‘b
1711 5239 2081 5318 adjectivum
2099 5244 2255 5318 ἀκρο-

600 5303 1124 5387 τόμσυ,νειιερίοςρι’,“
1154 5304 1266 5387 o‘b.
1299 5303 1570 5387 alterum
1621 5303 1858 5387 ᾁκαρπὶν
1916 5303 2256 5387 suspicarer

600 5374 940 5457 meminisse
973 5374 1279 5457 E‘scnylei
1302 5378 1572 5457 versiculi
1618 5381 1695 5457 in
1723 5374 2256 5457 'Septemtﬁebana

600 5448 677 5504 de
696 5446 1098 5519 Amphiarao:
1130 5446 1343 5501 Βαθεῖαν
1394 5449 1561 5505 οἱλοκα
1617 5449 1713 5506 διὰ
1779 5446 1954 5529 φρενός
2013 5459 2253 5532 καρποῦ·-

597 5536 771 5591 μενος.

536 5614 539 5615 ν
604 5590 745 5672 ((3)
773 5591 1053 5672 Joannes,
1090 5594 1257 5672 puto,
1295 5591 1630 5672 pilumnus,
1656 5595 1772 5672 qui
1806 5596 1916 5672 fuit
1947 5599 2250 5660 cubicula-

593 5661 743 5724 rius.
814 5661 957 5720 Huic
996 5661 1408 5740 parentavisse
1466 5665 1604 5724 vide
1655 5661 1896 5743 Niceph.
1955 5672 2250 5746 Gregoras

2379 3756 2459 3809 ’γει
2488 3736 2592 3809 (6),
2619 3740 2709 3789 καὶ
2739 3734 2900 3789 τᾶλλα
2929 3735 3031 3788 ὅσα
3084 3733 3310 3798 καθεξῆς
3371 3732 3431 3797 ἀς
3485 3732 3735 3793 ἀπήντησε
3780 3739 3911 3798 τριφθ-

2379 3830 2513 3900 μένῳ
2537 3831 2627 3879 καὶ
2658 3825 2978 3898 αὖξανεμένῳ
3012 3829 3102 3878 καὶ
3167 3827 3300 3897 πρὸς
3360 3824 3507 3878 τοῦθ’
3556 3821 3745 3882 ἡλικίας
3787 3812 3909 3869 καλῶς

2380 3913 2649 3973 ἐληλακότι
2678 3914 2995 3987 (ἀπαντήσοι
3046 3910 3106 3967 δὲ
3165 3918 3257 3966 καὶ
3311 3921 3480 3989 γῆρας
3520 3910 3651 3985 βαθύ
3685 3910 3761 3960 καὶ
3807 3907 3907 3969 πῖον,

2379 4007 2449 4067 ὡς
2470 4009 2561 4057 καὶ
2589 4011 2729 4074 νοῦς,
2749 4005 2886 4056 κατὰ
2932 4005 3027 4064 τὰς
3074 4002 3240 4075 εὐχὰς
3291 4004 3465 4076 ἡμῶν,
3506 3999 3752 4060 ἀπήντησε
3784 3989 3909 4066 βαθὺς

2375 4098 2466 4147 καὶ
2531 4093 2729 4160 πολιός,
2810 4096 3003 4155 παντὸς
3072 4091 3454 4165 προανακυψας
3520 4097 3609 4144 τοῦ
3665 4095 3729 4159 τῷ
3775 4082 3905 4156 χρόνῳ

2374 4190 2743 4257 προσήκοντος,
2794 4187 2884 4237 καὶ
2942 4181 3291 4257 πρεσϐυτικὴν
3356 4183 3564 4235 σύνεσιν
3619 4178 3664 4231 ἐν
3710 4171 3901 4266 νεαζούσξ

2375 4275 2476 4336 θεὶς
2498 4268 2699 4350 καρδίᾳ
2735 4277 2826 4326 καὶ
2874 4274 3129 4348 γηραιοὺς
3183 4270 3496 4345 λογισμούς)
3530 4291 3543 4304 ν
3576 4267 3618 4323 εἰ
3668 4264 3810 4319 τοίνυν
3842 4264 3902 4350 καὶ

2373 4365 2440 4415 τὰ
2466 4366 2648 4439 πρῶτα
2678 4382 2764 4416 σοι
2791 4368 2883 4415 τοῦ
2931 4359 3060 4414 εἶναι
3088 4362 3234 4434 παρὰ
3287 4364 3506 4434 μητρός,
3572 4361 3657 4411 καὶ
3709 4356 3765 4407 τὰ
3801 4346 3902 4439 καίε-

2374 4450 2433 4514 Eri
2446 4472 2467 4515 ς
2497 4448 2555 4505 6“:
2580 4457 2670 4506 καὶ
2706 4459 2800 4506 τοῦ
2839 4446 2892 4504 εὖ
2925 4447 3054 4504 εἶναι
3101 4452 3166 4503 τὰ
3218 4453 3309 4524 μὲν
3369 4447 3673 4523 ἐπιμελείαις
3722 4434 3890 4497 συνῆλθε,

2371 4542 2438 4595 τὰ
2468 4538 2519 4595 δ’
2542 4542 2724 4615 εὐχαῖς
2750 4547 3050 4615 μητρικαῖς,
3102 4544 3153 4592 τὶ
3191 4537 3252 4591 ἃν
3305 4544 3399 4592 καὶ
3447 4541 3567 4593 ὅσον
3604 4537 3721 4609 ὑπὶρ
3755 4536 3889 4615 mm?"

2369 4650 2565 4694 τουτων
2588 4627 2821 4693 ἀποδοὺς
2858 4635 2959 4683 πᾶν
2990 4631 3110 4683 ὅσον
3149 4637 3419 4705 προσῆκον
3451 4630 3656 4702 φανείης
3681 4622 3735 4675 ἄν
3766 4606 3898 4705 ἀπθδέε·

2371 4719 2596 4789 δωκώς;
2634 4721 2777 4775 Ἐπεὶ
2817 4717 2875 4773 δὲ
2913 4724 2986 4793 μὴ
3028 4703 3310 4792 ἕχεις,ήδός
3338 4720 3461 4771 ὅσον
3500 4720 3657 4790 ἔχεις,
3686 4712 3816 4784 τιμὴν
3834 4703 3899 4756 τὴν

2368 4815 2440 4886 μὴ
2471 4813 2604 4865 κατὰ
2665 4815 2871 4886 μέτρον,
2924 4808 3032 4862 ἀλλ’
3103 4806 3413 4884 ὑπερϐολαῖς
3471 4826 3581 4861 τισι
3626 4809 3899 4893 προσενηνεγς

2368 4907 2523 4977 μένην
2553 4922 2566 4936 ο
2599 4903 2721 4955 ὅσον
2750 4902 2851 4975 γὰρ
2883 4900 2944 4953 οἷν
2972 4896 3159 4961 δώσεις
3217 4898 3295 4971 (7)
3341 4897 3516 4969 πλέον,
3576 4899 3795 4949 τοσοῦτον
3837 4897 3901 4931 και

2367 5098 2657 5167 oratione,
2685 5094 2858 5172 cujus
2913 5094 3140 5155 lemma
3189 5093 3434 5169 protulit
3471 5087 3758 5151 Fabricius
3791 5073 3897 5137 Bibl.

2366 5174 2459 5231 Gr.
2492 5172 2680 5245 ιηγιι,
2713 5187 2775 5245 p.
2807 5173 2932 5228 643.
3016 5239 3026 5245 _
3082 5239 3093 5245 _
3363 5236 3378 5245 _
3626 5234 3654 5245 η

2436 5244 2511 5317 (4)
2548 5228 2795 5299 νίᾶὶεῑῖιιι
2845 5239 3203 5317 meminisse
3255 5236 3579 5317 verborum
3623 5228 3901 5317 Saloni???

2363 5302 2533 5372 Ριδὸῦσ.
2594 5326 2732 5385 xvii,
2772 5318 2804 5370 6
2868 5327 2882 5369 :
2941 5315 3188 5385 Στόφανος
3241 5313 3496 5385 γερόντων
3548 5322 3693 5361 τικνα
3736 5302 3899 5353 τέκνων,

2361 5389 2623 5462 καῦχημ-οε
2643 5382 2914 5462 δξτέκνων
2951 5382 3170 5462 παέέρες
3198 5382 3399 5462 αὑτῷν..
3476 5450 3487 5460 .

2433 5453 2510 5531 (Β)
2535 5453 2601 5514 Id
2635 5453 3164 5531 adverbiumeste
3197 5453 3548 5511 rarissimis.

2460 5463 2489 5514 5
2535 5463 2601 5514 1d
2635 5463 2994 5514 adverbium
3022 5463 3164 5512 este
3197 5465 3548 5511 rarissunis.

2454 5463 2515 5602 δὲ
2541 5533 2628 5586 An
2659 5527 2797 5586 Job.
2819 5543 2953 5602 Διειηζ,
2994 5529 3017 5581 1
3045 5528 3113 5602 ?_
3143 5601 3147 5602 ν
3367 5593 3401 5602 __
3432 5591 3464 5602 __
3635 5591 3646 5602 ‘
3691 5582 3738 5602 μ,

2454 5533 2515 5602 6)
2541 5533 2628 5586 An
2659 5533 2797 5586 Job.
2831 5543 2953 5596 xw,
2994 5533 3017 5581 t
3045 5533 3074 5583 ‘I
3727 5582 3738 5594 ,

2430 5533 2506 5673 ίτ)
2539 5603 2690 5673 Puto
2719 5598 3029 5673 scripsisse
3080 5592 3252 5673 δείιννς
3286 5591 3763 5673 πιίιιίιηωιιιειηε
3791 5584 3901 5635 ⁰¹¹¹¹¹

2356 5658 2516 5733 esset
2534 5671 2687 5732 inter
2713 5658 2869 5733 duas
2894 5668 3092 5732 malas
3122 5658 3407 5731 lectiones
3447 5658 3788 5738 eligendum.
