4120 6398
226 359 366 417 1489

1642 324 2174 420 τΕεΤΑΜΕΝτυΜ.

3453 368 3595 428 1490

216 481 487 560 κερδανεῖς
529 482 699 539 πλέον.
764 481 1017 537 Ἐνταῦθά
1064 503 1154 557 μοι
1197 487 1417 538 κένωσον
1471 489 1562 538 καὶ
1613 487 1672 537 τὸ
1709 484 1817 558 ἐμοὶ

1931 485 2167 559 utrique
2205 487 2476 559 debetur,
2514 492 2651 563 post
2712 505 2907 547 meam
2947 493 3222 561 mortem,
3261 491 3437 549 matri
3474 497 3592 551 tuae

217 573 512 639 έπιϐοίλλον,
557 577 647 625 καὶ
702 578 802 625 πᾶν
862 576 919 626 τό
982 593 1114 649 προς
1172 572 1513 648 ἀμφοτέρους,
1581 582 1672 626 τοῦ
1725 594 1824 626 πα-

211 665 332 740 τρός
377 662 746 728 ὑπεκστάντος,
801 669 864 735 τῇ
933 668 1097 736 μητρὶ
1144 663 1360 736 πρᾶξον,
1427 664 1821 736 εὐγνωμοσύνην

213 750 484 807 ἀνόθευτον
541 749 624 803 ἐπὶ
677 753 895 818 τούτοις,
955 754 1189 811 ὑπακοὴν
1248 755 1503 829 πρόσθες,
1563 752 1821 828 ἐκπλήρω-

219 861 304 896 σιν
374 840 720 913 ἐνταλμάτων,
779 843 836 892 τό
894 842 1046 894 πάνθ’
1133 842 1336 916 ἕτοιμον
1409 841 1537 896 εἶναι
1589 844 1815 916 τοσαύτη

215 936 308 983 καὶ
364 931 580 1002 τοιαύτη
655 929 876 1002 θεοφιλεῖ
937 935 1100 1004 μητρὶ
1187 933 1494 1004 πειθαρχεῖν
1543 935 1633 983 xui
1671 929 1819 1004 φιλό-

212 1015 396 1083 παιδι,
443 1023 527 1070 σοὶ
567 1025 766 1092 πρῶτον
815 1023 904 1077 τὴν
944 1023 1122 1076 ὄνησιν
1172 1021 1366 1092 ἔχοντα
1416 1019 1666 1078 πλείστην
1730 1024 1820 1071 καὶ

211 1113 494 1183 μεγίστην.
539 1106 704 1160 Καλόν
747 1127 829 1160 σοι
881 1113 971 1160 καὶ
1017 1109 1159 1181 μάλα
1187 1129 1239 1162 τι
1279 1117 1519 1163 συνοῖσον
1559 1108 1819 1163 εὐσέϐειαν

212 1203 476 1272 μητρικήν
558 1196 907 1264 εὐλαϐεῖσθαι,
967 1204 1057 1250 καὶ
1142 1203 1236 1258 τὴν
1294 1200 1484 1259 πολλὴν
1548 1200 1707 1260 αὐτῆς
1771 1198 1819 1252 έν

213 1294 348 1341 πᾶσι
403 1289 701 1360 θεραπεύειν
741 1286 1026 1343 εὐλάϐειαν.
1081 1295 1261 1341 Ταῦτα
1313 1285 1380 1348 δη
1437 1294 1633 1362 πρᾶττε
1665 1310 1677 1321 ·
1729 1293 1819 1341 καὶ

211 1384 322 1438 τοῖς
391 1373 634 1448 ἀδελφοῖς
693 1375 807 1428 ἀντὶ
862 1381 1056 1451 πατρὸς
1106 1381 1215 1448 ἔσο,
1261 1377 1504 1450 φιλόπαις
1559 1380 1688 1451 ὁμοῦ
1725 1383 1816 1430 καὶ

212 1463 538 1540 φιλάδελφος,
615 1465 820 1539 εἰρήνην
900 1471 994 1526 τὴν
1053 1468 1164 1540 μετ’
1247 1467 1415 1520 αύτων
1472 1473 1560 1521 καὶ
1611 1469 1814 1520 πάντων

210 1551 567 1628 μεταδιώκων,
631 1554 839 1626 ἀγάπην
899 1555 946 1608 ἐν
1001 1557 1245 1614 εὐθύτητι
1309 1557 1492 1629 ψυχῆς
1570 1556 1630 1616 ἣν
1686 1561 1815 1618 Θεὸς

211 1643 550 1716 ἕγκελεύεται,
619 1645 1015 1719 ’Υπερηφανείας
1079 1647 1431 1721 ύπερφονητὴς
1477 1649 1611 1711 ἴσθι,
1699 1647 1814 1700 κατ’

211 1729 419 1794 οὐδενός
446 1737 536 1806 μεν
567 1741 668 1785 τῶν
715 1733 898 1796 ἄλλων,
931 1734 1042 1786 κατ’
1088 1733 1252 1796 αύτῆς
1292 1731 1351 1787 δὲ
1375 1740 1464 1787 καὶ
1507 1739 1664 1809 μόνης
1694 1735 1814 1798 ὅλας

211 1824 304 1883 τὰς
353 1823 509 1894 ὀφρῦς
566 1820 863 1894 ἐπηρμένος,
925 1827 1012 1874 καὶ
1072 1827 1302 1895 γενναῖος
1357 1843 1433 1884 τις
1474 1827 1600 1898 πρὸς
1653 1824 1812 1882 αὐτὴν
1845 1861 1889 1916 B

209 1907 290 1962 ἀεὶ
370 1913 841 1985 παρατεταγμένος,
922 1913 1055 1964 ὥστε
1111 1917 1180 1984 μή
1241 1931 1293 1964 τι
1351 1921 1565 1984 φανῆναι
1644 1915 1809 1986 ταύτῃ

211 1995 626 2072 δεδουλωμένος.
658 1996 901 2053 Ἀδικίαν
932 1999 984 2063 ἐξ
1029 2001 1147 2061 ὅλης
1201 2000 1383 2074 ψυχῆς
1436 1999 1812 2076 βδελυξάμενος

205 2092 460 2160 μίσησον.
522 2092 624 2141 Καί
651 2088 724 2160 γ’,
783 2090 832 2141 ἐν
880 2092 1080 2150 τούτοις
1134 2092 1270 2162 ἔχων
1322 2095 1411 2142 καὶ
1465 2093 1809 2160 κατευθύνων,

203 2181 364 2230 πᾶσιν
417 2174 464 2228 ἐν
497 2174 717 2248 ἀγαθοῖς
749 2179 892 2244 ζῆθι,
933 2183 1024 2230 καὶ
1069 2187 1169 2230 τῶν
1211 2186 1302 2231 τού
1359 2187 1587 2252 πονηροῦ
1625 2187 1808 2233 πασῶν

205 2272 460 2337 μηχανῶν
569 2263 818 2338 ἀνῶτερος
911 2271 1000 2318 καὶ
1077 2266 1387 2341 ὑψηλότερος
1489 2272 1807 2342 περισὼζου,

203 2350 370 2427 μηδὲν
415 2360 525 2416 τοῖς
578 2353 738 2406 αὑτοῦ
798 2358 1031 2430 κέντροις
1072 2362 1204 2428 μήτε
1250 2355 1632 2428 πλησσόμενος,
1688 2362 1812 2430 μήτε

204 2441 579 2515 βλαπτόμενος.
633 2442 829 2515 Βλάψοι
871 2463 927 2498 σε
985 2441 1044 2497 δὲ
1101 2450 1192 2498 καὶ
1247 2442 1436 2518 μηδείς
1492 2440 1652 2521 ἔτρος,
1701 2453 1812 2507 ταῖς

205 2530 393 2584 ἐκείνου
425 2528 722 2604 μεθοδείαις
771 2533 846 2602 (1)
905 2538 994 2586 xui
1051 2537 1262 2605 τέχναις
1313 2539 1656 2607 κεχρημένος,
1721 2540 1813 2587 καί

202 2639 263 2692 γε
313 2628 534 2694 φανερῶς
587 2619 928 2673 ἐπιϐουλεύων
991 2623 1019 2682 ᾖ
1097 2621 1300 2694 ἀφανῶς
1357 2621 1622 2696 βλάπτων.
1711 2630 1812 2677 Καί

208 2709 423 2761 ἔντειναι
491 2728 578 2760 και
642 2712 917 2782 κατόρθου,
998 2709 1272 2763 ἐπιϐαίνων
1333 2731 1423 2763 και
1501 2722 1809 2765 καταπατῶν

911 2271 1000 2318 xui
1077 2266 1387 2341 ὑψηλότερος

206 2815 295 2848 και
348 2794 611 2872 δράκοντα
667 2803 758 2872 μὲν
837 2799 1044 2852 σκολιὸν
1102 2801 1284 2854 σκολιά
1338 2821 1424 2854 σοι
1474 2801 1810 2874 σοφιζόμενον

207 2905 296 2937 και
342 2885 664 2957 ἐπινοοῦντα,
722 2887 851 2940 ἀλλά
901 2908 991 2941 και
1032 2889 1209 2942 λέοντα
1255 2891 1329 2959 (2)
1387 2891 1673 2965 ὠρυόμενον
1720 2911 1812 2943 και

204 2975 455 3049 ἅρπαγμα
488 2997 576 3029 και
617 2976 821 3052 βρῶσιν
858 2983 951 3037 την
985 2984 1081 3038 σὴν
1111 2979 1297 3051 ψυχήν
1344 2979 1664 3041 ἐκζητοῡντα
1708 2981 1807 3050 (3).

203 3069 386 3140 Στέργε
443 3085 534 3118 και
586 3068 706 3120 ὅσον
761 3067 948 3140 ἔλαχες
1023 3069 1095 3130 εἰς
1142 3069 1350 3145 κλῆρον,
1402 3072 1546 3144 ἡμῶν
1617 3072 1812 3146 προῖκά

206 3171 290 3205 σοι
348 3172 438 3205 και
508 3156 831 3230 μερισάντων
889 3176 979 3208 και
1045 3156 1223 3220 τελέως
1277 3156 1654 3214 ἀποτισάντων.
1712 3164 1812 3212 Καί

201 3248 295 3292 νῦν
351 3237 410 3294 δὲ
463 3243 756 3296 τελευταῖον
809 3249 966 3318 μέρος
1029 3245 1191 3322 χάριν
1255 3247 1427 3323 ἑτέραν
1485 3247 1775 3321 ἀπειληφὼς
1833 3250 1944 3320 ἔχε,
2011 3250 2312 3318 νομίσματα
2372 3251 2582 3318 χρυσοῦ

203 3337 306 3382 τῶν
338 3332 598 3404 ἡμετέρων
617 3339 868 3385 τοσοῦτον
894 3333 954 3385 ἂν
977 3333 1346 3408 ἀποτιμηθείη,
1377 3334 1589 3408 ἀγαπῶν
1612 3340 1660 3390 έν
1691 3339 1880 3410 τούτῳ.

278 3419 354 3471 Οὐ
415 3425 512 3493 μην
554 3419 663 3473 ἀλλ’
717 3426 1082 3497 ἑπιστρεπτέον
1138 3421 1244 3483 ἠδη
1295 3445 1385 3477 και
1433 3429 1561 3499 πρὸς
1599 3431 1656 3480 σέ
1717 3447 1808 3500 μοι
1839 3428 1880 3483 C

205 3512 294 3562 τόν
325 3505 563 3583 δεύτερον
593 3513 684 3583 μὲν
719 3519 790 3582 τῷ
829 3517 1008 3586 χρόνῳ
1042 3557 1057 3582 ,
1097 3511 1264 3586 μηδὲν
1323 3511 1375 3568 δ’
1422 3517 1576 3573 ἧττον
1625 3515 1810 3590 ἀποφε-

201 3601 415 3672 ρόμενον
477 3607 702 3671 στοργῆς
775 3601 921 3672 ἡμῶν
982 3621 1072 3653 και
1144 3602 1376 3677 φίλτρου,
1458 3603 1548 3657 ἅτε
1597 3600 1664 3664 δὴ
1719 3623 1810 3657 και

199 3682 369 3761 μηδὲν
442 3688 595 3746 ἧττον
648 3697 744 3750 τῆς
787 3699 1044 3763 πατρικῆς
1093 3695 1384 3764 μετέχοντα
1431 3697 1662 3764 σχέσεως
1718 3713 1809 3746 και

196 3784 297 3828 τῶν
361 3779 524 3850 ταύτῃ
579 3782 974 3852 προσηκόντων.
1027 3779 1116 3842 Ὠς
1172 3788 1297 3852 ’γοῦν
1349 3785 1474 3856 πρὸς
1530 3783 1810 3855 ὁμοτίμους

198 3868 341 3927 ὄντος
380 3885 471 3937 μοι
500 3874 593 3920 τοῦ
640 3866 818 3938 λόγου,
871 3873 965 3926 τὴν
1007 3871 1156 3942 ἴσηνξ
1175 3889 1264 3922 και
1309 3874 1440 3944 πρὸς
1489 3869 1811 3946 ἀμφοτέρους

199 3957 490 4026 νουθεσίαν,
551 3959 673 4018 ἴσας
725 3953 785 4010 δὲ
861 3977 950 4009 και
999 3961 1087 4020 τὰς
1150 3959 1310 4031 εὐχὰς
1355 3968 1626 4034 ποιοῦμαι.
1709 3967 1809 4014 Καί

197 4040 458 4116 βούλομαὶ
500 4064 583 4098 σοι
611 4065 700 4098 και
753 4049 1048 4119 ἐπεύχομαι
1094 4049 1194 4100 ὅσα
1225 4046 1292 4108 δὴ
1341 4069 1430 4102 και
1479 4053 1683 4124 εἴρηται
1721 4071 1809 4102 και

195 4140 271 4203 τῷ
334 4136 435 4207 πρὸ
507 4141 602 4186 σοῦ
659 4137 950 4206 γεννηθέντι
1028 4136 1404 4210 συνταξάμενος
1481 4138 1804 4212 ἐπηυξάμην.

202 4226 305 4274 Καί
354 4226 464 4284 εἴης
513 4221 563 4276 ἐν
624 4227 714 4296 μὲν
762 4231 868 4285 τοῖς
911 4223 1088 4288 καλοῖς
1139 4246 1227 4278 και
1295 4225 1531 4300 ἀμείνοσι
1587 4224 1808 4301 μηδενὸς

200 4312 343 4370 ἥττω
385 4318 574 4383 μοῖραν
624 4311 1116 4386 ἀποκεκομισμένος,
1164 4312 1357 4382 void":
1385 4321 1624 4390 χείρονος
1672 4337 1808 4370 παν-

201 4402 296 4462 τὸς
331 4403 439 4462 εἴης
505 4405 772 4476 κρείττων,
830 4400 1051 4476 μηδενός
1097 4409 1350 4478 μετέχων,
1416 4426 1505 4458 και
1546 4426 1603 4459 σε
1648 4411 1809 4460 κακία

196 4485 440 4562 μηδεμία
491 4486 753 4563 μηδαμῶς
785 4495 834 4543 έν
888 4489 1062 4545 οὐδενί
1111 4500 1369 4569 κρατήσοι
1413 4501 1805 4570 χειρωσαμένη,

193 4579 246 4629 ἐν
295 4575 345 4630 δ’
409 4576 616 4652 ἀρεταῖς
691 4580 926 4643 ἀπάσάις
1008 4585 1094 4635 τὸν
1164 4585 1373 4657 εὑρετὴν
1450 4589 1646 4649 ταύτης
1718 4607 1809 4639 και

195 4671 454 4739 σοφιστὴν
509 4674 721 4740 νικῴης,
753 4689 844 4722 και
886 4677 1074 4744 νικῴης
1131 4681 1247 4738 ταῖς
1300 4683 1572 4750 μετρικαίς
1621 4677 1810 4748 εὐχαῖς

193 4757 702 4832 έγκαθωπλισμένος,
781 4779 872 4811 και
919 4764 1051 4834 πρὸς
1129 4764 1219 4824 τὰς
1302 4764 1600 4834 ἐπιϐουλὰς,
1650 4767 1679 4826 ἦ
1735 4763 1808 4819 δι’
1846 4778 1888 4832 ι)

193 4845 380 4899 ἐαυτοῦ
478 4855 570 4900 τοῦ
663 4847 912 4922 πολεμίου
983 4855 1300 4925 πειρωμένου
1378 4854 1407 4912 ἢ
1479 4851 1551 4907 δι’
1628 4855 1808 4928 ἐτέρων

195 4939 608 5008 μηχανωμένου,
679 4935 1047 5012 ἀπερίτρεπτός
1110 4959 1186 5000 τις
1256 4961 1345 4993 και
1413 4947 1658 5016 κραταιὸς
1703 4963 1810 4996 πα-

191 5022 517 5098 ρεμϐάλλων.
596 5025 901 5101 ⁷Επαρίιξει,
993 5024 1046 5080 εὖ
1144 5025 1288 5098 οἶδα,
1376 5035 1577 5107 μητρός
1645 5034 1806 5106 θερμή

191 5116 398 5178 πίστις,
465 5118 594 5167 Θεὸν
655 5115 880 5190 ἰσχυρὸν
919 5135 1010 5168 και
1065 5117 1413 5180 ἐξουσιαστὴν
1461 5125 1595 5174 κατά
1631 5123 1810 5184 πάσης

195 5200 560 5274 ἀντικειμένης
617 5201 886 5276 δυνάμεως
941 5203 1143 5280 ἀρωγόν
1182 5207 1557 5282 ἐπικαλουμένη
1625 5215 1715 5262 καί
1751 5231 1811 5284 γε

192 5295 556 5364 παρεχομένη,
689 5289 757 5352 δὴ
807 5313 898 5345 και
947 5291 1098 5348 οὐδὲν
1156 5297 1320 5359 οὕτως
1360 5294 1513 5356 ἣδιον
1562 5301 1632 5362 ὡς
1698 5302 1812 5363 uio;

196 5503 480 5632 "021%.;
519 5503 802 5580 μεθοὸείας
830 5506 1049 5566 diaboli
1080 5509 1228 5566 dixit
1278 5511 1496 5570 Paulus
1529 5513 1609 5571 ad
1660 5515 1809 5588 Eph.

269 5649 347 5717 (2)
421 5649 636 5707 Psalm.
702 5666 792 5721 XC;
848 5655 909 5709 13
954 5668 967 5708 3
1019 5657 1422 5719 Καταπατὴσεις
1467 5649 1647 5712 λέοντά
1723 5643 1814 5711 και

195 5714 490 5792 δρακοντα.

1930 575 2207 632 tribuas:
2243 579 2538 636 sinceram
2603 580 3051 649 gratitudinem,
3119 596 3228 652 pro
3287 581 3594 640 beneﬁciis

1929 665 2106 721 tantis
2157 667 2562 724 obedientiam
2619 685 2860 742 quoque
2897 669 3112 735 addas,
3156 670 3585 728 mandatorum

1929 753 2420 828 adimpletionem
2449 775 2461 825 ;
2492 757 2552 812 in
2589 758 2873 813 omnibus
2897 762 3074 813 tantm
3098 774 3167 814 ac
3191 759 3312 827 tali,
3347 763 3590 834 tamque

1927 842 2042 916 piae
2080 848 2135 900 et
2168 844 2428 902 ﬁliorum
2455 847 2683 903 amanti
2720 847 2892 902 matri
2921 847 3167 902 obedire
3205 864 3442 921 semper
3475 865 3588 922 pa-

1926 936 2091 988 ratus
2131 934 2231 999 sis,
2271 939 2327 990 et
2359 934 2498 990 inde
2535 935 2857 1008 plurimam
2894 951 2964 992 ac
3002 937 3334 992 maximam
3365 938 3586 995 utilita-

1928 1023 2049 1076 tem
2075 1022 2385 1096 percipies,
2409 1023 2728 1080 Pulchrum
2763 1023 2863 1080 tibi
2899 1024 3258 1080 estetvalde
3285 1026 3424 1081 utile
3460 1043 3589 1083 ma-

1929 1110 2031 1184 tris
2065 1110 2346 1183 pietatem
2382 1113 2672 1183 venerari,
2708 1117 2765 1169 et
2799 1129 2985 1187 quam
3016 1114 3280 1170 maxime
3313 1115 3370 1169 in
3395 1117 3588 1171 omni-

1925 1199 2042 1256 bus
2094 1200 2273 1272 hujus
2301 1203 2696 1258 reverentiam
2752 1219 2983 1259 curare.
3047 1206 3177 1259 Hiec
3215 1205 3392 1275 igitur
3426 1221 3537 1275 age
3571 1223 3586 1262 :

1926 1294 1984 1345 et
2002 1288 2282 1345 fratribus
2310 1291 2388 1346 sis
2413 1307 2523 1362 pro
2547 1297 2714 1363 patre
2747 1311 2760 1348 :
2788 1295 3038 1364 paterno
3067 1292 3244 1347 Simul
3277 1309 3347 1349 ac
3373 1293 3586 1350 frater-

1925 1393 2005 1434 no
2043 1394 2248 1434 amore
2275 1379 2509 1450 plenus,
2540 1395 2755 1451 pacem
2785 1396 2924 1434 cum
2946 1379 3016 1435 iis
3053 1385 3109 1434 et
3135 1396 3275 1436 cum
3297 1382 3585 1438 omnibus

1922 1466 2177 1536 habens,
2207 1467 2635 1540 caritatemque
2672 1484 2808 1524 eam
2846 1468 2906 1523 in
2947 1468 3165 1524 animae
3205 1469 3588 1540 rectitudine,

1923 1559 1988 1612 ut
2017 1555 2188 1626 jubet
2223 1559 2396 1614 Deus.
2427 1556 2783 1629 Superbiam
2808 1561 3184 1624 contemnas,
3210 1563 3416 1612 contra
3438 1559 3584 1615 nihil

1923 1645 2105 1711 aliud,
2144 1650 2352 1700 contra
2385 1660 2520 1701 eam
2561 1661 2701 1702 vero
2737 1645 2927 1701 solam
2980 1649 3100 1701 tota
3137 1646 3455 1718 supercilia
3489 1653 3577 1704 at-

1920 1734 2152 1803 tollens,
2168 1748 2578 1807 generoseque
2593 1735 2652 1790 in
2671 1751 2806 1790 eam
2822 1740 3115 1806 tanquam
3134 1734 3260 1790 acie
3276 1751 3579 1807 pugnans,

1920 1822 2003 1879 ita
2059 1827 2123 1878 ut
2155 1839 2471 1894 nunquam
2524 1823 2572 1879 ei
2613 1824 2832 1879 servire
2869 1823 3146 1879 videaris.
3214 1824 3581 1894 Injustitiam

1919 1916 2043 1968 toto
2073 1911 2251 1967 corde
2287 1911 2668 1968 abominatus
2692 1911 2812 1968 odi.
2844 1913 2977 1968 Haec
3012 1912 3344 1968 observans
3381 1917 3436 1970 et
3476 1914 3580 1970 ad-

1918 2001 2198 2073 implens,
2234 2001 2297 2056 in
2330 2001 2616 2056 omnibus
2654 2001 2827 2057 bonis
2860 2001 3014 2073 vive,
3054 2005 3110 2056 et
3147 2016 3331 2073 supra
3364 2017 3579 2057 omnes

1918 2089 2166 2160 maligni
2179 2089 2480 2146 machinas
2497 2105 2841 2159 assurgens,
2862 2105 2932 2146 ac
2949 2089 3305 2146 excelsiorin
3323 2089 3571 2146 effectus

1919 2183 2056 2246 stes,
2076 2194 2274 2250 neque
2309 2181 2437 2248 ejus
2475 2178 2696 2234 aculeis
2731 2179 2932 2241 laesus,
2958 2193 3157 2251 neque
3187 2178 3358 2234 ictus.
3396 2181 3581 2236 Nemo

1920 2272 2122 2324 autem
2177 2267 2330 2322 alius
2374 2272 2427 2322 te
2477 2267 2676 2332 lzedat,
2707 2267 2878 2324 istius
2906 2267 3060 2322 dolis
3093 2272 3150 2322 et
3181 2266 3410 2322 artibus
3435 2283 3581 2324 usus

1921 2356 2042 2412 sive
2063 2361 2262 2430 aperte
2278 2355 2608 2423 insidietur,
2632 2357 2752 2412 sive
2766 2355 3019 2412 obscure
3036 2354 3351 2411 lmdat.Sed
3366 2355 3581 2414 ﬁrmus

1921 2461 1992 2501 ac
2004 2449 2198 2501 rectus
2216 2460 2484 2508 maneas,
2499 2461 2782 2518 premens
2801 2449 2856 2500 et
2869 2443 3232 2500 conculcans
3248 2444 3577 2502 draconem

1921 2535 2102 2590 istum
2129 2533 2445 2606 obliquum
2508 2533 2753 2606 obliqua
2819 2533 2924 2588 tibi
2980 2532 3386 2589 insinuantem
3445 2549 3585 2590 sua-

1921 2622 2304 2695 dentemque,
2323 2621 2428 2677 sed
2456 2626 2513 2677 et
2539 2621 2774 2678 leonem
2810 2622 3144 2692 rugientem
3170 2624 3228 2676 et
3261 2626 3427 2677 tuam
3454 2623 3582 2678 ani-

1922 2729 2088 2768 mam
2110 2727 2319 2784 rapere
2351 2726 2421 2767 ac
2449 2727 2662 2766 vorare
2689 2715 3078 2783 quaerentem.
3109 2712 3262 2764 Ama
3282 2710 3580 2783 quidquid

1921 2801 1983 2857 in
2019 2799 2428 2856 hmreditatem
2452 2799 2694 2854 sortitus
2724 2815 2785 2853 es
2805 2814 2840 2854 a
2858 2797 3026 2853 nobis
3052 2798 3156 2870 qui
3181 2796 3288 2853 tibi
3305 2797 3364 2852 id
3396 2798 3582 2867 gratis

1921 2888 2359 2962 impertivimus
2393 2892 2450 2943 et
2472 2887 2726 2960 perfecte
2761 2887 3174 2959 rependimus.
3210 2887 3270 2941 Et
3294 2887 3582 2942 nuncult-

1922 2995 2089 3034 mam
2150 2980 2405 3050 partem,
2446 2977 2705 3047 gratiam
2765 2975 3011 3032 alteram
3049 2973 3253 3047 accipe
3291 2989 3360 3030 ac
3396 2973 3582 3030 retine

1922 3081 2206 3124 nummos
2229 3081 2446 3121 aureos
2604 3067 2669 3121 Et
2698 3064 2744 3120 si
2761 3063 2907 3137 quid
2930 3062 3093 3119 aliud
3115 3062 3417 3117 bonorum
3438 3078 3581 3118 nos-

1923 3162 2150 3214 trorum
2186 3155 2328 3212 tanti
2365 3155 2692 3210 mstimetur
2708 3153 2824 3209 hoc
2859 3154 3173 3209 contentus
3199 3151 3300 3207 sis.

3041 3283 3056 3308 ,
3107 3241 3137 3300 ἦ
3201 3242 3246 3293 εἴ
3299 3258 3352 3292 τι
3415 3239 3582 3315 ἕτερον

1992 3423 2106 3481 Sed
2159 3426 2361 3479 tamen
2415 3437 2578 3478 nunc
2631 3424 2867 3493 oportet
2906 3434 3003 3476 me
3041 3418 3120 3476 ad
3187 3422 3244 3475 te
3280 3417 3574 3486 converti;

1917 3513 2021 3587 qui
2047 3511 2193 3568 mihi
2249 3515 2419 3568 astate
2463 3510 2708 3584 quidem
2765 3508 3067 3565 secundus
3125 3523 3212 3574 es,
3275 3522 3400 3563 non
3476 3506 3587 3563 mi-

1917 3620 2030 3659 nus
2084 3606 2287 3658 autem
2369 3600 2700 3656 dilectionis
2763 3603 2819 3655 et
2886 3598 3108 3654 amoris
3177 3611 3214 3653 a
3280 3611 3378 3652 ine
3435 3595 3586 3652 obti-

1917 3709 2046 3757 nes,
2089 3691 2314 3764 quippe
2344 3691 2447 3763 qui
2475 3705 2595 3746 non
2627 3689 2826 3745 minus
2850 3687 3078 3744 habeas
3118 3689 3431 3759 paternam
3461 3685 3578 3740 for-

1919 3798 2083 3838 mam
2105 3785 2161 3836 et
2180 3797 2316 3854 quae
2341 3780 2419 3836 ad
2445 3796 2576 3835 eam
2604 3779 2960 3852 pertineant.
2995 3779 3140 3833 Cum
3169 3775 3350 3845 igitur
3378 3775 3456 3830 ad
3479 3789 3580 3830 eos

1918 3872 2020 3944 qui
2049 3871 2180 3944 pari
2207 3871 2372 3943 apud
2401 3887 2499 3926 me
2525 3867 2738 3925 honori
2769 3872 2928 3934 sunt,
2953 3879 3274 3922 sermonen
3295 3863 3580 3934 habeam,

1918 3961 1996 4018 ad
2044 3966 2366 4032 utrumque
2415 3959 2628 4015 eadem
2665 3957 2913 4014 consilia
2959 3955 3326 4027 easdemque
3361 3968 3572 4028 preces

1917 4049 2194 4120 dirigam,
2221 4065 2290 4105 ac
2312 4049 2414 4106 tibi
2444 4052 2586 4121 opto
2618 4061 2948 4120 percorque
2971 4057 3383 4118 quaecumque
3416 4043 3584 4099 dicta

1920 4143 2060 4194 sunt
2091 4140 2225 4195 etei
2277 4139 2381 4211 qui
2437 4137 2599 4210 prior
2627 4142 2677 4192 te
2715 4135 2948 4205 genitus
2977 4139 3082 4203 est,
3104 4136 3382 4206 precatus
3405 4147 3570 4188 sum.

1918 4233 2120 4300 Neque
2152 4226 2444 4283 minorem
2486 4227 2545 4281 in
2581 4225 2848 4298 pulchris
2883 4222 3183 4294 bonisque
3221 4224 3457 4294 partem
3493 4235 3582 4276 re-

1917 4318 2076 4375 feras
2105 4336 2118 4386 ;
2152 4315 2447 4390 quidquid
2470 4331 2611 4371 vero
2635 4314 2860 4370 malum
2884 4317 2994 4379 est,
3011 4326 3279 4384 superes,
3298 4309 3444 4366 nihil
3468 4308 3585 4366 tale

1917 4408 2247 4481 experiens,
2279 4421 2472 4478 neque
2498 4405 2618 4461 ulla
2641 4403 2869 4460 malitia
2892 4407 2944 4458 te
2967 4402 3165 4457 vincat
3186 4401 3585 4476 domitetque,

1917 4497 1974 4552 in
2005 4497 2286 4552 omnibus
2317 4511 2451 4550 vero
2474 4493 2795 4549 virtutibus
2831 4481 3071 4547 malitiae
3108 4491 3486 4546 inventorem
3522 4493 3585 4545 et

1919 4592 2226 4642 auctorem
2257 4586 2487 4651 vincas,
2522 4588 2578 4640 et
2608 4583 2815 4638 vincas
2838 4581 3046 4637 matris
3075 4579 3354 4652 precibus
3389 4593 3584 4634 arma-

1917 4679 2014 4732 tus
2053 4679 2110 4731 et
2138 4675 2425 4730 adversus
2454 4673 2584 4743 ejus
2619 4669 2895 4740 insidias,
2933 4670 3055 4725 sive
3082 4685 3188 4742 per
3210 4684 3272 4723 se
3302 4667 3582 4722 inimicus

1921 4767 2120 4834 tentet,
2158 4763 2280 4818 sive
2315 4779 2422 4835 per
2458 4760 2608 4818 alios
2645 4759 2895 4816 artificia
2948 4762 3154 4829 struat,
3195 4761 3482 4813 constans
3516 4769 3588 4810 ac

1919 4853 2085 4909 fortis
2128 4851 2404 4908 resistas!
2439 4850 2565 4906 Tibi
2627 4848 3036 4915 auxiliabitur,
3087 4849 3153 4902 ut
3190 4845 3334 4915 scio,
3375 4843 3583 4900 matris

1919 4941 2320 5009 ardenstides,
2338 4940 2524 4996 Deum
2547 4940 2756 4995 fortem
2775 4954 2842 4994 ac
2869 4938 3347 5009 omnipotentem
3365 4931 3575 4990 adver-

1921 5048 2025 5087 sus
2071 5047 2317 5087 omnem
2361 5029 2706 5103 oppositam
2745 5030 3103 5099 potestatem
3133 5021 3585 5095 adjutoremin-

1918 5136 2146 5177 vocans
2175 5126 2232 5176 et
2259 5124 2572 5192 praestans,
2599 5117 2693 5172 cui
2731 5132 2879 5172 sane
2910 5113 3058 5172 nihil
3087 5119 3208 5170 tam
3241 5110 3585 5184 jucundum

1919 5215 2009 5266 est
2025 5225 2214 5282 quam
2252 5209 2413 5265 tilius
2444 5213 2700 5263 matrem
2745 5205 3079 5273 laetiticans,
3112 5208 3172 5258 et
3196 5202 3371 5272 juxta
3393 5198 3586 5272 ipsius

1919 5297 2213 5356 mandata
2250 5299 2406 5355 hanc
2443 5296 2591 5366 legis
2631 5300 2890 5368 partem,
2914 5308 3104 5366 quam
3163 5288 3586 5362 diligentissim

1992 5515 2072 5584 (3)
2133 5513 2548 5587 Petr.,IEpist.
2614 5529 2672 5587 V,
2731 5515 2762 5567 8
2825 5511 2884 5564 Ὀ
2921 5505 3188 5572 ἀντίδικος
3238 5507 3390 5587 ,υμῶν
3463 5499 3584 5587 διάη

1924 5579 2087 5656 ϐολος,
2157 5588 2226 5650 ὡς
2290 5579 2436 5639 λέαιν’
2474 5583 2783 5658 ὠρυόμενος,
2865 5586 3160 5655 περιπατεῖ,
3235 5579 3408 5640 ζητῶν
3469 5580 3589 5629 τίνοι

1924 5661 2180 5709 κατείπω.

1924 5677 2153 5715 καταπιη
2165 5696 2180 5715 ο
