4120 6398
210 368 348 445 1493

1631 347 2158 439 τεειτψβκτυμ.

3436 355 3578 443 iis;

205 490 338 557 ἀλλ’,
364 491 407 543 εἴ
457 508 517 560 γε
554 490 707 561 μόνον
766 488 855 537 καὶ
920 485 1069 557 ἡμεῖς
1131 480 1512 556 βουληθείημεν
1570 476 1655 530 ἐπὶ
1714 482 1804 561 τος]

1918 488 2041 547 quo
2067 475 2359 534 salvatore
2391 484 2448 535 et
2483 478 2675 551 capite
2700 493 2837 533 cum
2866 481 2923 533 te
2978 493 3086 550 per
3148 479 3338 557 totam
3398 477 3579 561 vitam

204 579 366 632 καλοῦ
430 574 655 652 ἑδραίως
709 576 943 640 ἑστάναι,
1002 571 1235 644 φεύξεται
1294 572 1319 622 ό
1369 574 1616 633 Σατανᾶς,
1703 563 1806 617 οἶδ’

206 672 308 736 ὅτι,
344 671 432 719 καὶ
460 668 828 740 ὑποχωρήσει,
886 667 976 714 καὶ
1027 663 1172 734 ἡμῶν
1230 659 1398 712 ὀπίσω
1452 656 1807 728 καθυπαχθὴ-

207 777 358 811 σεται
407 758 538 829 μετά
584 759 820 828 Χριστοῦ
876 756 965 803 καὶ
1011 752 1332 823 τεταγμένων
1399 752 1489 799 καὶ
1565 762 1811 797 συνιστα-

204 828 531 921 μένων,ντοῦ
584 845 671 895 τὸν
710 842 909 914 κόσμον
967 838 1100 906 ὃλον,
1158 858 1248 890 και
1323 836 1483 889 αὐτοῦ
1562 828 1630 891 δὴ
1706 835 1809 921 ,τόν

204 939 459 1010 ἄρχοντα,
527 935 611 984 τὸν
677 933 966 1004 πειραστὴν
1036 935 1236 994 τοῦτον,
1313 928 1654 987 νενικηκότος,
1703 918 1809 992 Ὑφ’

203 1028 244 1097 ᾧ
275 1022 343 1083 δὴ
378 1030 579 1098 σωτῆρι
610 1040 701 1072 και
723 1019 914 1092 κεφαλῇ
943 1037 1033 1070 και
1056 1020 1113 1070 σε
1162 1013 1255 1069 διὰ
1306 1016 1498 1076 παντὸς
1554 1019 1646 1064 τοῦ
1690 1009 1809 1084 βίου

201 1113 605 1168 πεπολιτεῦσθαι
660 1108 761 1181 ἐγὼ
814 1128 903 1159 και
948 1111 1170 1180 νομίσας
1214 1125 1305 1157 και
1350 1101 1640 1178 θαῤῥησας,
1722 1118 1813 1150 και

200 1223 258 1279 γε
321 1206 414 1260 τὴν
454 1202 585 1274 πρὸς
651 1197 805 1250 αὑτὸν
882 1200 1092 1270 πορείαν
1170 1192 1554 1267 ἀμεταστρεπτί
1629 1206 1812 1240 κατευ-

202 1296 387 1357 θύνειν,
417 1307 818 1342 καταπατουντα
847 1289 941 1344 τὴν
999 1291 1091 1336 τοῦ
1154 1303 1245 1335 και
1294 1286 1388 1340 τήν
1442 1279 1617 1355 ἀρχὴν
1667 1275 1808 1330 ἀπα-

199 1385 458 1440 τήσαντος
486 1381 645 1450 ὄφεως
697 1374 915 1448 κεφαλὴν
950 1393 1040 1426 και
1084 1379 1146 1445 τῇ
1223 1378 1314 1423 τοῦ
1366 1368 1520 1433 ξύλου
1578 1365 1812 1449 ἀποπλαέ

199 1473 454 1528 νήσαντος
508 1485 598 1517 και
667 1465 1055 1521 θανατώσαντος
1119 1458 1344 1535 βρώσει,
1404 1477 1496 1509 και
1560 1454 1638 1508 ἀεί
1759 1449 1811 1506 δ’

204 1558 407 1631 ἀπατᾴν
462 1554 510 1608 ἓν
562 1556 821 1614 τοιούτοις
863 1554 1179 1624 πειρωμένου
1224 1554 1445 1624 τρυφαῖς
1526 1566 1617 1597 γαι
1682 1540 1812 1602 ἠδο-

202 1655 314 1709 ναίς
371 1666 458 1698 και
510 1646 688 1703 ἦτταις
743 1649 971 1716 σαρκώς,
1028 1640 1131 1712 ὁρῶ
1183 1658 1240 1690 σε
1274 1644 1361 1688 νῦν
1402 1636 1463 1706 (ὦ
1515 1639 1677 1688 πόσον
1721 1638 1817 1683 και

206 1733 312 1791 οἷον
360 1737 519 1786 κακὸν
588 1732 637 1785 ἐν
689 1738 798 1792 τοῖς
843 1729 984 1803 ἐμοῖς
1043 1725 1322 1800 ὀφθαλμοῖς
1376 1724 1416 1797 l)
1464 1726 1569 1784 τοῖς
1618 1722 1809 1775 ἐκείνου

1918 568 2193 619 acturum
2221 582 2351 622 esse
2384 548 2659 638 putarem
2697 572 2754 622 et
2788 548 3174 633 conﬁderem,
3205 564 3263 622 et
3295 548 3375 622 ad
3437 548 3578 622 eum

1919 658 2258 711 constanter
2313 672 2558 712 cursum
2607 659 2775 712 tuum
2828 655 3218 718 directurum,
3276 660 3579 729 caputque

1918 743 2209 814 serpentis
2244 744 2423 817 hujus
2458 746 2562 819 qui
2614 744 2693 801 ad
2734 744 2904 801 initio
2952 742 3205 817 decepit,
3253 751 3307 799 et
3351 743 3579 800 fructus

1918 834 2283 889 comestione
2331 835 2391 889 in
2454 850 2718 891 errorem
2764 832 2992 890 inducit
3048 833 3410 907 occiditque,
3456 836 3578 891 ten-

1919 925 2122 994 tatque
2192 939 2431 997 semper
2489 929 2546 979 et
2587 923 2814 979 deliciis
2868 928 2925 980 et
3003 922 3415 997 voluptatibus
3522 928 3581 981 et

1918 1011 2115 1066 carnis
2138 1013 2491 1069 remissione
2518 1012 2815 1085 decipere,
2838 1013 3015 1069 video
3028 1017 3082 1068 te
3098 1028 3279 1079 nunc,
3304 1015 3362 1083 (ο
3384 1029 3579 1087 quan-

1920 1104 2046 1156 tum
2078 1105 2135 1156 et
2163 1101 2343 1175 quale
2382 1102 2443 1157 in
2473 1101 2661 1158 oculis
2698 1103 2848 1158 meis
2900 1100 3132 1158 malum
3185 1101 3224 1174 l)
3282 1101 3578 1159 daemonis

1918 1189 2175 1261 pedibus
2207 1190 2524 1246 mortiferis
2546 1189 2962 1247 conculcatum
2991 1196 3048 1247 et
3068 1191 3411 1248 contritum.
3452 1192 3515 1247 Et
3531 1190 3581 1247 si

1918 1278 2046 1350 ipse
2066 1278 2129 1334 in
2159 1279 2379 1335 durum
2394 1278 2659 1353 lapidem
2677 1295 2780 1335 cor
2798 1285 2971 1336 tuum
2988 1285 3343 1337 convertens
3383 1295 3581 1355 neque

1920 1365 2220 1434 affectum,
2258 1383 2454 1442 neque
2485 1367 2903 1424 contritionem
2938 1372 3163 1425 sentias
3196 1373 3317 1426 tota
3380 1374 3581 1425 mente

1920 1461 2025 1511 tua
2054 1455 2306 1529 abrepta
2341 1462 2397 1513 et
2432 1455 2589 1513 male
2646 1457 2922 1529 decepta,
2985 1473 3185 1513 nonne
3239 1455 3579 1529 evigilabis,

1920 1548 1977 1601 et
2034 1544 2326 1616 intelliges
2368 1552 2425 1602 et
2474 1545 2721 1603 rationis
2778 1548 2983 1620 tuique
3029 1547 3226 1619 ipsius
3282 1547 3411 1620 ﬁes,
3474 1548 3581 1621 qui

1920 1635 2121 1691 adhuc
2151 1635 2210 1691 in
2240 1636 2459 1693 teneris
2496 1635 2672 1693 annis
2691 1640 2748 1692 et
2768 1636 2962 1711 prima
2984 1640 3245 1710 posteos
3263 1637 3580 1719 juventute

1920 1725 2219 1797 sapienter
2243 1725 2596 1797 intelligens,
2652 1742 2816 1782 nunc
2881 1742 3024 1783 vero
3076 1722 3382 1783 dementia
3448 1728 3579 1782 cor-‘-

210 1825 395 1896 μᾶλλον
454 1822 879 1895 συμπατούμενον
956 1837 1045 1869 και
1112 1813 1506 1888 συντριϐόμενον
1586 1814 1808 1867 θανατη-

1918 1818 2148 1886 reptus.
2185 1814 2259 1880 et,
2299 1831 2439 1870 cum
2471 1815 2671 1888 potius
2693 1815 3054 1888 oportuisset
3073 1819 3127 1872 te
3158 1808 3245 1872 ab
3301 1808 3582 1887 ignoran-

208 1918 383 1990 φόροις
447 1915 593 1965 ποσί.
665 1913 769 1962 Κᾶν
836 1926 925 1959 και
990 1905 1142 1965 αὐτὸς
1196 1903 1262 1964 εἰς
1323 1901 1546 1975 σκληρόν
1621 1900 1809 1952 ὡσανεί

204 2002 346 2055 λίθον
370 2006 464 2059 τὴν
501 1994 727 2073 καρδίαν
793 1993 1093 2070 μεταϐαλών
1150 1992 1481 2052 ἀναισθήτως
1541 1992 1673 2065 ἔχῃς
1717 1994 1808 2069 τοᾷ

204 2093 404 2151 πάθους
454 2109 543 2140 και
595 2095 685 2147 τῆς
740 2082 1041 2159 συντριϐῆς,
1101 2083 1221 2140 ὅλην
1285 2079 1631 2140 ἀποσυληθεις
1717 2097 1809 2128 και

204 2162 412 2239 κλαπεὶς
431 2183 606 2238 κακῶς
660 2178 754 2232 τὴν
813 2169 1075 2235 διάνοιαν,
1135 2169 1264 2222 ἀλλά
1327 2166 1441 2221 πότ’
1509 2165 1803 2238 ἀνανήψας,

205 2287 295 2318 και
335 2250 594 2323 συνέσεως
619 2282 709 2314 και
766 2258 1032 2331 λογισμῶν
1082 2277 1173 2309 και
1220 2262 1439 2309 σεαυτοῦ
1513 2257 1730 2327 γενήσῃ,
1782 2254 1808 2305 ό

204 2356 475 2413 ἐννηπιοις
513 2349 672 2407 ἔτ’ὣν
734 2348 812 2421 ti)
860 2368 950 2400 και
1025 2346 1089 2421 τῇ
1157 2351 1337 2419 πρώτῃ
1407 2363 1467 2415 γε
1540 2350 1631 2394 και
1697 2340 1805 2416 μετ’

201 2434 362 2502 αὖτὴν
413 2440 593 2513 ἡλικίᾳ
642 2441 832 2498 συνιείς
872 2436 1152 2509 ἐμφρόνως,
1233 2441 1319 2485 νῦν
1397 2426 1450 2485 δ’
1529 2432 1810 2503 ὗποσυρείς

201 2520 316 2594 ¹έάῖς
348 2530 818 2606 ἀφροσύναις,και,
853 2525 936 2577 ὅτε
989 2523 1178 2597 μᾶλλον
1227 2519 1334 2574 εδει
1378 2540 1435 2574 σε
1481 2527 1581 2572 τῶν
1623 2518 1809 2589 ἀγνοη-

205 2622 380 2694 μάτων
444 2616 700 2677 παντελῶς
757 2613 1119 2685 ἀπηλλάχθαι,
1198 2613 1601 2683 νουνεχεστὲρας
1670 2610 1809 2660 ’ἐπι-

209 2708 370 2761 ϐάντα
392 2714 483 2768 τῆς
508 2705 732 2773 ἡλικίας,
761 2707 872 2756 τότε
910 2706 1039 2776 πρὸς
1095 2704 1161 2753 τά
1221 2705 1387 2775 χείρω
1436 2701 1810 2771 μεταστραφείς

209 2797 279 2858 εἰς
338 2795 551 2853 ἐλεεινὴν
611 2798 705 2851 τὴν
770 2791 1123 2866 ταλαιπωρίαν
1179 2791 1261 2859 (2)
1328 2787 1377 2840 ἐν
1443 2793 1515 2857 τῷ
1581 2785 1810 2847 ἀκάνθας

208 2886 505 2959 ἐμπαγῆναί
535 2902 619 2935 σοι
658 2883 724 2933 τὰ
781 2881 945 2952 πικρὰ
997 2883 1183 2953 κέντρα
1237 2883 1329 2929 τοῦ
1377 2883 1654 2951 πονηροῦς
1710 2880 1810 2928 Καὶ

207 2979 308 3049 γὰρ
363 2981 595 3027 τοιοῦτον
655 2974 712 3023 τὸ
776 2967 1020 3021 ἐκκλίνειν
1083 2962 1185 3019 ἀπὸ
1244 2972 1355 3018 ’τῶν
1445 2962 1808 3036 ἐντεταλμένων

210 3062 395 3137 τρίϐων
426 3060 668 3136 ’Χριστοῦ
699 3080 711 3092 ο
757 3066 990 3110 τοιοῦτον
1048 3059 1233 3109 καὶτὸ
1286 3058 1374 3107 τὸν
1433 3054 1593 3125 ζυγόν
1648 3052 1808 3104 αὑτοῦ

212 3151 602 3205 ἆποσείσασθαι
658 3152 748 3200 τὸν
802 3146 1018 3222 ἢαφρόν
1071 3150 1161 3198 καὶ
1226 3147 1467 3218 χρηστόν
1546 3141 1644 3215 (3),
1717 3145 1808 3194 καὶ

208 3244 336 3313 πρὸς
363 3235 578 3300 ἀνοδίας
607 3242 697 3289 καὶ
732 3235 1000 3311 βάραθρα,
1062 3238 1151 3286 καὶ
1208 3235 1455 3293 τὀιαύτας
1511 3230 1807 3303 ἀνωμάλους

204 3335 294 3383 καὶ
324 3333 723 3404 ’προσκόμμασι
763 3322 1160 3392 συνθλιϐούσας,
1219 3318 1564 3395 ἀποδραμεῖν,
1618 3318 1809 3390 ἀφέντα

206 3415 451 3491 βαδίζειν
516 3420 604 3489 μὲν
661 3418 750 3467 καὶ
808 3412 1207 3485 ἐπιπορεύεσθαι
1260 3415 1353 3468 τὴν
1422 3407 1469 3460 ἐν
1550 3407 1810 3480 εὐλογίαις

202 3505 611 3578 ἕπηγγελέμενην
662 3510 761 3574 γῆν
815 3507 905 3554 καὶ
950 3505 1044 3559 την
1106 3497 1181 3553 δι’
1235 3499 1395 3560 αὐτης
1446 3500 1572 3573 πρὸς
1634 3498 1805 3570 παρά-

204 3592 388 3649 δεισαν
441 3595 552 3647 ὅθεν
615 3592 917 3663 ἐξεπέσομεν
973 3592 1252 3664 φέρουσαν,
1304 3590 1487 3639 πατεῖν
1561 3582 1621 3639 δὲ
1712 3588 1806 3643 τὴν

201 3685 427 3744 ἀκάνθας
478 3687 568 3734 καὶ
624 3679 893 3756 τριϐόλους
961 3678 1009 3731 ἓν
1064 3678 1321 3750 κατάραις
1377 3677 1519 3749 φύειν
1581 3670 1805 3727 καταδιε-

202 3774 489 3826 κασθείσαν
522 3772 601 3841 (4)
647 3773 738 3821 καὶ
791 3773 1055 3840 γεωργεῖν.
1106 3765 1222 3819 Ἐτι
1273 3764 1414 3825 ἐλπὶς
1468 3763 1582 3835 ἐμοὶ
1629 3767 1697 3836 μὴ
1754 3766 1808 3813 τί

207 3881 266 3915 σε
290 3864 415 3936 πρὸς
443 3860 584 3920 τέλος
610 3860 700 3919 τὰς
730 3857 813 3910 ἐπὶ
844 3861 930 3909 σοὶ
995 3863 1091 3917 τῆς
1155 3857 1355 3929 μητρὸς
1406 3852 1566 3915 καλὰς
1613 3851 1810 3911 ἐκείνας

210 3947 426 4012 ἐλπίδας
478 3954 858 4020 καταισχῦναι,
918 3949 1009 3997 καὶ
1090 3962 1316 4016 ματαιας
1396 3940 1807 4013 ἀπεληλιγμένας

212 4037 397 4104 δεῖξαι.
442 4062 470 4090 ‹‹
527 4037 913 4112 Ἐπιστράφητε
959 4038 1090 4107 πρὸς
1142 4053 1225 4106 με,
1298 4038 1388 4085 καὶ
1476 4031 1807 4105 ἐπιστραφή-

211 4133 533 4202 σομαιπρός
557 4127 711 4197 ὑμᾶς,
768 4126 904 4196 λέγει
954 4126 1146 4197 Κύριος
1204 4125 1282 4191 (ᾖ)
1340 4143 1353 4156 ο
1406 4143 1432 4171 »
1496 4120 1807 4195 ἐπίστρεψον

206 4222 407 4284 καὶσὺ,
439 4222 530 4269 καὶ
559 4215 850 4287 ἔπιστραφή
863 4217 1010 4265 σεταί
1043 4232 1159 4279 σου,
1189 4217 1281 4264 καὶ
1322 4231 1381 4283 γε
1433 4213 1500 4263 τὰ
1557 4211 1806 4284 συντρίμ-

205 4327 368 4381 ματα,
407 4310 497 4359 καὶ
551 4309 675 4367 τοὺς
731 4302 786 4366 ἐξ
846 4301 1144 4375 ἀφροσύνης
1191 4297 1461 4362 όδωδότας
1520 4302 1611 4351 καὶ
1670 4297 1811 4371 μάλα

204 4417 262 4451 τι
316 4398 789 4468 κατειργασμένους
843 4397 932 4444 καὶ
987 4396 1284 4453 σεσηπότας
1325 4389 1601 4463 μώλωπας,
1672 4388 1808 4452 ἐξιά-

209 4505 359 4540 σεται
387 4502 399 4515 ·
429 4493 537 4546 πῶς
559 4488 651 4536 καὶ
713 4487 831 4534 τίνα
886 4485 1125 4554 τρόπον;
1179 4478 1386 4534 Ἐλαιον
1447 4478 1665 4551 ἐπιχέας
1720 4482 1810 4530 καὶ

206 4576 401 4635 ἐπιθεὶς
451 4568 815 4643 καταδέσμους
861 4570 960 4640 (6),
1009 4575 1197 4642 μηκέτι
1286 4577 1378 4621 τοῦ
1452 4570 1611 4621 καλοῦ
1689 4566 1811 4641 μήτ’

208 4663 654 4730 ἀποσαλευθῆναι,
720 4660 836 4732 μήτ’
892 4660 1043 4719 αῦθις
1096 4656 1479 4733 ἀπορραγῆναι,
1548 4653 1809 4729 μηδαμῶς

208 4753 444 4812 ἀνιέντας
477 4773 488 4784 ·
522 4757 613 4802 καὶ
668 4754 784 4801 τότε
834 4749 900 4799 τὰ
959 4747 1155 4819 ἰάματά
1221 4766 1315 4799 σου
1363 4749 1506 4818 ταχὺ
1560 4745 1808 4808 ἀνατελεῖ,

207 4846 303 4896 καὶ
367 4846 602 4915 πρώῑμον
662 4839 955 4913 ῥαγήσεταί
1018 4856 1102 4888 σοι
1166 4840 1223 4887 τό
1279 4844 1380 4908 φῶς
1443 4836 1520 4907 (7)
1582 4840 1675 4893 τὴν
1722 4834 1809 4885 usu

208 4934 544 5003 κατέχουσαν
613 4930 961 4999 σκοτόμαιναν
1014 4929 1103 4977 καὶ
1176 4923 1345 4996 ἀχλὺν
1418 4923 1538 4981 ὅλην
1606 4919 1808 4975 διωσά-

205 5038 359 5095 μενον
387 5024 477 5072 καὶ
530 5015 862 5081 ἀποτινάξαν,
919 5020 1009 5067 καὶ
1059 5015 1198 5075 ἴασις
1248 5020 1309 5084 τῇ
1378 5021 1443 5086 σῇ
1503 5017 1660 5085 σαρκὶ
1717 5017 1808 5066 καὶ

1920 1902 2276 1981 tialiberari,
2305 1903 2753 1976 prudentiorem
2793 1896 3026 1961 aetatem
3051 1904 3410 1977 ingressum,
3439 1902 3581 1959 tunc

1916 1990 1995 2048 ad
2054 1986 2262 2064 pejora
2323 1992 2383 2047 in
2450 1991 2863 2048 miserandam
2916 1990 3333 2065 infelicemque
3395 1991 3580 2048 vitam

1918 2074 2247 2146 cucurristi,
2286 2080 2433 2135 dum
2462 2085 2530 2136 ut
2544 2080 2732 2153 spinas
2749 2081 2811 2159 in
2829 2085 2882 2136 te
2904 2079 3237 2152 inﬁguntur
3257 2079 3449 2137 amari
3469 2078 3581 2136 ini-

1918 2168 2057 2225 mici
2086 2167 2281 2224 aculei
2312 2168 2340 2224 ‘I
2368 2169 2450 2225 Ea
2479 2169 2638 2225 enim
2660 2174 2891 2225 estsors
2918 2184 3127 2225 eorum
3153 2168 3257 2243 qui
3278 2185 3314 2227 a
3338 2166 3583 2226 Christo

1916 2256 2220 2314 declinant
2254 2276 2272 2329 ;
2309 2258 2412 2331 qui
2429 2258 2649 2329 jugum
2677 2258 2860 2314 Chisti
2885 2258 3012 2315 leve
3047 2274 3120 2314 ac
3170 2273 3354 2314 suave
3405 2246 3584 2315 excu-

1916 2346 2090 2401 tiunt.
2124 2350 2179 2401 et
2204 2345 2281 2401 ad
2301 2346 2464 2402 invia
2498 2353 2556 2403 et
2591 2346 2917 2422 profunda,
2950 2352 3007 2403 et
3040 2345 3414 2404 inordinatas
3472 2345 3582 2403 ob-

1918 2426 2283 2508 staculisque
2304 2434 2550 2492 refertas
2572 2434 2838 2503 semitas,
2853 2436 3186 2503 incurrunt,
3205 2426 3353 2492 dum
3367 2434 3579 2493 ambu-

1914 2522 2038 2578 lare
2060 2527 2117 2579 et
2151 2522 2423 2578 incedere
2453 2523 2514 2578 in
2538 2523 2717 2601 plena
2737 2523 3263 2605 benedictionibus
3314 2527 3473 2585 terra
3524 2514 3583 2581 et

1917 2611 1997 2667 ad
2032 2610 2406 2682 paradisum,
2436 2611 2595 2667 unde
2616 2611 2974 2679 decidimus,
2998 2611 3241 2678 ferente,
3267 2611 3576 2679 deberent,

1916 2699 2274 2756 conculcare
2305 2716 2447 2756 vero
2480 2715 2615 2756 eam
2638 2717 2776 2781 quas
2803 2705 2861 2757 et
2884 2701 3090 2775 spinas
3115 2704 3173 2758 et
3204 2699 3447 2758 aculeos
3516 2699 3579 2756 in

1919 2784 2441 2844 maledictionibus
2465 2789 2708 2859 gignere
2726 2792 2783 2844 et
2806 2788 2958 2845 ferre
2988 2788 3278 2845 damnata
3296 2791 3403 2845 est.
3431 2788 3578 2861 Spes

1917 2874 2116 2933 adhuc
2140 2875 2286 2932 mihi
2324 2880 2411 2931 est
2443 2876 2564 2932 fore
2585 2880 2649 2932 ut
2669 2877 2913 2934 tandem
2932 2892 3056 2933 non
3081 2876 3409 2951 opprobrio
3428 2875 3578 2950 Opti-

1919 2978 2050 3021 mas
2079 2964 2211 3020 illas
2257 2956 2464 3021 matris
2490 2971 2606 3022 tua;
2633 2966 2707 3022 de
2766 2972 2820 3022 te
2861 2982 2997 3040 spes
3050 2967 3251 3023 fallere
3308 2965 3469 3032 velis,
3522 2969 3580 3023 et

1918 3070 2105 3110 vanas
2136 3053 2299 3109 abire
2327 3054 2727 3111 demonstres.
2770 3078 2791 3135 ᾳ
2829 3056 3251 3113 Convertimini
3274 3056 3351 3135 ad
3373 3070 3492 3128 me,
3517 3056 3575 3112 et

1835 3168 1881 3227 ο
1917 3149 2232 3199 convertar
2250 3144 2325 3198 ad
2350 3159 2472 3209 vos,
2496 3143 2639 3201 dicit
2659 3130 2962 3201 Dominus.
2989 3167 3009 3195 ι
3037 3130 3388 3202 Convertere
3411 3150 3468 3202 et
3487 3149 3576 3216 tu,

1917 3238 1974 3288 et
2008 3237 2382 3288 convertetur
2408 3233 2485 3288 ad
2511 3238 2586 3297 te,
2619 3238 2676 3290 et
2735 3234 3118 3291 contritiones
3188 3239 3345 3303 tuas,
3399 3239 3458 3291 et
3502 3249 3576 3290 ex

1918 3320 2221 3377 dementia
2253 3327 2382 3377 orta
2430 3325 2487 3378 et
2533 3322 2829 3395 producta
2881 3328 2939 3379 et
2981 3328 3265 3398 corrupta
3323 3321 3575 3380 vulnera

1918 3410 2191 3466 sanando
2204 3406 2448 3467 auferet.
2471 3411 2788 3477 Quomodo
2802 3413 3238 3470 autem‘lOleum
3250 3411 3577 3470 infundens

1916 3500 2179 3572 desuper
2195 3506 2251 3555 et
2270 3498 2561 3570 ligamina
2579 3500 2919 3573 imponens,
2934 3517 3071 3574 quae
3088 3517 3282 3576 neque
3295 3516 3369 3559 ea
3382 3503 3578 3558 sinent

1915 3594 1951 3645 a
1981 3589 2145 3643 bono
2176 3576 2451 3643 recedere
2482 3595 2586 3644 aut
2616 3604 2857 3645 sursum
2874 3588 3090 3662 frangi.
3114 3595 3195 3647 Ac
3213 3590 3383 3648 brevi
3403 3605 3577 3647 sana-

1913 3677 2002 3734 bit
2029 3682 2104 3743 te,
2137 3683 2193 3732 et
2248 3676 2607 3732 matutinum
2664 3675 2870 3735 lumen
2920 3677 3031 3735 has
3092 3679 3374 3736 tenebras
3438 3692 3575 3751 quas

1916 3781 2077 3822 nunc
2107 3772 2162 3821 te
2184 3765 2707 3837 comprehendunt
2732 3766 2985 3840 franget,
3008 3772 3064 3824 et
3092 3784 3338 3825 omnem
3365 3769 3575 3824 horro-

1916 3871 2042 3911 rem
2073 3853 2313 3927 repellet
2335 3862 2390 3910 et
2414 3854 2777 3924 deturbabit,
2812 3860 2869 3913 et
2892 3858 3125 3914 sanatio
3148 3857 3312 3914 carni
3345 3863 3462 3915 tua;
3517 3862 3575 3915 et

1915 3960 2061 4000 cura
2090 3943 2189 3999 fiet
2215 3944 2455 4000 ossibus
2485 3944 2619 4010 tuis,
2653 3949 2711 4001 et
2744 3945 2958 4002 animm
2987 3952 3101 4003 tua:
3128 3946 3283 4004 dicet
3316 3965 3378 4003 ;‹‹
3404 3947 3575 4005 Salus

1917 4038 2019 4090 tua
2045 4048 2158 4104 ego
2195 4049 2352 4101 sum,
2382 4055 2411 4083 »
2441 4037 2649 4090 eteam
2680 4033 2955 4091 salvabit.
2998 4038 3062 4092 Et
3086 4041 3227 4093 tunc
3243 4052 3376 4105 nos,
3404 4042 3576 4110 pater

1917 4121 2118 4184 simul,
2156 4138 2226 4178 ac
2264 4127 2473 4189 mater,
2505 4122 2690 4178 teneri
2716 4128 2773 4180 et
2808 4123 3004 4193 mites,
3030 4125 3258 4182 nedum
3319 4124 3453 4182 duri
3503 4141 3574 4183 ac

1911 4211 2078 4283 justa
2115 4210 2203 4265 ira
2229 4210 2412 4282 pleni,
2448 4208 2552 4265 ﬁlii
2578 4216 2854 4267 amantes
2885 4211 3108 4269 erimus
3137 4228 3152 4283 ;
3184 4218 3242 4270 et
3265 4213 3432 4287 quod
3494 4213 3576 4271 ad

1918 4302 1972 4355 te
2001 4305 2247 4371 spectat,
2271 4297 2423 4354 bene
2461 4300 2876 4371 paenitentiam
2909 4306 3185 4371 agentem
3217 4308 3273 4359 et
3293 4303 3371 4359 ad
3410 4298 3576 4377 prioi

1918 4405 2045 4446 rem
2077 4392 2317 4462 Deoque
2352 4387 2631 4445 dilectam
2693 4388 2875 4446 vitam
2926 4391 3301 4459 redeuntem,
3326 4390 3576 4467 providi

1842 4519 1889 4576 Β
1919 4478 2167 4547 erimus,
2199 4492 2272 4533 ne
2286 4493 2491 4534 eorum
2506 4494 2644 4550 quae
2658 4477 2737 4534 ad
2750 4494 2995 4536 cursum
3011 4481 3328 4538 conferunt
3341 4481 3575 4538 defectu

1857 4562 1887 4644 έ
1919 4566 2218 4638 dejiciaris
2243 4568 2299 4622 et
2322 4566 2597 4622 indolens
2627 4567 2930 4641 ofﬁciique
2959 4568 3298 4642 despiciens
3337 4562 3450 4628 tias
3478 4588 3491 4638 ;
3520 4562 3577 4628 et

1921 4656 2326 4713 concedemus
2363 4656 2525 4729 quod
2557 4657 2661 4713 tibi
2698 4656 2969 4715 sufﬁcere
3013 4660 3224 4734 possit,
3251 4654 3574 4734 "quatuor-‘-

1922 4746 2119 4801 decim
2150 4761 2369 4817 nempe
2401 4745 2532 4801 auri
2569 4745 2815 4815 talenta,
2854 4746 3008 4804 mille
3046 4765 3262 4806 aureos
3290 4752 3577 4806 nummos

1921 4832 2326 4906 adaequantia.
2348 4833 2601 4889 Tantam
2625 4833 2804 4905 igitur
2826 4835 3084 4893 dicimus
3106 4836 3231 4894 fore
3259 4842 3427 4895 tuam
3441 4852 3577 4910 par-

1921 4929 2060 4991 tem,
2086 4921 2133 4977 si
2151 4927 2205 4977 te
2221 4921 2452 4977 bonum
2474 4923 2858 4981 converteris.

1865 5011 2129 5085 ἓπιμελεια
2183 5016 2466 5082 γενώσεται
2530 5017 2635 5072 τοῖς
2690 5015 2886 5074 ὀστέοις
2941 5015 3038 5084 (8),
3092 5019 3183 5068 καὶ
3259 5022 3322 5088 τῇ
3414 5014 3572 5090 ψυχῇ

209 5128 309 5163 σου
362 5112 623 5183 προσερεῖ,
682 5127 702 5155 ε
766 5109 1005 5178 Σωτηρία
1054 5106 1148 5155 σου
1202 5102 1310 5173 εἰμι
1356 5099 1455 5172 ἐγώ
1531 5104 1632 5170 (9),
1690 5124 1718 5151 ››
1786 5108 1877 5156 καὶ
1944 5105 2184 5161 σεσωκὼς
2255 5100 2417 5159 αὐτὴν
2488 5103 2662 5157 ἔσται.
2743 5106 2845 5155 Καὶ
2925 5107 3093 5156 τοίνυν
3163 5106 3329 5177 ἡμεῖς,
3401 5109 3573 5180 πατὴρ

285 5251 361 5323 (t)
389 5247 619 5323 Legend
629 5263 731 5302 um
760 5244 972 5323 forsan
986 5244 1132 5299 ἑτῶν.

286 5316 618 5395 (2)Videtur
639 5316 911 5395 nonnihil
937 5316 1167 5395 deesse.
1190 5390 1215 5395 η
1301 5389 1310 5395 ⁸
1479 5370 1484 5375 .

288 5388 358 5458 (3)
390 5390 587 5450 Matth.
622 5404 696 5446 x1.
729 5390 843 5460 3Q:
926 5393 969 5439 ο
1025 5390 1126 5460 γὰρ
1188 5389 1341 5460 ζυγός
1388 5405 1487 5459 μου
1546 5388 1808 5459 χρηστὸς,

214 5469 308 5518 καὶ
332 5484 387 5517 το
420 5466 627 5538 φορτίον
653 5480 753 5534 μου
776 5458 989 5538 ἐλαφρόν
1012 5458 1169 5516 ἐστιν,

286 5537 367 5608 (4)
393 5525 601 5591 Cenes.
634 5525 712 5602 lit,
785 5536 843 5608 l7
874 5525 1436 5608 t'_'Entxardpmro§_ﬁ
1494 5534 1562 5597 γῆ
1600 5525 1660 5608 ’ἓν
1710 5534 1816 5608 τοῖς

209 5596 384 5682 ἔργοίς
452 5624 549 5659 σου
620 5596 709 5659 ..ξ
791 5600 1014 5663 ἀκάνθας
1077 5606 1165 5653 καὶ
1212 5596 1516 5665 ’τριϐόλους
1591 5596 1817 5651 ἀνατελεί

212 5698 324 5747 σοι,

2017 5248 2071 5311 5)
2111 5243 2357 5299 Zachar.
2394 5259 2432 5299 ι.
2452 5245 2505 5307 3,

2018 5314 2253 5395 6)_Lu§.
2323 5331 2381 5385 Χ,
2438 5317 2569 5395 34.:
2627 5311 2902 5375 Κατεδησε
2965 5319 3033 5371 τὰ
3080 5319 3358 5395 τραύματα
3414 5319 3576 5374 αὐτοῦ

1924 5381 2152 5458 ἐπιχέων
2188 5385 2353 5438 ἔλαιον
2366 5381 2464 5437 καὶ
2489 5381 2642 5440 οἶνον.

1994 5461 2069 5527 (7)
2098 5457 2231 5513 lsai.
2262 5473 2390 5522 Lvn,
2414 5459 2467 5513 8.

1996 5530 2075 5599 (8)
2105 5528 2379 5584 Proverb.
2418 5543 2496 5595 ιιι,
2521 5530 2574 5591 8,

1996 5598 2066 5669 ('9)
2090 5598 2307 5665 Psalm.
2328 5614 2528 5665 xxxm,
2557 5601 2611 5655 3.
