2060 3201
310 189 379 217 1495

987 182 1176 213 NICEPHORI
1187 181 1319 211 CHUMNI

1905 188 1913 214 l
1918 188 1956 216 496

309 250 376 287 ὁμοῦ
388 251 433 276 καὶ
443 251 542 286 μήτηρ,
555 249 600 275 καὶ
610 247 665 284 μετ’
677 247 720 285 ἑμὶ
736 246 811 281 αὖθις
833 250 934 286 μήτηρ,
956 247 1095 284 μειλίχιοι,
1118 248 1270 283 προσηνεῖς,
1300 244 1356 271 ἀντὶ
1383 248 1431 276 τῆς
1456 247 1501 271 νῦν
1527 244 1683 277 έπιπλήξεως
1704 255 1747 272 και
1767 244 1863 279 δικαίας
1887 249 1956 285 ὀργῆς,

310 293 437 332 φιλόπαιδ
439 304 464 325 ες
478 293 591 330 ἐσόμεθα
604 303 649 319 και
660 295 688 319 τὸ
703 293 744 320 ἐπὶ
757 295 808 329 σοί,
824 293 906 324 καλῶς
916 293 1088 330 μετεγνωκότι
1100 300 1146 317 και
1164 291 1227 327 πρὸς
1246 291 1293 319 τὴν
1312 292 1402 327 πρώην
1415 289 1546 317 πολιτείαν
1559 292 1606 320 τὴν
1617 300 1662 317 και
1675 294 1730 326 Θεῷ
1755 291 1824 327 φίλην
1844 292 1956 327 ἐπανιόντι,

310 339 339 367 οὗ
367 341 418 376 μὴν
446 338 509 365 ἄλλα
533 348 578 365 και
603 339 758 376 προμηθεῖς,
794 340 834 365 ἳνα
861 341 897 375 μή
927 342 958 368 τῆ
988 335 1098 372 ἐκλείψει
1124 339 1174 362 τῶν
1202 336 1381 362 συντεινόντων
1391 336 1456 372 πρὸς
1471 336 1514 361 τὸν
1528 333 1626 373 δρόμον
1642 335 1736 371 ἐγκοπὴ
1754 345 1794 362 σοι
1819 338 1904 372 γένοιτο
1923 339 1957 364 κὰὶ

309 385 438 422 ῥᾳθυμία,
461 393 506 409 και
529 393 559 419 γε
587 383 633 409 ras
662 382 872 419 σπουδασματος
888 383 1021 420 ὀλιγωρία,
1034 391 1079 408 και
1093 382 1281 417 χορηγήσομιν
1312 377 1345 408 δὴ
1378 380 1407 405 τὸ
1437 378 1563 415 ἀποχρῶν
1593 380 1724 413 καθάπαξ,
1749 385 1846 417 χρυσοῦ
1875 380 1955 412 δηλαδὴ

310 428 423 456 τάλαντα
437 429 549 464 τέτταρα
558 428 603 453 κᾶι
619 425 636 454 δ
638 429 694 462 έκα,
705 427 800 463 χιλίων
812 427 993 464 ἀπαρίθμησιν
1005 426 1173 462 νομισμάτων
1185 422 1202 451 δ
1204 423 1325 453 ηλοῡντα.
1338 427 1468 451 Τοσοῦτον
1481 425 1530 461 γὰρ
1543 434 1623 462 φαμεν
1635 423 1699 452 εἶναι
1708 435 1752 451 και
1762 427 1790 452 τὸ
1805 425 1917 454 ἐπιϐάλλον
1927 437 1956 454 σοι

312 475 389 510 μέρος
405 472 455 508 (ιι),
473 472 495 498 ἐν
513 472 654 508 ἐπιστροφῇ
678 470 799 500 δηλονότι
809 476 854 498 τοῦ
870 472 949 498 καλοῦ
960 473 1088 507 γεγονότι.

347 519 384 545 Te
398 525 479 551 vero,
495 517 635 544 ultimum
647 519 675 544 et
687 517 844 553 reliquum,
857 518 888 544 ut
901 516 1049 550 dicebam,
1061 523 1139 542 meo~

312 570 382 590 rum
392 561 534 595 ﬁliorum,
544 561 697 589 Nicolaum
710 561 925 594 meum,nescio
934 568 1001 596 qum
1009 559 1141 595 etqualis

313 609 340 635 te
354 608 475 635 maneat
488 606 617 640 fortuna,
634 606 685 633 ubi
703 606 763 633 vita
776 614 843 633 mea
864 606 957 633 fracta
975 605 1038 638 erit,
1071 613 1139 632 cum

314 652 391 681 adeo
409 651 589 687 imperfectae
604 650 698 678 aetatis
715 650 765 685 sis,
781 659 879 686 neque
908 649 1140 678 adolescentiam

313 696 489 724 absolveris.
498 696 635 730 Magnam
642 703 712 722 vero
719 695 860 722 ﬁduciam
870 697 1010 730 praestant
1017 701 1141 729 eamque

312 740 444 768 validam
460 739 503 767 tui
517 747 628 773 mores,
649 739 714 774 jam
743 739 782 767 ad
811 738 923 766 bellum
952 738 1076 766 accincti
1107 745 1141 765 ac

313 785 410 814 bonas
422 792 490 820 spes
503 784 591 811 nobis
603 784 724 819 polliciti
742 793 750 819 ,'
764 783 868 811 incutit
885 791 955 811 vero
969 783 1041 810 mihi
1055 782 1141 810 timo-

314 838 377 858 rem
390 837 473 857 mors
483 828 661 865 plerumque
671 828 1065 864 improvisasuperveniens,
1073 834 1141 854 cum

313 882 412 911 neque
428 874 509 902 diem
524 873 688 901 crastinam
702 873 799 900 videre
807 873 988 900 certisimus.
998 871 1054 900 Sed
1063 871 1091 899 id
1104 872 1142 899 ad

314 927 362 947 me
378 919 480 947 attinet
495 918 563 952 ,sed
586 920 614 945 et
629 919 787 945 tuatenera
795 920 920 945 eetasme
928 917 965 944 ad
975 916 1142 944 timendum

313 964 437 996 inducit,
454 971 521 999 quae
532 962 669 990 nondum
689 970 735 989 res
764 961 842 989 valet
868 961 1003 997 accipere
1032 967 1143 996 easque

315 1016 417 1048 gerere
434 1016 441 1041 ;
461 1007 551 1036 timeo
563 1015 601 1035 ne
612 1007 695 1042 forte,
714 1015 783 1034 cum
795 1007 835 1033 sis
848 1007 960 1042 junior,
987 1008 1070 1041 patre
1091 1008 1142 1033 tuo

313 1054 442 1087 mortuo,
451 1059 541 1079 nemo
553 1053 578 1079 te
589 1053 920 1087 protegatmanumque
933 1050 984 1078 tibi
999 1051 1143 1086 porrigat,

314 1099 341 1125 te
355 1097 394 1125 ad
403 1096 528 1126 meliora
546 1096 646 1123 verbis
661 1098 689 1123 et
701 1095 846 1131 exemplis
856 1095 1001 1122 ducturus
1015 1104 1021 1128 ;
1039 1103 1073 1122 ac
1095 1095 1145 1122 de-

314 1142 384 1170 inde
399 1150 436 1170 ne
450 1143 513 1169 tam
526 1141 615 1168 honre
627 1140 738 1168 indolis
746 1139 948 1175 nihiljamtibi
960 1139 1098 1175 supersit,
1119 1140 1144 1167 si

314 1186 439 1217 inimica
451 1186 571 1214 fortuna
582 1184 721 1213 ﬂuctibus
731 1184 848 1212 latuerit
857 1184 1037 1220 dmmonque
1047 1184 1144 1211 malus

313 1233 342 1260 te
354 1230 517 1259 tentaverit.

313 1276 388 1303 πλέον
443 1275 525 1309 ἔσται,
580 1273 724 1311 δυσμενοῦς
770 1275 857 1310 τύχης
908 1273 1125 1312 ἐναποκρυϐείσης

313 1331 362 1351 νος.

350 1365 406 1395 Sed
421 1365 496 1402 quid
506 1364 579 1392 mihi
589 1364 653 1392 haec
660 1365 728 1392 sunt
744 1364 757 1392 ?
770 1364 813 1392 Sis
828 1363 996 1392 misericors
1008 1371 1042 1391 ac
1053 1363 1130 1391 bene

312 1411 406 1444 volus,
426 1410 478 1446 qui
494 1409 616 1437 multam
631 1409 661 1437 in
680 1409 791 1437 Christo
806 1409 945 1436 virtutem
964 1416 999 1436 ac
1031 1411 1139 1444 poten-

312 1455 386 1483 tiam
400 1454 528 1490 adeptus
540 1453 684 1487 es,multa
700 1455 865 1487 unguenta,
877 1451 1139 1486 multasmiraeula,

314 1501 415 1527 sancte
431 1506 466 1527 ac
481 1506 591 1533 magne
605 1497 732 1531 Nicolae,
743 1496 1063 1531 indigentium‘ardens
1074 1504 1140 1533 pro-

313 1546 415 1578 tector,
428 1543 468 1572 ad
483 1551 574 1579 quem
590 1551 646 1578 ego
666 1550 768 1570 meum
786 1542 1015 1570 dilectissimum
1046 1541 1141 1570 tilium

313 1588 420 1619 ferens,
456 1596 471 1615 e
505 1587 649 1615 maternis
681 1586 847 1615 visceribus
883 1588 1028 1622 ereptum,
1061 1594 1141 1613 com-

312 1632 381 1660 misi
393 1634 422 1660 et
435 1631 607 1659 consecravi
622 1641 630 1667 ς
646 1633 673 1659 et
686 1631 815 1659 multum
829 1631 896 1658 ideo
908 1630 1025 1658 ﬁduciae
1036 1630 1140 1663 habui,

313 1677 397 1714 quod
410 1676 493 1713 prius
503 1676 644 1704 maxima
658 1684 693 1704 ac
704 1675 813 1704 deinde
828 1677 884 1704 tuae
897 1683 967 1711 erga
983 1683 1031 1702 me
1055 1674 1142 1702 boni-

315 1721 381 1749 tatis
397 1721 649 1758 protectionisque
664 1719 836 1749 testimonia
846 1719 941 1753 retuli,
968 1719 1021 1747 etsi
1046 1720 1143 1753 ingra-

313 1768 361 1794 tus
380 1766 444 1802 ipse
460 1765 612 1793 miraculis
632 1765 713 1792 visus
725 1772 802 1799 sum,
832 1764 872 1792 ita
894 1767 928 1792 ut
947 1764 1143 1792 metuendum

313 1810 414 1846 potius
423 1810 550 1844 mihisit,
560 1817 597 1837 ne
608 1817 677 1837 mea
687 1808 828 1846 improba
838 1811 864 1837 et
877 1817 968 1845 prava
980 1809 1040 1837 vita
1067 1808 1145 1836 ﬁlius

314 1863 376 1883 non
391 1855 422 1883 in
436 1855 551 1883 bonum
568 1857 679 1883 utatur.
698 1854 778 1882 Unde
792 1856 821 1882 et
833 1862 850 1881 a
862 1862 908 1881 me
921 1854 967 1882 ille
979 1854 1145 1889 sejunctus,

315 1902 344 1928 et
358 1902 410 1928 tua
425 1899 491 1928 sola
510 1899 692 1935 protectione
708 1899 863 1927 conﬁdens
878 1907 912 1927 ac
929 1899 1030 1927 vivens
1041 1902 1145 1935 etope-

314 1953 396 1979 rans,
412 1944 536 1973 meliora
553 1944 647 1972 multo
661 1952 752 1980 quam
770 1952 824 1980 pro
840 1944 949 1972 nostris
962 1944 1101 1980 precibus
1112 1952 1146 1972 ac

315 1989 467 2018 voluntate
482 1989 596 2017 referet.
614 1990 694 2016 Tunc
709 1989 808 2023 igitur,
828 1989 879 2025 qui
900 1997 969 2016 eum
986 1989 1039 2016 tibi
1053 1989 1147 2016 infan-

315 2035 411 2063 tulum
426 2037 459 2062 ut
477 2042 597 2062 servum
613 2034 774 2070 acceperis,
786 2037 813 2062 et
829 2042 920 2067 nunc,
937 2037 968 2062 ut
979 2035 1020 2062 ita
1035 2034 1145 2068 dicam,

315 2082 367 2108 tua
382 2079 479 2115 gratia
497 2079 603 2107 emeris
617 2081 645 2106 et
660 2087 678 2106 a
706 2079 794 2107 nobis
826 2079 969 2107 traditum
994 2078 1146 2111 habueris,

316 2123 428 2160 adjuva
446 2131 516 2152 eum
531 2123 663 2151 etlibera
676 2123 714 2151 ab
731 2123 873 2151 omnibus
887 2122 1016 2155 insidiis,
1030 2123 1148 2158 tuisque

314 2168 369 2197 alis
384 2176 453 2196 eum
464 2167 661 2200 obumbrans,
672 2169 699 2196 ei
713 2168 847 2204 requiem
858 2167 996 2203 praebeas
1013 2166 1077 2194 sole
1088 2166 1148 2194 diei

316 2214 394 2246 usto,
412 2214 440 2240 et
450 2212 564 2248 sagittis
578 2213 609 2241 in
622 2213 670 2241 die
698 2212 870 2241 volantibus
898 2211 1070 2241 vulnerato.
1097 2219 1148 2239 ne-

316 2265 376 2295 que
386 2257 541 2294 permittas
555 2266 625 2287 eum
639 2257 713 2286 luna
728 2265 781 2294 per
797 2259 918 2285 noctem
932 2259 983 2284 aut
996 2264 1013 2284 a
1043 2257 1148 2285 timore

317 2306 463 2332 nocturno
472 2307 501 2332 et
509 2312 527 2332 a
538 2303 673 2341 qualibet
685 2311 717 2331 re
725 2301 958 2340 perambulante
970 2311 999 2330 ιιι
1017 2303 1147 2331 tenebris

318 2348 432 2376 turbari
450 2350 480 2377 et
488 2349 567 2384 capi.
584 2349 616 2376 Et
629 2347 688 2376 hoc
707 2347 800 2375 modo
821 2354 889 2374 eum
907 2346 946 2374 ab
962 2348 1045 2375 omni
1063 2347 1146 2375 malo

316 2392 484 2421 immunem
495 2400 605 2427 serves,
617 2392 711 2419 vitam
723 2391 788 2426 ejus
798 2391 828 2418 in
836 2391 923 2418 bonis
932 2391 1054 2426 dirigas,
1066 2399 1148 2419 eum-

317 2445 376 2474 que
390 2440 538 2474 quantum
552 2436 620 2464 licet
630 2435 787 2463 defendas.
808 2435 919 2463 Deinde
933 2436 973 2463 ita
1003 2443 1056 2471 per
1081 2444 1147 2463 om-

316 2490 388 2510 nem
402 2482 543 2510 virtutem
558 2480 694 2511 ductum,
711 2481 739 2507 te
755 2479 841 2514 ducc,
859 2482 887 2507 et
901 2480 1024 2507 ductore
1039 2483 1066 2507 et
1082 2488 1148 2516 pro—

317 2529 438 2559 tectore,
461 2525 577 2553 Christo
589 2526 783 2560 repraesentes
797 2524 827 2551 in
841 2527 986 2552 reternum
999 2525 1150 2552 exsultan-

317 2572 378 2599 tem
393 2572 422 2598 et
433 2575 571 2605 superare
587 2567 779 2596 beatitudinis
795 2568 947 2596 haeredem
974 2569 1147 2597 constituas.

358 2657 483 2693 (Ι)1.υο,
500 2665 554 2695 -Χῖ,
583 2657 614 2684 12
641 2665 647 2684 :
675 2658 769 2695 Πάτερ,
802 2655 846 2687 δός
877 2667 922 2693 μοι
953 2659 981 2683 τό
1015 2656 1149 2683 ἐπιϐάλλον

317 2695 400 2731 μέρος
411 2697 467 2731 τῆς
477 2693 578 2731 “ris:-

359 2728 410 2765 (2).
436 2728 545 2756 Nicolai
577 2728 628 2756 ﬁlii
652 2731 807 2764 patronus,
838 2737 929 2765 quem
952 2728 1071 2765 invocat
1104 2728 1149 2764 pic

319 2764 463 2799 Chumys,
481 2765 508 2792 S.
530 2765 844 2805 Nicolails,'1_tt_y_rorum
859 2764 889 2805 in
920 2764 1007 2805 Ln__e_ia
1031 2764 1149 2800 cpisco—

318 2807 388 2840 pus,
401 2800 633 2840 cognominatus
654 2800 707 2840 fuit
722 2799 900 2840 mxrqblytes
911 2808 945 2840 ac
955 2799 1149 2840 'l‘liauinatur-

320 2834 387 2870 ius.
400 2836 438 2862 De
453 2843 488 2864 eo
502 2839 598 2865 exstat
618 2834 770 2872 Leduienti
796 2834 965 2863 Dissertatio
989 2834 1020 2863 id
1051 2836 1147 2863 Conti~

1157 517 1179 542 Λ
1233 516 1262 541 Σὲ
1295 513 1325 542 δὲ
1348 516 1393 542 τὸν
1419 515 1532 553 ὔστατὸν
1558 525 1603 552 μοι
1633 525 1679 542 και
1706 515 1803 549 λοιπὸν,
1834 517 1885 554 ὅπερ
1903 516 1954 553 iam,

1196 563 1246 585 τῶν
1269 558 1382 594 παίδων,
1414 561 1458 586 τὸν
1482 559 1540 596 ἐμὸν
1567 560 1704 593 Νικόλαον,
1733 560 1780 587 οὐκ
1799 559 1856 587 οἶδα
1884 563 1915 593 τίς
1932 561 1953 587 (iw

1197 614 1241 630 και
1256 606 1320 630 ποία
1347 603 1508 635 ὑποδέξηται
1533 606 1616 641 τύχη,
1648 609 1696 636 τῆς
1725 607 1793 638 ζωῆς
1812 605 1949 642 ἔμοίτμηθιί-

1199 659 1258 684 σης,
1288 648 1313 675 ἓν
1341 648 1421 679 οὓτως
1446 648 1530 676 ἀτελεῖ
1558 659 1602 676 σοι
1627 651 1800 678 καθεστηκότι
1826 654 1854 686 τῇ
1883 650 1948 686 ἡλικίᾳ,

1197 703 1243 720 και
1275 695 1352 730 μήπω
1385 696 1432 723 τὴν
1475 696 1629 731 μειρακικῖμι
1663 693 1860 730 παραμείψαντι.
1884 692 1954 721 Attium

1197 740 1242 776 μὲν
1263 740 1314 775 γὰρ
1340 738 1441 776 θαρῥεῖν
1470 749 1514 765 και
1539 738 1621 766 πολλὰ
1648 737 1747 766 δίδωσι
1776 739 1868 777 θαρῥεῖν
1887 740 1897 765 ὁ
1916 741 1956 775 τρό-

1196 793 1253 815 πος,
1282 784 1531 822 παραγνμνούμινος
1556 782 1610 813 ἤδη
1654 794 1698 810 και
1738 785 1783 815 τὰς
1818 786 1958 821 χρηστοτέρίς

1197 829 1260 866 ἡμῖν
1274 830 1478 865 μνηστευόμενος
1499 832 1548 855 ’ὢν
1578 827 1690 855 ἐλπίδων
1721 837 1728 844 ·
1757 828 1825 865 φοϐεῖ
1850 827 1876 855 δέ
1899 838 1922 865 μι
1939 830 1959 854 τὸ

1198 877 1243 901 τοῦ
1265 874 1376 900 θανάτου
1403 872 1556 911 ἆπροόπτως
1584 874 1617 900 τὰ
1648 873 1731 900 πολλὰ
1756 872 1832 907 ἐπιὸν,
1858 883 1894 900 και
1913 871 1961 909 μηῶ

1198 920 1257 955 περί
1281 922 1326 948 τῆς
1353 919 1442 956 αὔριον
1483 916 1618 954 μηδεμιᾶς
1659 918 1740 949 οὖσης
1776 918 1874 954 ἆγγύης.
1906 916 1961 944 Ἀλλὰ

1198 964 1330 999 τοῦτομὲν
1341 961 1403 999 ἐμοῦ
1416 963 1497 999 χάριν
1514 973 1520 980 ·
1532 962 1614 989 πολλὰ
1643 961 1673 990 δὲ
1700 973 1745 989 και
1772 964 1800 989 τὸ
1824 964 1864 989 σόν
1891 960 1961 988 ἁπαλὸν

1200 1006 1224 1033 ἰν
1250 1009 1338 1044 χρόνῳ
1363 1005 1520 1041 δεδίττεται,
1550 1017 1595 1033 και
1622 1008 1652 1034 τὸ
1679 1009 1745 1044 πρὸς
1766 1006 1901 1042 ἀντιλήψεις
1928 1010 1961 1032 τῶν

1199 1053 1359 1088 πραγμάτων
1384 1051 1438 1088 οὐχ
1459 1052 1512 1078 οἶόν
1537 1061 1564 1078 τε
1597 1053 1637 1078 ἔτι
1675 1052 1759 1079 αὐτῶν
1793 1051 1930 1088 ἐφικνεῖσθαι
1956 1060 1962 1067 ν

1200 1105 1246 1122 και
1262 1093 1420 1130 δεδίττεται,
1437 1098 1473 1133 μή
1490 1098 1552 1123 ποτὲ
1580 1106 1623 1123 σοι
1653 1098 1764 1134 νεωτέρῳ
1792 1098 1850 1129 ὄντι,
1878 1105 1914 1121 και
1931 1095 1962 1121 θα-

1200 1141 1268 1176 νάτῳ
1291 1141 1335 1167 τὸν
1361 1142 1461 1178 πατέρα
1491 1140 1687 1177 ἀποϐαλομένῳ,
1717 1141 1763 1168 οὐκ
1790 1141 1901 1168 έπαιιύνοι
1926 1149 1961 1172 τις,

1199 1182 1261 1211 οὐδὲ
1274 1194 1304 1220 γε
1319 1188 1399 1222 χεῖρα
1418 1185 1511 1222 ὀρέξαι,
1540 1185 1582 1212 ἐπι
1605 1187 1640 1212 τὰ
1668 1185 1762 1223 βελτίω
1786 1183 1916 1215 διαδςικνὺς
1932 1193 1963 1209 και

1197 1229 1431 1266 προσεμϐιϐάζωνο
1452 1230 1508 1257 εἶτα
1529 1234 1577 1261 τῆς
1605 1229 1707 1267 ἀγαθῆς
1731 1240 1829 1267 φυσιως
1857 1227 1918 1256 οὐδέν
1934 1237 1963 1254 σοι

1170 1275 1305 1311 κιυθμῶσι
1352 1284 1397 1301 και
1441 1275 1610 1311 πειραθείσης
1660 1273 1782 1313 δαίμονος
1833 1272 1960 1310 κακοδαίμο-

1233 1363 1313 1391 Ἀλλὰ
1343 1366 1370 1390 τί
1395 1365 1492 1390 τούτων
1516 1363 1594 1401 epici;
1626 1364 1699 1396 ἵλεως
1731 1374 1776 1401 μοι
1806 1374 1847 1391 και
1885 1363 1960 1399 εὐμενὲς

1198 1409 1251 1440 ι’ίης
1280 1409 1293 1435 ό
1319 1408 1397 1439 πολὺς
1420 1410 1466 1445 μὶν
1488 1408 1512 1435 ἓν
1545 1413 1656 1447 Χριστῷ
1679 1408 1788 1446 δύναμιν
1810 1419 1851 1436 και
1887 1406 1956 1444 παῤῥι-

1198 1456 1269 1488 σίαν,
1290 1453 1369 1485 πολὺς
1393 1451 1422 1479 δὲ
1447 1462 1492 1479 και
1513 1454 1547 1480 τὰ
1574 1455 1657 1491 μύρα,
1686 1454 1763 1485 πολὺς
1788 1463 1830 1481 και
1859 1454 1886 1480 τὰ
1917 1451 1960 1478 θαύ-

1196 1507 1267 1534 ματα
1284 1498 1334 1534 (2),
1368 1498 1381 1524 ὁ
1412 1498 1506 1536 θερμὸς
1533 1502 1583 1525 τῶν
1604 1496 1775 1536 ἓπιδιομίνων
1797 1498 1933 1536 προστάτης,
1954 1494 1962 1519 ὃ

1199 1543 1265 1580 ἱερός
1294 1552 1339 1569 και
1366 1544 1447 1579 μέγας
1492 1542 1634 1577 Νικόλαος,
1673 1545 1739 1581 πρὸς
1767 1543 1793 1570 ὃν
1826 1543 1870 1579 ἕγὼ
1906 1542 1963 1577 φέρων

1198 1587 1275 1613 αὐτόν
1291 1597 1336 1623 μοι
1352 1589 1394 1614 τὸν
1419 1587 1552 1624 φίλτατον,
1581 1587 1644 1625 ἃρτι
1669 1592 1717 1617 τῶν
1739 1591 1864 1626 μητρικῶν
1891 1583 1963 1611 ὠδίνων

1198 1631 1349 1668 ἐκραγέντα,
1374 1633 1473 1669 θερμῶς
1512 1633 1660 1664 πιστεύσας
1702 1633 1816 1663 ἱνέθῆκα.
1843 1641 1882 1658 και
1913 1628 1961 1666 μάλα

1197 1685 1224 1702 τι
1247 1680 1283 1712 τῷ
1308 1674 1424 1712 δόγματι
1451 1686 1497 1703 και
1526 1676 1636 1704 πλεῖστα
1650 1687 1696 1704 και
1719 1677 1816 1715 μεγάλα
1837 1674 1962 1712 τεθάρριικα,

1198 1722 1328 1757 τεκμήρια
1339 1722 1492 1757 παμμεγέθη
1523 1723 1648 1759 πρότερον
1673 1732 1718 1749 και
1748 1722 1852 1753 καθεξῆς
1877 1719 1911 1745 ἁεί
1931 1721 1963 1746 τῆς

1160 1785 1180 1814 C
1201 1770 1251 1798 σῆς
1276 1769 1336 1803 περί
1364 1766 1408 1803 ἐμὲ
1432 1766 1626 1805 φιλανθρωπίας
1665 1778 1711 1794 και
1745 1768 1893 1804 προστασίας
1920 1762 1963 1789 ἀπε·

1199 1812 1364 1848 νεγκάμενος,
1385 1813 1406 1838 εί
1421 1821 1467 1838 και
1495 1811 1621 1848 ἀγνώμων
1645 1812 1724 1844 αὐτὸς
1748 1812 1836 1848 ἐφάνην
1858 1813 1902 1840 τοὶς
1920 1806 1963 1834 Μ’

1200 1866 1292 1893 μασιν.
1319 1855 1386 1883 ὣστε
1415 1858 1475 1893 περί
1515 1858 1607 1883 τούτου
1645 1855 1704 1889 δέος
1740 1856 1839 1894 μᾶλλον,
1869 1856 1899 1891 μὴ
1930 1854 1963 1880 τῆς

1200 1900 1262 1937 ἐμῆς
1288 1901 1387 1937 φαύλης
1414 1910 1459 1927 και
1487 1904 1604 1939 πονηρᾶς
1633 1903 1761 1938 μενούσης
1780 1901 1844 1932 ζωῆς
1881 1899 1892 1924 ό
1920 1897 1963 1924 παῖς

1200 1945 1247 1972 οὐκ
1263 1945 1298 1976 εἰς
1313 1945 1389 1972 καλὸν
1404 1945 1529 1972 ὰπόναιτο
1546 1956 1552 1963 ο
1570 1945 1626 1972 ὃθεν
1656 1956 1702 1973 και
1729 1948 1812 1983 χωρίς
1834 1948 1895 1974 οῦτθς
1910 1940 1963 1977 γινό-

1200 1999 1284 2026 μενος,
1299 2000 1344 2016 και
1359 1989 1410 2016 ὓπό
1431 1994 1463 2027 τῇ
1491 1994 1523 2027 σῇ
1551 1992 1635 2026 σκέπῃ
1661 1993 1726 2028 μόνῃ
1757 2000 1801 2017 και
1831 1987 1913 2025 θαρρῶν
1934 1992 1964 2009 και

1202 2034 1252 2065 ζῶν
1277 2044 1321 2061 και
1346 2043 1527 2071 στριοφμενος,
1552 2033 1603 2061 οἶδ’
1634 2036 1675 2061 ὃτι
1695 2035 1829 2072 ἀμεινόνων
1853 2033 1887 2059 ἐπὶ
1902 2027 1963 2060 πολλῷ

1201 2088 1246 2105 και
1270 2078 1405 2116 βελτιόνων
1432 2083 1482 2105 τῶν
1512 2079 1569 2106 κατ’
1597 2079 1680 2116 εὐχὴν
1711 2089 1756 2106 και
1779 2077 1893 2116 βούλῆσιν
1913 2074 1963 2108 ἡμῶν

1200 2125 1401 2161 παραθήσει-αι,
1424 2127 1475 2150 Και
1496 2128 1571 2159 γοῦν,
1592 2125 1627 2154 ὡς
1647 2134 1693 2151 και
1718 2126 1764 2154 τὴν
1794 2122 1873 2160 ἀρχὴν
1896 2117 1962 2155 βρέφος

1202 2169 1279 2194 αὐτὸν
1304 2168 1406 2197 οἰκέτην
1437 2168 1614 2205 παρειληφὼς,
1642 2179 1688 2195 και
1714 2172 1758 2195 νῦν
1782 2168 1880 2199 ὠνητὸν,
1900 2162 1960 2190 εἰπεῖν,

1201 2217 1249 2243 τῆς
1265 2217 1311 2243 σῆς
1331 2213 1443 2249 χάριτος
1464 2213 1527 2249 παρ’
1553 2213 1625 2249 ἡμῶν
1654 2211 1851 2249 ἀποδιδόμενον,
1875 2206 1957 2236 simi"

1202 2266 1257 2290 σαι,
1288 2267 1332 2283 και
1359 2257 1423 2295 ῥόου
1445 2258 1490 2293 μὲν
1516 2256 1555 2283 ἀεί
1578 2258 1669 2288 πάσης
1694 2257 1722 2284 ἐκ
1745 2254 1856 2293 παγίδος
1876 2249 1955 2288 θηρείην·

1201 2310 1243 2332 τος
1258 2302 1366 2336 (3),ὑπό
1378 2300 1407 2328 δὲ
1417 2301 1466 2332 τὰς
1490 2303 1537 2332 σὰς
1574 2304 1705 2339 πτέρυγας
1737 2302 1845 2330 ονιιασας
1879 2296 1959 2339 ἆνιέππῆί

1201 2347 1263 2382 μήθ’
1284 2347 1381 2383 ἡμέρας
1418 2350 1455 2382 τῷ
1491 2346 1556 2382 ἡλίῳ
1595 2337 1781 2383 συγκαιόμενον
1819 2353 1861 2371 και
1900 2337 1959 2376 φλῆθ⁴

1202 2400 1277 2427 μενον
1294 2400 1339 2416 και
1373 2394 1429 2422 τοὶς
1463 2390 1487 2417 ἐν
1518 2390 1584 2420 αὐτῆ
1616 2400 1763 2428 πετομενοις
1795 2386 1961 2428 τιτρωσκόμιξον

1203 2434 1302 2471 βέλεσι,
1321 2437 1388 2471 μήτε
1404 2439 1435 2465 τῆ
1457 2434 1550 2464 σελὴνῆ
1569 2437 1615 2465 τὴν
1633 2424 1723 2469 νύκτα,
1742 2432 1808 2471 μηδ’
1835 2424 1882 2458 ’ὑπὸ
1906 2424 1961 2471 φόξον

1202 2483 1351 2517 νυκτερινοῦ
1368 2489 1413 2505 και
1442 2478 1599 2516 πράγμαδος
1630 2481 1740 2516 μητενὸς
1774 2479 1797 2504 ἑν
1827 2477 1901 2503 σκότει
1923 2468 1963 2495 δια-

1203 2526 1375 2561 πορευομένου
1405 2526 1471 2560 μήτι
1505 2526 1692 2561 ταραττόμενον
1727 2523 1788 2560 μήθ’
1820 2520 1962 2553 ἁλισκόμθη

1205 2572 1254 2595 Και
1273 2572 1364 2594 τοῦτον
1380 2567 1414 2598 δὴ
1434 2570 1478 2595 τὸν
1496 2571 1591 2605 τρόπον
1626 2569 1703 2606 ἀθιγῆ
1739 2570 1818 2594 κακοῦ
1835 2563 1913 2591 παντὸς
1933 2565 1963 2584 πῖ·

1205 2657 1348 2685 nuatione
1361 2658 1481 2685 Memor.
1493 2656 1624 2686 Desmol.
1641 2660 1662 2687 t.
1678 2657 1712 2684 VI
1726 2666 1741 2693 7;
1764 2661 1851 2693 quam
1873 2647 1965 2693 Ρΐρίἶίῇτ

1204 2701 1316 2721 nomen
1329 2693 1456 2721 auctoris
1471 2701 1507 2720 ac
1516 2681 1669 2721 raritatem
1685 2681 1812 2720 indicare
1826 2681 1963 2727 νῇξρηξξῇῗς

1205 2719 1424 2757 Ειιξιειὶἱιὶῖἰιι
1432 2719 1525 2757 26a:
1534 2719 1733 2757 “aenean”
1741 2727 1770 2755 iu
1794 2726 1820 2753 s.
1843 2719 1964 2752 Nicolaum

1205 2765 1296 2792 (ἔτιεοὶ
1310 2772 1426 2792 versus.

1240 2800 1401 2837 (5).Psahn,
1415 2808 1511 2837 exsul,
1521 2803 1565 2834 7.;
1580 2800 1612 2827 fu
1625 2799 1702 2837 ψυχὴ
1717 2800 1787 2835 ἡμῶν
1801 2797 1833 2827 ὡς
1855 2800 1921 2828 t77F”

1203 2832 1305 2872 βρῦσθη
1316 2835 1343 2862 ἐκ
1353 2832 1401 2867 τῆς
1412 2832 1528 2872 παγίδος
1539 2832 1589 2862 τῶν
1603 2832 1768 2872 θηρεὶἷόντων.

1923 2774 1964 2814 emi!
