4120 6402
296 297 429 377 ieci

1361 304 1454 361 ne
1490 302 1708 362 νεετο
1749 293 2201 381 DORMITIONIS
2262 296 2318 353 s.
2364 298 2625 356 mam.

3530 298 3668 354 1502

293 426 384 472 καὶ
418 425 622 495 στρέφει
704 422 856 475 πάλιν
923 424 990 485 εἰς
1044 434 1143 497 γῆν
1194 430 1487 502 συντριϐεὶς
1534 437 1596 501 τῇ
1642 427 1883 499 ἁμαρτία.

2009 426 2254 492 propter
2279 408 2445 492 quod
2475 421 2703 478 meliori
2730 421 2889 476 bono
2910 419 3084 493 potiri
3110 419 3170 475 in
3201 420 3545 492 proximum
3563 421 3668 477 ha-

292 508 419 580 μήθ’
472 510 592 583 ὅπερ
647 506 708 568 ἦν
780 511 1027 583 φυλάξας,
1089 520 1222 587 μήτε
1270 523 1537 590 γενόμενος
1580 521 1710 590 πρὸς
1760 515 1784 567 ὁ
1827 511 1894 572 δὴ

291 604 523 669 κρεῖττον
605 603 694 651 καὶ
784 600 1101 677 ὑψηλότερον
1189 603 1698 679 παιδαγωγοὺμενος
1780 603 1898 657 ἐκα-

292 685 453 741 λείτο.

312 851 331 865 ’
366 868 466 916 Καὶ
518 865 544 916 6
623 868 713 937 μὲν
780 867 945 930 οὕτως
1016 870 1224 938 ὤλισθε,
1308 880 1441 927 Θεοῦ
1484 879 1574 926 καὶ
1620 876 1723 936 τῆς
1758 875 1898 935 θείας

290 950 565 1005 ἀποπεσὼν
602 960 791 1031 μοίρας
818 978 831 989 ο
866 958 893 1008 6
946 953 1000 1010 δ’
1043 956 1197 1024 αὖθις
1242 962 1483 1035 βούλεται
1534 967 1663 1035 πρὸς
1715 962 1896 1014 ἑαυτὸν

288 1042 522 1098 ἂκύσαι.
574 1045 818 1098 Βούλεται
872 1056 1045 1117 τοῦτο,
1090 1057 1176 1103 καὶ
1235 1061 1420 1107 σκοπεί
1468 1062 1559 1114 τῆς
1612 1052 1894 1127 φιλανθρω-

287 1136 415 1194 πίας
468 1135 527 1185 τὸ
584 1137 819 1206 μέγεθος.
876 1136 1087 1191 Ἑαυτὸν
1144 1141 1257 1194 ὅλον
1315 1143 1386 1204 εἰς
1444 1145 1586 1215 ἡμᾶς
1627 1142 1721 1195 ούκ
1765 1140 1893 1194 ἁπα-

289 1219 393 1283 ξιοῐ
428 1231 651 1274 κενῶσαι
699 1224 799 1296 (1),
846 1231 937 1279 καί
987 1246 1045 1299 γε
1093 1229 1369 1302 βαστάσαι
1423 1236 1761 1292 πεπτωκότας
1805 1239 1892 1283 καὶ

288 1310 601 1383 προσλαϐεῖν
669 1318 949 1387 κειμένους,
1025 1318 1120 1370 ούκ
1199 1320 1270 1383 εἰς
1345 1322 1466 1395 ὅπερ
1520 1318 1646 1393 ἦμεν
1719 1324 1892 1393 μόνον,

290 1397 420 1452 ἀλλὰ
489 1406 598 1470 καὶ,
641 1406 775 1476 πρὸς
840 1404 867 1456 ὃ
912 1411 1189 1482 παρήγαγε
1236 1410 1435 1471 πλάσας
1489 1410 1642 1473 αὖθις
1691 1409 1894 1462 avara-(,3-

291 1488 413 1553 ξων,
492 1494 681 1562 μηκέτι
750 1498 883 1564 μήτε
969 1499 1113 1570 παρὰ
1181 1505 1273 1550 τοῦ
1338 1501 1645 1571 φθονοῦντος
1690 1497 1894 1552 ἐπιϐου-

286 1576 607 1649 λευομένους,
680 1585 813 1652 μήτε
884 1587 1190 1647 πίπτοντας,
1246 1589 1373 1659 μήτ’
1431 1585 1581 1651 αὖθις
1639 1588 1891 1662 ἀχρειου-

282 1686 437 1738 μενου
446 1687 487 1728 ς.

2007 509 2191 565 bebat
2223 527 2236 565 :
2269 516 2325 564 et
2361 527 2596 565 rursum
2618 511 2679 566 in
2696 517 2911 566 terram
2938 524 3269 564 conversus
3304 514 3394 565 est
3430 511 3665 566 attritus

2008 603 2255 668 peccato
2281 616 2294 666 ;
2320 613 2514 671 neque
2583 598 2747 672 quod
2784 603 2913 654 erat
2945 597 3291 653 custodiens
3347 612 3544 669 neque
3587 598 3667 655 ad

2005 685 2121 741 hoc
2148 686 2359 742 melius
2395 691 2624 743 erectus
2641 687 2720 743 ad
2735 687 2902 760 quod
2937 686 3343 742 instruebatur
3395 690 3452 742 et
3476 701 3666 743 voca-

2005 776 2204 833 batur.

2079 865 2173 920 Ille
2202 882 2345 921 vero
2379 867 2463 922 sic
2488 866 2766 922 titubavit
2801 870 2866 921 ut
2898 881 2935 921 a
2973 868 3090 921 Deo
3126 868 3181 921 et
3216 880 3254 921 a
3288 865 3494 921 divina
3544 866 3666 923 feli—

2005 953 2177 1009 citate
2213 955 2503 1010 excideret
2541 972 2555 1024 ;
2588 955 2699 1010 sed
2726 955 2939 1011 iterum
2978 953 3056 1009 ad
3103 956 3290 1010 Deum
3349 969 3666 1024 assurgere

2006 1043 2220 1098 studet.
2263 1044 2468 1099 Studet
2505 1049 2705 1099 autem
2766 1060 2905 1099 cum
2955 1043 3237 1099 bonitatis
3289 1043 3663 1100 altitudinem

2002 1132 2292 1199 recogitet
2310 1132 2438 1203 ejus
2465 1133 2569 1205 qui
2595 1134 2860 1204 seipsum
2892 1132 3141 1188 omnino
3174 1148 3281 1204 pro
3336 1132 3512 1188 nobis
3543 1133 3662 1189 exi-

2004 1224 2275 1278 naniens.
2305 1228 2365 1277 ut
2405 1223 2719 1277 sustineret
2764 1221 2968 1293 lapsos
3020 1227 3074 1277 et
3115 1228 3446 1277 assumeret
3470 1222 3664 1291 erige-

2001 1314 2209 1383 retque
2236 1313 2313 1367 ad
2340 1326 2403 1366 se
2425 1311 2765 1383 prolapsos,
2790 1326 2915 1366 non
2962 1310 3161 1366 solum
3195 1310 3456 1366 reddens
3496 1310 3664 1383 quod

2003 1404 2180 1454 antea
2205 1415 2465 1467 eramus,
2507 1399 2613 1455 sed
2649 1398 2726 1455 ad
2755 1398 2923 1471 quod
2969 1414 3083 1454 nos
3137 1399 3418 1471 perduxit
3446 1399 3662 1456 iterum

2001 1486 2295 1544 salvando
2323 1486 2681 1557 reformans,
2711 1491 2779 1544 ut
2799 1502 2997 1559 neque
3025 1486 3105 1543 ab
3123 1487 3305 1542 invidi
3327 1486 3515 1543 hostis
3534 1503 3661 1543 ma-

2000 1575 2446 1633 chinationibus
2494 1592 2866 1649 caperemus,
2898 1591 3096 1649 neque
3124 1578 3338 1631 iterum
3388 1591 3661 1647 peccare-

2002 1681 2158 1737 mus,
2188 1682 2384 1739 neque
2414 1666 2614 1722 denuo
2653 1666 2884 1738 absque
2914 1665 3197 1721 fructibus
3231 1682 3527 1721 essemus.

353 1764 534 1810 Ταῦτα
620 1761 750 1820 Θεὸς
820 1758 1083 1833 βούλεται,
1165 1771 1255 1818 καὶ
1331 1771 1461 1841 πρὸς
1526 1767 1689 1825 αὐτὴν
1744 1767 1883 1827 εὐθὺς

2072 1756 2205 1810 Haec
2225 1755 2437 1811 eadem
2468 1756 2630 1826 cupit
2664 1758 2835 1816 Deus.
2868 1759 2927 1811 et
2955 1770 3062 1826 per
3090 1754 3339 1827 antiqua
3385 1760 3660 1826 tempora

281 1845 461 1920 βλέπει
532 1851 628 1905 τὴν
703 1848 783 1900 ἐπ’
842 1850 1086 1921 ἐσχάτων
1129 1862 1228 1904 τῶν
1289 1861 1491 1927 χρόνων
1546 1856 1731 1908 ἑαυτοῦ
1778 1862 1889 1914 Μη-

276 1938 419 2009 τὲρα,
479 1941 598 2011 πρὶν
652 1937 682 1996 ἡ
738 1943 826 1990 καὶ
883 1943 974 1991 τὸν
1028 1941 1141 1993 ὅλον
1190 1953 1507 2017 παραγαγεῖν
1541 1951 1739 2017 κόσμον
1789 1945 1889 1998 ἀπὸ

272 2033 458 2077 πασῶν
489 2024 654 2095 ἑαυτῷ
691 2035 874 2097 γενεῶν
924 2028 1146 2093 ἐκλέξας.
1204 2037 1298 2085 Καὶ
1357 2039 1557 2104 γίνεται
1606 2030 1673 2091 δή
1734 2042 1890 2086 τοῦτο

276 2119 411 2165 Θεοῦ
490 2120 783 2189 μυστήριον
859 2121 961 2179 πρὸ
1014 2120 1188 2181 πάσης
1239 2127 1474 2189 κτίσεως,
1526 2123 1704 2189 εἰπεῖν,
1764 2121 1889 2175 ἀπο-

274 2207 623 2275 κεκρυμμένον
684 2225 697 2237 ·
747 2207 879 2275 εἶτα,
957 2211 1093 2259 κατά
1163 2214 1339 2280 γενεὰς
1416 2214 1734 2283 τυπούμενον
1797 2216 1888 2264 καὶ

280 2293 434 2351 σκιὰς
489 2291 769 2363 λαμϐάνον,
846 2299 1003 2358 σώζει
1053 2296 1342 2366 κάνταῦθα,
1392 2302 1510 2352 ὁποι
1568 2297 1810 2358 δηλονότι
1861 2302 1886 2353 6

273 2380 439 2440 τύπος
496 2380 575 2452 (2)
655 2382 820 2433 αὐτοῦ
886 2385 917 2442 ἦ
988 2389 1114 2437 σκιὰ
1164 2384 1519 2460 παρεδείχθη.
1570 2394 1670 2442 Καὶ
1728 2386 1885 2449 δῆλον

272 2475 431 2520 τοῦτο
446 2478 696 2541 πανταχῆ
742 2479 1097 2545 σκοπουμένῳ.

684 2225 697 2237 ·
747 2201 879 2275 εἶτα,

351 2644 627 2699 Δουλοῦται
664 2648 741 2718 (3)
945 2653 1047 2723 γὰρ
1100 2650 1173 2713 εἰς
1217 2655 1477 2724 Αἴγυπτον
1533 2655 1748 2727 Ἰσραὴλ
1794 2660 1884 2708 καὶ

276 2733 378 2785 ύπό
426 2739 611 2807 Φαραὼ
685 2746 1010 2811 τυραννείται
1084 2750 1292 2816 πικροῖς
1369 2742 1668 2816 ἑκπιεσμοίς
1718 2764 1882 2818 προσ-

271 2822 632 2896 ταλαιπωρῶν,
710 2832 799 2878 καὶ
876 2832 1326 2903 καταπονούμενος
1400 2832 1500 2884 ύπό
1582 2832 1882 2907 βαρύτητος

271 2912 452 2984 ἔργων,
508 2918 599 2965 καί
644 2933 705 2985 γε
751 2919 881 2990 πρὸς
941 2917 1075 2970 αύτὰ
1131 2916 1196 2977 δὴ
1245 2927 1408 2973 ταῦτα
1460 2927 1881 2995 κατασυρόμενος

271 3000 370 3051 ὅσα
408 3006 498 3053 καὶ
541 3000 719 3070 βίϐλοι
769 3009 984 3077 φέρουσι
1039 3011 1126 3058 καὶ
1198 3010 1428 3083 ἱστορίαι
1474 3010 1706 3062 παλαιῶν
1762 3016 1881 3083 περὶ

272 3086 463 3142 ἐκείνου
532 3087 876 3163 διηγημάτων
920 3116 932 3127 ·
1008 3094 1258 3171 ἐγείρεται
1319 3095 1379 3151 δὲ
1435 3106 1654 3169 Μωσῆς,
1714 3100 1879 3163 ζηλῶν
1914 3128 1954 3181 C

270 3177 398 3249 ὑπὲρ
479 3186 582 3230 τῶν
655 3186 995 3253 πασχόντων,
1079 3190 1171 3237 καὶ
1217 3190 1391 3258 φεύγει
1448 3191 1537 3259 μὲν
1593 3192 1876 3260 Αἴγυπτον,

270 3275 581 3340 προσχωρεῖ
639 3266 700 3321 δὲ
775 3279 908 3342 Θεῷ.
996 3272 1213 3327 Κάκεῖνο
1279 3274 1458 3347 βλέπει
1501 3282 1559 3330 τὸ
1608 3282 1741 3349 μὲγα
1789 3282 1879 3330 καὶ

273 3357 576 3427 θαυμαστόν
633 3360 806 3431 ὅραμα
850 3361 929 3431 (4)
1004 3371 1107 3435 πῦρ
1150 3363 1200 3415 ἐν
1251 3372 1315 3437 τῇ
1366 3364 1534 3437 βάτῳ,
1582 3374 1685 3441 πῦρ
1734 3375 1881 3419 καῖον

272 3448 364 3494 καὶ
401 3441 664 3516 μηδαμῶς
702 3455 986 3501 κπακαίον
1027 3451 1127 3519 (5),
1189 3453 1267 3503 ὅτι
1321 3451 1451 3525 μηδ’
1501 3455 1716 3529 ὕστερον
1772 3456 1797 3507 6
1828 3454 1882 3508 ἐκ

270 3534 465 3594 ταύτης
544 3534 768 3598 καλέσας
843 3538 998 3591 αὐτὸν
1045 3542 1140 3609 (6),

272 3623 390 3674 οὔτε
467 3623 784 3696 κατέφλεξεν,
852 3627 960 3679 οὔτ’

1236 3542 1411 3595 εἰσιὼν
1462 3549 1556 3602 τὴν
1608 3547 1879 3619 παρθένον,

1042 3626 1193 3682 οὐδὲν
1278 3629 1527 3703 οὐδαμῶς
1567 3632 1856 3705 ἐλυμήνατο
1868 3676 1881 3689 .

268 3717 448 3764 Ταῦτα
488 3719 680 3774 Μωσῆς
708 3720 842 3779 τότε,
871 3721 960 3771 καὶ
989 3724 1169 3771 πατεῖν
1206 3728 1305 3791 γῆν
1332 3720 1485 3792 ἁγίαν
1527 3721 1681 3791 ἁγίαν
1730 3722 1881 3785 εύθύς

268 3798 466 3869 ἀκούει,
518 3807 608 3854 καὶ
663 3806 728 3856 τὰ
781 3801 1099 3879 ὑποδήματα
1151 3816 1250 3859 τῶν
1304 3805 1483 3861 ποδῶν
1529 3809 1689 3862 λῦσαι
1755 3812 1831 3883 (7)
1861 3833 1874 3845 ν

265 3894 358 3942 καὶ
407 3889 516 3942 λύει
583 3896 672 3943 καὶ
727 3891 1056 3953 ἀποτίθεται,
1120 3902 1269 3959 Τίνος
1320 3901 1481 3971 χάριν
1514 3914 1528 3966 ;
1560 3897 1681 3951 Ὀτι
1738 3897 1878 3971 μηδὲ

268 3979 408 4050 θέμις
460 3982 590 4041 ἴσως
662 3986 835 4056 νεκρόν
914 3981 1066 4036 οὐδὲν
1141 3984 1243 4038 ἐκεῖ
1316 3986 1523 4057 ψαύειν,
1575 3989 1692 4039 ὅποι
1743 3996 1876 4041 Θεοῦ

262 4072 551 4139 παρουσία,
593 4074 683 4121 καὶ
739 4074 899 4131 τύπος
950 4070 1108 4144 Ἐδεμ
1141 4082 1236 4135 τῆς
1281 4073 1565 4147 ἀφθάρτου,
1626 4080 1756 4148 πρὸς
1815 4077 1875 4136 ἣν

262 4156 290 4206 6
374 4161 495 4209 τότε
566 4162 737 4229 φανεὶς
817 4161 960 4231 ἡμᾶς
1016 4158 1162 4223 αὖθις
1228 4163 1513 4216 εἰσοικίσαι
1564 4168 1872 4239 προμηνύει,

260 4249 352 4297 καὶ
398 4248 465 4298 τὰ
496 4246 735 4319 σύμϐολα
793 4246 1020 4303 δίδωσιν
1074 4273 1085 4284 ·
1142 4253 1172 4310 ἡ
1227 4254 1375 4324 τάχα
1416 4258 1504 4304 καὶ
1562 4252 1874 4329 ἀπεῤῥίφθαι

261 4336 591 4407 προστάσσει
662 4344 764 4398 πᾶς
845 4341 966 4391 ὅσον
1044 4339 1098 4403 ἐξ
1152 4342 1407 4417 ἄμαρτίας
1466 4341 1721 4415 βοήθημα
1778 4352 1873 4405 τῆς

262 4421 515 4487 ἀσθενοῦς
598 4431 792 4499 σαρκὸς
879 4429 1098 4504 ἣρμοσε,
1185 4436 1275 4485 καὶ
1339 4436 1461 4494 τούς
1510 4436 1735 4504 γυμνοὺς
1782 4443 1873 4487 τοῦ

1911 4477 1950 4529 D

1998 1844 2057 1898 in
2107 1860 2282 1900 suam
2356 1847 2598 1900 Matrem
2651 1845 2877 1901 directo
2933 1843 3196 1915 respicit,
3246 1843 3472 1913 eligens
3517 1858 3657 1899 eam

1998 1937 2320 2004 antequam
2342 1934 2639 1990 ordinaret
2656 1934 2865 1989 orbem
2882 1933 3230 1988 universum
3241 1931 3656 1989 exomnnibus

1998 2037 2034 2077 a
2063 2038 2125 2076 se
2157 2024 2366 2078 creatis
2416 2022 2925 2093 generationibus.
2981 2021 3195 2094 Sicque
3235 2019 3517 2094 apparuit
3537 2020 3655 2077 hoc

2000 2112 2348 2182 mysterium
2383 2112 2481 2167 Dei
2511 2117 2649 2167 ante
2666 2126 2911 2167 omnem
2928 2110 3294 2167 creationem
3323 2109 3651 2178 decretum,

1997 2199 2123 2266 sed,
2150 2201 2307 2256 utita
2328 2201 2547 2270 dicam,
2574 2201 2998 2256 absconditum
3024 2198 3274 2255 :deinde
3296 2198 3652 2254 secumdum

1995 2290 2410 2358 generationes
2440 2287 2767 2359 ﬁguratum
2822 2294 2878 2344 et
2936 2289 3051 2344 sub
3104 2287 3334 2343 umbris
3386 2286 3648 2359 positum

1992 2377 2077 2432 ibi
2108 2378 2363 2434 salutem
2393 2383 2691 2451 operatur,
2721 2377 2824 2434 ubi
2877 2383 3056 2450 typus
3105 2378 3233 2448 ejus
3287 2375 3380 2433 vel
3434 2374 3651 2433 umbra

1992 2468 2278 2538 quaedam
2304 2468 2751 2524 demonstratur
2788 2472 2845 2523 et
2874 2466 3183 2539 accipitur.
3240 2468 3308 2521 Et
3353 2465 3470 2521 hoc
3521 2464 3650 2521 evi-

1990 2554 2201 2610 denter
2224 2555 2389 2611 novit
2417 2555 2519 2627 qui
2540 2571 2667 2611 rem
2706 2560 2924 2611 attente
2954 2555 3317 2611 considerat.

2061 2645 2273 2699 Servus
2304 2643 2692 2701 factuslsrael
2720 2645 2782 2700 in
2836 2645 3102 2716 Egypto
3159 2643 3277 2700 sub
3315 2643 3644 2699 Pharaonis

1991 2733 2307 2805 tyrannide
2354 2734 2738 2805 premebatur
2770 2734 3041 2801 ;acerbis
3091 2732 3383 2805 pressuris
3430 2731 3645 2788 misere

1987 2822 2303 2879 lacessitus
2329 2822 2642 2896 fessusque
2667 2822 2934 2895 pondere
2975 2826 3032 2877 et
3069 2821 3448 2877 multitudine
3480 2820 3645 2877 labo-

1988 2928 2146 2979 rum,
2178 2912 2257 2968 ad
2297 2913 2425 2968 haec
2465 2919 2731 2969 extrema
2783 2911 3178 2983 dejiciebatur
3217 2926 3354 2983 quae
3412 2910 3486 2966 de
3540 2908 3643 2966 illo

1988 3007 2237 3059 narrant
2261 3001 2452 3057 Biblia
2469 3008 2527 3057 et
2544 3008 2809 3057 veterum
2834 3001 3099 3057 historia
3129 3018 3142 3055 :
3169 2999 3422 3055 surrexit
3440 3002 3644 3055 autem

1988 3093 2174 3146 Moses
2202 3090 2403 3146 zelans
2432 3106 2611 3162 super
2655 3092 2969 3162 patientes,
3028 3089 3385 3161 fugiensque
3429 3091 3645 3159 Aﬁgyp-

1988 3184 2116 3234 tum
2146 3195 2273 3234 sese
2338 3182 2455 3234 Deo
2501 3179 2959 3252 approximavit.
3014 3178 3301 3249 Videtque
3348 3177 3643 3232 visionem

1988 3269 2147 3324 hanc
2161 3284 2443 3339 magnam
2459 3269 2909 3340 etstupendam,
2937 3268 3139 3338 ignem
3173 3267 3235 3322 in
3252 3266 3641 3335 rubo,ignem
3720 3326 3723 3327 ν

1991 3365 2280 3427 urentem,
2308 3358 2551 3413 minime
2571 3374 2712 3413 vero
2732 3360 3209 3423 consumentem,
3252 3355 3397 3428 quia
3418 3354 3513 3410 illc
3535 3368 3643 3426 qu:
3728 3432 3733 3435 ⁷

1989 3450 2250 3519 Moysem
2279 3464 2352 3503 ex
2372 3449 2526 3503 rubo
2547 3448 2797 3513 vocavit,
2821 3452 3032 3519 postea
3046 3446 3423 3503 descendens
3436 3445 3512 3502 ad
3526 3444 3642 3500 vir-

1988 3537 2365 3608 ginem,ejus
2406 3537 2803 3608 virginitatem
2854 3552 2964 3592 nec
3018 3535 3263 3592 abstulit
3317 3548 3514 3606 neque
3554 3532 3645 3590 vel

1988 3626 2310 3682 minimum
2332 3627 2693 3683 obscuravit.
2725 3628 3006 3699 Tuncque
3028 3625 3258 3681 audivit
3312 3625 3543 3695 Moyses
3575 3637 3642 3677 se

1987 3716 2217 3771 calcare
2250 3721 2465 3771 terram
2497 3720 2787 3779 sanctam,
2817 3719 2875 3771 et
2895 3716 3102 3786 jussus
3155 3713 3383 3769 solvere
3409 3712 3641 3769 calcea-

1986 3810 2191 3860 meuta
2214 3805 2441 3878 pedum
2472 3814 2741 3875 suorum,
2769 3804 2940 3861 solvit
2977 3809 3034 3860 et
3085 3802 3355 3859 accessit.
3412 3803 3641 3867 Quare-

1985 3910 2127 3949 nam
2157 3894 2185 3947 ?
2207 3892 2356 3961 Quia
2384 3909 2505 3949 non
2550 3893 2685 3949 licet
2718 3892 3056 3966 quidquam
3088 3897 3390 3947 mortuum
3439 3889 3640 3947 locum

1986 3988 2230 4051 tangere
2260 3982 2357 4038 ubi
2391 3985 2840 4053 Deus‘prazsens
2873 3986 2980 4037 est.
3012 3983 3209 4053 Typus
3246 3994 3491 4051 quoque
3522 3978 3640 4033 im-

1985 4071 2302 4127 maculatae
2334 4072 2633 4143 (Virginis)
2677 4077 2738 4126 ut
2768 4072 2973 4133 Edem,
3027 4070 3103 4125 ad
3162 4084 3343 4141 quem
3396 4082 3507 4123 nos
3550 4082 3639 4123 re-

1984 4176 2296 4231 gressuros
2321 4164 2377 4215 et
2400 4160 2840 4216 inbabitaturos
2887 4158 3181 4231 symbolis
3232 4156 3437 4213 multis
3491 4172 3639 4227 prai-

1984 4250 2278 4305 nuutiavit
2307 4248 2400 4303 ille
2429 4249 2533 4320 qui
2584 4249 2645 4303 in
2705 4247 2936 4316 Virgine
2976 4245 3261 4317 apparuit
3292 4262 3306 4300 :
3336 4249 3395 4300 et
3439 4243 3638 4300 statim

1978 4339 2150 4410 jubet
2178 4354 2287 4394 nos
2314 4337 2553 4409 rejicere
2581 4336 2878 4409 quidquid
2917 4336 2977 4391 in
3025 4334 3359 4391 remedium
3390 4340 3449 4389 et
3474 4333 3636 4390 auxi-

1980 4428 2125 4484 lium
2159 4435 2365 4483 contra
2396 4431 2711 4497 peccatum
2739 4424 2994 4482 inﬁrmae
3046 4425 3210 4480 carni
3239 4422 3557 4496 coaptavit,
3581 4426 3638 4479 et

260 4511 447 4566 λοιποῦ
484 4515 687 4591 θαῤῥεῖν
734 4520 871 4590 ἡμᾶς
924 4518 1095 4583 πόδας
1154 4520 1236 4574 ἐπὶ
1285 4531 1382 4575 τῶν
1432 4527 1588 4595 ὄφεων
1644 4522 1875 4597 βησομέ-

1996 4518 2068 4572 =ic
2095 4516 2314 4572 liberos
2328 4516 2406 4571 ab
2431 4514 2716 4571 omnibus
2733 4513 3008 4570 conﬁden
3022 4520 3105 4569 ter
3123 4513 3381 4586 pedibus
3407 4511 3637 4569 calcare

264 4621 380 4663 νους
407 4608 497 4656 καὶ
543 4613 640 4667 τῆς
677 4606 903 4677 κεφαλῆς
931 4616 1023 4660 τοῦ
1073 4606 1357 4684 δράκοντος
1416 4611 1514 4683 (8),
1576 4613 1627 4673 ἐς
1688 4612 1873 4674 αὐτούς

262 4691 544 4754 ἀπατήσας
625 4691 905 4753 ύπέδησεν.
970 4694 1092 4749 Εἶδε
1162 4706 1329 4752 ταῦτα
1384 4707 1581 4760 Μωσῆς
1637 4706 1724 4753 καὶ
1776 4706 1870 4760 τὴν

263 4779 550 4853 ελευθερίαν
614 4782 838 4837 ἐντεῦθεν
929 4785 1142 4859 Ἰσραὴλ
1217 4794 1522 4857 πιστοῦται,
1567 4795 1657 4841 καὶ
1712 4789 1869 4865 ἀπέρ-

261 4888 420 4941 χεται
483 4871 681 4946 θυῤῥῶν
755 4881 817 4945 τῇ
882 4870 1101 4947 δυνάμει
1149 4884 1245 4936 τῆς
1302 4876 1481 4947 ὅψεως,
1556 4881 1869 4949 καταμαθὼν

260 4957 452 5011 ἐκεῖθεν
517 4966 605 5014 καὶ
684 4967 778 5020 τὴν
832 4967 1007 5021 κοινὴν
1068 4965 1270 5016 πάντων
1330 4964 1616 5038 ἐλευθερὶαν
1674 4965 1869 5041 ἀνθρώ-

256 5065 389 5112 πων,
436 5051 503 5111 ὡς
570 5048 670 5103 ἀπὸ
729 5057 915 5127 Φαραώ
972 5049 1276 5126 τυραννίδος
1326 5058 1440 5106 τότε
1493 5058 1580 5106 τόν
1631 5055 1866 5129 Ἰσραὴλ,

326 5187 599 5266 (l)_Paul.
634 5192 813 5263 Epist.
855 5193 933 5250 ad
979 5193 1232 5266 Philipp.
1283 5211 1340 5259 u,
1384 5201 1436 5266 7,
1469 5195 1545 5251 de
1592 5195 1863 5265 Christo;

258 5259 478 5339 Ἑαυτὸν.
521 5259 754 5339 ἐκένωσε,
792 5270 1004 5339 μορφὴν
1054 5259 1243 5318 δούλόυ
1306 5259 1495 5321 λαϐών.
1546 5267 1629 5322 Cf.
1678 5283 1736 5339 p.
1771 5259 1858 5324 5οξ

330 5332 411 5403 (2)
450 5334 498 5385 Α
538 5333 665 5403 sine
697 5332 969 5391 articulo.

330 5401 407 5465 (3)
438 5404 500 5462 Β.
526 5401 799 5462 δηλοῦται.
836 5407 922 5462 Ad
954 5423 1076 5461 rem
1108 5407 1244 5463 vide
1279 5408 1547 5464 Exodum
1576 5425 1628 5463 c.
1660 5426 1697 5465 ι.

330 5473 411 5543 (4)
464 5476 643 5555 EX_0(_].
700 5493 778 5543 nl,
822 5481 863 5555 _3
898 5494 933 5555 :_
963 5474 1084 5531 Εἶπε
1130 5476 1189 5531 δὲ
1250 5487 1533 5540 Μωυσῆς-ο
1595 5480 1866 5555 Παρελθὼν

259 5544 553 5621 ὅψομαίτό
585 5549 756 5621 ᾆραμα
780 5551 838 5600 τό
870 5553 1002 5621 μέγα
1047 5558 1218 5606 τοῦτο.

329 5618 408 5689 (5)
444 5618 629 5684 Exod,
660 5618 737 5690 ill,
765 5624 799 5674 2
832 5618 980 5693 ε’ὅρα
1008 5622 1089 5673 ὅτι
1123 5623 1149 5674 6
1208 5621 1371 5693 βάτος
1425 5627 1626 5675 καίεται
1688 5627 1816 5699 πυρί
1850 5645 1860 5655 ·

1979 4610 2305 4677 serpentes,
2337 4611 2391 4661 et
2412 4608 2592 4677 caput
2637 4605 2916 4660 draconis
2953 4604 3055 4675 qui
3109 4619 3222 4659 nos
3281 4600 3637 4674 decipiendo

1978 4695 2347 4751 indumentis
2392 4709 2594 4749 carere
2651 4692 2891 4749 fecerat.
2952 4695 3082 4749 Haec
3144 4692 3284 4748 vidit
3321 4694 3552 4761 Moyses
3578 4694 3637 4747 et

1978 4784 2300 4841 crediditin
2326 4783 2659 4839 libertatem
2685 4783 2865 4839 Israel
2896 4788 2951 4839 et
2982 4782 3406 4838 abiitconﬁsus
3427 4781 3487 4835 in
3520 4780 3633 4835 vir-

1977 4879 2101 4930 tute
2133 4873 2400 4942 visionis,
2436 4872 2515 4926 ita
2540 4871 2763 4926 docens
2785 4887 3169 4926 communem
3220 4869 3493 4924 omnium
3523 4868 3633 4924 ho-

1979 4963 2210 5018 minum
2232 4960 2584 5032 libertatem,
2608 4963 2792 5015 Deum
2815 4959 3037 5032 quippe
3062 4959 3433 5014 nasciturum
3455 4972 3636 5029 prop-

1978 5056 2063 5106 ter
2095 5067 2203 5106 nos
2239 5066 2309 5106 ex
2341 5053 2516 5107 Matre
2557 5048 2802 5118 virgine,
2840 5052 2901 5103 ut
2939 5044 3462 5119 quemadmodum
3493 5051 3633 5102 tunc

1977 5195 2003 5246 6
2034 5191 2093 5247 δὲ
2117 5192 2275 5267 βάτος
2315 5192 2374 5245 ού
2413 5196 2734 5245 κατεκαίετο.

2047 5259 2126 5334 (6)
2163 5265 2324 5320 Exod
2355 5279 2438 5333 In,
2474 5268 2547 5319 4-:
2607 5262 2876 5315 Ἐκάλεσεν
2926 5260 3082 5314 αὐτὸν
3122 5262 3147 5313 6
3202 5262 3389 5334 Κύριος
3442 5259 3497 5312 ἐκ
3573 5268 3633 5313 οῦ

1977 5336 2167 5409 βάτουο

2045 5408 2125 5480 (7)
2156 5407 2313 5464 Exod
2346 5423 2425 5473 ιιι,
2459 5410 2489 5461 5
2524 5423 2537 5461 :
2569 5406 2726 5480 λύσαι
2778 5409 2836 5480 τὸ
2890 5401 3145 5480 ύπόδημα
3206 5402 3257 5455 ἐκ
3295 5412 3394 5480 τῶν
3452 5400 3629 5480 ποδῶν

1977 5474 2071 5532 σού
2162 5480 2186 5530 6
2216 5482 2317 5550 γὰρ
2350 5476 2611 5550 τόποςηὲν
2762 5479 2826 5527 σύ
2884 5474 3129 5542 ἕστηκας,
3164 5482 3232 5547 γῆ
3309 5475 3436 5547 ἁγία
3497 5474 3629 5528 ἔστί.

2047 5548 2125 5622 (8)
2158 5548 2447 5623 Respectu
2478 5548 2554 5605 ad
2589 5552 2677 5605 Ps.
2716 5564 2803 5615 xc,
2832 5550 2914 5604 13.
