4120 6394
582 346 717 405 1503

1928 340 2314 406 NICEPHORI
2352 342 2618 403 CHUMNI

3776 354 3886 412 itm

575 470 982 529 exemitlsrael
1010 484 1083 528 ex
1093 470 1412 544 tyrannide
1430 471 1786 541 Pharaonis,
1802 471 1885 528 ita
1894 486 2008 529 nos
2024 468 2232 527 adum.

2343 467 2508 531 οὕτως
2579 472 2720 546 ἡμᾶς
2785 470 2864 546 ἐφ’
2915 473 3121 547 ἡμερῶν
3179 471 3418 546 ἰσχάτων
3476 472 3550 546 (1)
3603 480 3687 528 τοῦ
3729 486 3883 552 πικροῦ

573 559 795 618 brabat
813 576 886 617 ex
905 559 1165 633 antiquis
1190 559 1406 617 diebus
1437 559 1517 617 ab
1547 560 1768 619 acerbo
1816 564 2100 634 tyranno,
2129 556 2235 630 qui

573 652 665 707 est
694 650 897 716 Satan,
921 647 1266 705 liberandos
1287 663 1439 707 esse.
1471 650 1674 720 Igitur,
1743 652 1809 706 ut
1868 647 2014 718 dixi,
2060 646 2237 703 solvit

575 752 787 795 omnes
806 737 969 795 malo
992 737 1339 806 servientes,
1365 742 1421 794 et
1440 738 1607 812 quod
1624 737 1966 794 liberaverit
1991 752 2022 792 e
2046 751 2236 793 manu

574 826 712 885 forti
754 827 1178 901 Egyptiorum
1229 827 1428 898 ﬁgura
1474 831 1564 884 est
1619 826 1885 901 mysterii
1944 825 2153 883 salutis
2178 829 2235 883 et

574 915 927 990 symbolum
950 915 1378 975 salvandorum
1408 916 1472 975 in
1498 916 1702 977 finem.

647 1094 764 1151 Sed
785 1094 999 1152 iterum
1025 1094 1287 1169 Egyptii
1309 1098 1538 1154 tentant
1553 1095 1836 1170 persequi
1868 1112 1973 1154 eos
1997 1096 2101 1169 qui
2123 1110 2234 1152 ser-

573 1182 823 1240 vitutem
851 1183 1163 1256 fugiebant
1200 1202 1213 1254 ;
1241 1185 1560 1242 currebant
1583 1189 1721 1258 post
1744 1201 1845 1242 eos
1875 1201 2015 1242 cum
2046 1185 2237 1243 omni-

573 1271 692 1329 bus
709 1273 880 1345 equis
908 1276 965 1330 et
988 1273 1263 1329 curribus
1287 1274 1538 1331 nitentes
1557 1274 1622 1331 in
1665 1291 1768 1331 eos
1804 1274 2031 1335 irruere
2056 1294 2068 1329 :
2097 1275 2238 1333 cito-

573 1377 693 1436 que
709 1367 1105 1435 occupassent
1116 1366 1170 1420 et
1191 1364 1570 1435 redegissent
1583 1365 1646 1421 in
1666 1380 1891 1423 novam
1903 1369 1961 1422 et
1971 1365 2237 1423 acerbio-

572 1466 702 1508 rem
732 1452 1092 1524 servitutem,
1126 1452 1246 1509 nisi
1273 1452 1473 1510 subito
1508 1452 1875 1511 circumfusa
1922 1452 2233 1521 salvasset,

574 1539 769 1596 nubes
799 1539 1023 1597 scilicet
1054 1556 1191 1614 qua
1236 1541 1644 1600 obumbrabat
1690 1558 1798 1616 per
1852 1546 2041 1600 totam
2074 1542 2235 1601 diem

575 1634 631 1688 et
663 1630 1080 1688 abscondebat
1108 1646 1213 1688 eos
1244 1650 1258 1686 :
1289 1631 1485 1689 nubes
1513 1632 1860 1706 symbolum
1880 1633 2123 1690 evidens
2147 1636 2239 1691 est

575 1719 727 1777 sicut
759 1725 817 1777 et
840 1720 1032 1778 vellus
1059 1721 1374 1779 Gedeonis.
1427 1722 1623 1779 Vellus
1666 1722 1816 1779 illud
1852 1722 2110 1780 imbrem
2134 1739 2237 1781 os-

2332 560 2505 635 ,Σατὰν
2553 560 2825 636 ῥύσασθαι
2879 563 3153 640 τυράννου,
3209 566 3338 617 Θεὸν
3381 562 3435 616 έκ
3493 567 3673 638 μῆτρὸς
3725 570 3882 641 παρθέ-

2340 666 2429 699 νου
2505 649 2622 702 καθ’
2708 653 2850 724 ἡμᾶς
2926 656 3201 725 γεγονότα.
3269 656 3372 706 Καὶ
3422 659 3563 724 γοῦν,
3617 654 3726 729 ὅπερ
3765 657 3880 727 ἔφην.

2343 736 2500 798 σώζει
2541 736 2694 793 κάκεῖ
2724 743 2844 802 τούς
2898 745 3359 817 τυραννουμένους,
3408 745 3499 795 καὶ
3561 749 3647 804 τῆς
3706 740 3883 816 βαρείας

2340 826 2640 899 Αἰγυπτίων
2702 834 2885 906 χειρὸς
2965 830 3179 885 ἀπολύει
3252 832 3278 884 ό
3325 837 3417 885 τοῦ
3473 836 3716 907 σωτηρίου
3760 831 3882 888 τοῦδε

2339 921 2633 993 μυστηρίου
2670 922 2832 983 τύπος
2870 924 2961 974 καὶ
3016 922 3084 975 τὰ
3145 919 3386 995 σύμϐολα
3428 927 3529 973 τῶν
3561 921 3756 997 ὕστερον
3799 943 3878 977 σω-

2342 1004 2588 1079 ζομένων.

2413 1095 2489 1148 Ού
2512 1099 2616 1169 μὴν
2651 1095 2780 1151 ἀλλὰ
2834 1106 3115 1173 πειρῶνται
3171 1098 3329 1153 πάλιν
3373 1099 3648 1172 Αἰγύπτιοι
3691 1107 3775 1154 τῶν
3809 1105 3875 1162 τὴν

2342 1180 2579 1238 δουλείαν
2641 1190 2929 1260 φευγόντων
3008 1184 3358 1242 καταδιώκειν
3449 1190 3617 1244 ὀπίσω
3687 1191 3767 1262 (2),
3806 1194 3866 1243 καί

2340 1270 2659 1328 κατεδίωκον
2742 1274 2974 1350 ἅρμασιν
3025 1277 3187 1346 ὅλοις,
3244 1278 3441 1347 ἵπποις,
3505 1277 3770 1340 ἐλαύνοντες
3809 1280 3861 1349 (3)

2342 1363 2421 1417 ἔπ’
2477 1363 2682 1427 αύτούς.
2741 1370 2842 1420 Καὶ
2911 1367 3039 1440 τάχ’
3082 1366 3144 1420 ἂν
3199 1366 3504 1421 κατέλαϐον.
3542 1372 3629 1421 καὶ
3691 1368 3796 1421 εἶλον
3828 1367 3868 1419 ἂν

2342 1449 2490 1514 αὖθις
2517 1455 2725 1527 ἄγοντες
2774 1453 2860 1509 ἐπὶ
2901 1459 3092 1530 πικρὰν
3131 1453 3391 1525 δουλείαν,
3450 1456 3497 1510 εἰ
3542 1445 3632 1530 μὴ’
3669 1455 3875 1510 κάνταῦθα

2340 1551 2630 1617 περιφανῶς
2667 1546 2698 1603 ἡ
2758 1551 2851 1598 τοῦ
2899 1545 3165 1618 μέλλοντος
3212 1547 3342 1599 σκιὰ
3405 1546 3695 1622 περιέσωζε,
3741 1545 3875 1617 νεφέλη

2342 1639 2439 1692 τῆς
2491 1634 2685 1706 ἡμέρας
2765 1633 2885 1695 ὅλης
2932 1633 3322 1696 ἔπισκιάζουσα
3377 1634 3455 1709 (4)
3510 1639 3597 1688 καὶ
3644 1635 3884 1709 συγκρύπτ-

2343 1739 2498 1791 ουσα,
2554 1721 2731 1795 νεφέλη
2810 1722 3066 1796 σύμϐολον
3123 1722 3351 1799 έναργὶς,
3397 1726 3467 1787 ὡς
3515 1725 3541 1777 ό
3602 1730 3688 1776 τοῦ
3734 1719 3886 1776 Γεδεὼν

573 1808 764 1866 tendit
790 1808 1193 1868 viviﬁcantem
1220 1810 1295 1868 de
1319 1810 1470 1868 cmlo
1501 1815 1745 1885 propter
1787 1826 1899 1868 nos
1944 1811 2144 1869 aridos
2181 1817 2232 1871 et

2344 1806 2495 1872 αὖθις
2523 1814 2681 1864 πόκον
2714 1810 2811 1885 (5).
2848 1815 2946 1866 Τὸν
2980 1815 3082 1889 γὰρ
3123 1816 3344 1878 ζωτικὸν
3387 1814 3535 1877 οὗτος
3566 1811 3740 1888 ὄμϐρον
3792 1814 3889 1887 πρὸς

573 1912 725 1971 pene
753 1901 1022 1956 mortuos
1036 1899 1353 1957 cadentem
1379 1900 1600 1969 ;nubes
1619 1903 1822 1958 autem
1836 1900 2135 1971 Virginem
2158 1901 2236 1958 si-

573 1986 815 2057 gniﬁcat
833 2003 971 2061 qua:
990 1987 1171 2045 nobis
1192 1988 1494 2062 praebetur
1512 1993 1579 2046 ut
1628 1989 2056 2046 umbraculum
2106 1989 2237 2047 uni-

570 2091 748 2133 versa
774 2079 935 2133 terra
961 2080 1020 2134 et
1043 2077 1328 2134 omnibus
1353 2077 1518 2136 caelis
1546 2077 1923 2135 immensius.

645 2252 759 2310 Sed
776 2255 1016 2326 propter
1027 2253 1175 2327 quid
1192 2253 1356 2311 aliud
1386 2269 1556 2311 mare
1576 2255 1847 2311 Rubrum
1864 2254 1926 2312 in
1939 2253 2236 2313 mirabilia

572 2342 797 2400 elatum
810 2346 867 2399 et
880 2343 977 2399 Dei
993 2343 1290 2416 populum
1313 2343 1573 2401 multum
1601 2344 1872 2416 salvavit,
1913 2345 2236 2402 submersit

570 2446 713 2488 vero
740 2431 927 2487 robur
944 2431 1276 2488 Pharaonis
1306 2435 1364 2489 et
1391 2432 1691 2505 principes
1715 2433 2054 2506 Egyptios,
2088 2449 2234 2507 quo-

570 2520 757 2579 modo
786 2524 951 2579 tanta
983 2521 1176 2595 potuit
1210 2522 1446 2595 operari
1471 2522 1589 2579 nisi
1618 2523 1766 2596 quia
1794 2521 1874 2579 ad
1902 2522 2071 2580 Illam
2094 2539 2232 2580 vere

571 2608 930 2667 efferebatur
964 2626 1101 2684 quae
1128 2611 1266 2667 ﬁnis
1293 2615 1420 2669 erat
1448 2627 1658 2668 earum
1716 2627 1870 2686 quas
1926 2611 2233 2669 Abraham

571 2700 839 2774 suscepit
854 2700 1348 2774 promissionum,
1375 2705 1550 2774 etper
1572 2717 1760 2775 quam
1788 2700 1950 2759 facta
1969 2706 2061 2759 est
2082 2702 2234 2759 mul-

568 2788 857 2862 tiplicatio
932 2789 1176 2846 seminis
1241 2789 1520 2857 Abrahae,
1585 2790 1753 2864 quod
1805 2790 2236 2862 multiplicatur

569 2892 644 2934 ex
662 2877 797 2951 ipsa
826 2881 1197 2949 generatum,
1233 2878 1443 2935 orbem
1475 2878 1829 2936 universum
1841 2895 2232 2953 regenerans,

569 2970 628 3023 et
653 2966 715 3022 in
746 2967 943 3040 seipso
966 2966 1246 3024 adunans
1281 2982 1492 3025 omnes
1527 2967 1677 3025 dum
1717 2968 1844 3041 ipse
1906 2973 2235 3042 congregat

567 3070 743 3114 veros
777 3055 1036 3113 Abrahae
1056 3056 1278 3114 liberos
1309 3056 1339 3113 i’

2300 2568 2307 2571 .
2342 2526 2533 2585 στάτας

2343 1898 2531 1975 ξηροὺς
2591 1901 2727 1974 ἡμᾶς
2792 1901 2884 1954 ἅτε
2937 1906 3030 1955 καὶ
3077 1906 3286 1976 νεκροὺς
3337 1902 3486 1964 ὅλους
3533 1901 3816 1972 καταϐάντα,
3863 1902 3885 1958 ἡ

2344 1985 2404 2042 δε
2484 1989 2660 2062 νεφέλη
2741 1994 2830 2049 τὴν
2913 1992 3165 2064 παρθένον
3239 2000 3421 2065 σαφῶς
3489 1992 3771 2066 προγράφει,
3822 1995 3891 2042 τοῦ

2341 2081 2543 2152 κόσμου
2594 2081 2796 2140 πάντως
2829 2083 3027 2139 σκέπην
3072 2085 3165 2134 καὶ.
3229 2082 3440 2135 πάντων
3492 2087 3721 2154 φανεῖσαν
3772 2078 3891 2152 ούρα-

2340 2174 2438 2219 νῶν
2468 2166 2810 2241 πλατυτέραν.

2413 2255 2490 2308 Οὐ
2517 2261 2622 2328 μὴν
2652 2254 2781 2310 ἀλλὰ
2804 2263 2956 2310 τοῦτο
2990 2259 3082 2330 μὲν
3146 2253 3214 2316 δὴ
3289 2265 3561 2313 τοσοῦτον.
3606 2257 3809 2331 Ἐρυθρὰ
3850 2250 3892 2306 δε

2340 2353 2766 2422 τερατουργοῦσα
2824 2351 2915 2400 καὶ
2982 2344 3336 2410 διασώζουσαι
3392 2351 3481 2421 μὲν
3536 2355 3605 2419 τῷ
3659 2354 3758 2417 Θεῷ
3801 2344 3892 2397 λαὸν

2338 2438 2656 2509 περιούσιον,
2708 2434 3012 2509 βυθίζουσα
3071 2433 3131 2490 δὲ
3187 2433 3414 2512 δύναμιν
3462 2440 3643 2512 Φαραὼ
3686 2440 3764 2487 καὶ
3808 2452 3891 2507 τρι-

2614 2524 2934 2597 Αἰγυπτίους
3005 2526 3105 2597 (6),
3166 2528 3325 2580 πόθεν
3375 2526 3578 2580 ἄλλοθεν
3629 2526 3690 2578 τὰ
3736 2520 3890 2597 μεγάλα

2338 2620 2510 2667 ταῦτα
2529 2610 2837 2680 δεδύνηται,
2869 2614 2899 2674 ἣ
2932 2617 3062 2689 πρὸς
3124 2614 3288 2674 αὐτὴν
3329 2612 3398 2675 δὴ
3447 2616 3635 2673 ταύτην
3697 2612 3888 2683 καθαρῶς

2341 2700 2689 2775 ἀναφέρουσα,
2783 2706 2911 2779 πρὸς
3002 2703 3062 2762 ἣν
3115 2707 3207 2757 καὶ
3262 2707 3326 2758 τὸ
3388 2704 3525 2766 τέλος
3564 2709 3662 2757 τῶν
3700 2698 3886 2774 Ἂϐραὰμ

2339 2791 2748 2864 ἐπηγγελμένων,
2821 2796 2912 2845 καὶ
2982 2794 3009 2845 ὅ
3082 2792 3399 2867 πληθυσμὸς
3486 2800 3575 2846 τοῦ
3647 2794 3877 2864 σπέρματος

2339 2887 2433 2934 τοῦ
2457 2880 2514 2944 ἐξ
2565 2880 2733 2944 αὐτῆς
2785 2883 3115 2954 γεννηθέντος
3168 2883 3263 2954 (7),
3326 2887 3521 2956 κόσμον
3579 2881 3683 2935 ὅλον
3729 2877 3885 2948 ἆνογεν-

2338 2975 2590 3034 νήσαντος
2642 2974 2732 3023 καὶ
2806 2970 3208 3045 οἰκειωσαμένου
3272 2974 3367 3046 μὲν
3424 2971 3606 3043 ἐαυτῷ,
3671 2968 3885 3023 ciuium-

2338 3064 2492 3133 μένου
2521 3056 2581 3113 δὲ
2599 3063 2852 3132 γνησίους
2880 3068 2954 3132 τῷ
2980 3060 3220 3136 Ἀϐραάμ
3253 3077 3266 3129 ;

639 3143 863 3201 Deinde
884 3148 1053 3218 petra
1081 3146 1362 3219 producit
1380 3161 1628 3219 aquam,
1668 3147 2003 3204 maximum
2053 3149 2232 3205 mira-

2414 3145 2542 3201 Εἶτα
2590 3152 2756 3225 πέτρα
2812 3151 3041 3222 πηγᾶὶζει
3087 3150 3167 3224 (8)
3212 3154 3307 3204 καὶ
3371 3153 3431 3205 τὸ
3486 3149 3629 3204 πλέον
3674 3152 3752 3201 τοῦ
3799 3141 3889 3230 θαῦέ

568 3234 795 3301 culum,
809 3237 865 3290 et
882 3235 1110 3307 spargit
1121 3235 1391 3309 undique
1404 3234 1627 3294 ﬂuenta
1671 3253 1808 3310 quae
1829 3238 1891 3293 in
1914 3238 2232 3295 continuos

567 3322 788 3379 ﬂuvios
804 3322 1057 3380 efﬂuunt
1088 3340 1102 3379 :
1135 3327 1194 3380 et
1216 3324 1482 3397 populus
1514 3324 1607 3381 siti
1632 3327 1913 3397 perustus
1952 3325 2013 3382 in
2035 3325 2234 3383 deser-

567 3409 807 3469 to.bibit
830 3426 1023 3485 usque
1056 3411 1135 3470 ad
1163 3413 1724 3471 satietatemJPetra
1752 3418 1957 3471 autem
1986 3430 2128 3487 pars
2142 3417 2237 3472 est

567 3501 792 3559 montis
812 3502 919 3576 qui
949 3505 1166 3576 typum
1193 3502 1377 3561 habet
1404 3504 1658 3574 Virginis
1715 3520 1788 3560 ex
1852 3520 1976 3578 qua
2015 3505 2234 3578 prodiit

570 3590 840 3648 Christus
899 3592 1074 3665 Lapis
1148 3592 1456 3663 angularis
1504 3598 1562 3649 et
1613 3593 1808 3649 vitalis
1855 3598 2045 3666 petra,
2110 3595 2233 3651 sive

568 3694 708 3736 cum
734 3695 771 3736 a
802 3683 922 3738 Deo
944 3681 1125 3754 longe
1144 3696 1418 3739 essemus
1447 3697 1562 3738 nos
1584 3683 1988 3754 congregavit,
2021 3687 2080 3739 et
2115 3687 2235 3741 sta-

568 3768 756 3825 tuitin
783 3767 1166 3841 infrangibile
1185 3768 1730 3827 vinculum‘secum
1756 3788 1770 3838 ;
1804 3770 1927 3827 sive
1947 3772 2092 3845 quia
2118 3788 2233 3829 nos

565 3857 1054 3932 potavitaquaex
1067 3860 1267 3933 seipso
1298 3857 1576 3917 eﬁluente
1606 3864 1665 3918 et
1699 3860 1945 3918 saliente
1968 3861 2030 3918 in
2044 3862 2231 3919 vitam

565 3960 704 4018 quas
727 3961 1046 4020 nunquam
1077 3946 1332 4006 deﬁciet.
1644 3951 1654 3960 ’

641 4034 796 4101 Quid
832 4036 1094 4110 amplius
1123 4036 1388 4094 itamem
1408 4037 1719 4111 patiuntur
1737 4038 1798 4095 in
1815 4039 2073 4111 deserto,
2091 4057 2229 4114 quas

567 4126 656 4180 est
680 4124 1110 4182 acerbissimus
1134 4125 1307 4183 dolor
1331 4142 1344 4183 :
1364 4125 1447 4183 illi
1465 4142 1608 4198 ergo
1632 4127 1850 4186 iterum
1873 4129 1935 4185 in
1962 4132 2227 4204 Moysem

565 4211 940 4270 concitantur
961 4214 1042 4271 ad
1062 4214 1236 4283 iram,
1255 4215 1361 4289 qui
1382 4214 1549 4273 nullo
1568 4216 1751 4273 modo
1776 4222 1986 4274 exorto
2008 4218 2229 4273 tumul-

565 4304 631 4358 tu
664 4303 1031 4375 perterritus,
1054 4304 1204 4362 dixit
1236 4304 1322 4361 eis
1356 4323 1369 4363 :
1396 4328 1425 4357 «
1458 4306 1515 4364 Si
1550 4305 1711 4362 enim
1750 4322 1889 4362 cum
1937 4306 2231 4378 percussit

565 4393 799 4463 petram
825 4390 999 4448 ﬂuxit
1012 4407 1195 4466 aqua,
1215 4409 1419 4451 nonne
1440 4398 1497 4451 et
1513 4410 1735 4467 panem
1758 4394 2130 4466 poteritdare
2150 4394 2177 4449 ?
2196 4416 2225 4446 »

569 4479 682 4545 Qui
717 4479 802 4536 eis
830 4479 1116 4554 produxit
1138 4483 1343 4540 cibum
1368 4499 1492 4539 non
1522 4498 1596 4538 ex
1623 4488 1801 4549 terra,
1827 4482 1995 4554 etqui
2012 4487 2227 4555 patens

565 4569 657 4624 est
677 4582 868 4640 panes
880 4570 1063 4628 etiam
1075 4585 1149 4627 ex
1168 4571 1476 4644 lapidibus
1492 4570 1779 4643 proferre,
1792 4571 1856 4626 in
1878 4586 2105 4629 novum
2121 4574 2228 4630 mi-

564 4657 843 4715 raculum
857 4662 1091 4717 mutata
1105 4659 1374 4734 potentia
1392 4676 1406 4727 ;
1427 4658 1586 4714 unde
1605 4673 1748 4729 ergo
1760 4658 1893 4716 illos
1907 4661 2228 4720 enutrivit?

564 4744 640 4803 de
675 4746 840 4804 ccelis
873 4764 978 4806 eos
1016 4749 1253 4808 satiavit
1290 4752 1436 4806 tunc
1473 4746 1801 4805 ostendens
1842 4763 2225 4823 perseverare

632 4958 708 5031 (1)
738 4958 978 5036 Phrasis
1008 4961 1097 5015 est
1125 4956 1351 5016 biblica
1378 4956 1455 5011 ἐπ’
1492 4959 1736 5031 ἐσχάτων
1767 4961 1970 5036 ἡμερῶν
2014 4979 2028 5033 ;
2061 4963 2225 5021 conf.

559 5035 856 5104 pag.llo,
896 5032 980 5086 17.
1805 5032 1813 5035 ⁷
1868 5032 1877 5036 ’
2016 5032 2019 5033 ⁷

603 5101 936 5177 A(2)_Exod‘.
973 5115 1073 5164 xu,
1109 5102 1139 5155 8
1179 5116 1192 5155 :
1235 5096 1547 5164 κατεδίωξεν
1601 5102 1837 5177 (Φαραὼ)
1885 5104 2057 5159 ὀπίσω
2123 5114 2226 5159 τῶν

561 5170 684 5245 υἱῶν
698 5170 706 5174 ⁷
718 5170 948 5245 Ἰσραήλ.

658 5245 712 5311 3)
742 5240 964 5298 Forsan
995 5242 1204 5313 ἰππους,
1229 5240 1322 5297 vel
1353 5243 1543 5307 ἱππεῖς,
1584 5243 1896 5310 ἐλαύνοντες.

657 5315 714 5387 5)
742 5315 854 5387 _E_x_.
882 5316 1094 5387 x_m,__21
1134 5329 1147 5369 :
1177 5315 1357 5369 Num.
1385 5331 1444 5384 x,
1487 5318 1580 5374 34.
2134 5380 2139 5387 ,

657 5383 709 5463 ἒξ)
741 5383 1222 5463 Y_ide}udic._v1,_
1243 5388 1331 5455 37,
1360 5383 1492 5460 sqq.
1525 5390 1668 5463 —4_B
1718 5388 1846 5463 sine
1886 5383 2142 5463 articulo
2165 5391 2223 5457 ,6.

632 5453 721 5535 (θ’)
750 5453 953 5535 Baeda
979 5470 1069 5524 xv,
1098 5457 1141 5535 4_
1167 5453 1626 5535 εᾶρμαςίῷαραῆ
1691 5460 1784 5535 καὶ
1840 5465 1933 5520 τὴν
1969 5453 2224 5535 ﬂow?”

561 5524 750 5600 αύτού-
814 5524 1017 5600 ἕρῥιψεν
1100 5526 1172 5590 εἰς
1222 5524 1519 5600 θάλασσαν,
1608 5529 1904 5594 ἐπιλέκτους
1961 5524 2226 5598 ἀναϐάτας

558 5595 844 5677 τριστάεας
869 5595 888 5629 ’-
907 5595 1358 5677 κατεπόθησαν-,έν
1406 5595 1635 5676 Ἐρυθρᾴ
1666 5602 1932 5677 θαλάσσῃ.

631 5669 711 5739 (7)
736 5666 877 5725 Vide
900 5670 1106 5728 Genes.
1136 5687 1235 5739 xv,
1275 5674 1331 5730 δε

2340 3256 2525 3311 ματος,
2584 3238 2666 3292 ὅτι
2754 3242 3137 3314 μεταφερομένη
3209 3240 3399 3315 ῥεῖθρα
3464 3236 3721 3311 προϐάλλει
3769 3229 3890 3301 (κατὰ

2338 3329 2606 3399 ποταμούς
2665 3324 2908 3389 ἀεννάους
2959 3329 3038 3399 (9)
3094 3349 3108 3363 ο
3148 3330 3197 3381 οἱ
3256 3324 3318 3382 δὲ
3359 3333 3595 3382 πίνουσιν
3649 3324 3715 3388 εἰς
3756 3324 3889 3395 κόρον,

2340 3410 2490 3486 δίψει
2547 3416 2825 3488 κάμνοντες
2892 3415 2942 3468 ἓν
2995 3412 3229 3493 ἀνύδρῳ.
3274 3423 3380 3472 Καὶ
3432 3420 3463 3478 ἡ
3526 3415 3678 3490 πέτρα
3727 3412 3887 3466 πάντως

2340 3502 2394 3567 ἐξ
2421 3505 2568 3578 ὅρους
2616 3506 2781 3557 τύπον
2846 3507 3064 3578 ἔχοντος
3118 3510 3212 3565 τὴν
3268 3509 3545 3581 παρθένον,
3605 3502 3656 3567 ἐξ
3692 3500 3747 3563 ἧς
3792 3503 3889 3568 Χρι-

2342 3596 2465 3656 στὸς
2495 3591 2789 3669 ἀκρογωνος
2815 3593 2957 3657 λίθος
3014 3595 3130 3665 (10)
3178 3599 3268 3648 καὶ
3318 3596 3459 3658 ζωῆς
3517 3597 3687 3668 πέτρα,
3736 3590 3784 3641 τό

2342 3684 2616 3736 συνάπτων
2663 3684 2804 3756 ἡμᾶς
2871 3681 2973 3736 ἀπὸ
3062 3690 3196 3737 Θεοῦ
3252 3685 3630 3759 μακρυνθέντας
3680 3680 3756 3730 καὶ
3795 3689 3885 3759 ς’δν·

2340 3769 2476 3844 ἔχων
2507 3771 2579 3835 εἰς
2640 3770 2842 3847 ἀρραγῆ
2900 3769 3216 3846 σύνδεσμον,
3275 3776 3337 3827 τὸ
3368 3757 3375 3759 Ὗ
3402 3769 3461 3826 δὲ
3523 3768 3730 3830 ποτίζων
3775 3757 3884 3830 ὕδωρ

2339 3857 2530 3925 ἁῑδίως
2590 3859 2836 3923 έκϐλύζον
2893 3865 2983 3915 καὶ
3040 3867 3110 3936 μή
3176 3882 3302 3917 ποτε
3354 3862 3617 3935 λήγουσαν
3661 3858 3776 3922 ζῶῆν
3813 3848 3886 3920 έμ-

2340 3954 2604 4027 παρέχον.

2408 4043 2474 4093 Τί
2501 4042 2577 4093 ἔτι
2615 4056 2628 4096 :

2335 4128 2625 4183 λεπὼτατον
2661 4127 2784 4202 λιμό
2814 4128 3001 4190 αὐτούς
3058 4128 3445 4203 καταλαμϐάνει
3498 4150 3511 4164 ·
3567 4129 3615 4180 οἱ
3664 4127 3716 4177 δε
3766 4127 3885 4216 ﬁdi-l3

2338 4223 2578 4292 φέρονται
2656 4220 2790 4271 κατὰ
2860 4223 3114 4287 Μωσέως,
3186 4215 3456 4292 μηδεμιᾶς
3518 4212 3749 4291 μηδαρῶς
3789 4212 3869 4278 μηδ

2338 4304 2386 4361 ἓν
2417 4306 2592 4360 ἐλπίσι
2625 4314 2876 4380 μηχανῆς
2915 4311 3225 4381 φαινομένης
3266 4330 3278 4343 ·
3330 4331 3360 4361 (ι
3420 4308 3482 4362 Εἰ
3522 4308 3616 4379 γὰρ
3671 4292 3882 4354 ἐπάταξεν

2340 4400 2469 4468 φασὶ
2501 4417 2531 4446 (ι
2558 4400 2769 4471 πέτραν,
2808 4400 2899 4448 καὶ
2932 4380 3076 4472 ὕδωρ
3110 4395 3288 4472 ἓρῥύη,
3344 4402 3416 4471 μὴ
3471 4399 3559 4449 καὶ
3593 4394 3734 4467 ἄρτον
3769 4380 3879 4437 δύνα-

2338 4502 2428 4537 ται
2455 4479 2770 4557 δοῦναι(11)
2803 4501 2817 4552 ;
2851 4505 2880 4535 ››
2915 4483 2999 4538 '0.
3030 4482 3079 4539 δ’
3127 4484 3228 4539 ἀπὸ
3280 4495 3384 4556 γῆς
3444 4488 3532 4559 μεν
3587 4480 3750 4538 αὐτοῖς
3795 4484 3871 4559 τΡῩ

2341 4576 2440 4645 φὴν
2492 4571 2588 4625 ούκ
2669 4577 2870 4645 ἤνεγκε,
2927 4577 3018 4626 καὶ
3064 4574 3212 4626 ταῦτ’
3288 4572 3399 4637 ἐξὸν
3460 4573 3645 4645 ἄρτους
3690 4566 3768 4617 καὶ
3801 4554 3878 4608 τοὺς

2337 4661 2514 4724 λίθους
2538 4663 2781 4733 γενέσθαι
2811 4660 2951 4735 (12),
2979 4669 3076 4724 τῆς
3116 4661 3280 4724 αὐτῆς
3307 4671 3382 4734 τῷ
3431 4661 3655 4736 προτέρῳ

2338 4754 2726 4826 μεταποιούσης
2775 4748 3040 4827 δυνάμεως
3095 4772 3108 4789 -
3166 4751 3402 4827 ψωμίζεί
3456 4747 3514 4805 δὴ
3559 4746 3700 4803 πόθεν
3726 4738 3775 4800 εξ
3814 4738 3880 4785 οὐ·

2687 4046 2931 4094 πεινῶσιν
2996 4038 3045 4093 ἐν
3090 4039 3359 4116 ἐρημίαις,
3409 4044 3499 4095 καὶ
3543 4039 3697 4097 πάθος
3740 4033 3789 4084 τὸ
3814 4043 3889 4116 χα-

3567 4129 3615 4180 οἰ
3664 4121 3695 4177 δ
3697 4126 3716 4176 ε
3766 4114 3882 4171 πάλιν

2408 4965 2868 5043 (8)Exo_d.xvn,
2912 4969 2963 5022 6.
3030 5040 3078 5043 Α
3159 5035 3232 5043 ω,
3458 5030 3519 5043 Α
3650 5026 3663 5043 ,
3730 5023 3777 5043 4,

2407 5028 2483 5110 (9)
2516 5036 2666 5093 Psal.
2738 5028 2954 5105 Lxx'vu,
3020 5040 3085 5093 ιο
3113 5035 3399 5110 εὲξήγαγεν
3450 5030 3591 5105 ὕδωρ
3643 5028 3694 5081 ἐκ
3722 5028 3885 5090 πέτρας,

2334 5105 2427 5162 καῖ
2455 5105 2751 5190 κατήγαγεν
2786 5110 2854 5171 ὡς
2887 5112 3153 5182 ποταμούς
3187 5105 3383 5190 ὕδατα.

2402 5148 3453 5263 ξιῖιῑ’δέῑίςίμξτςέτξέξτςῑοῖερζἀίδιος
3482 5148 3888 5263 ἰοί-ιῄιξοηηξεξωίξξ

2334 5236 2800 5323 ἱηὀί)οειο11οίε
2836 5236 3123 5323 epistolis.
3170 5236 3329 5308 Fons
3370 5241 3672 5307 locutionis
3713 5236 3792 5291 est
3840 5236 3886 5279 ιη

2336 5322 2718 5379 Ιεοίδζχκνιιι.
2755 5322 2889 5378 16.⁷
3454 5388 3465 5391 _
3530 5388 3539 5391 Α
3608 5383 3632 5391 ,
3744 5376 3781 5391 ,.

2357 5392 2755 5462 .ι(11)Ρεε.ιω.
2788 5408 3007 5462 nxxvn.
3064 5396 3134 5450 20
3198 5411 3212 5450 :
3274 5391 3382 5446 ἐπεὶ
3446 5383 3662 5462 ίπάταξε.
3697 5381 3878 5462 πὶτθῗΪζ

2333 5447 2426 5517 καί
2477 5447 3115 5540 ἑβρύησανΑύδοὶταιηκα)
3164 5463 3449 5540 χείμαρροι
3500 5447 3877 5512 κατεκλυσθησαν

2335 5531 2719 5610 μὴΑκαῖῖᾶρτον
2748 5531 3034 5610 δυνήσεται
3074 5531 3268 5610 δοῦναί
3294 5554 3307 5608 ;

2408 5569 3459 5678 (ΓΞἔὲἑῦἒέιῖϊᾱ⁸,ξὲιιῑιέ’ἓ”ειέαηεέ,
3518 5593 3699 5659 Matth.
3730 5590 3796 5655 xv,
3824 5581 3873 5635 3:

2338 5676 2448 5732 εἰπὲ
2478 5680 2561 5732 ἶνα
2598 5676 2810 5733 omen
2830 5676 2974 5732 οὗτοι
3002 5678 3156 5753 ἄρτοι
3182 5681 3447 5753 γένωνται.
