4120 6428
225 322 367 420 450‘s

1272 322 1365 390 DE
1411 318 1631 391 FESTO
1671 311 2125 389 noRMrrtouis
2165 316 2224 389 ε.
2264 314 2527 389 ΜΑΒῘΑΕ.

3460 317 3598 394 1506

217 469 409 536 ρανιῶν
477 462 651 534 τρέφει
702 458 801 532 (1),
862 458 1052 512 εκεῖθεν
1111 454 1241 512 εἶναι
1315 454 1517 518 δεικνὺς
1607 459 1698 509 καὶ
1764 458 1831 509 τὰ

1943 472 2077 529 quae
2106 457 2272 529 prius
2302 456 2514 515 effecta
2533 457 2788 515 fuerant.
2815 459 2882 515 Et
2901 454 3006 531 qui
3024 471 3214 531 panes
3238 471 3361 516 non
3399 458 3596 518 habe-

217 556 401 625 πρώην
461 547 759 622 τελούμενα.
822 553 924 602 Καὶ
989 550 1039 600 οἱ
1091 556 1191 600 τῶν
1249 548 1420 622 ἄρτων
1479 546 1832 619 ἀπεγνωκότες

217 647 485 717 τρώγουσι
535 641 725 713 μάννα,
778 642 961 696 καινήν
1019 657 1137 690 τινα
1204 641 1399 710 τροφήν
1489 641 1582 689 καὶ
1659 635 1831 708 πολλῷ

215 738 311 783 τοῦ
366 730 691 802 ζητουμένου
758 726 1103 804 τιμιωτέραν,
1166 725 1278 800 ἆμα
1335 723 1395 779 δι
1440 730 1531 779 καὶ
1590 727 1829 799 ἄφθονον,

217 826 309 896 καὶ
403 816 599 896 ῥᾳδίαν
673 824 808 872 πᾶσι
868 825 979 880 τοῖς
1079 817 1391 890 κομίζεσθαι
1475 814 1829 889 βουλομένοις.

219 892 416 963 Ἀνεῖτο
454 892 568 985 γὰρ
646 906 1050 981 ἀπολαμϐάνειν,
1143 910 1215 979 μὴ
1281 904 1397 958 καθ’
1475 907 1595 959 ὅσον
1679 909 1831 979 μόνον

221 998 510 1074 ἓπαρκέσαι
549 1005 612 1071 τῇ
663 1002 825 1071 χρείᾳ
882 994 1012 1051 ἀλλὰ
1074 1001 1165 1049 καὶ
1215 998 1453 1071 περιττόν
1512 994 1651 1067 ἐχειν
1705 1000 1832 1046 κτᾶ-

224 1091 370 1157 σθαι,
421 1088 467 1141 εἰ
510 1092 601 1140 καὶ
656 1086 821 1148 ἄλλως
890 1083 952 1145 ἦν
1044 1089 1105 1139 τό
1184 1092 1480 1160 περιττεῦον
1565 1082 1823 1142 ἀνόνητον·

221 1182 390 1250 ἕτερον
454 1174 703 1236 δηλονότι
759 1178 935 1248 Θαῦμα
987 1182 1283 1250 καταργοῦν
1353 1179 1443 1233 τὴν
1509 1173 1823 1241 ἀπληστίαν,

220 1267 332 1341 ἅμα
381 1263 441 1320 δὲ
497 1270 586 1319 καὶ
624 1270 720 1324 τὴν
778 1263 1029 1318 ἀπιστίαν
1087 1262 1478 1339 διορθούμενον,
1529 1263 1573 1316 εἰ
1638 1266 1823 1316 τούτου

218 1358 382 1433 χάριν
404 1358 462 1409 τὸ
490 1355 640 1409 πλέον
681 1353 974 1422 ἁπετίθουν,
1036 1353 1162 1406 ὣστ’
1216 1354 1366 1414 αὖθις
1413 1353 1577 1426 ἔχειν,
1631 1350 1827 1404 amisi-

217 1464 402 1507 πόντος
448 1451 539 1497 τοῦ
592 1439 896 1517 διδομένου,
942 1450 1015 1514 τῷ
1060 1441 1374 1517 προλαϐόντι
1555 1442 1823 1516 χρῆσθαι,

219 1538 425 1607 καὶμὴ
476 1540 549 1604 τῷ
611 1540 939 1607 χορηγοῦντι
989 1531 1295 1607 θαρροῦντες
1374 1526 1508 1590 ἦσαν
1582 1529 1661 1584 ἀεὶ
1738 1534 1824 1582 καὶ

222 1622 483 1683 πλουσίως
542 1624 794 1693 παρέχειν
858 1616 1215 1693 δεδυνημένῳ·
1265 1626 1382 1680 Τοῖς
1458 1622 1548 1692 μὲν
1626 1619 1715 1671 οὖν
1789 1619 1819 1676 ἡ

221 1710 427 1788 βρῶσις
479 1708 784 1783 ἐπεστήριξε
841 1711 935 1768 τήν
992 1705 1237 1784 καρδίαν,
1283 1712 1471 1781 μηκέτι
1525 1705 1823 1761 διαπιστεῖν

221 1799 299 1854 ἔπ’
329 1796 505 1853 οῦδενὶ
557 1807 659 1851 τῶν
721 1796 950 1871 ἀπόρων,
1008 1800 1078 1859 ὡς
1125 1797 1253 1870 οῦχὶ
1302 1803 1579 1870 γενήσεται
1621 1799 1822 1858 τούτοις
1854 1815 1893 1870 Β

221 1887 594 1962 ἕπιστρέφουσι
639 1891 772 1963 πρὸς
818 1889 947 1940 Θεὸν
998 1891 1091 1939 καὶ
1162 1891 1390 1959 γνησίως
1476 1885 1823 1961 ἐπικαλουμέ-

219 1997 349 2047 νοις,
375 1978 514 2029 καθὰ
535 1972 777 2034 δηλονότι
830 1980 920 2028 καὶ
975 1983 1169 2037 Μωσῆς
1223 1975 1301 2048 (3)
1345 1977 1371 2027 ὁ
1431 1980 1589 2049 μέγας
1630 1974 1821 2029 ἐκείνου

226 2067 458 2142 θεράπων
535 2068 746 2136 γνήσιος
807 2064 945 2136 αὐτῷ
1008 2068 1270 2139 γενόμενος
1321 2066 1453 2137 μετὰ
1522 2062 1825 2139 παρρησίας

223 2153 535 2222 ἐπεκαλεῖτο,
595 2158 686 2206 καὶ
745 2152 896 2206 πάντ’
947 2155 1086 2227 εἶχεν
1134 2154 1286 2217 εὐθὺς
1338 2152 1645 2207 ἀπαντῶντα
1693 2155 1824 2228 πρός

220 2247 314 2306 τὰς
337 2243 593 2305 αἰτήσειςε
628 2241 934 2318 ἐπεστήριξε
979 2239 1030 2297 δ’
1075 2242 1266 2318 ὁμοίως
1308 2244 1366 2297 οὐ
1409 2247 1531 2306 τοὺς
1586 2244 1669 2317 (4)
1710 2247 1824 2297 τότε

222 2336 405 2406 μονόυς
450 2338 551 2384 τῶν
636 2329 942 2406 ἀνθρώπων,
1027 2330 1155 2386 ἀλλὰ
1231 2337 1323 2386 καὶ
1408 2337 1524 2394 τοὺς
1601 2331 1825 2396 καθεξῆς

220 2422 453 2484 ἅπαντας
478 2424 577 2496 μὴ,
605 2425 678 2494 μὴ
712 2416 1010 2474 διαπιστεῖν
1040 2421 1285 2495 οὐμενοῦν
1324 2428 1390 2484 ὡς
1432 2422 1490 2475 οὗ
1530 2420 1824 2481 καταϐήσε-

220 2531 307 2565 ται
342 2515 473 2587 πρός
502 2508 643 2583 ἠμᾶς
672 2508 726 2573 ἐξ
754 2510 981 2585 οὐρανῶν
1030 2512 1186 2587 οἶρτος
1240 2512 1379 2575 ζωῆς
1559 2517 1649 2565 καὶ
1702 2531 1822 2584 τρυ-

223 2610 290 2674 φῆ
303 2621 324 2663 ς
344 2609 444 2653 τῶν
466 2600 684 2653 αἰωνίων
722 2605 1054 2675 παρεκτικός.
1730 2598 1735 2603 ’

299 2782 397 2833 Καὶ
426 2775 494 2839 δὴ
544 2777 724 2833 λοιπόν
777 2781 807 2838 ἠ
848 2788 1032 2852 χρυσῆ
1088 2781 1412 2834 καθίσταται
1459 2779 1688 2855 στάμνος
1735 2782 1825 2834 καὶ

225 2865 443 2942 δέχεται
469 2871 529 2922 τό
567 2872 735 2943 μάννα
774 2868 870 2942 (6),
930 2874 1021 2923 καὶ
1062 2875 1157 2929 τήν
1205 2871 1377 2923 εἰκόνα
1425 2877 1517 2924 τοῦ
1559 2870 1823 2944 μέλλοντος

223 2957 271 3011 ἓν
302 2958 458 3032 ἑαυτῇ
493 2955 745 3032 λαμπρῶς
775 2962 932 3033 φέρει.

296 3051 362 3100 Σῦ
385 3043 445 3101 δέ
472 3066 565 3121 μοι
597 3052 686 3100 καὶ
737 3048 832 3110 τὰς
882 3047 1079 3110 πλάκας
1137 3044 1295 3122 βλέπε
1349 3052 1438 3101 καὶ
1494 3050 1580 3115 τόν
1639 3045 1686 3100 ἓν
1734 3045 1825 3101 αῦ-

226 3131 342 3198 ταῖς
371 3137 651 3210 θεόγραφον
672 3141 827 3210 νόμον
865 3142 940 3209 (7)
994 3142 1068 3208 μὴ
1128 3144 1240 3199 τοῖς
1290 3135 1438 3201 ἐκτός
1482 3141 1634 3211 μόνον
1694 3134 1822 3211 βοη-
1858 3170 1901 3228 C

230 3227 431 3290 θοῦντα,
492 3227 743 3299 σωμάτων
817 3229 1006 3280 ὡσανεὶ
1088 3223 1488 3280 κινδυνευόντων
1565 3231 1824 3295 σωστικόν

224 3314 366 3383 ὂντα,
397 3314 525 3368 ἀλλά
548 3334 631 3369 τοι
685 3319 776 3368 καὶ
824 3312 1017 3389 ψυχῶν
1075 3312 1431 3390 ἐφικνούμενον
1486 3320 1577 3370 καὶ
1628 3313 1824 3370 παιδα-

222 3411 496 3477 γωγοῦντα
526 3406 739 3477 ταύτας,
788 3409 879 3457 καί
926 3424 985 3478 γε
1043 3405 1302 3480 σφαλερᾶς
1347 3407 1528 3470 πάσης
1585 3406 1826 3480 εξαιρού-

221 3512 370 3567 μενον
400 3499 522 3571 περὶ
561 3501 695 3548 Θεοῦ
750 3489 935 3557 δόξης.
994 3493 1151 3548 Βλέπε
1218 3490 1286 3555 δὴ
1351 3503 1540 3566 ταῦτα,
1579 3500 1693 3565 καὶ,
1739 3499 1826 3549 τόν

220 3590 339 3636 νοῦν
409 3590 520 3646 τοῖς
566 3585 844 3660 ὁρωμένοις
894 3583 1059 3646 καλῶς
1101 3588 1380 3661 προσέχων
1447 3587 1674 3659 μάνθανε
1739 3587 1826 3638 τόν

221 3673 565 3727 ἐνυπόστατον
625 3671 777 3746 λόγον
835 3668 1077 3746 δακτύλῳ
1142 3681 1298 3744 Θεοῦ,
1354 3678 1610 3749 πνεύματι
1687 3676 1825 3746 θείῳ,

220 3769 282 3835 τῇ
342 3762 579 3836 παρθένῳ
617 3766 913 3838 γραφέντα,
970 3767 1060 3816 καὶ
1119 3771 1220 3815 τῶν
1296 3772 1560 3837 πατρικῶν
1628 3763 1828 3817 κόλπων

223 3852 508 3905 κενωθέντα
554 3855 667 3926 μὲν,
723 3852 818 3905 οὐκ
870 3850 1170 3906 ἃποστόντα
1220 3848 1298 3921 δὲ,
1377 3857 1597 3926 μόνοντα
1666 3850 1717 3907 δ’
1781 3852 1830 3906 ἐν

226 3938 407 4003 αὐτοῖς
470 3946 560 3995 καὶ
624 3939 923 4016 πληροῦντα
1000 3944 1192 4013 πάντα,
1246 3942 1508 4017 χωρητόν
1591 3944 1832 4017 γενέσθαι

229 4036 341 4091 τοῖς
387 4033 580 4104 μητρός
618 4030 847 4099 κόλποις,
894 4035 983 4084 καὶ
1053 4039 1234 4085 τοῦτον
1323 4028 1391 4091 δὴ
1470 4035 1560 4085 τόν
1643 4036 1832 4108 τρόπον

232 4118 573 4173 ὗπανασῶσαι
623 4124 820 4194 κόσμον
883 4114 1051 4193 ὄλον,’
1098 4126 1188 4174 καὶ
1264 4120 1449 4195 ψυχὰς
1540 4123 1834 4198 ῥύσασθαι,

234 4206 449 4282 ἀγνοίας
476 4229 651 4263 σκοτει
680 4214 770 4263 καὶ
801 4215 927 4282 σκιᾲ
953 4212 1174 4264 θανάτου
1200 4211 1277 4284 (8)
1317 4216 1691 4285 κατεχομένας.

308 4300 384 4353 Οὐ
412 4304 517 4374 μὴν
545 4300 673 4354 ἀλλά
711 4308 880 4355 ταῦτα
939 4306 1040 4376 μὴν
1084 4305 1237 4355 οὕτω·
1297 4307 1387 4356 καὶ
1444 4302 1600 4365 οὓτως
1647 4302 1836 4358 ἄνωθεν

232 4391 303 4444 τὰ
360 4393 497 4443 κατὰ
549 4394 644 4451 τὴν
705 4394 956 4465 παρθένον
1007 4399 1141 4446 Θεοῦ
1202 4396 1400 4466 μητέρα
1474 4389 1567 4447 δια
1639 4393 1836 4448 πολλῶν

232 4485 323 4533 καὶ
374 4480 605 4552 μεγάλων
651 4482 844 4540 ἧκοντα
893 4490 993 4534 τῶν
1039 4480 1329 4554 συμϐόλων,
1402 4492 1650 4556 πανταχῆ
1697 4493 1839 4558 παρ-

232 4575 427 4643 έχοντα
468 4568 690 4644 δύναμιν
740 4572 1019 4644 θαυμάτων
1076 4573 1347 4647 ὑπερφυῶν
1418 4573 1674 4649 εὑρήσεις,
1728 4575 1840 4648 ἅμα

232 4655 295 4713 δε
341 4664 431 4721 καὶ
490 4664 753 4733 σωτηρίαν
798 4678 898 4711 των
952 4658 1196 4732 ἕσχάτως
1247 4657 1669 4718 κινδυνευόντων.
1733 4670 1835 4720 Καὶ

229 4751 299 4802 τὰ
318 4747 476 4802 πλείω
526 4745 773 4812 διεξιέναι
824 4756 1058 4823 παρῆκεν
1116 4750 1142 4801 ό
1190 4748 1362 4822 λόγος,
1410 4753 1491 4804 ὅτι
1544 4749 1685 4825 μηδὲ
1744 4756 1836 4806 πέ-

233 4857 361 4909 φυκε
385 4842 457 4910 μὴ
485 4842 564 4899 ὅτι
588 4857 648 4910 γε
678 4834 772 4891 διὰ
813 4838 1017 4893 πάντων
1076 4838 1248 4910 (τοῦτο
1311 4841 1412 4915 γὰρ
1460 4844 1654 4904 παντὸς
1708 4842 1834 4914 μᾶλ-

231 4925 319 4980 λον
357 4923 659 4999 ἀδύνατον),
700 4924 826 4981 ἀλλὰ
872 4923 1003 5002 μηδ’
1054 4925 1127 4999 ἐφ’
1184 4929 1355 4982 ἱκανὸν
1408 4928 1577 4983 αὐτῶν
1628 4932 1835 4985 ἱκέσθαι

235 5014 549 5076 δυνηθῆναι·
614 5024 719 5079 πῶς
769 5017 1064 5097 γὰρ;ὄπου
1128 5036 1188 5090 γε
1227 5023 1318 5071 καὶ
1372 5025 1540 5073 ταῦτα
1605 5020 1673 5073 ὧν
1745 5019 1835 5095 ἁρ-

299 5262 389 5351 ⁹(1)
415 5260 557 5321 Vide
580 5263 764 5323 Exod.
788 5274 978 5323 κνισ-
1005 5266 1236 5324 Deuter.
1274 5282 1393 5336 vui,
1418 5270 1448 5325 3
1475 5285 1489 5326 :
1514 5262 1750 5344 ἐψώμισέ
1777 5272 1836 5325 σέ

235 5355 423 5410 μαννᾳ.

310 5408 389 5550 (Ξῖ
420 5413 476 5464 Β.
504 5406 874 5483 προσλαϐόντα.

418 5485 476 5549 Β»
505 5486 779 5550 Ντιεηῖσῆις.Δ
817 5508 824 5514 ·

418 5485 476 5549 Β,
505 5486 778 5549 Νωῦσῆςν
817 5508 824 5514 ·

331 5483 387 5550 3)
418 5485 476 5549 Β,
505 5486 752 5542 Νωϋσῆς.
817 5508 824 5514 ·

410 5549 476 5625 .8:
508 5552 695 5624 ὁμοίως
720 5547 925 5625 αἶξτῗύςο

307 5623 397 5705 ςδὶ
409 5623 699 5705 Bosporani
717 5623 798 5682 ad
815 5623 989 5705 Joan.
1026 5640 1103 5695 Vl,
1126 5688 1139 5705 ι
1159 5625 1228 5683 33
1274 5640 1365 5699 sq.
1392 5642 1407 5685 :
1431 5624 1478 5705 ό.
1524 5628 1623 5702 γὰρ
1672 5627 1831 5705 ἄρτος

233 5688 329 5754 τοῦ
358 5688 440 5749 OG
495 5688 610 5749 στι-ιν
659 5695 687 5748 ὁ
732 5693 1058 5754 καταϐαίνων
1087 5688 1174 5752 ’ἐκ
1222 5688 1369 5754 εοτόῦ
1421 5688 1554 5778 οὗρά
1592 5688 1828 5776 ὀῦ,”καῖ

1870 4530 1916 4586 D

1939 546 2088 603 bant
2106 546 2628 605 manducaverunt
2648 563 2893 617 manna,
2915 562 3140 605 novum
3161 548 3477 622 quoddam
3497 549 3603 607 ali-

1939 638 2231 703 mentum,
2247 636 2437 693 multo
2454 652 2639 710 quam
2653 635 3040 710 postulabant
3055 636 3391 710 pretiosius,
3421 639 3603 696 simul

1941 723 2263 783 abundans
2292 730 2349 783 et
2385 726 2543 783 lectu
2570 726 2742 784 facile
2765 727 2857 783 his
2883 727 2988 800 qui
3016 726 3163 783 illub
3189 727 3598 801 requirebant.

1944 814 2181 871 Licebat
2217 815 2378 871 enim
2416 831 2724 873 assumere
2755 831 2877 873 non
2916 815 3112 874 solum
3158 821 3457 891 quantum
3493 832 3600 874 ne-

1941 904 2201 961 cessitati
2230 904 2544 977 sut‘ﬁceret,
2598 906 2704 962 sed
2754 910 2933 962 etiam
2991 905 3215 964 habere
3281 906 3448 980 quod
3504 923 3605 964 su-

1940 991 2237 1065 perﬂuum
2268 994 2639 1066 perderetur,
2679 994 3007 1068 inutileque
3057 995 3134 1051 ad
3178 1011 3601 1070 quemcunque

1938 1098 2139 1139 usum.
2170 1082 2432 1140 Alterum
2463 1087 2620 1140 certe
2671 1083 2757 1140 sic
2821 1082 3162 1141 habebatur
3211 1084 3602 1153 miraculum,

1936 1172 2103 1244 quod
2121 1172 2552 1229 excludebatur
2574 1171 2930 1231 insatiabilis
2956 1170 3403 1246 appetentiajet
3423 1172 3603 1230 simul

1936 1261 2758 1332 corrigebaturincredulitas,
2782 1262 2929 1318 dum
2954 1264 3000 1318 si
3023 1268 3267 1337 propter
3282 1262 3603 1320 abundan—

1936 1349 2078 1407 tiam
2105 1349 2239 1422 plus
2271 1365 2458 1423 quam
2486 1350 2627 1409 satis
2657 1355 2784 1408 erat
2813 1350 3205 1422 colligeretur,
3241 1351 3321 1409 ad
3343 1368 3597 1409 servan-

1933 1438 2080 1494 dum
2107 1438 2168 1495 in
2198 1438 2487 1512 futurum,
2545 1440 2648 1504 sic,
2704 1439 3015 1497 deﬁciente
3069 1440 3274 1498 forsan
3317 1441 3600 1513 donante,

1933 1527 2234 1601 accipiens
2266 1528 2579 1596 frueretur,
2616 1545 2740 1586 non
2771 1529 3060 1603 possibile
3110 1529 3279 1598 foret,
3338 1531 3484 1604 quia
3518 1531 3602 1587 sic

1932 1632 2056 1673 non
2092 1617 2479 1675 conﬁdedant
2507 1618 2646 1675 duci
2674 1634 2784 1675 suo
2833 1618 3006 1691 quasi
3045 1635 3171 1676 non
3197 1618 3406 1677 valens
3445 1623 3603 1676 esset

1933 1707 2012 1763 ad
2060 1705 2335 1763 dandum
2364 1712 2421 1764 et
2455 1723 2693 1781 semper
2730 1713 2787 1764 et
2830 1708 3267 1766 adundantius.
3309 1709 3426 1766 Illis
3457 1724 3601 1780 ergo

1932 1795 2102 1853 cibus
2135 1795 2231 1852 ille
2272 1796 2624 1854 refocillavit
2660 1813 2783 1868 cor,
2823 1813 2900 1854 ne
2937 1798 3143 1854 animo
3185 1798 3603 1869 frangerentur

1931 1886 1992 1942 in
2023 1901 2386 1958 quacunque
2410 1886 2811 1960 tribulatione,
2847 1886 3184 1945 difﬁdentes
3210 1891 3385 1945 aDeo
3413 1903 3596 1945 exau-

1931 1974 2048 2032 diri
2063 1991 2203 2031 cum
2224 1980 2713 2033 converterentur
2729 1977 2807 2034 ad
2820 1992 2959 2033 eum
2971 1981 3036 2033 ut
3051 1981 3421 2048 invocarent,
3443 1979 3598 2036 sicut

1877 2084 1885 2092 '
1932 2054 2091 2122 certo
2125 2064 2396 2122 sciebant
2420 2066 2773 2123 exauditum
2803 2065 2985 2123 fuisse
3014 2068 3278 2140 Moysem
3310 2083 3596 2138 magnum

1933 2161 1991 2213 et
2012 2154 2347 2226 legitimum
2378 2156 2478 2212 Dei
2512 2172 2751 2213 servum
2785 2173 2925 2214 cum
2950 2156 3071 2214 ﬁde
3101 2157 3513 2231 postulantem
3538 2161 3597 2215 et

1930 2244 2335 2315 invocantem,
2366 2243 2471 2319 qui
2498 2249 2555 2301 et
2576 2245 2784 2303 omnia
2807 2245 3009 2303 statim
3031 2246 3290 2304 obtinuit
3312 2246 3484 2319 juxta
3504 2257 3604 2320 pe-

1933 2332 2190 2390 titiones.
2228 2335 2341 2391 Sed
2373 2337 2428 2390 et
2455 2335 2538 2390 sic
2562 2333 2910 2393 refocillavit
2948 2350 3075 2392 non
3122 2339 3360 2393 tantum
3416 2334 3601 2393 corda

1932 2423 2244 2482 hominum
2274 2425 2379 2498 qui
2401 2429 2542 2481 tunc
2571 2430 2760 2495 erant,
2793 2442 3005 2484 omnes
3039 2431 3242 2483 autem
3274 2426 3453 2482 simul
3498 2441 3603 2483 eos

1931 2516 2038 2588 qui
2068 2518 2279 2590 postea
2312 2515 2451 2572 facti
2492 2520 2649 2585 sunt,
2698 2528 2774 2573 ne
2808 2517 3058 2575 omnino
3088 2516 3428 2574 diﬂiderent
3455 2516 3604 2589 quin

1930 2610 2178 2681 propter
2199 2622 2311 2663 nos
2340 2605 2416 2663 de
2442 2606 2596 2664 coelo
2623 2607 2861 2665 caderet
2881 2607 3057 2682 panis
3080 2607 3212 2665 vitm
3240 2611 3297 2665 et
3318 2607 3601 2680 volupta-

1932 2696 2005 2754 tis
2033 2698 2328 2768 praastans
2357 2701 2581 2754 interna
2603 2694 2787 2753 bona.

2003 2787 2294 2843 Caeterum
2354 2785 2418 2841 in
2481 2784 2872 2843 tabernaculo
2905 2785 3171 2858 positum
3213 2786 3324 2845 fuit
3348 2802 3458 2843 vas
3492 2801 3599 2843 au-

1932 2890 2103 2932 reum
2131 2874 2447 2932 includens
2478 2874 2915 2949 manna,fquod
2936 2874 2999 2932 in
3027 2892 3091 2933 se
3121 2875 3437 2949 splendide
3465 2891 3603 2949 pro-

1840 2960 1841 2963 “
1932 2962 2042 3021 fert
2070 2962 2403 3035 imaginem
2431 2963 2791 3021 futurorum.

2006 3050 2122 3110 Sed
2150 3067 2393 3109 mecum
2417 3051 2741 3110 considera
2769 3068 2974 3110 sacras
3003 3051 3274 3111 Tabulas
3307 3057 3364 3111 et
3391 3052 3456 3111 in
3485 3049 3601 3110 illis

1934 3140 2212 3215 scriptam
2242 3141 2437 3214 legem
2469 3142 2571 3196 Dei
2600 3141 3027 3210 viviﬁcantem,
3053 3159 3190 3217 quas
3234 3158 3358 3200 non
3399 3143 3600 3201 solum

1934 3236 2173 3289 externe
2195 3230 2482 3290 auxilium
2497 3235 2759 3303 praestat,
2775 3230 2954 3305 quasi
2981 3232 3337 3305 corporibus
3363 3232 3427 3289 in
3450 3232 3602 3306 peri-

1936 3319 2070 3378 culo
2086 3319 2463 3378 versantibus
2485 3319 2738 3377 salutem
2750 3319 3035 3394 proferat,
3051 3321 3159 3379 sed
3170 3338 3306 3395 quae
3327 3321 3508 3379 etiam
3521 3320 3603 3379 ad

1935 3410 2161 3468 animas
2182 3407 2415 3481 attingit
2435 3413 2493 3467 et
2510 3408 2685 3467 docet
2705 3409 2858 3478 illas,
2874 3415 2931 3468 et
2947 3410 3026 3468 ab
3045 3411 3212 3468 omni
3232 3427 3394 3469 vana
3411 3410 3605 3482 gloria

1934 3502 2178 3557 revocat
2196 3498 2276 3556 ad
2308 3501 2516 3556 Deum.
2540 3501 2675 3555 Hinc
2700 3499 3019 3557 considera
3048 3500 3445 3558 attentissima
3484 3499 3608 3573 spi-

1934 3588 2073 3654 ritu,
2096 3586 2382 3661 disceque
2411 3603 2752 3645 sermonem
2783 3587 2972 3659 digito
3020 3588 3123 3645 Dei
3178 3587 3604 3646 subsistentem

1936 3677 2158 3752 Spiritu
2186 3678 2371 3750 Dei,in
2396 3676 2630 3750 Virgine
2655 3677 2966 3751 scriptum,
3020 3695 3053 3735 e
3084 3679 3220 3735 sinu
3271 3678 3459 3736 Patris
3506 3694 3603 3736 ex-

1939 3770 2183 3824 euntem
2211 3766 2479 3840 quidem,
2508 3766 2615 3824 sed
2639 3782 2765 3824 non
2797 3766 3258 3841 relinquentem,
3293 3767 3397 3824 sed
3426 3767 3489 3824 in
3531 3783 3603 3826 eo

1939 3860 2286 3915 manentem
2304 3860 2360 3915 et
2371 3856 2702 3929 replentem
2714 3857 2942 3926 omnia,
2957 3860 3311 3914 contentum
3340 3856 3523 3914 simul
3541 3857 3605 3913 in

1942 3946 2078 4003 sinu
2104 3946 2323 4013 Matris,
2362 3948 2428 4002 ut
2459 3944 2544 4002 ita
2564 3944 2823 4003 salvaret
2841 3945 3197 4003 universum
3224 3946 3523 4003 mundum
3547 3949 3605 4003 et

1943 4035 2179 4093 animas
2196 4034 2477 4093 liberaret
2495 4050 2727 4102 mersas
2749 4035 2812 4091 in
2842 4034 3102 4093 tenebris
3123 4035 3341 4093 erroris
3357 4040 3417 4092 et
3436 4035 3605 4107 igno-

1941 4124 2153 4181 rantiae
2189 4126 2246 4181 et
2277 4123 2340 4181 in
2374 4122 2595 4181 umbra
2629 4123 2841 4182 mortis
2877 4123 3180 4182 sedentes.

2015 4305 2151 4359 Hinc
2170 4304 2373 4360 autem
2394 4299 2548 4358 adeo
2571 4303 2712 4357 sunt
2729 4316 2893 4371 vera,
2916 4305 2982 4358 ut
3002 4300 3052 4359 si
3078 4317 3113 4359 a
3132 4300 3425 4375 principio
3440 4316 3605 4376 quae-

1944 4408 2045 4450 ras
2080 4408 2216 4466 quae
2248 4391 2323 4448 de
2356 4395 2541 4448 Mater
2557 4391 2659 4447 Dei
2680 4407 2787 4464 per
2806 4391 2998 4450 multa
3022 4396 3080 4449 et
3100 4391 3428 4463 singularia
3444 4408 3611 4465 sym-

1944 4480 2088 4539 bola
2103 4480 2533 4552 significantur,
2558 4495 2797 4552 semper
2819 4483 2877 4537 et
2902 4478 3127 4553 ubique
3159 4480 3428 4537 invenies
3452 4480 3609 4537 ines-

1946 4586 2009 4627 se
2043 4572 2399 4642 potestatem
2433 4567 2804 4625 mirabilium
2839 4568 3388 4642 supernaturalium
3426 4568 3609 4626 simul

1946 4664 2126 4732 atque
2157 4656 2501 4714 salvationis
2530 4673 2739 4714 eorum
2775 4658 2880 4730 qui
2912 4657 2989 4723 in,
3010 4657 3289 4715 extremis
3326 4657 3604 4731 periculis

1942 4751 2283 4807 versantur.
2317 4749 2385 4804 Et
2419 4761 2620 4803 sermo
2656 4745 3016 4820 plerumque
3050 4763 3191 4804 cum
3210 4748 3323 4804 ista
3341 4746 3608 4820 loquitur

1940 4836 2129 4912 liquet
2161 4840 2372 4910 aqtum
2409 4850 2535 4892 non
2564 4850 2692 4892 esse
2721 4850 2846 4892 non
2866 4835 3050 4893 modo
3072 4836 3150 4893 ad
3171 4836 3378 4892 omnia
3410 4834 3605 4908 expri-

1942 4926 2256 4996 mendum,
2268 4923 2437 4999 quod
2449 4924 2629 4998 plane
2640 4923 3014 4998 impossibile
3027 4929 3134 4993 est,
3150 4923 3257 4982 sed
3268 4940 3343 4982 ne
3364 4924 3605 4999 quidem

1886 5025 1889 5029 '
1943 5017 2024 5077 ad
2041 5015 2354 5091 quoddam
2381 5014 2806 5089 exponendum
2835 5014 3001 5088 quod
3025 5015 3370 5073 conveniret
3391 5030 3603 5073 earum

1944 5269 2085 5332 ζωὴν
2111 5263 2299 5330 διδοὺς
2348 5271 2422 5339 τῷ
2468 5268 2722 5339 κόσμῳ...
2771 5267 2898 5322 Eius
2958 5261 3017 5321 δὲ
3047 5265 3227 5332 αὐτοῖς
3270 5267 3295 5320 ὁ
3340 5267 3545 5339 Ἰησοῦς
3581 5285 3599 5304 ο

1942 5340 2044 5414 ἐγώ
2069 5339 2175 5414 εἶμι
2202 5339 2230 5414 ό
2258 5334 2417 5414 ἄρτος
2432 5346 2528 5414 τῆς
2560 5334 2667 5399 Camiri
2681 5358 2721 5400 ς.
3355 5334 3371 5363 ⁸

2034 5413 2089 5483 6)
2112 5408 2259 5467 'Vide
2288 5408 2474 5467 Exod.
2513 5425 2633 5479 xvr,
2663 5414 2753 5468 33.

2038 5485 2096 5553 7)
2135 5485 2462 5553 Deuteron._
2479 5496 2540 5553 v,
2575 5484 2664 5553 22,

2010 5485 2070 5556 (7
2135 5485 2448 5539 Deuteron.
2479 5496 2540 5553 v,
2575 5485 2664 5537 22.

2010 5485 2096 5628 (δῖ
2118 5556 2420 5628 Frequens
2438 5551 2513 5628 in
2541 5551 2744 5628 Bibliis
2770 5553 3150 5627 metaphora.
3201 5550 3356 5614 Psal.
3392 5555 3501 5621 cvi,
3535 5556 3604 5614 14

1941 5620 2189 5701 ἐξόγαγεν
2216 5620 2401 5687 αὖτοὺς
2431 5620 2487 5679 ἐκ
2511 5624 2733 5690 σκότους
2758 5629 2848 5681 καὶ
2880 5620 3030 5688 σκιᾶς
3070 5629 3312 5685 θανάτου.
