4120 6404
610 377 745 433 1507

1935 352 2313 414 NICEPHORI
2349 352 2632 414 CHUMNI.

3813 376 3924 429 1508

600 514 830 556 rerum.
865 499 977 552 Nec
1013 494 1256 550 mirum.
1304 493 1451 546 Cum
1484 503 1626 559 ergo
1652 487 1727 543 de
1746 485 1873 541 istis
1903 480 2086 538 modo
2109 477 2246 533 dixi-

2363 483 2485 542 τίως
2534 478 2883 557 ἐμνήσθημεν,
2945 488 3051 558 οὐχ
3105 487 3237 540 ὥστε
3292 492 3384 541 καὶ
3442 486 3592 560 ὀλίγα
3649 488 3700 541 ἐκ
3755 493 3923 546 πολλῶν

603 604 764 653 mus,
803 601 923 640 non
961 587 1025 639 ut
1058 581 1343 656 quaedam
1374 577 1689 648 seligentes
1714 576 1864 631 inter
1889 570 2077 628 multa
2107 566 2251 656 deli-

602 677 745 731 bare
774 654 1097 729 narrando?
1113 669 1579 731 conﬁderemus,
1624 665 1729 721 sed
1779 666 1839 717 tt
1869 654 2253 715 solummodo

602 780 708 837 per
743 764 1093 820 strictiorem
1122 760 1565 823 indicationem,
1598 755 1755 811 dicta
1777 767 1968 825 nuper
2007 748 2253 803 demon-

603 859 949 919 straremus,
975 851 1195 906 scilicet
1215 848 1505 903 salutares
1538 861 1668 901 esse
1693 856 1927 914 semper
1950 844 2003 893 et
2024 834 2251 906 ubique

599 944 827 1012 ﬁguras
864 946 921 997 et
956 942 1204 995 umbras
1243 953 1454 992 eorum
1479 952 1615 1008 quae
1636 937 1844 1005 postea
1866 928 2095 999 absque
2121 922 2250 977 velo

599 1033 675 1087 de
713 1032 942 1100 Virgine
973 1029 1233 1084 revelata
1268 1032 1323 1082 et
1357 1031 1599 1080 ostensa
1634 1023 1890 1078 fuerunt.
1932 1020 2252 1086 Postquam

598 1122 760 1176 enim
814 1119 1155 1190 adimpletae
1196 1120 1336 1171 sunt
1368 1114 1575 1182 ﬁgurae
1614 1117 1671 1167 et
1719 1108 1947 1165 umbrae
1984 1101 2249 1176 depulsa:

600 1208 940 1279 veritasque
976 1210 1129 1262 inter
1164 1203 1440 1259 homines
1479 1201 1703 1255 sincere
1739 1196 1947 1255 illumt,
1995 1190 2251 1260 gloriam

599 1296 855 1353 afferens
894 1295 1115 1363 Virgini
1151 1309 1284 1365 qua:
1324 1289 1641 1363 splendore
1680 1304 1789 1342 suo
1820 1283 2003 1341 cmlos
2041 1294 2252 1337 omnes

599 1384 1296 1455 obscurat,ccBlestesque
1309 1386 1555 1436 cunctas
1572 1377 1867 1435 claritates
1880 1375 2060 1442 longe
2072 1370 2168 1426 vin
2178 1368 2254 1423 cit

599 1480 778 1547 atque
832 1473 966 1545 ipsa
993 1471 1306 1543 Seraphim
1342 1475 1398 1525 et
1435 1466 1759 1524 Cherubim
1795 1472 2056 1536 superat,
2114 1458 2252 1532 quis

601 1579 800 1618 sermo
836 1561 928 1618 vel
957 1577 1092 1633 quae
1121 1560 1332 1628 lingua
1360 1563 1445 1614 tot
1476 1562 1532 1614 et
1557 1560 1861 1612 tantorum
1888 1547 2253 1606 mirabilium

597 1655 812 1722 poterit
847 1664 1145 1722 exponere
1178 1647 1611 1719 plenitudinem
1644 1644 1672 1697 ‘?
1698 1646 1819 1711 Ego
1845 1640 2021 1711 igitur
2048 1651 2257 1692 vereor

596 1754 672 1794 ne
697 1755 879 1811 pmna
903 1738 1125 1807 dignus
1144 1735 1433 1796 inveniar,
1463 1733 1569 1805 qui
1591 1748 1712 1788 non
1732 1732 1856 1802 jam
1880 1742 2131 1784 manum
2151 1722 2252 1778 sed

2362 569 2503 639 ἡμᾶς
2564 569 2971 646 ἀπολεξαμένους
3031 573 3180 644 ἐρεῖν,
3240 578 3432 628 τούτου
3482 579 3639 650 χάριν
3696 583 3921 651 ἐμνήσθη.

2359 675 2470 727 μεν,
2510 656 2617 711 ἀλλ’
2655 664 2789 715 ὥστε
2840 670 2996 735 μόνον
3042 664 3305 735 ἅψασθαι,
3363 670 3455 718 καὶ
3502 670 3559 718 τὸ
3597 665 3766 739 λιχθὲν
3815 670 3916 723 {mo-

2362 742 2548 819 δεῖξαι,
2623 755 2881 816 σωζοντας
2941 751 3071 807 εἶναι
3119 751 3367 812 δηλονότι
3418 765 3689 828 πανταχοῦ
3727 763 3829 819 τοὺς
3851 765 3922 811 τυ-

2358 854 2508 901 πους,
2541 843 2755 904 καὶτὰς
2785 845 2934 904 σκιὰς
2987 852 3086 895 τῶν
3141 843 3361 917 ὕστερον
3415 842 3503 897 ἐπὶ
3565 854 3658 908 τῆς
3702 850 3915 921 παρθένου

2360 921 2499 996 δίχα
2550 932 2740 992 παντὸς
2806 930 3228 1004 ἐπικαλύμματος
3294 932 3545 1009 λαμπρῶς
3595 933 3911 1006 ἕκφωθέντων.

2361 1015 2504 1069 Ἐπεὶ
2576 1015 2625 1070 δ’
2677 1023 2726 1072 οἱ
2772 1024 2927 1074 τύποι
3023 1024 3289 1096 παρῆλθον
3358 1029 3449 1076 καὶ
3519 1025 3844 1100 ὑπεχώρησαν
3882 1047 3909 1079 ι

2363 1110 2530 1173 σκιαὶ,
2584 1113 2673 1161 καὶ
2728 1112 2971 1183 καθαρῶς
3023 1114 3052 1170 ἡ
3116 1111 3335 1171 ἀλήθεια
3394 1117 3597 1185 γέγονεν
3658 1111 3702 1165 ἐν
3762 1113 3911 1187 ἀνθρώ.

2358 1214 2497 1264 ποις,
2566 1193 2723 1261 δόξαν
2777 1204 3005 1272 φέρουσα
3068 1210 3130 1274 τῇ
3182 1204 3423 1276 παρθένῳ
3480 1205 3672 1263 πάντας
3721 1203 3907 1278 ούρανονς

2361 1284 2797 1360 ἀποκρύπτουσαν
2900 1296 2990 1343 καὶ
3078 1290 3598 1366 ύπεραναϐαίνουσαν
3693 1296 3772 1356 μὲν
3837 1295 3897 1351 τὰς

2363 1376 2465 1425 ἄνω
2544 1376 2927 1449 λαμπρότητας,
3008 1380 3142 1432 αύτά
3212 1377 3271 1433 δὲ
3349 1381 3429 1453 (1)
3505 1383 3727 1433 κάτωθεν
3776 1381 3905 1440 ἑαυτῆς

2362 1469 2589 1537 Σεραφὶμ
2662 1470 2751 1518 καὶ
2833 1466 3101 1542 Χερουϐὶμ
3155 1468 3420 1542 ἀφιεῖσαν,
3484 1476 3557 1533 τίς
3621 1470 3679 1522 ἂν
3737 1469 3905 1541 λόγοςῆ

2362 1558 2489 1605 ποία
2543 1554 2765 1625 γλῶσσα
2827 1566 2925 1610 τῶν
2983 1562 3242 1611 τοσούτων
3292 1565 3387 1612 καὶ
3445 1563 3684 1613 τοιούτων
3741 1559 3913 1632 ἀπείρων

2363 1647 2447 1694 καὶ
2535 1653 2759 1716 φρικτῶν
2806 1648 3079 1718 θαυμάτων
3138 1644 3508 1721 ἐκδιηγεῖσθαι
3562 1649 3919 1721 κατισχύσοιτὰ

2405 1731 2500 1751 "I\
2576 1732 2671 1751 ,5“
2726 1739 2733 1747 ι
2821 1738 2828 1748 ι
2937 1735 2961 1751 ν
3034 1734 3081 1751 ιιι

2405 1732 2459 1745 ς.
2620 1732 2631 1749 .
2726 1739 2733 1747 .
2821 1738 2828 1748 .
2937 1735 2961 1751 ν
3072 1741 3081 1751 ,

2364 1733 2536 1789 nmen
2573 1750 2586 1799 ;
2635 1739 2750 1804 Εγω
2780 1755 2869 1806 μεν
2901 1754 2988 1787 ουν
3021 1732 3241 1789 δεδοικα
3267 1742 3341 1810 μὴ
3370 1742 3498 1791 ποτε
3536 1758 3626 1810 μοι
3677 1744 3758 1789 καὶ
3800 1745 3918 1788 τοῦτο

596 1829 836 1900 impura
858 1826 1019 1882 labia
1043 1829 1120 1882 ad
1142 1841 1344 1879 arcam
1364 1826 1481 1878 Deo
1501 1820 1743 1894 plenam
1755 1818 1827 1874 ad
1839 1814 2146 1880 moverim,
2164 1827 2246 1866 ve-

2364 1823 2666 1896 κατάκριμα
2737 1828 2937 1894 γένοιτο
3024 1829 3171 1899 φέρον
3238 1827 3482 1893 εὐθύνην,
3552 1828 3615 1895 εὶ,
3679 1831 3745 1899 μὴ
3793 1830 3920 1897 χερσὶ

596 1918 738 1974 teris
768 1917 922 1972 illius
943 1914 1215 1971 miraculi
1245 1912 1555 1969 iteratione
1584 1909 1724 1965 mihi
1746 1906 2072 1981 proposita,
2092 1901 2257 1975 quod

595 2022 872 2063 monerer
895 2003 1195 2076 prohiberi
1216 2020 1319 2058 eos
1341 2001 1445 2074 qui
1464 2016 1588 2057 non
1615 2004 1753 2054 sunt
1784 1998 2013 2068 absque
2047 2010 2258 2049 macu-

595 2096 674 2162 la,
703 2112 774 2150 ne
796 2095 1061 2150 audeant
1076 2092 1359 2148 accedere
1379 2090 1466 2146 vel
1487 2089 1562 2145 ad
1586 2087 1835 2144 umbras
1860 2101 2043 2140 arcae:
2067 2087 2125 2138 et
2144 2083 2257 2138 hoc

597 2200 636 2239 a
663 2186 783 2238 Deo
814 2182 945 2252 ipso
970 2181 1117 2237 mihi
1150 2179 1403 2235 videbar
1439 2177 1647 2234 audire
1688 2194 1700 2230 :
1742 2197 1769 2225 ‹‹
1803 2175 1995 2240 Quare
2025 2176 2081 2227 te
2117 2186 2256 2226 cum

597 2273 803 2329 sordes
852 2288 974 2327 non
1010 2269 1435 2342 expurgaveris
1489 2265 1732 2322 salutari
1782 2262 2065 2325 carbone,
2105 2260 2258 2314 sicut

596 2361 733 2418 fecit
758 2360 959 2426 Isaias,
990 2373 1185 2431 neque
1206 2356 1477 2430 linguam
1504 2355 1785 2411 exemeris
1817 2350 2084 2423 pondere
2120 2364 2253 2404 ma—

596 2449 794 2505 lorum
829 2465 964 2522 quae
999 2464 1071 2503 ea
1106 2446 1394 2516 irretiunt,
1432 2443 1728 2500 mirabilia
1783 2439 2039 2495 sustines
2078 2452 2253 2493 enar-

597 2554 727 2594 rare
763 2538 984 2611 quibus
1017 2536 1215 2608 impar
1249 2540 1339 2590 est
1372 2533 1552 2590 etiam
1611 2531 1963 2600 angelorum
2016 2533 2252 2595 natura,

595 2645 730 2702 quae
765 2628 952 2685 haeret
984 2643 1108 2699 prae,
1144 2624 1501 2696 ignorantia,
1552 2620 1886 2691 intelligens
1949 2616 2251 2673 celsitudi-

594 2734 736 2775 nem
771 2719 799 2773 ?
833 2740 861 2767 »

665 2896 762 2951 His
780 2894 1012 2951 territus
1042 2891 1523 2963 cogitationibus,
1542 2904 1661 2944 non
1690 2901 1941 2960 possum
1966 2884 2118 2940 ultra
2147 2899 2248 2940 ac-

592 2985 825 3041 cedere.
857 2982 970 3039 Sed
996 2998 1135 3039 cum
1170 2997 1207 3036 a
1244 2986 1295 3036 te
1318 2979 1586 3035 salvatus
1618 2978 1753 3039 sim,
1786 2992 1823 3032 o
1860 2977 2038 3030 Mater
2072 2974 2187 3029 Dei.
2215 2990 2249 3028 a

592 3078 646 3129 te
665 3073 809 3128 dum
842 3070 1183 3138 ceciderim,
1224 3074 1475 3137 erectus,
1506 3068 1650 3121 dum
1683 3066 1946 3134 frangor,
1974 3061 2244 3118 refectus.

2326 2016 2471 2070 seu:
2556 1997 2782 2071 κιϐωτῷ,
2865 2000 3126 2076 πόρρωθεν
3201 2004 3357 2066 αὖθις
3442 2004 3615 2079 ἐτέρου

2364 1914 2538 1980 μόνον,
2572 1910 2699 1962 ἀλλά
2737 1918 2826 1965 καὶ
2854 1914 3088 1986 χείλεσιν
3116 1914 3360 1987 ἁναίγνοις
3418 1924 3483 1989 τῇ
3542 1912 3765 1987 θεοδόχῳ
3799 1932 3906 1986 προσ

3710 2005 3924 2075 θαύματος

2365 2085 2713 2155 ἀπειλοῦντος,
2748 2089 2859 2162 ἅμα
2885 2087 2944 2143 δὲ
2996 2097 3087 2144 καὶ
3124 2090 3465 2166 ἀπείργοντος
3529 2101 3626 2144 τῶν
3693 2094 3757 2165 μὴ
3797 2092 3921 2141 καθα-

2362 2184 2464 2250 ρῶν
2535 2174 2739 2249 μηδένα
2818 2178 3009 2251 τολμᾷν
3093 2181 3503 2255 προσάπτεσθαι
3566 2177 3699 2253 μηδὲ
3756 2188 3838 2241 τῆς
3887 2176 3921 2228 έν

2363 2272 2475 2339 τρῖς
2508 2274 2679 2327 σκιαῖς
2705 2266 2929 2319 κιϐωτού
2961 2270 3039 2337 (2)
3094 2289 3106 2301 ’
3162 2267 3368 2322 κάκεῖνο
3419 2278 3512 2322 τοῦ
3567 2277 3694 2323 Θεοῦ
3744 2265 3921 2327 δικαίως

2364 2352 2653 2427 ἀκούσαιμι
2715 2355 2946 2426 λέγοντος
2987 2378 3000 2390 ·
3052 2356 3212 2410 «Ἵνα
3268 2364 3321 2411 τί
3377 2362 3465 2426 σύ,
3534 2365 3662 2432 μήτε
3695 2359 3920 2428 καθαρσιῳ

2361 2452 2459 2494 τῶν
2512 2443 2688 2517 ῥύπων
2754 2448 3094 2518 χρησάμενος
3149 2449 3394 2521 ἄνθρακι,
3452 2449 3569 2501 καθ’
3615 2447 3813 2500 Ἠσαίαν
3858 2444 3918 2513 {3)

2362 2533 2654 2603 ῖσωςνμήτε
2682 2537 2776 2589 τὴν
2833 2532 3097 2603 γλῶττταν
3156 2533 3291 2595 ἀνεὶς
3353 2543 3446 2588 τοῦ
3504 2537 3801 2606 ἐπικειμένου

2358 2636 2480 2689 ρους

2357 2712 2488 2779 πρός
2540 2706 2575 2758 ἆ
2618 2704 2748 2780 μηδ’
2809 2708 3036 2780 cie/757.5»:
3089 2708 3291 2785 ἐξαρκεῖ
3355 2715 3511 2784 φύσις
3567 2729 3581 2779 ;
3639 2709 3803 2781 ἀπορεῖ
3846 2708 3910 2755 καὶ

2356 2798 2457 2867 γὰρ
2482 2796 2612 2854 αῦτη
2646 2805 2975 2849 κατανοοῦσα
3003 2801 3061 2849 τὸ
3093 2801 3326 2871 μέγεθος.
3359 2819 3391 2854 )

2573 2626 2674 2670 τῶν
2753 2616 3050 2672 πεδούντων
3125 2632 3321 2685 κακῶν,
3392 2619 3613 2695 ἐκδιηγῇ
3672 2621 3911 2692 θαυμάσια,

2427 2887 2633 2936 Τούτων
2687 2905 2750 2956 με
2802 2884 3095 2956 φοϐούντων
3182 2896 3283 2939 τῶν
3360 2888 3647 2962 λογισμων,
3700 2885 3782 2938 ούκ
3831 2885 3905 2952 ἔχω

2356 2971 2652 3046 προσϐῆναι
2713 2980 2819 3025 τοῖν
2867 2973 3071 3047 ἐφεξης.
3134 2975 3296 3043 Πλὴν,
3353 2978 3434 3030 ὅτι
3497 2972 3589 3029 διά
3648 2982 3735 3027 σοῦ
3779 2976 3907 3025 σέσω-

2360 3080 2511 3133 σμαι,
2538 3070 2701 3137 μῆτερ
2761 3069 2919 3131 Θεοῦ,
2972 3068 3061 3115 καὶ
3106 3070 3277 3117 πεσὼν
3350 3065 3679 3142 ἀνωρθώθην,
3743 3066 3816 3113 καὶ
3840 3076 3909 3109 συν

591 3160 889 3234 numquid
925 3159 1168 3216 tandem
1196 3158 1471 3213 virtutem
1522 3155 1815 3210 sermonis
1874 3151 2149 3224 adeptus,
2194 3156 2246 3205 et

2358 3148 2550 3223 τριϐεὶς
2608 3148 3027 3223 ἀναπέπλασμαι,
3110 3159 3218 3212 πῶς
3271 3152 3333 3204 ἂν
3392 3153 3540 3226 ὅλως,
3598 3151 3742 3224 λόγου
3792 3142 3910 3198 δύνα-

591 3249 928 3323 quamdam
962 3247 1224 3303 emittere
1255 3261 1467 3301 vocem
1504 3243 1856 3317 permissus,
1888 3256 2009 3295 non
2042 3244 2248 3310 potero

590 3338 799 3394 conari
828 3342 890 3391 ut
920 3336 1135 3406 loquar
1158 3333 1187 3388 ‘i
1209 3334 1442 3390 Minime
1475 3347 1616 3404 ergo
1647 3329 1857 3387 tacebo
1894 3326 2247 3399 mysterium

592 3427 821 3496 salutis,
859 3425 964 3481 sed
992 3429 1055 3480 ut
1088 3423 1285 3479 licebit
1309 3422 1612 3479 eructabo.

664 3605 780 3658 Nos
816 3601 931 3657 sub
960 3602 1111 3671 jugo
1138 3615 1248 3656 suo
1284 3612 1488 3653 servos
1518 3593 1757 3651 tenebat
1785 3592 1879 3648 ille
1902 3608 2002 3666 qui
2032 3609 2068 3647 a
2090 3593 2245 3665 prin-

591 3693 748 3766 cipio
783 3690 1002 3747 erravit
1034 3694 1092 3745 et
1127 3687 1484 3761 apostatavit
1517 3701 1553 3740 a
1598 3686 1734 3747 Deo,
1773 3699 2004 3755 nosque
2041 3682 2243 3751 gloria:

589 3781 641 3852 ej
652 3797 719 3835 us
747 3796 916 3852 aqua
929 3774 1476 3853 deciditetavulsus
1489 3770 2099 3829 esthaeredesfuturos
2123 3776 2245 3827 ten-

588 3868 910 3925 tationibus
946 3864 1301 3934 lacessebat,
1345 3867 1588 3937 propter
1626 3861 1913 3933 antiquan
1972 3860 2243 3916 rebellio-

587 3974 728 4015 nem
759 3958 818 4013 in
847 3956 1157 4029 passiones
1187 3970 1300 4009 nos
1329 3951 1711 4025 prmcipitans
1733 3949 1906 4022 quasi
1940 3949 2243 4021 compedi-

584 4046 701 4103 bus
736 4045 1036 4101 vinciebat
1064 4041 1595 4105 inextricabilibus,
1650 4056 1725 4095 ne
1755 4040 1969 4095 iterum
2006 4038 2084 4094 ab
2114 4038 2243 4108 ejus

587 4136 904 4208 tyrannide
928 4133 1181 4201 liberati,
1206 4146 1525 4205 possemus
1547 4129 1626 4186 ad
1657 4129 1963 4185 Dominum
1987 4128 2243 4197 regredi,

586 4230 662 4292 et,
690 4229 877 4279 morte
895 4222 1070 4277 nobis
1094 4237 1200 4293 pro
1225 4220 1473 4277 custode
1496 4219 1835 4289 constituta,
1861 4218 1921 4272 in
1943 4217 2243 4272 infernum

584 4310 917 4367 includeret
958 4314 1015 4363 et
1071 4307 1397 4365 custodiret
1447 4306 1561 4362 sub
1599 4305 1785 4378 portis
1837 4303 2240 4358 tenebrarum.

586 4401 704 4455 Nos
738 4413 876 4454 vero
898 4397 1028 4470 ejus
1046 4396 1360 4469 potestatis
1385 4394 1709 4468 tyrannicae
1724 4393 1890 4447 triste
1904 4394 2239 4458 servientes,

584 4503 781 4560 neque
809 4487 986 4542 tantis
1007 4486 1068 4541 in
1088 4486 1306 4559 quibus
1328 4483 1722 4539 versabamur
1762 4479 1933 4535 malis
1960 4480 2236 4551 permoti,

588 4576 1007 4649 gaudebamus
1027 4575 1101 4632 de
1121 4577 1317 4641 ruina,
1343 4571 1751 4643 gloriabamur
1775 4570 1834 4624 in
1852 4569 2238 4641 passionibus

586 4682 722 4739 quae
743 4681 853 4721 nos
875 4666 952 4721 ad
970 4670 1227 4720 mortem
1246 4676 1436 4734 usque
1460 4658 1794 4724 trahebant,
1821 4665 2064 4730 propter
2086 4675 2241 4714 erro-

583 4770 712 4811 rem
743 4759 799 4809 et
825 4759 1051 4810 tantam
1083 4751 1476 4823 dejectionem
1516 4745 1926 4803 misericordia
1955 4746 2140 4816 digni.
2176 4750 2241 4803 Et

584 4844 795 4918 quales
825 4848 995 4900 erant
1016 4841 1117 4915 qui
1151 4840 1288 4896 talia
1316 4836 1697 4911 patiebantur
1726 4836 1753 4891 ‘P
1785 4836 2111 4909 imaginem
2143 4838 2240 4893 Dei

585 4939 880 5004 gerentes,
914 4930 1243 4987 miserrime
1271 4929 1538 4998 jacentes
1566 4925 1627 4981 in
1682 4928 1960 4983 servitute
2018 4931 2073 4983 et
2126 4927 2240 4984 sub

583 5021 900 5094 tyrannide
930 5016 1176 5085 inimici,
1205 5014 1641 5086 miserrimique
1674 5016 1870 5085 magis
1893 5021 2137 5087 propter
2153 5016 2239 5070 in-

584 5108 1053 5171 sensibilitatem,
1086 5105 1251 5176 quia,
1278 5103 1575 5159 factorem
1614 5103 1978 5170 deserentes,
2010 5104 2239 5176 seipsos

582 5196 739 5254 hosti
769 5193 1107 5260 tradebant,
1129 5192 1233 5265 qui
1253 5206 1440 5248 manu
1469 5191 1622 5249 dura
1647 5197 1873 5261 tenens,
1924 5197 2240 5264 sequentes

652 5463 742 5545 (1),
772 5461 955 5546 Codd.
990 5458 1205 5546 αύτρξδε.
1231 5467 1293 5519 ln
1328 5470 1373 5519 A
1405 5462 1731 5546 praesertim
1781 5461 2124 5546 conjunctio
2176 5457 2235 5546 δὴ

581 5534 811 5661 pa'ssitm
827 5534 905 5590 ad
925 5534 1333 5593 encliticarum
1350 5534 1599 5591 modum
1616 5534 1956 5609 estscripta,
1983 5543 2232 5593 accentu

581 5621 737 5662 relec
765 5622 820 5662 ο.
1900 5640 1903 5645 .

580 5621 737 5749 “ig?
746 5621 1081 5736 [gemmeus
1107 5684 1196 5736 est
1217 5694 1256 5737 a
1270 5680 1391 5737 Deo
1411 5679 1559 5749 01a,
1581 5676 1750 5750 quod
1768 5640 1973 5737 arcam
1991 5675 2231 5735 fmderis

2355 3259 2443 3310 μιν
2484 3240 2620 3310 ἔχων
2651 3244 2739 3291 καὶ
2801 3246 2969 3311 φωνην
3026 3260 3142 3292 τινα
3205 3239 3495 3316 δυνάμενος
3552 3240 3759 3314 ἀφιέναι,
3813 3232 3906 3285 ἀλλο

2355 3347 2405 3379 τι
2491 3324 2862 3399 σπουδάσαιμι
2905 3332 3005 3402 πρὸ
3076 3337 3168 3381 τοῦ
3221 3340 3393 3384 ταῦτα
3435 3334 3695 3406 κηρύττειν
3723 3344 3734 3391 ;
3763 3325 3906 3377 οὔκουν

2355 3412 2478 3468 οὐδὲ
2549 3420 2635 3468 τόν
2707 3425 2798 3477 τῆς
2851 3422 3114 3491 σωτηρίας
3168 3426 3515 3495 σιωπήσομαι
3565 3423 3758 3493 τρόπον,
3805 3409 3903 3475 ἀλλ’,

2354 3508 2423 3567 ὡς
2462 3509 2589 3574 ενόν,
2623 3507 2755 3578 ύμνὴ
2768 3525 2861 3563 σω,

2424 3591 2553 3667 Εἶχε
2608 3597 2698 3667 μεν
2780 3598 2919 3668 ἡμᾶς
2968 3592 3366 3669 δουλωσάμενος
3418 3601 3444 3651 ὁ
3496 3602 3584 3650 καὶ
3625 3599 3711 3653 τὴν
3762 3589 3899 3663 ἀρχὴν

2351 3683 2614 3745 πλανήσας
2638 3689 2726 3736 καὶ
2765 3684 3071 3746 ἀποστήσας
3112 3693 3266 3754 Θεοῦ,
3317 3695 3412 3742 καὶ
3461 3685 3613 3751 δόξης
3795 3676 3897 3729 Exsi-

2351 3794 2444 3836 νης
2526 3775 2637 3827 ὅθεν
2714 3762 2861 3835 ἀύτός
2948 3773 3213 3837 ἐκϐληθεὶς
3292 3776 3549 3854 ἀπερρίφη
3623 3769 3898 3845 κληρονομεῖν

2350 3861 2624 3935 μέλλοντας
2679 3861 2726 3914 ἐν
2776 3871 3042 3935 μηχαναῖς
3093 3852 3459 3938 ἀπωσάμενος,
3511 3867 3631 3937 πρὸς
3687 3856 3731 3912 δ’
3764 3852 3897 3924 ἰσχά-

2350 3971 2447 4012 της
2513 3950 2725 4024 ἀτιμίας
2781 3953 2922 4009 πάθη
2972 3959 3311 4025 κατενεγκὼν,
3375 3960 3470 4007 καὶ
3526 3951 3659 4025 εἶχεν
3701 3946 3897 4019 ἀφύκτοις

2352 4043 2535 4094 ὡσονεὶ
2598 4036 2785 4102 πέδαις
2864 4037 3161 4113 δεσμεύσας
3242 4045 3307 4104 ὡς
3372 4040 3506 4115 μηδ’
3582 4044 3711 4112 ἔχειν
3785 4030 3897 4083 αὐθις

2353 4132 2511 4203 ἡμᾶς,
2560 4127 2860 4191 ἐκλυθέντας
2918 4137 3013 4190 τῆς
3077 4130 3237 4183 αὐτου
3289 4127 3627 4207 πυραννίδος,
3684 4125 3789 4197 πρὸς
3829 4118 3893 4168 τὸν

2354 4217 2615 4276 δεσπότην
2704 4215 3043 4290 ἀναδραμεῖν,
3106 4225 3197 4272 καὶ
3250 4222 3469 4274 θάνατον
3527 4222 3644 4291 ἡμῖν
3692 4213 3893 4266 ἐπέστησε

2354 4307 2575 4375 φύλακα,
2614 4312 2705 4359 καὶ
2733 4306 2997 4381 καθεῖρξεν
3065 4307 3113 4360 ἐν
3181 4305 3317 4379 ᾅδου
3367 4316 3460 4363 καὶ
3506 4307 3680 4365 πύλαις
3722 4302 3887 4354 σκότους

2352 4396 2803 4467 κατησφαλίσατο.
2866 4401 2967 4449 Καὶ
3052 4397 3203 4470 ἡμεῖς
3261 4394 3388 4468 ἦμεν
3567 4396 3737 4449 τούτου
3775 4382 3882 4471 δννξι·

2354 4489 2501 4556 στείᾳ
2583 4488 2669 4537 καὶ
2732 4482 3004 4559 τυραννίδι
3061 4482 3409 4559 δουλεύοντες,
3469 4463 3599 4559 μηδ’
3650 4480 3793 4533 αὐτῶν
3833 4463 3874 4520 δέ

2350 4576 2544 4626 τούτων
2611 4572 2661 4625 ἐν
2727 4574 2800 4633 οἷς
2865 4571 3016 4646 ἐσμεν
3077 4570 3319 4632 δηλονότι
3364 4584 3518 4629 κακοί
3563 4571 3879 4636 αἰσθανόμενοι»

2347 4670 2408 4735 τῇ
2476 4658 2523 4715 δ’
2606 4660 2835 4735 ἀπωλείᾳ
2908 4669 3417 4739 συνευφραινόμεναι,
3505 4664 3639 4717 πάθη
3693 4660 3881 4726 τιμῶντες

2349 4748 2475 4824 ἦμεν
2514 4750 2566 4813 ἐξ
2623 4751 2688 4801 ὧν
2745 4749 2823 4803 ἐπ’
2872 4751 3027 4804 αὐτὸν
3068 4751 3356 4826 ηέτρέχομεν
3416 4757 3644 4817 θάνατον,
3705 4735 3880 4795 ἐλλεεινοὶ

2346 4847 2437 4900 τῆς
2492 4837 2698 4901 ἀπάτης
2746 4844 2836 4892 καὶ
2879 4849 2973 4901 τῆς
3029 4846 3292 4905 τοσαύτης
3346 4841 3579 4905 ἀδοξίας
3627 4839 3706 4888 καὶ
3759 4830 3882 4879 ταῦτα

2347 4932 2478 4989 τίνες
2507 4946 2525 4999 ;
2580 4930 2629 4979 οἱ
2680 4936 2776 4990 τῆς
2840 4928 3032 4991 εἰκόνος
3090 4938 3245 5000 Θεοῦ,
3309 4929 3623 5004 ἐλεεινότεροι
3665 4930 3747 4980 τῆς
3793 4908 3882 5005 δαῖς

2346 5017 2487 5079 λείας
2544 5021 2635 5068 καὶ
2712 5025 2804 5077 τῆς
2869 5037 2960 5071 του
3017 5018 3217 5091 ἔχθροῦ
3294 4991 3614 5095 τυραννίδος,
3650 5007 3792 5074 πολλῷ
3840 4991 3882 5097 ᾧ

2346 5106 2494 5159 πλέον
2543 5105 2716 5159 ἄθλιοι
2761 5114 2857 5169 τῆς
2917 5107 3289 5179 ἀναισθησίας,
3352 5111 3433 5164 ὅτι
3482 5111 3564 5161 τὸν
3617 5099 3881 5171 δημισνΡ7⁰⁷

2346 5193 2791 5268 ἐγκαταλιπόντες,
2868 5198 3099 5269 φέροντες
3170 5197 3387 5261 ἑαυτοὺς
3439 5205 3510 5268 τῷ
3561 5189 3764 5259 πολεμίῳ
3812 5190 3881 5228 π’

2343 5478 2532 5521 manu
2559 5467 3005 5534 contrectasset,
3038 5467 3105 5524 ut
3136 5470 3226 5525 est
3250 5462 3313 5525 in
3347 5469 3389 5525 ll
3412 5464 3550 5535 Reg.
3585 5474 3631 5516 c.
3669 5469 3728 5510 γι.
3762 5438 3873 5502 Sunt

2342 5542 2399 5592 et
2428 5536 2545 5592 alia
2570 5537 2842 5610 exempla
2872 5538 3108 5595 similia.

2412 5609 2494 5681 (3)
2523 5608 2663 5666 Vide
2683 5608 2817 5665 Isai.
2855 5624 2933 5682 γι,
2960 5613 3014 5679 6,
3047 5615 3104 5667 7.
