4120 6390
182 330 327 415 1509

1242 352 1333 408 DE
1373 347 1590 406 Ε’ΕὸΤο
1630 342 2083 402 ΒΟΒΜΙΤῘΟΝΙΞ
2122 347 2178 404 S.
2220 349 2485 405 MARI/E.

3418 351 3555 406 1510

176 474 562 555 ραδεδώκαμεν
594 495 607 509 ⁸
652 479 678 529 6
719 473 778 529 δε
801 476 1191 551 χειρωσάμενος
1244 476 1392 534 ὅλους
1458 471 1619 525 εἷλκεν
1670 467 1790 520 ακο-

1925 468 2185 526 ;rahebat
2204 470 2533 542 gaudenter
2552 472 2611 528 in
2643 471 2967 542 infernum,
2989 472 3155 544 quod
3183 472 3197 526 l
3229 477 3314 528 est
3336 472 3555 529 domus

175 571 496 628 λουθοῦντας
550 569 833 641 προθύμως
908 566 975 625 εἰς
1029 564 1276 639 βάραθρα
1328 566 1385 615 τὸ
1449 558 1634 614 ἑαυτοῦ
1699 576 1791 607 κα-

177 663 449 731 ταγώγιον
461 700 472 712 .

258 766 335 819 Oi}
366 768 469 837 μὴν
501 763 627 815 ἀλλὰ
662 758 906 836 παρεδεῖν
980 766 1143 834 μέχρι
1199 763 1390 819 παντὸς
1452 758 1546 808 ούκ
1599 756 1659 813 ἧν
1703 758 1796 803 τού

178 860 302 915 ταῖς
358 856 518 927 χερσὶ
566 851 854 911 πλάσαντος
918 855 1007 901 καὶ
1095 858 1191 910 τῆς
1261 845 1397 907 ἰδίας
1490 838 1797 917 μεταδόντος

181 943 380 1003 εἰκόνος
427 947 517 993 καὶ
537 948 859 1012 τῆςτιμῆςσ
934 939 1119 992 ούκουν
1175 935 1298 990 ούδε
1359 931 1625 1011 παρεῖδεν,
1682 928 1797 984 οὐδ’

180 1031 356 1103 ἀφῆκε
385 1036 575 1103 τρόπον
605 1028 657 1081 ὃν
689 1028 877 1100 ἓφηιιεν
927 1024 1146 1089 δούλους
1211 1027 1514 1099 ἀγομένους,
1579 1022 1666 1084 ούς
1724 1025 1795 1094 μὴ

182 1125 342 1193 μόνον
373 1118 688 1193 ἐλευθερους,
755 1117 883 1169 ἀλλὰ
950 1123 1041 1170 καὶ
1092 1126 1192 1169 τῶν
1258 1115 1342 1168 ἐπὶ
1401 1124 1498 1185 γῆς
1563 1110 1800 1164 ἁπάντων

184 1208 376 1282 ἄρχειν
406 1212 739 1282 προκρέκρινε
792 1227 804 1240 ·
862 1214 1031 1281 χωρεῖ
1088 1202 1137 1257 δ’

182 1305 497 1371 κρατοῦντος
545 1295 843 1371 ἐξαιρεῖται,
920 1294 1219 1355 καταλύσας
1286 1298 1381 1352 τὴν
1467 1289 1798 1358 δυναστείαν,

1191 1205 1237 1266 ἐς
1301 1204 1510 1266 αύτούς,
1568 1206 1656 1253 καὶ
1710 1206 1801 1252 τοῦ

183 1389 299 1459 ἅμα
330 1384 389 1439 δὲ
418 1390 582 1438 καὶτὸ
631 1395 728 1448 τῆς
790 1383 1003 1456 ἀγνοίας
1062 1380 1316 1443 διαλύσας
1377 1386 1557 1441 σκότος
1628 1378 1711 1450 ὑφ’
1763 1374 1803 1448 ᾧ

184 1483 407 1547 κατεῖχε
436 1475 795 1548 πλανωμένους
825 1476 965 1547 ἡμᾶς
993 1496 1005 1506 ·
1049 1481 1218 1548 χωρεῖ
1248 1469 1306 1524 δὲ
1334 1480 1445 1532 πῶς
1478 1487 1491 1537 ;
1525 1501 1594 1508 ——
1659 1467 1801 1521 Ἀλλ’

188 1564 413 1618 ἐνταυθςὶ
464 1583 555 1637 μοι
592 1569 681 1616 καὶ
727 1564 752 1614 6
802 1570 904 1625 πᾶς
967 1562 1135 1634 λόγος,
1186 1557 1368 1618 ἐπειδὴ
1448 1565 1532 1612 καὶ
1616 1560 1801 1618 πάντες

189 1657 371 1720 τύποι,
397 1659 487 1705 καὶ
529 1650 787 1725 σύμϐολα,
856 1656 946 1704 καὶ
1006 1653 1055 1703 οἱ
1101 1653 1541 1724 προκηρύττοντες
1590 1645 1799 1720 πόρρω-

194 1745 298 1809 θεν,
359 1741 580 1794 ἑνταύθα
635 1740 918 1816 πληροῦσι,
982 1741 1122 1801 τελος
1166 1743 1375 1811 ἔχοντες
1434 1743 1528 1797 τὴν
1612 1737 1800 1810 παρθέ-

1903 559 1955 629 ej
1965 576 2050 613 us.

1978 752 2102 805 Non
2139 756 2373 822 poterat
2397 760 2595 809 autem
2621 770 2730 810 nos
2744 757 2991 812 omnino
3027 756 3298 813 deserere
3316 758 3416 828 qui
3442 774 3553 813 ma-

1906 838 2083 894 nibus
2106 856 2216 895 nos
2233 841 2655 913 plasmaverat,
2686 846 2989 916 propriam
3022 846 3347 918 imaginem
3363 851 3419 903 et
3432 846 3553 917 glo-

1907 928 2059 983 riam
2090 929 2356 985 tribuens
2389 932 2606 999 :igitur
2640 934 3315 1006 nequedeseruitneque
3332 935 3557 992 amovit

1908 1022 2212 1073 creaturas
2244 1035 2396 1090 quas
2432 1021 2786 1078 dicebamus
2825 1023 2884 1078 in
2954 1024 3292 1080 servitutem
3347 1025 3557 1081 mortis

1909 1105 2255 1174 destinatas,
2279 1110 2423 1162 dum
2458 1125 2561 1164 eas
2582 1126 2703 1166 non
2733 1112 2915 1168 modo
2941 1112 3159 1169 liberas
3188 1112 3425 1179 fecerat,
3449 1112 3560 1170 sed

1910 1193 2155 1267 insuper
2190 1202 2255 1251 ut
2289 1202 2485 1252 essent
2514 1214 2694 1269 super
2714 1200 2919 1256 omnia
2944 1217 3082 1274 qua:
3118 1208 3256 1257 sunt
3284 1202 3345 1257 in
3366 1207 3549 1258 terra.

1911 1283 2082 1338 Venit
2112 1290 2312 1340 autem
2342 1285 2419 1340 ad
2451 1302 2552 1342 eos
2591 1294 2643 1343 et
2675 1304 2745 1342 ex
2793 1294 3034 1360 potente
3054 1291 3246 1363 eripit,
3285 1293 3414 1361 ejus
3447 1291 3564 1347 sol-

1911 1390 2059 1429 vens
2090 1376 2438 1447 potentiam,
2476 1383 2532 1433 et
2565 1377 2869 1450 dissipans
2896 1380 3176 1438 umbram
3208 1382 3560 1452 ignorantiae

1910 1478 2035 1534 qua
2054 1470 2177 1519 nos’
2203 1464 2534 1521 involverat
2571 1465 2852 1539 deceptos
2888 1476 2943 1524 et
2977 1475 3263 1525 errantes.
3302 1472 3561 1536 Quomo-

1910 1550 1990 1607 do
2021 1557 2224 1608 autem
2259 1554 2419 1609 venit
2447 1553 2613 1610 ?Huc
2647 1556 2796 1610 enim
2834 1557 3116 1613 tendebat
3168 1564 3325 1615 totus
3386 1575 3560 1614 meus

1912 1657 2128 1708 sermo,
2167 1642 2318 1698 sicut
2343 1648 2397 1700 et
2418 1659 2629 1700 omnes
2651 1644 2860 1714 ﬁgura:
2887 1651 2943 1702 et
2958 1647 3161 1704 omnia
3183 1647 3481 1720 symbola,
3503 1653 3560 1704 et

1909 1745 2124 1785 omnes
2161 1747 2196 1786 a
2230 1737 2384 1787 retro
2424 1732 2749 1805 prophetiae
2769 1734 2886 1790 huc
2917 1736 3322 1809 adimplentur
3372 1729 3559 1792 ﬁnem

191 1852 294 1883 νον.
333 1829 495 1893 Αύτὸς
560 1836 649 1882 καὶ
699 1832 801 1903 γὰρ
860 1834 892 1881 ὅ
938 1834 1248 1903 προαιώνιος
1293 1835 1384 1879 τοῦ
1444 1833 1575 1878 Θεοῦ
1634 1829 1800 1894 Λόγος

1925 1834 2099 1873 mum
2141 1818 2430 1875 habentes
2467 1822 2791 1891 Virginem.
2841 1827 3039 1896 [psum
3060 1825 3220 1881 enim
3269 1830 3560 1881 aeternum

192 1919 425 1980 καταϐὰς
464 1918 512 1971 ἐν
543 1919 698 1991 αὐτῇ,
739 1920 947 1993 καθαρᾴ
1002 1917 1133 1989 ούσῃ
1184 1922 1266 1968 καὶ
1336 1915 1555 1988 ἀμωμῳ,
1602 1918 1693 1965 καὶ
1750 1916 1800 1963 τί

195 2007 247 2062 δ’
266 2007 389 2061 ἆλλο
441 2009 470 2067 ᾖ
558 2016 648 2060 τού
710 2008 1038 2068 κατελθοντος
1098 2005 1238 2078 ἀξίᾳ,
1296 2005 1428 2080 σὰρξ
1474 2009 1671 2075 γίνεται
1727 1998 1800 2054 δι’

194 2101 363 2169 ἠμῶς,
397 2116 622 2170 φορρσας
658 2099 867 2169 ταύτην*
905 2095 960 2148 ἐκ
1005 2105 1105 2148 τῶν
1158 2095 1325 2155 αὐτῆς
1385 2095 1659 2165 ἁχράντων
1713 2097 1803 2145 καὶ

198 2191 470 2260 πανάγνων
543 2188 798 2260 αἱμάτων,
867 2192 974 2255 καὶ,
1026 2190 1120 2243 τὴν
1173 2186 1290 2237 κατ’
1350 2184 1522 2236 εἰκόνα
1576 2182 1802 2256 προσλα-

198 2276 300 2328 ϐων
356 2278 511 2349 φύσιν
565 2275 687 2334 ὅλην
749 2277 1054 2351 φθαρεῖσαν,
1120 2279 1368 2346 μίγνυται
1454 2276 1637 2345 ταύτῃ,
1715 2275 1803 2323 καὶ

200 2362 511 2417 ἀναπλάττει
572 2372 632 2437 τῇ
685 2369 944 2436 κοινωνία,
1000 2367 1121 2426 τούς
1195 2360 1359 2423 ἰδίους
1418 2358 1569 2423 αὖθις
1618 2360 1803 2412 ἐπανα-

201 2454 383 2514 σωζων
438 2457 568 2526 πρὸς
622 2453 819 2524 ἑαυτὸν,
870 2459 959 2505 καὶ

203 2544 415 2604 σθέντας
554 2542 804 2617 ἁμαρτίᾳ.

1054 2453 1397 2525 οἰκειούμενος
1472 2455 1593 2513 τοὺς
1667 2452 1803 2502 απω-

279 2668 443 2727 Ούτος
475 2669 501 2719 ὁ
555 2676 649 2729 τῆς
706 2669 955 2741 ἡμετέρας
1010 2671 1276 2739 σωτηρίας
1328 2670 1519 2739 τρόπος
1582 2683 1595 2695 ο
1656 2673 1806 2718 τοῦτο

213 2759 273 2809 τό
340 2755 501 2808 πάλαι
564 2761 653 2809 καὶ
718 2758 1137 2828 προτυπούμενον
1212 2760 1301 2807 καὶ
1364 2760 1804 2827 προμηνυόμενον,

205 2850 297 2899 καὶ
373 2852 479 2907 τοῖς
541 2850 831 2918 προφήταις
877 2844 1205 2916 λαλούμενον,
1267 2848 1476 2918 φρικτὸν
1522 2850 1609 2896 καὶ
1675 2848 1810 2915 μέγα

205 2939 515 3007 μυστήριον,
565 2938 690 2995 Θεὸς
733 2938 1006 3006 μεγόγενος
1037 2935 1327 3005 ἄνθρωπος,
1390 2934 1472 2985 ἵνα
1526 2939 1670 3005 σώσῃ
1722 2937 1808 2985 τὸν

208 3023 498 3097 ἄνθρωπον,
540 3026 665 3083 Θεὸς
717 3021 765 3074 ἐν
822 3028 1000 3097 μήτρᾳ
1044 3024 1306 3097 Παρθένου
1380 3027 1470 3074 καὶ
1529 3025 1809 3094 σωματού-

209 3131 356 3184 μενος
407 3116 498 3164 καὶ
542 3112 911 3184 πλαττόμενος,
981 3116 1068 3164 καὶ
1127 3116 1382 3184 χρονικήν
1438 3108 1807 3183 καταδεχόμε-

207 3220 288 3261 νος
338 3205 598 3272 γέννησιν,
651 3205 741 3253 καὶ
791 3202 861 3263 ὡς
909 3199 1094 3274 βρέφος
1137 3202 1391 3274 ὁρώμενος
1451 3205 1541 3252 καὶ
1605 3199 1810 3272 βαστα-

212 3291 416 3362 ζόμενος
467 3288 716 3361 ἀγκάλαις
782 3293 1004 3361 μητρὸς.
1052 3291 1077 3341 6
1135 3292 1202 3342 τὰ
1246 3292 1417 3343 πάντα
1467 3290 1674 3363 πληρῶν
1722 3293 1813 3341 καὶ

210 3375 462 3450 μηδαμοῦ
517 3373 765 3449 μηδόλως
840 3380 1196 3450 χωρούμενος.
1260 3382 1397 3453 Πρὸς
1463 3387 1631 3430 ταῦτα
1681 3383 1815 3439 τίνες

212 3465 459 3539 ἀγγέλων,
536 3471 664 3527 τίνες
746 3464 1113 3540 ἀρχαγγέλων,

210 3562 337 3607 ποῖα
421 3560 667 3628 Σεραφὶμ,

213 3646 409 3718 ὁρῶντα
460 3649 548 3703 τὴν
604 3648 862 3703 τοσαύτην
945 3652 1037 3696 τού
1120 3652 1255 3699 Θεοῦ
1302 3651 1517 3699 κένωσιν
1581 3652 1670 3699 καὶ
1726 3648 1814 3707 τὸς

209 3742 456 3786 τοσοῦτον
512 3729 660 3794 αὖθις
716 3737 867 3805 ὄγκον
902 3741 998 3794 τῆς
1064 3738 1183 3807 περὶ
1233 3737 1374 3807 ἡμᾶς
1430 3734 1813 3808 φιλανθρωπίας

209 3827 298 3875 καὶ
326 3831 417 3883 τῆς
442 3821 673 3875 ἐπέκεινα
695 3823 874 3883 πάσης
900 3821 1156 3884 ύπεϐολῆς
1186 3822 1523 3894 ἁγαθοτητος.

1198 3466 1256 3519 ού
1336 3468 1740 3538 κατεπλάγησαν
1796 3484 1810 3534 ;

766 3562 891 3607 ποῖα
959 3553 1246 3628 Χερουϐὶμ,
1329 3556 1423 3608 ούκ
1496 3556 1812 3627 ἐθαύμασεν,

278 3936 564 4003 Τοιγαροῦν
633 3934 723 3982 καὶ
805 3936 975 3982 πᾶσαι
1073 3938 1174 3982 τῶν
1271 3931 1499 4003 οὐρανῶν
1565 3929 1813 4005 δυνάμεις

214 4019 355 4080 εὐθὺς
426 4017 748 4092 ἀνύμνησαν,
841 4024 932 4071 καὶ
1006 4019 1119 4091 μεθ’
1186 4021 1332 4091 ἡμῶν
1413 4017 1521 4073 δεῖν
1587 4021 1815 4093 ἓγνωσαν

217 4116 402 4167 στῆναι
479 4114 676 4179 γενεαῖς
731 4105 959 4167 ἀπάσαις
1004 4112 1096 4166 τὴν
1176 4110 1432 4180 Παρθένον
1502 4110 1792 4182 μακαριζόν

216 4217 338 4262 των,
374 4200 463 4249 καὶ
500 4196 895 4271 μακαριζόντων
953 4198 1083 4269 ὁμοῦ
1132 4200 1219 4269 μὲν
1277 4197 1444 4249 αὐτῶν
1503 4196 1569 4256 δὴ
1623 4202 1817 4251 τούτων

220 4286 378 4338 ἕνεκεν
447 4293 548 4337 τῶν
628 4285 790 4347 οὕτως
844 4286 1114 4359 ὑπερφυῶν
1187 4285 1318 4357 αὐτῇ
1390 4287 1672 4358 μεγαλείων
1727 4306 1819 4359 γε-

221 4377 528 4446 γενημένων,
587 4375 723 4446 ὁμοῦ
778 4370 829 4426 δ’
876 4374 956 4426 ὅτι
1012 4380 1103 4426 καὶ
1171 4378 1266 4433 την
1313 4379 1483 4433 κοινὴν
1535 4374 1823 4447 ἐλευθερίαν

225 4459 296 4516 δι’
328 4462 492 4526 αὐτῆς
515 4465 641 4536 ἡμῖν
685 4462 910 4536 ὑπῆρξεν
949 4462 1248 4531 ἀπολαϐεῖν,
1302 4464 1414 4537 ἅμα
1466 4460 1526 4517 δὲ
1570 4470 1661 4517 καὶ
1722 4474 1823 4518 τῶν

228 4552 447 4615 καθεξῆς
487 4552 791 4625 εὐεργεσιῶν
855 4554 1041 4626 χάριν,
1091 4551 1153 4615 ἂς
1210 4553 1268 4605 ού
1325 4550 1551 4607 διελεπεν
1601 4552 1718 4608 οὐδ’
1765 4556 1823 4608 ού

228 4646 429 4714 μήποτε
507 4640 633 4714 λίπῃ
691 4637 784 4693 διὰ
848 4643 1044 4703 παντὸς
1123 4643 1569 4716 κατεργαζομένη.
1644 4652 1824 4718 Παρα-

226 4730 460 4784 λαϐούσα
518 4735 609 4783 καὶ
662 4732 763 4804 γὰρ
808 4731 944 4801 ἡμᾶς
1009 4727 1146 4783 ἰδίαν
1204 4733 1391 4784 ὡσανεὶ
1456 4738 1824 4806 κληρονομίαν,

226 4826 331 4878 τοῖς
354 4825 446 4871 τοῦ
471 4821 596 4872 Υἱού
635 4817 793 4879 αὐτῆς
822 4818 1039 4891 αἶμασιν
1088 4816 1189 4870 ἀπὸ
1245 4828 1342 4882 τῆς
1392 4823 1669 4894 μοχθηρᾶς
1734 4829 1823 4876 καὶ

229 4908 419 4980 φαύλης
476 4904 710 4968 δουλείας
762 4906 1228 4982 ίξηγορασμένους,
1277 4907 1444 4961 ἐκεῖνα
1497 4914 1587 4962 καὶ
1642 4915 1822 4963 πεποί-

226 5015 344 5055 ηκεν
373 4998 499 5072 ὑπὲρ
547 4998 693 5069 ἡμῶν
734 5000 824 5049 καὶ
866 5004 1022 5068 ποιεῖ,
1078 4996 1145 5048 ὧν
1179 5002 1270 5050 καὶ
1325 5002 1471 5070 γέμει
1532 5001 1739 5071 σύμπας
1795 5002 1822 5053 ὁ

226 5084 360 5159 βίος,
392 5084 632 5148 ἐξαισίων
658 5084 742 5139 ἀεὶ
771 5085 1104 5158 τελουμένων.

294 5190 508 5252 Ἐπειδὴ
539 5195 643 5267 γὰρ
691 5193 718 5245 6
754 5195 892 5245 κατὰ
943 5200 1041 5255 τῆς
1082 5197 1294 5267 πρώτης
1349 5195 1495 5267 ἡμῶν
1551 5193 1821 5269 ἐπιχειρήο

228 5299 324 5344 σας
397 5280 707 5358 ἂλευθερίας,
783 5287 873 5336 καὶ
920 5291 1090 5344 κακῶς
1133 5282 1296 5341 αὐτὴν
1352 5282 1671 5357 ἀφελόμενος,
1727 5288 1821 5344 τήν

224 5371 343 5430 ὃλην
380 5372 528 5444 ἡμῶν
581 5369 895 5445 καθύϐρισεν
946 5371 1113 5439 ἀξίαν,
1174 5371 1551 5427 ἀπαλλάττεται
1614 5370 1667 5427 δ’
1704 5371 1820 5427 οὐδ’

224 5456 367 5522 αὖθις
454 5465 545 5513 καὶ
616 5463 754 5513 κατά
834 5469 934 5512 τῶν
1011 5458 1261 5535 δευτέρων
1311 5462 1388 5516 ἀεὶ
1444 5461 1824 5535 μηχοθώμενος

226 5546 497 5621 ἀμεινόνων
559 5548 643 5601 ἐπὶ
678 5547 849 5619 πολλῷ
914 5552 1045 5622 πρὸς
1097 5546 1255 5613 δόξαν
1318 5556 1686 5624 γεγενημένων,
1737 5552 1823 5605 ού-

226 5633 448 5710 δαμὸθεν
488 5637 696 5690 ἄλλοθεν
750 5638 899 5710 ἡμεῖς
957 5636 1176 5700 ἕξάντεις
1220 5649 1318 5692 τῶν
1362 5641 1523 5693 αὐτοῦ
1576 5640 1821 5694 ποικίλων

1914 1906 2011 1962 Dei
2052 1908 2305 1963 Verbum
2334 1909 2708 1967 descendens
2746 1912 2806 1967 in
2846 1913 2949 1969 Illa
2977 1930 3112 1986 quae
3148 1921 3275 1970 erat
3309 1930 3462 1985 pura
3505 1918 3562 1969 et

1910 1996 2524 2067 irreprehensibilis,et
2548 2002 2621 2056 de
2635 2006 2846 2058 caetero
2867 2003 3326 2074 quodaminodo
3352 2003 3557 2073 digna.

1911 2086 1993 2141 Eo
2018 2086 2123 2156 qui
2159 2086 2449 2153 veniebat,
2483 2088 2705 2144 factum
2741 2094 2829 2145 est
2864 2107 2972 2163 pro
3006 2091 3182 2147 nobis
3216 2092 3563 2158 caro;hanc

1913 2191 2154 2230 carnem
2196 2191 2518 2232 assumens
2556 2195 2628 2232 ex
2663 2178 2979 2236 innocente
3050 2186 3107 2236 et
3171 2181 3562 2237 immaculato

1914 2263 2162 2333 Virginis
2199 2264 2512 2335 sanguine,
2543 2267 2840 2338 accipiens
2871 2274 3056 2325 totam
3077 2276 3353 2326 naturam
3398 2270 3565 2327 vitia-

1914 2357 2038 2408 tam
2070 2354 2130 2408 in
2156 2353 2420 2425 imagine
2446 2356 2562 2423 Dei,
2603 2373 2730 2413 sese
2758 2357 2836 2413 illi
2865 2358 3119 2427 miscuit,
3146 2363 3199 2415 et
3224 2358 3565 2415 reformavit

1914 2441 2068 2496 illam
2084 2443 2196 2497 hac
2209 2444 2450 2509 unione,
2470 2461 2613 2501 suos
2627 2447 2834 2502 iterum
2852 2448 3091 2504 salvans
3108 2454 3160 2503 et
3175 2448 3252 2505 ad
3266 2454 3319 2503 te
3332 2448 3566 2518 erigens

1913 2531 2251 2603 uniensque
2264 2549 2400 2605 quos
2410 2538 2748 2591 vastaverat
2759 2542 2815 2591 et
2829 2536 3226 2593 exinaniverat
3237 2543 3563 2610 peccatum.

1986 2656 2140 2713 Talis
2176 2662 2264 2713 est
2290 2662 2509 2713 nostras
2530 2658 2738 2714 salutis
2757 2659 2907 2715 ordo
2932 2677 2946 2715 :
2975 2660 3089 2716 tale
3123 2665 3212 2716 est
3235 2661 3403 2732 quod
3421 2660 3566 2717 olim

1920 2743 2369 2817 prasﬁguratum
2390 2752 2497 2814 est,
2533 2748 3001 2817 praenuntiatum
3037 2754 3217 2819 etper
3242 2748 3568 2821 prophetas

1918 2834 2298 2906 praedictum,
2316 2834 2695 2891 tremendum
2718 2851 3128 2909 magnumque
3166 2838 3525 2909 mysterium
3550 2854 3564 2892 :

1922 2925 2076 2978 Deus
2091 2938 2310 2994 nempe
2328 2924 2501 2979 homo
2515 2922 2707 2980 factus
2723 2929 2784 2979 ut
2795 2925 3099 2981 hominem
3113 2925 3389 2993 salvaret,
3416 2929 3569 2982 Deus

1919 3012 1980 3067 in
2017 3017 2183 3067 utero
2205 3012 2463 3081 Virginis
2485 3012 2903 3084 incorporatus
2923 3019 2979 3069 et
3008 3013 3320 3085 formatus,
3341 3020 3399 3071 et
3426 3019 3570 3071 tem-

1920 3101 2190 3174 poralem
2220 3102 2517 3173 accipiens
2534 3103 3003 3171 gcnerationem,
3025 3103 3193 3159 visus
3207 3110 3266 3160 et
3301 3110 3570 3175 gestatus

1923 3195 1985 3245 ut
2020 3205 2167 3263 puer
2196 3190 2348 3247 inter
2387 3190 2594 3246 matris
2638 3190 2907 3263 brachia,
2973 3192 3121 3249 dum
3176 3194 3303 3266 ipse
3364 3194 3572 3250 omnia

1921 3280 2104 3350 replet
2119 3284 2176 3336 et
2200 3278 2409 3335 nullibi
2430 3280 2826 3337 omninoloco
2844 3282 3060 3337 mutari
3083 3289 3297 3355 potest.
3323 3284 3415 3338 Ad
3442 3284 3573 3339 haec

1923 3369 2171 3440 quinam
2209 3368 2563 3438 angelorum
2598 3376 2655 3424 et
2685 3370 3185 3441 archangelorum
3217 3388 3341 3429 non
3368 3372 3572 3429 obstu-

1923 3463 2183 3530 puerunt
2200 3458 2227 3513 ‘I
2250 3460 2392 3523 Quae
2406 3458 2728 3530 seraphiin,
2744 3474 2879 3530 quas
2891 3460 3203 3516 cherubim
3223 3476 3346 3517 non
3359 3462 3576 3519 mirata

1922 3552 2080 3614 sunt,
2120 3552 2349 3603 tantam
2385 3563 2525 3602 cum
2545 3552 2853 3603 cernerent
2879 3549 2977 3604 Dei
2993 3548 3482 3615 exinanitionem,
3519 3555 3576 3607 et

1923 3635 2102 3691 simul
2138 3640 2367 3692 tantam
2398 3635 2876 3704 exuberantiam,
2894 3637 3117 3693 amoris
3156 3637 3275 3709 Dei,
3312 3644 3365 3695 et
3395 3654 3577 3711 super

1922 3725 2310 3781 eminentiam
2347 3723 2686 3781 excellentis
2714 3724 2998 3782 bonitatis
3036 3727 3064 3781 ‘2

1986 3924 2085 3981 0m
2094 3939 2196 3979 nes
2210 3924 2411 3996 itaque
2423 3923 2665 3979 virtutes
2680 3923 2961 3980 ccelorum
2975 3928 3331 3998 propensius
3346 3929 3406 3984 in
3418 3929 3583 4002 hym-

1925 4031 2036 4071 nos
2071 4017 2398 4085 eruperunt
2432 4016 2490 4067 et
2522 4011 2843 4068 nobiscum
2865 4020 3241 4086 agnoverunt
3262 4016 3342 4072 ab
3392 4018 3582 4074 omni-

1926 4103 2041 4159 bus
2070 4100 2557 4172 generationibus
2586 4100 3067 4159 benedicendam
3106 4120 3239 4160 esse
3275 4105 3583 4179 Virginem

1928 4199 2055 4248 tum
2095 4196 2336 4264 propter
2361 4207 2432 4246 ea
2451 4204 2587 4262 quae
2609 4190 2724 4262 ipsi
2751 4190 3124 4249 collatasunt
3141 4209 3366 4263 magna
3393 4200 3449 4252 et
3475 4213 3582 4251 su-

1929 4280 2355 4356 pernaturalia;
2381 4285 2497 4336 tum
2516 4280 2659 4351 quia
2677 4296 2783 4352 per
2802 4280 2954 4337 illam
2970 4282 3145 4338 nobis
3159 4283 3359 4341 datum
3375 4290 3466 4343 est
3486 4286 3586 4343 de-

1934 4386 2117 4443 super
2150 4369 2419 4441 accipere
2459 4383 2849 4424 communem
2884 4368 3242 4441 libertatem,
3281 4372 3585 4446 simulque

1933 4465 2176 4534 propter
2200 4464 2416 4515 caetera
2435 4458 2726 4514 beneﬁcia
2744 4474 2879 4531 qum
2913 4475 3229 4533 nunquam
3250 4461 3581 4535 intermisit,

1933 4551 2079 4622 quin
2115 4549 2176 4604 in
2196 4564 2308 4603 nos
2328 4563 2513 4619 supra
2550 4546 2801 4602 modum
2828 4547 3069 4605 abunde
3094 4552 3421 4623 perfecerit.
3448 4555 3586 4610 Sus-

1934 4640 2075 4710 cipit
2108 4639 2267 4693 enim
2303 4652 2414 4692 nos
2481 4637 2654 4708 quasi
2688 4638 3000 4709 propriam
3026 4638 3465 4697 haereditariam
3501 4642 3583 4699 fa-

1933 4728 2162 4784 miliam
2188 4724 2416 4799 proprii
2440 4724 2560 4780 Filii
2591 4724 2686 4781 sui
2722 4727 3017 4795 sanguine
3077 4729 3462 4787 redimendos
3511 4747 3585 4786 ex

1931 4815 2280 4873 miseranda
2303 4812 2716 4886 vilissimaque
2740 4815 3037 4887 servitute,
3082 4823 3323 4889 propter
3337 4835 3450 4875 nos
3469 4819 3585 4877 ista

1930 4906 2065 4963 fecit
2085 4909 2142 4961 et
2170 4918 2332 4960 nunc
2358 4919 2602 4975 quoque
2638 4902 2799 4972 facit,
2842 4905 3065 4976 quibus
3120 4908 3317 4964 omnis
3377 4914 3585 4966 nostra

1928 4996 2228 5069 repleatur
2260 4993 2379 5049 vita
2403 4991 2583 5047 bonis
2611 4991 2995 5050 faustissimis
3029 4999 3087 5052 et
3120 4996 3376 5053 aeternis.

2002 5196 2147 5251 Cum
2183 5196 2384 5249 autem
2409 5189 2506 5246 ille
2526 5189 2630 5263 qui
2657 5191 2824 5263 prius
2852 5197 3061 5249 contra
3096 5199 3365 5253 nostram
3407 5196 3584 5256 liber-

1927 5289 2112 5342 tatem
2132 5279 2715 5352 insurrexiteamque
2739 5279 2912 5337 nobis
2929 5281 3146 5338 misere
3174 5283 3418 5355 ademit,
3435 5286 3583 5345 inte-

1930 5389 2101 5445 gram
2130 5375 2398 5427 nostram
2427 5367 2661 5424 fcedans
2696 5368 3067 5438 dignitatem,
3100 5388 3225 5428 non
3262 5380 3458 5432 cesset
3480 5392 3582 5448 po-

1931 5459 2277 5518 sterioribus
2304 5457 2462 5514 hisce
2488 5462 2546 5513 et
2573 5457 3017 5529 pretiosissimis
3048 5477 3286 5535 semper
3308 5465 3582 5524 insidiari

1928 5551 2105 5609 bonis
2138 5565 2275 5622 quas
2308 5546 2578 5620 proxime
2613 5546 2692 5602 ad
2732 5545 2985 5617 gloriam
3021 5565 3133 5606 nos
3194 5560 3435 5619 ornant,
3473 5570 3580 5627 per

1931 5639 2165 5697 nullum
2196 5637 2405 5705 alium,
2440 5651 2477 5693 o
2509 5634 2704 5708 Virgo,
2745 5636 2794 5707 ej
2806 5638 3083 5699 usvarias
3108 5639 3467 5714 effugiemus
3493 5659 3582 5702 se-
