4120 6412
508 276 641 361 i311

1829 257 2207 345 NICEPHORI
2242 258 2537 349 CHUMNI.

3568 148 3571 149 ν
3688 146 3715 193 ἠ
3834 132 3995 193 τεέν

501 415 812 474 ductiones
833 425 1018 484 quam
1050 425 1157 484 per
1192 414 1249 467 te
1285 425 1474 483 quam
1502 409 1748 467 heroem
1768 406 1987 464 ducem
2018 400 2157 459 belli

2272 408 2693 478 μηχανημάτων,
2726 409 2756 468 ἦ
2819 409 2897 481 σε,
2968 408 3220 483 Παρθένε,
3273 409 3553 481 πρόμαχον
3615 407 3714 461 καὶ
3759 380 3901 484 grng

504 503 843 561 invenimus
881 502 939 558 et
959 504 1266 574 potentem
1289 504 1630 573 patronam,
1662 496 1934 570 undique
1967 491 2157 566 ipsius

506 594 883 665 frangentem
919 589 1180 648 fervidos
1230 589 1512 664 impetus.
1570 589 1667 646 llle
1722 586 1884 644 enim
1936 581 2160 656 duplex

509 682 758 738 suscitat
768 679 1016 749 bellum,
1031 679 1154 736 sive
1174 683 1413 735 nostras
1434 678 1717 736 saucians
1731 674 1968 732 animas
1981 670 2158 744 ipsis-

508 786 625 844 que
663 768 897 829 occulte.
918 767 1232 835 insidians,
1261 768 1386 824 sive
1414 767 1546 824 illas
1571 764 1886 839 impellens
1937 759 2017 817 ad
2062 774 2158 815 res

508 867 807 931 externas,
831 864 898 916 ut
930 857 1015 915 sic
1049 857 1362 915 manifeste
1391 873 1565 915 suam
1584 855 1883 929 compleat
1930 851 1992 907 in
2048 849 2161 906 illis

508 949 796 1007 invidiam
852 951 912 1004 et
960 946 1273 1004 malitiam.
1345 949 1430 1003 Tu
1498 962 1640 1003 vero
1712 942 1879 1001 fortis
1953 942 2162 997 contra

509 1044 830 1111 utrumque
846 1035 1072 1094 bellum
1086 1040 1299 1110 potens
1313 1039 1567 1109 praestas
1581 1033 1863 1091 omnibus
1881 1028 2161 1088 auxilium

509 1144 621 1186 nec
643 1127 842 1185 solum
859 1140 1204 1182 succurrere
1230 1124 1555 1192 desideras,
1580 1121 1684 1180 sed
1701 1127 1758 1180 et
1782 1120 1953 1178 facile
1967 1121 2159 1192 potes.

510 1216 690 1275 Nobis
714 1216 936 1273 idcirco
951 1214 1244 1271 succurris
1257 1220 1311 1271 et
1326 1212 1637 1288 praecedis,
1651 1216 1717 1269 ut
1729 1225 1962 1286 pugnes
1981 1212 2162 1281 atque

511 1312 577 1365 ut
604 1307 770 1382 prius
801 1305 964 1361 mala
1001 1304 1339 1377 ingruentia
1368 1304 1636 1374 corrigas
1667 1306 1724 1359 et
1751 1298 1998 1358 innoxia
2020 1296 2161 1354 red-

512 1397 623 1454 das
643 1411 829 1469 quam
858 1394 936 1451 ab
965 1393 1050 1449 eis
1080 1394 1329 1450 omnino
1358 1392 1756 1449 inﬁrmemur.
1810 1393 2013 1463 Neque
2045 1385 2162 1443 hoc

513 1486 729 1543 solum.
766 1484 880 1541 Sed
901 1500 1041 1540 cum
1063 1482 1354 1540 adversus
1412 1482 1544 1556 ejus
1603 1481 1875 1550 insidias,
1920 1481 2162 1548 agentes

511 1573 661 1631 nihil
684 1571 1032 1647 proﬁcimus
1045 1570 1749 1645 etdilﬁcillimeimpetum
1772 1567 2159 1633 sustinemus,

511 1663 688 1737 quasi
716 1661 1069 1720 voluntariis
1094 1661 1268 1718 malis
1303 1661 1764 1717 succumbentes
1818 1657 1931 1730 (ille
2001 1654 2162 1712 enim

2271 497 2454 548 στάτιν
2482 500 2735 571 κραταιὰν
2776 502 3101 574 κεκτημένοι,
3148 500 3479 571 πανταχόθεν
3534 495 3682 568 αὐτῷ
3737 496 3895 572 περιέ-

2268 588 2560 659 τρέπουσαν
2608 590 2703 652 τὰς
2763 589 2950 664 ὁρμάς,
3021 587 3081 642 Ὀ
3262 590 3363 664 γὰρ
3435 583 3655 640 διπλοῦν
3704 590 3898 663 ὶγείρεε

2268 677 2355 726 τὸν
2393 676 2632 749 πόλεμον,
2685 682 2773 731 τὸν
2813 682 2924 752 μὲν,
2992 676 3185 751 ψυχῶν
3247 677 3416 730 αύτών
3473 678 3894 750 καθικνούμενος

2269 768 2359 817 καὶ
2426 763 2632 838 ἀφανῶς
2695 770 2911 829 ταύταις
2964 756 3328 833 ἕπιϐουλεύων,
3383 769 3468 819 τὸν
3525 762 3603 832 δε,
3672 762 3892 839 βάλλων

2269 856 2400 927 πρὸς
2436 856 2503 907 τὰ
2531 853 2677 919 ἐκτός
2730 861 2820 910 καὶ
2879 859 3096 931 φανερὰν
3162 855 3214 909 ἐν
3276 858 3484 918 τούτοις
3529 855 3744 928 πληρῶν
3797 859 3896 915 τήν

2271 941 2558 1017 ἀπέχθειαν
2619 966 2633 980 -
2679 949 2745 999 σὺ
2802 941 2856 1000 δ’
2903 945 3012 999 ἀλλ’
3069 944 3301 1017 ἀπαντᾷς
3359 943 3723 1018 ἀμφοτέρωθεν
3780 942 3897 997 ἐπί-

2269 1051 2452 1108 κουρος
2480 1037 2726 1109 κραταιά,
2758 1037 2927 1089 πάντα
2975 1033 3188 1110 βοηθεῖν
3240 1039 3313 1108 μὴ
3374 1020 3527 1109 μόνον
3580 1051 3641 1106 γε
3704 1031 3895 1106 βουλο-

2269 1126 2417 1196 μένη,
2442 1121 2681 1178 ἀλλὰκαὶ
2733 1121 2937 1200 ῥᾳδίως
2973 1121 3346 1198 δεδυνημένη.
3405 1125 3583 1201 Ταύτῃ
3648 1142 3736 1176 τοι
3798 1128 3890 1178 καὶ

2272 1210 2482 1284 βοηθεῖς
2509 1218 2864 1288 προῖσταμένη
2904 1218 2994 1268 καὶ
3045 1221 3426 1291 προμαχοῦσα,
3477 1216 3589 1281 καὶ,
3655 1216 3776 1286 πρὶν
3842 1212 3874 1272 ἦ

2270 1303 2510 1376 καθαρῶς
2538 1305 2679 1377 ἡμᾶς
2708 1303 2989 1358 αἰσθέσθαι
3017 1312 3117 1357 τῶν
3175 1303 3422 1357 ἐπιόντων
3494 1309 3695 1371 κακῶν,
3754 1305 3875 1374 τρέ-

2269 1409 2383 1453 πεις
2412 1397 2691 1445 ταῦτακαὶ
2735 1400 3032 1468 καταργεῖς.
3091 1392 3168 1445 Ού
3224 1399 3376 1446 τοῦτο
3435 1388 3495 1446 δὲ
3545 1395 3729 1466 μόνον,
3798 1390 3885 1443 ἆλ-

2270 1479 2335 1533 λά
2388 1484 2478 1534 καὶ
2534 1485 2660 1556 πρὸς
2707 1484 2803 1545 τάς
2846 1481 3124 1544 ἐπιϐουλὰς
3180 1480 3372 1536 ἐκείνου
3452 1480 3498 1534 εἳ
3584 1497 3643 1553 γε
3721 1477 3893 1555 μηδέν

2270 1570 2418 1643 ἡμεῖς
2473 1569 2899 1645 ἀντιπράττομεν,
2961 1578 3346 1645 συμμαχοῦμεν
3406 1567 3466 1624 δε
3518 1570 3734 1645 μᾶλλον,
3802 1566 3896 1623 αύ-

2274 1660 2528 1735 θαιρέτοις
2565 1662 2751 1714 ὡσανιὶ
2788 1666 2971 1724 κακοῖς
3021 1665 3413 1738 περιπίπτοντες
3472 1659 3520 1732 (ὁ
3582 1656 3641 1713 δὲ
3708 1676 3898 1735 παρει-

511 1769 625 1811 nos
662 1751 999 1810 voluntarie
1028 1752 1341 1823 corruptas
1369 1750 1736 1824 impugnans
1755 1747 1938 1805 libere
1960 1746 2082 1817 agit
2101 1745 2162 1800 in

2272 1747 2444 1831 ληφώς
2510 1750 2718 1812 ἑκόντας
2788 1752 3153 1831 φθειρομένους
3245 1747 3363 1823 ἆγει
3446 1749 3561 1802 κατ’
3642 1746 3897 1812 ἐξουσίαν

511 1843 575 1901 id
592 1842 761 1917 quod
784 1841 1087 1899 desiderat
1117 1858 1130 1897 :
1158 1841 1282 1897 vult
1307 1844 1507 1897 autem
1539 1840 1801 1914 pessima
1830 1842 1886 1895 et
1922 1836 2003 1894 ad
2040 1836 2162 1892 haec

511 1931 802 2006 impellit),
834 1929 1381 2002 etindignationem
1396 1930 1494 1986 Dei
1508 1935 1717 1987 contra
1742 1943 1853 1985 nos
1877 1941 2163 2001 provoca-

513 2039 671 2089 mus,
699 2021 996 2095 qui,justa
1007 2020 1273 2076 concitus
1285 2019 1396 2089 ira,
1415 2022 1698 2076 statutam
1714 2015 2164 2091 paratinﬂigere

512 2126 781 2185 poenam,
811 2113 876 2167 tu
899 2108 1011 2166 cito
1036 2109 1332 2182 praevenis
1361 2112 1419 2165 et
1443 2107 1608 2182 apud
1638 2107 1807 2164 illum
1832 2107 1993 2164 facta
2040 2121 2163 2163 me-

512 2200 746 2268 diatrix,
777 2200 939 2255 hunc
970 2197 1256 2256 maternis
1281 2197 1559 2271 precibus
1572 2196 1933 2270 juribusque
1952 2193 2160 2269 ﬂectis;

512 2305 657 2347 nam
682 2304 862 2362 super
885 2286 1130 2360 propria
1153 2287 1294 2359 jura
1326 2302 1533 2361 preces
1565 2284 1927 2359 protendens
1982 2288 2040 2341 et
2082 2284 2166 2342 illi

513 2393 955 2436 commemoras
980 2376 1147 2449 quod
1172 2375 1381 2433 similis
1403 2377 1487 2433 tui
1514 2390 1588 2432 ex
1607 2379 1823 2432 natura
1861 2379 1965 2432 tua
2022 2389 2163 2448 par-

514 2464 798 2539 ticipavit,
840 2470 897 2522 et
916 2465 1082 2538 quod
1102 2465 1163 2521 in
1193 2465 1312 2521 tuis
1333 2464 1666 2522 visceribus
1698 2463 1870 2520 illum
1900 2462 2161 2535 gestasti,

513 2573 586 2614 ex
624 2554 912 2613 uberibus
946 2555 1060 2612 tuis
1080 2555 1175 2611 lac
1203 2553 1287 2611 illi
1308 2554 1639 2628 praebuisti,
1669 2558 1728 2611 et
1746 2553 1912 2628 quod
1932 2553 2167 2627 passio-

512 2646 606 2703 nis
627 2660 751 2702 suw
780 2645 967 2702 ﬁnem
996 2660 1237 2703 cernere
1249 2644 1592 2719 praestolata
1606 2644 1774 2717 juxta
1798 2660 2039 2700 erucem
2060 2642 2165 2700 ubi

511 2734 883 2792 moriebatur
911 2733 1162 2802 steteris,
1201 2733 1408 2791 omnia
1427 2738 1485 2791 et
1551 2733 1687 2807 ipsa
1738 2733 1973 2807 patiens
2029 2748 2167 2806 quas

510 2823 643 2897 ipse
670 2839 780 2897 pro
809 2822 988 2882 nobis
1024 2822 1140 2880 reis
1169 2826 1226 2879 et
1261 2822 1564 2880 damnatis
1594 2822 1777 2879 subiit
1801 2826 1865 2879 ut
1900 2837 2013 2879 nos
2044 2821 2165 2878 sol-

508 2916 674 2970 veret
701 2929 739 2971 a
761 2911 1010 2985 judicio.
1044 2911 1214 2969 Illum
1234 2927 1378 2984 ergo
1406 2911 1672 2970 converti
1714 2911 1862 2969 facis
1916 2912 2017 2985 pia
2066 2927 2167 2968 ne-

511 3002 790 3074 gotiatrix
815 3018 828 3070 ;
850 3001 1101 3074 insuper
1120 3000 1359 3058 donans
1377 3005 1443 3058 ut
1467 3001 1654 3057 Deum
1674 3000 1901 3058 nedum
1920 3000 2162 3069 iratum,

2268 1830 2516 1915 πρόςότι
2555 1844 2644 1893 καὶ
2666 1837 2908 1913 βούλοιτο
2953 1860 2966 1874 ο
3002 1838 3244 1913 βούλεται
3296 1835 3356 1893 δε
3421 1842 3512 1892 καὶ
3577 1837 3698 1910 ἆγει
3751 1839 3896 1891 πάν-

2271 1948 2370 1992 τως
2401 1927 2484 1982 ἒπὶ
2553 1931 2620 1983 τά
2667 1930 2964 2005 χείριστα),
3011 1934 3202 2003 νεμεσᾴ
3261 1931 3352 2002 μὶν
3405 1931 3525 1988 Θεὸς
3582 1928 3735 2001 ἡμῖν,
3798 1931 3897 1980 καὶ

2270 2022 2401 2094 πρὸς
2430 2019 2591 2093 ὀργην
2637 2015 2848 2072 δικαίαν
2907 2022 3256 2092 κεκινημένος,
3311 2016 3559 2091 βούλεται
3596 2018 3693 2078 τὰς
3802 2017 3896 2068 εύ-

2275 2110 2430 2170 θύνας
2455 2105 2688 2170 ἐνδίκους
2741 2107 3149 2183 εἰσπράττεσθαι
3210 2128 3224 2142 ·
3274 2110 3340 2160 σὺ
3403 2103 3463 2160 δε
3508 2107 3719 2179 φθάνεις
3766 2107 3896 2158 κάν.

2271 2199 2441 2251 ταῦθα
2498 2202 2776 2272 γιγνομένη
2835 2215 3041 2271 μεστις,
3096 2202 3208 2258 ταῖς
3289 2201 3546 2273 μητρικαῖ
3552 2215 3575 2257 ς
3650 2192 3898 2249 καταδυ-

2275 2295 2529 2341 σωποῦσα
2553 2286 2897 2363 παρῥησίαις,
2963 2290 3056 2340 καὶ
3123 2288 3194 2350 ὡς
3238 2287 3367 2362 ὑπερ
3430 2281 3579 2339 ἰδίων
3633 2289 3899 2339 κατατεί-

2271 2381 2374 2439 νέις
2433 2380 2555 2439 τοὺς
2631 2377 2938 2452 ἱκετηρίους,
3004 2380 3063 2430 τό
3151 2381 3241 2438 τῆς
3332 2378 3535 2449 φύσεως
3641 2378 3901 2448 συγγενὲς

2272 2466 2682 2543 προϐαλλομένη,
2722 2466 2833 2541 ἅμα
2885 2464 2935 2520 δ’
3007 2468 3134 2531 ἰσως
3185 2467 3401 2520 κάκεῖνα
3460 2462 3891 2542 προϐαλλομένη,

2273 2556 2342 2619 ὡς
2398 2555 2553 2609 αὐτόν
2626 2555 2955 2628 σπλάγχνοις
3015 2550 3226 2619 ἐκδέξω
3268 2558 3359 2608 καὶ
3416 2554 3604 2628 μαζοῖς
3656 2552 3896 2627 ἔθρεψας

2277 2650 2365 2699 καὶ
2402 2645 2539 2718 γάλα
2621 2643 2869 2706 ἕπότισας
2914 2648 3002 2697 καὶ
3053 2645 3221 2708 πάθος
3270 2644 3433 2697 αύτοῦ
3487 2647 3547 2696 τὸ
3595 2642 3897 2697 τελευταῖον

2273 2731 2506 2789 κατιδεῖν
2535 2739 2627 2787 καὶ
2682 2736 2908 2808 σταυρὸν
2938 2734 3172 2807 ἠνέσχου
3228 2734 3306 2808 (ί)
3360 2737 3451 2786 καὶ
3495 2734 3743 2803 θάνατον,
3800 2737 3894 2787 καὶ

2273 2824 2426 2878 πάνθ’
2480 2826 2581 2878 ὅσα
2637 2815 2786 2877 ad»
2820 2822 3008 2886 ἐκεῖνος
3046 2818 3122 2876 δι’
3180 2823 3319 2896 ἡμᾶς
3379 2824 3503 2885 τούς
3540 2826 3889 2897 κατακρίτους

2274 2915 2531 2988 ὑπέμεινε,
2592 2922 2688 2977 τῆς
2760 2910 3079 2976 καταδίκης.
3156 2910 3619 2988 ἀπολυτρούμενος.
3706 2917 3898 2967 Τοίνυν

2273 3010 2364 3059 καὶ
2419 3006 2677 3078 κάμπτεις
2727 3001 3094 3078 πρεσϐεύουσα
3131 3023 3144 3037 ·
3185 3000 3297 3057 εἶτα
3344 2998 3513 3065 δίδως
3569 3003 3722 3077 ἡμῖν,
3777 3000 3895 3056 ἀντ’

510 3091 636 3149 imo
661 3091 1010 3163 diligentem
1035 3095 1093 3147 et
1111 3090 1289 3148 bonis
1320 3089 1732 3147 cumulantem
1744 3089 2162 3163 experiamur;

2275 3094 2636 3169 ὀργιζομένου,
2691 3091 3237 3168 φιλανθρωπευομίνου
3316 3092 3604 3167 πειρᾶσθαι
3680 3099 3824 3153 Θεοῦ
3876 3109 3895 3128 ο

511 3181 750 3239 donans
789 3185 854 3238 ut
884 3180 962 3237 ab
990 3196 1064 3236 eo
1096 3178 1263 3236 bona
1290 3179 1577 3253 donaque
1609 3178 2009 3253 suscipiamus
2053 3193 2165 3252 pro

510 3271 687 3328 malis
716 3286 856 3344 quae
886 3268 1221 3342 suscepturi
1249 3285 1526 3326 ereamus
1560 3273 1616 3326 et
1646 3268 1841 3343 poenis
1872 3283 2026 3340 quas
2054 3267 2166 3325 sol-

508 3375 651 3417 vere
669 3358 1113 3417 debuissemus.
1148 3357 1305 3415 Nihil
1326 3358 1487 3415 enim
1503 3362 1592 3416 est
1618 3357 1867 3415 omnino
1903 3357 2071 3431 quod
2099 3360 2165 3414 tu

511 3448 862 3506 desiderans
874 3463 985 3521 pro
1005 3451 1209 3505 nostra
1224 3447 1622 3505 beneﬁcentia
1638 3463 1675 3504 a
1694 3449 1813 3503 Deo
1833 3462 1955 3503 non
1967 3447 2166 3520 possis

511 3537 875 3611 impetrare:
906 3537 1030 3594 imo
1059 3541 1231 3610 potes
1260 3537 1469 3595 omnia
1495 3540 1651 3593 certe
1688 3541 1746 3593 et
1771 3535 2165 3594 donasmulto

511 3627 706 3698 magis
736 3631 795 3684 et
813 3625 1048 3684 facilius
1065 3642 1253 3699 quam
1268 3625 1417 3683 forte
1429 3638 1540 3682 nos
1552 3625 1614 3681 in
1630 3625 1782 3682 votis
1794 3624 2016 3683 habere
2026 3640 2165 3699 pos-

513 3734 744 3776 sumus.
774 3720 1091 3790 Propterea
1119 3714 1344 3773 videris
1366 3718 1424 3772 et
1475 3714 1790 3788 petitiones
1835 3715 2164 3787 praevenire

513 3812 572 3864 et
597 3822 709 3864 nos
739 3805 1233 3880 quasidonajam
1262 3810 1509 3877 accepta
1533 3803 1934 3876 eﬂlagitamus
1959 3804 2166 3861 omnia

408 3881 420 3895 ’
514 3895 735 3970 quibus
754 3894 1118 3966 indigemus,
1149 3898 1208 3950 et
1225 3908 1363 3966 qua
1376 3896 1516 3949 ante
1531 3893 1959 3967 postulationes
1982 3908 2087 3966 per
2108 3897 2165 3950 te

513 3984 691 4044 nobis
716 3984 886 4042 ﬁunt.
922 3986 1069 4042 Cum
1089 3987 1292 4040 autem
1336 3981 1668 4055 aliquando
1700 3982 1763 4039 in
1789 3981 1972 4039 rebus
2017 3981 2167 4038 utili-

513 4074 630 4132 bus
640 4089 948 4149 perperam
959 4071 1385 4141 desideramus,
1404 4086 1842 4145 perperamque
1855 4070 2167 4128 studemus

516 4168 574 4220 et
612 4162 874 4234 agimus,
910 4166 972 4217 tu
997 4160 1130 4233 ipsa
1159 4160 1291 4216 haec
1322 4160 1546 4233 optime
1574 4159 1837 4230 dirigens
1867 4163 1924 4215 et
1957 4173 2164 4229 agens,

514 4251 580 4307 in
597 4251 713 4308 hoc
741 4248 1004 4307 maxime
1019 4246 1286 4304 ostendis
1305 4246 1594 4304 bonitatis
1617 4247 1990 4317 thesaurum,
2021 4245 2169 4318 quia

516 4339 675 4399 circa
702 4354 838 4413 quae
850 4354 974 4395 non
997 4338 1336 4409 cogitamus
1357 4352 1555 4410 neque
1578 4335 1857 4408 petimus,
1871 4334 1967 4392 vel
1987 4335 2168 4393 etiam

516 4445 658 4489 cum
685 4427 1103 4507 desideramus
1131 4431 1188 4483 et
1213 4426 1517 4483 tendimus
1547 4424 1628 4481 ad
1649 4424 1878 4498 pejora,
1897 4440 2008 4482 nos
2037 4425 2167 4482 istis

514 4517 803 4577 violenter
834 4517 1014 4590 eripis
1040 4519 1145 4572 aut
1167 4513 1346 4571 etiam
1379 4513 1529 4570 facis
1563 4518 1628 4571 ut
1677 4513 1935 4571 multum
1978 4514 2168 4587 proﬁ-

518 4606 698 4677 ciant,
728 4622 869 4663 cum
888 4605 951 4662 in
990 4603 1141 4676 ipsis
1204 4617 1344 4659 vere
1407 4606 1605 4675 potest
1664 4602 1859 4661 inesse
1904 4604 2162 4664 utilitas:

516 4696 691 4773 quasi
720 4695 935 4755 invitos
957 4690 1322 4752 benevolens
1348 4690 1412 4747 in
1437 4690 1596 4749 hanc
1628 4709 1737 4750 nos
1767 4693 1952 4751 trahis
1979 4694 2166 4765 viam,

517 4793 577 4846 et
597 4786 816 4846 deinde
836 4798 1083 4847 sensum
1112 4784 1169 4837 et
1191 4779 1499 4838 scientiam
1529 4780 1751 4856 adepti,
1782 4783 1906 4840 vim
1959 4784 2169 4856 diliga—

516 4890 791 4950 musqua
817 4868 1321 4943 inexperientiam
1334 4867 1481 4925 boni
1504 4869 1899 4928 introivimus.
1937 4872 2024 4931 Ita
2052 4887 2167 4930 nos

518 4980 553 5024 e
579 4965 732 5024 vitiis
768 4961 969 5034 eripis,
1007 4957 1111 5015 illa
1139 4957 1317 5028 longe
1337 4956 1663 5031 depellens,
1685 4975 1763 5017 ne
1796 4959 2063 5039 primum
2105 4962 2170 5020 in

517 5054 635 5113 ista
660 5051 1073 5125 impingamus
1102 5063 1240 5104 cum
1261 5046 1591 5120 improviso
1611 5049 1945 5123 periculum
1984 5050 2171 5110 instat

520 5140 779 5202 cadendi
809 5156 822 5206 ;
856 5143 913 5197 et
947 5137 996 5195 si
1031 5137 1181 5196 forte
1207 5135 1590 5195 inciderimus
1617 5139 1857 5197 ruinam
1886 5144 1945 5197 et
1970 5141 2168 5214 perni-

519 5233 673 5291 ciem
700 5228 993 5288 reformas
1026 5232 1117 5288 :et
1140 5226 1189 5283 si
1221 5226 1372 5301 quid
1398 5227 1617 5285 horum
1642 5233 1914 5302 potenter
1942 5246 2169 5304 praeva-

517 5319 714 5391 luerit,
748 5325 812 5378 tu
830 5323 1099 5378 nostram
1137 5320 1382 5390 experta
1410 5316 1719 5390 ﬁduciam,
1748 5323 1806 5376 et
1832 5320 2169 5392 periculum

519 5411 826 5470 evidenter
837 5408 1053 5482 aperis,
1076 5411 1133 5464 et
1155 5405 1541 5480 potissimum
1566 5407 1902 5466 remedium
1931 5410 2168 5482 praebes

2274 3180 2438 3244 δίδως
2462 3187 2553 3236 καὶ
2581 3183 2813 3254 πάσχειν
2868 3177 2923 3234 εὖ
2974 3181 3100 3257 παρ’
3153 3180 3313 3234 αὐτοῦ
3352 3185 3442 3234 καὶ
3493 3176 3690 3257 δωρεὰς
3753 3179 3899 3255 λαμ-

2273 3271 2441 3326 ϐάνειν
2469 3271 2577 3325 ἀνθ’
2628 3271 2696 3323 ὧν
2761 3269 3027 3344 ἐμέλλομεν
3079 3278 3249 3333 κακῶς
3293 3272 3525 3344 πάσχειν
3581 3275 3673 3324 καὶ
3731 3266 3899 3334 δίκας

2273 3359 2488 3425 δικαίας
2542 3359 2895 3416 ἀποτινέύναι.
2961 3357 3104 3414 Ούδὶ
3149 3363 3252 3436 γάρ
3324 3359 3466 3415 ἔστιν
3518 3357 3644 3414 ούδε
3709 3360 3902 3435 οὐμεν-

2271 3459 2382 3515 οῦν,
2461 3452 2487 3504 ὃ
2541 3469 2599 3523 γε
2666 3453 2730 3503 σὺ
2787 3448 3074 3523 βουλομένη
3136 3455 3209 3523 μή
3293 3468 3348 3503 τι
3427 3452 3519 3503 καὶ
3588 3445 3900 3509 δεδύνησαι

2270 3544 2404 3615 πρὸς
2450 3538 2745 3614 εὐεργεσίαν
2799 3540 2942 3611 ἡμῶν
3000 3536 3057 3590 ἐκ
3107 3544 3244 3591 Θεοῦ
3305 3538 3690 3592 κατατίθεσθαι
3729 3553 3743 3569 ·
3779 3535 3898 3591 ἀλλ’

2276 3630 2481 3702 ἰσχύεις
2516 3630 2685 3681 πάντα
2729 3629 3055 3700 πάνταπασι,
3109 3631 3201 3680 καὶ
3252 3631 3417 3701 νέμεις
3466 3626 3637 3698 πολλῷ
3689 3626 3895 3700 μᾶλλον

2271 3724 2363 3773 καὶ
2387 3719 2512 3794 ῥᾷον
2539 3718 2569 3777 ἣ
2624 3720 2693 3780 ὡς
2733 3715 2795 3769 ἂν
2834 3716 2983 3790 ἡμεῖς
3040 3715 3407 3788 ἐπευξαίμεθα.
3442 3718 3537 3769 Διά
3590 3722 3750 3768 τοῦτο
3794 3721 3900 3770 καὶ

2271 3813 2525 3881 χορηγεῖς
2606 3804 3191 3881 προκαταλαμϐάνουσα
3271 3807 3365 3869 τὰς
3457 3804 3711 3875 αἰτήσεις,
3794 3811 3897 3860 καὶ

2274 3900 2424 3970 ἡμεῖς
2488 3898 2643 3949 οἱονεὶ
2703 3898 2921 3949 κατόπιν
2972 3902 3074 3947 τῶν
3124 3890 3330 3970 δωρεῶν
3370 3896 3560 3969 ἥκομεν
3598 3894 3897 3967 αἰτοῦντες,

2272 3989 2496 4055 πάντων,
2576 3984 2644 4037 ὧν
2697 3986 2759 4037 ἄν
2805 3983 2855 4037 ἓν
2939 3988 3100 4059 χρείᾳ
3148 3985 3446 4057 γενοίμεθα,
3489 3988 3581 4037 καὶ
3630 3986 3734 4057 πρὸ
3782 3993 3897 4038 τῶν

2275 4075 2525 4135 αἰτήσεων
2567 4075 2694 4147 ἡμῖν
2726 4070 2822 4127 διὰ
2851 4080 2947 4126 σοῦ
2984 4077 3325 4146 γιγνομένων.
3384 4078 3487 4133 Καὶ
3541 4078 3715 4126 τοίνυν
3764 4081 3900 4151 περὶ

2273 4171 2370 4217 τῶν
2443 4166 2806 4238 συμφερόντων
2882 4164 3020 4215 ἔστιν
3077 4163 3159 4215 ὅτε
3215 4170 3392 4225 κακῶς
3445 4164 3593 4235 ἡμῶν
3638 4160 3899 4235 βουλευο-

2274 4257 2457 4326 μένων,
2505 4252 2595 4306 ἅτε
2655 4256 2746 4305 καὶ
2825 4258 2999 4312 κακῶς
3060 4249 3420 4324 ἐπεγνωκότων
3491 4255 3584 4304 καὶ
3632 4270 3895 4327 πραγμα-

2275 4345 2575 4415 τευομίνων,
2648 4340 2779 4400 αὕτη
2858 4347 3027 4394 ταῦτα
3084 4344 3325 4414 πράττεις
3406 4338 3636 4416 ἀρίστως
3691 4340 3899 4397 οἰκονο-

2276 4438 2470 4504 μοῦσα,
2516 4434 2607 4483 καί
2665 4447 2726 4502 γε
2775 4431 2862 4482 τὸν
2941 4429 3159 4483 πλοῦτον
3234 4438 3327 4491 τῆς
3384 4428 3771 4504 φιλανθρωπίας
3830 4428 3889 4482 ἰν

2275 4522 2440 4591 τούτῳ
2509 4518 2659 4572 πλέον
2713 4515 3032 4591 ἀποφαίνεις,
3114 4519 3196 4571 ὅτι
3254 4522 3375 4594 περὶ
3427 4518 3495 4569 ὧν
3565 4519 3722 4591 ἡμεῖς
3773 4514 3881 4570 οὔτ’

2276 4604 2513 4682 οἴδαμεν,
2551 4606 2660 4659 οὔτ’
2722 4602 2874 4661 ούδεν
2910 4606 3177 4681 αἰτοῦμεν,
3231 4608 3345 4659 ἔστι
3381 4608 3472 4680 μὶν
3521 4601 3611 4658 οὖν
3658 4608 3745 4660 ότε
3796 4611 3895 4660 καὶ

2278 4696 2577 4772 βουλόμεθα
2629 4698 2697 4750 τὰ
2744 4701 2932 4771 χείρω,
3000 4695 3060 4749 ού
3130 4698 3335 4759 τούτοις
3394 4697 3531 4769 ἡμᾶς
3570 4693 3741 4770 βιάζῃ
3795 4700 3898 4751 καὶ

2274 4788 2410 4841 πάνυ
2463 4805 2519 4839 τι
2572 4794 2732 4848 ποιεῖς
2790 4786 3114 4861 κεχρῆσθαι,
3196 4784 3518 4838 λυσιτελέσιν
3594 4781 3749 4838 οὖσιν
3816 4788 3899 4850 ὡς

2277 4875 2476 4939 όληθῶς
2531 4876 2855 4950 κεχρῆσθαι,
2932 4875 3154 4938 ἄκοντας
3229 4875 3455 4948 ὡσπερεὶ
3523 4876 3612 4928 τόν
3690 4878 3898 4949 τρόπον

2276 4973 2457 5020 τοῦτον
2482 4963 2846 5042 εύεργετοῦσα,
2876 4963 2921 5018 εἰ
2956 4968 3047 5018 καὶ
3075 4966 3206 5038 μετὰ
3261 4968 3357 5023 τὴν
3415 4964 3670 5022 αἴσθησιν
3730 4965 3899 5037 ἡμεῖς

2278 5055 2559 5130 ἀγαπῶμεν
2619 5054 2671 5108 ἐν
2729 5059 2886 5130 πείρᾳ
2945 5061 3039 5108 τοῦ
3096 5053 3258 5107 καλοῦ
3320 5057 3575 5126 γεγόντες.
3639 5058 3743 5108 Καὶ
3806 5074 3902 5109 νο-

2280 5148 2527 5220 σημάτων
2607 5147 2777 5198 τοίνυν
2843 5141 3208 5213 ἀπαλλάττεις,
3303 5144 3371 5196 τὰ
3447 5145 3539 5215 μὶν
3616 5141 3899 5217 πόρῥωθεν

2277 5234 2588 5312 ἀναιροῦσα,
2627 5235 2698 5297 ὡς
2748 5229 2899 5307 μηδ’.
2937 5231 2988 5285 ἂν
3043 5231 3221 5296 αὐτοῖς
3272 5233 3414 5305 ἡμᾶς
3468 5227 3619 5305 μηδή
3676 5251 3736 5305 γε
3791 5237 3899 5293 τὴν

2278 5320 2454 5397 ἀρχὴν
2501 5321 2714 5391 ἁλῶναι,
2774 5320 3043 5395 μέλλοντας
3094 5317 3203 5380 ἤδη
3266 5320 3572 5393 ἁπροόπτως
3617 5318 3822 5375 ἁλῶναι
3876 5339 3901 5360 ·

2276 5420 2376 5465 τῶν
2425 5408 2626 5466 δεικαὶ
2700 5414 3066 5484 συμπεσόντων
3120 5412 3180 5464 τὸ
3247 5407 3502 5485 βλαϐερὸν
3554 5406 3825 5484 ἐκτρέπεις
3877 5430 3913 5455 ο.

591 5637 670 5714 (1)
698 5636 906 5705 Stabat
936 5633 1096 5695 enim
1121 5632 1295 5706 juxta
1331 5645 1572 5694 crucem
1602 5650 1616 5693 :
1648 5632 1770 5693 vid.
1802 5634 2019 5703 Joann,
2040 5649 2162 5706 xxx,
2184 5638 2276 5699 25.
