4120 6394
228 340 364 397 1513

1318 338 1412 397 DE
1438 335 1655 398 πετο
1677 330 2127 399 DORMITIONIS
2151 332 2211 399 8.
2232 336 2496 409 MARIIE,

3448 342 3590 404 18η

224 463 270 519 εἰ
319 460 380 518 δέ
430 482 549 517 ⁴ιἰνα
589 464 784 517 τούτων
829 481 920 516 και
962 465 1294 537 κατίσχυσεν
1388 462 1437 517 ἰν
1517 460 1813 538 δυναστείᾳ,

1927 466 2429 541 ριιωειιωίὶιιείῃιθ
2462 464 2630 523 omni
2654 458 2902 524 scientia
2930 461 3219 541 omnique
3247 470 3375 527 arte
3397 469 3589 529 medi-

226 562 324 608 σοῦ
375 555 525 627 τάχα
594 557 690 612 τὴν
746 555 922 607 πίστιν
962 554 1110 627 ἡμῶν
1165 549 1589 627 δοκιμαζούσης,
1660 573 1752 608 και
1797 554 1826 608 ὁ

222 641 461 705 κίνδυνος
517 646 817 716 καταφανὴς
866 643 980 712 ἧκε,
1026 645 1204 707 πάσης
1291 641 1519 705 έπινοίας
1600 662 1690 697 και
1749 642 1827 697 ἰα-

222 743 357 811 τρῶν
382 736 577 807 τέχνης
634 733 879 806 κρείττων
943 752 1034 786 και
1079 741 1179 786 τῶν
1238 728 1531 787 δοκούντων
1584 735 1825 808 ῖσχύρῶς

221 822 272 878 ἄν
324 831 437 887 τοῖς
471 826 727 886 τοιούτοις
785 821 999 897 βοηθεῖν
1051 817 1335 890 δύνασθαι,
1396 821 1504 876 ἀλλ’
1561 824 1714 897 ἡμεῖς
1760 825 1826 884 ὡς

221 913 307 968 ίπί
357 917 415 968 σε
459 918 621 988 μόνην
678 912 819 974 ὅλαις
868 911 1093 984 έλπίσιν,
1150 912 1287 977 ὅλοις
1332 909 1620 987 ὀφθαλμοῖς
1663 914 1827 966 καθα-

218 1013 324 1081 ρῶς
388 1000 614 1077 εἴδομεν,
673 1000 820 1065 εύθύς
863 1003 927 1075 (ὦ
983 1001 1171 1064 πολλῆς
1260 1021 1350 1056 και
1434 1001 1666 1076 μεγάλης
1734 1021 1824 1055 και

216 1098 389 1149 πάντα
418 1090 712 1168 δυναμένης
753 1092 944 1165 ἰσχύος
996 1090 1010 1147 l
1074 1094 1114 1145 ὤ
1179 1092 1373 1165 θερμῆς
1447 1089 1751 1168 ἐπικουρίας
1804 1089 1818 1147 Ι

217 1185 259 1239 ὦ
313 1188 578 1257 ταχίστης
619 1190 722 1236 τῶν
772 1185 1067 1236 κακούντων
1124 1180 1428 1255 ἀπαλλαγῆς
1458 1180 1522 1255 Ι)
1607 1180 1823 1254 ἀνιστᾷς

216 1278 311 1351 μὶν
365 1274 506 1350 ἡμᾶς
549 1277 756 1350 νεκρούς
806 1277 1088 1347 κειμένους,
1168 1292 1280 1343 και,
1335 1271 1470 1333 πλὴν
1556 1269 1820 1326 ἀναπνοῶν

217 1364 420 1439 ὀλίγων,
473 1359 723 1439 ἀμυδρῶν
774 1381 925 1417 τινων
975 1382 1066 1417 και
1131 1365 1345 1435 τούτων,
1408 1364 1468 1417 τό
1535 1364 1630 1437 ζῇν
1704 1360 1818 1416 ὅλον

217 1451 623 1525 ἕκλίλοιπόντας,
698 1448 1005 1528 φυγαδεύεις
1073 1448 1135 1506 δι
1214 1456 1401 1514 νόσους
1475 1449 1814 1520 ἀνηκέστους,

216 1565 308 1600 και
331 1546 474 1605 πάθη
535 1546 763 1619 κραταιά
803 1538 1058 1611 διαλύεις,
1111 1538 1301 1616 μηδενί
1346 1561 1450 1596 τινι
1504 1551 1605 1596 τῶν
1652 1540 1816 1597 ἄλλων

214 1630 477 1710 μηδαμῶς
540 1635 760 1689 εἴκοντα.
810 1630 964 1687 Ὀθεν
1014 1651 1105 1686 και
1168 1631 1218 1685 οἶ
1269 1640 1365 1695 τῆς
1442 1631 1666 1707 ἑσπέρας
1764 1631 1815 1685 ἐν

212 1726 547 1800 κλαυθμῶνος
611 1723 762 1797 ἡμεῖς
812 1729 1120 1785 σκηνοῦντες
1172 1725 1389 1796 πρωῖνοί
1456 1741 1587 1785 τινες
1666 1717 1815 1784 αὖθις

211 1818 422 1890 ἣκομεν,
492 1814 540 1867 ἐν
610 1811 918 1885 ἀγαλλιάσει
970 1819 1258 1888 τρυφῶντες
1318 1811 1420 1884 (1),
1465 1830 1556 1864 και
1649 1807 1815 1865 διπλᾶ

209 1911 487 1982 χαίρομεν,
508 1905 589 1957 ὅτι
639 1920 694 1957 τε
748 1900 914 1977 μηδὲν
970 1903 1075 1955 οἷον
1129 1899 1185 1955 ix
1242 1910 1342 1955 τῶν
1405 1901 1810 1973 συνενεχθέντων

1931 570 2145 614 eorum
2174 561 2233 615 et
2252 556 2536 615 omnibus
2560 555 2632 613 iis
2653 555 2761 631 qui
2784 555 3059 613 videntur
3082 572 3261 631 posse
3279 558 3345 616 in
3367 558 3590 617 talibus

1931 644 2227 713 auxiliari,
2258 646 2308 703 si
2328 661 2546 720 nempe
2568 644 2631 703 in
2649 649 2706 702 te
2728 643 2923 704 solam
2939 660 3187 704 omnem.
3212 662 3587 722 reponamus

1933 750 2123 809 spem,
2158 736 2359 794 statim
2385 735 2447 810 (ο
2480 735 2784 794 immensa
2812 739 2871 794 et
2897 736 3168 796 maxima
3203 742 3261 796 et
3303 738 3590 814 omnipo-

1930 827 2061 881 tens
2093 824 2285 883 virtus
2319 826 2333 882 l
2365 841 2403 884 o
2436 824 2738 884 fervidum
2772 825 3108 884 remedium
3141 825 3155 883 l
3191 842 3229 885 o
3276 826 3590 889 celerrima

1930 912 2232 972 malorum
2253 915 2561 973 evacuatio
2595 914 2639 988 ι)
2670 914 2847 988 erigis
2875 929 2989 972 nos
3016 919 3208 974 morte
3232 916 3499 984 aﬁ'ectos,
3529 922 3591 978 et

1930 1001 2176 1072 debiles,
2204 1003 2478 1062 ultimum
2506 1004 2683 1078 quasi
2700 1004 2832 1062 vitae
2850 1004 3065 1063 ﬂatum
3085 1004 3430 1065 exhalantes
3457 1023 3472 1073 ;
3497 1006 3590 1065 fu-

1931 1108 2039 1165 gas
2069 1096 2271 1151 autem
2302 1094 2550 1152 morbos
2580 1093 2973 1167 insanabiles,
3006 1099 3064 1152 et
3098 1100 3313 1168 potens
3343 1095 3585 1156 dolores

1931 1181 2113 1240 solvis
2142 1183 2424 1241 omnibus
2451 1182 2681 1241 ceteris
2709 1182 2997 1256 impares.
3031 1184 3199 1242 Unde
3224 1189 3283 1243 et
3315 1200 3429 1243 nos
3480 1186 3589 1260 qui

1926 1286 2171 1346 vespere
2191 1271 2252 1329 in
2271 1271 2457 1330 domo
2475 1271 2674 1331 luctus
2689 1271 2993 1346 plorantes
3004 1272 3390 1345 sedebamus,
3404 1290 3588 1334 mane

1925 1360 2141 1419 iterum
2169 1360 2555 1437 procedimus
2600 1360 2664 1419 in
2689 1360 2894 1419 laetitia
2924 1361 3315 1434 exsultantes,
3361 1368 3419 1422 et
3466 1364 3588 1424 du.

1923 1450 2065 1526 plici
2103 1451 2327 1523 gaudio
2354 1450 2630 1510 laetamur
2658 1456 2718 1510 et
2735 1451 2881 1527 quia
2904 1464 2982 1510 ne
3010 1467 3204 1510 unum
3231 1453 3482 1527 quidem
3511 1465 3588 1514 ex

1924 1541 2102 1599 malis
2139 1541 2557 1616 ingruentibus
2599 1557 2740 1600 vere
2775 1541 2838 1600 in
2862 1542 3049 1599 ﬁnem
3077 1542 3256 1602 nobis
3283 1543 3588 1603 dominari

1923 1631 2135 1705 potuit,
2167 1635 2225 1689 et
2259 1633 2405 1706 quia
2433 1647 2540 1705 per
2567 1635 2624 1690 te
2654 1630 2913 1690 salutem
2945 1631 3305 1707 accipientes
3333 1631 3585 1693 indubi-

1923 1725 2115 1778 tanter
2134 1721 2434 1779 conﬁdere
2465 1721 2782 1794 posuimus
2801 1720 2969 1792 quod
2989 1722 3219 1780 nullum
3244 1733 3316 1781 ex
3334 1722 3585 1783 exterio~

1921 1810 2090 1868 ribus
2118 1809 2214 1868 vel
2240 1810 2485 1868 minime
2511 1810 2688 1870 nobis
2717 1810 2916 1869 denuo
2942 1826 3161 1871 nocere
3189 1812 3401 1887 possit,
3430 1808 3581 1873 dum

1923 1900 1986 1958 in
2019 1906 2072 1957 te
2099 1900 2344 1975 plenam
2365 1900 2551 1959 ﬁdem
2574 1900 2989 1959 habuerimus.

203 1996 342 2058 εἰκός
362 1997 446 2049 ἐπί
473 1993 649 2057 τέλους
676 1995 983 2067 κεκράτηκε,
1014 2011 1105 2046 και
1128 1993 1209 2046 ὅτι
1240 1987 1335 2045 διὰ
1360 1998 1456 2045 σοῦ
1480 1993 1873 2065 τὴνησωτηρίαν
1913 1990 2209 2065 εἰλήφαμεν,
2242 1988 2451 2065 ίχοντες
2480 1990 2611 2046 κάπὶ
2634 1999 2748 2056 τοῖς
2767 1990 2884 2056 ἑξῆς
2913 1989 3021 2066 ούχ
3053 1994 3253 2054 ἣκιστα
3279 1992 3484 2071 θαρρεῖν
3510 1996 3581 2059 ὡς

202 2079 357 2139 οὐδὲν
387 2088 526 2157 ἡμᾶς
545 2079 662 2137 οὐδ’
692 2078 845 2146 αὖθις
861 2078 1108 2156 ούδαμῶς
1136 2080 1352 2157 βλάψει,
1384 2085 1470 2136 σοὶ
1498 2077 1593 2135 διά
1616 2084 1806 2145 παντὸς
1827 2086 2276 2158 προσανέχοντας,

279 2178 381 2229 Καί
404 2178 509 2248 μὴν
546 2180 713 2227 ταῦτα
763 2175 853 2246 μὶν
905 2174 1056 2225 κοινὰ
1092 2177 1227 2225 πᾶσι
1255 2171 1373 2225 καθ’
1405 2169 1492 2224 ἕνα
1541 2189 1633 2224 και
1677 2172 1813 2225 κατά

203 2266 405 2340 καιρόν,
450 2264 515 2325 ὡς
553 2262 732 2330 εἰπεῖν,
784 2259 1123 2338 ἐνεργούμενα
1176 2281 1190 2296 ο
1238 2259 1275 2313 ἃ
1323 2257 1372 2314 δ’
1426 2257 1475 2313 ἒν
1527 2259 1637 2334 ἰμοί
1694 2255 1812 2313 δια-

205 2359 477 2429 φερόντως,
520 2361 631 2415 πῶς
680 2349 741 2404 ἂν
796 2351 951 2406 εἰπὼν
1009 2349 1365 2426 ἀποχρώντως
1438 2349 1499 2403 ἂν
1561 2350 1807 2424 εἰποιμις

198 2441 484 2516 Ἐπιλείψει
509 2460 573 2517 με
595 2440 939 2516 διηγούμενον
1006 2443 1033 2495 ὁ
1087 2446 1299 2515 χρόνος,
1355 2460 1447 2494 και
1495 2445 1567 2515 μὴ
1628 2442 1711 2494 ὃτι
1751 2459 1811 2513 γε

201 2537 340 2588 κατά
372 2538 496 2608 μίαν
544 2532 810 2606 γλῶσσαν,
882 2529 990 2585 ἀλλ’
1067 2528 1186 2585 οὐδ’
1231 2530 1292 2584 ἃν
1380 2535 1590 2606 μυρίαις
1664 2532 1812 2592 ὅσαις

204 2619 633 2698 ἀπομερισαμην,
700 2620 823 2675 ὥστ’
905 2619 1062 2679 ἆλλην
1123 2622 1266 2693 ἓχειν
1339 2617 1471 2673 ἄλλα
1541 2615 1807 2683 διεξιέναι.

207 2711 351 2771 Ιιλήν
394 2713 475 2765 ὅτε
533 2730 624 2765 και
676 2712 741 2765 τά
794 2713 923 2786 πρὸς
976 2709 1192 2763 ἕκαστον
1242 2708 1357 2783 ίμοί
1409 2717 1587 2782 σαφῶς
1634 2705 1811 2783 διαφέ-

202 2821 304 2879 ρει,
337 2800 499 2869 ὶστιν,
540 2802 709 2876 οἶμαι,
740 2808 839 2854 τῶν
871 2800 1109 2854 ἀπάντων
1169 2795 1342 2860 οὐδεὶς
1391 2797 1443 2861 ὃς
1500 2796 1586 2852 έπί
1642 2801 1809 2870 τούτῳ

112 2923 117 2926 ~
203 2888 398 2953 διπλῆν
425 2892 540 2965 ἔχει
584 2894 817 2965 γνώμην.
878 2894 980 2945 Καί
1025 2892 1129 2967 γὰρ
1178 2893 1238 2944 τό
1290 2907 1345 2942 τε
1392 2888 1588 2962 σχὴμα
1646 2907 1737 2942 και
1783 2888 1810 2940 ὁ

199 2988 294 3044 τῆς
336 2980 513 3056 ἀρχῆς
579 2978 734 3055 λόγος
797 2982 1106 3033 εἱσποιεῖται
1184 2981 1400 3047 πάντας,
1472 2975 1499 3032 ὃ
1563 2978 1612 3032 τ’
1687 2975 1810 3051 ἓμός

201 3075 411 3146 τρόπος,
440 3089 528 3123 και
571 3068 714 3143 ὑμεῖς
764 3070 875 3122 ἱστε
930 3070 1139 3130 πάντως
1197 3070 1262 3130 ὡς
1315 3064 1401 3121 ἔπί
1472 3070 1630 3121 παντί
1675 3067 1809 3140 κάμ-

202 3177 400 3233 πτομαι
455 3165 749 3234 συμφοραῖς
805 3161 1137 3234 κεχρημένῳ,
1168 3177 1259 3211 και
1315 3158 1613 3211 τούναντίον
1656 3150 1810 3220 αὖθις

203 3249 657 3324 εἰσποιοῦμαιτήν
673 3247 857 3324 χάριν,
900 3246 943 3302 εἶ
978 3267 1059 3310 τις
1100 3247 1155 3301 εὖ
1201 3248 1340 3321 ἔχων
1404 3245 1806 3316 ἀπαλλάττοιτο,

202 3339 344 3401 θείας
384 3340 702 3414 προμηθείας
764 3335 1069 3412 ἠξιωμένος.
1165 3339 1261 3391 Διά
1310 3354 1394 3392 τοι
1474 3344 1629 3390 τοῦτο
1717 3354 1809 3388 και

199 3428 351 3483 πλέον
411 3438 512 3481 τῶν
566 3427 730 3481 ἄλλων
798 3426 1036 3481 ἀπάντων
1109 3425 1262 3489 αύτός
1342 3423 1809 3500 ἀνθομολογεῖσθαι

198 3526 266 3592 τῇ
309 3522 485 3593 Μητρί
510 3525 601 3572 τοῦ
643 3522 771 3573 Θεοῦ
803 3513 1033 3580 δίκαιος,
1060 3517 1090 3577 ἦ
1147 3515 1358 3590 μᾶλλον,
1421 3516 1544 3569 ὅσον
1592 3512 1809 3589 εὐχαρι-

204 3612 359 3671 στίας
376 3606 486 3660 ἀνθ’
534 3606 603 3660 ὧν
661 3609 848 3680 εφημεν
904 3626 994 3660 και
1039 3605 1234 3660 πολλῶν
1293 3604 1474 3678 ἐτέρων
1540 3601 1807 3677 (οὐμενοῦν

201 3697 341 3751 εἴποι
386 3717 463 3758 τις
516 3696 579 3750 ἂν
631 3696 822 3756 ἡλίκων
882 3716 973 3749 και
1050 3696 1211 3769 ὅσων)
1287 3701 1431 3754 κοινῆ
1498 3700 1659 3747 πᾶσιν
1740 3692 1808 3754 εἰς

199 3782 491 3860 ἀναγκαίαν
520 3785 725 3860 ὀφειλὴν
768 3788 999 3861 ἔρχεται,
1054 3784 1196 3839 τοῦτ’
1243 3786 1419 3858 ἔμοιγε
1465 3787 1535 3856 μὴ
1593 3787 1652 3835 τό
1703 3787 1804 3835 πᾶν

198 3881 377 3950 μόνον,
404 3875 533 3929 ἀ).λά
552 3895 644 3930 και
698 3874 869 3946 πολλῷ
923 3874 1152 3937 πλείονος
1197 3874 1248 3926 έν
1303 3873 1581 3948 προσθήκῃ
1637 3889 1806 3945 προσ-

199 3967 343 4028 ὄντος
388 3968 524 4019 κατὰ
566 3968 654 4019 τόν
709 3962 826 4019 ἴσον
917 3964 1134 4039 ἔρχεται
1203 3962 1375 4035 λόγον,
1454 3981 1544 4014 και
1614 3960 1658 4014 εἰ
1729 3964 1802 4035 μὴ

197 4059 327 4130 πρὸς
354 4052 523 4126 ἀξίαν,
586 4054 696 4108 ἀλλ’
748 4055 837 4108 οὖν
893 4052 1225 4108 ἀποτιννύναι
1279 4070 1346 4105 τα
1393 4047 1613 4123 δυνατά,
1662 4051 1806 4103 τοῦτ’

196 4146 354 4209 αύτός
397 4145 491 4199 ούκ
538 4141 598 4198 ἂν
638 4143 1095 4219 ἀγνωμονήσαιμι.
1158 4142 1528 4215 Πλατυνομένῳ
1589 4159 1683 4214 μοι
1745 4135 1805 4193 δὲ

195 4238 294 4295 τὴν
342 4230 567 4311 καρδίαν
614 4236 822 4297 εἰκότως
869 4232 1287 4292 πλατυνθησεται
1340 4250 1431 4283 και
1497 4232 1557 4283 τὸ
1609 4233 1803 4302 στόμα,

1838 3034 1878 3090 C

196 4334 310 4392 τοῖς
368 4326 819 4403 εὐχαριστηρίοις,
888 4328 958 4390 ὡς
1021 4332 1146 4398 γοῦν
1192 4324 1420 4398 ἐφικτόν,
1488 4322 1803 4396 ἐπιθέμενον,

199 4417 312 4473 έπεί
340 4437 431 4471 και
458 4425 611 4471 τοῦτο
647 4420 811 4471 πόσον
841 4415 891 4469 έν
933 4417 1144 4478 ὁπόσοις
1182 4411 1326 4492 εὖρον
1380 4411 1480 4486 ἐγὼ
1535 4420 1805 4467 στενοῦσιν
1837 4395 1880 4451 D

200 4507 455 4584 ἀνιαροῖς,
510 4507 841 4585 εὐρυχωρίαν
907 4501 1150 4566 δηλονότι
1207 4505 1396 4578 ψυχῆς
1445 4523 1537 4557 και
1577 4498 1807 4579 παρδίας

198 4597 367 4654 πλατυ
378 4601 510 4671 σμόν

276 4688 624 4764 Ἐμεγάλυνας
677 4690 769 4762 μὶν
824 4688 987 4761 ἡμᾶς,
1041 4706 1132 4740 και
1206 4684 1275 4747 εἰς
1352 4685 1528 4761 θρόνον
1600 4690 1802 4750 τοῦτον,

200 4800 295 4834 και
323 4775 508 4855 μοῖραν
556 4781 752 4837 ταύτην
781 4782 876 4837 τήν
933 4774 1137 4848 ὑψηλὴν
1189 4794 1282 4827 και
1328 4783 1512 4828 πασῶν
1558 4781 1659 4828 τῶν
1708 4773 1807 4826 ἄλ-

199 4869 303 4925 λων
355 4876 674 4944 κρατοῦσαν,
729 4866 784 4932 ἐξ
860 4865 1025 4920 αὐτῶν
1097 4866 1409 4938 σπαργάνων
1503 4860 1807 4925 ἐνεϐίϐασε-ας

202 4962 452 5033 φέρουσα,
476 4979 569 5012 και
604 4977 664 5031 γε
703 4953 799 5011 διά
842 4964 943 5011 τῶν
991 4954 1343 5030 εύθυμοτίρων
1401 4951 1482 5007 ἀεί
1541 4955 1629 5006 τόν
1687 4949 1804 5025 βίον

203 5050 412 5118 ἰθύνειν,
466 5056 620 5102 τοῦτο
666 5050 756 5101 σόν
804 5045 857 5110 ἐξ
908 5043 1084 5120 ἀρχης
1134 5042 1396 5118 βούλημα,
1458 5061 1544 5096 και
1595 5040 1806 5115 εἴχομεν

200 5137 265 5193 ἆν
313 5137 448 5192 οὕτω
495 5156 605 5200 τοις
650 5131 840 5201 δεξιοῖς
896 5139 1130 5197 συνόντες
1174 5152 1267 5187 και
1341 5140 1443 5184 τῶν
1522 5129 1807 5209 ἀριστερῶν

272 5370 354 5445 (1)
383 5367 893 5445 RespieitPsalm.
947 5381 1110 5445 xxix,
1159 5368 1238 5445 6_:
1268 5367 1341 5420 Τό
1378 5363 1626 5445 ἑσπέρας.
1651 5360 1815 5445 μύλι-

205 5433 458 5516 σθῗὴσεται
501 5433 785 5516 κλαυθμός,
815 5458 933 5516 Δκαι
1012 5433 1105 5501 εἰς’
1152 5439 1408 5516 τό-πρωί
1471 5433 1806 5516 ἀγαλλίασις.

205 5518 304 5573 Est
332 5505 739 5590 gausapatos
773 5505 1021 5570 'dictum
1062 5525 1175 5586 pro
1200 5509 1275 5590 fw
1308 5505 1319 5513 ’
1342 5505 1491 5590 δόμῳ
1513 5505 1812 5590 ’κλαυθμῶο

201 5606 310 5719 ἴς,ἶί
338 5580 581 5661 Ellipsis'
598 5590 687 5645 est
711 5583 868 5643 bene
911 5580 1128 5656 graeca,
1156 5580 1577 5656 phrasis'ipsa
1620 5580 1814 5638 orieno

311 5675 362 5716 s.

601 5784 845 5843 Pnaon.
885 5783 990 5842 Gn.
1019 5780 1171 5842 CXL.

1996 2170 2112 2229 Sed
2132 2171 2261 2229 haec
2291 2170 2575 2229 omnibus
2606 2171 3007 2230 communiter
3049 2175 3107 2230 et
3161 2172 3412 2246 singulis
3470 2179 3584 2248 pro

1922 2263 2192 2334 tempore
2221 2260 2598 2333 contigerunt
2630 2277 2645 2318 :
2674 2277 2811 2336 quae
2837 2276 2976 2319 vero
3006 2262 3155 2319 mihi
3198 2261 3584 2321 excellentius

1919 2349 2079 2408 facta
2100 2355 2241 2407 sunt
2258 2349 2572 2425 quomodo
2584 2349 2856 2408 sufﬁcere
2876 2353 3109 2425 possim
3123 2350 3201 2409 ad
3223 2350 3585 2410 dicendum?

1920 2438 2159 2497 Deﬁciet
2184 2444 2422 2515 tempus
2453 2439 2724 2498 narranti
2756 2458 2770 2511 ;
2797 2455 2922 2498 non
2946 2440 3114 2514 quod
3135 2452 3321 2499 unam
3347 2445 3585 2499 tantum

1918 2526 2180 2585 habeam
2210 2526 2502 2601 linguam,
2537 2529 2644 2587 sed
2679 2532 2738 2587 et
2764 2530 3041 2603 quamvis
3089 2530 3255 2588 illam
3309 2530 3373 2588 in
3419 2525 3584 2587 mille

1918 2631 2161 2690 possem
2190 2617 2479 2689 dividere,
2512 2625 2578 2676 ut
2597 2618 2715 2676 alia
2739 2618 2900 2676 aliud
2939 2618 3364 2693 proclamaret.
3396 2621 3464 2676 Et
3490 2619 3582 2676 in-

1920 2722 2101 2781 super
2125 2707 2173 2764 si
2201 2724 2433 2765 mecum
2464 2711 2699 2765 mature
2724 2708 3048 2780 recogitem
3075 2708 3223 2783 quid
3255 2707 3581 2782 unusquis-

1918 2811 2037 2872 que
2055 2796 2273 2864 valeat,
2298 2796 2500 2855 nullus
2525 2802 2633 2865 est,
2657 2802 2722 2854 ut
2742 2796 2981 2872 opinor,
3006 2798 3111 2873 qui
3131 2797 3193 2855 in
3216 2797 3317 2857 illo
3337 2796 3580 2869 negotio

1918 2885 2222 2960 duplicem
2260 2885 2483 2945 habeat
2546 2886 2880 2945 scientiam.
2938 2887 3168 2945 Etenim
3213 2885 3582 2946 auctoritatis

1918 2973 2113 3033 forma
2136 2975 2409 3050 ratioque
2440 2992 2679 3050 semper
2708 2976 2931 3049 vigent,
2950 2982 3007 3035 et
3035 2977 3166 3035 haec
3186 2993 3322 3035 mea
3337 2975 3577 3049 regula;

1917 3079 2062 3123 nam
2092 3065 2204 3140 ipsi
2226 3066 2414 3139 probe
2441 3066 2602 3123 scitis
2630 3072 2932 3141 quantum
2952 3071 3113 3125 totus
3131 3066 3358 3125 eﬁiciar
3373 3082 3486 3141 pro
3505 3080 3579 3124 eo

1916 3151 2020 3228 qui
2046 3153 2324 3225 graviora
2345 3156 2585 3229 patitur,
2619 3160 2677 3213 et
2703 3160 2912 3214 contra
2940 3154 3002 3213 in
3028 3155 3360 3228 gratiarum
3390 3158 3577 3215 actio-

1916 3243 2010 3300 nis
2039 3259 2356 3319 erumpam
2387 3262 2525 3302 cum
2553 3244 2770 3319 aliquis
2796 3237 3048 3303 moritur
3076 3246 3275 3303 bonus
3324 3245 3578 3305 misera~

1918 3332 2077 3391 tione
2106 3332 2310 3393 divina
2338 3333 2559 3408 dignus
2611 3334 2951 3392 habendus.
3008 3339 3324 3410 Propterea
3379 3334 3578 3410 magis

1916 3440 2105 3498 quam
2135 3425 2330 3483 caateri
2359 3441 2572 3483 omnes
2601 3425 2765 3483 Matri
2795 3425 2895 3483 Dei
2923 3442 3020 3483 me
3050 3425 3322 3484 conﬁteri
3343 3427 3579 3499 justum

1917 3518 2027 3584 est,
2059 3515 2392 3587 praesertim
2424 3531 2563 3572 cum
2590 3514 2811 3586 gratias
2832 3515 3052 3572 referre
3070 3531 3259 3589 quam
3278 3516 3580 3573 maximas

1917 3609 2159 3676 propter
2186 3620 2259 3661 ea
2287 3620 2425 3677 quae
2444 3602 2569 3661 dixi
2593 3608 2652 3661 et
2687 3603 2806 3661 alia
2835 3603 3152 3679 permulta,
3205 3604 3366 3678 (quis
3416 3605 3579 3662 enim

1914 3691 2113 3749 dicere
2131 3692 2325 3767 possit
2344 3699 2492 3766 quot
2510 3699 2568 3751 et
2584 3699 2816 3767 quanta
2830 3694 3011 3767 sint?)
3041 3692 3307 3751 ofﬁcium
3328 3694 3581 3752 exsistat

1917 3781 2186 3839 solemne
2215 3788 2273 3839 et
2314 3783 2729 3840 necessarium
2774 3799 3222 3857 communequc
3274 3784 3578 3853 omnibus,

1915 3871 2063 3928 illud
2093 3887 2335 3928 sacrum
2367 3887 2588 3928 munus
2614 3887 2739 3928 non
2759 3871 2945 3929 modo
2965 3877 3158 3928 totum
3177 3869 3326 3929 mihi
3344 3871 3576 3930 incum‘

1915 3961 2022 4030 bit,
2054 3959 2162 4018 sed
2185 3968 2242 4018 et
2269 3959 2459 4019 multo
2498 3961 2691 4034 magis
2724 3977 2836 4036 pro
2872 3960 3254 4019 multitudine
3272 3961 3578 4020 bonorum

1915 4050 1990 4107 de
2006 4052 2229 4124 quibus
2257 4066 2458 4108 sermo
2478 4056 2585 4119 est,
2605 4056 2662 4107 et
2682 4050 2732 4107 si
2752 4067 2875 4108 non
2898 4050 3188 4123 attingere
3208 4056 3418 4125 potero
3443 4049 3578 4125 ejus

1916 4138 2216 4212 meritum,
2252 4143 2314 4197 at
2333 4138 2545 4197 saltem
2571 4155 2696 4196 non
2725 4138 3041 4197 inﬁciabor
3058 4155 3170 4215 pro
3190 4156 3371 4214 posse
3396 4140 3582 4198 conﬁ-

1918 4229 2041 4287 teri.
2078 4229 2349 4286 Dilatabo
2375 4245 2518 4301 ergo
2549 4244 2652 4286 cor
2681 4245 2884 4285 meum
2913 4234 2968 4286 et
3000 4228 3182 4287 simul
3229 4229 3579 4289 dilatabitur

1915 4334 1985 4377 os
2005 4335 2210 4377 meum
2229 4318 2483 4377 vocibus
2504 4318 2835 4391 gratiarum
2852 4316 3026 4391 juxta
3040 4318 3104 4376 id
3124 4318 3293 4393 quod
3322 4335 3578 4393 possum

1915 4412 1973 4466 et
2000 4408 2166 4482 quod
2196 4408 2375 4466 statui
2405 4426 2420 4479 ;
2452 4423 2591 4464 cum
2616 4405 2700 4466 ita
2729 4406 3060 4465 invenerim
3092 4407 3156 4465 in
3184 4407 3577 4483 quantiscun-

1915 4513 2035 4571 que
2060 4497 2218 4555 curis
2245 4501 2583 4556 eoarctatus
2611 4501 2670 4554 et
2690 4495 3073 4555 latitudinem
3114 4498 3332 4556 mentis
3359 4502 3418 4557 et
3445 4515 3577 4558 coro

1915 4587 2009 4647 dis
2031 4587 2460 4646 dilatationem.

1988 4677 2379 4750 Magniﬁcain
2407 4676 2569 4735 enim
2598 4692 2734 4746 nos,
2762 4676 3020 4752 eripiens
3052 4693 3126 4737 ex
3174 4675 3303 4736 istis
3356 4675 3578 4753 pannis

1915 4767 2171 4826 miseriae
2196 4773 2255 4825 et
2274 4766 2559 4825 extollens
2598 4783 2792 4842 usque
2821 4766 2902 4825 ad
2948 4768 3233 4826 thronum
3291 4768 3473 4826 istum
3520 4773 3580 4826 et

1917 4862 2139 4916 sortem
2209 4855 2369 4915 hanc
2448 4856 2771 4915 sublimem
2845 4861 2901 4915 et
2990 4857 3217 4915 caeteris
3289 4858 3577 4916 omnibus

1916 4946 2413 5016 excellentiorem,
2447 4962 2485 5004 a
2527 4947 2822 5022 principio
2872 4945 3082 5005 volens
3133 4952 3192 5005 et
3241 4962 3459 5005 curans
3514 4952 3580 5006 ut

1916 5036 2239 5096 fortissime
2261 5051 2499 5110 semper
2516 5038 2707 5094 vitam
2718 5035 3071 5111 rexerimus,
3085 5036 3248 5095 unde
3258 5051 3578 5111 possemus

1916 5128 2001 5187 ita
2024 5128 2088 5186 in
2113 5126 2294 5186 bonis
2324 5131 2382 5185 et
2405 5123 2861 5201 periectioribus
2879 5126 3226 5197 consistere,
3258 5130 3325 5187 ut
3354 5142 3391 5186 a
3408 5125 3578 5187 nullo

1991 5359 2070 5433 (2)
2096 5357 2392 5434 orationis
2432 5356 2595 5416 color
2646 5356 3048 5434 est_biblicus.
3107 5358 3328 5418 Psalm.
3385 5372 3577 5434 cxvm,

1920 5427 2073 5507 εἶξε
2133 5429 2420 5507 ἕπλᾷτυζνᾲς
2469 5435 2577 5507 τὴν,
2612 5427 2841 5507 καρδὶαν
2892 5451 3023 5507 μου..
3081 5435 3197 5489 lsa.
3273 5449 3330 5500 v,
3403 5433 3471 5489 14
3531 5427 3575 5507 -ξ

2225 5505 2251 5557 ό
2302 5499 2440 5576 ᾅδης
2524 5506 2619 5562 τὴν
2682 5499 2902 5576 ’ψυχήν’
2962 5502 3140 5559 αὐτοῦ.
3226 5499 3419 5578 Atque
3497 5505 3581 5562 sic

1921 5591 2000 5635 al
2046 5592 2084 5633 Ι.

2948 5822 2964 5835 .
3044 5774 3146 5834 48.
