4120 6404
535 325 674 385 1515

1887 304 2263 364 NICEPHORI
2287 305 2555 362 CHUMNI

3785 297 3929 364 1516

534 449 633 506 vel
660 445 906 504 minime
928 456 1201 513 unquam
1241 439 1703 496 dimoveremur,
1737 431 2074 489 dummodo
2091 445 2187 484 vo-

2324 429 2384 479 π’
2457 426 2664 490 οὐδενός
2735 431 2795 482 ἂν
2845 428 2960 484 οὐδ’
3037 433 3275 484 ὁπωσοῦν
3315 429 3727 504 ἠνωχλήθημιν,
3795 435 3936 503 εἴγε

537 537 746 594 luntati
775 540 889 590 tuae
921 531 1320 602 obsequentes
1351 527 1550 582 cordis
1578 525 1759 581 nostri
1791 521 2086 578 desideria
2106 519 2192 573 fu-

540 641 840 697 geremus.
880 625 1203 691 Postquam
1234 623 1458 684 autem,
1491 633 1528 672 a
1559 620 1718 669 recta
1756 613 2055 668 bonorum
2095 607 2194 662 via

538 715 938 772 deﬂectentes,
967 708 1043 765 ad
1073 725 1143 763 ea
1173 723 1312 780 quae
1345 722 1467 760 non
1498 707 1731 777 oportet
1761 699 2190 758 convertimus,

534 806 697 876 juste
724 801 976 857 immisit
1015 797 1347 852 cruciantes
1380 794 1638 850 dolores.
1701 788 1973 846 Conclusi
2018 787 2197 854 igitur

540 875 1103 966 quasiquibusdam
1132 885 1278 939 seris
1323 883 1586 955 propriis
1649 875 2197 950 desperationibus,

544 979 806 1037 adversis
833 975 1149 1038 contriti,et
1177 969 1716 1036 dolentes,nullam
1745 967 2009 1038 undique
2037 978 2196 1035 spem

2300 525 2391 569 τοῦ
2466 528 2560 570 σοῦ
2611 520 2896 592 θελήματος
2956 519 3125 573 ὀπίσω
3214 525 3306 572 καὶ
3361 524 3431 591 μὴ
3494 528 3596 572 τῶν
3680 517 3938 594 καρδιῶν

2305 607 2447 676 ἡμῶν
2505 604 2848 679 ἐπορεύθημεν
2911 609 2992 680 (1)
3053 630 3065 641 ⁸
3113 606 3224 660 ἐπεὶ
3280 604 3359 672 δὲ,
3437 617 3533 671 τῆς
3586 617 3691 660 τῶν
3756 608 3939 661 καλῶν

2305 693 2503 754 εὐθείας
2581 694 2934 767 ἐκτραπέντες,
3008 700 3134 770 πρὸς
3176 696 3211 747 ἃ
3265 701 3337 768 μὴ
3400 706 3670 770 προσῆκον
3731 696 3941 769 ἐστρά-

2307 804 2491 856 φημεν,
2556 786 2676 842 ἧκεν
2730 786 2937 846 εἰκότως
2990 785 3308 858 ἐνοχλοῦντα
3370 790 3437 838 τὰ
3486 787 3701 860 λυπηρά
3761 808 3774 820 ο
3842 793 3940 838 καὶ

2307 883 2430 946 γοῦν
2460 877 2610 946 ἡμεῖς
2671 875 2719 927 ἐν
2772 875 3025 948 ἀθυμίαις
3075 879 3174 929 ὑπὸ
3233 885 3333 928 τῶν
3375 873 3524 929 ἰδίων
3578 880 3779 930 ὡσανεὶ
3831 896 3943 930 σει-

2308 973 2410 1036 ρῶν
2481 971 2910 1036 συσφιγγόμενοι,
2963 970 3054 1018 καὶ
3123 973 3239 1026 ταῖς
3297 962 3646 1038 δυσχερείαις
3715 965 3941 1018 ἐπίστυ-

540 1065 971 1138 redemptionis
1017 1063 1330 1126 habentes,
1389 1065 1442 1114 te
1478 1059 1675 1130 ipsam
1727 1055 2089 1125 suscipimus
2142 1051 2201 1106 in

2324 1054 2598 1124 γνοίζοντες,
2659 1054 2726 1104 ὧν
2774 1063 2865 1114 τῆς
2909 1054 3104 1115 λύσεως
3152 1052 3267 1108 οὐδ’
3329 1057 3379 1108 ἐν
3428 1054 3632 1108 ἐλπίσιν
3689 1051 3940 1128 οὐδαμοῦ

546 1173 760 1212 omnes
789 1151 1168 1209 difﬁcultates
1198 1153 1595 1221 pugnantem,
1632 1151 1688 1200 et
1717 1142 2043 1200 infortunia
2065 1155 2204 1195 con-

547 1246 926 1312 fringentem,
961 1257 1096 1295 cum
1125 1239 1354 1294 habeas
1384 1237 1728 1290 universum
1757 1235 1973 1288 harum
2004 1244 2202 1284 rerum

548 1334 839 1403 regimen,
862 1335 919 1386 et
940 1328 1118 1384 nobis
1138 1328 1332 1382 donas
1356 1326 1416 1380 in
1445 1323 1724 1379 secundis
1759 1319 2005 1388 negotiis
2028 1317 2204 1390 proﬁ-

3322 1141 3611 1206 δυσκολίας
3679 1144 3750 1196 απ
3759 1150 3932 1214 αντᾲς,

2313 1236 2423 1300 καὶ,
2466 1227 2765 1304 διωσαμένη
2829 1236 2923 1293 τὰς
2962 1232 3209 1303 ἀνάγκας,
3267 1229 3449 1290 ἐπειδὴ
3509 1237 3601 1285 καὶ
3658 1238 3758 1295 πᾶς
3791 1237 3916 1284 εἶκει

2313 1147 2641 1214 φαινομένης,
2716 1143 2846 1201 αὕτη
2934 1147 3066 1218 πρὸς
3145 1147 3235 1204 τὰς

2317 1339 2402 1371 σοι
2451 1328 2550 1371 τῶν
2617 1324 2862 1373 τοιούτων
2936 1324 3143 1393 θεσμός,
3205 1323 3393 1396 ῥᾴοσιν
3437 1323 3580 1393 ἡμᾶς
3639 1330 3805 1383 ποιεῖς
3842 1342 3923 1374 κε-

2315 1411 2558 1479 χρῆσθαι
2585 1417 2688 1470 τοῖς
2713 1413 3011 1482 πράγμασι,
3062 1415 3153 1461 καί
3217 1430 3276 1482 γε
3309 1409 3582 1482 βελτιόνων
3634 1411 3810 1462 αὐτῶν
3865 1407 3932 1468 δή

2316 1500 2510 1548 τούτων
2539 1497 2926 1570 ἀποπειρᾶσθαι
2951 1506 3050 1550 τῶν
3075 1506 3271 1570 προτοῦ
3299 1494 3604 1572 δυσχερῶν.

549 1438 702 1487 cere,
735 1425 791 1476 et
819 1419 1030 1474 eadem
1058 1431 1191 1488 quae
1221 1415 1386 1486 prius
1431 1412 1687 1469 adversa
1742 1415 1909 1465 erant
1947 1406 2208 1462 feliciora

555 1509 772 1567 deinde
797 1506 1069 1578 experiri.

623 1603 665 1655 Ν
676 1614 789 1653 unc
815 1602 1014 1652 autem
1046 1610 1117 1649 eo
1145 1592 1383 1647 devenit
1411 1595 1740 1662 conceptus
1763 1602 1954 1642 sermo
1980 1590 2045 1638 ut
2062 1581 2209 1654 opti-

554 1706 650 1744 me
673 1685 910 1756 singula
931 1683 1335 1757 proferrentur
1353 1680 1687 1736 clarissima
1703 1676 1995 1732 miracula
2023 1673 2211 1729 adim-

2324 1685 2498 1747 σαφῶς
2540 1677 2633 1734 ἧκε
2675 1680 2743 1728 τὰ
2792 1677 2908 1729 καθ’
2955 1679 3179 1734 εκάστην
3238 1675 3426 1752 ἐναργῆ
3485 1677 3772 1750 τελούμενα
3817 1680 3950 1730 θαύ-

554 1779 710 1852 pleta
742 1777 800 1831 in
828 1780 1099 1830 nostrum
1128 1770 1421 1827 auxilium
1450 1775 1505 1824 et
1537 1770 1594 1823 in
1625 1765 2105 1838 proﬂigationem
2126 1762 2211 1816 in-

2324 1785 2482 1836 ματα,
2535 1769 2663 1840 πρὸς
2730 1763 3030 1840 ἐπικουρίαν
3086 1769 3176 1838 μὲν
3225 1767 3394 1838 ἡμῶν,
3442 1768 3668 1838 θραῦσιν
3727 1763 3792 1819 δὲ
3849 1776 3950 1817 τῶν

556 1864 1023 1923 numerabilium
1045 1861 1535 1932 impugnantium
1554 1857 1816 1929 undique
1832 1855 2211 1911 inimicorum

557 1955 890 2030 (quomodo
902 1969 1006 2008 eos
1026 1966 1409 2006 numerarem
1423 1949 1450 2002 ?
1461 1957 1493 2007 ).
1514 1949 1778 2015 Surgunt
1791 1948 1946 2000 enim
1963 1942 2213 2012 agmini-

557 2045 674 2100 bus
699 2043 924 2115 pressis
953 2057 1027 2096 ex
1058 2039 1335 2094 universa
1358 2043 1511 2092 terra
1537 2054 1550 2103 ;
1585 2041 1837 2105 surgunt
1867 2038 2067 2088 autem
2094 2029 2211 2098 alii,

2421 1587 2496 1638 Ού
2525 1593 2626 1659 μὴν
2658 1587 2763 1640 ἀλλ’
2814 1590 2839 1640 ό
2869 1588 3022 1660 λόγος
3068 1587 3310 1641 ἐνταυθοῖ
3338 1595 3605 1661 γενόμενος
3661 1588 3742 1640 ἐπ’
3806 1588 3949 1640 αὐτὰ

2321 1852 2563 1906 ἐπιόντων
2604 1858 2802 1921 (πόσων
2857 1853 2917 1906 ἆν
2971 1858 3168 1926 εἴποιμι
3227 1858 3268 1921 ς)
3314 1857 3450 1906 πάνυ
3503 1859 3595 1926 μὲν
3655 1851 3749 1907 οὖν
3807 1855 3948 1908 πλεί-

2324 1962 2479 2008 στων,
2521 1948 2610 1994 καὶ
2639 1946 2969 2014 πανταχόθεν
3024 1941 3316 2016 βαλλόντων
3369 1942 3595 2018 ἐχθρῶν.
3659 1951 3950 1997 Κινοῡνται

2324 2037 2412 2103 μὲν
2450 2035 2552 2105 γὰρ
2602 2033 2702 2084 ἀπὸ
2759 2035 2938 2094 πάσης
2998 2030 3196 2104 σχεδὸν
3254 2031 3591 2104 ἀνιστάμενοι
3627 2042 3737 2104 γῆς
3806 2052 3824 2066 ·
3861 2040 3950 2085 καὶ

560 2150 633 2190 ex
663 2130 905 2204 propria
926 2134 1131 2185 nostra
1165 2127 1469 2198 impietate
1492 2125 1868 2179 occasionem
1889 2127 2213 2189 sumentes,

561 2220 662 2278 alii
689 2235 830 2276 vero
860 2234 972 2273 nos
1003 2218 1366 2288 impugnant
1393 2219 1635 2286 propter
1657 2214 1990 2284 quamdam
2013 2214 2073 2268 in
2113 2227 2216 2266 no-

571 2309 705 2366 stris
737 2308 914 2363 rebus
946 2305 1257 2361 utilitatem
1285 2305 1440 2375 (quae
1468 2318 1561 2357 res
1585 2308 1784 2357 tamen
1811 2302 2059 2357 omnino
2081 2305 2219 2356 sunt

572 2399 738 2455 dona
767 2395 1016 2465 elargita
1044 2393 1214 2448 nobis
1245 2392 1436 2460 gratia
1464 2392 1586 2458 tua)
1622 2391 1872 2457 ;etenim
1896 2390 2027 2445 illos
2059 2391 2218 2445 triste

565 2491 810 2542 movent
832 2484 998 2540 bona
1021 2488 1078 2537 et
1101 2481 1346 2536 felicitas
1369 2486 1590 2535 nostra.
1622 2480 1674 2536 Si
1695 2480 1873 2550 igitur
1894 2480 2218 2551 separatim

565 2577 947 2647 impugnant,
974 2569 1541 2644 parumturbantes,
1567 2569 2218 2636 etininusinsidiantes,

2324 2130 2604 2187 κινοῦνται,
2682 2124 2729 2173 οἱ
2781 2125 2872 2194 μὲν
2947 2126 3041 2180 τὴν
3125 2118 3264 2174 ἰδίαν
3345 2121 3584 2175 ἀσέϐειαν
3673 2128 3949 2196 πρόφασιν

2327 2212 2551 2283 έχοντες,
2596 2214 2643 2263 οἱ
2708 2208 2768 2264 δέ
2796 2208 2961 2282 μηδὲν
2992 2212 3159 2284 ἕτερον
3191 2211 3518 2282 ἐγκαλοῦντες
3567 2213 3597 2271 ἦ
3660 2215 3746 2264 ὅτι
3806 2233 3948 2286 χρη-

2328 2303 2427 2352 στά
2476 2321 2590 2352 τινα
2635 2303 2700 2352 τὰ
2753 2303 2978 2374 ἡμέτερα
3035 2304 3310 2376 (χορηγίαι
3373 2311 3540 2353 ταῦτα
3587 2304 3809 2366 πάντως
3859 2309 3950 2355 καὶ

2328 2386 2476 2462 δῶρα
2528 2399 2629 2441 σῶν
2684 2389 2966 2463 χαρίτων),
3023 2395 3113 2442 καὶ
3172 2389 3383 2447 πλήττει
3455 2393 3675 2452 τούτους
3727 2393 3757 2449 ἡ
3846 2402 3950 2443 τῶν

2327 2477 2532 2550 ἀγαθῶν
2554 2478 2785 2535 εύθηνία.
2829 2478 2888 2530 Εἰ
2934 2482 3036 2549 μὴν
3102 2474 3190 2529 οὖν
3248 2477 3349 2530 ἀπό
3381 2482 3571 2550 μέρους
3627 2481 3758 2551 ἡμῖν
3814 2479 3950 2552 ἐπῄ-

2330 2586 2471 2632 εσαν,
2533 2569 2598 2618 τὰ
2642 2569 2731 2638 μὲν
2781 2569 2970 2618 ὡσανεί
3025 2562 3436 2637 διενοχλοῦντες,
3492 2573 3604 2628 τοῖς
3670 2563 3724 2619 δ’
3783 2569 3951 2626 ἧττον

564 2663 712 2719 forte
747 2678 869 2718 non
902 2661 1010 2716 erit
1039 2659 1347 2728 negotium
1378 2658 1554 2712 nobis
1596 2657 2046 2726 insurgentibus
2073 2656 2213 2711 resi-

2328 2653 2751 2720 ἐπιϐουλεύοντες,
2805 2653 2932 2724 τάχ’
2983 2652 3044 2704 ἂν
3100 2673 3189 2705 και
3230 2659 3417 2727 μικρὸν
3466 2655 3496 2713 ἡ

565 2759 738 2808 stere.
779 2750 892 2807 Sed
923 2747 1249 2822 aliquando
1277 2763 1488 2802 omnes
1515 2747 1863 2802 circumfusi
1885 2751 2087 2801 contra
2119 2745 2217 2800 ali-

563 2857 746 2914 quem
769 2841 1020 2909 irruunt,
1050 2842 1104 2894 et
1134 2838 1249 2892 vim
1276 2836 1500 2891 faciunt
1521 2853 1590 2890 ex
1613 2836 1896 2891 omnibus
1929 2835 2217 2906 partibus-

565 2937 622 2985 et
643 2929 842 2999 simul,
870 2944 1007 2983 cum
1036 2926 1199 2982 nulla
1225 2925 1297 2980 sit
1328 2926 1522 2997 potior
1541 2924 1617 2979 ad
1644 2925 1787 2979 istas
1814 2940 2052 2996 pugnas
2077 2941 2213 2996 prae-

2328 2922 2751 2995 προσπαλαίουσι
2835 2925 3017 2995 μέρεσι
3070 2942 3160 2973 και
3229 2917 3376 2974 δεινὰ
3445 2921 3752 2994 μελετῶσιν,
3834 2925 3948 2996 ἅμα

565 3020 797 3090 paratio
828 3033 1014 3090 quam
1054 3015 1361 3086 vigilantia
1411 3018 1467 3069 et
1505 3013 1830 3082 meditatio,
1872 3013 2213 3068 subvertunt

2333 3009 2391 3064 δὲ
2438 3031 2527 3063 και
2569 3014 2697 3086 πρὸς
2750 3015 2904 3062 ταυτὶ
2986 3015 3497 3084 παρεσκευασμένοις
3566 3009 3724 3064 οὐδέν
3794 3014 3948 3065 ἐστιν

575 3108 906 3180 praesertim
939 3107 1276 3161 voluntates
1305 3108 1360 3158 et
1398 3103 1785 3173 cogitationes
1808 3108 2213 3174 corrumpunt

2332 3101 2506 3160 αὐτοῖς
2527 3100 2674 3153 πλέον
2726 3107 2816 3160 τῆς
2859 3107 3199 3173 παρασκευῆς
3255 3119 3346 3152 και
3412 3099 3648 3172 μελέτης,
3703 3109 3949 3176 περιτρέ-

573 3197 716 3262 Quis
741 3197 802 3252 in
825 3196 949 3251 istis
982 3195 1263 3250 extremis
1294 3209 1404 3264 pro
1436 3193 1610 3248 nobis
1641 3199 1776 3261 aget
1797 3200 1847 3246 et
1870 3193 2074 3246 omnia
2101 3209 2213 3246 ver-

2330 3209 2515 3242 πονται
2547 3185 2606 3241 δὲ
2641 3183 2830 3258 μᾶλλον
2858 3187 3029 3248 αὐτοῖς
3073 3187 3399 3260 βουλεύμασι
3456 3209 3545 3240 και
3595 3198 3712 3252 ταῖς
3765 3211 3950 3265 παραο

567 3291 648 3342 tet
685 3287 743 3341 in
772 3285 986 3340 melius
1018 3281 1047 3337 ?
1077 3283 1212 3355 quis
1238 3283 1388 3336 inter
1423 3281 1615 3336 varias
1635 3288 1690 3336 ct
1717 3280 2070 3351 multiplices
2093 3296 2222 3348 gra-

566 3375 966 3445 vissimasque
996 3386 1234 3444 pugnas
1265 3387 1418 3442 quas
1455 3371 1821 3425 sustinemus
1862 3385 1970 3440 pro
2019 3375 2226 3424 nostra

568 3477 717 3533 pace
744 3461 1075 3527 decertans,
1111 3460 1312 3514 hostes
1343 3465 1407 3513 ut
1436 3459 1767 3513 aiebamus.
1803 3474 1938 3512 vere
1969 3458 2223 3529 dissipa-

567 3551 654 3607 bit
682 3552 710 3606 ?
733 3550 873 3615 Quis
893 3549 1069 3605 nobis
1101 3551 1282 3604 etiam
1331 3546 1768 3602 dormientibus
1809 3563 1869 3601 se
1925 3547 2226 3602 constituit

569 3646 772 3696 custos
798 3654 1035 3710 semper
1061 3637 1340 3708 vigilans,
1375 3636 1477 3706 qui
1519 3635 2036 3707 perseverantibus
2067 3636 2224 3691 curis

569 3727 1049 3800 supervenientia
1067 3725 1230 3781 mala
1248 3724 1570 3796 prmveniat
1594 3724 1622 3778 ?
1644 3725 1785 3788 Quis
1808 3731 1873 3778 ut
1891 3741 2096 3780 murus
2115 3726 2224 3781 fer-

568 3833 706 3872 reus
736 3817 892 3872 circa
920 3832 1032 3871 nos
1071 3815 1300 3887 positus
1323 3820 1376 3868 et
1412 3829 1586 3867 arcus
1608 3813 1865 3868 intentos
1897 3819 1950 3868 et
1991 3813 2224 3883 gladios

567 3898 866 3961 districtos
889 3920 1026 3959 cum
1054 3903 1270 3958 feriunt
1287 3902 1602 3970 confringit
1629 3900 1723 3957 ?et
1742 3919 1952 3957 omnes
1979 3903 2224 3958 insidias

569 4011 607 4052 a
631 3995 806 4051 nobis
844 3991 1114 4049 avertit?
1153 3992 1291 4057 Quis
1326 3994 1540 4046 iterum
1589 3991 1852 4060 flagellat
1901 3995 2219 4065 Aigyptum

568 4085 902 4158 percutiens
931 4082 1382 4156 primogenitos,
1414 4080 1626 4154 plagas
1660 4080 1952 4137 inducens
1973 4087 2224 4138 statutas

562 4169 842 4238 "numero,
873 4172 1241 4226 Pharaonem
1269 4169 1685 4237 submergens,
1722 4171 1988 4238 gentium
2022 4187 2222 4242 super-

567 4262 730 4317 biam
759 4261 1068 4330 dejiciens,
1111 4265 1166 4314 et
1195 4265 1274 4315 ita
1306 4258 1499 4314 salvat
1526 4258 1702 4314 lsrael
1728 4259 1979 4313 electum
2015 4263 2213 4314 suum?

2331 4279 2420 4311 και
2459 4257 2655 4330 πληγὰς
2703 4257 2905 4327 ἐπάγων
2964 4256 3044 4328 (5)
3094 4254 3502 4329 ἀριθμουμένας,
3552 4277 3644 4308 και
3699 4257 3946 4330 βυθίζων

569 4349 710 4414 Quis
731 4365 826 4414 (ne
854 4347 1094 4416 longius
1125 4347 1468 4419 protraham
1502 4348 1849 4413 sermonem)
1871 4347 1982 4399 has
2013 4347 2213 4401 multas

2331 4354 2536 4421 Φαραὼ,
2594 4367 2683 4398 και
2734 4347 2997 4417 καθαιρῶν
3044 4343 3197 4396 ἐθνῶν
3257 4345 3498 4421 ἔπαρσιν,
3543 4365 3637 4397 και
3718 4356 3942 4421 περισῶ-

566 4437 942 4509 magnasque
967 4443 1247 4509 operatur
1274 4436 1520 4491 virtutes
1545 4435 1572 4490 ?
1605 4437 1670 4488 Et
1695 4434 1800 4505 qui
1851 4449 2060 4488 sumus
2111 4452 2213 4490 nos

2330 4436 2430 4497 ζων
2478 4435 2690 4511 Ἰσραὴλ
2734 4435 2922 4509 κλῆρον
2981 4431 3156 4500 Edicto;
3210 4439 3292 4496 τίς
3373 4437 3480 4504 (ἶνα
3559 4440 3634 4507 μὴ
3723 4443 3930 4509 μηκῦνω

567 4542 677 4598 pro
707 4526 930 4599 quibus
953 4531 1040 4582 tot
1059 4529 1293 4581 ettanta
1315 4527 1551 4595 patrata
1572 4528 1708 4576 sunt
1728 4522 2021 4578 miracula
2039 4524 2067 4578 ?
2091 4527 2222 4579 Haec

568 4620 774 4672 autem
804 4620 1007 4670 mente
1031 4613 1341 4668 revolvens
1369 4611 1606 4666 aiebam
1640 4626 1652 4664 :
1688 4631 1707 4658 ι
1753 4614 2010 4665 Aversus
2067 4629 2131 4667 es
2185 4629 2221 4668 a

564 4703 760 4772 nobis,
788 4719 899 4759 nec
924 4704 1139 4759 iterum
1160 4717 1271 4756 nos
1292 4698 1574 4771 respicies
1597 4697 1658 4752 in
1688 4699 2217 4756 misericordiam.»

563 4794 647 4849 Tu
677 4809 818 4849 vero
839 4793 1039 4848 dixisti
1079 4809 1141 4846 :«
1186 4788 1357 4843 Absit
1410 4792 1475 4842 ut
1511 4803 1621 4842 vos
1665 4787 1962 4844 dimittam
2004 4790 2098 4845 vel
2153 4796 2219 4848 ut

563 4898 838 4955 unquam
861 4899 965 4938 vos
989 4879 1404 4948 derelinquam
1429 4895 1442 4930 :
1472 4891 1668 4948 neque
1689 4876 1957 4933 auferam
1981 4880 2216 4935 miseri-

562 4971 832 5028 cordiam
879 4987 916 5027 a
958 4968 1133 5025 vobis
1189 4969 1432 5038 propter
1459 4965 1754 5035 Virginem
1794 4969 2033 5024 Matrem
2079 4985 2216 5040 qua:

561 5059 804 5116 fervidis
816 5058 941 5114 suis
967 5054 1242 5128 precibus
1263 5055 1750 5127 compassionem
1774 5072 1972 5112 meam
1993 5057 2212 5130 implo-

3586 2651 3742 2707 οὐδὲν
3817 2658 3949 2728 ἡμῖν

3599 2752 3691 2795 νῦν
3749 2742 3805 2797 δ’
3865 2749 3944 2797 οτι

2328 2836 2510 2893 πάντες
2558 2832 2725 2904 κύκλῳ
2778 2835 2914 2882 κατά
2975 2831 3161 2884 ταύτόν
3208 2831 3564 2907 περιρρέουσι,
3619 2854 3714 2885 και

2329 2743 2463 2800 ἦσαν
2486 2737 2706 2818 πράγμα
2733 2745 2864 2816 πρὸς
2908 2741 3107 2815 ἄμυναν
3175 2741 3477 2794 ἀντεπιοῦσι
3527 2759 3540 2773 ⁸

3853 2829 3874 2845 ν

3805 2855 3936 2887 πάσι

2333 3285 2541 3339 σκευαῖς
2571 3279 3120 3351 (2)συμφθειρόμενοι,
3153 3281 3234 3338 τίς
3283 3280 3424 3329 ἐστιν
3471 3279 3497 3329 ὁ
3553 3286 3722 3330 ταῦτα
3803 3277 3946 3356 δρῶν

2329 3387 2419 3418 και
2467 3369 2597 3439 πρὸς
2643 3369 2698 3418 τὸ
2768 3374 2995 3438 κρεῖττον
3063 3367 3188 3438 ἡμῖν
3254 3369 3702 3438 μετασκευάζωνς
3776 3375 3862 3431 τίς
3917 3373 3943 3422 ό

2330 3461 2423 3513 τὴν
2469 3456 2707 3526 ἡσυχίαν
2765 3459 2908 3526 ὴμῶν
2965 3454 3012 3506 ἐν
3060 3463 3168 3516 τοῖς
3219 3455 3486 3517 πλείστοις
3533 3455 3765 3526 ἀγόντων
3823 3479 3951 3533 προ-

2330 3545 2584 3616 πολεμῶν,
2637 3564 2725 3594 και
2777 3548 2974 3618 πρόπον
3033 3547 3118 3595 τὸν
3168 3545 3431 3618 εἰρημένον
3510 3549 3634 3606 τούς
3716 3546 3951 3620 ἐχθρούς

2333 3633 2681 3707 ἀμυνόμενος;
2749 3638 2828 3695 τίς
2883 3635 2907 3684 ό
2963 3653 3055 3684 και
3099 3630 3450 3685 καθεύδουσιν
3495 3636 3620 3705 ἡμῖν
3665 3635 3953 3709 ἐθιστοίμε-

2329 3745 2412 3786 νος
2454 3723 2616 3796 φύλαξ
2670 3720 2763 3774 διά
2823 3726 3008 3784 παντὸς
3057 3722 3336 3794 ἄγρυπνος,
3371 3742 3462 3774 και
3516 3731 3632 3785 ταῖς
3697 3723 3955 3797 ἐμμόνοις

2330 3813 2662 3873 ἐπιστασίαις
2743 3815 2832 3872 τὰς
2903 3815 3254 3886 επερχομένας
3339 3809 3542 3883 βλάϐας
3624 3811 3946 3887 ἀπείργωνς

2331 3904 2458 3964 τίςὸ
2485 3898 2738 3976 σιδηροῦν
2778 3902 3057 3974 περιτιθείς
3114 3907 3309 3971 τεῖχος,
3363 3920 3452 3952 και
3499 3900 3625 3963 τόξα
3668 3908 3951 3974 τεινόμενα

2330 4012 2420 4043 και
2491 3991 2750 4065 ῥομφαίαν
2817 3988 3104 4064 ἐρχομένην
3180 3987 3227 4040 ἐν
3287 3988 3428 4059 αύτῷ
3511 3989 3767 4042 συντίϐων
3840 3995 3946 4063 (3),

2330 4101 2420 4132 και
2440 4083 2616 4141 πάσας
2671 4081 2919 4151 μηχανὰς
2971 4078 3381 4150 ἁπωθούμενοςς
3439 4083 3520 4140 τίς
3567 4081 3593 4131 ὅ
3654 4079 3816 4132 πάλιν
3859 4083 3924 4136 Αἱ

2329 4189 2523 4240 γυπτον
2584 4167 2876 4240 μαστίξων,
2939 4186 3030 4218 και
3086 4169 3374 4219 πατάσσων
3447 4173 3761 4240 πρωτότοκα
3845 4174 3946 4241 ί4),

2327 4527 2445 4578 καθ’
2477 4526 2692 4578 ἑκαστον
2723 4525 2901 4596 λέγων)
2920 4526 2946 4575 ό
2976 4526 3068 4584 τὰς
3125 4522 3343 4584 πολλὰς
3373 4527 3562 4585 ταύτας
3629 4545 3726 4578 και
3778 4528 3929 4598 μεγά·

2327 4615 2418 4676 λας
2475 4615 2689 4687 ἐνεργῶν
2740 4610 3033 4684 δυνάμεις;
3083 4632 3172 4664 και
3250 4617 3384 4675 τίνες
3471 4615 3646 4685 ἡμεῖς,
3722 4618 3802 4667 ὅτι
3874 4619 3942 4667 τὰ

2326 4712 2560 4756 τοσαῦτα
2605 4723 2695 4755 και
2751 4711 2968 4755 τοιαῦτα
3017 4698 3070 4753 δ’
3122 4703 3258 4773 ἡμᾶς
3302 4703 3591 4773 θαύματα;
3659 4703 3800 4774 Ἐγὼ
3848 4708 3942 4775 μὲν

2990 4789 3188 4863 βλέψας
3266 4811 3289 4855 °_
3349 4813 3371 4840 ι
3459 4790 3795 4864 ἁπέστρεψας
3887 4793 3943 4856 ἐξ

2325 4885 2469 4954 ἡμῶν
2517 4881 2616 4955 (6),
2671 4902 2761 4933 και
2804 4881 2898 4932 ούκ
2945 4883 3021 4932 ἔτι
3072 4879 3132 4932 ού
3181 4885 3252 4952 μὴ
3302 4882 3541 4954 προσθῇς
3605 4880 3680 4942 εἰς
3735 4882 3940 4954 οἰκτιρ-

2323 4976 2454 5045 μοῦς
2490 4970 2682 5043 βλέψαι
2710 4971 2788 5042 (7)
2829 4991 2842 5003 ·
2877 4992 2904 5020 ››
2951 4974 3018 5022 Σὺ
3051 4965 3102 5021 δ’
3125 4966 3267 5029 εἶπας
3301 4990 3314 5001 ·
3359 4991 3386 5018 ‹‹
3413 4968 3489 5020 Ού
3511 4974 3586 5041 μὴ
3622 4968 3751 5039 ἀνῶ,
3820 4968 3943 5023 οὐδ’

2326 4793 2467 4845 εἷπον
2535 4793 2606 4856 εἰς
2680 4791 2900 4865 ἐμαυτὸν

632 5277 713 5348 (1)
759 5275 825 5330 Et
869 5272 984 5330 hoc
1031 5277 1122 5328 est
1163 5271 1388 5348 biblice‘
1446 5271 1723 5348 dictum,
1775 5271 2035 5348 Ezechiel
2103 5289 2211 5348 _xx,

565 5338 910 5401 16’;”Οπίσω
981 5353 1081 5396 τῶν
1157 5343 1492 5416 ἐνθυμμάτων
1561 5338 1790 5416 καρδίας
1867 5342 2036 5394 αὐτῶν
2094 5338 2212 5396 ἐποὲ

559 5434 784 5489 ρευοντο.

653 5493 706 5552 2)
732 5494 793 5540 Α.
814 5495 1154 5554 κατασκευαῖ,

635 5561 714 5700 (3)
746 5559 960 5616 Psalm.
993 5576 1183 5629 XXXVI,
1213 5559 1388 5628 19,16

635 5632 690 5699 (4
769 5630 952 5688 Exod.
1015 5648 1113 5699 x11,
1159 5636 1226 5687 29
1276 5649 1290 5698 ;
1344 5633 1534 5700 Κύριος
1583 5627 1802 5688 ἐπάταξε
1855 5634 1954 5678 πᾶν
2010 5635 2178 5700 πρωτό

629 5627 710 5700 (4)
769 5630 952 5688 Exod.
1015 5648 1113 5699 XII,
1159 5627 1226 5687 29
1276 5649 1290 5698 ;
1344 5633 1534 5702 Κύριος
1583 5627 1802 5688 ἐπάταξε
1855 5634 1954 5678 πᾶν
2010 5635 2209 5701 πρωτό-

2320 5292 2470 5326 τοκον
2492 5272 2539 5324 ἐν
2568 5279 2632 5344 γῇ
2655 5272 2923 5343 Αἰγύπτῳ.

2390 5345 2468 5412 (5)
2497 5340 2656 5400 Exod
2687 5340 2766 5405 xl,
2819 5349 2838 5398 1
2875 5340 2917 5398 ἐ
2965 5341 3080 5394 Ἒτι
3117 5347 3260 5415 μίαν.
3297 5340 3502 5412 πληγὴν
3561 5341 3664 5412 ἐγὼ
3733 5343 3937 5407 ἐπάξω.

2333 5487 2342 5496 ς
2395 5417 2784 5504 (6)18ἄὶ.Ι.ΧΙΥ,
2825 5420 2855 5468 7
2910 5431 2923 5468 :
2979 5413 3337 5488 Ἀπέστρεψαν
3383 5417 3440 5466 τό
3497 5419 3785 5486 πρόσωπόν
3839 5435 3939 5468 σου

2322 5507 2734 5631 έηῦιιὲὶζταεὶε
2753 5555 2976 5614 biblica
3003 5558 3267 5613 Lament.
3297 5572 3370 5622 ιν,
3392 5555 3488 5613 16;
3517 5555 3596 5606 Οὐ
3627 5561 3941 5631 προσθήσει

2320 5628 2531 5698 ἐπιϐλέψ
2539 5649 2592 5680 αι
2622 5627 2813 5687 αὐτοῖς.
