4120 6426
258 353 395 407 1517

1309 347 1400 403 DE
1437 345 1659 404 FESTO
1696 345 2144 406 DORMITIONIS
2185 350 2242 407 S.
2279 352 2537 409 MARUE.

3479 358 3619 415 1518

254 475 314 525 οὑ
364 478 437 547 μή
486 492 612 527 ποτε
686 474 821 546 ὑμᾶς
872 472 1204 546 ἐγκαταλίπω
1257 476 1355 545 (1),
1394 469 1511 526 οὐδ’
1562 472 1849 531 ἀποστήσω

1964 481 2060 533 rat.
2086 498 2112 524 ››
2145 480 2352 549 Itaque
2379 494 2504 534 non
2532 479 2800 549 elongas,
2827 479 2935 536 sed
2961 480 3093 536 haec
3113 497 3249 553 quae
3272 482 3620 541 innumera-

254 564 314 614 τὸ
338 563 475 624 ἔλεός
506 582 607 636 μου
649 561 732 637 ἀφ’
774 564 915 636 ὑμῶν
946 562 1047 637 (2),
1102 560 1198 616 διὰ
1248 566 1464 637 Μητέρα
1512 567 1603 614 καὶ
1650 564 1847 635 Παρθέ-

250 670 335 703 νον
387 648 437 705 ἰν
494 656 717 714 ἱκεσίαις
780 651 859 704 ἀεὶ
912 654 972 704 τό
1026 653 1297 726 συμπαθὲς
1355 653 1554 727 θερμως
1607 649 1850 703 ἐκκαλου-

252 746 429 815 μένην.
464 763 485 791 ι
528 746 710 795 Τοίνυν
745 737 866 794 οὐδ’
920 740 1148 814 ἁφιστᾴς
1205 763 1218 775 ·
1277 739 1385 794 ἀλλ’
1429 739 1597 793 ἐκεῖνα
1632 739 1848 793 κάνταῦ-

256 833 323 897 θα
375 835 546 885 πάντα
597 829 796 904 σχεδὸν
849 832 978 905 όμοῡ
1021 834 1088 885 τὰ
1134 834 1296 885 πάλαι
1352 831 1725 904 θρυλλούμενα·
1780 831 1848 882 ὧν

250 925 343 972 καὶ
397 921 424 972 ὁ
479 920 628 992 λόγος
668 919 937 981 προλαϐὼν
1003 919 1234 992 ἐμνήσθη
1293 908 1384 973 καὶ
1434 919 1657 982 καθεξῆς
1692 918 1849 971 πλείω

248 1010 562 1084 προστίθης,
602 1011 669 1072 ὡς
699 1015 789 1062 καὶ
826 1006 992 1082 μηδεν
1031 1008 1238 1063 ἔλαττον
1284 1007 1340 1061 ἐκ
1382 1018 1481 1061 τῶν
1529 1016 1616 1061 νῦν
1664 1007 1694 1066 ἣ
1751 1015 1849 1060 τῶν

1959 560 2103 618 bilia
2133 565 2463 636 antiquitus
2477 567 2776 623 celebrata
2794 573 2936 624 sunt
2954 573 3011 625 et
3039 569 3226 627 modo
3246 587 3619 629 commemo-

1957 650 2112 707 ravit
2142 668 2340 710 sermo
2402 671 2570 711 meus
2593 654 2937 713 etiamnunc
2988 657 3331 716 labentibus
3381 661 3619 717 saeculis

1961 755 2215 796 renovas
2231 743 2685 816 etmultiplicas,
2700 751 2764 800 ut
2791 745 2938 801 nihil
2959 748 3179 814 minus,
3200 764 3409 804 verum
3436 752 3614 807 etiam

1962 829 2155 897 magis
2179 846 2340 886 nunc
2356 848 2546 904 quam
2575 833 2737 899 olim,
2760 840 2972 905 potens
3004 835 3362 905 gloriﬁcetur
3393 855 3615 895 manus

1962 923 2081 973 tua.
2109 922 2222 974 Nos
2256 936 2398 991 ergo
2431 939 2644 978 sumus
2695 923 2959 995 populus
3014 924 3459 998 misericordiae,
3502 944 3613 1000 pro

1964 1007 2178 1077 pietate
2195 1016 2516 1080 patronam
2536 1017 2595 1067 et
2612 1011 2963 1068 advocatam
2984 1014 3278 1070 habentes
3291 1015 3612 1086 Virginem.

251 1097 435 1166 πάλαι,
512 1098 681 1170 πολλῷ
762 1096 821 1155 δὲ
889 1098 1102 1173 μᾶλλον,
1159 1104 1253 1156 τὴν
1300 1103 1393 1157 σὴν
1444 1097 1808 1170 θαυμάζεσθαι
1858 1098 2112 1170 κραταιὰν
2163 1104 2342 1171 χεῖρα.
2415 1105 2515 1152 Καὶ
2579 1107 2705 1171 ’γοῦν
2756 1120 2908 1174 εσμεν
2952 1105 3082 1175 ὡμεῖ
3160 1103 3283 1165 λαός
3335 1104 3610 1177 ἠλημένος,

250 1191 489 1260 χορηγόν
508 1196 608 1240 τῶν
636 1188 918 1263 οἰκτιρμῶν
950 1189 1111 1247 αὐτὴν
1139 1193 1353 1260 ὀχοντες
1379 1192 1472 1246 τὴν
1496 1188 1772 1261 Παρθένον.

326 1276 467 1329 Ἐπεὶ
505 1273 566 1330 δὲ
619 1278 762 1329 τοῦτ’
815 1276 988 1350 ἐσμὲν,
1054 1274 1161 1330 ἔδει
1215 1280 1306 1349 μεν
1364 1278 1521 1349 ὑμᾶς,
1569 1272 1609 1327 ὦ
1660 1282 1749 1327 νῦν
1797 1292 1852 1326 τε

253 1368 503 1439 παρόντες
555 1371 645 1418 καὶ
708 1373 819 1429 τοῖς
869 1372 1081 1442 χρόνοις
1143 1365 1358 1439 ὕστερον
1419 1369 1752 1437 συνεσόμενοι
1780 1370 1850 1433 τῷ

253 1452 388 1526 λόγῳ
441 1455 663 1516 (πάντως
725 1458 824 1528 γὰρ
886 1451 1002 1508 οὐδ’
1060 1455 1192 1527 ὑμᾶς
1236 1458 1357 1517 τοὺς
1417 1455 1530 1526 μεθ’
1572 1456 1714 1526 ἡμᾶς
1769 1451 1853 1504 ἁν-

258 1544 496 1617 θρωπους
564 1542 816 1616 ἐπιλείψει
878 1546 945 1595 τὰ
1047 1543 1333 1616 θαύματα),
1417 1548 1507 1595 καὶ
1596 1547 1855 1616 χρήματα

254 1633 425 1683 πάντα
505 1637 812 1706 προσφέρειν
893 1652 985 1685 και
1064 1638 1409 1706 καρποφορεῖν
1481 1633 1651 1685 πάντα
1721 1632 1853 1704 πρά-

2029 1272 2198 1329 Tales
2250 1291 2386 1332 cum
2412 1277 2625 1336 simus.
2654 1282 2889 1351 oportet
2909 1294 3039 1345 vos,
3070 1279 3192 1335 sive
3220 1281 3326 1353 qui
3345 1298 3509 1337 nunc
3537 1281 3621 1338 vi-

1959 1361 2115 1432 vitis,
2139 1362 2263 1419 sive
2291 1365 2396 1437 qui
2428 1366 2939 1438 subsequentibus
2952 1368 3327 1441 temporibus
3355 1370 3417 1425 in
3431 1370 3616 1427 ﬁnem

1960 1451 2142 1506 futuri
2181 1460 2319 1508 sunt
2339 1452 2542 1528 (nullis
2573 1456 2732 1510 enim
2762 1456 3113 1511 hominibus
3142 1458 3315 1512 vobis
3337 1474 3460 1514 non
3491 1474 3616 1515 ma-

1962 1541 2050 1608 gis
2067 1556 2138 1595 ac
2186 1540 2361 1597 nobis
2418 1543 2707 1599 miracula
2731 1544 3002 1615 deerunt)
3030 1560 3127 1600 res
3154 1562 3367 1602 omnes
3401 1547 3617 1604 offerre

1967 1631 2082 1685 Deo
2106 1636 2163 1686 et
2189 1630 2411 1688 fructus
2430 1634 2745 1689 universos
2802 1650 3075 1707 operum,
3113 1650 3189 1691 ne
3215 1653 3335 1693 uno
3365 1637 3615 1708 quidem

253 1739 450 1794 γματα,
510 1717 838 1794 φειδομένους
907 1717 1134 1794 μηδενός
1205 1729 1272 1794 ῷν
1328 1724 1537 1794 ἔχομεν,
1592 1727 1673 1772 ὅτι
1719 1713 1852 1792 μηδ’

1964 1718 2038 1775 de
2066 1717 2291 1792 iisquae
2324 1721 2705 1793 possidemus
2734 1729 3056 1789 reservato,
3088 1740 3227 1780 cum
3261 1724 3409 1781 nihil
3437 1726 3616 1782 nobis

254 1810 401 1882 ἡμῶν
504 1806 658 1863 οὐδὲν
744 1807 904 1876 ἴδιον,
962 1809 1072 1863 ἀλλ’
1134 1811 1254 1864 ὅσον
1310 1808 1370 1862 ἂν
1431 1813 1852 1893 προσενέγκωμει

255 1899 593 1973 ἀπειληφότες
661 1903 961 1973 κομίζομεν.
1038 1904 1140 1953 Καὶ
1194 1896 1421 1954 ἀπόδοτε
1478 1905 1599 1965 πᾶς,
1666 1898 1710 1951 εἰ
1764 1903 1856 1951 καὶ

258 1994 329 2062 μὴ
393 1990 452 2041 τὸ
492 1995 614 2057 πᾶν,
672 1988 779 2042 ἀλλ’
810 1991 932 2042 ὅσον
962 1994 1034 2062 μὴ
1084 1998 1180 2052 τῆς
1234 1990 1611 2063 προσηκούσης
1667 1987 1851 2059 εὐγνω-

255 2080 491 2152 μοσύνης
512 2074 685 2132 δοκεῖν
715 2078 960 2143 καθάπαξ
1013 2078 1394 2151 ἀπολελεῖφθαι.
1451 2076 1510 2131 Ὀ
1562 2074 1622 2131 δὲ
1674 2082 1853 2150 παρὼν

199 2160 207 2165 ’
257 2167 315 2220 οὗ
372 2176 525 2221 τοῦτο
573 2164 819 2240 βούλεται
869 2166 1040 2239 λόγος,
1120 2165 1229 2219 ἀλλ’
1299 2166 1467 2243 ἕτερον
1522 2169 1712 2241 τρόπον
1757 2170 1853 2223 τὴν

256 2254 604 2333 προσαγωγὴν
634 2254 762 2309 εἶναι
796 2277 808 2289 ·
848 2259 967 2308 τίνα
1004 2252 1072 2314 δὴ
1131 2262 1312 2307 ⁸τοῦτον
1362 2274 1380 2327 ς
1433 2255 1641 2326 ὕμνους,
1694 2254 1854 2326 εὐχα-

254 2350 481 2421 ριστίαν,
548 2347 615 2398 τὰ
657 2341 858 2398 δυνατὰ
901 2351 1054 2415 πᾶσι,
1112 2346 1311 2407 πάντας
1366 2342 1714 2413 ἀποτιννύναι,
1768 2342 1855 2394 λά-

255 2434 410 2487 λιστα
443 2438 532 2507 μὲν
561 2454 652 2487 και
679 2436 816 2487 κατὰ
870 2437 1040 2486 πάντα
1087 2438 1297 2508 χρόνον,
1351 2433 1441 2486 οἶτε
1488 2438 1579 2486 καὶ
1623 2434 1716 2494 τὰς
1767 2431 1856 2485 εὐ-

258 2530 499 2597 εργεσίας
548 2526 686 2576 κατὰ
757 2524 929 2577 πάντα
996 2525 1177 2575 τούτον
1232 2522 1602 2595 κομιζομένους
1651 2543 1662 2555 ·
1715 2522 1760 2574 εἰ
1803 2518 1854 2575 δ’

257 2610 346 2667 οὖν
617 2622 770 2666 τοῦτο
835 2616 927 2685 μὲν
979 2613 1052 2674 εἰς
1137 2618 1347 2685 γνώμην
1416 2611 1557 2684 ὑμῶν
1610 2609 1850 2682 ἀνεῖται),

258 2701 365 2756 ἀλλ’
396 2703 423 2754 ὃ
449 2722 506 2775 γε
540 2711 628 2756 νῦν
658 2704 808 2773 ἡμεῖς
834 2703 1086 2756 θεσπίσαι
1125 2696 1233 2763 δεῖς
1261 2704 1500 2774 ἔγνωμεν.

321 2976 438 3031 Μὴν
505 2973 597 3045 μὲν
644 2971 793 3033 οὗτος
851 2966 960 3029 ἠδη
1017 2971 1291 3044 προσάγει,
1348 2970 1468 3023 καθ’
1521 2969 1575 3022 ὃν
1638 2973 1698 3023 τό
1754 2979 1850 3032 τῆς

250 3065 567 3134 κοιμήσεως,
662 3063 829 3113 εῖτουν
919 3060 1287 3132 μεταστάσεως
1367 3060 1467 3131 (3),
1516 3059 1547 3118 ἣ
1598 3063 1727 3134 πρὸς
1760 3062 1847 3112 τὸν
1877 3071 1915 3124 c

250 3152 369 3204 Υἰόν
408 3151 459 3203 ἐν
506 3149 740 3224 οὐρανοῖς
794 3144 1044 3222 ἑνδημίας
1089 3148 1191 3219 (4),
1240 3149 1270 3207 ἦ
1339 3150 1367 3201 ὅ
1417 3169 1471 3201 τι
1532 3152 1736 3200 τοιοῦτό
1774 3169 1849 3211 τις

251 3242 418 3316 ἓτερον
488 3242 584 3297 τὴν
627 3238 807 3311 ἑορτὴν
883 3235 1128 3313 βούλοιτο
1178 3237 1361 3309 λέγειν,
1421 3237 1687 3310 ἐνεργηθὲν
1736 3243 1852 3310 φαί-

248 3348 391 3381 νεται
449 3336 509 3401 τῇ
586 3328 828 3401 Παρθένω
874 3347 887 3360 ·
950 3346 1042 3379 και
1115 3327 1289 3399 ἡμεῖς,
1336 3325 1451 3378 κατ’
1517 3329 1626 3387 ἔθος
1688 3327 1849 3380 πάλαι

248 3425 543 3492 κρατῆσαν,
606 3422 654 3468 ἐν
707 3420 806 3488 μιᾷ
857 3412 924 3473 δὴ
993 3435 1096 3467 τινι
1137 3424 1238 3467 τῶν
1280 3417 1504 3489 ἡμερῶν,
1565 3420 1699 3490 μέση
1760 3424 1851 3468 τοῦ

248 3509 434 3578 μηνὸς,
509 3503 951 3579 πανηγυρίζομεν,
1009 3508 1224 3577 νηστείᾳ
1269 3506 1359 3564 τὰς
1407 3507 1504 3578 πρὸ
1563 3504 1727 3567 αὐτῆς
1773 3505 1852 3576 (5)

248 3598 497 3671 πρότερον
551 3593 899 3666 ἁγνισθέντες.
961 3595 1118 3665 Κάγὼ
1167 3597 1253 3645 τόν
1294 3600 1383 3653 τῆς
1435 3599 1658 3655 νηστίας
1708 3592 1850 3645 ἐπαι-

246 3691 344 3736 νῶν
368 3689 542 3756 νόμον,
575 3682 634 3735 οὗ
672 3684 807 3736 πάνυ
863 3701 915 3733 τι
971 3684 1031 3735 τὸ
1082 3681 1260 3734 λοιπόν
1305 3677 1663 3754 ἀποδέχομαι,
1727 3685 1851 3754 μίαν

248 3777 410 3846 μόνην
441 3771 909 3848 ἀποκεκληρῶσθαι
948 3778 1011 3845 τῇ
1053 3773 1340 3846 πανηγύρει
1395 3774 1526 3843 πρὸς
1572 3773 1664 3832 τὰς
1715 3790 1851 3823 παν-

247 3862 449 3935 νῦχους
482 3857 748 3936 ὑμνῳδίας
782 3862 998 3936 ἡμὲραν.
1061 3859 1216 3914 Ἀλλά
1279 3879 1361 3912 τοι
1412 3863 1532 3932 μίαν
1578 3857 1708 3912 εἶναι
1757 3863 1851 3918 τὴν

248 3944 445 4027 ἑορτὴν,
512 3950 590 4024 ἐφ’
670 3950 792 4013 ὅλας
853 3951 1194 4026 μεριζομένην
1252 3951 1343 4011 τὰς
1397 3947 1487 4002 ἀπ’
1533 3947 1705 4024 ἀρχῆς
1759 3956 1852 4002 τοῦ

248 4044 409 4114 μηνός
460 4045 624 4116 μέχρι
688 4047 785 4103 τῆς
857 4046 944 4091 νῦν
1013 4036 1360 4113 διαφερόντως
1419 4057 1479 4109 γε
1534 4043 1848 4112 τιμωμένης,

248 4136 340 4183 καὶ
393 4126 462 4190 δὴ
520 4137 608 4191 νῆς
653 4129 971 4198 τελευταίας,
1028 4136 1179 4180 τοῦτο
1240 4124 1349 4180 δεῖν
1397 4125 1567 4201 οἶμαι,
1623 4127 1719 4179 κάν
1780 4136 1853 4198 τῷ

247 4224 470 4294 παρόντι
553 4206 814 4292 βόύλομαι
873 4219 1241 4289 νομοθετῆσαι.
1304 4218 1405 4269 Καὶ
1468 4223 1573 4279 πᾶς
1621 4236 1696 4278 τις
1750 4219 1851 4270 πάν

246 4328 354 4371 τως
420 4311 505 4361 τὸν
575 4313 729 4381 νόμον
800 4303 904 4383 ἓρεῖ
985 4302 1211 4372 δίκαιον,
1291 4306 1316 4357 ό
1359 4310 1451 4357 καὶ
1498 4313 1677 4367 ποσῶς
1727 4297 1881 4377 γοῦν²

323 4434 399 4506 (1,)
432 4436 743 4506 Deuteron.
780 4447 930 4506 xxxi,
964 4435 995 4488 6
1035 4448 1055 4506 :_
1109 4434 1385 4506 OJ‘rcAgn'A
1412 4450 1468 4483 σε
1508 4428 1637 4506 εὰνῇ,
1659 4430 1707 4502 (ὁ
1741 4432 1850 4483 Κύ-

246 4500 407 4580 ριος),
438 4504 555 4580 ορτε
603 4506 674 4577 μή
716 4516 796 4580 ’σε
821 4579 824 4580 ν
846 4502 1191 4580 ᾆγκαταλίπη.
1245 4500 1327 4560 Cf.
1359 4500 1547 4558 Paral.
1584 4500 1618 4569 i,
1650 4500 1851 4570 xxvm,

246 4575 428 4634 '20.—
455 4575 648 4648 Supra
678 4591 737 4648 p.
774 4578 893 4639 119,
935 4590 994 4629 n.

254 4646 615 4747 f_§2)u-E:at;al.
644 4650 683 4717 l,
705 4661 842 4713 XVII,
872 4648 933 4702 13
964 4662 977 4699 :
1001 4649 1059 4697 τό
1089 4643 1226 4707 ἔλεός
1274 4664 1375 4717 μου
1433 4643 1527 4697 οὐκ
1567 4641 1854 4702 ἀποστήσω

250 4738 762 4864 πβῗιῧῖιῗόωᾳυθ
794 4802 1017 4864 nomen
1027 4788 1320 4864 reperitur
1340 4786 1855 4864 deAss‘umptione

252 4855 448 4919 Mariae
484 4855 841 4933 usurpatum
869 4875 882 4914 :
915 4857 989 4933 cf.
1027 4855 1278 4933 Morcelli
1332 4855 1732 4914 Calendarum
1776 4855 1855 4913 ad

251 4935 314 4992 d.
353 4949 430 4989 xv
467 4947 565 5003 ag.
594 4928 663 4973 -ἒ
686 4929 830 4986 Vide
862 4928 1177 5003 Addenda.

324 5004 403 5074 (4)
432 4996 538 5061 Sit?
545 5003 801 5079 codices.
826 5000 1174 5079 Cogitabam
1197 4998 1674 5079 derescribendo
1698 4996 1855 5079 ἐκὸξη-

251 5070 397 5149 μιας,
419 5073 588 5149 quod
612 5074 832 5146 saepius
866 5070 941 5149 de
975 5075 1175 5149 morte
1181 5070 1314 5149 fuit
1336 5070 1740 5149 metaphorice
1764 5070 1854 5149 di:

251 5140 416 5205 ctum
431 5140 574 5215 {sed
600 5140 977 5213 me'retraxit,
998 5158 1122 5198 non
1140 5140 1453 5215 Clementis
1473 5140 1857 5215 Alexandrini

249 5212 619 5283 locusquem
653 5216 922 5272 exhibuit
945 5214 1258 5270 interalios
1293 5212 1452 5269 hanc
1478 5212 1853 5283 signiﬁcatio-

251 5305 393 5366 nem
386 5284 820 5366 illustratum:
832 5285 1187 5366 virdoctiss;
1208 5284 1447 5366 Anal._t.
1486 5285 1623 5366 lilii,
1647 5299 1707 5366 ρ.
1729 5288 1852 5366 62Ξξ,

254 5360 364 5417 sed
385 5358 546 5431 Pauli
562 5359 761 5431 potius
780 5358 959 5431 Epist.
969 5355 1128 5431 _Il_ad
1149 5356 1277 5412 Cor.
1302 5371 1357 5431 v_,
1384 5359 1415 5410 8
1439 5372 1452 5409 :
1489 5351 1773 5430 θαῤῥοῧμεν
1797 5351 1857 5408 δέ

253 5437 344 5485 καὶ
382 5425 696 5503 εὐδοκουμεν
732 5425 922 5502 μᾶλλον
956 5425 1268 5503 ,ἐκδημῆσαι
1312 5425 1377 5503 ἐκ
1424 5435 1515 5503 τοτξ
1554 5425 1807 5500 ’σώματος
1841 5445 1853 5479 :

254 5508 343 5575 καὶ
380 5497 682 5575 ἐνδημῆσαι
733 5497 883 5575 ’πρὸς
913 5502 999 5575 τὸν
1046 5497 1255 5575 Κῦρ-ιον.
1311 5497 1859 5575 [ιι-,ορῖετᾶὼωειιθ

254 5523 343 5556 και
380 5523 503 5560 ενση
550 5523 682 5563 ησαι
741 5523 871 5575 προς
913 5523 999 5552 τον
1049 5523 1255 5573 nuptam
1311 5523 1376 5552 ιιι
1428 5523 1859 5570 epigrammate

253 5573 461 5649 (Anth.
502 5523 731 5649 ὅθι-ιιι,
761 5573 813 5643 5)
850 5568 1645 5649 de_C}-esphonte_displicet
1672 5575 1860 5649 meta-

254 5639 573 5718 phoricum
583 5643 647 5700 id
674 5639 900 5700 nomen
924 5639 1178 5714 ἐκδημῖα,
1199 5641 1367 5714 quod
1386 5640 1449 5697 in
1469 5639 1761 5698 lemmate
1780 5639 1858 5697 le-

1886 4430 1925 4481 D
1961 4429 2137 4498 gitur'

1963 1809 2276 1880 proprium
2298 1809 2390 1872 sit,
2419 1810 2525 1866 sed
2569 1817 2866 1884 quantum
2889 1810 3198 1868 offerimus
3228 1814 3436 1881 omnia
3459 1830 3616 1871 rece-

1963 1895 2246 1968 perimus.
2273 1900 2483 1954 Totum
2501 1915 2644 1970 ergo
2669 1901 2827 1970 date,
2846 1905 2903 1956 et
2931 1900 3114 1956 sinon
3129 1907 3344 1971 totum,
3378 1909 3438 1958 at
3458 1908 3616 1960 certe

1964 1990 2195 2041 tantum
2218 1993 2411 2043 utnon
2428 1988 2750 2045 videamini
2764 1990 2982 2046 debitae
2995 1991 3373 2060 gratitudinis
3402 1992 3613 2049 imme-

1960 2092 2180 2132 mores.
2226 2076 2495 2134 Praesens
2516 2085 2717 2135 autem
2758 2096 2955 2136 sermo
2975 2095 3100 2136 non
3130 2081 3244 2137 hoc
3274 2081 3470 2138 solum
3502 2082 3617 2138 sibi

1962 2164 2104 2229 vult,
2151 2165 2254 2221 sed
2290 2166 2544 2224 alterum
2590 2168 2847 2224 intendit
2890 2168 3140 2225 modum
3183 2170 3511 2227 accedendi
3536 2171 3617 2228 ad

1966 2254 2177 2309 Deum.
2219 2255 2333 2310 Sed
2361 2256 2501 2328 quis
2523 2261 2614 2313 est
2641 2256 2736 2312 ille
2761 2257 2981 2313 modus
3000 2258 3028 2313 ?
3049 2256 3272 2315 scilicet
3287 2259 3466 2332 ‘quod
3490 2277 3618 2317 om-

1963 2356 2069 2397 nes
2109 2345 2341 2400 solvant
2370 2344 2656 2417 hymnos,
2699 2347 3030 2417 gratiarum
3073 2347 3356 2415 actiones,
3392 2348 3616 2419 singuli

1963 2432 2166 2488 omnia
2198 2449 2335 2506 quae
2359 2441 2635 2508 possunt,
2650 2436 2980 2508 praesertim
3009 2451 3117 2503 per
3140 2452 3320 2493 omne
3351 2438 3618 2509 spatium

1962 2522 2269 2593 temporis,
2301 2538 2441 2578 cum
2472 2524 2533 2578 in
2558 2524 2808 2593 singulis
2826 2525 2954 2580 vitae
2975 2525 3297 2582 momentis
3323 2525 3620 2586 beneficia

1963 2606 2293 2682 accipimus
2330 2611 2750 2668 indesinenter.
2784 2616 2849 2668 Et
2884 2628 3047 2668 nunc
3077 2629 3213 2669 cum
3237 2614 3395 2670 istud
3435 2630 3616 2672 omne

1962 2700 2041 2755 ad
2067 2705 2328 2756 vestram
2348 2701 2684 2758 doctrinam
2705 2701 3051 2759 dedicatum
3075 2703 3169 2773 sit,
3198 2703 3422 2776 optime
3445 2705 3614 2760 novi-

1962 2805 2097 2844 mus
2128 2796 2184 2846 et
2205 2789 2590 2861 intelligimus
2614 2790 2923 2847 decretum
2954 2790 3087 2847 festi
3112 2806 3150 2848 a
3178 2791 3354 2848 nobis
3383 2792 3617 2849 traden-

1961 2877 2109 2933 dum
2156 2894 2305 2934 esse.
2412 2941 2417 2946 _

2034 2967 2325 3039 Equidem
2359 2968 2487 3039 jam
2513 2968 2696 3025 instat
2732 2968 2959 3024 mensis
2976 2968 3072 3025 ille
3097 2971 3159 3026 in
3183 2986 3305 3044 quo
3332 2970 3618 3028 divinitus

1962 3060 2266 3128 patratum
2297 3056 2359 3112 in
2380 3057 2612 3127 Virgine
2634 3057 2974 3114 declaratur
2994 3060 3350 3132 mysterium
3380 3061 3612 3131 mortis,

1963 3162 2068 3200 seu
2123 3145 2679 3216 transmigrationis,
2745 3162 2851 3202 seu
2899 3148 3291 3204 habitationis
3346 3148 3409 3205 in
3452 3148 3617 3205 coelis

1961 3235 2124 3307 apud
2159 3234 2385 3301 Filium,
2410 3250 2514 3290 seu
2544 3234 2677 3291 festi
2699 3235 2877 3306 hujus
2905 3235 3024 3292 alio
3054 3238 3256 3292 nescio
3273 3253 3397 3310 quo
3414 3237 3616 3295 adhuc

1960 3323 2226 3391 nomine,
2251 3324 2300 3379 si
2325 3325 2460 3396 quis
2483 3324 2641 3393 velit,
2675 3325 3009 3398 nuncupati
3033 3343 3045 3380 :
3070 3336 3127 3382 et
3154 3342 3268 3381 nos
3287 3326 3459 3397 juxta
3484 3343 3616 3383 mo-

1960 3430 2087 3469 rem
2125 3413 2453 3485 antiquitus
2483 3415 2894 3484 constitutum,
2916 3415 2977 3470 in
3008 3431 3130 3471 una
3160 3415 3395 3471 dierum
3430 3416 3613 3472 medii

1959 3503 2143 3573 hujus
2167 3502 2389 3558 mensis
2405 3502 2625 3559 festum
2645 3503 3021 3559 celebramus
3038 3503 3269 3576 jejunio
3290 3505 3456 3577 prius
3482 3519 3616 3561 san-

1961 3590 2229 3648 ctiﬁcatis
2254 3590 2470 3646 diebus
2500 3608 2637 3663 quae
2670 3590 3035 3664 praacedunt.
3056 3594 3176 3663 Ego
3211 3609 3376 3654 vero,
3400 3593 3614 3675 j‘ejunii

1956 3689 2151 3753 legem
2172 3681 2431 3737 laudans
2457 3687 2513 3738 et
2529 3683 2899 3755 approbans,
2921 3700 3042 3739 non
3057 3698 3345 3753 magnum
3363 3683 3511 3755 quid
3520 3684 3612 3754 ju-

1959 3771 2093 3827 dico
2134 3787 2317 3827 unam
2345 3770 2505 3827 diem
2535 3771 2715 3827 fuisse
2741 3772 2819 3828 ad
2862 3772 3077 3828 festum
3092 3774 3478 3833 constitutam
3502 3789 3612 3844 pro

1958 3859 2265 3916 nocturnis
2286 3858 2651 3931 psalmodiis.
2691 3861 2804 3917 Sed
2831 3860 3009 3916 credo
3037 3877 3222 3916 unam
3251 3877 3380 3917 esse
3408 3862 3613 3917 obser—

1959 3949 2223 4006 vandam
2252 3948 2586 4005 festivitatis
2626 3949 2806 4014 diem,
2837 3950 3108 4005 medium
3141 3956 3435 4006 tenentem
3463 3950 3615 4007 inter

1959 4055 2171 4095 omnes
2184 4054 2321 4111 qua:
2354 4044 2494 4094 sunt
2520 4039 2858 4111 aprincipio
2886 4040 3108 4095 mensis
3138 4055 3331 4112 usque
3360 4039 3436 4095 ad
3456 4040 3612 4096 hanc

1958 4144 2096 4201 quae
2128 4127 2335 4182 ultimo
2361 4127 2747 4186 excellentius
2780 4133 2871 4183 est
2898 4127 3262 4185 celebranda
3287 4132 3344 4184 et
3369 4128 3431 4183 in
3464 4144 3613 4200 prae-

1960 4216 2111 4273 senti
2152 4216 2336 4286 hujus
2401 4215 2597 4285 legem
2637 4221 2895 4272 statuere
2946 4217 3106 4273 volo.
3140 4220 3206 4273 Et
3229 4217 3387 4273 hanc
3415 4217 3612 4287 legem

1954 4308 2182 4379 justam
2214 4304 2458 4361 habebit
2486 4306 2834 4379 quicunque
2866 4305 2959 4362 vel
2986 4304 3305 4362 minimum
3330 4305 3616 4376 intelliget

2228 4429 2254 4480 6
2320 4427 2358 4480 ε’
2416 4432 2587 4497 (κίων)
2681 4430 2795 4499 ἔχει
2891 4433 3232 4505 Κρησφόντην
3308 4429 3617 4554 ἁναὲροῦντα

2228 4519 2288 4554 ην
2372 4505 2463 4550 τοῦ
2534 4503 2740 4554 Πατρός
2808 4503 2894 4551 τόν
2971 4499 3140 4554 φονέα·
3208 4503 3322 4553 ἔστι
3435 4505 3458 4552 'e
3524 4505 3617 4553 καὶ

1962 4500 2325 4573 Πολυφόντην,
2372 4505 2463 4550 τοῦ
2534 4503 2740 4573 Πατρός
2808 4503 2894 4551 τόν
2934 4499 3140 4573 ’φονέαο
3208 4503 3322 4553 ἔστι
3396 4499 3458 4554 δὲ
3524 4505 3617 4553 καὶ

1960 4569 2173 4645 Μεροπη
2263 4569 2484 4645 ϐάκτρον
2563 4569 2896 4646 κατέχουσα,
2977 4569 3065 4624 καὶ
3158 4580 3483 4646 συνεργοῦσα
3544 4580 3615 4642 τῷ

1960 4639 2056 4724 υἱῲ
2088 4644 2247 4724 ’πρ-ὸς
2284 4639 2507 4724 ripa-3013
2772 4639 3051 4724 ἐκδημίαν.
3088 4639 3355 4724 Languét
3378 4639 3614 4724 niuium

1960 4713 2053 4770 vel
2085 4713 2480 4787 in'lemmatis
2514 4713 2781 4787 oratione
2818 4713 3304 4787 et_impr0prium
3341 4714 3491 4787 quid
3524 4730 3615 4787 so-

1960 4790 2064 4841 nat
2107 4800 2221 4859 vox
2248 4780 2496 4859 ᾇκδ-ημία.
2540 4785 2681 4850 Quae
2699 4784 2808 4859 fuit
2835 4784 2977 4859 olim
2997 4780 3324 4859 "proposita
3349 4780 3385 4841 ὅ.
3413 4785 3614 4859 critico
3662 4826 3667 4833 .

1961 4855 2476 4924 excellentissimo,
2540 4856 2822 4911 correctio
2852 4855 3090 4929 ζημία,
3125 4855 3411 4912 ’ωθηιθω
3465 4856 3607 4929 scri-

1961 4929 2145 5000 ptoris
2192 4932 2470 5000 assecuta
2494 4932 2612 5000 _es_t,
2650 4941 2771 4982 non
2808 4928 3170 4999 ejus'ipsam
3208 4943 3479 4982 manum.
3514 4928 3616 4981 De-

1960 4993 2150 5062 derat,
2181 4999 2456 5070 opineor,
2487 4993 2727 5070 ἐκδικίαν

2029 5071 2108 5141 (5)
2137 5067 2485 5141 Anastasius
2518 5069 2742 5125 Sinaita
2769 5070 2857 5124 De
2887 5069 3083 5141 tribus
3116 5067 3611 5141 quadragesimis,

1959 5141 2021 5197 in
2040 5139 2182 5227 ipso
2211 5139 2331 5226 ﬁne
2360 5158 2373 5195 :
2407 5141 2678 5198 Ἐτυπώθη
2730 5184 2741 5195 .
2765 5183 2777 5194 .
2834 5140 2950 5194 Ἀπ’
2978 5139 3150 5214 ἀρχῆς
3196 5139 3490 5212 αὗγοὺστου
3522 5158 3617 5228 νηῒ

1964 5217 2169 5285 στεύειν
2235 5217 2373 5285 ᾂχρι
2450 5218 2551 5285 τῆς
2594 5217 2945 5285 ΔΚοιριπὲισεως
2990 5222 3114 5285 ,τῆς
3160 5217 3458 5285 Θεοτόκου,
3529 5217 3620 5262 καὶ

1958 5283 2113 5337 πάλιν
2141 5279 2391 5337 διαλύειν.
2414 5279 2741 5355 Sancitum
2763 5290 2854 5338 est
2894 5284 2950 5339 id
2978 5283 3278 5355 jejunium
3319 5284 3376 5337 in
3404 5285 3621 5355 Nomo-

1961 5370 2191 5411 canone
2234 5370 2333 5427 ap.
2394 5352 2569 5409 Cotel.
2606 5356 2865 5427 Monum.
2904 5361 2944 5410 t.
2970 5351 3009 5408 Ι.
3037 5351 3097 5427 p.
3140 5359 3255 5413 I38.
3287 5360 3391 5416 Τᾶς
3424 5351 3483 5406 δέ
3520 5351 3621 5405 ἀπό

1959 5432 2165 5500 πρώτης
2245 5423 2542 5496 αὖγούστου
2599 5423 2753 5476 πᾶλιν
2842 5423 3216 5500 (νηστέὗομεν),
3285 5433 3377 5478 τοῦ
3453 5432 3625 5500 Σωςῆ-

1960 5492 2049 5573 ρος
2103 5493 2198 5549 διὰ
2251 5492 2340 5557 τῆς
2423 5499 2686 5573 Θεοτόκ-ου
2748 5492 3019 5570 κοίμησιν,
3085 5492 3262 5571 ὥσπερ
3298 5499 3470 5573 Δμέγα
3524 5492 3626 5573 δὼς

1962 5566 2225 5696 ρονώρὲο
2260 5572 2463 5650 tamen
2509 5567 2584 5622 de
2606 5566 2843 5640 jejunio
2868 5583 2992 5624 non
3043 5566 3500 5626 consentiebant
3531 5566 3630 5623 vel

1966 5655 2035 5697 or
2105 5656 2141 5696 ο
2190 5655 2312 5697 0x1.

1966 5646 2312 5697 orthodoxi.
