4120 6394
242 363 379 417 1521

1292 369 1382 424 DE
1418 365 1638 426 FESTO
1686 361 2142 424 DORMITIONIS
2179 363 2240 423 S.
2274 364 2538 424 MARUE.

3481 370 3497 426 l
3512 369 3612 426 522

317 484 472 539 Ἀλλα
521 489 626 559 μὴν
685 490 831 560 ἡμῶν
885 496 1047 554 οῦτως
1134 489 1489 565 ἓπεγνωκότων
1558 497 1654 552 τὴν
1720 490 1836 565 ἔορ-

2020 489 2204 546 Nobis
2227 494 2430 547 autem
2450 491 2533 549 ita
2561 491 2636 548 de
2684 489 2978 548 reverenti
3024 489 3425 549 celebratione
3481 493 3613 550 festi

235 579 338 634 τὴν
376 583 627 648 τιμῆσαι,
659 577 690 637 ἦ
727 577 919 651 μᾶλλον
947 583 1036 632 τὸν
1075 599 1263 654 τροπον
1309 589 1490 636 τοῦτον
1545 580 1594 634 ἐν
1643 579 1847 635 πλείοσι

237 672 345 716 τῶν
401 665 604 738 ἣμερῶν
669 669 809 740 ἡμᾶς
887 671 1234 742 καθαγιάσαι,
1315 674 1455 725 ἔστιν
1532 673 1675 732 ὅστις
1754 668 1848 723 οὐκ

240 751 543 814 ἀσπάζεται
593 757 652 808 τό
710 751 1046 830 δεδογμένον,
1106 755 1230 813 οὐδὲ
1284 779 1344 832 γε
1391 761 1670 835 κράτιστον
1719 756 1848 811 εἶναι

241 841 512 916 βούλεται,
560 847 813 918 καὶπρὸς
856 850 948 904 τὴν
999 845 1159 906 ἀκοὴν
1214 848 1364 911 εὐθὺς
1424 847 1701 902 ἀνίσταται
1753 850 1848 905 τὴν

237 931 452 1004 ψυχὴν,
492 934 755 1007 πρόθυμος
805 934 873 987 ὢν
919 940 1126 1011 τρέχειν
1181 943 1272 990 καὶ
1325 936 1578 991 συντελεῖν
1623 942 1725 990 πᾶν
1781 943 1843 1008 τῇ

237 1024 550 1097 πανηγύρει,
600 1027 658 1075 τό
702 1042 764 1095 γε
834 1024 976 1097 αύτῷ
1049 1034 1353 1099 προσῆκον;
1402 1027 1533 1098 Ἐγώ
1594 1025 1684 1099 μέν
1753 1024 1848 1078 οὐκ

237 1128 410 1183 οιμαι·
439 1110 565 1164 ἀλλά
589 1132 669 1165 τοι
730 1118 821 1166 καὶ
866 1114 1162 1168 τούναντίον
1209 1117 1335 1191 ὑπὲρ
1392 1115 1588 1169 πολλῶν
1655 1111 1846 1173 δηλον-

236 1203 323 1252 ότι
387 1208 488 1252 τῶν
543 1201 852 1274 ὀφλημάτων
905 1207 1095 1279 μικρὰν
1147 1205 1176 1264 ἡ
1238 1201 1488 1278 οὐδεμίαν
1543 1200 1672 1258 εἶναι
1749 1207 1843 1262 την

233 1291 435 1342 ἔκτισιν
489 1291 517 1342 ὃ
567 1310 628 1361 ’γε
681 1291 943 1366 φιλέορτος
993 1291 1097 1365 ἐρεῖ
1143 1300 1232 1347 καὶ
1295 1299 1414 1370 περὶ
1444 1301 1532 1348 τοῦ
1589 1296 1842 1368 παρόντος

235 1374 291 1432 εὖ
341 1377 666 1453 ἐσκεμμένοςο
719 1381 832 1454 οἶμα
881 1379 941 1435 δὲ
991 1402 1081 1436 και
1139 1380 1265 1438 οὐδὲ
1317 1385 1601 1458 προσάγειν
1653 1381 1842 1456 μᾶλλον

231 1469 377 1541 ἡμᾶς
414 1470 541 1521 εἶναι
573 1474 725 1542 φήσει
766 1468 919 1524 τόνδε
967 1475 1052 1525 τὸν
1099 1477 1289 1548 τρόπον
1348 1478 1377 1532 ἦ
1446 1472 1682 1545 μεγάλων
1739 1468 1840 1530 δὴ·

233 1578 387 1610 τινων
455 1557 787 1632 ἀξιουμένους
873 1569 1023 1615 εῖναι.
1086 1567 1247 1616 ποίων
1320 1559 1388 1622 δὴ
1467 1562 1840 1634 τούτων;όμι-

231 1647 345 1709 λίας
383 1655 537 1720 Θεοῦ,
591 1655 862 1713 κοινωνίας
911 1649 1141 1724 ἀγγέλων
1195 1656 1290 1705 σὺν
1343 1653 1468 1726 ἡμῖν
1525 1653 1837 1725 ὑμνούντων,

233 1736 536 1791 ἀποστόλων
607 1745 897 1814 συρφωνίας
999 1741 1112 1814 μεθ’
1219 1743 1366 1811 ἡμῶν
1467 1741 1836 1814 ἑορταζόντων,

1959 579 2204 649 edoctis,
2256 581 2351 638 vel
2379 583 2575 656 potius
2601 583 2675 638 de
2708 582 2892 638 modo
2919 598 3040 656 quo
3081 583 3282 654 plures
3322 583 3432 641 has
3484 585 3614 641 dies

1958 671 2424 729 sanctificandas
2435 672 2752 741 habemus,
2775 672 2820 728 si
2845 673 2979 745 quis
3002 672 3159 727 male
3174 672 3369 728 ferens
3387 673 3500 730 hoc
3515 674 3617 730 de-

1956 762 2183 815 cretum
2214 759 2483 834 illudque
2519 761 2767 816 maximi
2796 761 3086 817 momenti
3104 761 3384 831 judicans
3411 763 3612 820 statim

1955 850 2298 920 temereque
2325 849 2406 905 ad
2457 848 2800 906 obedientia
2836 850 3095 905 retrahat
3115 849 3383 906 animam
3413 868 3608 918 suam,

1956 935 2200 1010 zeloque
2248 937 2536 1011 praecipiti
2587 940 2920 995 concitatus
2973 940 3157 995 linem
3215 939 3610 996 solemnitatis

1956 1025 2180 1084 ambiat
2212 1031 2270 1083 et
2287 1025 2526 1083 festinet
2545 1028 2604 1083 in
2620 1027 3001 1094 celebrando,
3016 1027 3161 1084 illud
3179 1029 3476 1101 numquid
3492 1029 3608 1102 ipsi

1956 1117 2246 1190 profectui
2276 1117 2437 1174 erit?
2468 1121 2592 1188 Ego
2623 1134 2746 1174 non
2773 1119 3024 1191 opinor:
3052 1119 3158 1174 sed
3188 1135 3219 1175 e
3255 1127 3462 1176 contra
3487 1135 3607 1176 cer-

1955 1211 2084 1263 tum
2109 1211 2203 1263 eet
2225 1221 2442 1279 parum
2461 1208 2552 1262 vel
2578 1207 2723 1262 nihil
2753 1207 3079 1264 multorum
3109 1208 3451 1264 debitorum
3475 1225 3608 1265 suo-

1953 1311 2089 1352 rum
2116 1296 2317 1368 ipsum
2348 1285 2478 1353 esse
2517 1297 2875 1362 soluturum,
2903 1297 3069 1370 quod
3099 1297 3276 1353 faciet
3306 1296 3455 1355 fecta
3480 1297 3611 1354 dili-

1954 1399 2103 1454 gens
2127 1389 2182 1441 et
2206 1384 2502 1458 imprimis
2523 1401 2594 1441 ac
2619 1391 2976 1458 praesentem
2995 1385 3433 1443 solemnitatem
3454 1386 3608 1444 bene

1951 1473 2282 1545 dispositus
2309 1473 2522 1530 :simul
2545 1480 2748 1531 autem
2801 1473 3004 1531 testari
3046 1476 3262 1547 poterit
3296 1475 3392 1530 ille
3439 1475 3608 1548 quod

1949 1576 2062 1618 nos
2099 1562 2201 1635 qui
2236 1565 2595 1619 accedemus
2628 1564 2800 1635 juxta
2821 1565 2998 1620 ritum
3037 1564 3268 1619 huncce
3294 1568 3605 1630 statutum,

1951 1650 2244 1722 majorum
2266 1651 2668 1724 quorumdam
2698 1652 2991 1708 bonorum
3004 1652 3219 1706 erimus
3245 1651 3428 1724 digni.
3452 1653 3606 1718 Quo-

1951 1740 2266 1796 rumnam?
2287 1741 2765 1797 Conversationis
2791 1741 2910 1806 Dei,
2930 1740 3224 1797 societatis
3251 1739 3605 1810 angelorum

232 1829 438 1880 πάντων
493 1835 593 1881 τῶν
646 1828 953 1898 καλλίστων,
1013 1835 1116 1883 ὅσα
1158 1828 1225 1890 δὴ
1281 1838 1392 1892 τοῖς
1445 1833 1700 1892 τοιούτοις
1767 1829 1836 1893 εἰς

1953 1827 2271 1885 nobiscum
2303 1830 2667 1896 canentium,
2701 1835 3026 1885 concentus
3052 1829 3466 1901 apostolorum
3496 1828 3606 1884 liu-

234 1916 424 1970 ταύτόν
449 1917 592 1976 ἣκειν
621 1919 648 1970 ό
677 1923 1019 1991 πνευματικός
1039 1916 1128 1973 οἶδ
1132 1939 1152 1973 ε
1188 1919 1357 1992 λόγος.

1947 1917 2050 1988 jus
2079 1920 2299 1974 nostras
2353 1917 2682 1974 festivitatis
2735 1922 2966 1990 partem
3022 1917 3605 1982 ambientium;uno

237 2005 422 2063 verbo
455 2007 824 2080 optimorum
861 2023 1245 2083 quorumque
1275 2008 1708 2066 charismatum
1741 2022 1880 2080 quae
1905 2004 1967 2063 in
1991 2005 2208 2063 talibus
2229 2006 2576 2077 contingere
2599 2010 2765 2065 novit
2798 2022 2971 2064 mens
3027 2006 3429 2080 spiritualium
3472 2011 3601 2063 stu-

233 2095 428 2154 diosa.

307 2209 408 2258 Καὶ
438 2205 521 2257 ἶνα
547 2207 700 2277 τίμὴ
737 2207 1075 2278 μακρότερον,
1112 2205 1233 2267 ίσως
1275 2204 1336 2258 ἂν
1395 2205 1531 2258 εἴποι
1577 2224 1676 2270 τις,
1751 2205 1840 2255 καὶ

237 2289 330 2346 διὰ
356 2297 570 2360 παντός,
603 2295 741 2370 εἰπερ
775 2293 977 2366 ἐφικτὸν
1043 2295 1127 2364 ἦν,
1186 2301 1278 2347 τοῦ
1331 2293 1453 2368 βίου
1505 2302 1606 2346 τῶν
1669 2292 1838 2344 καλῶν

231 2378 397 2436 τῶνδε
430 2381 725 2455 μεθέξομεν,
788 2389 1254 2456 στενοχωρήσομεν
1301 2380 1352 2435 δ’
1409 2381 1458 2435 ἐν
1507 2383 1640 2436 οὕτω
1701 2382 1837 2458 βρα-

230 2479 322 2544 χεῖ
347 2476 524 2544 χρόνῳ
562 2474 650 2524 τὸν
674 2480 771 2534 τῆς
795 2471 977 2545 ἑορτῆς
1024 2477 1240 2547 χρόνον,
1299 2474 1595 2545 φθονοῦντες
1657 2471 1833 2546 ὣσπερ

233 2562 428 2622 ἑαυτοῖς
498 2570 592 2623 τῆς
671 2559 902 2624 πλείονος
980 2560 1528 2631 ἀπο).αυσεως;Τοῦτ’
1621 2559 1836 2634 οἴδαμεν

235 2655 326 2702 καὶ
351 2652 518 2724 ἡμεῖς,
560 2655 650 2703 καὶ
686 2669 746 2722 γε
796 2654 891 2709 τὴν
943 2653 1234 2724 πανῆγυριν
1295 2649 1341 2711 ἐς
1391 2655 1650 2724 μήκιστον
1702 2652 1834 2703 ἄπο-

980 2560 1316 2623 ἀπολαυσεως
1339 2579 1352 2631 ;
1376 2561 1528 2614 Τοῦτ’

236 2746 397 2794 τεῖναι
447 2739 608 2803 πολύς
650 2742 774 2812 ἡμῖν
831 2743 1026 2811 εγένετο
1107 2739 1380 2814 λογισμός,

235 2825 288 2882 δ’
316 2829 463 2890 αὖθις
491 2837 591 2881 τῶν
615 2828 812 2881 πολλῶν
850 2831 1034 2904 χάριν,
1075 2831 1143 2892 ὡς
1199 2829 1258 2880 ἂν
1317 2827 1385 2888 δὴ
1446 2831 1649 2893 πάντες,
1711 2831 1836 2891 ἴσης

236 2921 423 2971 ὡσανεὶ
478 2926 576 2981 τῆς
620 2919 917 2993 προθνμίας
992 2918 1286 2992 ἐξημμένοι,
1369 2922 1461 2970 καὶ
1543 2917 1836 2971 εἰσοίσουσι

236 3008 346 3060 κατ’
390 3011 526 3074 ἴσον,
579 3015 672 3060 τοῦ
726 3009 927 3083 ῥᾴστου
983 3013 1120 3060 πᾶσι
1198 3009 1680 3079 νενομοθετημένον.
1776 3007 1836 3060 Εἰ

237 3099 325 3170 μὶν
380 3101 483 3170 γὰρ
521 3099 814 3170 χρημάτων
863 3099 1161 3170 θησαυρούς
1211 3105 1385 3150 κενοῦν
1448 3093 1556 3150 ἔδει
1634 3099 1664 3156 ἤ
1743 3101 1835 3150 πό·

237 3205 349 3248 νους
374 3185 690 3262 ἀνῃρῆσθαι,
724 3186 953 3260 μεγάλης
983 3184 1050 3246 δή
1083 3205 1220 3248 τινος
1294 3186 1489 3258 ἰσχύος
1542 3187 1686 3261 ἔργα,
1743 3194 1834 3247 τῆς

236 3273 451 3338 ἐνούσης
513 3282 706 3349 μικρᾶς
753 3279 937 3343 οῦσης,
988 3274 1252 3340 ἑξέκλινειν
1304 3275 1364 3328 ἂν
1426 3295 1505 3339 τις
1548 3262 1698 3340 ἴσως,
1774 3278 1832 3328 τὸ

230 3369 301 3439 μὴ
357 3362 684 3426 δεδυνῆσθαι
748 3370 1008 3440 πρόφασιν
1057 3365 1212 3437 έχων·
1272 3372 1360 3417 νῦν
1415 3363 1466 3418 δ’
1515 3361 1666 3418 οὐδὲν
1733 3373 1834 3417 τῶν

227 3457 493 3508 τοιούτων·
561 3453 670 3507 ἀλλ’
723 3458 844 3528 ὅπερ
900 3455 1101 3528 ἔφημεν,
1155 3453 1423 3528 ἁγιασμοῦ
1477 3459 1567 3506 καὶ
1634 3462 1834 3528 τρυφῆς

229 3549 482 3618 μετουσία
536 3549 626 3597 καὶ
680 3541 908 3618 φαιδρᾶς
979 3547 1339 3616 πανηγύρεως,
1395 3541 1456 3606 ἧς
1512 3542 1830 3616 ἀπολειφθῆ-

228 3654 311 3688 ναι
339 3639 412 3708 μή
436 3634 516 3687 ὃτι
543 3653 603 3706 γε
629 3635 914 3709 ῥᾳθυμίας,
979 3632 1086 3686 ἀλλ’
1136 3629 1253 3686 οὐδ’
1299 3633 1595 3694 αἰσθήσεως
1655 3633 1831 3704 ὑγιοῦς

229 3721 342 3778 οὐδ’
374 3720 438 3776 αὖ
471 3720 670 3785 εἰδότος
690 3724 740 3777 ἐν
771 3725 848 3786 οἷς
901 3722 1042 3776 ἐστιν
1091 3722 1288 3784 ἀπόνως
1347 3725 1478 3795 μετὰ
1522 3729 1613 3775 τοῦ
1669 3721 1830 3774 καλοῦ

222 3815 516 3887 γίγνεσθαι.
549 3818 733 3866 Καίτοι
756 3832 816 3884 γε
843 3817 955 3880 καὶ,
1003 3816 1170 3866 πόνων
1234 3815 1372 3885 εἰπερ
1433 3808 1539 3864 ἔδει
1591 3816 1681 3864 καὶ
1741 3831 1830 3864 συ-

1465 2741 1666 2812 καθυφὴ
1676 2759 1836 2812 καμεν

229 3911 370 3976 χνῶν
408 3903 677 3976 καμάτῶι·,
704 3904 831 3979 ύπερ
861 3907 999 3964 τίνος
1065 3901 1124 3953 ἂν
1174 3901 1364 3975 μᾶλλον
1418 3898 1742 3976 δικαιότερον
1796 3901 1824 3961 ᾖ

228 3998 318 4045 καὶ
367 3991 781 4068 λυσιτελέστερόν
828 4011 906 4054 τις
963 3988 1262 4066 ἐνίδρωσεν,
1324 3995 1354 4050 ἦ
1413 3989 1461 4043 ἓν
1545 3986 1682 4061 τῷδε
1737 3995 1828 4042 καὶ

229 4084 370 4160 ὑπὲρ,
420 4082 448 4134 ὃ
505 4087 696 4155 πέφυκε
775 4083 1056 4158 προθύμως
1135 4079 1663 4154 ἱπεκτεινὸμενοςςΕἱ
1726 4083 1828 4152 γὰρ

231 4177 321 4224 καὶ
368 4180 566 4246 μικρῶν
615 4172 772 4225 ἕνεκεν
837 4175 928 4224 καὶ
981 4169 1183 4242 φαύλων
1249 4173 1389 4225 ἔστιν
1445 4173 1528 4223 ὁτέ
1581 4171 1830 4242 πραγμά-

232 4269 328 4314 τῶν
360 4257 787 4335 ὖπερμοχεῦντας
827 4257 1058 4313 κατιδεῖν
1118 4279 1259 4314 εστιν
1325 4259 1514 4329 ἐνίους,
1573 4264 1662 4312 καὶ
1719 4258 1832 4312 κλί-

229 4369 346 4404 πτει
373 4355 430 4404 τό
459 4349 648 4404 δοκοῦν
673 4347 855 4424 κέρδος
884 4357 981 4412 τῆς
1041 4349 1390 4426 ταλαιπωρίας
1427 4355 1524 4408 τὴν
1580 4350 1830 4406 αἱσθησιν

228 4443 381 4502 ποίας
405 4437 533 4512 οὐχὶ
559 4439 796 4511 μέμψεως
822 4438 980 4502 ἄξιοι,
1025 4439 1113 4501 οὖς
1155 4442 1212 4491 τό
1273 4443 1344 4512 μὴ
1400 4439 1615 4498 θελῆσαι
1677 4441 1831 4512 μόνον

229 4532 288 4582 τὸ
315 4535 406 4587 τῆς
434 4531 768 4603 πανηγύρεως
796 4527 1032 4603 λαμπρόν
1063 4529 1326 4601 ἐζημίωσε
1358 4543 1372 4594 ;

304 4729 404 4779 Καὶ
435 4725 493 4778 ού
525 4731 677 4778 τοῦτο
699 4723 832 4796 λέγω
869 4719 1074 4796 μηδένα
1097 4728 1169 4796 μὴ
1205 4720 1313 4777 δεῖν
1346 4721 1448 4777 ἀπὸ
1502 4725 1675 4784 πάσης
1734 4733 1829 4785 τῆς

233 4815 412 4890 ἑορτῆς
463 4813 517 4866 ἐκ
570 4815 704 4866 πάνυ
769 4833 820 4866 τι
872 4817 1078 4865 πίπτειν
1171 4813 1409 4887 ῥᾳθύμου
1466 4812 1675 4885 ψυχῆς,
1750 4815 1830 4866 ὅτι

232 4899 361 4978 μηδ’
391 4904 539 4976 οἶμαί
564 4922 680 4955 τινα
734 4911 833 4955 τῶν
896 4901 1133 4954 ἁπάντων
1201 4899 1247 4962 ἐς
1308 4909 1554 4954 τοσοῦτον
1601 4901 1831 4974 ἀγνωμο-

236 4995 390 5053 σύνης
436 4991 614 5063 ἐλθεῖν,
672 4988 772 5044 οῦδ
825 4991 890 5042 αὖ
945 4991 1119 5065 ὥσπερ
1167 4988 1215 5042 ἓν
1258 4994 1529 5065 νεκρότητι
1578 4990 1674 5063 ζῇν
1744 4990 1832 5043 αἰ-

232 5084 438 5157 ρεῖσθαι
489 5087 579 5134 καὶ
645 5079 968 5142 ἀναισθήτως
1017 5079 1160 5151 ἔχειν
1237 5084 1363 5155 πρὸς
1450 5079 1589 5144 ἄπας
1656 5081 1832 5152 καλὸν,

234 5171 358 5224 ὥσθ’
390 5169 632 5230 ὃληνὰπὸ
687 5172 880 5243 νάρκης
937 5175 1027 5223 καὶ
1093 5169 1367 5231 παντελοῦς
1425 5169 1704 5234 ἀκινησίας
1738 5191 1834 5243 ciu-

232 5267 337 5333 ,εῖν
368 5265 454 5320 τὴν
493 5265 804 5334 πανήγυριν
860 5258 988 5311 ἀλλά
1042 5263 1100 5312 τὸ
1158 5264 1228 5333 μὴ
1291 5256 1385 5313 διὰ
1438 5262 1612 5322 πάσης
1667 5261 1723 5329 ἡ,
1778 5263 1836 5312 τὸ

233 5369 289 5422 γε
336 5347 598 5424 δεύτερον,
652 5354 723 5421 μὴ
786 5345 879 5402 διὰ
903 5356 999 5411 τῆς
1043 5348 1271 5412 πλείονος
1328 5351 1533 5402 ἱκέσθαι
1604 5345 1838 5402 σπουδά-

237 5459 347 5508 σαι,
374 5440 514 5492 τοῦτ’
537 5439 586 5492 ἐν
615 5439 762 5510 αἰτίᾳ
791 5442 898 5502 καὶ,
959 5439 1026 5499 ὡς
1083 5437 1315 5511 ἔγκλημα
1361 5446 1454 5491 τοῦ
1501 5439 1684 5491 λοιποῦ
1729 5446 1838 5499 τοῖς

235 5534 594 5587 κατοκνήσασι
623 5529 900 5600 ’γίγνεσθαι
943 5531 1002 5580 τὸ
1060 5533 1225 5604 παρὸν
1279 5527 1525 5601 βούλεται
1567 5527 1836 5600 ψήφισμα.

235 5622 390 5692 Τάχα
416 5615 475 5671 δε
517 5623 604 5670 καὶ
666 5616 1020 5688 ἀγανάκτησιν
1086 5615 1487 5685 ἐπανατείνεται,
1545 5617 1652 5689 οὐχ
1701 5617 1842 5690 ἢττω

240 5701 307 5764 δὴ
374 5712 596 5777 natm,
651 5703 679 5766 ἢ
729 5696 834 5768 τοῖς
889 5701 972 5759 ὀπὶ
1014 5706 1070 5759 τὸ
1151 5692 1356 5760 δεῖπνον
1429 5706 1477 5760 ἂν
1553 5701 1843 5778 εύαγᾲελιοι

2019 2203 2134 2260 Sed
2163 2203 2312 2260 forte
2341 2204 2478 2278 quis
2503 2204 2704 2261 adhuc
2729 2208 2962 2278 quaerat
2987 2219 3177 2278 quare
3203 2219 3327 2260 non
3357 2203 3603 2270 diutius,

1943 2306 2069 2349 non
2084 2307 2346 2366 semper,
2365 2293 2528 2350 hisce
2547 2294 2682 2351 vitae
2699 2294 2875 2350 bonis
2899 2293 3314 2364 gaudebimus,
3341 2299 3606 2349 coarcta-

1942 2380 2146 2437 bimus
2196 2386 2406 2439 autem
2468 2382 2712 2438 brevius
2740 2382 3067 2439 festivitatis
3089 2389 3346 2455 tempus,
3421 2383 3601 2454 quasi

1944 2471 2352 2544 nosmetipsos
2380 2471 2731 2528 fraudantes
2753 2472 3056 2528 uberrima
3082 2471 3406 2543 voluptate.
3445 2476 3524 2527 Ita
3545 2474 3602 2526 et

1943 2573 2056 2614 nos
2080 2559 2506 2626 sentiebamus,
2521 2565 2577 2616 et
2597 2576 2757 2633 saepe
2780 2561 3202 2616 solemnitatem
3219 2560 3278 2615 in
3303 2560 3604 2630 longiores

1945 2648 2506 2720 protraheremoras
2531 2649 2929 2718 cogitavimus
2955 2667 2967 2717 ;
2994 2650 3373 2721 pepercimus
3399 2653 3601 2704 autem

1943 2738 2004 2793 in
2035 2737 2291 2807 gratiam
2318 2737 2669 2806 multorum,
2703 2742 2766 2794 ut
2805 2738 3257 2794 scilicetomnes
3279 2737 3459 2809 quasi
3481 2752 3602 2791 uno

1944 2827 2280 2901 eodemque
2307 2827 2412 2884 zeli
2451 2827 2678 2884 fervore
2728 2828 3177 2884 inflammentur
3233 2834 3290 2882 et
3334 2826 3599 2898 idipsum

1945 2917 2202 2974 sentiant
2225 2922 2283 2974 et
2311 2918 2394 2974 sic
2425 2917 2658 2974 facilius
2681 2917 2942 2988 unalege
2964 2917 3318 2988 dirigantur.
3351 2916 3407 2973 Si
3438 2915 3599 2971 enim

1943 3011 2242 3079 oporteret
2271 3006 2584 3063 thesauros
2613 3006 2926 3062 exhaurire
2957 3012 3060 3063 aut
3117 3005 3319 3062 subire
3359 3004 3600 3060 labores

1943 3095 2163 3169 quibus
2187 3111 2424 3166 magnis
2443 3096 2598 3152 vires
2617 3095 2978 3152 adhibenda;
3009 3095 3202 3152 forent
3243 3095 3322 3150 ab
3369 3110 3440 3150 eo
3497 3094 3602 3166 qui

1944 3186 2021 3242 ad
2060 3187 2176 3241 hoc
2199 3185 2398 3258 impar
2417 3185 2743 3242 exsisteret.
2761 3201 2823 3240 se
2848 3200 2967 3240 non
2988 3201 3166 3257 posse
3177 3184 3333 3256 juste
3348 3183 3440 3240 ille
3457 3199 3602 3256 que-

1943 3279 2187 3332 reretur.
2216 3274 2366 3332 Nihil
2396 3278 2596 3331 autem
2635 3273 2852 3330 horum
2893 3273 3290 3342 accidit;sed,
3339 3277 3405 3329 ut
3452 3272 3600 3327 dixi-

1943 3379 2101 3433 mus,
2118 3363 2574 3430 benedictionis,
2593 3368 2935 3436 sanctasque
2948 3363 3161 3419 laetitim
3177 3367 3234 3419 et
3249 3363 3398 3418 reful
3407 3361 3598 3431 gentis

1943 3453 2335 3510 solemnitatis
2401 3469 2524 3510 uno
2562 3453 2936 3526 proponitur,
2999 3469 3135 3526 quae
3186 3453 3236 3507 si
3284 3452 3598 3522 negligan-

1941 3545 2056 3612 tur,
2081 3541 2319 3612 signum
2337 3546 2424 3597 est
2444 3557 2564 3598 non
2590 3542 2771 3598 modo
2799 3540 3086 3613 segnitiae,
3116 3541 3222 3596 sed
3264 3541 3442 3597 etiam
3464 3554 3598 3595 sen-

1942 3646 2046 3686 sus
2069 3630 2269 3686 minus
2283 3631 2444 3696 recti,
2473 3636 2530 3686 et
2549 3631 2901 3700 ignorantiae
2915 3645 3124 3686 eorum
3138 3629 3360 3702 quibus
3375 3629 3452 3685 ad
3469 3645 3602 3702 per-

1940 3719 2253 3776 factionem
2293 3721 2522 3794 absque
2553 3719 2757 3776 labore
2798 3719 3159 3793 pervenitur.
3209 3721 3380 3786 Quod
3425 3720 3494 3788 si,
3538 3725 3602 3777 ut

1939 3813 2094 3865 certe
2124 3813 2394 3882 apparet,
2429 3809 2702 3865 laborum
2736 3807 3118 3881 suscipienda
3148 3808 3592 3876 estmultitudo,

1938 3898 2017 3956 ad
2037 3898 2184 3971 quid
2205 3898 2422 3971 potiori
2441 3898 2575 3969 jure
2601 3903 2657 3954 et
2677 3899 3079 3971 quaestuosius
3107 3897 3244 3970 quis
3265 3897 3596 3966 iusudabit,

1939 4005 2128 4062 quam
2169 3988 2247 4045 ad
2277 3989 2392 4046 hoc
2420 3990 2481 4045 in
2509 4005 2632 4063 quo
2650 4005 2884 4044 summe
2941 3987 3210 4061 proficiet
3261 3989 3595 4046 secundum

1939 4077 2106 4150 quod
2134 4077 2300 4134 nisus
2330 4077 2506 4134 fuerit
2535 4077 2660 4134 zelo
2707 4083 2763 4133 et
2811 4077 3210 4133 contentione.
3274 4077 3500 4133 Etenim
3550 4079 3599 4134 si

1937 4165 2243 4238 quosdam
2265 4165 2604 4222 videmusin
2628 4165 2875 4221 minimis
2887 4165 3316 4238 vilioribusque
3340 4166 3594 4237 negotiis

1937 4270 2122 4329 supra
2152 4255 2403 4312 modum
2428 4255 2762 4311 voluntarie
2809 4259 3120 4328 patientes,
3177 4255 3400 4327 quibus
3460 4271 3596 4328 spes

1939 4345 2084 4402 lucri
2099 4362 2344 4402 sensum
2367 4346 2664 4401 maestitiae
2677 4349 2734 4400 et
2759 4343 3229 4415 pmnamlaboris
3267 4344 3442 4416 quasi
3465 4361 3596 4400 om-

1939 4433 2086 4490 nino
2105 4433 2265 4505 lenit,
2297 4450 2420 4507 qua
2457 4450 2578 4490 non
2602 4433 3218 4506 eruntvituperatione
3234 4431 3594 4504 digni,quos

1943 4523 2153 4579 avertit
2178 4524 2308 4580 sola
2338 4523 2617 4580 voluntas
2647 4538 2994 4595 repugnans
3049 4521 3274 4577 festivas
3315 4519 3598 4577 solemni-

1857 4613 1902 4668 D
1943 4613 2043 4668 tati
2070 4613 2082 4667 !

2011 4723 2077 4777 Et
2118 4735 2236 4776 non
2260 4736 2509 4793 possum
2539 4719 2684 4792 quin
2738 4719 2935 4775 dicam
2974 4733 3400 4792 quemcunque
3443 4732 3598 4772 cras-
3685 4716 3692 4722 ’

1940 4810 2195 4866 sissimaa
2224 4809 2481 4878 ignavite
2521 4813 2727 4865 notam
2781 4807 2999 4864 animae
3041 4824 3164 4862 suae
3203 4807 3460 4872 inurere,
3493 4805 3598 4878 qui

1942 4904 2127 4956 totum
2151 4897 2475 4954 festivitatis
2488 4914 2729 4954 cursum
2753 4913 2874 4953 non
2897 4896 3260 4964 celebraret;
3291 4894 3595 4949 neminem

1941 4987 2450 5059 enimjudicarcm
2476 4988 2748 5044 omnium
2771 4990 3038 5042 vestrum
3061 4990 3240 5040 tantae
3261 4999 3392 5039 esse
3408 4965 3597 5039 insul-

1943 5079 2147 5146 sitatis,
2178 5082 2348 5134 tanta
2376 5077 2538 5134 vitali
2578 5075 2920 5132 fortitudine
2951 5090 3150 5130 carere
3174 5089 3299 5147 qua
3315 5073 3392 5128 ad
3414 5088 3594 5128 omne

1941 5168 2174 5225 bonum
2202 5167 2401 5224 vivide
2422 5183 2758 5231 movemur,
2799 5171 2864 5221 ut
2901 5170 3144 5238 propter
3184 5169 3486 5236 torporem
3541 5169 3597 5219 et

1943 5259 2190 5315 nimiam
2225 5258 2440 5331 quietis
2477 5255 2777 5313 insaniam
2807 5270 3053 5311 omnem
3092 5253 3473 5310 festivitatem
3499 5269 3598 5309 ne—

1945 5348 2223 5418 gligeret:
2251 5362 2512 5419 praesens
2541 5345 2742 5417 itaque
2767 5344 3076 5400 decretum
3133 5342 3249 5398 huc
3305 5340 3495 5398 tendit
3535 5347 3602 5398 ut

1945 5441 2199 5494 noscant
2227 5435 2449 5505 ignavi,
2480 5433 2646 5508 quod
2675 5435 2720 5488 si
2757 5449 2876 5489 non
2896 5433 2998 5490 toti
3021 5431 3600 5488 studeantinteresse

1949 5527 2096 5582 festo
2119 5525 2210 5581 vel
2224 5525 2436 5580 saltem
2450 5525 2578 5594 ejus
2593 5521 2805 5594 majori
2819 5521 2991 5594 parti,
3005 5522 3120 5577 hoc
3139 5520 3250 5575 illis
3278 5520 3340 5576 in
3371 5520 3602 5576 crimen

1949 5621 2005 5688 et
2023 5617 2084 5671 in
2113 5613 2562 5672 accusationem
2605 5617 2958 5668 casterorum
3003 5615 3282 5688 vertetur.
3333 5611 3407 5664 Eo
3467 5609 3602 5679 ipso

1953 5685 2114 5763 enini
2134 5701 2407 5761 divinam
2424 5685 3232 5772 incurruntindignatlénom
3246 5711 3370 5758 non
3394 5694 3600 5755 minus
