4120 6394
503 375 639 429 1523

1889 356 2272 418 NICEPHORI
2296 356 2560 413 CHUMNI

3744 351 3776 407 ί
3787 354 3903 409 εει

501 513 686 570 quam
711 495 792 550 illi
825 494 948 566 qui,
981 493 1058 549 ad
1086 509 1322 550 caenam
1363 493 1768 564 evangelicam
1793 485 2010 550 vocati,
2037 499 2164 538 sese

2284 479 2563 547 κληθεῐσιν,
2619 476 2731 531 εἶτα
2777 497 3262 553 παραιτησαμενοις
3334 477 3409 550 (1)
3496 476 3582 532 ἐπὶ
3617 479 3903 553 προφάσε-

503 585 753 642 diversis
807 585 881 638 de
939 583 1133 638 causis
1179 588 1564 653 excusarunt,
1623 581 1772 637 villae
1835 574 2166 642 visitandae,

506 675 708 729 uxoris
730 673 1044 737 ducendae,
1079 673 1370 743 jugorum
1424 673 1694 745 quinque
1743 670 1928 725 boum
1963 679 2167 720 recens

504 766 846 833 emptorum
884 760 1263 832 experientiae
1298 761 1608 818 faciendae.
1637 758 1882 822 Etenim,
1930 754 2080 810 sicut
2107 751 2170 807 il-

506 850 579 906 lis
611 867 733 905 non
756 856 883 904 erat
909 865 1084 922 requa
1109 851 1439 915 excusatio,
1467 851 1550 905 ita
1580 864 1688 904 nec
1716 846 1869 909 istis,
1893 849 1950 900 et
1970 842 2168 898 nullus

509 953 782 1010 unquam
806 937 1106 993 adducere
1135 938 1350 1008 poterit
1379 938 1791 1001 sufﬁcientem,
1854 949 1992 990 cum
2023 931 2169 987 nihil

509 1029 583 1082 sit
607 1027 822 1094 utilius,
863 1042 1058 1098 neque
1089 1027 1284 1097 aptius
1313 1025 1540 1081 nedum
1597 1027 1674 1081 ad
1717 1024 2167 1085 retrahendum,

509 1131 722 1171 verum
743 1116 921 1171 etiam
940 1115 1019 1170 ad
1034 1114 1244 1170 fortius
1265 1114 1710 1185 impellendum,
1733 1131 1918 1187 quam
1933 1109 2169 1170 invitari

514 1209 571 1260 et
602 1203 843 1260 suaderi
863 1219 1043 1258 sensu
1067 1203 1144 1258 ad
1157 1203 1529 1259 festivitatem
1552 1204 1999 1260 celebrandam.
2015 1201 2169 1268 Quid

515 1294 676 1351 enim
707 1295 818 1349 hac
856 1293 1389 1349 ﬁethonorabilius
1410 1292 1438 1347 ?
1476 1294 1622 1366 quid
1647 1293 2172 1365 majoremutilita—

518 1390 634 1439 tem
666 1382 974 1454 proferet?
1009 1384 1070 1436 Et
1089 1383 1490 1454 quandonam
1513 1385 1573 1437 in
1600 1383 1887 1439 omnibus
1942 1383 2050 1438 erit
2099 1382 2173 1436 si—

518 1473 645 1526 mul
669 1476 725 1526 et
751 1471 917 1542 quod
942 1471 1082 1526 utile
1103 1476 1190 1526 est
1210 1477 1266 1526 et
1295 1471 1461 1542 quod
1483 1472 1821 1542 jucundum
1844 1474 1873 1528 ‘2
1898 1475 1973 1528 Te
2030 1485 2172 1540 ergo

518 1560 1018 1617 afﬁciatomnium
1039 1575 1249 1614 eorum
1267 1560 1343 1615 ad
1357 1576 1494 1632 quae
1516 1565 1570 1616 te
1587 1561 1858 1616 studeres
1870 1561 2173 1634 applicare

517 1649 751 1704 lucrum
783 1648 981 1718 majus
1015 1652 1073 1704 et
1097 1649 1285 1704 multo
1310 1650 1714 1721 praestantius,
1768 1650 2000 1705 etiamsi
2051 1664 2174 1705 non

521 1737 724 1792 valeas
754 1753 824 1792 ea
849 1752 984 1807 quae
1017 1743 1156 1792 sunt
1191 1737 1513 1792 invisibilia
1550 1739 1933 1810 introspicere
1977 1741 2034 1793 et
2083 1753 2178 1793 eo-

2279 587 2382 638 σιν,
2415 568 2576 642 ἀγροῦ
2601 571 2807 642 θέωρίᾳ,
2853 573 2942 620 καὶ
2996 570 3152 640 γάμῳ
3216 571 3480 639 γυναικός,
3539 572 3631 620 καὶ
3688 568 3901 638 ζευγῶν

2275 662 2423 710 πέντε
2477 663 2736 715 νεωνητων
2813 653 3125 730 δοκιμασίᾳ.
3189 662 3290 710 Καὶ
3364 659 3486 731 γὰρ,
3573 655 3755 730 ὥσπερ
3847 655 3901 708 ἐν

2277 746 2492 809 ἐκείνοις
2547 750 2642 798 οὐκ
2707 746 2912 817 εὓλογος
2961 748 2992 804 ἡ
3067 750 3414 819 παραίτησις,
3486 741 3604 798 οὐδ’
3682 744 3898 797 ἐνταῦθ’

2278 836 2501 908 εὔλογος,
2531 835 2626 888 κᾶν
2678 839 2860 889 ὁποίαν
2928 855 3006 896 τις
3063 838 3133 896 ὡς
3189 834 3509 909 ἐξαρκοῦσαν
3557 834 3900 908 ἐξαιρεῖσθαι

2276 924 2639 998 προϐάλλοιτο,
2715 921 2926 987 οὐδενὸς
2995 929 3135 985 ὄντος
3210 929 3342 996 μήτε
3433 923 3896 998 λυσιτελεστέρου,

2279 1017 2404 1087 μήθ’
2466 1019 2577 1067 οἵου
2625 1015 2884 1088 μεθελκειν
2933 1015 3278 1090 ἰσχυροτέρου
3341 1035 3432 1066 και
3514 1019 3644 1088 πρός
3738 1013 3898 1066 ἑαυτὸ

2282 1107 2514 1177 στρέφειν
2557 1108 2644 1156 τόν
2707 1111 2830 1176 γοῦν
2873 1104 2983 1177 μετ’
3029 1104 3329 1164 αἰσθήσεως
3397 1103 3471 1166 εἰς
3539 1107 3637 1160 τὴν
3710 1103 3897 1176 ἑορτὴν

2281 1191 2624 1266 ἐπειγόμενον.
2673 1196 2737 1246 Τί
2791 1195 2892 1267 γὰρ
2961 1193 3021 1244 ἄν
3070 1196 3267 1254 ταύτης
3316 1203 3409 1244 και
3493 1195 3701 1264 γένοιτό
3768 1210 3893 1244 ποτε

2280 1285 2675 1357 τιμιωτέρον;ἣ
2733 1287 2784 1334 τί
2837 1281 2994 1334 πλείω
3069 1287 3162 1340 τὴν
3246 1285 3426 1340 ὄνησιν
3499 1285 3744 1354 φέρον;ῆ
3812 1289 3884 1352 τῷ

2280 1380 2380 1423 τῶν
2433 1371 2562 1423 ὅλων
2627 1371 2742 1424 κατ’
2793 1373 2905 1423 ἴσον
2962 1373 3092 1443 μετὰ
3155 1378 3247 1423 τοῦ
3312 1370 3708 1430 λυσιτελοῦντος
3779 1370 3892 1442 ἅμα

2281 1464 2573 1534 προσέσται
2619 1459 2748 1512 πολὺ
2801 1465 2891 1512 καὶ
2947 1464 3006 1512 τό
3042 1459 3422 1534 χάριὺςῶστ’
3477 1459 3508 1518 ἣ
3565 1463 3626 1512 τὸ
3707 1456 3903 1533 κέρδος

2284 1548 2466 1600 έλκετω
2501 1567 2560 1601 σε
2582 1551 2787 1601 πάντων
2844 1551 2898 1601 ὄν
2951 1549 3128 1621 μεῖζον
3180 1554 3271 1600 καὶ
3335 1548 3506 1619 πολλῷ
3555 1548 3738 1621 μεῖζον
3799 1557 3904 1600 τῶν

2285 1637 2356 1710 ἐφ’
2413 1636 2448 1688 ἆ
2503 1633 2829 1700 σπουδάσεις
2889 1637 3313 1710 ένασχολομενος,
3357 1640 3414 1705 ἤ,
3456 1641 3530 1710 μὴ
3605 1634 3912 1710 δυνάμενος

2286 1730 2419 1800 πρὸς
2464 1733 2617 1780 τοῦτο
2671 1729 2912 1802 καθαρῶς
2989 1724 3184 1799 βλέψαι
3269 1726 3502 1801 ἀοράτως
3585 1727 3910 1799 ἐρχόμενον,

521 1843 656 1881 rum
671 1841 807 1897 quae
821 1825 1429 1897 parentsolummodo
1443 1827 1786 1882 consideres
1807 1827 2173 1899 voluptatem

2285 1816 2436 1886 γενόῦ
2485 1823 2575 1876 τῆς
2638 1824 2836 1888 τρυφῆς
2876 1820 2964 1867 καὶ
3037 1823 3128 1868 τοῦ
3181 1815 3403 1876 κάλλους
3453 1823 3555 1868 τῶν
3603 1817 3912 1889 ὁρωμένων,

522 1920 578 1970 et
607 1914 1138 1987 pulchritudinem,
1167 1915 1383 1970 choros
1417 1915 2038 1972 scilicetsacerdotum
2062 1929 2176 1971 οω-

524 2009 618 2059 tus
641 2003 1100 2069 monachorum,
1132 2004 1510 2076 aliorumque
1569 2005 1899 2076 permultas
1949 2011 2176 2060 turmas

526 2093 776 2161 Virginis
799 2092 1008 2147 laudes
1041 2093 1382 2147 canentium
1408 2111 1420 2147 :
1451 2095 1668 2148 horum
1695 2094 1965 2149 omnium
1992 2093 2178 2163 legiti-

527 2198 694 2236 mum
720 2181 1013 2245 ordinem,
1033 2181 1386 2252 gravitatem
1405 2187 1462 2237 et
1483 2199 1620 2237 cum
1652 2183 1990 2239 ccelestibus
2017 2184 2173 2238 simi~

517 2270 854 2327 litudinem.
898 2271 1196 2335 Quantam
1237 2286 1378 2324 vero
1429 2269 1694 2326 laetitiam
1743 2276 1800 2326 et
1853 2271 2174 2343 voluptatis

520 2359 958 2415 abundantiam
981 2358 1306 2414 infundunt
1345 2359 1445 2430 pia
1465 2376 1753 2432 sacraque
1781 2361 2050 2416 carmina
2074 2361 2174 2416 Dei

519 2449 804 2503 laudibus
830 2447 1009 2519 plena
1039 2452 1094 2502 et
1134 2447 1573 2504 solemnitatem
1597 2449 1912 2505 addentia!
1957 2450 2173 2522 thuis

520 2542 610 2592 est
648 2536 748 2608 qui
771 2552 832 2591 se
865 2540 1087 2591 avertat
1119 2536 1198 2592 ab
1219 2537 1312 2591 his
1345 2537 1630 2593 omnibus
1671 2555 1806 2610 quae
1859 2539 2062 2594 audiet
2118 2544 2174 2594 et

521 2624 1036 2696 contemplabitur,
1053 2631 1117 2680 ut
1140 2625 1552 2682 rebuscaeteris
1577 2627 1862 2683 libentius
1885 2629 2175 2685 inhaereat

519 2730 704 2786 quam
732 2714 884 2770 festo
915 2714 1054 2769 huic
1083 2715 1111 2769 ?
1132 2718 1317 2770 Nemo
1346 2715 1621 2771 omnium
1649 2731 1893 2788 prorsus
1929 2715 1941 2770 l

591 2893 671 2947 De
700 2897 912 2947 caetero
940 2892 1089 2964 quid
1127 2891 1388 2965 amplius
1442 2893 1643 2949 dicam
1671 2894 1699 2950 ?
1730 2909 1842 2964 age
1891 2895 2174 2951 continuo

518 2979 653 3036 festi
679 2981 1024 3036 societatem
1057 2981 1296 3038 insume
1319 2987 1381 3037 ιιι
1405 2998 1476 3038 ea
1494 2999 1633 3054 quas
1675 2983 1788 3054 ipsi
1844 2989 1984 3040 sunt
2032 2988 2176 3056 apta

519 3070 854 3142 adimpleas
879 3088 892 3135 ;
915 3071 1156 3142 expiare
1165 3072 1416 3142 jejunio,
1436 3075 1829 3144 temperantia
1858 3074 2170 3140 mundare,

519 3165 575 3214 et
599 3160 972 3214 sanctiﬁcare
989 3161 1268 3231 precibus
1293 3178 1304 3214 :
1333 3161 1390 3214 in
1414 3161 1634 3229 gaudio
1663 3162 1952 3233 spirituali
1969 3163 2175 3218 omnia

520 3248 624 3304 tibi
653 3249 770 3302 sint
809 3250 1028 3319 pariter
1060 3249 1411 3319 spiritualia,
1446 3252 1500 3304 Si
1535 3251 1697 3317 velis,
1735 3251 2018 3306 Davidem
2043 3251 2174 3306 imi-

518 3342 645 3392 tare
657 3338 874 3392 choros
889 3337 1229 3393 saltantium
1242 3339 1552 3394 ducentcm
1579 3356 1592 3404 ;
1619 3339 2024 3395 subsilientem
2038 3346 2174 3396 ante

519 3441 723 3480 arcam
760 3431 816 3480 et
846 3425 1242 3482 saltantemin
1260 3427 1637 3498 jubilatione.
1659 3431 1722 3484 Et
1746 3428 1794 3483 si
1827 3428 1982 3485 fores
2013 3429 2175 3485 inex-

519 3514 722 3570 tremis
755 3521 921 3570 terrae
951 3532 1087 3570 cum
1107 3517 1392 3588 apostolis
1409 3534 1651 3573 accurre
1677 3540 1690 3584 ;
1713 3535 1823 3590 pro
1842 3525 1999 3575 certo
2012 3520 2174 3576 enim

525 3602 669 3656 mihi
701 3609 807 3668 est,
837 3603 1568 3674 eosinvisibiliteradesse,
1627 3605 2009 3679 hymnosque
2040 3622 2172 3677 pro-

519 3690 767 3746 fundere
789 3692 1192 3758 abundantes,
1208 3693 1510 3748 sicutolim
1526 3693 1722 3749 subito
1738 3711 1834 3750 om
1846 3711 1948 3750 nes
1970 3695 2173 3751 adfue-

517 3783 656 3834 runt
685 3795 753 3834 ex
776 3779 999 3836 ﬁnibus
1031 3786 1197 3836 terrae
1223 3787 1568 3838 accurentes
1597 3783 1674 3838 ad
1703 3783 2023 3839 solvendos
2053 3785 2172 3839 Vir-

521 3866 641 3936 gini
685 3867 1026 3923 funebrium
1053 3873 1290 3925 cantus.
1313 3871 1569 3942 Sequere
1589 3871 2174 3944 coryphteosmeque

520 3957 775 4012 chorum
807 3957 1175 4029 derelinque,
1200 3975 1275 4014 ne
1311 3961 1565 4015 accedas
1595 3962 1673 4016 ad
1700 3962 2029 4033 nuptialem
2059 3964 2174 4019 do-

520 4062 686 4101 mum
716 4047 844 4118 jam
870 4048 1186 4113 reclusam,
1220 4055 1390 4116 etne,
1421 4051 1566 4105 dum
1615 4052 1772 4107 intus
1803 4053 2177 4110 celebrantur

522 4141 728 4190 sancta
752 4138 1058 4207 mysteria,
1094 4145 1214 4193 stes
1238 4140 1497 4195 exterius
1525 4139 1776 4211 pulsans
1808 4147 1865 4196 et
1910 4159 2173 4214 conque-

519 4240 660 4279 rens
685 4225 849 4296 quod
891 4227 1228 4283 excludaris
1257 4247 1292 4283 a
1329 4228 1554 4286 laetitia.
1605 4237 1724 4299 Age
1784 4230 1992 4297 igitur;
2017 4236 2178 4286 certa

523 4314 751 4368 bonum
780 4320 1102 4383 certamen,
1137 4322 1271 4372 ante
1293 4324 1537 4374 caeteros
1561 4333 1880 4389 praecurre,
1909 4318 2176 4388 etjactu—

519 4418 647 4456 ram
677 4403 867 4473 probe
906 4404 1177 4475 edoctus,
1207 4406 1285 4461 ad
1317 4410 1556 4462 Matrem
1596 4407 1691 4460 Dei
1712 4407 1925 4461 iterum
1958 4407 2177 4462 accede

522 4491 869 4546 videndam.

599 4666 675 4734 Si,
713 4683 852 4723 cum
882 4669 1107 4742 aliquid
1135 4686 1205 4726 ex
1231 4670 1322 4726 his
1353 4685 1488 4740 quae
1518 4667 1683 4724 aliter
1703 4668 1987 4736 relucent,
2044 4671 2177 4730 licet

521 4772 641 4813 non
666 4774 801 4814 vere
843 4759 1003 4816 ulilia
1032 4761 1166 4824 sint,
1201 4759 1302 4814 sed
1338 4775 1369 4814 e
1422 4765 1629 4813 contra
1681 4759 1848 4815 brevi
1906 4778 2174 4819 corrum-

521 4850 762 4916 pantur,
796 4848 909 4904 sub
939 4846 1205 4920 qnadam
1231 4847 1424 4919 specie
1481 4847 1726 4902 honoris
1776 4855 1831 4904 et
1894 4849 2178 4908 bonitatis

524 4939 876 5007 pr0p0nitur
905 4935 1410 5007 participandum.
1453 4951 1572 4991 non
1629 4944 1796 5009 potes
1852 4941 2000 5011 quin
2039 4948 2176 4998 ante

595 5111 673 5251 $1)
699 5111 843 5165 Vide
880 5112 1094 5165 Lucam
1131 5125 1241 5176 xvr,
1270 5115 1332 5165 t6
1363 5127 1497 5184 sqq.

619 5187 674 5249 2)
722 5188 783 5247 A,
826 5185 1192 5251 προσανέχειν·
1258 5182 1287 5240 ἦ
1344 5191 1497 5234 τοῦτο

619 5187 674 5249 2)
722 5188 783 5247 Α,
826 5185 1192 5254 προσανέχειν·
1258 5182 1287 5240 ἦ
1344 5182 1498 5234 τοῦξο
1554 5192 1654 5235 τῶν
1874 5193 1931 5252 Β,

2012 5205 2177 5260 προσ-

525 5257 753 5322 ανέχειν,
789 5252 818 5309 ἦ
854 5252 1008 5322 τοῦτο
1056 5261 1180 5307 τῶν,
1205 5297 1216 5308 ,
1239 5295 1251 5306 .

1320 5255 1510 5318 Quam
1569 5256 1680 5310 feci
1733 5262 1996 5313 correcto
2050 5255 2177 5311 Sen-

525 5331 768 5448 }eptiam
793 5321 1167 5393 probabilem
1200 5326 1368 5396 parit.
1408 5329 1551 5382 Puto
1576 5333 1777 5383 tamen
1827 5329 1986 5384 aliud
2028 5329 2176 5400 quid

549 5410 586 5448 a
611 5409 728 5448 ere.

549 5400 728 5450 atere.

597 5463 1030 5542 (3_)_Bespicitur
1069 5468 1329 5542 narratio
1387 5467 1604 5524 biblica
1653 5470 1719 5542 (ll
1775 5473 1910 5540 Reg.
1973 5471 2045 5540 γι)
2101 5471 2176 5526 de

526 5536 745 5589 Davide
778 5543 912 5590 ante
952 5552 1148 5593 arcem
1193 5539 1462 5596 saltante.

595 5605 841 5683 (QPuto
869 5607 1174 5683 hicinnui
1227 5611 1305 5665 ab
1356 5615 1596 5666 auctore
1647 5611 1806 5683 piam
1859 5613 1934 5668 de
1982 5612 2175 5669 Mariae

523 5676 879 5735 dormitione
909 5679 1208 5738 fabulam.
1237 5685 1449 5738 Narrat
1461 5683 1620 5738 enim
1643 5676 1994 5754 Germanus,
2023 5699 2172 5755 apo-

2286 1907 2672 1976 χορούςίερέων
2703 1903 2926 1976 βλέπων,
2996 1908 3189 1979 χοροὺς
3244 1912 3537 1973 ιιοναστῶν,
3606 1906 3915 1977 ὀμηγύρεις

2287 1992 2444 2053 ἄλλας
2494 1999 2589 2051 τὴν
2647 1996 2904 2066 Παρθένον
2958 1994 3266 2066 ὑμνούντων,
3320 1996 3526 2046 πάντων
3589 1999 3689 2053 τὴν
3750 1993 3916 2046 εὐτα-

2287 2080 2420 2147 ξίαν,
2463 2085 2520 2134 τὸ
2555 2085 2736 2153 σεμνὸν
2801 2083 3024 2150 πάντων,
3082 2087 3172 2134 καὶ
3210 2087 3304 2140 τὴν
3368 2086 3500 2158 πρὸς
3563 2086 3632 2135 τὰ
3680 2084 3916 2156 οὖρανια

2285 2175 2534 2242 μίμησιν.
2566 2169 2631 2224 Ἀ
2663 2168 2723 2224 δὲ
2750 2175 2842 2224 καὶ
2897 2173 3008 2224 θεῖα
3058 2176 3148 2224 καὶ
3204 2174 3317 2246 ἱερὰ
3368 2172 3495 2246 μέλη
3536 2177 3629 2225 καὶ
3658 2175 3910 2246 ᾄσματα.

2284 2262 2378 2320 τὰς
2454 2260 2674 2322 αἰνέσεις
2755 2260 3068 2334 πληροῦντα,
3141 2270 3406 2334 κοσμοῦσι
3504 2267 3600 2322 τὴν
3693 2263 3908 2338 ἑορτήν,

2282 2353 2435 2400 ποίαν
2487 2345 2684 2410 ἡδονῆς
2741 2349 3025 2424 ὑπερϐολὴν
3079 2349 3435 2423 ἀπολείπει;ἣ
3493 2355 3592 2421 τίς,
3632 2350 3739 2404 ἀπὸ
3802 2362 3909 2404 τῶν

2283 2441 2528 2491 τοιούτων
2574 2439 2914 2512 ἀκουσμάτων
2966 2440 3076 2512 ἅμα
3124 2445 3214 2492 καὶ
3279 2442 3548 2513 θεαμάτων
3619 2447 3904 2514 στραφεὶς,

2283 2529 2473 2599 ἕτεροις
2527 2527 2794 2599 ἀγαπήσει
2845 2528 3056 2600 μᾶλλον,
3110 2532 3180 2591 ὡς
3257 2525 3324 2588 δή
3405 2548 3520 2582 τισι
3605 2529 3901 2605 λαμπροῖς.

2283 2613 2447 2676 ἡδέως
2523 2620 2891 2690 προσανέχειν,
2949 2619 2979 2677 ἢ
3068 2621 3277 2689 τούτῳ;
3319 2627 3417 2671 τῶν
3504 2618 3752 2672 ἀπάντων
3815 2623 3901 2691 (2)

2282 2701 2478 2768 οὐδείς.

2357 2888 2458 2936 Καὶ
2489 2881 2556 2943 δὴ
2589 2905 2680 2957 μοι
2708 2885 2886 2938 λοιπὸν
2917 2882 3072 2958 δεῦρο
3122 2891 3225 2948 πᾶς
3272 2889 3366 2948 τὴς
3419 2885 3605 2958 ἑορτῆς
3653 2891 3900 2958 μετέχων

2283 2972 2332 3026 έν
2373 2974 2504 3046 αὐτῇ
2546 2977 2612 3028 τὰ
2654 2975 2829 3027 εἰκότα
2874 2974 3160 3042 τελέσθητι,
3219 2974 3501 3047 ἀγνὶσθητι
3547 2984 3609 3049 τῇ
3651 2982 3899 3049 νηστείᾳ,

2285 3059 2358 3115 δι’
2425 3062 2726 3138 ἐγκρατείας
2775 3066 3090 3138 καθάρθητι,
3148 3073 3265 3126 ταῖς
3338 3073 3667 3139 προσευχαῖς
3732 3065 3901 3136 ἁγία-

2217 3192 2256 3245 C
2286 3154 2462 3209 σθητι·
2512 3153 2659 3204 πάντ’
2722 3156 2856 3206 ἔστω
2943 3173 3027 3206 σοι
3109 3157 3455 3227 πνευματικὰ,
3537 3165 3906 3228 πνευματικῆς

2285 3244 2447 3302 οὔσης
2474 3249 2571 3303 τῆς
2594 3245 2952 3317 πανηγύρεως.
2987 3243 3046 3296 Εἰ
3099 3241 3278 3316 βούλει
3340 3240 3420 3312 δὲ,
3479 3249 3570 3298 καὶ
3631 3249 3900 3319 προσκίρ-

2283 3348 2444 3388 τησον
2502 3337 2595 3392 τῆς
2648 3329 2894 3401 κιϐωτοῦ,
2943 3338 3033 3385 καὶ
3099 3337 3362 3404 χόρευσον
3430 3331 3478 3385 ἐν
3555 3330 3901 3404 ἀγαλλιάσει,

2282 3419 2599 3490 καθηγεμόνι
2655 3428 2753 3470 τῶν
2807 3418 3049 3492 ἀλμάτων
3106 3429 3176 3492 τῷ
3238 3417 3407 3474 Δαυίδ
3460 3424 3539 3493 (3)
3597 3428 3900 3496 χρώμενος.

2286 3505 2391 3559 Κᾶν
2429 3505 2578 3579 τελῇς
2608 3507 2698 3573 εἰς,
2729 3511 3039 3580 ἔσχαταγῆς
3069 3512 3203 3581 μετὰ
3227 3517 3329 3562 τῶν
3361 3508 3661 3563 ἀποστόλων
3693 3507 3895 3585 δράμε·

2283 3597 2527 3668 πείθομαι
2581 3600 2680 3670 γὰρ
2743 3599 2934 3660 αὐτοὺς
2997 3603 3086 3650 καὶ
3127 3598 3302 3669 πάλιν,
3377 3604 3530 3672 μόνον
3582 3605 3654 3671 μη
3712 3619 3900 3671 φαινο-

3268 3689 3681 3759 συνεργάζεσθαι
3767 3694 3901 3750 τοὺς

3111 3777 3294 3848 αἴφνης
3349 3775 3404 3828 ἐκ
3469 3779 3708 3849 περάτων
3788 3787 3899 3849 γῆς

2286 3863 2609 3924 συνελθόντες
2634 3861 2768 3937 ᾖσαν
2823 3868 2944 3926 τοὺς
2999 3862 3229 3927 ἐξοδίους
3285 3865 3387 3938 (4).
3437 3871 3523 3925 Μὴ
3578 3875 3704 3938 γοῦν
3753 3866 3900 3920 ἀπο-

2282 3953 2615 4025 λειφθῇςτῶν
2659 3959 2969 4027 κορυφαίων,
3040 3951 3178 4026 μηδὲ
3231 3937 3451 4008 κατόπιν
3502 3937 3600 4018 τῆς
3643 3937 3902 4031 ⁸χορείας,

2284 4039 2424 4114 μηδὲ
2454 4041 2773 4104 κλεισθέντος
2797 4050 2888 4094 τοῦ
2913 4051 3174 4115 νυμφῶνος
3239 4048 3317 4114 (5)
3371 4043 3544 4116 ἔλθῃς,
3595 4043 3650 4096 ἐν
3695 4042 3738 4116 ᾤ
3798 4043 3903 4105 δη-

2285 4130 2454 4183 λονότι
2494 4139 2662 4183 ταῦτα
2715 4140 2815 4182 τῶν
2877 4134 3020 4203 ἱερῶν
3061 4131 3303 4200 τελεῖται,
3357 4138 3429 4205 μή
3480 4138 3664 4206 μείνῃς
3709 4135 3904 4197 ἓξῶθεν

2282 3689 2485 3755 μένους,
2541 3684 2757 3760 ἀθρόους
2813 3685 3038 3759 ἀφῖχθαι
3096 3691 3187 3740 καὶ

2282 3773 2495 3844 ὓμνους,
2561 3777 2628 3836 ὡς
2693 3775 2856 3827 πάλαι
2906 3775 3021 3828 ποτ’

2285 4224 2506 4292 κρούων,
2558 4228 2669 4272 εἶτα
2744 4224 2965 4273 σεαυτόν
3045 4220 3334 4282 ταλανίξων
3406 4224 3484 4275 ὃτι
3555 4231 3647 4284 τῆς
3720 4233 3905 4298 χαρᾶς

2287 4309 2652 4370 ἀπεκλείσθης.
2709 4308 2810 4362 Ἴθι
2897 4307 3187 4372 σπούδαῐος
3252 4315 3347 4371 τὴν
3427 4311 3588 4371 καλὴν
3671 4310 3902 4386 ἅμιλλαν

2286 4398 2653 4470 ἁμιλλώμενος,
2699 4403 2788 4451 καὶ
2842 4403 3147 4474 προτρέχων
3199 4409 3299 4452 τῶν
3350 4399 3536 4469 ἄλλων,
3625 4408 3721 4456 καὶ
3806 4404 3896 4464 ζη-

2283 4507 2407 4559 μιαν
2451 4485 2505 4538 εὖ
2550 4484 2699 4548 εἰδὼς
2743 4496 2806 4560 τῇ
2853 4496 2945 4541 τοῦ
2996 4496 3129 4542 Θεοῦ
3185 4494 3364 4563 Μητρὶ
3431 4487 3670 4565 δεύτερος
3726 4494 3888 4565 ὀφθῆ-

2205 4589 2250 4640 ι)
2283 4596 2386 4631 ναι.

2354 4668 2415 4718 Εἰ
2437 4686 2487 4717 τι
2543 4674 2641 4719 τῶν
2698 4665 2878 4742 ἑτέρως
2929 4665 3195 4740 λαμπρῶν,
3271 4665 3439 4739 μηδὲν
3501 4665 3553 4721 δ’
3600 4671 3722 4721 οἱων
3769 4669 3902 4722 ἀπο-

2282 4757 2475 4808 νασθαι
2499 4759 2804 4831 χρησίμων,
2828 4755 2863 4808 οἷ
2897 4776 2950 4808 τε
2978 4761 3067 4808 καὶ
3122 4760 3266 4828 ταχὺ
3333 4759 3696 4831 φθειρομένων,
3755 4758 3904 4812 ἀπα-

2283 4851 2484 4897 τώντων
2572 4842 2621 4896 δ’
2708 4847 2848 4917 ὅμως
2911 4841 2978 4904 δὴ

3077 4865 3226 4898 τινων
3310 4851 3516 4919 τιμίων,
3614 4849 3904 4923 προῦκέιτο

2284 4935 2720 5008 μεταλαγχάνειν,
2764 4934 2822 4986 ού
2876 4933 2935 4985 ἂν
2991 4935 3223 5007 ἠνέσχου
3304 4941 3376 5008 μὴ
3472 4941 3721 5012 πρότερος
3799 4946 3904 4990 τῶν

2286 5112 2468 5168 stolos
2508 5110 2697 5167 Mariae
2729 5110 3054 5178 moriturae,
3088 5111 3592 5179 imodormiturae,
3625 5118 3681 5169 et
3711 5115 3906 5171 caelos

2285 5182 2687 5246 assumendae,
2715 5181 3053 5253 subitonec
3080 5189 3469 5253 exspectatas,
3497 5199 3607 5238 nec
3641 5186 3772 5240 sine
3793 5186 3908 5242 ful-

2287 5255 2462 5310 minis
2494 5271 2560 5309 ac
2588 5254 2891 5308 turbinum
2919 5252 3478 5323 fragore,’adstisse,
3506 5271 3576 5310 ac
3609 5256 3902 5313 feretrum

2286 5327 2342 5380 in
2372 5327 2652 5401 humeros
2675 5322 3218 5401 sustulisse,75pvo¢;
3246 5328 3336 5378 καὶ
3375 5345 3626 5398 φωτισμῳ
3649 5331 3910 5401 τόῌσῷμα

2284 5406 2376 5470 τῆς
2423 5399 2682 5470 Παρθένου
2737 5401 2860 5469 πρός
2897 5398 2953 5450 τό
2992 5405 3174 5470 μνῆμα
3250 5397 3436 5469 τιμίως
3500 5397 3591 5450 καὶ
3669 5397 3908 5464 εὐλαϐῶς

2284 5466 2609 5530 ξοδευοντας.

2353 5540 2434 5615 (5)
2456 5538 2783 5615 Respicitur
2812 5537 3102 5615 parabole.
3127 5537 3201 5615 de
3216 5537 3544 5615 virginibus
3567 5539 3906 5615 fatuiapud

2284 5608 2482 5668 Matth.
2514 5608 2636 5676 xiv,
2670 5613 2755 5679 10,
2785 5608 2874 5661 καὶ
2905 5608 3144 5666 ἐκλείσθη
3173 5612 3204 5667 ἡ
3233 5612 3384 5685 θύρα.
