4120 6398
241 371 377 430 1525

239 490 396 545 ἃλλωι
416 491 588 548 δοκεῖν
619 499 1026 572 μεναλαγχάνειν
1065 525 1078 536 °

237 582 408 654 πολλῷ
456 591 760 661 τιμιωτέρου
813 598 905 642 τοῦ
991 599 1294 666 γιγνομένου
1375 594 1614 672 κέρδους,
1701 597 1837 667 ἄλλῳ

238 676 342 723 τινὶ
405 693 820 750 παραχωρησεις
874 683 1163 754 ἔμπροσθεν
1221 685 1678 758 καταλαμϐάνεινς
1748 692 1833 745 Μὴ

240 763 306 811 σύ
353 780 413 832 γε
459 766 680 834 πάντως,
729 769 756 818 ό
809 768 1041 840 φιλόθεος
1085 777 1174 824 καὶ
1222 773 1504 847 φιλέορτος,
1563 781 1652 828 καὶ
1737 785 1836 828 τῶν

234 847 404 901 καλῶν
460 850 760 925 ἐπιγνώμων
795 877 807 889 ο
867 857 992 930 ἀλλ’,
1060 859 1108 912 ἐν
1163 862 1409 921 αἰσθήσει
1492 873 1592 917 τῶν
1649 871 1836 939 παρόν-

233 957 333 989 των
367 944 652 1012 γενόμενος,
685 963 854 1016 ταχυς
881 950 1068 1002 σύνεσο
1106 957 1212 1012 τοῖς
1242 952 1578 1025 τελουμένοις.

305 1123 414 1168 Νῦν
437 1124 580 1178 κοινὴ
610 1129 901 1199 πανήγυρις
931 1126 1245 1202 ἐπουρανίων
1297 1136 1385 1183 καὶ
1422 1140 1522 1183 τῶν
1575 1132 1830 1204 ἐπιγείων.

233 1211 342 1256 Νῦν
369 1207 562 1294 οἰνωθεν
601 1209 810 1282 ἄγγελοι
882 1222 1145 1280 κατιόντες
1190 1218 1300 1291 μεθ’
1355 1222 1501 1292 ἡμῶν
1558 1226 1834 1294 μίγνυνται

232 1312 334 1345 των
355 1293 635 1370 ἀνθρώπων
678 1322 690 1333 ο
728 1309 816 1353 νῦν
847 1304 1112 1378 ἄνθρωποί
1155 1313 1456 1380 προσιόντες
1505 1311 1576 1372 εἰς
1643 1317 1832 1365 ταυτὸν

234 1384 428 1441 ἦκόυσι
456 1394 561 1448 τοῖς
591 1388 848 1462 ἀγγέλοις,
883 1398 971 1446 καὶ
1008 1402 1134 1466 μιᾶς
1166 1393 1232 1455 δὴ
1292 1418 1430 1460 τινος
1481 1402 1546 1460 ὡς
1594 1399 1677 1454 ἐπὶ
1735 1422 1831 1473 χο-

231 1476 376 1543 ρείας
408 1475 458 1525 ἓν
523 1472 722 1546 ᾄδουσι
777 1481 947 1552 μέλος,
1030 1489 1124 1542 τὴν
1205 1489 1462 1558 Παρθένον
1533 1472 1825 1562 ὑμνοῦντες.

233 1566 339 1612 Νῦν
379 1568 490 1651 -καὶ
547 1571 794 1639 Χριστὸς,
834 1574 992 1642 μέσον
1053 1582 1153 1624 τῶν
1221 1575 1566 1648 ἑορταζόντων
1625 1583 1830 1651 γενόμε-

231 1668 333 1718 νος,
368 1648 435 1702 ὧν
465 1650 614 1706 οὐδέν
654 1656 748 1708 οῦκ
807 1661 944 1711 ἔστιν
997 1661 1238 1734 οὐμενοῦν
1285 1669 1442 1717 εἰπεῖν
1500 1667 1699 1737 μεῖζον,
1752 1669 1830 1720 εῦ-

231 1737 427 1810 λογίαις
455 1739 720 1813 ἀμείϐεται
780 1765 873 1806 την
940 1753 1211 1822 Παρθένον.
1268 1760 1375 1806 Νῦν
1423 1755 1580 1816 αὐτὸς
1635 1758 1660 1808 ὁ
1701 1762 1831 1821 Θεὸς

1305 384 1397 439 DE
1417 382 1635 441 FESTO
1698 381 2150 440 DOBMITIONIS
2181 384 2236 440 S.
2285 386 2524 442 ΜΑΗΙᾹΞ

1132 512 1219 556 νῦν
1279 504 1338 559 δὲ
1397 516 1642 560 τοσοῦτον
1700 512 1814 559 ὅντο

1947 505 2093 561 alios
2120 507 2350 578 primus
2372 509 2589 577 gestias
2611 509 2671 563 in
2700 510 2930 578 partem
2961 505 3090 575 ejus
3145 505 3368 572 venire,
3430 522 3606 564 num.

3463 385 3600 446 152.6

1946 597 2091 668 quid
2112 615 2272 654 nunc
2298 599 2427 654 aliis
2455 599 2712 655 dimittes
2733 601 2969 653 tantum
3001 595 3260 651 fructum
3316 598 3603 654 omnibus

1945 687 2123 756 longe
2171 690 2672 758 praestantiorem,
2726 686 3038 756 negligens
3088 684 3258 739 illum
3301 686 3600 757 imprimis

1943 775 2206 833 lucrari?
2243 781 2640 850 Nequaquam
2673 777 2755 832 ita
2779 777 2873 841 sit,
2897 790 2934 830 ο
2960 773 3280 846 philothee,
3313 775 3412 847 qui
3436 775 3600 831 festis

1944 864 2259 922 delectaris
2279 870 2336 921 et
2366 866 2667 922 bonorum
2697 863 2925 936 probus
2951 878 3014 918 es
3043 861 3264 918 arbiter
3293 880 3306 930 ;
3332 862 3440 918 sed
3461 879 3600 919 cum

1945 969 2191 1008 sensum
2221 953 2448 1010 habeas
2467 953 2874 1026 praesentium,
2896 951 3194 1007 bonorum
3224 950 3477 1022 impigre
3508 968 3600 1007 as-

1943 1042 2114 1098 sistas
2149 1043 2650 1100 solemnitatibus.

2013 1135 2177 1188 Nunc
2207 1133 2367 1188 enim
2398 1133 2683 1189 festivitas
2699 1132 2869 1187 adest
2916 1129 3256 1186 communis
3304 1130 3598 1186 caelitibus

1941 1227 1998 1277 ct
2025 1223 2418 1278 terrestribus.
2444 1225 2609 1278 Nunc
2637 1220 2834 1291 angeli
2854 1220 3017 1276 ciues
3047 1219 3292 1290 superni
3308 1219 3384 1275 de
3433 1219 3597 1276 caelis

1940 1310 2369 1368 descendentes
2398 1312 2726 1368 miscentur
2744 1308 2920 1365 nobis
2947 1308 3298 1364 hominibus
3361 1326 3374 1364 :
3431 1323 3597 1364 nunc

1939 1400 2214 1455 homines
2252 1399 2643 1456 ascendentes
2705 1396 2933 1466 angelis
2991 1403 3336 1465 occurrunt,
3403 1402 3467 1453 ut
3533 1398 3596 1454 in

1939 1503 2131 1543 unum
2151 1490 2402 1544 chorum
2431 1487 2698 1553 adunati,
2733 1485 2986 1541 melodis
3007 1484 3259 1540 vocibus
3287 1491 3590 1558 canentes,

1937 1575 2148 1633 laudes
2161 1578 2366 1634 dicant
2379 1577 2627 1648 Virginis
2641 1620 2653 1632 .
2680 1579 2842 1632 Nunc
2861 1575 3040 1632 etiam
3072 1574 3337 1630 Christus
3353 1574 3593 1630 medius

1937 1667 2089 1722 inter
2114 1667 2330 1722 festum
2355 1667 2725 1722 celebrantes
2746 1663 3028 1720 laudibus
3049 1663 3271 1735 quibus
3297 1663 3445 1719 nihil
3463 1679 3592 1719 ma-

1937 1756 2313 1826 gniﬁcentius
2342 1756 2458 1811 dici
2484 1759 2700 1828 potest,
2731 1755 2924 1808 vicem
2945 1751 3161 1821 Virgini
3188 1751 3400 1808 reddit.
3425 1755 3591 1808 Nunc

229 1825 442 1890 ἐπιστὰς
507 1835 600 1888 τὴν
645 1839 847 1904 μητέρα
910 1840 1292 1909 μετακαλεῖται,
1344 1849 1433 1894 καὶ
1502 1848 1597 1902 τὴν
1662 1866 1818 1898 πανα-

1936 1825 2064 1915 ipse
2095 1847 2248 1899 Deus
2287 1860 2319 1900 e
2357 1825 2507 1900 coelo
2565 1842 2992 1914 superveniens
3037 1843 3277 1896 Matrem
3325 1845 3593 1900 revocat:

227 1921 346 2006 ytaw
402 1921 597 1983 ταύτης
651 1921 838 1994 ψυχὴν
890 1925 938 1978 ἐν
985 1936 1097 1990 τοῖς
1146 1930 1357 1994 κόλποις
1424 1931 1825 2006 ὑποδεξάμενος,

227 2003 294 2065 εἰς
361 2006 604 2079 οὐρανοὺς
648 2009 904 2086 ἀναφέρει,
972 2023 1377 2090 προπεμπόντων
1436 2020 1662 2094 ἀγγέλων
1737 2030 1827 2078 καὶ

225 2097 318 2155 τὰς
339 2095 562 2159 αἰνέσεις
616 2099 965 2172 πληροῦντων.
1021 2114 1129 2158 Νῦν
1191 2110 1220 2166 η
1283 2113 1537 2184 ΙΙαρθένος
1602 2119 1692 2165 καὶ
1752 2122 1824 2184 τῷ

221 2189 423 2256 σώματι
473 2189 787 2259 μεθίσταται
844 2197 935 2258 μὲν
993 2198 1159 2268 ἡμῶν,
1224 2199 1316 2251 οὐκ
1377 2199 1662 2272 ἀφίσταται
1740 2201 1822 2258 δὲ»

220 2282 424 2347 φρουρεῖ
457 2272 508 2328 δ’
548 2275 738 2332 ἀνωθεν
813 2283 1172 2338 ἕποπτεύουσα
1228 2285 1325 2362 δή
1357 2290 1693 2363 αἰῶνοςΊΝῦν
1742 2290 1825 2345 δεῖ

217 2366 306 2413 καὶ
363 2365 524 2436 ἡμᾶς,
583 2375 682 2418 τῶν
747 2369 908 2422 ἀλλων
961 2376 1165 2426 πάντων

217 2451 364 2514 ὅλους
420 2463 513 2516 τῆς
564 2456 746 2529 ἑορτῆς
800 2464 1060 2531 γενέσθαι,

1659 2381 1823 2442 αὐτῆς

1155 2464 1528 2540 εὐφημοῦντας,
1602 2469 1820 2542 ψάλλον-

217 2560 329 2602 τας,
394 2543 858 2618 εὐχαριστοῦντας,
907 2553 1058 2604 πάνθ’
1114 2554 1212 2606 ὃσα
1271 2560 1394 2630 πρὸς
1461 2562 1616 2629 χρέος
1695 2561 1820 2632 ἡμῖν

218 2632 334 2686 ἣκει
358 2635 492 2684 κατὰ
545 2636 603 2686 τό
655 2633 876 2690 δυνατὸν
923 2642 1262 2713 πληροῦντας.
1337 2652 1436 2699 Καὶ
1491 2655 1616 2717 γοῦν
1655 2648 1818 2712 οὕτως

220 2736 382 2771 ισται.

1260 2376 1560 2450 ἀφεμένους,

224 2895 268 2908 m
288 2813 359 2908 Σῦ
392 2808 463 2879 δ’,
508 2814 547 2864 ὧ
600 2824 736 2870 Θεοῦ
801 2827 982 2894 μῆτερ,
1030 2823 1248 2895 εὐμενῶς
1317 2823 1506 2898 δέχου,
1566 2835 1656 2882 καὶ
1715 2839 1818 2892 τοῖς

215 2897 268 2999 ἐξ
309 2901 804 2999 ἔθουςΔοΔὶκτιρμοῖς
860 2915 1132 2984 χρωμένη,
1187 2919 1338 2988 τρέπε
1381 2897 1385 2898 7
1423 2921 1512 2989 μεν
1591 2918 1812 2993 ἐχθροὺς

217 2989 416 3058 ἀφανῶς
463 2989 770 3065 βάλλοντας,
831 3001 964 3051 ὥστε
1012 2999 1178 3073 μηδὲν
1241 3006 1376 3076 ἡμᾶς
1429 3005 1481 3068 ἐξ
1533 2989 1811 3072 ἐπιϐουλῆς

215 3075 382 3128 αὐτῶν
431 3078 693 3154 μηδαμῶς
756 3084 1085 3157 βλάπτεσθαι
1153 3114 1164 3125 ·
1234 3075 1383 3166 τρέπε
1449 3093 1508 3148 δὲ
1577 3102 1699 3160 τοὺς
1760 3099 1810 3151 ἐν

215 3173 286 3235 τῷ
351 3179 548 3242 φανερῷ
611 3173 980 3247 πολεμοῦντας,
1046 3185 1136 3232 καὶ
1200 3179 1294 3234 διὰ
1355 3190 1542 3247 παντὸς
1609 3185 1811 3241 δείκνυε
1849 3212 1889 3266 C

213 3258 331 3307 κενά
379 3260 728 3324 σκευάζοντας
778 3273 868 3318 και
921 3267 1234 3339 μελετῶντας
1310 3275 1460 3327 πάνθ’
1538 3278 1639 3328 ὅσα
1711 3274 1808 3336 δη-

212 3348 376 3396 λονότι
391 3349 522 3441 ἐιαθ’
553 3352 698 3422 ἡμῶν
734 3357 1055 3417 σκευάζουσι
1099 3365 1189 3412 καὶ
1233 3361 1503 3433 μελετῶσι.
1571 3367 1811 3441 Σῦντριϐε

211 3452 298 3484 και
324 3434 475 3498 τόξον
500 3445 602 3490 πᾶν
639 3444 756 3494 καθ’
787 3445 932 3516 ἡμῶν
981 3446 1334 3522 ἐντεινόμενον,
1404 3457 1484 3525 (1)
1551 3475 1641 3507 και
1686 3434 1810 3530 ρόμ-

211 3527 367 3592 φαίαν
436 3533 738 3600 κινουμένην
787 3531 868 3585 ἐπὶ
941 3541 1059 3597 τοὺς
1102 3547 1370 3602 κινοῦντας
1415 3548 1618 3616 στρέφε.
1682 3527 1812 3618 Πρό-

211 3615 369 3671 στηθι
417 3612 664 3681 διηνεκὴς
727 3627 1027 3696 πρόμαχος,
1081 3633 1175 3686 τὴν
1226 3635 1322 3688 σὴν
1365 3633 1637 3686 ἐκτείνασα
1683 3656 1810 3708 κρα-

209 3704 359 3754 ταιὰν
410 3703 590 3780 χεῖρα,
646 3729 735 3762 και
788 3711 947 3783 βάλλε
1002 3718 1144 3769 κάτω
1208 3721 1424 3791 κεφαλὰς
1514 3703 1804 3795 δυσμενων,

207 3791 344 3883 μεθ’,
387 3794 519 3856 ὅσης
578 3805 672 3858 τῆς
733 3800 923 3872 ὕϐρεως
985 3806 1108 3878 ὁρᾷς
1183 3809 1373 3861 ὁπόσον
1445 3791 1804 3883 ἐπαιρόμίναςλ

212 3875 351 3932 Ἱδοὺ
384 3901 468 3934 σοι
493 3890 745 3960 πρόσιμεν
789 3892 940 3962 ἡμεῖς
991 3894 1084 3945 οῦκ
1136 3896 1210 3968 ἐφ’
1251 3899 1502 3970 οῖρμασιν,
1553 3899 1666 3954 οὐδ’
1727 3907 1806 3955 ῖπ-

208 3988 345 4034 ποις,
405 3969 521 4024 οὐδ’
587 3979 670 4048 ἐπὶ
713 3978 949 4054 ῥομφαίᾳ
995 4003 1082 4035 και
1125 3985 1312 4052 τόξοις,
1369 3986 1444 4041 ἐπ’
1496 3987 1670 4044 οὐδενί
1709 4001 1806 4044 των

205 4061 449 4111 τοιούτων
485 4064 680 4120 ἣκιστα
738 4068 1040 4144 θαρροῦντες
1071 4094 1084 4105 ο
1138 4078 1245 4126 ἐπεὶ
1298 4081 1386 4129 καὶ
1439 4082 1603 4152 μικρά
1638 4083 1807 4134 πάντα

205 4167 296 4198 και
317 4149 504 4220 φαῦλα,
546 4151 640 4204 κᾶν
667 4155 821 4208 ὁποῖά
858 4179 958 4226 τις,
1020 4160 1114 4212 κᾶν
1163 4165 1336 4217 ὁπόσα
1395 4186 1475 4228 τις
1519 4171 1657 4228 εἵπη,
1715 4190 1806 4222 και

206 4235 489 4332 εἰς’-οῦδὲν
531 4239 796 4332 ,οὐδαμῶς
853 4247 1029 4320 ὄφελος
1091 4260 1199 4315 τοῖς
1237 4260 1308 4325 μὴ
1369 4264 1486 4319 ταῖς
1550 4228 1680 4332 πρός
1748 4262 1805 4311 σε

201 4325 393 4419 μάλλον
430 4328 660 4405 στερραῖς
713 4334 886 4389 ἐλπίσι
977 4340 1444 4416 καθωπλισμένοις,
1503 4325 1598 4398 ἀν’
1656 4349 1804 4419 ἡμεῖς

202 4416 378 4478 πάσας
435 4421 518 4470 ἐπὶ
568 4424 624 4474 σὲ
680 4423 848 4488 καλῶς
899 4430 1116 4501 θέμενοι,
1175 4437 1247 4504 μὴ
1298 4439 1540 4508 πέσοιμεν
1603 4437 1656 4498 ἐξ
1712 4436 1803 4489 αῦ-

202 4512 324 4569 τῶν,
355 4503 494 4577 μηδὲ
525 4515 797 4584 φανείημεν
828 4503 1268 4592 κατησχυμμένοι
1302 4545 1314 4557 ο

199 4601 523 4689 τοῦνταςΔέν
589 4607 742 4654 παντί
805 4609 982 4680 χρόνῳ
1078 4608 1313 4686 φαιδρῶς
1411 4620 1804 4689 πανηγυρίζειν,

200 4702 292 4734 και
321 4683 480 4742 τήνδε
512 4692 606 4746 την
673 4690 854 4764 ἑορτὴν
921 4683 1240 4752 ἀκατάλυτόν
1300 4698 1428 4755 εἶναι
1481 4683 1640 4757 δίδου
1713 4702 1806 4757 διὰ

199 4779 388 4838 παντὸς
425 4778 632 4843 αἰῶνος,

375 4958 728 5048 Respicitur‘
744 4965 831 5048 Pls.
863 4981 1050 5048 th'XVI,
1089 4969 1172 5034 14,
1201 4973 1294 5048 _I_5,
1315 4968 1594 5048 Ῥομφαίαν
1641 4975 1801 5025 ἐσπά-

203 5045 352 5093 σαντ,
405 5033 455 5081 οἰ
491 5033 816 5104 ἀμαρτωλοίο
868 5033 1114 5090 ἐνέτειναν
1158 5033 1303 5102 τόξον
1361 5033 1529 5094 αὖτῶν
1604 5087 1651 5098 ..
1677 5087 1687 5098 .
1743 5051 1784 5096 Η

1935 1943 1994 1991 et
2029 1935 2159 2008 ejus
2189 1935 2573 2006 purissimam
2605 1932 2936 2004 suscipiens
2977 1931 3250 1987 animam
3279 1931 3342 1986 in
3367 1930 3588 1987 coelum

1935 2013 2142 2092 elevat,
2175 2025 2402 2095 angelis
2431 2022 2868 2080 deducentibus
2901 2037 3036 2076 eam
3088 2021 3148 2076 in
3205 2019 3587 2077 multitudine

1932 2114 2396 2185 laudum.,Nunc
2416 2114 2591 2183 Virgo
2631 2112 2810 2168 etiam
2830 2109 3063 2183 corpori
3079 2113 3284 2165 nostro
3309 2110 3586 2182 proxima

1932 2203 2306 2260 constituitur
2336 2222 2352 2273 ;
2379 2217 2691 2273 nunquam
2713 2200 2873 2264 enim
2905 2214 3018 2254 nos
3047 2197 3254 2263 oblita,
3304 2198 3378 2254 de
3434 2198 3584 2254 cmlo

1930 2291 2187 2365 despicit
2206 2296 2263 2348 et
2283 2291 2543 2346 custodit
2570 2290 2631 2350 in
2684 2287 2921 2344 saecula.
2974 2289 3139 2343 Nunc
3197 2302 3336 2358 ergo
3411 2302 3587 2358 opor-

1932 2385 2008 2436 tet
2036 2388 2100 2437 ut
2147 2397 2281 2452 nos,
2334 2380 2560 2436 caeteris
2613 2377 2896 2436 omnibus
2934 2376 3370 2450 prastermissis,
3416 2377 3584 2433 omni

1929 2470 2223 2526 festivitati
2243 2470 2529 2524 interesse
2551 2467 2977 2530 acclamantes,
2996 2463 3337 2537 psallentes,
3362 2465 3586 2534 gratias

1929 2563 2196 2629 agentes,
2227 2557 2424 2614 ofﬁcio
2452 2560 2656 2612 nostro
2678 2557 2761 2610 sic
2786 2570 2896 2627 pro
2916 2569 3099 2626 posse
3129 2552 3582 2622 satisfacientes,

1929 2649 2264 2717 fungentes.
2302 2649 2366 2702 Et
2387 2652 2541 2702 certe
2571 2645 2654 2700 sic
2685 2645 2813 2700 erit.

2001 2829 2091 2884 Tu
2112 2844 2274 2894 vero,
2317 2844 2353 2884 ο
2379 2830 2556 2883 Mater
2579 2826 2698 2888 Dei,
2731 2824 2988 2894 benigne
3045 2838 3158 2879 nos
3209 2823 3464 2895 suscipe,
3525 2828 3582 2879 et

1929 2917 2116 2974 solitas
2147 2932 2381 2972 memor
2408 2915 2659 2988 pietatis,
2686 2915 2888 2968 hostes
2919 2911 3184 2984 ‘proﬂiga
3204 2911 3308 2984 qui
3346 2926 3458 2967 nos
3495 2910 3580 2968 la-

1928 3012 2116 3063 tenter
2145 3006 2465 3074 lacessunt,
2491 3019 2566 3060 ne
2615 3018 2886 3075 unquam
2940 3016 3012 3057 ex
3073 3016 3282 3057 eorum
3347 3000 3580 3056 insidiis

1929 3095 2158 3151 malum
2187 3095 2452 3150 feramus
2481 3098 2539 3149 et
2566 3093 2860 3148 damnum
2896 3108 2910 3156 ;
2949 3090 3179 3162 dissipa
3208 3105 3452 3162 quoque
3479 3105 3582 3146 eos

1928 3201 2067 3240 cum
2080 3184 2392 3240 manifeste
2407 3187 2698 3255 pugnant,
2717 3183 2771 3236 in
2783 3179 3068 3236 omnibus
3087 3178 3408 3235 ostendens
3419 3193 3581 3236 vana

1930 3289 2057 3328 esse
2088 3290 2222 3346 quae
2252 3277 2468 3344 parant
2497 3277 2552 3327 et
2571 3269 2898 3327 moliuntur
2927 3273 3134 3325 contra
3153 3283 3265 3324 nos
3294 3267 3580 3325 continuo

1930 3368 1985 3418 et
2012 3362 2276 3433 undique
2299 3362 2694 3431 insurgentes.
2736 3367 2951 3413 Arcum
3007 3356 3314 3426 confringe
3372 3359 3582 3412 contra

1866 3443 1870 3445 Α
1930 3467 2039 3507 nos
2068 3451 2381 3521 intentum,
2411 3455 2469 3506 et
2501 3449 2770 3519 gladium
2800 3463 2923 3519 quo
2943 3446 3203 3518 petimur
3249 3450 3458 3502 contra
3503 3445 3583 3501 vi-

1929 3540 2171 3595 brantes
2187 3539 2351 3611 ipsos
2377 3543 2674 3593 converte.
2702 3536 2883 3592 Nobis
2902 3535 3111 3591 adesto
3142 3539 3426 3590 constans
3448 3548 3583 3606 pro-

1929 3631 2248 3699 pugnatrix
2275 3635 2332 3682 et
2357 3633 2630 3699 patrona,
2649 3625 2974 3681 extendens
2993 3628 3298 3696 potentem
3323 3639 3577 3680 manum

1929 3725 2093 3774 tuam
2118 3723 2180 3773 ut
2199 3722 2471 3774 conteras
2492 3717 2690 3788 capita
2709 3714 3094 3771 insolentium
3110 3713 3401 3780 hostium,
3425 3729 3580 3784 quos

1925 3807 2093 3863 vides
2111 3807 2336 3863 malitia
2353 3823 2462 3862 sua
2481 3810 2537 3862 et
2553 3804 2839 3876 superbia
2852 3819 3038 3876 supra
3051 3801 3300 3858 modum
3313 3801 3576 3858 inﬂatos.

1929 3900 2069 3952 Ecce
2091 3897 2196 3953 tibi
2223 3897 2593 3952 occurrimus
2623 3910 2742 3950 non
2806 3894 2868 3950 in
2921 3892 3215 3960 curribus,
3271 3907 3468 3964 neque
3515 3892 3579 3948 in

1925 3985 2117 4057 equis,
2140 4001 2336 4057 neque
2353 3985 2412 4040 in
2436 3984 2657 4053 gladio,
2697 3998 2891 4054 neque
2907 3981 2966 4037 in
2979 3981 3207 4051 sagittis
3220 3984 3276 4036 et
3293 3980 3574 4053 arcubus,

1923 4076 1983 4130 in
2006 4075 2169 4130 nullo
2191 4091 2399 4130 eorum
2423 4073 2516 4128 vel
2531 4073 2848 4128 minimum
2863 4070 3244 4138 conﬁdimus,
3260 4070 3412 4126 adeo
3439 4074 3579 4126 sunt

1925 4181 2114 4237 parva
2143 4170 2198 4220 et
2231 4163 2450 4219 debilia
2476 4167 2623 4235 quot
2651 4168 2706 4216 et
2735 4166 3205 4234 quantacunque
3234 4159 3369 4231 quis
3395 4159 3576 4228 dicat,

1924 4261 1980 4310 et
2007 4255 2140 4326 ipsa
2162 4253 2495 4326 suntplane
2546 4252 2777 4308 inutilia
2840 4250 2953 4305 illis
3019 4249 3121 4322 qui
3179 4264 3300 4304 non
3357 4248 3575 4303 ﬁrmis-

1924 4345 2078 4400 sima
2099 4360 2201 4416 spe
2225 4345 2284 4399 in
2319 4351 2486 4399 tuum
2518 4342 2806 4398 auxilium
2837 4339 3302 4410 praecinguntur.
3337 4341 3402 4394 Et
3440 4354 3574 4408 nos,

1923 4436 2269 4508 plenissime
2291 4437 2349 4489 in
2365 4440 2416 4489 te
2431 4433 2664 4502 contisi,
2679 4447 2992 4504 nunquam
3008 4430 3360 4501 dejiciemur
3372 4429 3450 4485 ab
3462 4429 3576 4502 eis,

1366 4521 1524 4576 δίδου
1571 4522 1629 4578 δὲ
1676 4545 1804 4599 κρα-

1935 4541 2120 4596 neque
2141 4525 2280 4580 victi
2301 4523 2752 4596 apparebimus.
2792 4524 2957 4576 Dona
2979 4535 3121 4590 ergo
3149 4523 3209 4574 ut
3230 4521 3577 4574 constanter

1925 4630 2030 4685 per
2067 4630 2246 4669 omne
2277 4617 2514 4685 tempus
2540 4617 2824 4667 statutum
2849 4608 3160 4682 splendide
3200 4607 3573 4664 celebremus

1923 4703 2036 4757 hoc
2057 4703 2296 4768 festum,
2314 4707 2369 4756 et
2387 4717 2489 4773 per
2503 4701 2702 4773 ipsum
2718 4699 2780 4755 in
2795 4699 3012 4755 festum
3023 4702 3312 4754 aeternum
3325 4698 3576 4753 transire

1921 4807 2028 4865 per
2051 4791 2256 4848 omnia
2286 4790 2526 4847 saecula.

1917 4975 2150 5080 ῥομφαία
2196 4973 2363 5024 αὐτῶν
2421 4971 2639 5024 εἰσελθοι
2688 4990 2754 5030 εις
2788 4974 2880 5027 τὴν
2921 4965 3146 5043 καρδίαν
3178 4967 3346 5018 αὐτῶν
3375 4984 3465 5016 και
3504 4963 3571 5016 τά

1918 5049 1975 5080 an;
2013 5065 2043 5080 η
2065 5044 2232 5080 ruis-in.
2264 5043 2559 5080 κνικιφῆιξςίνὶ

1918 5043 2044 5106 τόξα
2065 5044 2232 5096 αὐτῶν
2264 5043 2559 5116 συντριϐείη
2571 5085 2582 5096 .
