4120 6426
283 381 421 438 1529
1284 378 1692 440 ALEXANDBI
1731 380 1803 438 IV
1841 379 2297 452 CONSTITUTIQ
2337 384 2616 444 CYPRIA.
3501 383 3641 446 1530

282 504 692 577 suscipiatque
750 503 1010 572 nomine,
1067 506 1276 577 fausto
1342 508 1549 580 utique
1606 507 1910 579 feticique.
1965 507 2211 578 Aspiret
2271 510 2430 568 Deus
2492 514 2513 578 t
2571 510 2820 569 Interim
2888 509 3164 568 demittat
3196 523 3257 567 se
3314 511 3638 580 paululum

282 597 358 652 E.
385 597 472 662 T.,
509 597 915 652 laxamentum
943 595 1138 665 capiat
1193 612 1495 663 curarum,
1555 601 1611 654 et
1679 597 1918 653 blandis
1982 599 2325 656 litterarum
2376 602 2687 658 lenociniis
2735 601 3022 658 animitus
3084 600 3422 657 blandienti
3458 603 3642 672 plau-

281 686 389 742 dat
421 685 624 742 catulo
674 699 745 741 ac
773 685 1098 756 longojam
1129 685 1336 744 labore
1354 686 1531 757 fesso,
1585 687 1952 761 deciduoque
2005 689 2222 747 sudore
2265 695 2514 762 gravato
2554 695 2610 748 et
2670 690 2990 748 anhelanti
3033 693 3312 748 occurrat
3365 690 3635 762 benigne,

281 777 592 848 ipsumque
611 776 852 845 pariter
874 789 947 833 ac
961 776 1234 845 pradam
1263 778 1392 847 ejus
1417 792 1493 834 ex
1511 793 1614 834 ore
1635 778 1986 848 pendentem
2011 780 2466 850 gratulabundo
2486 782 2662 839 vultu
2687 781 2994 853 passisque
3045 781 3208 838 ulnis
3259 782 3638 852 amplectere.

350 901 406 960 E
431 903 605 961 domo
625 901 680 960 S.
704 903 963 992 dndrew
986 904 1060 962 de
1095 905 1266 966 Urbe.
1305 905 1562 965 Kalend.
1592 905 1793 976 Febr.,
1819 920 1981 965 anno
2025 910 2184 969 1636.
2461 989 2470 998 .

2223 1034 2298 1094 E.
2337 1034 2402 1092 T.
2433 1034 2810 1094 humillimus
2828 1049 3035 1094 seruus

2157 1161 2310 1218 VIHC.
2379 1162 2721 1230 RICCAnuus,
2791 1161 2950 1228 Cler,
3009 1161 3152 1232 Reg.

291 1345 1363 1381 ψ

1367 1351 3610 1390 m

733 1541 1100 1684 CON
1115 1542 2120 1688 STITUTION
2129 1546 2302 1687 IS
2404 1547 3176 1689 CYPRUE

1739 1826 2214 1921 HISTORIA

711 2039 1232 2108 AVINCENTIO
1279 2038 1736 2121 RICCARDO,
1783 2041 2146 2111 CLERICO
2191 2045 2662 2126 REGULARI,
2704 2046 3196 2120 ADORNATA.

345 2418 592 2490 Cyprus,
625 2415 961 2490 Pamphylii
998 2417 1181 2474 maris
1222 2416 1440 2488 insula,
1487 2417 1697 2492 procul
1734 2433 1771 2476 a
1805 2419 2130 2477 continenti
2184 2420 2459 2489 discreta,
2510 2423 2589 2482 ad
2631 2427 2828 2483 ortum
2877 2438 3282 2497 occasumque
3332 2421 3541 2481 Ciliciae
3569 2437 3642 2480 ac

275 2508 461 2581 Syriae
483 2507 743 2579 objecta,
778 2508 1074 2581 portubus
1122 2508 1421 2576 distincta,
1450 2497 2220 2582 lociamasnitate'summa,
2257 2511 2559 2570 feracitate
2608 2513 2942 2587 multiplici,
2980 2529 3166 2586 opum
3206 2513 3643 2586 copiarumque

270 2596 541 2654 ubertate
576 2595 730 2651 adeo
751 2595 986 2665 referta,
1015 2598 1079 2652 ut
1103 2597 1237 2668 jure
1265 2597 1522 2654 Macario.
1552 2597 1626 2653 sit
1654 2603 1873 2656 vocata
1924 2616 1938 2655 :
2013 2600 2211 2674 seipsa
2260 2601 2568 2673 nimirum,
2605 2604 2974 2661 caducarum
3031 2602 3378 2677 opulentia;
3415 2616 3638 2667 rerum,

275 2683 418 2745 felix
446 2699 516 2741 ac
549 2683 769 2756 beata;
803 2701 1018 2741 novem
1048 2685 1319 2763 quodam
1374 2701 1699 2757 regnorum
1729 2687 1919 2760 sedes,
1982 2690 2237 2747 Romani
2271 2690 2414 2748 olim
2481 2693 2688 2766 populi
2747 2692 3060 2751 tributaria
3130 2710 3144 2761 ;
3210 2691 3288 2748 ab
3347 2689 3639 2763 apostolis

272 2773 421 2846 ipsis
451 2773 794 2831 Christiana)
815 2773 956 2830 ﬁdei
991 2774 1387 2831 sanctissimis
1415 2774 1677 2833 formata
1706 2777 1988 2836 institutis
2018 2795 2032 2835 :
2068 2780 2269 2837 Graeco
2295 2786 2362 2836 ut
2414 2781 2673 2855 eloquio,
2737 2783 2824 2840 sic
2869 2783 2986 2839 ritu
3035 2782 3132 2856 pie
3184 2779 3641 2852 orthodoxoque

269 2862 394 2921 fere
453 2879 696 2936 semper
748 2862 913 2921 culta
979 2881 993 2931 ;
1054 2867 1472 2936 Agarenorum
1536 2864 1803 2922 crebrius
1855 2883 2065 2939 pressa
2109 2870 2450 2942 tyrannide,
2499 2871 2725 2945 pluries
2762 2889 2799 2929 a
2851 2872 3064 2929 Graecis
3114 2869 3336 2945 quibus
3389 2868 3645 2943 parebat

269 2952 737 3026 imperatoribus
767 2952 1184 3010 iniibertatem
1206 2958 1436 3011 asserta
1471 2971 1485 3022 ;
1515 2953 1877 3012 duodecimo
1908 2957 2154 3014 tandem
2179 2975 2218 3015 a
2249 2959 2480 3016 Christo
2502 2961 2745 3034 saeculo,
2771 2963 3005 3033 Graecis,
3063 2960 3142 3017 ob
3173 2974 3398 3016 saevam
3419 2973 3639 3019 eorum

270 3041 333 3102 in
370 3041 595 3113 Anglos
626 3042 1154 3109 inhumanitatem,
1194 3059 1352 3117 quos
1378 3048 1668 3117 quassata
1696 3044 1884 3102 classe
1913 3046 1974 3102 in
2007 3047 2224 3120 Cypria
2253 3047 2452 3105 littora
2490 3050 2798 3107 exanimes
2836 3051 3131 3124 impactos
3178 3046 3638 3105 exturbantibus

271 3146 342 3188 ac
365 3131 882 3206 protrudentibus,
928 3132 1177 3205 Anglica
1199 3133 1297 3190 illa
1337 3133 1552 3192 martia
1598 3134 1813 3191 virtute
1864 3134 2180 3194 Heliadum
2219 3139 2524 3212 oppressis
2564 3139 2916 3214 abactisque
2961 3139 3218 3196 ducibus
3255 3154 3293 3195 a
3342 3135 3638 3196 Richardo

267 3221 591 3293 Anglorum
660 3236 800 3294 rege
874 3221 1030 3279 ultro
1103 3226 1444 3296 temereque
1531 3224 1831 3293 lacessito,
1912 3226 2111 3284 insula
2161 3227 2413 3286 subacta
2472 3229 2773 3298 universa,
2827 3231 2889 3287 in
2939 3229 3289 3288 Latinorum
3347 3227 3639 3284 ditionem

274 3315 754 3384 potestatemque
810 3312 992 3368 cessit
1050 3329 1062 3368 :
1135 3312 1500 3370 Richardum
1552 3313 1714 3369 enim
1771 3315 2079 3386 invictum,
2137 3335 2318 3393 quem
2384 3319 2650 3377 amicum
2703 3321 2990 3392 rejecerat
3034 3320 3352 3394 hospitem,
3406 3316 3638 3374 violatis

275 3399 516 3474 hospitii
539 3400 778 3472 juribus
810 3401 1112 3458 infensum
1163 3407 1378 3475 postea
1422 3403 1537 3459 sub
1591 3403 1751 3460 malo
1783 3405 2060 3463 sustinuit
2126 3408 2430 3482 sensitque
2481 3409 2736 3467 hostem.
2771 3409 2991 3467 Deinde
3064 3407 3397 3467 Lusianinis
3442 3405 3643 3479 paruit

274 3489 479 3560 Gallis,
542 3491 648 3564 qui
698 3490 864 3562 regio
931 3507 1067 3549 eam
1142 3493 1390 3549 nomine
1464 3509 1501 3550 a
1563 3495 1848 3550 Romanis
1911 3497 2300 3568 pontiﬁcibus
2366 3503 2608 3556 auctam
2655 3499 3116 3574 locupletarunt.
3176 3497 3291 3557 Sed
3348 3496 3636 3568 caedibus,

275 3579 563 3650 dissidiis,
591 3580 986 3638 seditionibus
1012 3581 1299 3640 distracta
1325 3598 1395 3640 ac
1426 3581 1673 3654 foedata,
1714 3584 1776 3639 in
1818 3599 2067 3657 superos
2127 3592 2469 3660 contumax,
2535 3589 2597 3644 in
2635 3604 2811 3661 pares
2848 3589 3138 3659 fastuosa,
3195 3587 3256 3644 in
3301 3589 3642 3643 Romanam

273 3670 483 3728 sedem
514 3671 771 3741 ingrata,
814 3671 1273 3729 eccelesiasticis
1302 3671 1659 3728 fulminibus
1717 3673 1853 3742 icta,
1921 3677 2185 3748 pugnaci
2235 3693 2553 3750 procerum
2597 3693 2667 3734 ac
2696 3678 3026 3751 praesulum
3063 3680 3337 3735 vastatur
3363 3673 3636 3731 dissidio.

273 3763 525 3831 Quocira
549 3763 960 3837 perduellibus
990 3766 1273 3822 Romanae
1293 3764 1417 3821 sedi
1442 3764 1827 3838 pontificibus
1856 3766 2130 3836 extrusis,
2175 3765 2516 3824 Graecanica
2547 3765 2852 3824 eliminata
2903 3767 3175 3840 perﬁdia,
3207 3763 3640 3835 abstractisque

274 3855 733 3928 quatuordecim
759 3856 1097 3912 Graecorum
1141 3856 1562 3929 episcoporum
1605 3855 1872 3926 sedibus,
1936 3855 2338 3912 ecclesiastica
2381 3861 2685 3913 contracta
2726 3857 3061 3930 provincia,
3101 3860 3362 3929 quatuor
3409 3856 3642 3910 tantum

268 3944 453 4001 totius
520 3943 733 4001 insulse
806 3961 844 4002 τι
912 3945 1226 4002 Caelestino
1284 3945 1467 4016 hujus
1535 3945 1798 4001 nominis
1853 3945 2022 4002 tertio
2090 3946 2424 4003 antistitum
2479 3946 2674 4013 sedes,
2718 3947 2960 4004 duobus
3008 3946 3247 4023 cuilibet
3295 3943 3428 4000 urbi
3483 3941 3639 3999 datis

269 4033 651 4107 praesulibus,
688 4034 893 4090 Latino
924 4035 1212 4090 nimirum
1261 4039 1318 4091 ct
1349 4038 1566 4106 Graeco,
1611 4035 1860 4104 singulis
1891 4051 2002 4092 suo
2064 4036 2360 4108 cujusque
2423 4036 2617 4108 patrio
2667 4035 2782 4092 ritu
2834 4036 3142 4108 pontiﬁcia
3187 4033 3396 4090 munia
3429 4031 3491 4087 in
3516 4046 3642 4088 una.

267 4123 604 4197 eademque
625 4123 989 4180 obeuntibus
1020 4123 1186 4180 urbe.
1215 4126 1435 4180 liorurn
1467 4125 1696 4197 primas
1715 4141 1850 4180 cum
1880 4125 2028 4189 olim
2061 4124 2139 4181 ad
2170 4128 2452 4196 quartum
2479 4125 2598 4181 fere
2624 4141 2814 4198 usque
2860 4125 3150 4182 saeculum
3178 4121 3639 4194 metropolitano

277 4213 596 4285 aciusjure
658 4214 985 4287 Paphensis
1034 4218 1190 4270 esset
1237 4213 1752 4287 archiepiscopus,
1806 4213 2025 4270 deinde
2066 4215 2552 4283 Constantiensis,
2617 4214 2980 4271 duodecimo
3043 4214 3289 4270 demum
3320 4228 3357 4268 a
3409 4211 3640 4266 Christo

272 4302 492 4358 saeculo
525 4304 955 4362 Leucosiensis.
987 4303 1224 4375 exstitit,
1257 4302 1494 4360 reddita
1520 4304 1829 4372 Leucosia,
1870 4304 2034 4375 regia
2064 4303 2205 4360 olim
2263 4304 2434 4368 urbe,
2485 4304 2664 4359 totius
2725 4305 2935 4359 insulae
2985 4302 3318 4375 metropoli.
3353 4301 3639 4357 Defuncto

269 4395 472 4449 autem
505 4394 800 4449 Leucosiae
823 4393 1076 4466 praesule
1100 4395 1326 4462 Graeco,
1359 4393 1665 4464 elegerunt
1697 4393 1879 4450 Graeci
1910 4395 2191 4464 gentilem
2217 4411 2396 4449 suum
2443 4395 2828 4462 Germanum,
2874 4393 2998 4465 qui,
3048 4396 3112 4448 ut
3144 4391 3392 4448 urbanae
3423 4389 3638 4460 gentis,

283 4481 366 4536 ita
420 4486 476 4537 et
519 4481 682 4538 urbis
730 4482 1064 4555 insulaeque
1109 4483 1402 4538 universae
1451 4482 1683 4553 integro
1745 4499 1806 4537 se
1866 4482 2166 4556 plenoque
2207 4487 2342 4554 jure
2391 4483 2670 4538 antistem
2723 4483 2951 4539 factum
2992 4487 3176 4549 ratus,
3218 4495 3441 4537 nomen
3466 4478 3641 4549 etjus

271 4571 525 4627 assumit
554 4571 1010 4644 archiepiscopi,
1045 4575 1102 4628 ct
1141 4572 1580 4644 metropolitico
1607 4573 1738 4643 jure
1772 4574 2002 4628 Graecos
2029 4588 2233 4628 omnes
2257 4571 2436 4627 totius
2467 4571 2676 4628 insulae
2706 4587 2828 4627 suae
2859 4570 3098 4627 ditionis
3137 4587 3269 4627 esse
3315 4567 3639 4626 contendit.

271 4660 402 4724 Quo
433 4660 736 4731 pontiﬁcio
753 4661 886 4731 jure
917 4666 970 4716 et
997 4676 1246 4716 munere
1288 4661 1699 4733 perfungente,
1719 4663 1921 4733 -Hugo,
1947 4662 2187 4717 Latinus
2213 4660 2507 4716 Leucosiae
2535 4660 3044 4733 archiepiscopus,
3072 4660 3332 4731 insurgit
3358 4675 3372 4726 ;
3407 4660 3644 4715 Germa-

270 4764 420 4805 num
449 4765 568 4805 non
598 4751 704 4806 rite
738 4749 990 4805 electum
1021 4766 1130 4805 nec
1155 4751 1445 4806 canonice
1500 4751 1848 4807 ordinatum
1888 4750 2259 4815 criminatur,
2293 4750 2550 4818 incusat,
2587 4750 2803 4820 injuste
2825 4750 2925 4820 jus
2952 4750 3097 4806 dare
3121 4748 3424 4827 oblatrat;
3447 4760 3639 4802 unum

271 4837 570 4895 duntaxat
591 4855 853 4913 eumque
885 4839 1158 4895 Latinum
1199 4855 1328 4896 esse
1360 4840 1884 4912 archiepiscopum
1906 4840 1967 4896 in
1997 4839 2281 4894 universa
2304 4838 2498 4894 insula
2519 4837 2952 4910 metropolitico
2979 4839 3362 4894 constitutum
3385 4837 3539 4907 jure,
3567 4850 3642 4890 ex

271 4942 652 4984 summorum
684 4928 1036 5001 pontiﬁcum
1064 4927 1334 4998 decretis,
1371 4929 1743 4984 contentioso
1774 4929 2156 5001 pugnacique
2189 4927 2444 4983 tumultu
2470 4927 2668 4996 instat,
2704 4932 2888 4996 urget,
2910 4927 3122 4998 probat
3153 4944 3166 4994 ;
3200 4929 3472 4983 Graecum
3503 4926 3640 4980 Gre-

272 5029 546 5078 manum,
580 5021 638 5073 ut
672 5016 867 5073 aliena
893 5017 1029 5088 jura
1061 5016 1469 5084 invadentcm,
1511 5017 1939 5073 deturbaturus
1964 5033 1996 5074 e
2029 5018 2178 5073 solio
2205 5016 2278 5072 ad
2317 5033 2496 5072 suum
2545 5022 2832 5088 provocat
2862 5016 3120 5072 tribunal
3150 5029 3410 5087 eumque
3449 5014 3641 5069 insec-

265 5107 426 5160 tatur
457 5105 703 5163 moleste
731 5108 1111 5179 exagitatquc
1134 5107 1413 5177 graviter.
1447 5109 1590 5173 Quae
1619 5106 1824 5162 omnia
1857 5105 2074 5163 acerbo
2105 5105 2300 5162 ferens
2330 5105 2534 5161 animo
2559 5107 2906 5172 Germanus,
2940 5105 3097 5162 facta
3135 5106 3210 5161 ad
3232 5101 3641 5160 Alexandrum

270 5193 346 5248 ιν
385 5196 554 5250 Rom.
577 5199 740 5253 Pont.
773 5197 1197 5269 appellatione,
1238 5197 1503 5265 llugonis
1533 5195 1721 5252 eludit
1744 5195 2062 5266 judicium.
2097 5194 2184 5250 Ad
2209 5198 2541 5250 Romanam
2569 5193 2839 5250 convolat
2867 5195 3099 5265 urbem,
3166 5192 3476 5265 gentilium
3502 5207 3640 5247 suo-

262 5297 400 5338 rum
426 5284 852 5357 episcoporum
883 5285 1216 5358 frequentia
1234 5285 1491 5358 stipatus
1527 5303 1541 5353 ;
1569 5285 1796 5341 illatam
1819 5284 1932 5340 sibi
1954 5283 2294 5356 expostulat
2319 5283 2600 5353 injuriam
2632 5299 2644 5350 ;
2670 5283 2918 5355 indigna
2948 5288 3001 5338 ct
3028 5282 3406 5340 intoleranda
3435 5297 3498 5338 se
3536 5279 3646 5338 ini-

261 5385 382 5444 que
411 5387 763 5446 perpessum
795 5374 1182 5448 conqueritur
1211 5391 1224 5441 ;
1252 5373 1622 5446 pontiticiam
1654 5373 1935 5446 implorat
1965 5388 2167 5445 opem,
2213 5388 2338 5446 qua
2393 5372 2658 5445 Cyprios,
2701 5372 2923 5444 quibus
2969 5373 3247 5428 universa
3293 5371 3638 5441 agitabatur

262 5461 480 5527 insula,
515 5463 749 5519 sedaret
777 5461 1013 5519 ﬂuctus.
1038 5463 1200 5520 Mittit
1228 5464 1410 5520 etiam
1439 5467 1496 5520 et
1521 5466 1690 5533 [iugo
1726 5463 2021 5518 Leucosiae
2045 5463 2533 5534 archiepiscopus
2557 5477 2698 5517 suos
2730 5466 3020 5532 oratores,
3063 5477 3412 5518 accessurus
3441 5461 3642 5534 potius

263 5549 394 5621 ipse
418 5551 531 5607 nisi
562 5553 784 5609 veritus
821 5553 1083 5608 insulam
1115 5552 1242 5609 sine
1267 5551 1386 5609 ulla
1407 5552 1739 5625 relinquere
1769 5552 2045 5622 antistite,
2075 5559 2301 5608 rectore
2346 5556 2708 5623 pastoreque
2761 5549 3106 5608 destitutam
3154 5566 3402 5624 prorsus
3447 5550 3634 5616 omni.

269 5638 432 5692 Viros
461 5641 708 5710 praeﬁcit
751 5640 1030 5714 legatque
1077 5643 1349 5724 Romam,
1422 5640 1617 5724 alieno
1664 5641 1911 5723 quidem
1970 5641 2236 5724 nomine,
2291 5654 2500 5724 revera
2542 5639 2954 5724 tamengjura
2996 5641 3201 5724 ‘Latini
3248 5637 3642 5724 metropolltro

266 5733 757 5801 propugnaturos
796 5727 987 5803 apud
1049 5723 1411 5788 acerrimum
1459 5715 1609 5802 δαιοιό
1675 5715 2229 5804 propugnaculum,
2290 5715 2355 5787 tti
2416 5720 2661 5788 summa
2747 5717 3040 5803 nqulte'tis
3099 5739 3262 5798 areo,
3309 5721 3645 5802 apostolica
