4120 6448
269 338 407 394 1541

1571 323 2051 388 CONSTITUTIO
2083 332 2334 392 CYPRIA

3487 347 3626 402 1542

259 467 374 523 σίας
406 459 833 533 ἀρχιεπισκόπου
869 459 921 512 ἓν
950 467 1012 531 τῇ
1039 458 1167 530 αὐτῇ
1222 463 1362 529 νήσῳ
1419 460 1536 519 ἣτις
1596 455 1710 508 ἐστὶ
1765 459 1862 526 μία

1981 455 2200 524 praefati
2229 463 2646 529 procuratores
2665 461 2890 533 pariter
2917 477 3054 518 cum
3087 463 3219 520 aliis
3244 465 3543 537 petierunt
3564 470 3627 525 ut

255 547 510 622 ἐπαρχία,
545 547 655 600 οὒτ’
684 544 916 606 ἠδύνατο
965 546 1074 598 οὒτ’
1131 546 1309 618 ὤφειλε
1355 547 1660 598 τάττεσθαι.
1706 542 1860 594 ’Ὁθεν

263 641 398 712 μετὰ
435 658 536 690 των
593 637 757 689 ἄλλων
813 635 1032 696 ἐζήτουν
1069 638 1118 687 οἱ
1168 635 1534 708 προλεχθέντες
1589 631 1860 706 ἐπίτροποι

255 729 322 778 ἶν’
388 727 414 778 ὃ
449 730 629 797 γέγονε
677 730 946 797 πρὸκριμα
991 730 1110 797 περὶ
1156 729 1246 782 τήν
1301 732 1394 776 τού
1449 719 1861 797 προδιαληφθέν-

254 835 338 875 τος
395 821 658 889 Γερμανοῦ
707 815 757 866 ἐν
803 822 866 886 τῇ
907 822 1023 874 -τῆς
1069 818 1363 876 Λευκοσίας
1411 812 1664 883 ἐκκλησίᾳ
1703 812 1862 862 κατά-

254 924 464 972 στασιν,
492 911 581 958 καὶ
607 908 652 958 εἴ
687 925 739 956 τι
783 903 838 956 ἐκ
883 906 1090 972 τούτου,
1149 905 1180 962 ὴ
1238 903 1398 956 ἕνεκεν
1457 906 1644 954 τούτου
1694 920 1864 973 παρη-

249 995 553 1060 κολούθηκε,
598 990 955 1056 διατάξασθαι
1001 994 1140 1064 ἡμᾶς
1198 996 1266 1064 μή
1323 995 1462 1063 ἔχειν
1547 994 1606 1041 τὸ
1685 995 1857 1060 κῦρος·

251 1098 342 1145 καὶ
386 1091 622 1144 κωλῦσαι
673 1093 813 1162 ἡμᾶς
877 1095 965 1142 τὸν
1024 1098 1258 1142 τοιοῦτον
1331 1092 1589 1164 Γερμανὸν

255 1207 522 1240 σκοπικων
551 1185 789 1240 δικαίων.

319 1287 642 1348 Τελευταῖον,
688 1285 960 1357 ὀχλήσεως
1013 1283 1097 1337 ἐπὶ
1163 1288 1367 1346 τούτοις
1422 1287 1712 1355 γεγονυίας,
1769 1285 1860 1332 καὶ

246 1374 444 1428 πολλῶν
498 1377 634 1427 ἔνθεν
699 1376 935 1426 κάκείθεν
988 1382 1265 1444 γεγονυιῶν
1335 1375 1520 1424 θέσεων
1567 1374 1709 1446 παρὰ
1760 1378 1860 1421 τῶν

1971 543 2274 602 decretum
2317 555 2523 606 contra
2548 551 2648 621 jus
2676 551 2882 618 latum,
2902 553 3298 610 ordinationis
3328 558 3628 630 assumpti

1963 632 2093 702 jam
2123 635 2400 692 Germani
2426 637 2505 692 ad
2537 640 2835 694 Leucosiae
2861 640 3206 705 Ecclesiam,
3238 647 3294 698 et
3322 644 3623 716 quidquid

1969 737 2041 775 ex
2063 721 2177 778 hac
2211 725 2342 794 ejus
2371 726 2745 783 ordinatione
2818 728 2907 784 vel
2975 729 3104 800 ejus
3152 746 3336 787 causa
3396 731 3624 791 factum

1969 809 2184 866 deinde
2233 812 2465 880 fuisset,
2506 830 2619 872 nos
2656 817 3154 873 constitueremus
3209 835 3340 876 esse
3367 820 3620 890 irritum,

1968 914 2038 954 ac
2091 900 2547 970 prohiberemus
2586 920 2661 959 ne
2703 906 3024 962 Germanus
3077 907 3189 962 iste
3253 909 3457 982 aliqua
3506 910 3624 966 ulla

1970 987 2402 1061 archiepiscopi
2422 992 2561 1061 jura
2583 999 2882 1049 exerceret
2908 993 2971 1049 in
3003 995 3217 1066 Cypro.

1683 1094 1775 1138 τοῦ
1853 1089 1924 1157 μή
1993 1085 2376 1158 ἐπεργάξεσθαί
2427 1108 2480 1142 τι
2544 1089 2592 1142 ἐν
2640 1099 2702 1163 τῇ
2748 1094 2936 1145 Κύποω
2999 1097 3120 1166 περὶ
3197 1101 3299 1145 τῶν
3353 1094 3621 1170 ἀριχιεπι-

2042 1281 2306 1337 Tandem
2335 1299 2514 1354 super
2537 1285 2630 1340 his
2655 1286 2868 1342 oborto
2890 1287 3150 1344 tumultu
3172 1289 3496 1363 multisque
3518 1306 3624 1362 po-

1973 1369 2095 1424 sitis
2125 1372 2558 1441 quaestionibus
2602 1374 2681 1430 ab
2711 1374 2783 1430 iis
2811 1375 2916 1447 qui
2947 1377 3261 1448 utriusque
3305 1379 3491 1450 partis
3519 1395 3625 1452 pa-

249 1462 475 1536 ἐκατέρῳ
531 1472 881 1537 παραστῆσαι
936 1466 1282 1534 πεταγμένων·
1373 1463 1481 1514 ἐπεὶ
1553 1460 1607 1524 ἐξ
1693 1459 1861 1511 αὐτῶν

1981 1459 2290 1514 trocinium
2319 1461 2719 1517 sustinebant:
2747 1467 3038 1535 quoniam
3061 1481 3133 1520 ex
3158 1466 3302 1537 ipsis
3317 1467 3469 1537 juris
3487 1483 3624 1540 pro-

252 1561 354 1603 τῶν
412 1549 725 1614 ἀποδείξεων
779 1560 870 1604 τοῦ
919 1549 1130 1603 δικαίου
1193 1548 1363 1603 ἐδόκει
1415 1549 1726 1602 ἐκτετάσθαι
1790 1547 1862 1609 εἰς

1981 1545 2318 1603 bationibus
2348 1550 2409 1604 in
2436 1549 2686 1621 longum
2708 1551 3025 1608 videbatur
3043 1555 3482 1626 protrahendas
3495 1556 3623 1614 fore

247 1647 418 1711 μῆκος
450 1643 544 1702 τὰς
566 1648 662 1702 τῆς
701 1640 976 1711 ὀχλήσεως
1022 1637 1315 1711 διχονοίας,
1367 1641 1393 1690 ὁ
1444 1639 1621 1713 ῥηθεὶς
1677 1637 1860 1712 ἀρχιε-

1981 1638 2391 1693 controversiae
2425 1639 2854 1710 dissensiones,
2882 1641 3074 1697 dictus
3133 1644 3622 1717 archiepiscopus

250 1733 513 1790 πίσκοπος
539 1733 823 1801 Γερμανοὸς
881 1730 1008 1800 ἡμῖν
1065 1731 1398 1781 καθικέτευσε
1448 1735 1721 1796 ταπεινῶς,
1766 1733 1859 1777 τοῦ

1981 1725 2304 1780 Germanus
2369 1727 2672 1784 humiliter
2744 1698 3103 1802 supplicavit
3140 1698 3458 1788 nobis—rne—

242 1821 317 1889 μὴ
383 1820 664 1878 τοσαύταις
715 1817 1089 1890 μακρολογίαις
1149 1816 1506 1890 περιέλκεσθαι
1578 1825 1640 1889 τῇ
1710 1835 1858 1868 πτω-

1981 1812 2166 1883 longis
2191 1814 2489 1885 ejusmodi
2518 1817 3024 1889 disputationibus
3047 1823 3186 1876 eum
3208 1821 3622 1878 circumveniri

1052 1907 1240 1963 Ἐκκλη
1248 1911 1363 1966 σίας
1417 1911 1507 1958 καὶ
1574 1907 1860 1967 τοσαύταις

1981 1917 2041 1957 ac
2057 1902 2346 1972 distineri,
2359 1910 2584 1961 attenta
2595 1906 2868 1961 Ecclesiae
2881 1909 3221 1964 Grmcorum
3237 1914 3588 1982 paupertate
3603 1927 3620 1966 :

249 2002 370 2058 ταῖς
397 1993 702 2056 δυσκολίαις
722 1998 1111 2071 προσφέρεσθαι
1172 2017 1184 2029 ο
1241 1995 1543 2068 βουλόμενοι
1599 1999 1694 2053 τήν
1758 2014 1859 2047 κα-

1981 2006 2120 2046 neve
2145 1997 2226 2048 tot
2252 1998 2570 2066 tantasque
2601 2011 2870 2051 morosas
2891 1995 3268 2053 difﬁcultates
3287 1998 3350 2053 in
3361 1998 3623 2054 medium

246 1911 375 1978 χεία
437 1915 533 1967 τῆς
587 1916 688 1958 τῶν
746 1913 979 1978 Γραικῶν

250 2088 509 2138 τάστασιν
596 2086 726 2144 αὐτῆ
741 2107 762 2147 ς

251 2171 492 2237 διατάξει

251 2261 481 2334 ἕπάγειν,

857 2084 948 2137 κᾶὶ
1004 2086 1233 2159 εἰρήνην,
1289 2085 1552 2158 ὀφείλομεν
1624 2085 1856 2157 εἰρηνικῇ

604 2173 950 2235 ἀποστολικής
1061 2177 1434 2235 καταστάσεως
1537 2176 1860 2249 προμήθειαν

559 2260 633 2316 δι’
691 2264 750 2324 ἧς
836 2269 1267 2334 κατασιγήσουσι
1305 2273 1405 2314 τῶν
1452 2262 1746 2334 ὁχλούντων
1812 2264 1861 2314 οἱ

248 2351 491 2424 λογισμοὶ
565 2357 655 2404 καὶ
713 2354 812 2404 ὑπό
863 2355 1100 2425 ὑποταγῇ
1170 2360 1265 2411 τῆς
1321 2352 1588 2424 Ῥωμαίων
1645 2350 1857 2409 Ἐκκλη-

251 2443 375 2502 σίας
407 2440 517 2510 (10)
551 2442 600 2492 οἱ
629 2440 1000 2516 προρῥηθέντες
1063 2447 1276 2514 Γραικοὶ
1327 2444 1463 2503 ζωὴν
1515 2440 1703 2503 ἄξουσι
1733 2443 1863 2512 μετὰ

250 2537 350 2580 τῶν
384 2534 619 2582 Λατίνων
651 2530 935 2604 εἰρηνικήν.
994 2527 1163 2582 Οὐδὲν
1219 2533 1521 2602 θαυμαστὸν
1572 2533 1628 2582 τὸ
1685 2530 1861 2582 λοιπὸν

253 2619 398 2679 ἔθνος
427 2626 526 2669 τῶν
557 2623 792 2670 Λατίνων
828 2623 918 2670 καὶ
977 2625 1230 2693 Γραικῶν,
1287 2628 1381 2679 τῆς
1425 2618 1740 2680 Ἐκκλησίας
1767 2626 1862 2680 τῆς

258 2704 426 2766 αὐτῆς
466 2707 676 2780 Κύπρου
740 2705 794 2758 ἐκ
858 2703 1119 2779 διαφόρων
1175 2706 1444 2778 ὀχλήσεων
1500 2706 1859 2779 σαλευομένης,

259 2803 474 2869 ταραχῇ
526 2798 876 2868 κυμαίνεσθαι
909 2817 922 2830 ⁸
985 2795 1273 2871 ἐξαίρηται,
1327 2799 1498 2858 καθώς
1553 2794 1862 2870 δακρίνομεν

257 2883 288 2935 ὁ
363 2881 595 2958 ἐπιφιρεν
661 2889 756 2944 τὴν
831 2887 1096 2955 ὑπόθεσιν,
1166 2905 1225 2938 το
1301 2884 1709 2960 ἀσυμπέραστον
1762 2894 1862 2937 τῶν

253 2971 489 3044 ἀκρσιῶν
553 2977 674 3047 περὶ
731 2978 825 3032 τὴν
879 2982 972 3026 τοῦ
1034 2974 1212 3036 τέλους
1262 2974 1408 3036 τάξιν
1463 2976 1622 3027 ἕνεκεν
1674 2977 1862 3026 τούτου

1971 2078 2167 2136 aﬁ'erri
2189 2081 2523 2138 sineremus
2550 2100 2564 2138 :
2598 2083 2978 2140 consulentes
3005 2086 3184 2142 statui
3215 2087 3403 2158 ipsius
3432 2093 3490 2144 et
3512 2103 3626 2160 pa-o

1973 2167 2046 2236 ci,
2073 2185 2318 2241 mquum
2347 2171 2631 2228 duximus
2658 2172 2911 2243 paciﬁca
2937 2174 3358 2230 constitutione
3387 2191 3462 2230 ex
3479 2191 3624 2248 apo-

1974 2257 2186 2314 stolica
2213 2258 2604 2330 dispositione
2636 2259 2875 2316 salubre
2913 2261 3062 2318 inire
3111 2263 3449 2330 consilium,
3500 2279 3624 2335 quo

1973 2341 2387 2398 dissidentium
2421 2345 2737 2415 quiescant
2767 2344 2954 2414 litigia
3002 2351 3058 2401 et
3099 2347 3214 2402 sub
3259 2347 3483 2403 ditione
3525 2351 3626 2403 Ec-

1973 2431 2162 2487 clesiae
2185 2435 2566 2488 Romaaorum
2586 2436 2771 2490 vitam
2793 2434 3023 2506 praefati
3045 2436 3230 2492 Graeci
3251 2453 3384 2492 cum
3406 2437 3626 2492 Latinis

1972 2521 2198 2576 ducant
2222 2521 2556 2592 pacificam.
2587 2524 2703 2577 Nec
2733 2522 2954 2578 mirum
2989 2525 3040 2578 si
3083 2526 3427 2581 Latinorum
3477 2527 3627 2582 Gras-

1973 2624 2303 2681 corumque
2329 2625 2520 2680 genus
2537 2609 2806 2665 Ecclesiae
2822 2611 3011 2683 ipsius
3041 2614 3220 2684 Cypri
3268 2614 3449 2669 variis
3494 2613 3628 2684 agi-

1972 2705 2108 2756 tatae
2136 2700 2347 2770 turbis,
2387 2700 2777 2756 seditionibus
2821 2702 3201 2772 perturbtum
3226 2707 3456 2770 astuet,
3486 2719 3627 2760 cum

1974 2794 2295 2854 excrescat,
2325 2795 2389 2844 ut
2417 2788 2840 2859 dijudicamus,
2870 2789 2930 2845 id
2954 2790 3120 2861 quod
3169 2789 3478 2862 praebebat
3520 2807 3628 2848 an-

1975 2894 2107 2933 sam
2152 2878 2509 2951 dissidiique
2540 2879 2852 2934 materiam
2883 2880 3262 2951 suggerebat,
3317 2881 3628 2955 multiplex

1977 2967 2262 3022 nimirum
2292 2966 2392 3023 illa
2427 2967 2580 3038 juris
2628 2967 3056 3041 alterutrinque
3091 2969 3331 3026 dicendi
3373 2969 3630 3026 dandive

257 3061 339 3112 ὅτι
378 3062 448 3122 ὡς
501 3061 532 3119 ή
593 3057 820 3134 διαφορὰ
869 3071 970 3114 τῶν
1028 3066 1282 3136 σωμάτων
1329 3069 1417 3116 καὶ
1466 3065 1495 3121 ἡ
1567 3071 1668 3115 τῶν
1726 3064 1864 3122 ἠθῶν

1981 3056 2298 3112 indiscreta
2329 3056 2578 3112 actionis
2612 3055 2883 3127 facultas,
2937 3072 3008 3113 eo
3043 3057 3210 3129 quod
3248 3061 3430 3115 etiam
3460 3059 3631 3116 varia

261 3153 573 3222 ἀσυμφωνία
659 3151 876 3204 εἰώθασι
955 3158 1130 3223 γεννῷ
1198 3147 1475 3224 διχονοίας
1529 3151 1578 3204 ἐν
1626 3160 1688 3225 τῇ
1747 3151 1867 3204 ἀνα-

262 3246 460 3311 στροφῇ
543 3248 644 3292 τῶν
723 3241 1029 3311 ὁμοζώντων
1092 3242 1192 3294 ὑπὸ
1244 3241 1510 3302 ποικίλαις
1567 3244 1867 3304 συνηθείαις

257 3334 676 3403 παρατηρήσεων
742 3338 842 3381 τῶν
914 3339 1117 3401 γενεῶν.
1181 3331 1352 3403 Ἡμεῖς
1406 3327 1514 3396 οὖν,
1571 3330 1619 3382 οἱ
1675 3330 1729 3382 ἐκ
1774 3339 1868 3390 τῆς

256 3415 584 3488 ἐπικειμένης
617 3418 741 3490 ἡμῖν
781 3426 878 3480 τῆς
940 3418 1290 3480 ἁποστολικῆς
1355 3418 1681 3493 λειτουργίας
1733 3418 1868 3491 ὀφεί-

252 3504 410 3576 λομεν
449 3511 538 3558 καὶ
590 3507 875 3580 ὀρεγόμεθα
930 3515 1038 3569 τοῖς
1079 3507 1123 3559 τ’
1175 3507 1324 3580 ἐγγύς
1390 3515 1494 3569 τοῖς
1549 3528 1601 3560 τε
1665 3510 1868 3581 μακρὰν

254 3596 476 3666 φάσκειν
562 3595 791 3667 εἰρήνην,
866 3601 1186 3668 ποσέχοντες
1253 3596 1506 3669 ἐπιμελῶς
1575 3599 1868 3671 θεραπεύειν

264 3692 362 3735 τοῦ
391 3687 486 3746 τὰς
523 3685 903 3757 προλεχθείσας
944 3687 1258 3746 Ἐκκλησίας
1305 3686 1497 3759 βεϐαίᾳ
1553 3687 1695 3749 τάξει
1734 3684 1865 3739 διευο

265 3774 517 3824 θύνεσθαι
579 3778 712 3848 πρὸς
784 3773 1029 3840 ἀλλήλας,
1096 3781 1186 3826 καὶ
1240 3773 1495 3847 ἀμοιϐαἰα
1559 3774 1608 3826 ἐν
1657 3783 1873 3850 Χριστῷ

266 3862 637 3935 εὐφραίνεσθαι
707 3871 769 3936 τῇ
852 3869 1050 3939 εἰρήνῃ,
1117 3867 1430 3940 ἱκανωτέρως
1485 3867 1876 3940 προεμηθευσά-

267 3953 407 4024 μεθα
430 3955 525 4014 τὰς
567 3955 759 4005 τούτων
809 3950 1121 4016 διαστάσεις
1175 3955 1388 4026 ἡσύχου
1448 3951 1733 4016 διατάξεως
1787 3974 1877 4006 κα-

267 4040 558 4110 τευνάζειν,
623 4040 815 4114 ἀρεστῇ
895 4041 1165 4115 συμϐουλῇ
1274 4044 1305 4102 ἦ
1357 4052 1600 4116 κριτικῆς
1655 4041 1882 4104 ἐκκοπῆς

1975 3160 2297 3217 corporum
2312 3161 2380 3200 ac
2401 3160 2638 3200 morum
2665 3144 3068 3217 discrepantia
3079 3161 3290 3218 parere
3315 3150 3633 3204 consuevit

1975 3235 2224 3292 dissidia
2246 3235 2303 3290 in
2335 3233 2611 3290 familiari
2669 3235 3118 3291 conversatione
3144 3252 3352 3292 eorum
3383 3237 3489 3310 qui
3515 3238 3629 3294 sub

1977 3325 2156 3382 variis
2181 3323 2557 3380 diversarum
2588 3324 2900 3379 nationum
2928 3324 3211 3382 institutis
3239 3325 3421 3382 simul
3445 3327 3630 3384 vitam

1977 3415 2227 3470 ducunt.
2266 3415 2382 3468 Nos
2441 3428 2602 3483 ergo,
2656 3413 2759 3485 qui
2820 3413 3092 3484 injuncto
3164 3414 3344 3471 nobis
3393 3421 3633 3488 aposto-

1976 3503 2090 3559 lico
2113 3518 2360 3558 munere
2378 3519 2514 3558 cum
2537 3517 2685 3574 pace
2710 3518 2955 3574 pascere
2987 3507 3259 3560 tenemur
3273 3509 3328 3560 et
3353 3506 3633 3578 cupimus

1979 3608 2099 3648 non
2131 3592 2314 3647 modo
2341 3607 2442 3646 eos
2503 3592 2608 3664 qui
2655 3607 2864 3663 prope,
2916 3607 3130 3646 verum
3170 3592 3350 3648 etiam
3396 3609 3498 3649 eos
3525 3593 3632 3666 qui

1978 3680 2157 3751 longe
2189 3685 2348 3746 sunt,
2373 3678 2587 3735 sollicit
2625 3679 2852 3734 mederi
2907 3679 3212 3736 studentes
3250 3680 3516 3752 praefatis
3536 3683 3638 3736 Ec-

1983 3769 2181 3826 clesiis
2203 3786 2304 3826 eas
2317 3767 2493 3824 ﬁrma
2506 3769 3089 3826 constitutioneinter
3109 3786 3171 3825 se
3189 3771 3634 3843 componendo.

1984 3874 2106 3932 quo
2146 3863 2356 3914 mutua
2384 3858 2445 3912 in
2491 3857 2720 3914 Christo
2755 3872 2904 3929 pace
2933 3857 3228 3925 fruantur,
3250 3859 3392 3916 satis
3423 3873 3642 3932 oppor-

1988 3955 2128 4006 tune
2157 3946 2571 4003 consuluimus
2590 3947 2806 4002 harum
2833 3946 3084 4002 dissidia
3104 3947 3343 4019 placida
3359 3950 3642 4006 constitu-

1986 4039 2148 4094 tione
2175 4035 2405 4104 sedare,
2456 4034 2852 4091 consistoriali
2895 4035 3182 4092 nimirum
3211 4036 3641 4096 deliberatione

1989 4143 2094 4183 seu
2110 4124 2412 4196 judicialis
2443 4123 2763 4180 decisionis
2789 4124 2990 4194 gladio
3011 4140 3083 4181 ea
3124 4125 3497 4183 dirimentes.

2063 4219 2210 4273 Cum
2279 4215 2458 4285 igitur
2525 4229 2738 4284 graves
2828 4213 3244 4288 seditiosaeque
3317 4218 3645 4275 contentio-

270 4313 392 4367 ταῖς
433 4316 530 4359 τῶν
620 4309 940 4362 λεπτοτάτων
1003 4310 1306 4385 ἀποφοραῖς,
1387 4319 1486 4363 τῶν
1545 4330 1599 4363 τε
1652 4309 1866 4383 θορύϐωπ

1989 4322 2097 4363 nes
2165 4303 2480 4360 levissimis
2541 4303 2779 4374 jactatis
2859 4303 3301 4375 objectionibus
3374 4319 3482 4378 per
3554 4311 3642 4363 tu-

269 4403 377 4447 τῶν
419 4392 691 4458 διαλέξεων
730 4398 798 4459 εἰς
856 4403 916 4450 τὸ
973 4398 1254 4474 ἀπέραντον
1307 4398 1385 4452 ἀεί
1436 4398 1817 4472 προϐαινόντων
1865 4421 1866 4429 ι

1991 4395 2357 4451 multuantes
2414 4392 2872 4464 disputationes,
2898 4391 2959 4447 in
3012 4392 3315 4449 inﬁnitum
3369 4393 3642 4451 vincendi

267 4487 680 4558 προστάττοντες
717 4494 780 4559 τῇ
837 4497 936 4540 τῶν
979 4490 1238 4563 ἡμετέρων
1285 4486 1516 4561 ἀδελφῶν
1577 4487 1740 4561 βουλῇ
1792 4493 1866 4540 καὶ

1991 4484 2190 4540 studio
2212 4481 2664 4554 procendentes,
2687 4481 2748 4535 in
2778 4485 3032 4553 utraque
3061 4487 3228 4554 parte
3257 4482 3373 4538 sint
3387 4483 3638 4554 obortae,

265 4582 344 4644 τῷ
423 4577 734 4648 πληρώματι
815 4585 906 4638 τῆς
961 4576 1314 4640 ἀποστολίκῆς
1375 4577 1610 4640 ἐξουσίας
1672 4599 1685 4612 ο
1722 4581 1866 4629 ὅντως

1987 4575 2064 4631 de
2094 4573 2343 4629 fratrum
2383 4575 2726 4626 nostrorum
2752 4569 2998 4626 consilio
3019 4577 3076 4627 et
3105 4571 3474 4644 plenitudine
3499 4589 3642 4646 apo-

267 4662 486 4716 ἐνῶπιον
566 4664 679 4735 (11)
749 4667 894 4736 ήμῶν
981 4674 1074 4718 τοῦ
1152 4668 1394 4741 ῥηθέντος
1448 4673 1730 4741 Γερμανοῦ,
1783 4673 1866 4718 τοί

1988 4663 2212 4720 stolicae
2251 4659 2578 4734 potestatis,
2634 4659 2966 4716 constitutis
3020 4677 3227 4718 coram
3269 4661 3445 4717 nobis
3479 4661 3639 4718 dicto

264 4760 372 4805 τῶν
443 4759 677 4825 Γραικῶν
754 4751 1199 4826 ἀρχιεπεσιιόπου,
1285 4761 1375 4808 καὶ
1451 4764 1552 4807 τῶν
1649 4751 1866 4807 εύλαϐῶν

1986 4756 2283 4811 Germano
2338 4748 2790 4820 archiepiscopo
2839 4754 2898 4806 et
2961 4750 3304 4807 reverendis
3355 4749 3638 4807 fratribus

271 4133 524 4202 μαχαίρᾳ
562 4126 899 4204 διακληροῦν.

347 4223 531 4270 Τοίνυν
578 4227 678 4271 τῶν
744 4219 984 4295 οχληρῶν
1048 4220 1363 4293 φιλονεικιῶν
1433 4223 1568 4273 ἔνθεν
1647 4218 1880 4273 κάκεῖθεν

1672 4599 1685 4612 ο
1722 4581 1877 4629 ὄντων

1285 4761 1375 4808 καὶ
1451 4764 1552 4807 τῶν

1980 4956 2070 5001 τοῦ
2153 4953 2251 4998 τῶν
2341 4943 2651 5016 Ῥωμαίωνμ
2693 4945 2982 5016 ἐπισκοπου
3039 4940 3340 5016 λαμϐανέτω
3406 4945 3637 4996 ἔκαστοσ

1980 5025 2205 5077 Λατῖνος
2234 5013 2535 5076 ἐπίσκοπος
2598 5013 3007 5085 Unusquisque
3046 5013 3295 5071 Latinus
3326 5017 3634 5084 episcopus

1981 5095 2178 5147 sumat
2197 5091 2613 5169 juramentym
2631 5085 2962 5169 ﬁdelitatnz's.
2991 5085 3065 5141 ab
3083 5087 3353 5167 episcopo
3381 5089 3637 5169 {tamira-

1983 5179 2139 5225 rum,
2159 5156 2446 5215 nimirum
2471 5157 2548 5212 ab
2577 5156 2860 5228 episcopo
2877 5156 3217 5213 Graecorum
3234 5157 3364 5228 ejus
3391 5157 3628 5228 insulae.

1984 5237 2293 5308 Bomeetrm
2319 5229 2526 5308 Latino
2541 5227 2794 5308 opponit
2831 5228 2976 5308 quia
3009 5228 3139 5308 ejus
3167 5227 3428 5308 insulani
3452 5228 3515 5284 in
3547 5227 3635 5284 di-

1981 5305 2134 5362 tione
2166 5301 2309 5381 olim
2343 5301 2586 5381 fuerant
2625 5299 3005 5381 imperatoris
3047 5299 3318 5356 Orientis.
3358 5375 3367 5381 _
3592 5369 3604 5381 ο

2050 5377 2160 5446 (11)
2213 5375 2481 5446 flammea
2545 5371 2700 5446 Tres
2766 5374 2999 5425 tantum
3061 5375 3453 5446 recensentur
3509 5371 3630 5446 epi-

1979 5440 2302 5519 SCopi_ejus
2329 5441 2559 5519 insulae,
2599 5440 2744 5519 quia
2769 5447 3020 5519 quartus
3040 5442 3317 5519 Arsiones
3341 5442 3403 5497 in
3424 5440 3630 5512 Papho

1969 5513 2102 5590 jam
2113 5513 2428 5590 ohi'erat,_ej
2439 5527 2626 5590 usque
2639 5514 2814 5590 sedes
2824 5513 3098 5586 vacabat,
3107 5518 3171 5570 ut
3181 5517 3451 5570 extrema
3459 5520 3630 5586 parte

1973 5583 2156 5660 hujus
2185 5583 2629 5645 Constitutionis
2658 5587 2840 5654 patet.

345 4950 459 5018 (10)
511 4953 622 5000 Τῶν
691 4947 954 5019 Ῥωμαῖων
1007 4947 1334 5010 Ἐκκλησίας.
1387 4950 1658 5005 Romaeos
1705 4955 1875 5006 vocat

268 5020 533 5092 Graecos.
555 5019 648 5074 Sic
669 5020 866 5090 primo
893 5021 1087 5076 vocati
1113 5028 1250 5076 sunt
1281 5021 1319 5075 ii
1349 5021 1463 5092 qui
1491 5020 1605 5075 sub
1651 5021 1873 5076 ditione

264 5089 848 5163 erant_imperatoris
866 5094 1226 5163 Graecorum,
1260 5089 1433 5162 cujus
1450 5090 1685 5163 imperii
1703 5093 1873 5148 sedes

264 5176 406 5236 cum
436 5159 631 5236 Cpo_lis
647 5167 819 5227 esset,
839 5162 918 5236 ab
937 5163 1086 5236 ipsis
1105 5179 1263 5218 nova
1287 5159 1477 5236 Roma
1498 5159 1869 5236 nuncupata,

263 5230 510 5315 idcirco;
532 5233 871 5315 Graecorum
896 5230 982 5290 iui
986 5236 1214 5315 perium
1232 5235 1588 5315 Romaniam
1605 5230 1861 5315 appellaé

262 5303 436 5375 bant.
464 5303 799 5375 Concilium
836 5303 1232 5374 Lugdunense
1264 5305 1376 5360 sub
1407 5303 1752 5360 Innocentio
1779 5307 1869 5375 IV,

263 5373 353 5430 ad
364 5373 655 5430 unitatem
671 5373 951 5431 Romanae
963 5378 1245 5433 Ecclesiae
1262 5384 1448 5433 totum
1464 5378 1788 5441 Romaniae,
1806 5373 1872 5432 id

261 5451 352 5520 est
381 5446 636 5520 Graeciae,
670 5447 1006 5516 imperium.
1031 5448 1556 5520 Eosautemquiilli
1573 5447 1871 5520 parebant

262 5515 521 5600 imperio
545 5515 817 5600 R0111$OS
841 5519 1276 5600 nuncupabant
1289 5524 1348 5574 ut
1361 5515 1406 5599 δίο
1427 5515 1708 5600 Bpmanis
1724 5520 1870 5600 Lati-

263 5587 639 5659 nis’antiquaa
667 5591 874 5659 Romae
894 5587 1156 5646 nominis
1186 5591 1366 5646 etiam
1392 5590 1713 5646 inﬂexione
1740 5591 1866 5646 dis-

265 5658 598 5716 cernerent.
621 5658 784 5716 Clare
802 5660 864 5716 id
881 5661 943 5718 in
960 5661 1076 5718 hac
1102 5663 1232 5733 ipsa
1253 5662 1700 5732 Constitutione,
1721 5663 1867 5734 ποιρὰ
