4120 6394
215 359 357 435 itii

1502 351 1960 439 (naNsrrru1io
1995 380 2265 468 ογτηυυμ

3446 380 3592 461 ιεδό

212 504 292 565 οἷς
349 505 377 554 ὀ
439 495 824 577 μητροπολίτης
873 504 930 556 ίκ
1010 490 1234 578 νομίμου
1305 502 1516 558 δικαίου
1601 501 1789 559 δύνατο

1930 509 2058 563 tum
2085 511 2190 580 est,
2219 524 2364 580 erga
2387 527 2491 569 eos
2500 513 2608 585 qui
2628 529 2737 573 suo
2753 519 2896 575 sunt
2916 517 3303 593 suﬂ‘raganeo
3333 527 3589 600 subjecti

214 589 586 645 δικαιοδοσίαν
639 593 875 656 ίξασκεεν
910 593 984 656 εἰς
1020 599 1138 655 τοὺς
1187 602 1282 648 τοῦ
1320 597 1591 670 συνερίθου
1652 596 1821 648 αὐτῶν

212 684 681 755 ὑποτεταγμένους,
709 679 876 756 μηδὲν
903 684 1299 759 ἀρπαζίτωσαν.

285 776 350 824 Δί
427 769 486 825 δι
536 774 701 825 αἰτίαι
777 777 832 825 αἱ
910 773 1203 832 ἀνήκουσαι
1283 783 1346 847 τῇ
1401 774 1817 848 ἕκκλησιαστικῇ

211 863 462 935 συλλογῇ,
494 863 537 916 εἰ
585 864 994 939 ἀποστραφῶσιν
1025 864 1073 916 ἄν
1124 873 1235 927 τοῖς
1287 871 1550 939 Γραικοίς,
1609 866 1677 925 εἰς
1729 867 1818 917 τὸν

206 954 365 1006 αὐτόν
395 953 662 1027 σύμφυλον
711 953 964 1030 ἀρχιερέα
1014 959 1392 1028 κρινέσθωσαν.
1460 955 1580 1008 Ἐὰν
1633 951 1693 1007 δὲ
1746 955 1818 1017 εἰς

207 1050 431 1097 Λατῖνον
491 1048 581 1096 καὶ
660 1047 899 1118 Γραικὸν,
980 1049 1080 1097 εἶτε
1131 1047 1157 1097 ὁ
1216 1049 1438 1120 Γραικὸς
1503 1043 1812 1115 ἐγκαλεῖται,

204 1134 275 1196 εἰς
326 1138 413 1186 τόν
482 1140 703 1188 Λατῖνον
773 1143 866 1187 τοῦ
920 1140 1081 1188 τόπου
1157 1135 1407 1211 ἀρχιερέα
1463 1134 1815 1208 ἀναφερίσθω-

208 1241 304 1276 σαν
345 1234 595 1299 κριτικῶς
653 1221 1128 1300 διαχωριζόμεναι,
1181 1226 1314 1284 πλὴν
1368 1227 1666 1299 σωζομένης
1722 1234 1815 1286 τῆς

203 1311 562 1375 ἀποστολικῆς
602 1311 859 1389 καθέδρας
915 1317 1204 1389 ὑπεροχῆς,
1263 1319 1394 1390 πρὸς
1449 1316 1510 1376 ἧς
1563 1314 1812 1388 βοήθειαν

201 1406 389 1466 πάντες
443 1407 492 1457 οἱ
549 1403 836 1478 θλιϐόμενοι
892 1402 1142 1457 δύνανται
1223 1403 1430 1478 ἀμέσως
1492 1405 1811 1480 ἐπαναστρέ-

203 1512 332 1566 φειν.
366 1494 426 1546 Εἰ
491 1497 634 1567 παρά
679 1503 773 1546 τοῦ
828 1494 1116 1546 ἐπισκόπου
1182 1501 1408 1569 Γραικού
1471 1499 1684 1565 γένηταί
1735 1513 1812 1554 τις

198 1583 446 1654 ἓγκλησις
511 1587 646 1635 κατὰ
682 1591 776 1636 τοῦ
826 1589 1053 1638 Λατίνου
1111 1583 1398 1636 ἐπισκόπου
1450 1584 1523 1645 εὶς
1573 1583 1633 1636 οὗ
1697 1583 1809 1636 ἕνο-

196 1677 319 1748 ρίαν
381 1675 406 1724 ό
468 1673 626 1735 αὐτὸς
721 1677 977 1746 τυγχάνει
1059 1677 1281 1748 Γραικὸς
1370 1673 1668 1743 ἐπίσκοπος,
1764 1675 1810 1725 εἴ

192 1780 258 1835 γε
313 1767 494 1838 χρεία,
568 1763 794 1816 ἐντεῦθεν
868 1762 1197 1838 ἀνατρεχίτω
1253 1768 1342 1814 καὶ
1398 1767 1531 1838 πρὸς
1583 1767 1670 1815 τὸν
1710 1771 1805 1826 τῆς

192 1858 490 1916 Λευκοσίας
527 1852 966 1926 ἀρχιεπίσκοπον,
1581 1932 1584 1935 Ι

269 1949 343 2015 Τῇ
398 1945 640 2017 παρούσῃ
699 1961 754 1995 τε
810 1943 1049 2005 Διατοίξει
1131 1944 1444 2016 θεσπίςομεν
1497 1945 1580 1996 ἵνα
1631 1943 1681 1996 ἐν
1738 1952 1801 2017 τῇ

192 2031 342 2085 πόλει
379 2033 409 2091 ἢ
443 2031 491 2083 ίν
518 2039 580 2104 τῇ
615 2030 786 2106 ἐνορία
837 2039 930 2084 τοῦ
989 2037 1215 2086 Λατίνου
1269 2031 1573 2107 ἀρχιερέως,
1633 2039 1806 2106 χωρίς

193 2129 293 2183 τῆς
356 2119 631 2194 διατριϐῆς
707 2129 802 2182 τῆς
865 2125 1158 2182 ἐπισκοπῆς
1209 2130 1310 2173 τῶν
1369 2127 1601 2195 Γραικῶν
1653 2125 1802 2175 καθέ-

197 2207 353 2285 δρας,
384 2209 497 2283 μεθ’
527 2209 588 2263 οὗ
617 2214 675 2261 τὸ
709 2209 1055 2284 ἀκροατήριον
1105 2217 1197 2263 τοῦ
1247 2210 1433 2283 ἒνόχου
1490 2211 1520 2270 ἣ
1576 2220 1668 2263 τοῦ
1723 2208 1806 2264 δι-

197 2305 370 2368 καίου,
428 2302 472 2351 εἶ
499 2299 599 2351 τιν’
654 2303 768 2372 ἔχει
824 2302 850 2352 ό
914 2303 1135 2375 Γραικὸς
1189 2299 1492 2369 ἐπίσκοπος,
1557 2305 1616 2353 τὸ
1673 2301 1802 2353 αύτό

193 2389 360 2442 καὶἓν
391 2386 833 2462 διαγινώσκηται,
889 2395 978 2442 καὶ
1032 2387 1198 2463 μηδεν
1251 2389 1374 2442 ἄλλο
1435 2389 1566 2443 εἶναι
1622 2397 1801 2463 κριτή-

189 2499 302 2553 ριον
341 2476 707 2540 δικαιοδοσίας
766 2477 1182 2553 διατεταγμένους
1235 2480 1285 2531 ἐν
1341 2487 1451 2543 τοῖς
1508 2485 1752 2555 Γραικοίς
1783 2496 1798 2510 ⁸

192 2569 237 2622 εἰ
290 2575 468 2641 μήπως
519 2571 568 2622 ἓν
627 2587 729 2622 τινι
788 2569 1043 2642 ἐκκλησίᾳ
1119 2575 1351 2645 Γραικῶν
1412 2578 1506 2622 τοῦ
1561 2575 1797 2624 τοιούτου

195 2659 431 2731 ῥηογοίτου
461 2658 490 2716 ἢ
522 2656 957 2732 ἀρχιδιακονικῇ,
989 2659 1020 2718 ἣ
1069 2659 1196 2732 ἄλλῃ
1243 2658 1457 2732 ἐξουσίᾳ
1507 2659 1794 2732 ἐκπεπλεσγο

192 2751 341 2818 μένον
396 2749 600 2820 ἔχουσα
649 2753 965 2822 τεταγμένως
1047 2753 1316 2824 κριτήριον
1372 2749 1536 2811 ἀκοῆς
1591 2749 1644 2812 ἐξ
1702 2749 1796 2824 ἀρ-

190 2841 320 2907 χῆς,
355 2835 409 2899 ἐξ
463 2838 525 2890 οὗ
578 2835 679 2890 ἀπὸ
734 2844 827 2899 τῆς
879 2839 1039 2899 αὐτῆς
1100 2837 1379 2901 ἐκκλησίας
1431 2843 1518 2891 τὸν
1575 2843 1795 2912 Γραικὸν

187 2925 496 2993 ἐπίσκοπον,
529 2933 620 2980 καὶ
656 2925 881 2980 ἐντεῦθεν
915 2930 1050 2981 κατά
1082 2926 1288 3001 βαθμὸν
1345 2928 1394 2980 οἰ
1446 2929 1606 2981 αὑτοῦ
1665 2931 1793 2982 ύπο-

189 3021 492 3089 τεταγμένοι
555 3019 748 3070 ἁπόταν
800 3021 995 3070 τούτων
1053 3037 1101 3070 τι
1161 3021 1333 3071 ἔσεται
1381 3019 1790 3091 προκαλέσουσι.

255 3111 338 3177 Τῷ
397 3107 802 3180 ἀρχιεπισκὸπῳ
858 3102 1030 3182 μέντοι
1076 3114 1167 3161 καὶ
1222 3117 1331 3171 τοῖς
1385 3115 1632 3172 Λατίνοις
1684 3109 1792 3163 ἄπι-

1926 595 2407 666 jurisdictionem
2429 617 2728 664 exercere.

2003 776 2210 833 Causas
2230 793 2367 850 quae
2391 779 2472 836 ad
2490 782 2959 843 ecclesiasticum
2984 796 3258 862 spectant
3286 794 3506 868 forum,
3533 798 3584 855 si

1929 870 2448 925 controvertantur
2478 871 2627 928 inter
2657 877 2910 947 Graecos,
2943 895 2980 934 a
3010 897 3120 937 suo
3176 898 3385 941 eorum
3436 903 3582 958 gen-

1928 953 2012 1008 tili
2032 955 2378 1024 judicentur
2406 962 2710 1032 pontiﬁce;
2735 966 2781 1021 si
2809 983 2953 1025 vero
3008 970 3159 1027 inter
3207 953 3481 1032 Latinum
3526 983 3585 1035 et

1927 1045 2220 1112 Graecum;
2248 1049 2369 1103 sive
2400 1050 2640 1108 Graecus
2665 1065 2995 1124 accusetur,
3025 1061 3102 1116 ad
3134 1063 3409 1121 Latinum
3467 1066 3584 1124 loci

1924 1134 2292 1205 pontiﬁicem
2309 1139 2998 1214 referanturjudicaliter
3023 1150 3396 1227 dirimendas,
3419 1156 3584 1214 salva

1923 1228 2125 1280 tamen
2156 1229 2501 1300 apostolicae
2532 1232 2692 1288 sedis
2711 1240 3135 1310 praerogativa,
3168 1245 3343 1315 cujus
3399 1261 3583 1319 opem

1923 1316 2346 1373 vexatiomnes
2373 1320 2720 1380 immediate
2752 1334 3013 1398 possunt
3039 1330 3382 1403 implorare.
3407 1316 3473 1392 Si
3503 1337 3582 1394 ab

1922 1402 2206 1477 episcopo
2228 1408 2432 1464 Graeco
2461 1411 2669 1484 aliqua
2686 1413 3030 1472 instituatur
3047 1402 3348 1479 accusatio
3366 1425 3580 1482 adver-

1923 1507 2029 1546 sus
2061 1495 2336 1551 Latinum
2361 1498 2714 1572 episcopum
2742 1503 2805 1558 in
2835 1521 2907 1562 ea
2931 1506 3176 1564 dioecesi
3204 1511 3264 1566 in
3281 1527 3405 1584 qua
3427 1516 3580 1571 Grae-

1919 1596 2027 1636 cus
2053 1588 2140 1639 est
2177 1586 2523 1659 episcopus,
2547 1589 2708 1658 inde,
2737 1608 2877 1650 cum
2890 1598 3214 1655 necessitas
3232 1602 3577 1672 postulave-

1919 1670 2013 1738 rit,
2045 1673 2123 1728 ad
2155 1675 2453 1732 Leucosiae
2481 1685 2823 1739 recurratur
2878 1670 3426 1763 archiepiscopum.

1987 1938 2269 1999 Prwsenti
2298 1943 2413 2000 hac
2445 1947 2872 2010 Constitutione
2910 1953 3223 2016 sancimus
3251 1962 3320 2019 ut
3341 1958 3404 2020 in
3435 1964 3576 2023 civi~

1914 2032 2034 2083 tate
2070 2029 2162 2086 vel
2190 2031 2433 2090 dicecesi
2461 2035 2524 2092 in
2566 2054 2692 2110 qua
2739 2043 3047 2104 audientia
3094 2049 3290 2106 forum
3328 2056 3570 2112 actoris.

1912 2115 2010 2172 vel
2039 2119 2124 2174 rei
2154 2125 2243 2177 est
2272 2124 2462 2180 Latini
2489 2114 2814 2198 pontiﬁcis,
2857 2139 3025 2191 extra
3077 2136 3277 2197 locum
3339 2141 3402 2198 in
3449 2159 3574 2217 quo

1911 2206 2277 2280 episcopalis
2308 2213 2644 2272 Graecorum
2675 2227 2995 2281 constituta
3014 2227 3188 2283 sedes
3214 2234 3323 2298 est,
3349 2232 3399 2287 si
3421 2206 3572 2305 quid

1910 2293 2150 2352 Graecus
2187 2298 2375 2357 habet
2409 2302 2756 2377 episcopus,
2789 2310 2869 2365 ab
2897 2327 3021 2369 uno
3060 2293 3400 2390 eodemque
3439 2293 3571 2380 ioro

1912 2389 2406 2454 cognoscendum
2437 2407 2586 2461 esse,
2619 2410 2731 2451 nec
2788 2399 2958 2456 aliud
3013 2389 3348 2478 quodqiam
3378 2408 3571 2482 legiti-
3636 2479 3640 2483 _

1909 2489 2080 2529 mum
2110 2491 2238 2532 esse
2271 2478 2530 2537 tribunal
2545 2484 2698 2553 juris
2729 2486 2969 2546 dicendi
3008 2492 3248 2566 Graecis,
3281 2497 3398 2554 nisi
3417 2478 3569 2558 forte

1907 2563 1968 2619 in
1994 2565 2198 2638 aliqua
2222 2570 2570 2627 Graecorum
2599 2576 2866 2635 Ecclesia
2896 2580 3169 2650 ejusdem
3225 2563 3416 2661 regni,
3469 2596 3568 2649 vel

1908 2653 2396 2724 archidiaconali,
2435 2661 2532 2716 vel
2557 2661 2675 2720 alia
2701 2671 2996 2738 potestate
3024 2671 3132 2728 rite
3161 2689 3200 2730 a
3267 2653 3564 2751 principio

1907 2753 2255 2818 exemptum
2279 2751 2600 2808 audientiaa
2620 2755 2823 2812 forum
2843 2759 3137 2835 exititerit;
3161 2779 3199 2819 a
3226 2781 3351 2837 quo
3389 2768 3468 2824 ab
3490 2785 3565 2828 ea

1906 2833 2165 2892 Ecclesia
2194 2837 2275 2893 ad
2303 2841 2572 2897 Graecum
2599 2843 2974 2919 episcopum,
3003 2855 3060 2906 et
3077 2833 3218 2909 hinc
3245 2833 3562 2925 _gradatim

1902 2923 2009 2995 qui
2033 2923 2096 2980 in
2116 2926 2248 2997 ejus
2280 2934 2420 2984 sunt
2439 2929 2685 3020 ditione,
2712 2938 3194 3014 quotiescunque
3224 2923 3318 3000 his
3329 2945 3561 3020 aliquid

1902 3014 2232 3083 contigerit.
2268 3033 2330 3072 se
2362 3019 2814 3091 appellaverint.
3432 3014 3458 3062 ἶ

1973 3103 2438 3180 Archiepiscopo
2471 3115 2528 3165 et
2553 3111 2851 3186 episcopis
2891 3118 3110 3175 Latinis
3148 3121 3227 3177 ad
3265 3126 3558 3184 canonice

187 3200 404 3259 σκόποις
441 3199 568 3271 ὑπὲρ
622 3200 968 3271 πταισμάτων
1022 3199 1052 3258 ἦ
1110 3195 1351 3262 ἀδικιῶν,
1389 3205 1478 3252 καὶ
1531 3208 1629 3252 τῶν
1697 3201 1789 3252 αύ-

1909 3195 2394 3262 cognoscendum
2423 3198 2499 3255 de
2529 3202 2882 3262 criminibus
2898 3208 3084 3281 velinj
3097 3210 3237 3267 uriis
3251 3213 3554 3284 etjuribus

178 3294 278 3337 τῶν
318 3282 558 3356 δικαίων,
621 3296 718 3338 τῶν
779 3287 1066 3346 ἐκκλησιῶν
1121 3307 1176 3341 τε
1234 3288 1403 3341 αύτὼν
1461 3289 1788 3361 επιμελητέον

184 3385 468 3436 κανονικῶς
524 3375 577 3427 ἐν
649 3383 756 3436 τοῖς
812 3381 1054 3451 Γραικοίς
1105 3386 1205 3429 τῶν
1283 3377 1453 3430 αὐτῶν
1505 3378 1697 3431 πόλεων
1757 3381 1786 3438 ἢ

180 3462 413 3540 ἕνοριῶν,
496 3464 545 3518 ἕν
627 3465 838 3529 ίκείνοίς
920 3475 1026 3528 τοίς
1110 3467 1424 3542 συμϐάμασι
1503 3474 1788 3543 προσήκειν

182 3553 483 3629 βουλόμεθα
527 3561 621 3616 τὴν
671 3555 912 3621 ἐξουσίαν
952 3556 1000 3609 ίν
1075 3559 1149 3620 οἷς
1223 3558 1400 3621 αὐτοῖς
1459 3557 1514 3610 ἐκ
1575 3555 1785 3611 δικαίου

175 3649 435 3717 προσήκει
465 3654 580 3710 τοῖς
609 3649 869 3713 Λατίνοις.

249 3756 388 3827 Πρὸς
437 3758 531 3814 τὴν
598 3753 816 3810 σύνοδον
872 3751 932 3810 δὲ
989 3763 1082 3811 τοῦ
1140 3757 1366 3815 Λατίνου
1425 3753 1714 3816 ἐπισκόπου
1759 3751 1783 3812 ὸ

167 3824 426 3915 Ῥωμαῖος
463 3841 749 3909 ίπίσκοπος
801 3845 850 3898 ἓν
896 3856 955 3922 τῇ
1018 3849 1177 3902 αὐτοῦ
1237 3849 1408 3924 ἐνορίᾳ
1461 3855 1548 3903 τὸν
1605 3853 1782 3928 θρόνον

169 3931 333 3984 αὐτοῦ
371 3932 528 4006 ἔχων,
586 3931 728 3998 ἅπαξ
786 3944 878 3989 τοῦ
933 3937 1169 3992 ἐνιαυτοῦ
1222 3943 1353 4010 μετὰ
1402 3950 1502 3993 τῶν
1553 3944 1778 4015 ἡγουμέ-

160 4039 266 4074 νων
319 4029 408 4076 καὶ
466 4033 563 4077 τῶν
638 4025 805 4100 ἱερέων
849 4029 1030 4099 αὑτοῦ,
1081 4039 1180 4082 τῶν
1231 4035 1322 4089 τὴν
1377 4028 1630 4106 φροντίδα
1676 4042 1775 4085 τῶν

162 4112 362 4185 ψυχῶν
428 4111 675 4186 ἑχόντων,
737 4123 1006 4190 κρατεῖται
1080 4121 1364 4183 ἐνεπηκόως
1421 4127 1723 4199 συντρέχειν
1758 4140 1770 4156 ⁸

157 4221 257 4255 και
285 4205 352 4254 τὰ
391 4201 647 4258 συνοδικά
705 4209 890 4258 τούτου
957 4209 1292 4282 θεσπίσματα
1350 4206 1384 4262 ἆ
1439 4216 1611 4284 μέντοι
1664 4219 1771 4274 τοῖς

155 4301 266 4344 τῶν
303 4295 534 4366 Γραικῶν
576 4295 714 4348 ἔθεσι
745 4301 818 4369 μὴ
861 4294 1110 4359 ἐναντίοις
1147 4307 1210 4373 τῇ
1266 4299 1514 4374 καθολικῇ
1569 4307 1766 4367 πίστει,

153 4388 255 4436 καὶ
285 4380 340 4434 ix
380 4392 474 4446 τῆς
531 4389 763 4460 Γραικῶν
819 4383 1127 4450 Ἐκκλησίας
1173 4387 1505 4466 ἀνεχομένοις
1557 4397 1630 4465 μὴ
1687 4391 1770 4444 ἀν-

151 4471 478 4541 τιϐαίνουσι,
535 4473 811 4548 λαμϐάνειν
860 4496 912 4530 τε
962 4485 1051 4531 καὶ
1103 4479 1392 4553 φυλάττειν.
1447 4480 1556 4536 Ἵνα
1605 4478 1664 4536 δὲ
1693 4485 1764 4555 μὴ

1899 3282 2049 3354 ipsis
2081 3300 2329 3342 suarum
2361 3288 2778 3364 Ecclesiarum,
2803 3295 2864 3351 in
2893 3299 3136 3356 casibus
3164 3300 3280 3358 illis
3299 3282 3556 3376 potesta-

1898 3377 2018 3428 tem
2051 3373 2112 3429 in
2141 3376 2369 3432 Grmcos
2387 3394 2627 3436 suarum
2641 3383 2947 3442 civitatum
2961 3389 3055 3445 vel
3067 3373 3399 3451 dimcesum
3421 3413 3556 3454 esse

1895 3461 2200 3533 volumus,
2221 3464 2285 3520 in
2311 3466 2535 3538 quibus
2562 3469 2638 3526 de
2663 3471 2799 3542 jure
2826 3476 2978 3547 ipsis
3003 3479 3225 3537 Latinis
3246 3488 3551 3546 convenit.

1967 3747 2052 3814 Ad
2095 3751 2400 3834 synodum
2424 3753 2612 3822 Latini
2643 3759 2963 3842 epiSCOpus
2989 3765 3260 3831 Romanus
3285 3777 3390 3850 qui
3415 3777 3545 3851 ejus

1891 3847 2134 3904 dioecesi
2162 3851 2366 3907 sedem
2391 3857 2549 3910 tenet
2581 3857 2921 3931 episcopus,
2955 3876 3025 3917 ac
3045 3865 3266 3936 pariter
3292 3847 3545 3925 abba'tes

1891 3937 2138 4009 ejusque
2168 3940 2506 3998 sacerdotes
2535 3946 2881 4003 animarum
2902 3965 3112 4007 curam
3133 3953 3426 4011 habentes
3454 3975 3545 4014 se-
3585 3991 3587 3994 ‹

1887 4025 2080 4081 melin
2096 4043 2257 4083 anno
2283 4031 2555 4103 expedite
2577 4036 2887 4105 accedant,
2904 4044 2960 4095 et
2981 4041 3275 4114 synodica
3303 4047 3544 4105 decreta

1885 4130 2044 4187 quas,
2074 4117 2289 4172 Graecis
2318 4120 2563 4192 quidem
2606 4124 2885 4182 institutis
2911 4129 3218 4187 catholicae
3248 4132 3389 4189 ﬁdei
3417 4152 3543 4195 non

1883 4207 2382 4278 repugnantibus,
2418 4215 2475 4266 et
2494 4227 2528 4266 a
2551 4215 2765 4271 Graecis
2805 4219 3060 4290 receptis
3084 4222 3362 4279 Ecclesiis
3413 4242 3539 4284 non

1883 4294 2302 4367 adversantur,
2359 4300 2661 4374 suscipere
2709 4310 2765 4361 et
2818 4306 3137 4365 observare
3198 4317 3538 4375 teneantur.

1879 4388 1959 4441 Ne
1988 4392 2187 4442 autem
2227 4388 2366 4444 dicti
2399 4392 2668 4466 episcopi
2708 4397 2892 4453 Graeci
2949 4415 3021 4454 ex
3047 4399 3229 4473 hujus
3260 4403 3540 4465 observa~

1878 4475 2038 4532 tione
2070 4479 2536 4547 Constitutionis,
2565 4498 2688 4556 qua
2712 4485 2792 4541 ad
2816 4488 3190 4563 episcopales
3218 4495 3397 4551 etiam
3427 4515 3534 4570 sy—

153 4564 213 4614 οί
237 4561 478 4638 ῥηθέντες
501 4567 715 4638 Γραικοὶ
767 4561 1044 4620 ἐπίσκοποι
1098 4564 1422 4644 βαρύνωντοι
1480 4569 1634 4648 βάρει
1689 4567 1769 4623 δι-

1909 4567 2073 4620 ιοάοε
2134 4567 2476 4625 Latinorum
2531 4574 2885 4643 pontiﬁcum
2911 4561 3194 4637 accedere
3233 4591 3531 4656 coguntur

151 4651 275 4723 πλῷ
302 4651 350 4704 ἒν
381 4661 453 4723 τῷ
495 4649 706 4707 δεῖσθαι
735 4657 938 4718 τούτοις
994 4657 1249 4730 ἔρχεσθαι
1304 4658 1359 4711 ἐκ
1389 4671 1481 4723 τῆς
1525 4663 1770 4725 τοιαύτης

153 4737 449 4804 διατάξεως
497 4741 733 4816 ὀφείλειν,
813 4747 900 4796 καὶ
954 4744 1026 4807 εἰς
1089 4748 1184 4809 τὰς
1229 4747 1577 4813 ἔπίσκοπικάς
1621 4755 1770 4803 συνὸ-

1879 4654 2101 4727 duplici
2123 4670 2224 4725 gra
2238 4662 2446 4714 ventur
2461 4675 2660 4730 onere,
2690 4666 3008 4723 statuimus
3023 4669 3100 4725 ad
3113 4654 3523 4733 dioecesanam

1881 4743 2184 4814 synodum
2206 4760 2308 4800 eos
2337 4761 2460 4803 non
2482 4763 2615 4806 esse
2656 4754 2982 4825 cogendos.

149 4826 284 4891 ὃους
312 4840 411 4882 τῶν
467 4830 750 4908 ἀρχιερέων
808 4839 1042 4885 Λατίνων
1094 4837 1312 4900 τούτους
1346 4841 1621 4913 ἔρχεσθαι,
1671 4839 1737 4899 εἰς
1775 4841 1870 4896 τὴν
1909 4839 2005 4892 τῆς
2034 4829 2297 4906 ἐπαρχίας
2337 4833 2557 4889 σύνοδον
2613 4843 2866 4914 τάττομεν
2916 4846 3010 4897 οὗκ
3051 4845 3528 4924 ἀναγκαζομένους.

233 4919 313 4973 Ἐν
364 4927 479 4983 ταῖς
537 4919 882 4998 ἔπιτηρὴσεσι
962 4928 1137 4997 μέντοι
1212 4936 1312 4978 τῶν
1365 4933 1596 5003 Γραικῶν
1648 4928 1763 4982 ἐπι-

146 5013 386 5078 σκόπων,
434 5011 463 5069 ἦ
523 5020 622 5062 τῶν
675 5011 847 5075 οὐτοῑς
895 5015 1336 5088 ὑποτεταγμένων,
1386 5017 1581 5077 ἐκείνην
1635 5015 1762 5091 βου-

140 5099 348 5172 λόμεθα
380 5100 520 5170 ἔχειν
550 5103 672 5160 τούς
733 5106 990 5164 Λατίνους
1028 5101 1294 5178 ἀρχιερεῖς
1324 5104 1372 5157 ἐν
1429 5115 1541 5167 ταῖς
1594 5104 1760 5167 ἰδίαις

138 5187 337 5243 πόλεσι
366 5193 456 5240 καὶ
514 5187 735 5264 ἕνορίαις
785 5195 880 5250 τὴν
931 5191 1191 5260 ἐξουσίαν,
1250 5192 1310 5253 ἣν
1364 5204 1437 5267 τῷ
1492 5216 1755 5272 μητροπο-

139 5279 270 5351 λίτῃ
316 5277 366 5330 ἐν
395 5284 510 5340 ταῖς
569 5278 913 5352 ἐπιτηρήσεσι
969 5290 1069 5332 τῶν
1118 5283 1276 5334 αὑτοῦ
1336 5287 1615 5360 συνερίθων
1667 5293 1758 5340 καὶ

138 5375 252 5422 τῶν
331 5367 492 5421 αὑτοῦ
566 5370 810 5427 ὑπηκόων
890 5380 1279 5450 παραχωροῦσι
1365 5378 1432 5431 τὰ
1515 5380 1760 5434 κανονικὰ

146 5456 511 5532 Θεσπίσματα.

221 5553 306 5620 Τῷ
358 5546 764 5626 ἀρχιεπισκόπῳ
819 5550 999 5628 μίντὸν
1046 5555 1136 5611 καὶ
1187 5558 1298 5623 τοῗς
1353 5557 1599 5629 Λατίνοις
1652 5555 1761 5621 ἐπτι-

147 5642 391 5712 σκόποις,
444 5640 567 5693 ὅταν
640 5645 834 5708 ταύτας
910 5649 1004 5708 τὰς
1057 5646 1261 5725 ἔνορίας
1321 5655 1410 5715 τὰς
1473 5661 1592 5730 περὶ
1638 5663 1763 5720 τοὺς

1945 4919 2012 4976 In
2037 4921 2357 4992 puniendis
2389 4941 2528 4982 vero
2551 4930 2764 4986 Graacis
2787 4933 3082 5008 episcopis
3116 4941 3213 4992 vel
3234 4938 3294 4994 in
3317 4956 3529 5002 eorum

1875 5009 2097 5066 ditione
2146 5013 2500 5081 constitutis,
2534 5017 2816 5076 volumus
2843 5025 3078 5081 Latinos
3110 5029 3424 5098 pontiﬁces
3462 5035 3526 5092 in

1874 5100 1998 5154 suis
2028 5100 2360 5158 civitatibus
2383 5109 2437 5161 et
2470 5105 2831 5167 dimcesibus
2860 5129 2995 5169 eam
3016 5115 3238 5172 habere
3265 5123 3524 5180 auctori-

1862 5191 2048 5244 tatem
2096 5205 2283 5261 quam
2330 5197 2724 5268 metropolitae
2769 5201 2831 5256 in
2861 5205 3180 5274 puniendis
3241 5209 3363 5264 suis
3409 5213 3529 5274 suf.

1864 5276 2170 5347 fraganeis
2184 5280 2416 5354 sibique
2439 5286 2721 5356 subjectis
2744 5305 3050 5350 canonum
3066 5297 3404 5358 concedunt
3423 5303 3526 5362 de.

1865 5369 2050 5423 creta.
2947 5377 2961 5387 '

1943 5564 2198 5640 Quando
2231 5567 2720 5654 archiepiscopus
2759 5583 2817 5642 et
2864 5580 3134 5668 episcopi
3182 5589 3366 5656 Latini
3415 5615 3520 5660 eas

1867 5661 2158 5754 diceceses'
2169 5667 2239 5743 in
2264 5669 2487 5744 quibus
2513 5671 2698 5731 Graeci
2728 5661 3094 5740 consistunt~
3113 5701 3254 5746 cum
3299 5690 3520 5752 dicaces
