4120 6422
183 356 332 418 1553

1491 360 1962 427 (ΣΟΝΒΤΙἸἭΤΙΟ,
1983 360 2254 422 CYPRIA.

3420 363 3557 420 1554

187 483 280 535 τὸν
323 483 556 535 τοιοῦτον
598 479 1019 559 ἀρχιεπίσκοπον
1095 486 1354 563 Γερμανὸν
1422 489 1792 564 περιφερεσθαι

1920 485 2328 562 :hiepiscopus
2357 488 2690 546 Germanus
2709 485 3099 561 palabundus
3124 485 3363 545 oberret
3389 486 3558 544 nullo

189 575 265 644 μὴ
314 572 635 647 ἓγνωσμένου
680 580 772 627 τοῦ
826 576 1008 649 θρόνου
1069 575 1251 646 αὐτού,
1298 579 1382 632 τὸν
1438 576 1792 651 προλεχθέντα

190 659 476 714 ἐπίσκοπον
525 669 616 722 τῆς
663 671 762 716 τῶν
817 670 1049 739 Γραικῶν
1105 664 1366 743 καθέδρας
1417 676 1514 732 τῆς
1599 666 1647 721 έν
1728 675 1790 741 τῇ

190 748 388 823 Σωλείᾳ
413 758 510 814 τῆς
550 758 846 816 Λευκοσίας
898 754 1099 830 ένόρίας
1145 756 1249 811 ἀπὸ
1301 765 1394 811 τοῦ
1448 754 1650 831 δεσμοῦ
1701 763 1794 810 τοῦ

189 843 576 914 κεκρατημένον
623 851 686 915 τῇ
758 843 1048 918 Ἐκκλησίᾳ
1107 847 1288 920 αὐτοῦ,
1362 847 1546 921 λύομεν
1617 847 1790 912 αὐτὸν,

190 932 324 1002 πρὸς
348 932 435 982 τὸν
471 929 809 986 έπισκοπικὸν
860 936 1040 1009 θρόνον
1090 944 1182 990 τοῦ
1234 937 1497 1012 Ἀρσινοῦ,
1557 939 1645 990 τὸν
1697 944 1794 998 τῆς

195 1019 380 1091 Πάφου
425 1017 625 1094 ένορίας
700 1023 1052 1096 σχολάζοντα,
1135 1035 1197 1099 τῇ
1275 1035 1369 1089 τῆς
1442 1025 1796 1088 ἁποστολικῆς

192 1106 438 1171 ἐξουσίας
503 1106 661 1183 ἀδείᾳ
722 1117 812 1165 καὶ
897 1123 960 1187 τῇ
1047 1113 1212 1189 βουλῇ
1296 1124 1396 1170 τῶν
1469 1115 1796 1191 προρρηθέν-

189 1216 294 1249 των
353 1193 606 1271 ἀδελφῶνο
664 1206 755 1254 καὶ
805 1208 1154 1280 μεταφέρομεν
1228 1211 1325 1258 καὶ
1381 1202 1602 1279 δίδομεν
1656 1205 1797 1276 αύτῷ

190 1282 376 1340 ἄδειαν
405 1294 497 1341 τοῦ
528 1284 843 1364 διέρχεσθαι
898 1293 1174 1369 ἕλουθέρως
1233 1295 1300 1356 εἰς
1351 1298 1438 1349 τόν
1494 1295 1650 1349 αὐτόν
1676 1297 1798 1371 θρό-

190 1394 297 1430 νον.
348 1383 432 1448 Τῷ
503 1377 849 1454 προῤῥηθέντι
919 1379 979 1436 δὲ
1054 1390 1297 1460 Γερμανῷ
1391 1383 1794 1458 ἆρχιεπισκόπῳ

193 1466 288 1526 τὰς
322 1466 594 1541 ῥηθείσας,
636 1472 722 1522 τόν
777 1472 954 1542 θρόνον
1010 1479 1100 1526 καὶ
1139 1494 1234 1533 την
1283 1482 1374 1536 τῆς
1426 1474 1647 1538 Σωλείας
1681 1475 1795 1528 Ἐκ-

197 1554 422 1614 κλησίαν
452 1558 893 1633 ἕνπνευματικοῖς
940 1568 1031 1616 καὶ
1082 1563 1131 1616 ἐν
1187 1573 1447 1641 καιρικοίς
1502 1561 1640 1618 κατὰ
1705 1569 1800 1624 τὴν

196 1649 394 1700 τούτων
447 1646 646 1722 βουλὴν
708 1656 798 1704 καὶ
877 1651 1120 1717 ἐξουσίαν
1203 1657 1613 1730 παρατιθέμεθα,
1679 1644 1804 1730 παρ’

200 1736 364 1789 αὐτοῦ
405 1739 844 1814 κρατηθησόμενα
890 1741 1015 1816 ούτῇ
1053 1752 1129 1818 .τῇ
1189 1753 1314 1818 τιμῇ
1375 1743 1490 1812 ⁴ἀεὶ,
1549 1750 1639 1798 καὶ
1729 1751 1802 1816 τῷ

1904 592 2018 635 suo
2055 581 2337 652 acceptus
2374 576 2613 644 throno,
2651 575 2970 650 praefatum
3003 576 3360 651 episcopum
3397 577 3558 634 sedis

1904 670 2246 726 Graacorum
2277 667 2470 736 Saliae,
2501 667 2775 724 dioecesis
2806 666 3124 735 Leucosite,
3178 683 3216 724 a
3265 682 3376 724 suo
3433 683 3559 740 quo

1902 761 2134 815 tenetur
2163 757 2436 814 Ecclesiae
2473 755 2710 814 vinculo
2739 755 3028 814 solvimus
3049 761 3107 813 et
3128 756 3208 814 ad
3248 757 3562 830 episcopa-

1901 846 2021 906 lem
2059 848 2266 905 sedem
2291 848 2595 918 Arsinoes,
2624 847 2900 904 dimcesis
2950 847 3158 921 Paphi.
3212 851 3558 916 vacantem,

1901 937 2244 1012 apostolicae
2280 937 2591 1010 potestatis
2647 937 2996 995 auctoritate
3048 953 3118 994 ac
3169 936 3562 1010 praefatorum

1902 1027 2156 1086 fratrum
2192 1030 2534 1084 nostrorum
2591 1025 2859 1096 consilio,
2889 1026 3330 1096 transierimus,
3387 1025 3563 1099 eique

1903 1121 2261 1192 potestatem
2286 1116 2540 1175 facimus
2568 1116 2753 1175 libere
2782 1116 3208 1190 progrediendi
3258 1116 3338 1175 ad
3388 1131 3563 1172 suam

1904 1222 2041 1264 eam
2073 1207 2299 1264 sedem.
2334 1206 2584 1264 Praefato
2611 1220 2757 1263 vero
2786 1208 3085 1264 Germano
3113 1205 3564 1280 archiepiscopo

1850 1375 1860 1384 .
1895 1295 2258 1371 pradictam
2289 1295 2462 1354 Solis:
2502 1295 2708 1352 sedem
2751 1299 2810 1352 et
2845 1295 3172 1352 Ecclesiam
3201 1297 3262 1353 in
3294 1295 3567 1369 spiritua-

1905 1386 2064 1444 libus
2088 1390 2146 1442 et
2168 1385 2624 1460 temporalibus,
2654 1401 2728 1442 ex
2754 1385 3106 1444 eorumdem
3165 1385 3416 1443 consilio
3471 1401 3569 1443 ea-

1908 1477 2170 1550 demque
2198 1481 2490 1551 potestate
2512 1476 2856 1544 deferimus,
2884 1476 2963 1532 ab
2992 1475 3126 1549 ipso
3163 1491 3404 1550 semper
3425 1491 3566 1531 cum

1911 1582 2024 1626 suo
2034 1567 2410 1626 retinendam
2421 1567 2650 1624 honore
2661 1565 3568 1640 etarchiepiscopalisdignitatis

1908 1657 2155 1715 nomine
2185 1660 2243 1714 et
2269 1655 2597 1730 episcopali
2621 1656 2969 1714 auctoritate
2995 1655 3326 1726 regendam
3353 1671 3366 1721 ;
3394 1654 3476 1713 ita
3505 1658 3572 1710 ut

1911 1746 1974 1804 in
2000 1762 2112 1803 sua
2131 1747 2204 1804 sit
2233 1750 2524 1820 potestate
2554 1738 2611 1805 et
2636 1746 2944 1804 voluntate
2973 1762 3084 1819 pro
3117 1762 3228 1803 suo
3256 1745 3428 1802 libitu
3475 1745 3570 1802 in-

200 1832 297 1888 τῆς
349 1825 829 1901 ἁρχιεπισκοπικῆς
905 1831 1052 1896 ἀξίας
1141 1833 1356 1907 ὀνόματι
1447 1833 1801 1896 ἕπισκοπικῶς

1920 1835 2115 1901 colere,
2133 1835 2225 1894 vel
2253 1835 2477 1894 dictam
2519 1835 2690 1894 Soliae
2739 1835 2948 1892 sedem
3001 1835 3099 1892 vel
3139 1834 3356 1905 degere
3402 1834 3571 1907 apud

198 1920 595 1990 ποιμαινόμενα·
649 1919 798 1982 οὗτος
831 1924 1008 1994 μέντοι
1061 1930 1151 1976 τοῦ
1223 1921 1351 1977 εἶναι
1433 1924 1588 1978 αὐτόν
1660 1922 1803 1978 ἐλεύ-

206 2005 406 2080 θερονῆ
436 2004 487 2058 έν
515 2014 588 2078 τῷ
638 2009 844 2083 ῥηθέντι
907 2014 1069 2084 θρόνῳ
1117 2021 1212 2076 τῆς
1275 2013 1513 2079 Σωλείας,
1563 2014 1593 2074 ἣ
1662 2015 1808 2088 παρὰ

200 2101 267 2169 τῇ
314 2093 567 2170 ἐκκλησίᾳ
604 2105 704 2150 τῶν
758 2104 989 2174 Γραικῶν
1052 2108 1143 2154 τοῦ
1188 2101 1364 2174 Ἀγίου
1415 2101 1656 2176 Βαρνάϐα
1711 2110 1806 2165 τῆς

206 2190 519 2255 Λευκοσίας,
571 2187 634 2245 ἣν
691 2187 765 2250 εἰς
813 2193 900 2242 τόν
950 2189 1229 2244 ἐπίσκοπον
1277 2201 1368 2246 τοῦ
1447 2193 1610 2246 αὐτοῦ
1688 2195 1808 2268 θρό-

204 2294 294 2328 νου
370 2283 426 2327 εκ
508 2283 600 2337 τῆς
680 2282 930 2343 τοιαύτης
1012 2281 1305 2356 εὐεργεσίας
1385 2291 1481 2345 τῆς
1554 2284 1810 2358 ἡμετέρας

209 2361 489 2429 διατάξεως
525 2368 772 2425 καθήκειν
834 2368 904 2432 εἰς
955 2373 1014 2424 τὸ
1073 2368 1309 2436 διηνεκες
1369 2371 1664 2446 βουλόμεθα
1718 2376 1809 2425 καὶ

205 2456 344 2508 κατὰ
392 2459 487 2514 τὴν
543 2456 704 2509 αύτοῦ
763 2458 971 2518 θέλησιν
1021 2469 1304 2518 κατοικεῖν.
1355 2462 1527 2516 Αύτού
1583 2458 1643 2516 δε
1715 2467 1808 2514 τοῦ

210 2543 633 2618 ἂρχιεπισκόπου
688 2547 950 2615 θανόντος,
1005 2551 1055 2602 ἓν
1100 2559 1172 2622 τῷ
1227 2560 1320 2614 τῆς
1370 2551 1587 2614 Σωλείας
1647 2553 1809 2626 θρόνῳ

210 2634 391 2694 ὁσάκις
417 2634 546 2709 αὐτῇ
578 2639 848 2710 χηρεύσῃ,
894 2637 1090 2703 ἁπλοῦς
1138 2644 1292 2713 μόνον
1347 2649 1441 2694 τοῦ
1495 2649 1592 2702 τῶς
1652 2646 1810 2714 Γραι-

210 2728 317 2775 κῶν
372 2721 542 2786 έθνους
592 2723 875 2788 ἕπίσκοπος
935 2732 1360 2801 χειροτονείσθω,
1438 2732 1494 2792 ὃς
1571 2738 1644 2802 τῷ
1721 2736 1810 2790 τῆς

1916 1927 2255 1984 Graecorum
2287 1925 2599 1983 ecclesiam
2628 1926 2682 1980 S.
2708 1924 3000 1982 Barnabte
3027 1926 3327 1992 Leucosae,
3381 1939 3571 1997 quam

1915 2015 1996 2075 ad
2020 2014 2376 2088 episcopum
2413 2004 2598 2085 hujus
2647 2013 2808 2070 sedis
2861 2029 2935 2070 ex
2990 2012 3306 2088 praesentis
3342 2017 3566 2071 nostris

1913 2103 2096 2176 hujus
2121 2103 2567 2162 Constitutionis
2610 2102 2907 2160 beneficio
2959 2106 3251 2177 perpetuo
3302 2106 3574 2175 spectare

1913 2193 2220 2250 volumus.
2258 2195 2334 2248 Eo
2365 2196 2566 2250 autem
2603 2191 3060 2265 archiepiscopo
3099 2191 3401 2254 defuncto,
3445 2190 3574 2246 sine

1916 2281 2042 2340 ulla
2070 2281 2476 2340 controversia
2505 2282 2677 2340 Solize
2731 2281 2937 2338 sedem
2992 2280 3225 2355 quoties
3285 2297 3396 2335 suo
3451 2279 3577 2336 {ue-

1916 2372 1992 2430 rit
2019 2371 2234 2429 orbata
2261 2375 2522 2445 pastore,
2555 2387 2630 2428 ex
2676 2373 3018 2428 Graecorum
3065 2370 3358 2426 duntaxat
3403 2372 3578 2439 gente

1917 2460 2242 2535 episcopus
2287 2461 2560 2532 eligatur,
2587 2460 2690 2534 qui
2718 2460 3014 2517 Leucosiae
3039 2459 3346 2533 episcopo,
3368 2458 3582 2516 eodem

1917 2549 2105 2609 modo
2133 2566 2256 2626 quo
2282 2555 2339 2608 et
2360 2551 2459 2608 alii
2483 2549 2751 2624 episcopi
2781 2549 2967 2607 Graeci
3020 2547 3240 2605 Latinis
3307 2551 3586 2604 tenentur

1919 2639 2167 2696 subesse
2180 2639 2500 2712 episcopis,
2514 2654 2586 2696 ex
2597 2638 3121 2712 praesentistenore
3137 2635 3584 2694 Constitutionis

1919 2729 2100 2787 etiam
2135 2730 2259 2804 ipse
2299 2729 2509 2787 subsit.

213 2818 503 2875 Λευκοσίας
549 2812 816 2889 ἕπισκόπῳ
855 2825 928 2890 τῷ
974 2819 1114 2892 αύτῷ
1175 2825 1354 2894 τρόπω
1487 2825 1577 2873 καὶ
1635 2820 1684 2872 οἱ
1726 2817 1871 2872 ἄλλοι
1910 2824 2126 2895 Γραικοὶ
2202 2818 2478 2874 ἐπίσκοποι
2555 2817 2848 2892 ὀφείλουσιν
2915 2818 3226 2870 ὑποκεῖσθαι
3292 2823 3400 2878 τοῖς
3478 2821 3584 2868 Λα·

208 2906 372 2966 τίνοις
418 2902 740 2973 ἐπισκόποις,
782 2910 916 2960 κατά
954 2912 1044 2967 τὴν
1085 2914 1332 2982 πρόνοιαν
1379 2919 1470 2972 τῆς
1513 2911 1792 2984 παρούσης
1841 2904 2130 2974 διατάξεως
2181 2909 2574 2968 ύποταττέσθω.

281 2995 380 3046 Τόν
439 2993 597 3048 αὐτὸν
682 3016 856 3070 μεντοι
933 3003 1214 3074 Γερμανόν,
1284 3003 1371 3054 τὸν
1427 3009 1528 3054 τῶν
1581 3007 1816 3075 Γραικῶν

210 3084 514 3151 ἐπίσκοπον,
573 3085 649 3147 οἱς
720 3089 1383 3163 μοναστήρια,ἐκκλησίας,
1459 3089 1649 3164 κλῆρον
1727 3096 1815 3144 καὶ

1998 3002 2200 3072 Ipsum
2231 3014 2413 3072 porro
2473 3000 2840 3055 Germanum
2860 2999 3202 3053 Graecorum
3231 2995 3585 3068 episcopum

1927 3089 2006 3146 ad
2037 3088 2420 3158 monasteria,
2453 3087 2756 3158 ecclesias,
2780 3086 3008 3144 clerum
3029 3089 3085 3141 et
3107 3083 3403 3159 populum
3432 3086 3585 3141 Grae-

210 3171 333 3223 λαὸν
381 3181 482 3225 τῶν
541 3179 775 3249 Γραικῶν
840 3184 934 3238 τῆς
997 3177 1193 3240 πόλεως
1225 3184 1512 3241 Λευκοσίας
1559 3186 1649 3233 καὶ
1715 3179 1806 3232 ἓνο-

1925 3193 2138 3235 corum
2180 3177 2479 3234 Leucosiae
2518 3175 2768 3233 civitatis
2824 3179 2882 3232 et
2921 3173 3199 3230 dimcesis
3247 3173 3580 3244 regendum

210 3266 332 3336 ρίας
388 3261 686 3337 βουλόμεθα
765 3264 906 3338 ἒχειν
973 3266 1167 3328 ἐκείνην
1241 3275 1334 3329 τὴν
1405 3269 1645 3334 ἐξουσίαν
1724 3275 1816 3330 τὴν

210 3359 584 3424 προγεγονυῖαν
634 3362 708 3424 τῷ
766 3355 1220 3432 ἐμπεπιστευμένῳ
1279 3361 1442 3435 θρόνῳ
1522 3360 1700 3426 αύτοῦ,
1757 3363 1818 3421 ἢν

211 3441 267 3493 οἱ
310 3439 455 3493 ἄλλοι
501 3450 601 3494 τῶν
658 3450 893 3518 Γραικῶν
948 3446 1226 3502 ἐπίσκοποι
1269 3457 1362 3502 τοῦ
1430 3458 1529 3512 τῆς
1603 3454 1817 3528 Κύπρου

212 3531 451 3605 ῥηγοίτου
482 3531 537 3584 ἐκ
566 3541 658 3594 τῆς
696 3537 953 3598 τοιαύπῆς
1004 3540 1326 3611 προμηθείας
1367 3539 1439 3602 εὶς
1495 3543 1617 3602 τούς
1659 3547 1818 3614 Γραι-

214 3622 343 3680 κοὺς
378 3624 496 3682 τοὺς
524 3621 704 3686 αὐτοῖς
728 3625 1172 3700 ὑποτεταγμένους
1197 3628 1621 3702 ἐπιπροίττουσιν.

289 3711 391 3764 Τοῦ
420 3709 604 3764 λοιποῦ
623 3712 765 3784 αύτῷ
815 3722 889 3785 τῷ
941 3723 1042 3768 τῶν
1104 3721 1338 3789 Γραικῶν
1408 3717 1816 3793 ἀρχιεπισκόπῳ

215 3799 396 3869 ζῶντι,
421 3799 451 3858 ἢ
481 3804 577 3858 τὴν
617 3805 715 3862 της
755 3801 1240 3878 ἀρχιεπισκοπικῆς
1293 3805 1445 3870 ἀξίας
1487 3807 1815 3883 λειτονΡἹίαν

210 3893 659 3964 παρακατέχοντι,
692 3891 851 3946 αὐτοῦ
877 3890 946 3954 δὴ
993 3902 1084 3950 τού
1133 3895 1562 3972 ἀρχιεπισκόπου
1593 3903 1682 3951 καὶ
1708 3906 1808 3951 τῶν

208 3976 507 4030 ἐπισκόπων
536 3987 636 4032 τῶν
684 3986 917 4034 Λατίνων
962 3982 1042 4036 ἐπὶ
1099 3991 1204 4046 τοῖς
1261 3990 1503 4058 Γραικόῖς
1545 3991 1664 4060 περὶ
1718 3992 1812 4046 τὴν

205 4065 521 4130 ὁξακολούθη
529 4087 612 4122 σιν
735 4078 838 4123 τῶν
957 4071 1445 4146 ἀρχιεπισκοπικῶν
1598 4076 1813 4140 ἐξουσία

200 4163 297 4210 τοῦ
354 4154 607 4211 ἀνακινεῖν
664 4164 752 4218 τὴν
805 4168 903 4224 τῆς
962 4158 998 4214 δ
1003 4163 1224 4226 ιενέξεως
1297 4164 1424 4223 ὕλην
1489 4165 1807 4238 ἀφελκέσθω.

282 4248 544 4319 Τάττομεν
613 4255 782 4304 τοίνυν
861 4254 952 4303 καὶ
1017 4253 1331 4325 θεσπίζομεν
1402 4261 1585 4308 τοῦτον
1655 4255 1810 4308 αὐτόν

207 4337 628 4413 ἀρχιεπίσκοπον
675 4347 776 4391 τῶν
842 4346 1073 4415 Γραικῶν
1121 4345 1400 4417 Γερμανόν,
1457 4345 1547 4406 ἕως
1604 4343 1665 4396 ἂν
1717 4344 1808 4418 ζῇ,

210 4427 268 4481 ἐκ
325 4434 414 4488 τῆς
465 4429 830 4489 καταστάσεως
899 4438 994 4493 τῆς
1057 4434 1301 4494 τοιαύτης
1376 4429 1639 4506 διαταγῆς
1691 4433 1810 4488 ἄνευ

735 4078 838 4123 τῶν

1927 3283 2377 3342 promovemus,
2408 3282 2482 3323 ea
2502 3268 2796 3340 potestate
2816 3265 3136 3338 praeditum
3158 3265 3216 3319 in
3240 3263 3586 3320 concredita

1929 3357 2042 3414 sibi
2065 3357 2228 3427 sede,
2260 3373 2447 3429 quam
2463 3355 2910 3412 alliGraecorum
2924 3353 3193 3426 episcopi
3228 3354 3393 3424 regni
3410 3353 3586 3425 Cypri

1927 3464 2001 3504 ex
2031 3447 2332 3519 ejusmodi
2405 3446 2747 3521 provisione
2793 3446 2854 3501 in
2905 3444 3141 3500 Graecos
3207 3443 3323 3501 sub
3375 3459 3586 3500 eorum

1927 3537 2150 3594 ditione
2179 3535 2535 3593 constitutos
2558 3533 2849 3592 obtinent.

1997 3719 2079 3773 Eo
2144 3715 2390 3772 tandem
2455 3715 2800 3770 Graecorum
2838 3711 3294 3785 archiepiscopo
3326 3711 3584 3779 vivente,

1924 3808 2048 3865 sive
2086 3805 2612 3880 archiepiscopalis
2649 3803 2956 3875 dignitatis
2995 3817 3245 3860 munere
3280 3802 3583 3874 fungente,

1923 3898 2037 3970 ipsi
2066 3898 2313 3971 quidem
2326 3894 2778 3968 archiepiscopo
2790 3898 2846 3950 et
2875 3893 3178 3966 episcopis
3215 3892 3584 3961 Latinorum,

1922 3993 1988 4045 ut
2020 3986 2290 4044 exciendi
2303 3986 2556 4044 materia
2567 3985 2800 4041 dissidii
2814 3983 3080 4054 tollatur,
3092 3983 3167 4039 de
3185 3980 3578 4054 archiepisco‘

1921 4073 2864 4152 palibusconsequendisjuribus
2897 4089 3084 4146 supra
3113 4075 3346 4128 Grmcos
3377 4069 3583 4129 ablata

1923 4167 1996 4224 sit
2023 4171 2313 4241 potestas.

1992 4256 2376 4330 Prmeipimus
2395 4255 2574 4325 igitur
2611 4257 2668 4310 et
2696 4252 3064 4309 mandamus
3089 4255 3155 4308 ut
3192 4251 3321 4325 ipse
3351 4252 3582 4307 Graeco-

1919 4362 2058 4404 rum
2123 4344 2612 4418 archiepiscopus
2685 4345 3042 4408 Germanus,
3081 4341 3289 4415 quoad
3351 4340 3576 4410 vixerit,

1920 4451 1992 4492 ex
2017 4435 2199 4505 hujus
2227 4433 2623 4507 dispositione
2652 4429 3120 4501 Constitutionis,
3169 4430 3296 4485 sine
3349 4429 3580 4485 Latino-

211 4515 506 4591 ἀντιλογίας
549 4525 648 4570 τῶν
697 4524 928 4572 Λατίνων
979 4519 1264 4597 ἀρχιερέων
1331 4521 1623 4598 ἂευθέρως,
1691 4523 1806 4577 ὃταν

1920 4540 2057 4581 rum
2123 4523 2531 4581 controversia
2593 4521 3037 4594 episcoporum,
3099 4517 3580 4592 quotiescunque

210 4608 386 4680 μέντοι
437 4615 715 4669 κανονικῶς
791 4611 912 4669 τούς
977 4615 1230 4685 Γραικοὺς
1301 4618 1422 4674 τούς
1479 4613 1813 4686 έκλεχθέντας

210 4703 276 4768 τῇ
331 4699 523 4769 Κύπρῳ
569 4695 786 4760 καθεξῆς
827 4704 1254 4770 χειροτονητέους
1330 4701 1402 4763 εἰς
1470 4702 1811 4774 ἐπισκόπους,

209 4789 305 4839 καὶ
349 4782 450 4838 ἀπὸ
496 4792 598 4838 τῶν
654 4790 890 4839 Λατίνων
956 4785 1262 4863 ἀρχιερέων,
1309 4790 1376 4850 εὶς
1427 4788 1494 4843 ὧν
1532 4798 1812 4868 παροικίας

213 4873 376 4939 εἰσὶν,
471 4873 1036 4950 ἐπισφραγιζομένους,
1130 4873 1284 4950 ἀδείᾳ
1352 4880 1766 4955 μητροπολιτικῇ
1792 4926 1808 4951 ,

207 4965 338 5038 πρὸς
389 4965 479 5024 τὰς
541 4965 681 5038 ἱερὰς
749 4964 920 5028 τέξεις
989 4964 1490 5041 προϐιϐαζομένους,
1563 4989 1809 5044 χειροτο-

206 5055 369 5105 νείτω·
428 5055 550 5114 τοὺς
603 5049 662 5105 δε
710 5052 890 5115 ἄλλους
953 5061 1045 5107 τοῦ
1105 5055 1266 5108 αὐτοῦ
1337 5057 1572 5131 ῥηγοξτοῦ
1657 5065 1810 5134 Γραι-

204 5143 334 5202 κοὺς
391 5140 705 5203 ἐπισκόπους
755 5143 1078 5214 σνγκαλείτω
1118 5147 1247 5219 πρὸς
1312 5148 1371 5198 τὸ
1423 5155 1515 5208 τῆς
1566 5151 1809 5211 τοιαύτης

203 5235 534 5304 χειροτονίας
611 5237 896 5306 μυστήριον
962 5233 1142 5287 τελεῖν·
1237 5239 1326 5288 καὶ
1397 5241 1517 5310 περὶ
1616 5241 1810 5301 πάντας

205 5323 328 5379 τοὺς
367 5324 620 5395 Γραικούς
660 5329 752 5396 τού
811 5322 971 5374 αὐτοῦ
1034 5324 1270 5399 ῥηγοξτοῦ
1337 5325 1398 5398 τῇ
1478 5325 1604 5400 αὐτῇ
1656 5325 1812 5402 ἀδείᾳ

209 5406 507 5483 ἀπονεμέτω
555 5415 650 5468 τὴν
728 5419 790 5471 τῆ
803 5431 824 5473 ς
904 5411 1217 5484 ἐπισκέψεως
1293 5412 1620 5489 λειτουργίαν
1689 5419 1811 5471 ὅταν

210 5497 270 5551 ἐκ
299 5505 389 5550 τού
439 5495 651 5552 δικαίου
702 5499 1053 5574 ἐπινεμηθείη·
1121 5508 1211 5554 καὶ
1270 5503 1320 5556 ἐν
1379 5511 1496 5564 ταῖς
1541 5509 1812 5570 τοιαύταις

212 5585 545 5656 ἕπίσκοπαῖς,
625 5588 655 5647 ἢ
753 5587 800 5641 ἐν
889 5588 1062 5652 αὐτοῖς
1151 5596 1406 5650 ἀνήκουσι
1482 5596 1618 5666 λόγῳ
1705 5593 1813 5648 ἑπι-

217 5676 440 5748 ὸκοπῆς,
484 5675 547 5737 ἣν
598 5673 1041 5752 μητροπολιτικην
1081 5681 1130 5734 οἱ
1200 5681 1326 5735 θεῖοι
1375 5684 1579 5746 κανόνες
1637 5702 1808 5760 παρα·

1922 4613 2107 4672 Graaci
2131 4614 2192 4670 in
2225 4615 2420 4686 Cypro
2451 4611 2738 4669 canonice
2764 4610 2982 4666 fuerint
3020 4609 3234 4678 eﬂ‘ecti,
3259 4612 3328 4665 ut
3368 4611 3579 4680 postea

1921 4704 2274 4762 ordinentur
2291 4702 2580 4776 episcopi,
2623 4706 2682 4758 et
2731 4716 2768 4758 a
2825 4700 3045 4757 Latinis
3095 4697 3484 4773 pontiﬁcibus
3514 4696 3575 4753 in

1919 4807 2181 4866 quorum
2208 4797 2346 4848 sunt
2396 4790 2759 4848 dioecesibus
2807 4789 3168 4859 consignati,
3225 4786 3578 4843 auctoritate

1920 4882 2355 4956 metropolitica
2383 4881 2464 4938 ad
2484 4896 2689 4938 sacros
2713 4879 2956 4938 ordines
3009 4874 3428 4951 promovendi,
3469 4890 3574 4932 eos

1917 4971 2102 5029 libere
2128 4975 2435 5028 consecret
2465 4990 2478 5040 ;
2511 4971 2661 5027 alios
2689 4984 2834 5026 vero
2880 4967 3152 5039 ejusdem
3194 4965 3366 5036 regni
3408 4965 3575 5020 Grie-

1918 5076 2130 5118 corum
2159 5061 2476 5135 episcopos
2497 5060 2577 5117 ad
2605 5058 2905 5132 ejusmodi
2956 5055 3351 5114 ordinationis
3381 5068 3578 5110 sacra-

1919 5155 2192 5208 mentum
2217 5148 2649 5222 perﬁciendum
2663 5150 2739 5205 ad
2749 5151 2936 5214 vocet,
2959 5145 3088 5202 etin
3107 5144 3348 5200 Graecos
3361 5157 3576 5198 omnes

1918 5241 2191 5312 ejusdem
2206 5239 2599 5309 regnieadem
2614 5237 2964 5294 auctoritate
2979 5232 3336 5291 visitationis
3351 5246 3577 5288 munus

1919 5332 2192 5386 exerceat
2224 5329 2457 5401 quoties
2481 5328 2556 5384 de
2577 5327 2710 5398 jure
2740 5323 3142 5383 exercendum
3197 5321 3348 5391 erit;
3407 5326 3466 5377 et
3515 5321 3578 5377 in

1918 5419 2062 5477 istos
2087 5417 2468 5489 episcopatus
2493 5417 2587 5472 vel
2614 5416 2676 5472 in
2705 5430 2810 5471 eos
2832 5414 2936 5487 qui
2951 5412 3178 5469 ratione
3190 5410 3577 5483 episcopatus

1921 5509 1981 5564 in
2007 5507 2138 5578 ejus
2168 5514 2309 5564 sunt
2345 5506 2591 5576 ditione,
2631 5520 2820 5578 quam
2855 5499 3358 5574 metropoliticam
3391 5498 3580 5555 divini

1921 5597 2165 5654 tradunt
2176 5593 2804 5669 canones,plenariam
2814 5609 2951 5651 eam
2961 5591 3187 5650 habeat
3202 5593 3552 5662 potestatem
3563 5631 3578 5657 ,

1917 5701 2144 5760 eosque
2164 5687 2227 5743 in
2256 5687 2375 5745 vita
2410 5684 2602 5759 ipsius
2622 5680 3023 5757 arhiepiscopi
3043 5681 3211 5751 regat
3239 5694 3252 5736 :
3279 5675 3581 5751 siquidem
