4120 6408
288 387 426 442 1565

1309 375 1488 434 SIXTI
1532 373 1872 433 IV’BULLA
1907 372 2005 428 AD
2045 369 2246 430 CYPRI
2282 377 2682 438 EPISCOPOS.

3563 383 3704 444 1566

278 507 376 565 vel
392 507 450 563 in
487 505 754 562 futurum
774 503 884 559 erit
907 501 970 558 in
989 500 1224 578 civitate
1253 505 1311 558 et
1365 502 1590 560 diocesi
1647 502 1943 560 Nicosien-
1974 501 2023 554 Α
2050 498 2112 554 in
2143 503 2318 573 cujus
2342 505 2563 562 diosesi
2586 507 2779 578 fuerit,
2813 506 2906 562 vel
2943 522 3052 579 per
3091 507 3363 579 ejusdem
3410 508 3701 568 vicarium

287 597 482 666 sibus,
512 599 617 651 aut
641 594 702 650 in
729 593 846 650 aha
870 593 1074 666 aliqua
1103 593 1340 650 civitate
1363 609 1469 648 seu
1509 593 1734 649 diocesi
1770 590 1941 660 regni

281 687 460 759 Cipri,
488 685 601 740 sub
631 700 777 740 cura
807 684 1059 740 aliorum
1089 682 1612 752 suﬂ‘raganeorum
1638 687 1940 752 metropo-

280 776 448 833 litani
496 773 932 846 archiepiscopi
993 773 1348 829 Nicosiensis
1402 778 1458 834 et
1513 773 1943 845 episcoporum

282 865 628 921 Latinorum
673 863 1017 919 immediate
1055 879 1161 918 seu
1225 863 1484 918 mediate
1527 858 1946 934 existentibus,

281 953 546 1010 tribunal
557 952 785 1026 aliquid
799 956 902 1008 aut
921 951 1187 1025 aliquam
1196 951 1673 1023 jurisdictionem
1704 953 1947 1006 conten-

280 1043 499 1098 tiosam
529 1042 752 1098 habere
781 1041 877 1097 vel
901 1057 1192 1112 exercere,
1217 1041 1333 1097 nisi
1351 1041 1504 1096 inter
1529 1057 1695 1106 suos,
1719 1039 1781 1096 in
1813 1037 1946 1094 loco

280 1145 392 1185 suo
419 1130 524 1203 qui
552 1135 804 1184 vocatur
825 1128 1004 1194 Solia,
1038 1145 1075 1185 a
1096 1145 1217 1201 quo
1243 1130 1423 1184 etiam
1450 1128 1771 1200 episcopus
1813 1127 1950 1182 Gre-

281 1218 528 1290 cusipse
541 1233 763 1274 nomen
776 1219 1026 1274 sumitet
1047 1218 1305 1274 tribunal
1333 1233 1438 1273 seu
1463 1216 1943 1288 jurisdictionem

278 1306 709 1381 episcopalem,
737 1311 1049 1380 tamquam
1094 1307 1513 1376 suﬂ‘raganeus
1562 1322 1630 1362 ac
1682 1304 1942 1360 vicarius

283 1397 471 1454 Latini
490 1397 766 1470 presulis,
797 1397 950 1453 inter
979 1414 1124 1453 suos
1156 1399 1373 1454 Grecos
1412 1412 1707 1460 exercere,
1734 1410 1940 1456 secun-

280 1486 429 1543 dum
460 1485 824 1558 apostolicas
862 1485 1296 1556 ordinationes,
1342 1484 1837 1542 consuetudinem
1884 1488 1942 1540 et

284 1580 528 1642 statuta,
560 1580 625 1631 ut
653 1575 888 1643 dicitur,
929 1579 1022 1632 est
1039 1576 1336 1648 provisus.

357 1667 423 1720 Et
441 1664 728 1731 similiter,
757 1665 818 1720 in
845 1664 978 1720 loco
1004 1666 1262 1737 Arsinoy
1289 1671 1344 1721 et
1397 1665 1718 1732 similibus,
1775 1671 1942 1722 extra

283 1755 573 1820 civitates,
596 1754 658 1808 in
679 1753 848 1808 dictis
888 1753 1036 1809 locis
1071 1769 1180 1826 per
1207 1753 1477 1822 singulas
1522 1755 1790 1810 dioceses
1835 1754 1939 1810 ha-

2050 590 2453 664 episcopalem
2504 597 2580 652 ad
2609 597 2717 652 hoc
2763 596 3129 667 ordinatum,
3155 599 3510 670 precedente
3539 601 3705 659 bona

2050 680 2125 738 de
2149 681 2270 740 vita
2287 684 2418 753 ejus
2439 691 2496 752 et
2522 685 2938 741 confessorum
2968 701 3074 740 seu
3137 686 3585 759 predicatorum
3616 690 3703 747 fa-

2051 783 2171 834 ma,
2203 770 2516 844 diligenter
2547 774 2910 842 examinata,
2931 779 2990 830 et
3013 774 3187 830 claris
3209 775 3587 834 documentis
3610 795 3705 835 ca-

2051 855 2304 916 tholicus
2335 865 2390 920 et
2416 861 2694 934 ydoneus
2727 868 2996 934 repertus
3033 867 3094 919 et
3123 863 3468 921 solemniter
3487 881 3704 939 appro-

2052 947 2229 1003 batus
2257 949 2450 1017 fuerit,
2483 957 2540 1008 et
2560 952 2639 1008 ab
2668 953 2801 1026 ipso
2831 953 3158 1010 diocesano
3185 953 3280 1009 vcl
3311 955 3441 1026 ejus
3478 956 3702 1012 vicario

2049 1035 2346 1095 licentiam
2363 1039 2577 1098 eodem
2600 1057 2760 1098 anno
2772 1058 2893 1114 quo
2905 1042 3083 1098 debet
3093 1043 3404 1115 predicare
3417 1048 3473 1100 et
3512 1045 3702 1102 conﬁ-

2053 1130 2240 1182 tentes
2272 1128 2479 1184 audire
2507 1146 2612 1185 seu
2643 1129 2957 1186 absolvere
2988 1131 3329 1188 solemniter
3354 1139 3410 1189 et
3455 1133 3517 1190 in
3549 1132 3700 1190 scri-

2049 1215 2166 1286 ptis
2193 1215 2533 1274 obtinuerit.

2121 1306 2414 1378 Quodque
2445 1309 2553 1364 etsi
2581 1309 2685 1382 qui
2709 1308 3122 1366 confessiones
3154 1311 3383 1378 audire,
3414 1318 3470 1369 et
3499 1314 3706 1370 simili-

2047 1399 2134 1452 ter
2154 1394 2202 1450 si
2229 1396 2334 1474 qui
2357 1398 2521 1453 Greci
2544 1398 2638 1453 vel
2669 1398 2767 1454 alii
2816 1399 3084 1471 episcopi
3141 1399 3200 1454 in
3251 1401 3594 1458 civitatibus
3643 1408 3702 1459 et

2045 1481 2392 1540 diocesibus
2416 1485 2528 1540 sub
2550 1486 2986 1558 archiepiscopi
3003 1487 3361 1542 Nicosiensis
3390 1505 3495 1544 seu
3524 1489 3706 1546 alicu-

2041 1571 2143 1641 jus
2159 1570 2462 1642 suﬂ'ragan
2471 1590 2676 1630 eorum
2693 1591 2942 1630 suorum
2956 1575 3371 1647 episcoporum
3388 1577 3524 1633 dicti
3536 1578 3705 1648 regni

2047 1659 2201 1732 Cipri
2229 1677 2376 1716 cura
2413 1668 2470 1718 et
2497 1665 2861 1735 protectione
2894 1663 3152 1719 mediate
3211 1664 3306 1719 vel
3357 1666 3704 1723 immediate

2047 1747 2363 1804 existentes
2392 1751 2908 1825 qualitercumque
2929 1757 2987 1807 et
3008 1753 3548 1826 quandocumque,
3598 1770 3705 1810 ex-

284 1843 426 1900 bere
461 1859 568 1898 seu
597 1846 818 1918 tenere,
842 1848 898 1898 et
918 1843 1098 1898 etiam
1125 1842 1352 1899 eisdem
1378 1847 1434 1898 et
1454 1844 1939 1920 quibuscumque
1978 1860 2016 1913 B
2047 1837 2232 1909 ceptis
2263 1838 2410 1894 locis
2433 1841 2605 1912 Solie,
2632 1843 2888 1914 Arsinoy
2917 1843 2960 1912 ³,
3011 1841 3313 1912 Lephcare
3369 1844 3412 1906 ⁸,
3465 1849 3522 1898 et
3571 1846 3705 1900 Car-

285 1933 416 1990 aliis
446 1931 825 2004 presentibus
851 1937 910 1988 et
931 1930 1145 1992 futuris
1168 1935 1487 1992 Grecorum
1509 1949 1615 1990 seu
1656 1941 1935 1991 Armeno-

283 2039 422 2079 rum
435 2021 755 2078 etaliorum
767 2022 1202 2094 cujuscumque
1215 2022 1458 2078 ecclesie
1471 2022 1940 2079 Christianorum

286 2112 585 2184 episcopis
607 2111 720 2166 sub
743 2111 913 2183 penis
938 2110 1163 2167 eisdem
1194 2128 1311 2186 que
1354 2114 1429 2168 de
1481 2118 1674 2170 cetero
1723 2130 1941 2170 causas

271 2200 759 2258 ‘matrimoniales
781 2205 838 2256 et
858 2199 1007 2257 alias
1037 2217 1456 2274 quascumque
1478 2202 1813 2274 spirituales
1835 2220 1941 2259 au-

283 2291 411 2347 dire
437 2296 494 2347 et
511 2290 1023 2363 qualitercumque
1043 2290 1324 2361 difﬁnire,
1356 2307 1460 2346 seu
1483 2296 1556 2347 de
1593 2291 1708 2347 illis
1733 2292 1937 2365 aliquo

285 2383 472 2438 modo
504 2397 567 2436 se
595 2380 1003 2448 intromittere,
1035 2380 1131 2435 vel
1166 2380 1609 2451 juridictionem
1668 2398 1942 2438 exercere

282 2468 373 2524 vel
401 2468 920 2542 qualitercumque
948 2469 1010 2524 in
1039 2473 1097 2524 et
1124 2485 1306 2541 super
1343 2470 1742 2528 matrimoniis
1800 2488 1940 2528 con-

283 2557 485 2627 tractis
511 2556 602 2612 vel
627 2556 1052 2614 contrahendis
1077 2556 1612 2630 dispensationem,
1645 2577 1751 2615 seu
1794 2575 1939 2632 qua—

282 2646 676 2719 litercumque
689 2645 787 2701 div
795 2647 958 2701 orcia
970 2649 1182 2714 facere,
1199 2662 1305 2702 seu
1319 2647 1470 2702 thori
1495 2649 1938 2720 separationem

285 2740 574 2808 prostare,
603 2751 708 2790 seu
740 2734 974 2808 aliquos
1005 2735 1084 2792 ad
1113 2736 1517 2793 sacerdotium
1550 2737 1642 2792 vel
1678 2739 1758 2794 ad
1789 2739 1938 2794 alios

284 2840 681 2900 quoscunque
739 2841 942 2882 sacros
991 2825 1254 2896 ordines,
1312 2827 1425 2884 nisi
1486 2829 1770 2900 penitus'
1835 2845 1942 2902 per

281 2915 583 2988 prefatum
608 2915 1004 2972 diocesanum
1028 2916 1301 2972 Latinum
1343 2917 1468 2972 sive
1499 2919 1548 2989 ej
1560 2935 1628 2972 us
1652 2918 1938 2976 vicarium

285 3004 600 3074 diligenter
612 3005 984 3060 examinatos
995 3010 1053 3061 et
1063 3006 1430 3078 approbatos
1445 3023 1555 3079 pro
1586 3007 1940 3081 idoneisque

282 3110 390 3167 per
415 3093 660 3150 eosdem
683 3094 1025 3151 solemniter
1049 3099 1106 3151 et
1132 3096 1191 3151 in
1215 3096 1450 3168 scriptis
1511 3102 1887 3169 presentatos
1923 3117 1936 3154 :

283 3183 550 3256 aliquem
607 3200 986 3258 promovere,
1036 3200 1232 3258 neque
1279 3187 1598 3258 pecuniam
1669 3187 1936 3260 aliquam
1970 3216 2010 3271 ε

281 3279 610 3346 propterea
636 3273 920 3346 recipere,
952 3274 1047 3330 vel
1101 3273 1531 3347 qualicumque
1591 3283 1807 3347 petere,
1871 3293 1940 3333 ac

284 3362 401 3418 sub
430 3363 654 3419 eisdem
699 3363 874 3437 penis
922 3370 979 3419 et
1018 3364 1321 3433 censuris;
1381 3380 1577 3437 neque
1629 3365 1704 3420 de
1744 3372 1940 3422 cetero

282 3452 511 3524 populo
543 3452 700 3508 clam
736 3468 844 3508 seu
871 3451 1076 3524 palam
1105 3452 1298 3523 legere
1331 3469 1438 3508 seu
1470 3454 1798 3526 predicare,
1837 3471 1942 3511 seu

282 3541 536 3614 alicujus
556 3541 968 3598 confessiones
998 3542 1339 3611 audire,seu
1365 3543 1440 3598 de
1455 3544 1714 3615 peccatis
1729 3560 1940 3602 eorum

283 3630 634 3687 conﬁtentes
659 3631 896 3702 aliquos
926 3631 1164 3688 Latinos
1192 3630 1289 3687 vel
1311 3633 1547 3699 Grecos,
1581 3649 1687 3688 seu
1733 3635 1940 3688 Arme-

282 3737 395 3776 nos
425 3726 528 3776 aut
551 3720 870 3786 Jacobitas,
901 3719 994 3775 vel
1015 3720 1256 3775 alterius
1310 3723 1744 3794 cujuscumque
1798 3723 1942 3778 ritus

285 3825 392 3864 seu
411 3809 678 3877 ecclesie,
721 3808 1030 3866 absolvere
1087 3807 1148 3863 in
1207 3808 1378 3864 dictis
1437 3810 1776 3866 civitatibus
1831 3829 1940 3867 seu

285 3898 630 3956 diocesibus
661 3898 800 3957 dicti
830 3899 1000 3970 regni
1025 3901 1204 3972 Cypri
1229 3900 1436 3972 possit,
1470 3916 1575 3956 seu
1633 3907 1941 3973 presumat

283 3989 502 4061 quovis
531 3988 737 4057 modo,
777 3987 890 4045 nisi
920 3987 1016 4044 ille
1052 3987 1183 4044 talis
1215 3989 1382 4059 prius
1410 4004 1517 4061 per
1546 3989 1938 4048 diocesanum

357 4165 373 4198 ¹
407 4168 496 4219 Au
522 4166 621 4221 Ms.
651 4165 836 4234 penis.

354 4236 376 4308 ξ
411 4235 725 4308 θἈῃνὶΠᾳ
751 4234 921 4308 place
954 4235 1270 4308 l’Airsmoé,
1303 4251 1423 4308 que
1479 4235 1597 4292 l’on
1630 4237 1742 4293 sait
1771 4240 1940 4297 avoir

280 4305 462 4380 eriste
510 4305 807 4380 dansl‘lle
856 4307 930 4380 de
1002 4305 1342 4380 Chypre,_a
1399 4308 1538 4371 Poli,
1589 4309 1807 4380 village
1854 4313 1938 4368 du

279 4375 510 4433 district
529 4377 604 4432 de
640 4378 1022 4448 Chrysocho;
1057 4375 1109 4432 1e
1131 4375 1212 4432 ‘P.
1244 4375 1574 4447 'Lusignan
1610 4385 1668 4436 et
1708 4375 1940 4438 l’archi-

281 4448 580 4504 mandrite
602 4449 914 4575 chfrpriote
946 4449 1281 4523 Kyprianos
1333 4451 1560 4507 croient
1609 4468 1728 4524 que
1791 4461 1938 4510 cette

281 4520 572 4575 ancienne
603 4519 682 4575 vil
707 4537 737 4574 e
785 4525 874 4575 est
916 4525 1117 4575 Arsos.
1173 4523 1370 4575 bourn
1404 4521 1558 4575 dans
1613 4522 1937 4575 l’intérieur

278 4520 572 4576 ancienne
603 4519 737 4575 ville
785 4525 874 4577 est
916 4519 1117 4592 Arsos,
1173 4523 1370 4593 bourg
1404 4521 1558 4578 dans
1613 4519 1937 4581 Pintérieur

2046 1926 2204 2000 pasii
2225 1927 2266 1992 ‘,
2285 1927 2360 1984 de
2381 1927 2601 2001 quibus
2621 1931 2869 2003 quidem
2893 1929 3040 1988 locis
3071 1931 3338 2006 episcopi
3386 1931 3552 1988 Greci
3595 1948 3704 1988 no-

2049 2030 2188 2070 men
2215 2023 2546 2089 sumerunt,
2575 2021 2630 2075 et
2655 2019 2880 2075 ibidem
2906 2017 3058 2075 inter
3085 2036 3227 2075 suos
3279 2023 3492 2077 Grecos
3524 2021 3707 2077 tribu-

2049 2102 2168 2170 nal,
2196 2109 2257 2160 ut
2283 2105 2516 2175 dicitur,
2549 2113 2802 2180 possunt
2826 2113 2882 2164 et
2914 2108 3125 2175 solent,
3151 2109 3380 2182 aliquid
3413 2109 3580 2182 quod
3626 2111 3705 2166 ad

2047 2191 2312 2249 omcium
2343 2211 2446 2250 seu
2478 2196 2951 2264 iurisdictionem
2973 2197 3396 2270 episcoporum
3419 2197 3575 2254 clam
3597 2214 3706 2255 seu

2049 2281 2256 2354 palam
2287 2299 2582 2353 exercere;
2630 2289 2687 2342 et
2713 2301 2894 2358 super
2919 2286 3466 2342 matrimonialibus
3491 2292 3548 2344 et
3575 2287 3704 2344 aliis

2052 2371 2459 2443 spiritualibus
2489 2375 2686 2430 causis
2705 2375 2916 2430 audire
2939 2391 3046 2430 seu
3076 2390 3462 2445 cognoscere,
3490 2377 3580 2432 vel
3626 2377 3707 2432 ad

2052 2476 2260 2516 sacros
2279 2462 2519 2520 ordines
2547 2464 2675 2520 sine
2694 2465 2929 2520 licentia
2951 2464 3256 2520 diocesani
3283 2465 3472 2522 Latini
3503 2481 3706 2539 quem-

2051 2549 2216 2623 piam
2238 2566 2613 2622 promovere,
2648 2553 2735 2608 vel
2759 2553 2988 2626 aliquid
3017 2553 3078 2609 in
3109 2553 3409 2610 similibus
3460 2558 3518 2612 et
3574 2553 3707 2613 aliis

2051 2638 2336 2694 connexis
2365 2644 2422 2696 et
2449 2639 2930 2712 dependentibus
2968 2641 3046 2697 ab
3075 2641 3301 2698 eisdem
3357 2640 3554 2698 facere
3599 2657 3707 2699 seu

2051 2731 2404 2799 attemptare
2453 2728 2547 2784 vel
2588 2729 2755 2785 aliter
2802 2745 2864 2784 se
2894 2729 3282 2786 intromittere
3317 2745 3708 2803 presumpse-

2050 2817 2186 2882 rint,
2222 2816 2351 2888 ipso
2367 2816 2521 2874 facto
2534 2818 3173 2874 excommunicationis
3198 2833 3349 2892 pene
3381 2819 3707 2877 sententias

2049 2905 2376 2975 incurrant,
2419 2911 2476 2962 et
2502 2923 2612 2979 pro
2642 2907 3178 2965 excommunicatis
3223 2907 3607 2980 publicentur
3651 2913 3710 2966 et

2050 2995 2363 3064 evitentur,
2394 2996 2589 3052 donec
2626 2996 3024 3053 absolutionis
3053 2996 3416 3054 beneﬁcium
3455 2995 3534 3054 ab
3555 3001 3710 3068 Apo-

2051 3083 2260 3138 etolica
2303 3083 2452 3141 Sede
2489 3083 2839 3151 habuerint;
2893 3089 2949 3140 et
2995 3083 3346 3155 hujusmodi
3407 3082 3706 3140 absolutio

2051 3171 2502 3246 archiepiscopo
2545 3172 2868 3228 Nicosiensi
2908 3174 3013 3245 qui
3074 3188 3183 3246 pro
3218 3176 3486 3246 tempore
3534 3171 3708 3229 fuerit

2051 3261 2146 3316 vel
2186 3261 2314 3334 ejus
2351 3261 2575 3317 vicario
2621 3261 2868 3333 speciali
2925 3262 3264 3320 comitatur.
3313 3265 3705 3318 Decernentes

2051 3367 2125 3407 ex
2149 3367 2311 3407 nunc
2330 3351 2562 3408 irritum
2589 3356 2646 3407 et
2675 3352 2852 3408 inane
2883 3351 2931 3408 si
2963 3367 3136 3408 secus
3188 3367 3370 3425 super
3415 3352 3531 3409 hiis
3597 3367 3706 3424 per

2050 3455 2469 3514 quoscumque
2507 3440 2722 3512 quavis
2755 3441 3102 3497 auctoritate
3135 3441 3384 3497 scienter
3413 3441 3505 3497 vel
3535 3441 3703 3510 igno—

2049 3532 2252 3584 ranter
2313 3529 2666 3598 contingerit
2719 3529 3080 3602 attemptari,
3138 3545 3260 3585 non
3322 3529 3704 3585 obstantibus

2051 3617 2591 3688 constitutionibus,
2612 3625 2718 3674 etc.
2755 3618 2904 3675 Nulli
2935 3634 3101 3690 ergo,
3141 3623 3251 3675 etc.

2124 3709 2336 3763 Datum
2361 3709 2564 3773 Rome,
2584 3708 2746 3779 apud
2779 3709 3064 3764 Sanctum
3092 3708 3353 3777 Petrum,
3408 3724 3569 3766 anno
3620 3711 3707 3764 ln-

2049 3796 2418 3852 carnationis
2451 3797 2754 3852 Dominice
2793 3797 3111 3855 millesimo
3143 3798 3522 3867 CCCCLXX",
3545 3813 3704 3871 pon-

2050 3883 2307 3941 tiﬁcatus
2335 3885 2520 3942 nostri
2543 3901 2705 3942 anno
2734 3887 2952 3958 primo.

2011 4167 2124 4222 .de
2148 4165 2264 4222 l’ile
2311 4170 2348 4222 ὰ
2384 4166 2513 4224 l’est
2553 4167 2934 4239 degPaphos,
2975 4184 3055 4224 au
3109 4168 3219 4226 bas
3275 4169 3360 4226 du
3410 4168 3702 4226 Troodos.

2050 4240 2156 4296 Les
2169 4239 2428 4364 evecgues
2448 4253 2617 4318 grecs
2631 4237 2706 4294 de
2723 4237 2981 4312 Paph0s,
3002 4240 3381 4313 prenaientle
3405 4240 3444 4296 ti
3453 4247 3535 4296 tre
3579 4239 3703 4296 d’é-

2050 4313 2272 4364 veaues
2341 4310 2623 4364 ’Arsinoé.

2048 4313 2272 4382 veques
2294 4312 2623 4365 d’Arsinoé.
3017 4312 3022 4313 '
3583 4382 3594 4392 ι

2056 4453 2089 4462 ᾗ
2120 4382 2142 4416 ³
2167 4381 2436 4462 Lefkara,
2459 4381 2613 4436 dans
2645 4380 2699 4436 le
2738 4384 2982 4450 Mazoto,
3013 4385 3152 4454 pres
3184 4383 3266 4440 du
3297 4387 3468 4440 mont
3498 4384 3701 4439 Samte

2050 4453 2300 4579 CEOIltxisa
2321 4524 2655 4597 Karpasso,
2681 4523 2835 4580 dans
2860 4523 2915 4580 le
2941 4526 3202 4597 Karpas.
