3940 6390
176 456 187 461 -
194 450 1903 464 Μψ-ψ--ω-οη-α-ά-ᾐσ-Α-ᾡ-Α-’μψμμ-ΝΑ

2382 452 2471 458 ,αα-υ.
2480 450 2557 459 ..ατο
2569 446 3653 462 ητμοηΜ--ι-ςμκψ-Μοαω-ὺ-ι-ηΜΑ-κ

1538 618 1732 673 ANNO
1774 617 2017 691 eorum
2060 618 2266 674 nxxw

268 856 1705 1087 SANCTUS
1903 856 3558 1082 HENRICUS

1308 1203 1887 1282 IMPERATOR
1959 1203 2513 1282 AUGUSTUS.

1751 1408 2139 1416 m

862 1564 1044 1663 DE
1118 1562 1215 1664 s.
1292 1492 1932 1664 HENRICO
2006 1560 2946 1664 IMPERATORE

1499 1807 1834 1852 BAMBERGA'I
1879 1808 1939 1852 ΙΝ

1989 1807 2303 1851 GERMANIA

540 2017 2171 2146 COMMENTARIUS
2307 2018 3302 2146 PRAEVIUS.

1297 2257 1476 2325 (Apud
1514 2256 1793 2323 Bolland.,
1817 2255 1955 2309 Julii
1984 2260 2122 2310 tom.
2156 2255 2253 2321 IlI,
2281 2254 2373 2309 die
2407 2257 2519 2322 14.)

1640 2424 1718 2431 .._—.-

436 2546 463 2607 ἓ
502 2544 550 2593 l.
584 2543 777 2594 Sancti
804 2556 990 2607 genus,
1014 2556 1201 2593 nomen
1231 2544 1280 2593 et
1306 2542 1618 2608 agnomina.

228 2632 272 2681 l.
308 2629 680 2698 Episcopatus
711 2628 1145 2698 Bambergensis
1174 2628 1358 2697 elogia
1387 2628 1579 2698 paucis
1606 2627 1704 2681 sed
1738 2644 1851 2681 non

154 2718 509 2786 ineleganter
557 2716 828 2770 delibavit
879 2717 1093 2786 Gaspar
1158 2717 1501 2783 Bruschius;
1554 2716 1688 2770 urbs
1728 2716 1851 2785 ipsa

155 2821 264 2858 non
294 2805 472 2859 semel
505 2806 565 2858 in
613 2806 763 2858 Actis
793 2805 1003 2858 nostris
1058 2804 1343 2873 descripta
1388 2810 1492 2868 est,
1529 2811 1767 2874 patrono
1798 2808 1853 2855 et

154 2894 457 2947 fundatore
512 2894 773 2947 Ecclesia:
807 2909 925 2946 sum
956 2894 1210 2963 gaudens
1241 2893 1296 2947 S.
1360 2894 1624 2961 Henrico,
1656 2908 1849 2962 quem,

156 2981 442 3036 Caesarum
491 2998 727 3035 suorum
766 2982 938 3036 decus
990 2987 1045 3034 et
1074 2982 1339 3051 gloriam,
1387 2982 1492 3034 hoc
1547 2981 1635 3034 vel
1662 2980 1852 3049 potius

158 3071 493 3140 praecedenti
569 3071 680 3137 die,
755 3072 898 3124 casto
963 3070 1281 3124 transmisit
1340 3070 1663 3135 Germania,
1730 3070 1854 3139 ejus

158 3160 401 3213 nominis
473 3161 687 3229 Regem
765 3159 966 3212 ordine
1045 3160 1381 3225 secundum,
1442 3159 1851 3228 Imperatorem

156 3263 282 3301 vero
316 3248 595 3318 primum,
643 3264 815 3318 quem
866 3252 1060 3301 tamen
1112 3247 1496 3301 communiori
1527 3247 1852 3316 acceptione

157 3336 461 3390 Henricum
515 3337 563 3389 ΙΙ
619 3336 1057 3406 appellabimus,
1107 3337 1291 3389 virum
1348 3335 1560 3406 insigni
1619 3351 1852 3404 prorsus

154 3425 532 3479 sanctimonia
562 3425 802 3491 clarum,
864 3425 1187 3494 virginitate
1218 3424 1277 3477 in
1331 3423 1600 3493 conjugio
1634 3428 1853 3476 servata

154 3513 460 3578 illustrem,
488 3513 870 3566 beneﬁcentia
898 3512 957 3565 in
994 3512 1295 3566 Ecclesiam
1318 3513 1463 3565 nulli
1497 3512 1811 3565 secundum
1837 3529 1849 3575 ;

159 3608 215 3654 ut
238 3603 308 3655 de
342 3602 643 3671 perpetuis
681 3602 803 3670 ejus
845 3602 1016 3655 etiam
1074 3601 1361 3655 intestinis
1410 3600 1572 3654 bellis
1604 3600 1695 3653 hic
1740 3614 1854 3652 non

156 3707 414 3759 agamus,
440 3690 653 3760 quibus
697 3695 817 3743 toto
866 3692 1029 3760 regni
1077 3695 1134 3743 et
1189 3689 1418 3759 imperii
1477 3688 1566 3742 sui
1594 3693 1853 3758 tempore

158 3780 321 3831 etiam
358 3795 393 3832 a
444 3777 725 3848 proximis
768 3783 827 3831 et
881 3779 986 3833 sibi
1043 3777 1488 3831 obstrictissimis
1536 3776 1853 3847 exagitatus

156 3865 296 3919 fuit:
333 3866 657 3921 Germaniae
715 3866 988 3920 interiora
1034 3868 1302 3920 adversus
1357 3866 1598 3920 rebelles
1629 3865 1857 3936 egregie

157 3959 391 4021 tutatus,
449 3961 720 4008 externos
794 3971 928 4007 vero
992 3954 1180 4009 hostes
1256 3956 1469 4021 Slavos,
1554 3955 1853 4017 Bohemos,

158 4043 405 4096 Polonos
454 4041 710 4113 aliosque
761 4042 984 4095 invictis
1052 4043 1223 4096 armis
1275 4042 1604 4108 insecutus;
1640 4041 1856 4112 quique

158 4130 208 4182 in
260 4130 555 4201 oppositas
626 4130 873 4184 maxime
940 4131 1179 4200 Europae
1232 4136 1422 4200 partes
1478 4129 1742 4200 Apuliam
1802 4134 1859 4181 et

162 4217 483 4272 Ftandriam
538 4216 791 4270 victricia
837 4216 1001 4286 signa
1057 4215 1427 4269 circumtulit.
1472 4217 1564 4281 Ea,
1597 4215 1855 4285 inquam,

159 4307 244 4360 hic
287 4324 356 4363 ex
422 4307 678 4377 professo
762 4306 1120 4360 eruderanda
1167 4322 1283 4358 non
1361 4304 1734 4374 suscepimus,
1790 4302 1859 4355 iis

159 4396 522 4463 potissimum
548 4394 755 4449 intenti
808 4410 937 4465 quas
967 4393 1036 4448 ad
1069 4394 1387 4464 singulares
1440 4394 1563 4463 ejus
1602 4393 1859 4457 virtutes,

160 4485 485 4538 Christiano
514 4489 569 4537 et
597 4499 728 4537 vere
757 4488 951 4537 sancto
992 4482 1252 4553 principe
1314 4482 1535 4552 dignas,
1587 4480 1862 4534 miracula

159 4576 210 4626 et
244 4574 495 4637 cultum,
552 4576 674 4626 tota
702 4570 994 4626 Catholica
1033 4571 1278 4625 Ecclesia
1331 4570 1534 4623 merito
1575 4584 1860 4639 propaga-

163 4667 301 4725 tum,
335 4662 627 4731 pertinere
661 4659 1023 4714 censebimus
1055 4676 1069 4725 ;
1103 4675 1200 4712 eos
1241 4659 1527 4728 praecipue
1558 4657 1863 4727 scriptores

160 4748 435 4811 audituri,
464 4748 566 4819 qui
597 4748 719 4817 ejus
734 4763 840 4818 pro
870 4748 983 4801 tide
1016 4752 1071 4801 et
1120 4748 1398 4816 religione
1427 4746 1651 4800 fortiter
1680 4753 1861 4817 gesta,

165 4836 622 4892 muniﬁcentiam
653 4836 713 4889 in
735 4836 1092 4890 exstruendis
1149 4836 1654 4905 restaurandisque
1686 4838 1860 4889 eccle-

161 4926 275 4991 siis,
340 4931 663 4996 caateraque
711 4926 1064 4979 intemeratae
1134 4925 1449 4979 sanctitatis
1524 4932 1866 4996 argumenta

164 5014 447 5084 prosecuti
477 5018 631 5068 sunt.
660 5016 847 5084 Atque
878 5015 998 5068 haec
1054 5014 1339 5085 praecipua
1370 5020 1540 5068 erunt
1570 5015 1863 5069 tractatio-

2037 2542 2089 2591 2.
2127 2539 2253 2591 Haec
2282 2537 2431 2590 inter
2454 2538 2707 2606 primum
2756 2538 3002 2592 occurrit
3030 2540 3216 2593 Sancti
3245 2541 3423 2610 ipsius
3458 2556 3658 2610 genus,

1962 2625 2155 2695 stirps,
2191 2641 2351 2693 origo
2384 2641 2481 2678 seu
2515 2626 2836 2688 familia,de
2868 2627 3229 2696 quadubium
3262 2629 3403 2683 mihi
3436 2631 3661 2682 nullum

1962 2713 2260 2766 subortum
2294 2714 2513 2774 fuisset,
2548 2720 2678 2782 post
2731 2715 2871 2767 lecta
2933 2722 3050 2768 tam
3102 2716 3258 2768 varia
3315 2718 3659 2787 scriptorum

1961 2816 2279 2853 cozevorum
2310 2801 2656 2862 testimonia,
2698 2802 2813 2855 nisi
2856 2809 3048 2855 noster
3079 2805 3374 2857 Matthteus
3404 2806 3662 2861 Raderus

1961 2889 2021 2942 in
2050 2906 2155 2961 sua
2184 2893 2420 2944 Bavaria
2471 2896 2682 2956 sancta,
2715 2896 2851 2945 tom.
2904 2893 2946 2957 Ι,
2997 2894 3209 2964 pagina
3259 2895 3380 2959 t03,
3435 2895 3504 2949 ad
3541 2914 3658 2951 rem

1962 2980 2131 3048 paulo
2175 2980 2489 3032 accuratius
2546 2980 2988 3034 examinandam
3040 2983 3431 3052 compulisset.
3472 2984 3657 3039 Refel-

1960 3066 2077 3120 lere
2133 3068 2260 3121 istic
2312 3073 2549 3122 conatur
2597 3070 2852 3123 Raderus
2911 3071 3285 3141 receptiorem
3330 3072 3383 3127 S.
3435 3073 3663 3127 Henrici

1962 3156 2315 3226 progeniem,
2348 3174 2461 3228 qua
2502 3174 2566 3211 ex
2627 3159 2923 3211 communi
2960 3176 3089 3213 cum
3146 3160 3398 3214 Ottonel
3449 3162 3661 3232 stipite,

1964 3261 2170 3315 nempe
2228 3246 2469 3298 Henrico
2524 3250 2779 3315 Aucupe,
2838 3249 3214 3315 descenderit,
3261 3250 3439 3319 gradu
3497 3250 3665 3303 tertio

1961 3332 2472 3403 consanguinitatis
2532 3350 2635 3404 per
2695 3334 2838 3388 duos
2895 3337 3182 3405 Henricos,
3222 3340 3466 3392 alterum
3503 3339 3663 3393 Otto-

1963 3423 2052 3474 nis
2100 3422 2294 3491 magni
2346 3422 2602 3488 fratrem,
2640 3423 2885 3476 alterum
2944 3424 3168 3479 Ottonis
3203 3427 3249 3479 lI
3305 3426 3659 3491 fratruelem,

1962 3508 2154 3562 Ottoni
2184 3510 2254 3562 lll
2315 3508 2601 3562 decessori
2650 3527 2752 3563 suo
2802 3512 3166 3579 conjunctus,
3221 3514 3382 3583 cujus
3421 3516 3663 3584 proinde

1962 3597 2132 3650 arbor
2197 3597 2564 3667 genealogica
2636 3599 2824 3668 primo
2900 3600 3089 3653 statim
3171 3601 3378 3655 intuitu
3437 3618 3664 3674 perspe-

1963 3684 2214 3738 ctissima
2266 3686 2360 3741 sit.
2423 3685 2654 3740 Lineam
2722 3688 2891 3741 aliam
2957 3689 3036 3742 ibi
3091 3689 3344 3743 Raderus
3403 3693 3665 3762 sequenti

1965 3790 2096 3844 pag.
2145 3776 2244 3827 104
2274 3774 2586 3839 substituit,
2639 3792 2704 3828 ex
2766 3776 3087 3831 Hofmanno
3140 3786 3453 3849 acceptam,
3504 3783 3665 3851 quasi

1971 3878 2035 3916 ex
2066 3878 2132 3915 ea
2181 3863 2455 3933 probetur
2509 3864 2566 3917 S.
2608 3865 2902 3930 Henricus,
2967 3882 3080 3919 non
3132 3867 3296 3934 Saxo,
3347 3869 3443 3923 sed
3499 3870 3666 3924 Boius

1967 3967 2178 4021 genere
2216 3951 2411 4020 fuisse,
2470 3952 2619 4022 quod
2671 3959 2865 4007 tamen
2917 3961 3089 4024 negat
3146 3957 3501 4011 Hofmannus
3545 3958 3665 4028 ipse

1966 4040 2027 4093 in
2074 4055 2294 4110 nupera
2353 4040 2623 4109 Ludiwigi
2680 4042 2953 4108 editione,
3023 4045 3128 4098 col.
3205 4048 3286 4107 56,
3350 4045 3502 4100 hisce
3549 4064 3667 4100 ver-

1966 4127 2054 4181 bis
2119 4127 2328 4181 tabulte
2386 4145 2503 4182 sure
2566 4130 2877 4199 praemissis
2933 4148 2944 4185 :
3018 4153 3040 4180 ι
3105 4134 3182 4186 Eo
3258 4135 3333 4199 (S.
3408 4136 3664 4203 Henrico)

1967 4216 2088 4269 sine
2154 4216 2300 4269 virili
2360 4218 2534 4287 stirpe
2601 4217 2926 4288 absumpto,
2987 4220 3355 4289 imperatoria
3419 4224 3667 4293 dignitas

1967 4305 2035 4358 de
2068 4310 2237 4374 gente
2296 4304 2573 4359 Saxonica
2630 4308 2854 4360 Henrici
2912 4308 3162 4378 Aucupis
3222 4310 3444 4377 excidit,
3494 4316 3548 4364 et
3596 4313 3667 4365 ad

1970 4393 2210 4445 Francos
2269 4393 2583 4447 Orientales
2645 4396 2887 4448 transiit.
2924 4415 2952 4446 ιο
2996 4395 3438 4468 Qualiscumque
3491 4400 3671 4469 igitur

1969 4481 2041 4534 sit
2092 4481 2387 4534 obscurior
2449 4481 2546 4534 illa
2601 4482 2904 4535 Hofmanni
2957 4482 3151 4537 tabula
3191 4500 3224 4537 a
3282 4486 3486 4540 Raderi
3543 4488 3668 4558 opi-

1970 4569 2144 4622 nione
2196 4569 2383 4638 ipsum
2449 4568 2713 4621 recedere
2771 4569 3138 4624 manifestum
3188 4577 3324 4626 est:
3372 4572 3671 4629 clariorem

1970 4672 2278 4726 agnoscere
2336 4660 2579 4725 oportet,
2664 4672 2837 4726 quam
2896 4658 3017 4729 ipse
3085 4660 3295 4714 frustra
3346 4661 3668 4733 impugnat,

1970 4743 2163 4798 inutili
2217 4760 2380 4814 seque
2437 4750 2646 4799 conatu
2717 4746 2874 4800 varia
2940 4747 3188 4818 insignia
3239 4749 3548 4817 adducens,
3604 4768 3675 4805 ex

1972 4832 2181 4901 quibus
2206 4831 2264 4885 id
2293 4833 2524 4886 demum
2556 4833 2873 4901 conﬁcitur,
2910 4837 3063 4907 quod
3122 4836 3183 4890 in
3228 4840 3671 4894 controversiam

1973 4936 2086 4973 non
2115 4920 2272 4975 venit
2299 4921 2353 4975 S.
2391 4922 2697 4976 Henricum
2729 4924 2980 4977 Bavariaa
3026 4926 3227 4979 ducem
3264 4926 3457 4981 fuisse.

2044 5012 2094 5063 3.
2130 5008 2467 5063 Praedictam
2490 5010 2768 5077 tabulam,
2816 5012 2885 5065 ab
2934 5013 3250 5067 Hofmanno
3310 5014 3435 5069 istic
3465 5032 3673 5087 propo-

164 5101 250 5152 nis
278 5100 454 5169 hujus
489 5097 717 5169 praeviaa
755 5102 1113 5167 argumenta,
1168 5098 1248 5151 sic
1279 5105 1474 5152 tamen
1504 5116 1535 5151 a
1562 5098 1725 5151 nobis
1756 5099 1865 5153 hoc
1897 5095 1937 5150 C
1976 5095 2170 5161 sitam,
2219 5103 2326 5151 eta
2361 5098 2583 5152 Radero
2624 5099 2993 5171 descriptam,
3049 5102 3346 5171 operosius
3398 5103 3675 5157 discutere

166 5191 282 5241 loco
313 5186 653 5253 ordinanda,
702 5190 767 5239 ut
812 5186 956 5240 nihil
1005 5187 1274 5241 omissuri
1330 5187 1508 5240 simus
1562 5203 1675 5257 quo
1712 5191 1866 5241 totus

164 5279 290 5330 vitae
357 5292 559 5330 cursus
612 5274 883 5329 illustrari
940 5276 1140 5345 possit,
1202 5276 1259 5329 id
1317 5274 1469 5346 quod
1528 5291 1560 5327 a
1636 5276 1864 5329 nemine

167 5368 440 5420 hactenus
496 5365 818 5435 praestitum
870 5380 1010 5428 esse,
1076 5368 1208 5418 utut
1252 5363 1447 5417 mirati
1510 5363 1622 5415 sint
1672 5363 1863 5431 multi,

168 5472 334 5510 nemo
387 5460 543 5508 certe
617 5454 924 5522 implexam
994 5469 1182 5506 rerum
1239 5452 1437 5505 silvam
1496 5451 1864 5520 complanare

163 5559 336 5597 alnus
366 5547 471 5596 est.
514 5539 624 5594 Sed
682 5540 775 5593 hic
833 5542 993 5611 prius
1045 5539 1406 5611 exsequenda
1463 5542 1597 5591 sunt
1646 5554 1775 5608 qua:
1802 5536 1860 5591 in

168 5633 333 5687 titulo
348 5629 784 5701 proposuimus.

528 5736 809 5799 PA'I'ROL.
866 5735 1041 5799 CXL.

1976 5202 2078 5239 nec
2109 5185 2407 5239 studiinec
2435 5202 2621 5257 operae
2672 5187 2922 5257 pretium
2983 5195 3069 5242 est
3102 5210 3118 5256 ;
3160 5191 3295 5243 satis
3340 5190 3449 5244 erit
3478 5208 3675 5261 super-

1974 5290 2085 5345 que
2116 5290 2182 5328 ea
2210 5280 2469 5328 veterum
2522 5275 2850 5328 testimonia
2906 5277 3163 5346 proferre
3195 5278 3251 5330 in
3300 5278 3578 5345 medium,
3609 5296 3673 5334 ex

1973 5362 2181 5434 quibus
2208 5362 2501 5417 evidenter
2533 5368 2723 5433 pateat
2770 5365 2824 5419 S.
2888 5366 3115 5419 Henrici
3155 5382 3283 5419 cum
3342 5368 3548 5421 Ottone
3607 5370 3677 5423 Ill

1971 5450 2438 5521 consanguinitas
2468 5456 2583 5505 tam
2631 5452 2977 5523 propinqua,
3016 5459 3078 5506 ut
3107 5458 3163 5506 et
3211 5454 3399 5522 ipsum
3430 5472 3496 5509 ex
3521 5456 3679 5511 Otto-

1972 5539 2058 5592 nis
2112 5538 2306 5609 magni
2359 5554 2569 5609 genere
2608 5540 2782 5594 fuisse
2841 5545 3122 5609 oporteat,
3163 5542 3325 5612 cujus
3381 5544 3465 5597 rei
3516 5546 3676 5600 testis

1972 5627 2425 5698 synchronus,et
2454 5627 2609 5681 omni
2660 5626 2989 5697 exceptione
3032 5628 3215 5698 major
3272 5635 3355 5685 est
3406 5632 3673 5689 Adelbol-

1598 5819 2130 5926 7123389
