  <div class='ocr_page' id='page_1' title='image "/cluster/home/n/w/nwhite01/storage/ocr_20150623/140/umn.31951002477433x/015.png"; bbox 0 0 3940 6364; ppageno 0'>
   <div class='ocr_carea' id='block_1_1' title="bbox 323 369 3808 427">
    <p class='ocr_par' dir='ltr' id='par_1_1' title="bbox 323 369 3808 427">
     <span class='ocr_line' id='line_1_1' title="bbox 323 369 3808 427; baseline -0.001 0"><span class='ocrx_word' id='word_1_1' title='bbox 323 375 380 427; x_wconf 79' lang='grc' dir='ltr'>Η</span> <span class='ocrx_word' id='word_1_2' title='bbox 1621 371 1677 424; x_wconf 83' lang='grc'>8.</span> <span class='ocrx_word' id='word_1_3' title='bbox 1725 369 2010 424; x_wconf 80' lang='lat' dir='ltr'>[IENRICI</span> <span class='ocrx_word' id='word_1_4' title='bbox 2051 369 2526 426; x_wconf 76' lang='lat' dir='ltr'>IMPERATORIS</span> <span class='ocrx_word' id='word_1_5' title='bbox 3751 372 3808 424; x_wconf 77' lang='lat' dir='ltr'>l2</span> 
     </span>
    </p>
   </div>
   <div class='ocr_carea' id='block_1_2' title="bbox 317 492 3810 565">
    <p class='ocr_par' dir='ltr' id='par_1_2' title="bbox 317 492 3810 565">
     <span class='ocr_line' id='line_1_2' title="bbox 317 492 3810 565; baseline -0.001 -17"><span class='ocrx_word' id='word_1_6' title='bbox 317 493 423 548; x_wconf 91' lang='lat' dir='ltr'>dus</span> <span class='ocrx_word' id='word_1_7' title='bbox 443 493 862 564; x_wconf 89' lang='lat' dir='ltr'>Ultrajectensis</span> <span class='ocrx_word' id='word_1_8' title='bbox 887 492 1186 563; x_wconf 89' lang='lat' dir='ltr'>episcopus</span> <span class='ocrx_word' id='word_1_9' title='bbox 1234 493 1303 546; x_wconf 89' lang='lat' dir='ltr'>de</span> <span class='ocrx_word' id='word_1_10' title='bbox 1331 493 1499 547; x_wconf 82' lang='lat' dir='ltr'>rebus</span> <span class='ocrx_word' id='word_1_11' title='bbox 1528 492 1702 562; x_wconf 79' lang='lat' dir='ltr'>gestis</span> <span class='ocrx_word' id='word_1_12' title='bbox 1761 492 1814 547; x_wconf 91' lang='lat' dir='ltr'>S.</span> <span class='ocrx_word' id='word_1_13' title='bbox 1877 495 2020 547; x_wconf 88' lang='lat' dir='ltr'>Hen-</span> <span class='ocrx_word' id='word_1_14' title='bbox 2047 495 2093 546; x_wconf 80' lang='grc' dir='ltr'><strong>Α</strong></span> <span class='ocrx_word' id='word_1_15' title='bbox 2132 510 2320 565; x_wconf 90' lang='lat' dir='ltr'>neque</span> <span class='ocrx_word' id='word_1_16' title='bbox 2375 494 2513 548; x_wconf 89' lang='lat' dir='ltr'>alios</span> <span class='ocrx_word' id='word_1_17' title='bbox 2555 494 2613 547; x_wconf 93' lang='lat' dir='ltr'>in</span> <span class='ocrx_word' id='word_1_18' title='bbox 2654 511 2722 547; x_wconf 87' lang='lat' dir='ltr'>ea</span> <span class='ocrx_word' id='word_1_19' title='bbox 2768 494 3184 564; x_wconf 80' lang='lat' dir='ltr'>disceptatione</span> <span class='ocrx_word' id='word_1_20' title='bbox 3235 493 3396 548; x_wconf 90' lang='lat' dir='ltr'>citari</span> <span class='ocrx_word' id='word_1_21' title='bbox 3434 493 3644 558; x_wconf 91' lang='lat' dir='ltr'>solitos,</span> <span class='ocrx_word' id='word_1_22' title='bbox 3677 510 3810 564; x_wconf 89' lang='lat' dir='ltr'>quo-</span> 
     </span>
    </p>
   </div>
   <div class='ocr_carea' id='block_1_3' title="bbox 317 581 2016 653">
    <p class='ocr_par' dir='ltr' id='par_1_3' title="bbox 317 581 2016 653">
     <span class='ocr_line' id='line_1_3' title="bbox 317 581 2016 653; baseline -0.001 -18"><span class='ocrx_word' id='word_1_23' title='bbox 317 581 420 635; x_wconf 89' lang='lat' dir='ltr'>rici</span> <span class='ocrx_word' id='word_1_24' title='bbox 449 585 596 653; x_wconf 88' lang='lat' dir='ltr'>apud</span> <span class='ocrx_word' id='word_1_25' title='bbox 629 583 998 650; x_wconf 87' lang='lat' dir='ltr'>Grestserum,</span> <span class='ocrx_word' id='word_1_26' title='bbox 1033 597 1162 652; x_wconf 83' lang='lat' dir='ltr'>pag.</span> <span class='ocrx_word' id='word_1_27' title='bbox 1223 583 1346 648; x_wconf 67' lang='lat'>432,</span> <span class='ocrx_word' id='word_1_28' title='bbox 1384 581 1542 634; x_wconf 86' lang='lat' dir='ltr'>nobis</span> <span class='ocrx_word' id='word_1_29' title='bbox 1585 581 1734 634; x_wconf 88' lang='lat' dir='ltr'>infra</span> <span class='ocrx_word' id='word_1_30' title='bbox 1763 581 1822 634; x_wconf 90' lang='lat' dir='ltr'>in</span> <span class='ocrx_word' id='word_1_31' title='bbox 1870 597 2016 635; x_wconf 88' lang='lat' dir='ltr'>nova</span> 
     </span>
    </p>
   </div>
   <div class='ocr_carea' id='block_1_4' title="bbox 317 669 2012 740">
    <p class='ocr_par' dir='ltr' id='par_1_4' title="bbox 317 669 2012 740">
     <span class='ocr_line' id='line_1_4' title="bbox 317 669 2012 740; baseline 0 -16"><span class='ocrx_word' id='word_1_32' title='bbox 317 670 583 734; x_wconf 85' lang='lat' dir='ltr'>editione,</span> <span class='ocrx_word' id='word_1_33' title='bbox 615 687 775 724; x_wconf 91' lang='lat' dir='ltr'>num.</span> <span class='ocrx_word' id='word_1_34' title='bbox 810 672 861 723; x_wconf 87' lang='lat'>5.</span> <span class='ocrx_word' id='word_1_35' title='bbox 917 671 1039 738; x_wconf 86' lang='lat' dir='ltr'>Ubi,</span> <span class='ocrx_word' id='word_1_36' title='bbox 1071 669 1366 739; x_wconf 69' lang='lat' dir='ltr'>praemisso</span> <span class='ocrx_word' id='word_1_37' title='bbox 1407 669 1476 723; x_wconf 92' lang='lat' dir='ltr'>de</span> <span class='ocrx_word' id='word_1_38' title='bbox 1509 669 1733 724; x_wconf 90' lang='lat' dir='ltr'>Ottonis</span> <span class='ocrx_word' id='word_1_39' title='bbox 1765 671 1838 723; x_wconf 90' lang='lat' dir='ltr'>III</span> <span class='ocrx_word' id='word_1_40' title='bbox 1869 687 2012 740; x_wconf 67' lang='lat' dir='ltr'>pras-</span> 
     </span>
    </p>
   </div>
   <div class='ocr_carea' id='block_1_5' title="bbox 316 758 2016 828">
    <p class='ocr_par' dir='ltr' id='par_1_5' title="bbox 316 758 2016 828">
     <span class='ocr_line' id='line_1_5' title="bbox 316 758 2016 828; baseline 0.001 -16"><span class='ocrx_word' id='word_1_41' title='bbox 316 764 542 812; x_wconf 87' lang='lat' dir='ltr'>matura</span> <span class='ocrx_word' id='word_1_42' title='bbox 581 765 764 813; x_wconf 89' lang='lat' dir='ltr'>morte</span> <span class='ocrx_word' id='word_1_43' title='bbox 816 760 993 824; x_wconf 89' lang='lat' dir='ltr'>luctu,</span> <span class='ocrx_word' id='word_1_44' title='bbox 1066 759 1146 812; x_wconf 91' lang='lat' dir='ltr'>sic</span> <span class='ocrx_word' id='word_1_45' title='bbox 1186 758 1572 828; x_wconf 64' lang='lat' dir='ltr'>subjungitut</span> <span class='ocrx_word' id='word_1_46' title='bbox 1633 758 1807 812; x_wconf 92' lang='lat' dir='ltr'>Dolor</span> <span class='ocrx_word' id='word_1_47' title='bbox 1871 762 2016 813; x_wconf 84' lang='lat' dir='ltr'>esset</span> 
     </span>
    </p>
   </div>
   <div class='ocr_carea' id='block_1_6' title="bbox 314 845 2014 916">
    <p class='ocr_par' dir='ltr' id='par_1_6' title="bbox 314 845 2014 916">
     <span class='ocr_line' id='line_1_6' title="bbox 314 845 2014 916; baseline -0.001 -17"><span class='ocrx_word' id='word_1_48' title='bbox 314 847 865 911; x_wconf 86' lang='lat' dir='ltr'>etiaminsanabilis,</span> <span class='ocrx_word' id='word_1_49' title='bbox 904 846 1012 899; x_wconf 89' lang='lat' dir='ltr'>nisi</span> <span class='ocrx_word' id='word_1_50' title='bbox 1071 851 1358 916; x_wconf 85' lang='lat' dir='ltr'>superstes</span> <span class='ocrx_word' id='word_1_51' title='bbox 1405 845 1456 898; x_wconf 88' lang='lat' dir='ltr'>ei</span> <span class='ocrx_word' id='word_1_52' title='bbox 1517 845 1820 899; x_wconf 79' lang='lat' dir='ltr'>exstitisset</span> <span class='ocrx_word' id='word_1_53' title='bbox 1865 847 2014 900; x_wconf 85' lang='lat' dir='ltr'>Hen-</span> 
     </span>
    </p>
   </div>
   <div class='ocr_carea' id='block_1_7' title="bbox 315 933 2012 1005">
    <p class='ocr_par' dir='ltr' id='par_1_7' title="bbox 315 933 2012 1005">
     <span class='ocr_line' id='line_1_7' title="bbox 315 933 2012 1005; baseline 0.001 -19"><span class='ocrx_word' id='word_1_54' title='bbox 315 934 464 988; x_wconf 89' lang='lat' dir='ltr'>ricus</span> <span class='ocrx_word' id='word_1_55' title='bbox 492 935 606 989; x_wconf 85' lang='lat' dir='ltr'>dux</span> <span class='ocrx_word' id='word_1_56' title='bbox 635 935 934 1005; x_wconf 89' lang='lat' dir='ltr'>gloriosus,</span> <span class='ocrx_word' id='word_1_57' title='bbox 986 940 1043 988; x_wconf 90' lang='lat' dir='ltr'>et</span> <span class='ocrx_word' id='word_1_58' title='bbox 1073 934 1158 989; x_wconf 84' lang='lat' dir='ltr'>vir</span> <span class='ocrx_word' id='word_1_59' title='bbox 1185 935 1252 988; x_wconf 88' lang='lat' dir='ltr'>ad</span> <span class='ocrx_word' id='word_1_60' title='bbox 1301 950 1544 1004; x_wconf 83' lang='lat' dir='ltr'>regnum</span> <span class='ocrx_word' id='word_1_61' title='bbox 1584 933 2012 1003; x_wconf 89' lang='lat' dir='ltr'>suscipiendum</span> 
     </span>
    </p>
   </div>
   <div class='ocr_carea' id='block_1_8' title="bbox 313 1021 2015 1093">
    <p class='ocr_par' dir='ltr' id='par_1_8' title="bbox 313 1021 2015 1093">
     <span class='ocr_line' id='line_1_8' title="bbox 313 1021 2015 1093; baseline 0 -18"><span class='ocrx_word' id='word_1_62' title='bbox 313 1027 595 1078; x_wconf 86' lang='lat' dir='ltr'>strenuus.</span> <span class='ocrx_word' id='word_1_63' title='bbox 655 1023 705 1077; x_wconf 98' lang='lat' dir='ltr'>Is</span> <span class='ocrx_word' id='word_1_64' title='bbox 763 1029 899 1076; x_wconf 90' lang='lat' dir='ltr'>tunc</span> <span class='ocrx_word' id='word_1_65' title='bbox 955 1022 1228 1093; x_wconf 90' lang='lat' dir='ltr'>temporis</span> <span class='ocrx_word' id='word_1_66' title='bbox 1280 1021 1551 1076; x_wconf 81' lang='lat' dir='ltr'>ducatum</span> <span class='ocrx_word' id='word_1_67' title='bbox 1600 1021 1658 1074; x_wconf 93' lang='lat' dir='ltr'>in</span> <span class='ocrx_word' id='word_1_68' title='bbox 1693 1021 2015 1075; x_wconf 82' lang='lat' dir='ltr'>Bavariensi</span> 
     </span>
    </p>
   </div>
   <div class='ocr_carea' id='block_1_9' title="bbox 311 1109 2013 1180">
    <p class='ocr_par' dir='ltr' id='par_1_9' title="bbox 311 1109 2013 1180">
     <span class='ocr_line' id='line_1_9' title="bbox 311 1109 2013 1180; baseline -0.001 -17"><span class='ocrx_word' id='word_1_69' title='bbox 311 1125 492 1180; x_wconf 83' lang='lat' dir='ltr'>regno</span> <span class='ocrx_word' id='word_1_70' title='bbox 520 1109 770 1168; x_wconf 86' lang='lat' dir='ltr'>tenebat.</span> <span class='ocrx_word' id='word_1_71' title='bbox 804 1111 1080 1180; x_wconf 87' lang='lat' dir='ltr'>populum</span> <span class='ocrx_word' id='word_1_72' title='bbox 1105 1110 1338 1180; x_wconf 75' lang='lat' dir='ltr'>pacifice</span> <span class='ocrx_word' id='word_1_73' title='bbox 1367 1110 1618 1179; x_wconf 88' lang='lat' dir='ltr'>regebat,</span> <span class='ocrx_word' id='word_1_74' title='bbox 1653 1124 1852 1179; x_wconf 89' lang='lat' dir='ltr'>pacem</span> <span class='ocrx_word' id='word_1_75' title='bbox 1883 1125 2013 1162; x_wconf 90' lang='lat' dir='ltr'>am—</span> 
     </span>
    </p>
   </div>
   <div class='ocr_carea' id='block_1_10' title="bbox 313 1197 2014 1268">
    <p class='ocr_par' dir='ltr' id='par_1_10' title="bbox 313 1197 2014 1268">
     <span class='ocr_line' id='line_1_10' title="bbox 313 1197 2014 1268; baseline 0 -17"><span class='ocrx_word' id='word_1_76' title='bbox 313 1197 622 1268; x_wconf 77' lang='lat' dir='ltr'>pliﬁcabat,</span> <span class='ocrx_word' id='word_1_77' title='bbox 664 1197 1029 1252; x_wconf 85' lang='lat' dir='ltr'>ecclesiarum</span> <span class='ocrx_word' id='word_1_78' title='bbox 1075 1198 1371 1252; x_wconf 83' lang='lat' dir='ltr'>facultates</span> <span class='ocrx_word' id='word_1_79' title='bbox 1428 1197 1692 1266; x_wconf 81' lang='lat' dir='ltr'>augebat,</span> <span class='ocrx_word' id='word_1_80' title='bbox 1747 1197 1902 1266; x_wconf 82' lang='lat' dir='ltr'>leges</span> <span class='ocrx_word' id='word_1_81' title='bbox 1958 1202 2014 1251; x_wconf 91' lang='lat' dir='ltr'>et</span> 
     </span>
    </p>
   </div>
   <div class='ocr_carea' id='block_1_11' title="bbox 312 1285 2008 1357">
    <p class='ocr_par' dir='ltr' id='par_1_11' title="bbox 312 1285 2008 1357">
     <span class='ocr_line' id='line_1_11' title="bbox 312 1285 2008 1357; baseline 0.001 -19"><span class='ocrx_word' id='word_1_82' title='bbox 312 1287 615 1355; x_wconf 78' lang='lat' dir='ltr'>religiones</span> <span class='ocrx_word' id='word_1_83' title='bbox 647 1286 1073 1357; x_wconf 80' lang='lat' dir='ltr'>magnilicabat.</span> <span class='ocrx_word' id='word_1_84' title='bbox 1113 1286 1364 1340; x_wconf 82' lang='lat' dir='ltr'>Tandem</span> <span class='ocrx_word' id='word_1_85' title='bbox 1395 1285 1475 1338; x_wconf 91' lang='lat' dir='ltr'>sic</span> <span class='ocrx_word' id='word_1_86' title='bbox 1501 1286 1558 1339; x_wconf 92' lang='lat' dir='ltr'>in</span> <span class='ocrx_word' id='word_1_87' title='bbox 1607 1286 1810 1339; x_wconf 89' lang='lat' dir='ltr'>ducatu</span> <span class='ocrx_word' id='word_1_88' title='bbox 1855 1285 2008 1352; x_wconf 84' lang='lat' dir='ltr'>vixit,</span> 
     </span>
    </p>
   </div>
   <div class='ocr_carea' id='block_1_12' title="bbox 310 1375 2012 1444">
    <p class='ocr_par' dir='ltr' id='par_1_12' title="bbox 310 1375 2012 1444">
     <span class='ocr_line' id='line_1_12' title="bbox 310 1375 2012 1444; baseline 0 -17"><span class='ocrx_word' id='word_1_89' title='bbox 310 1375 466 1444; x_wconf 89' lang='lat' dir='ltr'>quod</span> <span class='ocrx_word' id='word_1_90' title='bbox 499 1375 766 1429; x_wconf 90' lang='lat' dir='ltr'>omnibus</span> <span class='ocrx_word' id='word_1_91' title='bbox 795 1375 1030 1444; x_wconf 85' lang='lat' dir='ltr'>placuit,</span> <span class='ocrx_word' id='word_1_92' title='bbox 1069 1379 1133 1428; x_wconf 91' lang='lat' dir='ltr'>ut</span> <span class='ocrx_word' id='word_1_93' title='bbox 1183 1375 1252 1428; x_wconf 91' lang='lat' dir='ltr'>de</span> <span class='ocrx_word' id='word_1_94' title='bbox 1279 1375 1492 1428; x_wconf 86' lang='lat' dir='ltr'>ducatu</span> <span class='ocrx_word' id='word_1_95' title='bbox 1548 1375 2012 1428; x_wconf 86' lang='lat' dir='ltr'>transduceretur</span> 
     </span>
    </p>
   </div>
   <div class='ocr_carea' id='block_1_13' title="bbox 305 1461 2008 1532">
    <p class='ocr_par' dir='ltr' id='par_1_13' title="bbox 305 1461 2008 1532">
     <span class='ocr_line' id='line_1_13' title="bbox 305 1461 2008 1532; baseline 0 -18"><span class='ocrx_word' id='word_1_96' title='bbox 305 1461 376 1515; x_wconf 89' lang='lat' dir='ltr'>ad</span> <span class='ocrx_word' id='word_1_97' title='bbox 409 1479 678 1532; x_wconf 89' lang='lat' dir='ltr'>regnum,</span> <span class='ocrx_word' id='word_1_98' title='bbox 709 1463 778 1516; x_wconf 93' lang='lat' dir='ltr'>de</span> <span class='ocrx_word' id='word_1_99' title='bbox 814 1463 1016 1516; x_wconf 86' lang='lat' dir='ltr'>vexillo</span> <span class='ocrx_word' id='word_1_100' title='bbox 1047 1463 1499 1517; x_wconf 84' lang='lat' dir='ltr'>extollereturin</span> <span class='ocrx_word' id='word_1_101' title='bbox 1531 1462 1738 1516; x_wconf 90' lang='lat' dir='ltr'>solium</span> <span class='ocrx_word' id='word_1_102' title='bbox 1787 1462 2008 1516; x_wconf 89' lang='lat' dir='ltr'>heredi-</span> 
     </span>
    </p>
   </div>
   <div class='ocr_carea' id='block_1_14' title="bbox 233 1549 2010 1619">
    <p class='ocr_par' dir='ltr' id='par_1_14' title="bbox 233 1549 2010 1619">
     <span class='ocr_line' id='line_1_14' title="bbox 233 1549 2010 1619; baseline 0.001 -17"><span class='ocrx_word' id='word_1_103' title='bbox 233 1569 238 1574; x_wconf 93' lang='grc'><strong>·</strong></span> <span class='ocrx_word' id='word_1_104' title='bbox 308 1549 540 1604; x_wconf 87' lang='lat' dir='ltr'>tarium.</span> <span class='ocrx_word' id='word_1_105' title='bbox 603 1549 1022 1604; x_wconf 86' lang='lat' dir='ltr'>Hereditarium</span> <span class='ocrx_word' id='word_1_106' title='bbox 1081 1549 1350 1616; x_wconf 90' lang='lat' dir='ltr'>dicimus,</span> <span class='ocrx_word' id='word_1_107' title='bbox 1401 1549 1557 1619; x_wconf 83' lang='lat' dir='ltr'>quia,</span> <span class='ocrx_word' id='word_1_108' title='bbox 1588 1555 1654 1602; x_wconf 89' lang='lat' dir='ltr'>ut</span> <span class='ocrx_word' id='word_1_109' title='bbox 1682 1549 1752 1603; x_wconf 90' lang='lat' dir='ltr'>ab</span> <span class='ocrx_word' id='word_1_110' title='bbox 1797 1550 1884 1602; x_wconf 90' lang='lat' dir='ltr'>his</span> <span class='ocrx_word' id='word_1_111' title='bbox 1909 1551 2010 1619; x_wconf 86' lang='lat' dir='ltr'>qui</span> 
     </span>
    </p>
   </div>
   <div class='ocr_carea' id='block_1_15' title="bbox 307 1637 2008 1708">
    <p class='ocr_par' dir='ltr' id='par_1_15' title="bbox 307 1637 2008 1708">
     <span class='ocr_line' id='line_1_15' title="bbox 307 1637 2008 1708; baseline 0.001 -18"><span class='ocrx_word' id='word_1_112' title='bbox 307 1638 674 1708; x_wconf 90' lang='lat' dir='ltr'>genealogias</span> <span class='ocrx_word' id='word_1_113' title='bbox 732 1645 1064 1707; x_wconf 84' lang='lat' dir='ltr'>computare</span> <span class='ocrx_word' id='word_1_114' title='bbox 1121 1643 1399 1691; x_wconf 82' lang='lat' dir='ltr'>noverant</span> <span class='ocrx_word' id='word_1_115' title='bbox 1447 1637 1789 1704; x_wconf 81' lang='lat' dir='ltr'>audivimus,</span> <span class='ocrx_word' id='word_1_116' title='bbox 1822 1655 1853 1690; x_wconf 88' lang='lat' dir='ltr'>a</span> <span class='ocrx_word' id='word_1_117' title='bbox 1905 1639 2008 1692; x_wconf 88' lang='lat' dir='ltr'>Ca-</span> 
     </span>
    </p>
   </div>
   <div class='ocr_carea' id='block_1_16' title="bbox 306 1725 2005 1796">
    <p class='ocr_par' dir='ltr' id='par_1_16' title="bbox 306 1725 2005 1796">
     <span class='ocr_line' id='line_1_16' title="bbox 306 1725 2005 1796; baseline 0 -18"><span class='ocrx_word' id='word_1_118' title='bbox 306 1727 432 1779; x_wconf 88' lang='lat' dir='ltr'>rolo</span> <span class='ocrx_word' id='word_1_119' title='bbox 457 1741 668 1796; x_wconf 89' lang='lat' dir='ltr'>magno</span> <span class='ocrx_word' id='word_1_120' title='bbox 699 1743 766 1779; x_wconf 83' lang='lat' dir='ltr'>ex</span> <span class='ocrx_word' id='word_1_121' title='bbox 833 1733 994 1796; x_wconf 89' lang='lat' dir='ltr'>parte</span> <span class='ocrx_word' id='word_1_122' title='bbox 1041 1727 1220 1796; x_wconf 85' lang='lat' dir='ltr'>patris</span> <span class='ocrx_word' id='word_1_123' title='bbox 1261 1725 1541 1779; x_wconf 86' lang='lat' dir='ltr'>decimam</span> <span class='ocrx_word' id='word_1_124' title='bbox 1590 1725 1914 1794; x_wconf 88' lang='lat' dir='ltr'>septimam,</span> <span class='ocrx_word' id='word_1_125' title='bbox 1943 1742 2005 1779; x_wconf 81' lang='lat' dir='ltr'>ex</span> 
     </span>
    </p>
   </div>
   <div class='ocr_carea' id='block_1_17' title="bbox 305 1815 2004 1884">
    <p class='ocr_par' dir='ltr' id='par_1_17' title="bbox 305 1815 2004 1884">
     <span class='ocr_line' id='line_1_17' title="bbox 305 1815 2004 1884; baseline -0.001 -16"><span class='ocrx_word' id='word_1_126' title='bbox 305 1821 469 1884; x_wconf 85' lang='lat' dir='ltr'>parte</span> <span class='ocrx_word' id='word_1_127' title='bbox 503 1816 699 1868; x_wconf 80' lang='lat' dir='ltr'>matris</span> <span class='ocrx_word' id='word_1_128' title='bbox 722 1815 1000 1868; x_wconf 89' lang='lat' dir='ltr'>decimam</span> <span class='ocrx_word' id='word_1_129' title='bbox 1029 1820 1244 1868; x_wconf 84' lang='lat' dir='ltr'>sextam</span> <span class='ocrx_word' id='word_1_130' title='bbox 1308 1815 1518 1868; x_wconf 89' lang='lat' dir='ltr'>lineam</span> <span class='ocrx_word' id='word_1_131' title='bbox 1579 1815 2004 1884; x_wconf 88' lang='lat' dir='ltr'>propagationis</span> 
     </span>
    </p>
   </div>
   <div class='ocr_carea' id='block_1_18' title="bbox 304 1901 2002 1976">
    <p class='ocr_par' dir='ltr' id='par_1_18' title="bbox 304 1901 2002 1976">
     <span class='ocr_line' id='line_1_18' title="bbox 304 1901 2002 1976; baseline -0.001 -20"><span class='ocrx_word' id='word_1_132' title='bbox 304 1904 552 1958; x_wconf 87' lang='lat' dir='ltr'>tenebat.</span> <span class='ocrx_word' id='word_1_133' title='bbox 595 1904 833 1976; x_wconf 88' lang='lat' dir='ltr'>Insuper</span> <span class='ocrx_word' id='word_1_134' title='bbox 879 1904 1082 1958; x_wconf 88' lang='lat' dir='ltr'>tertius</span> <span class='ocrx_word' id='word_1_135' title='bbox 1130 1904 1258 1958; x_wconf 89' lang='lat' dir='ltr'>Otto</span> <span class='ocrx_word' id='word_1_136' title='bbox 1305 1901 1490 1974; x_wconf 58' lang='lat' dir='ltr'>Vorte,</span> <span class='ocrx_word' id='word_1_137' title='bbox 1542 1903 1698 1956; x_wconf 87' lang='lat' dir='ltr'>tertii</span> <span class='ocrx_word' id='word_1_138' title='bbox 1757 1901 2002 1974; x_wconf 84' lang='lat' dir='ltr'>Ottonis]</span> 
     </span>
    </p>
   </div>
   <div class='ocr_carea' id='block_1_19' title="bbox 305 1991 2003 2062">
    <p class='ocr_par' dir='ltr' id='par_1_19' title="bbox 305 1991 2003 2062">
     <span class='ocr_line' id='line_1_19' title="bbox 305 1991 2003 2062; baseline 0.001 -19"><span class='ocrx_word' id='word_1_139' title='bbox 305 1996 432 2060; x_wconf 91' lang='lat' dir='ltr'>post</span> <span class='ocrx_word' id='word_1_140' title='bbox 460 1992 681 2046; x_wconf 90' lang='lat' dir='ltr'>obitum</span> <span class='ocrx_word' id='word_1_141' title='bbox 725 1991 787 2045; x_wconf 91' lang='lat' dir='ltr'>in</span> <span class='ocrx_word' id='word_1_142' title='bbox 819 2007 1014 2062; x_wconf 88' lang='lat' dir='ltr'>regem</span> <span class='ocrx_word' id='word_1_143' title='bbox 1055 1991 1397 2061; x_wconf 86' lang='lat' dir='ltr'>eligebatur,</span> <span class='ocrx_word' id='word_1_144' title='bbox 1430 1997 1488 2044; x_wconf 91' lang='lat' dir='ltr'>et</span> <span class='ocrx_word' id='word_1_145' title='bbox 1531 2006 1632 2044; x_wconf 72' lang='lat' dir='ltr'>msx</span> <span class='ocrx_word' id='word_1_146' title='bbox 1658 2005 1904 2046; x_wconf 67' lang='lat' dir='ltr'>TERTIUM</span> <span class='ocrx_word' id='word_1_147' title='bbox 1935 2007 2003 2044; x_wconf 72' lang='lat' dir='ltr'>an</span> 
     </span>
    </p>
   </div>
   <div class='ocr_carea' id='block_1_20' title="bbox 305 2079 1999 2136">
    <p class='ocr_par' dir='ltr' id='par_1_20' title="bbox 305 2079 1999 2136">
     <span class='ocr_line' id='line_1_20' title="bbox 305 2079 1999 2136; baseline 0.001 -4"><span class='ocrx_word' id='word_1_148' title='bbox 305 2095 520 2134; x_wconf 75' lang='lat' dir='ltr'>INVICEM</span> <span class='ocrx_word' id='word_1_149' title='bbox 547 2096 1068 2136; x_wconf 78' lang='lat' dir='ltr'>CONSANGUINITATIS</span> <span class='ocrx_word' id='word_1_150' title='bbox 1097 2096 1640 2135; x_wconf 68' lang='lat' dir='ltr'>oaxouurexaaam.</span> <span class='ocrx_word' id='word_1_151' title='bbox 1691 2103 1711 2129; x_wconf 68' lang='grc' dir='ltr'>π</span> <span class='ocrx_word' id='word_1_152' title='bbox 1749 2081 1878 2134; x_wconf 73' lang='lat' dir='ltr'>Haec</span> <span class='ocrx_word' id='word_1_153' title='bbox 1899 2079 1999 2134; x_wconf 89' lang='lat' dir='ltr'>ibi.</span> 
     </span>
    </p>
   </div>
   <div class='ocr_carea' id='block_1_21' title="bbox 373 2167 2002 2240">
    <p class='ocr_par' dir='ltr' id='par_1_21' title="bbox 373 2167 2002 2240">
     <span class='ocr_line' id='line_1_21' title="bbox 373 2167 2002 2240; baseline 0 -19"><span class='ocrx_word' id='word_1_154' title='bbox 373 2171 427 2222; x_wconf 76' lang='grc'>4.</span> <span class='ocrx_word' id='word_1_155' title='bbox 475 2169 688 2223; x_wconf 84' lang='lat' dir='ltr'>Rursus</span> <span class='ocrx_word' id='word_1_156' title='bbox 735 2169 796 2222; x_wconf 89' lang='lat' dir='ltr'>in</span> <span class='ocrx_word' id='word_1_157' title='bbox 820 2171 1082 2224; x_wconf 86' lang='lat' dir='ltr'>eamdem</span> <span class='ocrx_word' id='word_1_158' title='bbox 1141 2169 1488 2223; x_wconf 88' lang='lat' dir='ltr'>sententiam</span> <span class='ocrx_word' id='word_1_159' title='bbox 1537 2169 1796 2240; x_wconf 87' lang='lat' dir='ltr'>loquitur</span> <span class='ocrx_word' id='word_1_160' title='bbox 1833 2167 2002 2221; x_wconf 82' lang='lat' dir='ltr'>Adel-</span> 
     </span>
    </p>
   </div>
   <div class='ocr_carea' id='block_1_22' title="bbox 301 2255 2000 2328">
    <p class='ocr_par' dir='ltr' id='par_1_22' title="bbox 301 2255 2000 2328">
     <span class='ocr_line' id='line_1_22' title="bbox 301 2255 2000 2328; baseline 0.001 -20"><span class='ocrx_word' id='word_1_161' title='bbox 301 2255 503 2310; x_wconf 88' lang='lat' dir='ltr'>boldus</span> <span class='ocrx_word' id='word_1_162' title='bbox 537 2258 707 2325; x_wconf 89' lang='lat' dir='ltr'>paulo</span> <span class='ocrx_word' id='word_1_163' title='bbox 739 2263 866 2326; x_wconf 91' lang='lat' dir='ltr'>post</span> <span class='ocrx_word' id='word_1_164' title='bbox 895 2273 1025 2328; x_wconf 90' lang='lat' dir='ltr'>pag.</span> <span class='ocrx_word' id='word_1_165' title='bbox 1057 2259 1180 2318; x_wconf 68' lang='grc'><strong>434,</strong></span> <span class='ocrx_word' id='word_1_166' title='bbox 1246 2258 1367 2320; x_wconf 90' lang='lat' dir='ltr'>ubi,</span> <span class='ocrx_word' id='word_1_167' title='bbox 1422 2257 1716 2311; x_wconf 86' lang='lat' dir='ltr'>recensitis</span> <span class='ocrx_word' id='word_1_168' title='bbox 1749 2257 1804 2310; x_wconf 91' lang='lat' dir='ltr'>S.</span> <span class='ocrx_word' id='word_1_169' title='bbox 1851 2257 2000 2310; x_wconf 87' lang='lat' dir='ltr'>Hen-</span> 
     </span>
    </p>
   </div>
   <div class='ocr_carea' id='block_1_23' title="bbox 302 2343 2000 2416">
    <p class='ocr_par' dir='ltr' id='par_1_23' title="bbox 302 2343 2000 2416">
     <span class='ocr_line' id='line_1_23' title="bbox 302 2343 2000 2416; baseline 0.001 -20"><span class='ocrx_word' id='word_1_170' title='bbox 302 2343 404 2397; x_wconf 89' lang='lat' dir='ltr'>rici</span> <span class='ocrx_word' id='word_1_171' title='bbox 460 2345 702 2412; x_wconf 58' lang='lat' dir='ltr'>aemulis,</span> <span class='ocrx_word' id='word_1_172' title='bbox 753 2346 905 2399; x_wconf 90' lang='lat' dir='ltr'>inter</span> <span class='ocrx_word' id='word_1_173' title='bbox 974 2362 1120 2416; x_wconf 89' lang='lat' dir='ltr'>quos</span> <span class='ocrx_word' id='word_1_174' title='bbox 1179 2351 1298 2398; x_wconf 91' lang='lat' dir='ltr'>erat</span> <span class='ocrx_word' id='word_1_175' title='bbox 1341 2345 1727 2399; x_wconf 81' lang='lat' dir='ltr'>Theodericus</span> <span class='ocrx_word' id='word_1_176' title='bbox 1795 2345 2000 2398; x_wconf 86' lang='lat' dir='ltr'>Lotba-</span> 
     </span>
    </p>
   </div>
   <div class='ocr_carea' id='block_1_24' title="bbox 301 2432 2000 2503">
    <p class='ocr_par' dir='ltr' id='par_1_24' title="bbox 301 2432 2000 2503">
     <span class='ocr_line' id='line_1_24' title="bbox 301 2432 2000 2503; baseline 0.001 -19"><span class='ocrx_word' id='word_1_177' title='bbox 301 2432 528 2501; x_wconf 82' lang='lat' dir='ltr'>riensis,</span> <span class='ocrx_word' id='word_1_178' title='bbox 561 2434 628 2487; x_wconf 92' lang='lat' dir='ltr'>de</span> <span class='ocrx_word' id='word_1_179' title='bbox 655 2449 722 2486; x_wconf 90' lang='lat' dir='ltr'>eo</span> <span class='ocrx_word' id='word_1_180' title='bbox 750 2434 830 2487; x_wconf 90' lang='lat' dir='ltr'>ait</span> <span class='ocrx_word' id='word_1_181' title='bbox 873 2433 1047 2503; x_wconf 88' lang='lat' dir='ltr'>quod,</span> <span class='ocrx_word' id='word_1_182' title='bbox 1081 2454 1108 2484; x_wconf 79' lang='grc' dir='ltr'>(ι</span> <span class='ocrx_word' id='word_1_183' title='bbox 1141 2433 1448 2486; x_wconf 87' lang='lat' dir='ltr'>Henricum</span> <span class='ocrx_word' id='word_1_184' title='bbox 1499 2433 1702 2486; x_wconf 90' lang='lat' dir='ltr'>ducem</span> <span class='ocrx_word' id='word_1_185' title='bbox 1731 2432 1790 2485; x_wconf 94' lang='lat' dir='ltr'>in</span> <span class='ocrx_word' id='word_1_186' title='bbox 1821 2448 2000 2503; x_wconf 90' lang='lat' dir='ltr'>regno</span> 
     </span>
    </p>
   </div>
   <div class='ocr_carea' id='block_1_25' title="bbox 300 2521 2000 2592">
    <p class='ocr_par' dir='ltr' id='par_1_25' title="bbox 300 2521 2000 2592">
     <span class='ocr_line' id='line_1_25' title="bbox 300 2521 2000 2592; baseline 0.002 -20"><span class='ocrx_word' id='word_1_187' title='bbox 300 2535 420 2574; x_wconf 91' lang='lat' dir='ltr'>esse</span> <span class='ocrx_word' id='word_1_188' title='bbox 475 2521 660 2575; x_wconf 86' lang='lat' dir='ltr'>sciens</span> <span class='ocrx_word' id='word_1_189' title='bbox 723 2521 1012 2588; x_wconf 85' lang='lat' dir='ltr'>heredem,</span> <span class='ocrx_word' id='word_1_190' title='bbox 1097 2521 1282 2575; x_wconf 90' lang='lat' dir='ltr'>noluit</span> <span class='ocrx_word' id='word_1_191' title='bbox 1335 2521 1585 2592; x_wconf 91' lang='lat' dir='ltr'>incipere</span> <span class='ocrx_word' id='word_1_192' title='bbox 1641 2522 1798 2592; x_wconf 91' lang='lat' dir='ltr'>quod</span> <span class='ocrx_word' id='word_1_193' title='bbox 1883 2538 2000 2575; x_wconf 91' lang='lat' dir='ltr'>non</span> 
     </span>
    </p>
   </div>
   <div class='ocr_carea' id='block_1_26' title="bbox 297 2609 1999 2680">
    <p class='ocr_par' dir='ltr' id='par_1_26' title="bbox 297 2609 1999 2680">
     <span class='ocr_line' id='line_1_26' title="bbox 297 2609 1999 2680; baseline 0 -18"><span class='ocrx_word' id='word_1_194' title='bbox 297 2615 490 2678; x_wconf 88' lang='lat' dir='ltr'>posset</span> <span class='ocrx_word' id='word_1_195' title='bbox 531 2609 718 2664; x_wconf 82' lang='lat' dir='ltr'>linire.</span> <span class='ocrx_word' id='word_1_196' title='bbox 772 2631 792 2656; x_wconf 82' lang='grc'>›</span> <span class='ocrx_word' id='word_1_197' title='bbox 841 2609 1000 2663; x_wconf 85' lang='lat' dir='ltr'>Mitto</span> <span class='ocrx_word' id='word_1_198' title='bbox 1069 2609 1161 2663; x_wconf 86' lang='lat' dir='ltr'>hic</span> <span class='ocrx_word' id='word_1_199' title='bbox 1209 2625 1340 2680; x_wconf 65' lang='lat' dir='ltr'>quas</span> <span class='ocrx_word' id='word_1_200' title='bbox 1387 2609 1742 2663; x_wconf 85' lang='lat' dir='ltr'>Hofmannus</span> <span class='ocrx_word' id='word_1_201' title='bbox 1795 2615 1851 2663; x_wconf 91' lang='lat' dir='ltr'>et</span> <span class='ocrx_word' id='word_1_202' title='bbox 1901 2610 1999 2664; x_wconf 90' lang='lat' dir='ltr'>alii</span> 
     </span>
    </p>
   </div>
   <div class='ocr_carea' id='block_1_27' title="bbox 299 2698 1996 2768">
    <p class='ocr_par' dir='ltr' id='par_1_27' title="bbox 299 2698 1996 2768">
     <span class='ocr_line' id='line_1_27' title="bbox 299 2698 1996 2768; baseline 0.001 -17"><span class='ocrx_word' id='word_1_203' title='bbox 299 2705 583 2764; x_wconf 85' lang='lat' dir='ltr'>asserunt,</span> <span class='ocrx_word' id='word_1_204' title='bbox 643 2699 712 2752; x_wconf 92' lang='lat' dir='ltr'>de</span> <span class='ocrx_word' id='word_1_205' title='bbox 790 2699 1025 2752; x_wconf 86' lang='lat' dir='ltr'>reducta</span> <span class='ocrx_word' id='word_1_206' title='bbox 1103 2699 1173 2752; x_wconf 89' lang='lat' dir='ltr'>ab</span> <span class='ocrx_word' id='word_1_207' title='bbox 1251 2699 1454 2753; x_wconf 91' lang='lat' dir='ltr'>Ottone</span> <span class='ocrx_word' id='word_1_208' title='bbox 1517 2699 1596 2751; x_wconf 93' lang='lat' dir='ltr'>IlI</span> <span class='ocrx_word' id='word_1_209' title='bbox 1654 2698 1722 2752; x_wconf 92' lang='lat' dir='ltr'>ad</span> <span class='ocrx_word' id='word_1_210' title='bbox 1778 2703 1996 2768; x_wconf 85' lang='lat' dir='ltr'>septem</span> 
     </span>
    </p>
   </div>
   <div class='ocr_carea' id='block_1_28' title="bbox 299 2787 1998 2857">
    <p class='ocr_par' dir='ltr' id='par_1_28' title="bbox 299 2787 1998 2857">
     <span class='ocr_line' id='line_1_28' title="bbox 299 2787 1998 2857; baseline -0.001 -16"><span class='ocrx_word' id='word_1_211' title='bbox 299 2788 570 2841; x_wconf 89' lang='lat' dir='ltr'>electores</span> <span class='ocrx_word' id='word_1_212' title='bbox 611 2787 862 2857; x_wconf 89' lang='lat' dir='ltr'>imperii,</span> <span class='ocrx_word' id='word_1_213' title='bbox 913 2787 1061 2857; x_wconf 86' lang='lat' dir='ltr'>regis</span> <span class='ocrx_word' id='word_1_214' title='bbox 1114 2787 1433 2842; x_wconf 76' lang='lat' dir='ltr'>Germanias</span> <span class='ocrx_word' id='word_1_215' title='bbox 1486 2787 1589 2851; x_wconf 91' lang='lat' dir='ltr'>(uti</span> <span class='ocrx_word' id='word_1_216' title='bbox 1629 2791 1764 2840; x_wconf 91' lang='lat' dir='ltr'>tunc</span> <span class='ocrx_word' id='word_1_217' title='bbox 1795 2787 1998 2857; x_wconf 90' lang='lat' dir='ltr'>loque-</span> 
     </span>
    </p>
   </div>
   <div class='ocr_carea' id='block_1_29' title="bbox 295 2872 1996 2943">
    <p class='ocr_par' dir='ltr' id='par_1_29' title="bbox 295 2872 1996 2943">
     <span class='ocr_line' id='line_1_29' title="bbox 295 2872 1996 2943; baseline -0.001 -16"><span class='ocrx_word' id='word_1_218' title='bbox 295 2873 525 2943; x_wconf 84' lang='lat' dir='ltr'>bantur)</span> <span class='ocrx_word' id='word_1_219' title='bbox 590 2875 888 2942; x_wconf 89' lang='lat' dir='ltr'>electione,</span> <span class='ocrx_word' id='word_1_220' title='bbox 947 2891 1077 2927; x_wconf 91' lang='lat' dir='ltr'>cum</span> <span class='ocrx_word' id='word_1_221' title='bbox 1139 2875 1276 2928; x_wconf 86' lang='lat' dir='ltr'>satis</span> <span class='ocrx_word' id='word_1_222' title='bbox 1330 2879 1544 2927; x_wconf 90' lang='lat' dir='ltr'>certum</span> <span class='ocrx_word' id='word_1_223' title='bbox 1588 2873 1868 2940; x_wconf 88' lang='lat' dir='ltr'>videatur,</span> <span class='ocrx_word' id='word_1_224' title='bbox 1925 2872 1996 2926; x_wconf 89' lang='lat' dir='ltr'>ad</span> 
     </span>
    </p>
   </div>
   <div class='ocr_carea' id='block_1_30' title="bbox 295 2961 1994 3032">
    <p class='ocr_par' dir='ltr' id='par_1_30' title="bbox 295 2961 1994 3032">
     <span class='ocr_line' id='line_1_30' title="bbox 295 2961 1994 3032; baseline -0.001 -15"><span class='ocrx_word' id='word_1_225' title='bbox 295 2963 349 3018; x_wconf 93' lang='lat' dir='ltr'>S.</span> <span class='ocrx_word' id='word_1_226' title='bbox 386 2961 690 3016; x_wconf 87' lang='lat' dir='ltr'>Henricum</span> <span class='ocrx_word' id='word_1_227' title='bbox 722 2979 904 3032; x_wconf 83' lang='lat' dir='ltr'>usque</span> <span class='ocrx_word' id='word_1_228' title='bbox 935 2961 1339 3016; x_wconf 81' lang='lat' dir='ltr'>hereditariam</span> <span class='ocrx_word' id='word_1_229' title='bbox 1370 2961 1780 3016; x_wconf 89' lang='lat' dir='ltr'>successionem</span> <span class='ocrx_word' id='word_1_230' title='bbox 1807 2963 1994 3016; x_wconf 90' lang='lat' dir='ltr'>locum</span> 
     </span>
    </p>
   </div>
   <div class='ocr_carea' id='block_1_31' title="bbox 295 3049 2877 3123">
    <p class='ocr_par' dir='ltr' id='par_1_31' title="bbox 295 3049 2877 3123">
     <span class='ocr_line' id='line_1_31' title="bbox 295 3049 2877 3123; baseline -0 -19"><span class='ocrx_word' id='word_1_231' title='bbox 295 3050 608 3117; x_wconf 88' lang='lat' dir='ltr'>habuisse;</span> <span class='ocrx_word' id='word_1_232' title='bbox 665 3051 930 3105; x_wconf 84' lang='lat' dir='ltr'>Sanctum</span> <span class='ocrx_word' id='word_1_233' title='bbox 991 3067 1121 3104; x_wconf 90' lang='lat' dir='ltr'>vero</span> <span class='ocrx_word' id='word_1_234' title='bbox 1166 3067 1234 3104; x_wconf 92' lang='lat' dir='ltr'>eo</span> <span class='ocrx_word' id='word_1_235' title='bbox 1275 3051 1400 3119; x_wconf 86' lang='lat' dir='ltr'>jure</span> <span class='ocrx_word' id='word_1_236' title='bbox 1458 3066 1701 3119; x_wconf 85' lang='lat' dir='ltr'>regnum</span> <span class='ocrx_word' id='word_1_237' title='bbox 1759 3049 2066 3122; x_wconf 89' lang='lat' dir='ltr'>adipisciC</span> <span class='ocrx_word' id='word_1_238' title='bbox 2103 3056 2272 3108; x_wconf 87' lang='lat' dir='ltr'>variis</span> <span class='ocrx_word' id='word_1_239' title='bbox 2333 3053 2650 3123; x_wconf 86' lang='lat' dir='ltr'>excogitata</span> <span class='ocrx_word' id='word_1_240' title='bbox 2725 3057 2877 3116; x_wconf 86' lang='lat' dir='ltr'>sunt,</span> 
     </span>
    </p>
   </div>
   <div class='ocr_carea' id='block_1_32' title="bbox 295 3137 1995 3210">
    <p class='ocr_par' dir='ltr' id='par_1_32' title="bbox 295 3137 1995 3210">
     <span class='ocr_line' id='line_1_32' title="bbox 295 3137 1995 3210; baseline -0.001 -18"><span class='ocrx_word' id='word_1_241' title='bbox 295 3138 706 3210; x_wconf 86' lang='lat' dir='ltr'>nonpotuisse,</span> <span class='ocrx_word' id='word_1_242' title='bbox 761 3137 867 3191; x_wconf 86' lang='lat' dir='ltr'>nisi</span> <span class='ocrx_word' id='word_1_243' title='bbox 907 3154 970 3191; x_wconf 80' lang='lat' dir='ltr'>ex</span> <span class='ocrx_word' id='word_1_244' title='bbox 1039 3138 1346 3192; x_wconf 89' lang='lat' dir='ltr'>Ottoniano</span> <span class='ocrx_word' id='word_1_245' title='bbox 1403 3154 1613 3208; x_wconf 83' lang='lat' dir='ltr'>genere</span> <span class='ocrx_word' id='word_1_246' title='bbox 1679 3145 1995 3209; x_wconf 84' lang='lat' dir='ltr'>prognatus</span> 
     </span>
    </p>
   </div>
   <div class='ocr_carea' id='block_1_33' title="bbox 295 3225 1992 3297">
    <p class='ocr_par' dir='ltr' id='par_1_33' title="bbox 295 3225 1992 3297">
     <span class='ocr_line' id='line_1_33' title="bbox 295 3225 1992 3297; baseline 0.001 -18"><span class='ocrx_word' id='word_1_247' title='bbox 295 3227 486 3288; x_wconf 84' lang='lat' dir='ltr'>fuerit,</span> <span class='ocrx_word' id='word_1_248' title='bbox 523 3227 674 3297; x_wconf 90' lang='lat' dir='ltr'>quod</span> <span class='ocrx_word' id='word_1_249' title='bbox 707 3225 1017 3281; x_wconf 89' lang='lat' dir='ltr'>clarissime</span> <span class='ocrx_word' id='word_1_250' title='bbox 1048 3225 1220 3280; x_wconf 85' lang='lat' dir='ltr'>semel</span> <span class='ocrx_word' id='word_1_251' title='bbox 1269 3231 1323 3279; x_wconf 90' lang='lat' dir='ltr'>et</span> <span class='ocrx_word' id='word_1_252' title='bbox 1370 3227 1578 3280; x_wconf 90' lang='lat' dir='ltr'>iterum</span> <span class='ocrx_word' id='word_1_253' title='bbox 1609 3227 1703 3280; x_wconf 92' lang='lat' dir='ltr'>hic</span> <span class='ocrx_word' id='word_1_254' title='bbox 1734 3243 1992 3296; x_wconf 89' lang='lat' dir='ltr'>pronun-</span> 
     </span>
    </p>
   </div>
   <div class='ocr_carea' id='block_1_34' title="bbox 291 3314 1988 3386">
    <p class='ocr_par' dir='ltr' id='par_1_34' title="bbox 291 3314 1988 3386">
     <span class='ocr_line' id='line_1_34' title="bbox 291 3314 1988 3386; baseline 0 -18"><span class='ocrx_word' id='word_1_255' title='bbox 291 3315 398 3368; x_wconf 91' lang='lat' dir='ltr'>tiat</span> <span class='ocrx_word' id='word_1_256' title='bbox 423 3314 796 3369; x_wconf 81' lang='lat' dir='ltr'>Adelboldus.</span> <span class='ocrx_word' id='word_1_257' title='bbox 848 3314 1040 3386; x_wconf 89' lang='lat' dir='ltr'>Neque</span> <span class='ocrx_word' id='word_1_258' title='bbox 1071 3315 1311 3368; x_wconf 90' lang='lat' dir='ltr'>obscure</span> <span class='ocrx_word' id='word_1_259' title='bbox 1353 3314 1638 3368; x_wconf 88' lang='lat' dir='ltr'>consentit</span> <span class='ocrx_word' id='word_1_260' title='bbox 1681 3315 1988 3382; x_wconf 86' lang='lat' dir='ltr'>Ditmarus,</span> 
     </span>
    </p>
   </div>
   <div class='ocr_carea' id='block_1_35' title="bbox 293 3401 1994 3472">
    <p class='ocr_par' dir='ltr' id='par_1_35' title="bbox 293 3401 1994 3472">
     <span class='ocr_line' id='line_1_35' title="bbox 293 3401 1994 3472; baseline 0 -15"><span class='ocrx_word' id='word_1_261' title='bbox 293 3403 500 3459; x_wconf 89' lang='lat' dir='ltr'>dumS.</span> <span class='ocrx_word' id='word_1_262' title='bbox 529 3403 833 3458; x_wconf 87' lang='lat' dir='ltr'>Henricum</span> <span class='ocrx_word' id='word_1_263' title='bbox 877 3403 936 3456; x_wconf 93' lang='lat' dir='ltr'>in</span> <span class='ocrx_word' id='word_1_264' title='bbox 969 3403 1099 3456; x_wconf 88' lang='lat' dir='ltr'>libri</span> <span class='ocrx_word' id='word_1_265' title='bbox 1147 3403 1234 3456; x_wconf 88' lang='lat' dir='ltr'>sui</span> <span class='ocrx_word' id='word_1_266' title='bbox 1281 3401 1467 3472; x_wconf 86' lang='lat' dir='ltr'>quinti</span> <span class='ocrx_word' id='word_1_267' title='bbox 1507 3403 1766 3472; x_wconf 89' lang='lat' dir='ltr'>prologo,</span> <span class='ocrx_word' id='word_1_268' title='bbox 1804 3407 1994 3457; x_wconf 84' lang='lat' dir='ltr'>natum</span> 
     </span>
    </p>
   </div>
   <div class='ocr_carea' id='block_1_36' title="bbox 294 3490 1993 3560">
    <p class='ocr_par' dir='ltr' id='par_1_36' title="bbox 294 3490 1993 3560">
     <span class='ocr_line' id='line_1_36' title="bbox 294 3490 1993 3560; baseline -0.002 -13"><span class='ocrx_word' id='word_1_269' title='bbox 294 3492 358 3546; x_wconf 86' lang='lat' dir='ltr'>de</span> <span class='ocrx_word' id='word_1_270' title='bbox 386 3499 662 3547; x_wconf 80' lang='lat' dir='ltr'>stemmate</span> <span class='ocrx_word' id='word_1_271' title='bbox 715 3508 902 3558; x_wconf 86' lang='lat' dir='ltr'>regum</span> <span class='ocrx_word' id='word_1_272' title='bbox 951 3491 1201 3545; x_wconf 78' lang='lat' dir='ltr'>afﬁrmat</span> <span class='ocrx_word' id='word_1_273' title='bbox 1241 3507 1254 3557; x_wconf 90' lang='lat'><strong>;</strong></span> <span class='ocrx_word' id='word_1_274' title='bbox 1304 3491 1596 3560; x_wconf 89' lang='lat' dir='ltr'>idemque,</span> <span class='ocrx_word' id='word_1_275' title='bbox 1648 3490 1779 3544; x_wconf 88' lang='lat' dir='ltr'>libri</span> <span class='ocrx_word' id='word_1_276' title='bbox 1828 3490 1993 3544; x_wconf 88' lang='lat' dir='ltr'>istius</span> 
     </span>
    </p>
   </div>
   <div class='ocr_carea' id='block_1_37' title="bbox 293 3578 1989 3650">
    <p class='ocr_par' dir='ltr' id='par_1_37' title="bbox 293 3578 1989 3650">
     <span class='ocr_line' id='line_1_37' title="bbox 293 3578 1989 3650; baseline -0.001 -16"><span class='ocrx_word' id='word_1_277' title='bbox 293 3581 481 3650; x_wconf 88' lang='lat' dir='ltr'>quinti</span> <span class='ocrx_word' id='word_1_278' title='bbox 512 3581 695 3644; x_wconf 86' lang='lat' dir='ltr'>initio,</span> <span class='ocrx_word' id='word_1_279' title='bbox 738 3581 887 3650; x_wconf 88' lang='lat' dir='ltr'>apud</span> <span class='ocrx_word' id='word_1_280' title='bbox 949 3579 1317 3646; x_wconf 87' lang='lat' dir='ltr'>Leibnitium,</span> <span class='ocrx_word' id='word_1_281' title='bbox 1371 3595 1503 3649; x_wconf 87' lang='lat' dir='ltr'>pag.</span> <span class='ocrx_word' id='word_1_282' title='bbox 1542 3580 1666 3643; x_wconf 77' lang='lat'>365,</span> <span class='ocrx_word' id='word_1_283' title='bbox 1690 3580 1786 3647; x_wconf 89' lang='lat' dir='ltr'>jus</span> <span class='ocrx_word' id='word_1_284' title='bbox 1825 3578 1989 3632; x_wconf 90' lang='lat' dir='ltr'>here-</span> 
     </span>
    </p>
   </div>
   <div class='ocr_carea' id='block_1_38' title="bbox 296 3667 1990 3738">
    <p class='ocr_par' dir='ltr' id='par_1_38' title="bbox 296 3667 1990 3738">
     <span class='ocr_line' id='line_1_38' title="bbox 296 3667 1990 3738; baseline -0.001 -16"><span class='ocrx_word' id='word_1_285' title='bbox 296 3669 565 3722; x_wconf 88' lang='lat' dir='ltr'>ditarium</span> <span class='ocrx_word' id='word_1_286' title='bbox 605 3669 772 3738; x_wconf 89' lang='lat' dir='ltr'>plane</span> <span class='ocrx_word' id='word_1_287' title='bbox 821 3668 1097 3738; x_wconf 90' lang='lat' dir='ltr'>agnoscit,</span> <span class='ocrx_word' id='word_1_288' title='bbox 1141 3667 1388 3721; x_wconf 86' lang='lat' dir='ltr'>maxima</span> <span class='ocrx_word' id='word_1_289' title='bbox 1443 3683 1748 3737; x_wconf 88' lang='lat' dir='ltr'>procerum</span> <span class='ocrx_word' id='word_1_290' title='bbox 1798 3668 1990 3721; x_wconf 88' lang='lat' dir='ltr'>multi-</span> 
     </span>
    </p>
   </div>
   <div class='ocr_carea' id='block_1_39' title="bbox 287 3755 1992 3825">
    <p class='ocr_par' dir='ltr' id='par_1_39' title="bbox 287 3755 1992 3825">
     <span class='ocr_line' id='line_1_39' title="bbox 287 3755 1992 3825; baseline 0.001 -17"><span class='ocrx_word' id='word_1_291' title='bbox 287 3756 486 3809; x_wconf 91' lang='lat' dir='ltr'>tudine</span> <span class='ocrx_word' id='word_1_292' title='bbox 525 3772 641 3810; x_wconf 91' lang='lat' dir='ltr'>una</span> <span class='ocrx_word' id='word_1_293' title='bbox 687 3771 819 3810; x_wconf 90' lang='lat' dir='ltr'>voce</span> <span class='ocrx_word' id='word_1_294' title='bbox 883 3755 1301 3825; x_wconf 87' lang='lat' dir='ltr'>respondente:</span> <span class='ocrx_word' id='word_1_295' title='bbox 1350 3777 1370 3803; x_wconf 84' lang='grc'><strong>‹</strong></span> <span class='ocrx_word' id='word_1_296' title='bbox 1429 3755 1735 3808; x_wconf 88' lang='lat' dir='ltr'>Henricum</span> <span class='ocrx_word' id='word_1_297' title='bbox 1783 3756 1992 3810; x_wconf 84' lang='lat' dir='ltr'>Christi</span> 
     </span>
    </p>
   </div>
   <div class='ocr_carea' id='block_1_40' title="bbox 291 3843 1989 3914">
    <p class='ocr_par' dir='ltr' id='par_1_40' title="bbox 291 3843 1989 3914">
     <span class='ocr_line' id='line_1_40' title="bbox 291 3843 1989 3914; baseline 0.001 -18"><span class='ocrx_word' id='word_1_298' title='bbox 291 3843 602 3914; x_wconf 90' lang='lat' dir='ltr'>adjutorio,</span> <span class='ocrx_word' id='word_1_299' title='bbox 650 3849 706 3897; x_wconf 89' lang='lat' dir='ltr'>et</span> <span class='ocrx_word' id='word_1_300' title='bbox 751 3843 880 3912; x_wconf 91' lang='lat' dir='ltr'>jure</span> <span class='ocrx_word' id='word_1_301' title='bbox 924 3843 1289 3898; x_wconf 68' lang='lat' dir='ltr'>hau-editario</span> <span class='ocrx_word' id='word_1_302' title='bbox 1339 3848 1787 3913; x_wconf 74' lang='lat' dir='ltr'>regnaturum.»</span> <span class='ocrx_word' id='word_1_303' title='bbox 1832 3843 1989 3897; x_wconf 82' lang='lat' dir='ltr'>Adde</span> 
     </span>
    </p>
   </div>
   <div class='ocr_carea' id='block_1_41' title="bbox 291 3931 1988 4002">
    <p class='ocr_par' dir='ltr' id='par_1_41' title="bbox 291 3931 1988 4002">
     <span class='ocr_line' id='line_1_41' title="bbox 291 3931 1988 4002; baseline -0.002 -15"><span class='ocrx_word' id='word_1_304' title='bbox 291 3931 650 4002; x_wconf 77' lang='lat' dir='ltr'>Sigebertum</span> <span class='ocrx_word' id='word_1_305' title='bbox 709 3931 1195 3996; x_wconf 87' lang='lat' dir='ltr'>Gemblacensem,</span> <span class='ocrx_word' id='word_1_306' title='bbox 1259 3931 1420 4001; x_wconf 89' lang='lat' dir='ltr'>cujus</span> <span class='ocrx_word' id='word_1_307' title='bbox 1478 3931 1596 3984; x_wconf 60' lang='lat' dir='ltr'>base</span> <span class='ocrx_word' id='word_1_308' title='bbox 1639 3935 1772 3984; x_wconf 89' lang='lat' dir='ltr'>sunt</span> <span class='ocrx_word' id='word_1_309' title='bbox 1816 3931 1988 3985; x_wconf 89' lang='lat' dir='ltr'>verba</span> 
     </span>
    </p>
   </div>
   <div class='ocr_carea' id='block_1_42' title="bbox 289 4018 1988 4094">
    <p class='ocr_par' dir='ltr' id='par_1_42' title="bbox 289 4018 1988 4094">
     <span class='ocr_line' id='line_1_42' title="bbox 289 4018 1988 4094; baseline 0.001 -24"><span class='ocrx_word' id='word_1_310' title='bbox 289 4018 360 4071; x_wconf 91' lang='lat' dir='ltr'>ad</span> <span class='ocrx_word' id='word_1_311' title='bbox 395 4035 610 4071; x_wconf 89' lang='lat' dir='ltr'>annum</span> <span class='ocrx_word' id='word_1_312' title='bbox 661 4019 826 4072; x_wconf 67' lang='lat'>1002:</span> <span class='ocrx_word' id='word_1_313' title='bbox 882 4041 904 4068; x_wconf 68' lang='grc' dir='ltr'><strong><em>κ</em></strong></span> <span class='ocrx_word' id='word_1_314' title='bbox 955 4019 1080 4094; x_wconf 85' lang='lat' dir='ltr'>Fuit</span> <span class='ocrx_word' id='word_1_315' title='bbox 1133 4019 1348 4090; x_wconf 91' lang='lat' dir='ltr'>quippe</span> <span class='ocrx_word' id='word_1_316' title='bbox 1392 4018 1469 4088; x_wconf 92' lang='lat' dir='ltr'>(S.</span> <span class='ocrx_word' id='word_1_317' title='bbox 1505 4018 1794 4088; x_wconf 88' lang='lat' dir='ltr'>Henricus)</span> <span class='ocrx_word' id='word_1_318' title='bbox 1837 4019 1988 4073; x_wconf 78' lang='lat' dir='ltr'>filius</span> 
     </span>
    </p>
   </div>
   <div class='ocr_carea' id='block_1_43' title="bbox 289 4107 1986 4179">
    <p class='ocr_par' dir='ltr' id='par_1_43' title="bbox 289 4107 1986 4179">
     <span class='ocr_line' id='line_1_43' title="bbox 289 4107 1986 4179; baseline 0.002 -20"><span class='ocrx_word' id='word_1_319' title='bbox 289 4107 515 4160; x_wconf 89' lang='lat' dir='ltr'>Henrici</span> <span class='ocrx_word' id='word_1_320' title='bbox 570 4108 749 4174; x_wconf 89' lang='lat' dir='ltr'>ducis,</span> <span class='ocrx_word' id='word_1_321' title='bbox 794 4109 893 4179; x_wconf 89' lang='lat' dir='ltr'>qui</span> <span class='ocrx_word' id='word_1_322' title='bbox 945 4108 1051 4161; x_wconf 83' lang='lat' dir='ltr'>fuit</span> <span class='ocrx_word' id='word_1_323' title='bbox 1094 4107 1322 4178; x_wconf 85' lang='lat' dir='ltr'>genitus</span> <span class='ocrx_word' id='word_1_324' title='bbox 1379 4108 1447 4161; x_wconf 92' lang='lat' dir='ltr'>de</span> <span class='ocrx_word' id='word_1_325' title='bbox 1501 4107 1763 4172; x_wconf 83' lang='lat' dir='ltr'>Henrico,</span> <span class='ocrx_word' id='word_1_326' title='bbox 1810 4108 1986 4162; x_wconf 83' lang='lat' dir='ltr'>fratre</span> 
     </span>
    </p>
   </div>
   <div class='ocr_carea' id='block_1_44' title="bbox 287 4195 1984 4267">
    <p class='ocr_par' dir='ltr' id='par_1_44' title="bbox 287 4195 1984 4267">
     <span class='ocr_line' id='line_1_44' title="bbox 287 4195 1984 4267; baseline 0.002 -19"><span class='ocrx_word' id='word_1_327' title='bbox 287 4197 460 4267; x_wconf 88' lang='lat' dir='ltr'>primi</span> <span class='ocrx_word' id='word_1_328' title='bbox 517 4197 737 4250; x_wconf 88' lang='lat' dir='ltr'>Ottonis</span> <span class='ocrx_word' id='word_1_329' title='bbox 827 4195 1212 4266; x_wconf 78' lang='lat' dir='ltr'>Imperatoris.</span> <span class='ocrx_word' id='word_1_330' title='bbox 1264 4216 1291 4245; x_wconf 71' lang='grc' dir='ltr'>ιι</span> <span class='ocrx_word' id='word_1_331' title='bbox 1367 4196 1524 4248; x_wconf 75' lang='grc' dir='ltr'>Ιῖηάθ</span> <span class='ocrx_word' id='word_1_332' title='bbox 1599 4196 1984 4251; x_wconf 85' lang='lat' dir='ltr'>restituendus</span> 
     </span>
    </p>
   </div>
   <div class='ocr_carea' id='block_1_45' title="bbox 2123 582 3810 650">
    <p class='ocr_par' dir='ltr' id='par_1_45' title="bbox 2123 582 3810 650">
     <span class='ocr_line' id='line_1_45' title="bbox 2123 582 3810 650; baseline -0.001 -14"><span class='ocrx_word' id='word_1_333' title='bbox 2123 599 2252 636; x_wconf 89' lang='lat' dir='ltr'>rum</span> <span class='ocrx_word' id='word_1_334' title='bbox 2293 585 2551 636; x_wconf 90' lang='lat' dir='ltr'>omnium</span> <span class='ocrx_word' id='word_1_335' title='bbox 2577 583 2884 636; x_wconf 86' lang='lat' dir='ltr'>auctoritas</span> <span class='ocrx_word' id='word_1_336' title='bbox 2933 583 3005 636; x_wconf 90' lang='lat' dir='ltr'>ad</span> <span class='ocrx_word' id='word_1_337' title='bbox 3029 583 3431 650; x_wconf 79' lang='lat' dir='ltr'>Adelboldum,</span> <span class='ocrx_word' id='word_1_338' title='bbox 3485 582 3810 647; x_wconf 83' lang='lat' dir='ltr'>Dilmarum,</span> 
     </span>
    </p>
   </div>
   <div class='ocr_carea' id='block_1_46' title="bbox 2123 671 3808 742">
    <p class='ocr_par' dir='ltr' id='par_1_46' title="bbox 2123 671 3808 742">
     <span class='ocr_line' id='line_1_46' title="bbox 2123 671 3808 742; baseline -0.001 -17"><span class='ocrx_word' id='word_1_339' title='bbox 2123 671 2484 741; x_wconf 89' lang='lat' dir='ltr'>Sigebertum</span> <span class='ocrx_word' id='word_1_340' title='bbox 2509 677 2566 724; x_wconf 91' lang='lat' dir='ltr'>et</span> <span class='ocrx_word' id='word_1_341' title='bbox 2609 671 3117 742; x_wconf 86' lang='lat' dir='ltr'>Chronographum</span> <span class='ocrx_word' id='word_1_342' title='bbox 3165 671 3448 726; x_wconf 88' lang='lat' dir='ltr'>Saxonem</span> <span class='ocrx_word' id='word_1_343' title='bbox 3481 687 3808 740; x_wconf 86' lang='lat' dir='ltr'>comparan-</span> 
     </span>
    </p>
   </div>
   <div class='ocr_carea' id='block_1_47' title="bbox 2123 759 3812 830">
    <p class='ocr_par' dir='ltr' id='par_1_47' title="bbox 2123 759 3812 830">
     <span class='ocr_line' id='line_1_47' title="bbox 2123 759 3812 830; baseline -0.001 -16"><span class='ocrx_word' id='word_1_344' title='bbox 2123 759 2194 814; x_wconf 88' lang='lat' dir='ltr'>da</span> <span class='ocrx_word' id='word_1_345' title='bbox 2223 776 2338 814; x_wconf 91' lang='lat' dir='ltr'>non</span> <span class='ocrx_word' id='word_1_346' title='bbox 2397 765 2498 824; x_wconf 90' lang='lat' dir='ltr'>est,</span> <span class='ocrx_word' id='word_1_347' title='bbox 2533 760 2733 812; x_wconf 89' lang='lat' dir='ltr'>saltem</span> <span class='ocrx_word' id='word_1_348' title='bbox 2773 759 2922 828; x_wconf 91' lang='lat' dir='ltr'>apud</span> <span class='ocrx_word' id='word_1_349' title='bbox 2958 777 3053 811; x_wconf 90' lang='lat' dir='ltr'>eos</span> <span class='ocrx_word' id='word_1_350' title='bbox 3103 759 3204 830; x_wconf 90' lang='lat' dir='ltr'>qui</span> <span class='ocrx_word' id='word_1_351' title='bbox 3243 760 3496 813; x_wconf 81' lang='lat' dir='ltr'>veritatis</span> <span class='ocrx_word' id='word_1_352' title='bbox 3535 760 3812 812; x_wconf 57' lang='lat' dir='ltr'>historica!</span> 
     </span>
    </p>
   </div>
   <div class='ocr_carea' id='block_1_48' title="bbox 2125 847 3810 916">
    <p class='ocr_par' dir='ltr' id='par_1_48' title="bbox 2125 847 3810 916">
     <span class='ocr_line' id='line_1_48' title="bbox 2125 847 3810 916; baseline -0.002 -16"><span class='ocrx_word' id='word_1_353' title='bbox 2125 853 2417 901; x_wconf 89' lang='lat' dir='ltr'>momenta</span> <span class='ocrx_word' id='word_1_354' title='bbox 2460 848 2638 916; x_wconf 90' lang='lat' dir='ltr'>probe</span> <span class='ocrx_word' id='word_1_355' title='bbox 2683 849 2873 900; x_wconf 88' lang='lat' dir='ltr'>norint</span> <span class='ocrx_word' id='word_1_356' title='bbox 2916 847 3270 916; x_wconf 83' lang='lat' dir='ltr'>expendere:</span> <span class='ocrx_word' id='word_1_357' title='bbox 3313 861 3446 900; x_wconf 89' lang='lat' dir='ltr'>nam</span> <span class='ocrx_word' id='word_1_358' title='bbox 3499 847 3569 900; x_wconf 89' lang='lat' dir='ltr'>de</span> <span class='ocrx_word' id='word_1_359' title='bbox 3601 847 3810 900; x_wconf 88' lang='lat' dir='ltr'>chilo-</span> 
     </span>
    </p>
   </div>
   <div class='ocr_carea' id='block_1_49' title="bbox 2125 935 3810 1005">
    <p class='ocr_par' dir='ltr' id='par_1_49' title="bbox 2125 935 3810 1005">
     <span class='ocr_line' id='line_1_49' title="bbox 2125 935 3810 1005; baseline -0.001 -17"><span class='ocrx_word' id='word_1_360' title='bbox 2125 937 2212 988; x_wconf 90' lang='lat' dir='ltr'>nis</span> <span class='ocrx_word' id='word_1_361' title='bbox 2241 941 2617 1005; x_wconf 89' lang='lat' dir='ltr'>cognomento</span> <span class='ocrx_word' id='word_1_362' title='bbox 2665 935 2904 988; x_wconf 83' lang='lat' dir='ltr'>Henrico</span> <span class='ocrx_word' id='word_1_363' title='bbox 2954 936 3165 988; x_wconf 87' lang='lat' dir='ltr'>Bavaro</span> <span class='ocrx_word' id='word_1_364' title='bbox 3215 935 3269 988; x_wconf 90' lang='lat' dir='ltr'>S.</span> <span class='ocrx_word' id='word_1_365' title='bbox 3313 935 3538 988; x_wconf 89' lang='lat' dir='ltr'>Henrici</span> <span class='ocrx_word' id='word_1_366' title='bbox 3595 935 3810 1004; x_wconf 84' lang='lat' dir='ltr'>parenti</span> 
     </span>
    </p>
   </div>
   <div class='ocr_carea' id='block_1_50' title="bbox 2122 1023 3809 1094">
    <p class='ocr_par' dir='ltr' id='par_1_50' title="bbox 2122 1023 3809 1094">
     <span class='ocr_line' id='line_1_50' title="bbox 2122 1023 3809 1094; baseline -0.001 -18"><span class='ocrx_word' id='word_1_367' title='bbox 2122 1023 2342 1092; x_wconf 89' lang='lat' dir='ltr'>adjecto</span> <span class='ocrx_word' id='word_1_368' title='bbox 2375 1026 2567 1094; x_wconf 86' lang='lat' dir='ltr'>(quem</span> <span class='ocrx_word' id='word_1_369' title='bbox 2599 1023 2787 1076; x_wconf 85' lang='lat' dir='ltr'>verius</span> <span class='ocrx_word' id='word_1_370' title='bbox 2831 1023 3118 1090; x_wconf 83' lang='lat' dir='ltr'>Rixosum,</span> <span class='ocrx_word' id='word_1_371' title='bbox 3163 1024 3254 1076; x_wconf 88' lang='lat' dir='ltr'>sed</span> <span class='ocrx_word' id='word_1_372' title='bbox 3309 1029 3364 1074; x_wconf 87' lang='lat' dir='ltr'>et</span> <span class='ocrx_word' id='word_1_373' title='bbox 3393 1024 3554 1092; x_wconf 90' lang='lat' dir='ltr'>pium</span> <span class='ocrx_word' id='word_1_374' title='bbox 3589 1023 3809 1088; x_wconf 84' lang='lat' dir='ltr'>dixeris,</span> 
     </span>
    </p>
   </div>
   <div class='ocr_carea' id='block_1_51' title="bbox 2121 1111 3810 1182">
    <p class='ocr_par' dir='ltr' id='par_1_51' title="bbox 2121 1111 3810 1182">
     <span class='ocr_line' id='line_1_51' title="bbox 2121 1111 3810 1182; baseline 0 -19"><span class='ocrx_word' id='word_1_375' title='bbox 2121 1111 2400 1182; x_wconf 89' lang='lat' dir='ltr'>quidquid</span> <span class='ocrx_word' id='word_1_376' title='bbox 2434 1111 2702 1166; x_wconf 85' lang='lat' dir='ltr'>adversus</span> <span class='ocrx_word' id='word_1_377' title='bbox 2723 1112 2984 1164; x_wconf 86' lang='lat' dir='ltr'>Ottoncm</span> <span class='ocrx_word' id='word_1_378' title='bbox 3027 1112 3074 1164; x_wconf 90' lang='lat' dir='ltr'>II</span> <span class='ocrx_word' id='word_1_379' title='bbox 3123 1112 3358 1164; x_wconf 86' lang='lat' dir='ltr'>molitus</span> <span class='ocrx_word' id='word_1_380' title='bbox 3405 1112 3497 1177; x_wconf 90' lang='lat' dir='ltr'>sit,</span> <span class='ocrx_word' id='word_1_381' title='bbox 3549 1117 3612 1164; x_wconf 85' lang='lat' dir='ltr'>ut</span> <span class='ocrx_word' id='word_1_382' title='bbox 3641 1111 3810 1164; x_wconf 85' lang='lat' dir='ltr'>habes</span> 
     </span>
    </p>
   </div>
   <div class='ocr_carea' id='block_1_52' title="bbox 2119 1199 3814 1269">
    <p class='ocr_par' dir='ltr' id='par_1_52' title="bbox 2119 1199 3814 1269">
     <span class='ocr_line' id='line_1_52' title="bbox 2119 1199 3814 1269; baseline 0 -17"><span class='ocrx_word' id='word_1_383' title='bbox 2119 1199 2178 1252; x_wconf 89' lang='lat' dir='ltr'>in</span> <span class='ocrx_word' id='word_1_384' title='bbox 2209 1201 2327 1253; x_wconf 88' lang='lat' dir='ltr'>Vita</span> <span class='ocrx_word' id='word_1_385' title='bbox 2357 1199 2410 1253; x_wconf 88' lang='lat' dir='ltr'>S.</span> <span class='ocrx_word' id='word_1_386' title='bbox 2455 1199 2794 1264; x_wconf 86' lang='lat' dir='ltr'>Codebardi,</span> <span class='ocrx_word' id='word_1_387' title='bbox 2821 1216 2874 1252; x_wconf 82' lang='lat' dir='ltr'>iv</span> <span class='ocrx_word' id='word_1_388' title='bbox 2905 1199 3040 1252; x_wconf 91' lang='lat' dir='ltr'>maii</span> <span class='ocrx_word' id='word_1_389' title='bbox 3071 1216 3232 1254; x_wconf 91' lang='lat' dir='ltr'>num.</span> <span class='ocrx_word' id='word_1_390' title='bbox 3283 1205 3336 1262; x_wconf 86' lang='grc'>’7,</span> <span class='ocrx_word' id='word_1_391' title='bbox 3382 1215 3514 1269; x_wconf 87' lang='lat' dir='ltr'>pag.</span> <span class='ocrx_word' id='word_1_392' title='bbox 3562 1199 3712 1267; x_wconf 59' lang='lat'>504):</span> <span class='ocrx_word' id='word_1_393' title='bbox 3746 1200 3814 1252; x_wconf 86' lang='lat' dir='ltr'>de</span> 
     </span>
    </p>
   </div>
   <div class='ocr_carea' id='block_1_53' title="bbox 2121 1288 3812 1358">
    <p class='ocr_par' dir='ltr' id='par_1_53' title="bbox 2121 1288 3812 1358">
     <span class='ocr_line' id='line_1_53' title="bbox 2121 1288 3812 1358; baseline -0.001 -16"><span class='ocrx_word' id='word_1_394' title='bbox 2121 1289 2425 1353; x_wconf 86' lang='lat' dir='ltr'>Hezilonis,</span> <span class='ocrx_word' id='word_1_395' title='bbox 2459 1288 2719 1358; x_wconf 86' lang='lat' dir='ltr'>inquam,</span> <span class='ocrx_word' id='word_1_396' title='bbox 2754 1288 3156 1358; x_wconf 85' lang='lat' dir='ltr'>appellatione,</span> <span class='ocrx_word' id='word_1_397' title='bbox 3197 1289 3349 1342; x_wconf 87' lang='lat' dir='ltr'>unde</span> <span class='ocrx_word' id='word_1_398' title='bbox 3375 1288 3629 1341; x_wconf 83' lang='lat' dir='ltr'>Raderus</span> <span class='ocrx_word' id='word_1_399' title='bbox 3663 1289 3812 1340; x_wconf 83' lang='lat' dir='ltr'>varia</span> 
     </span>
    </p>
   </div>
   <div class='ocr_carea' id='block_1_54' title="bbox 2119 1376 3814 1446">
    <p class='ocr_par' dir='ltr' id='par_1_54' title="bbox 2119 1376 3814 1446">
     <span class='ocr_line' id='line_1_54' title="bbox 2119 1376 3814 1446; baseline -0.002 -16"><span class='ocrx_word' id='word_1_400' title='bbox 2119 1378 2388 1446; x_wconf 88' lang='lat' dir='ltr'>colligere</span> <span class='ocrx_word' id='word_1_401' title='bbox 2419 1377 2640 1442; x_wconf 89' lang='lat' dir='ltr'>nititur,</span> <span class='ocrx_word' id='word_1_402' title='bbox 2671 1377 2829 1430; x_wconf 88' lang='lat' dir='ltr'>nulla</span> <span class='ocrx_word' id='word_1_403' title='bbox 2859 1377 3000 1430; x_wconf 88' lang='lat' dir='ltr'>mihi</span> <span class='ocrx_word' id='word_1_404' title='bbox 3045 1377 3336 1432; x_wconf 80' lang='lat' dir='ltr'>altercatio</span> <span class='ocrx_word' id='word_1_405' title='bbox 3372 1393 3384 1442; x_wconf 90' lang='lat'><strong>;</strong></span> <span class='ocrx_word' id='word_1_406' title='bbox 3421 1376 3572 1446; x_wconf 87' lang='lat' dir='ltr'>apud</span> <span class='ocrx_word' id='word_1_407' title='bbox 3603 1380 3814 1429; x_wconf 77' lang='lat' dir='ltr'>veteres</span> 
     </span>
    </p>
   </div>
   <div class='ocr_carea' id='block_1_55' title="bbox 2118 1463 3815 1534">
    <p class='ocr_par' dir='ltr' id='par_1_55' title="bbox 2118 1463 3815 1534">
     <span class='ocr_line' id='line_1_55' title="bbox 2118 1463 3815 1534; baseline -0.002 -16"><span class='ocrx_word' id='word_1_408' title='bbox 2118 1465 2276 1518; x_wconf 83' lang='lat' dir='ltr'>deest</span> <span class='ocrx_word' id='word_1_409' title='bbox 2319 1465 2558 1518; x_wconf 93' lang='lat' dir='ltr'>omnino</span> <span class='ocrx_word' id='word_1_410' title='bbox 2611 1463 2833 1517; x_wconf 77' lang='lat' dir='ltr'>efﬁctus</span> <span class='ocrx_word' id='word_1_411' title='bbox 2889 1465 3200 1532; x_wconf 88' lang='lat' dir='ltr'>character,</span> <span class='ocrx_word' id='word_1_412' title='bbox 3245 1469 3414 1534; x_wconf 90' lang='lat' dir='ltr'>atque</span> <span class='ocrx_word' id='word_1_413' title='bbox 3454 1481 3520 1517; x_wconf 86' lang='lat' dir='ltr'>ex</span> <span class='ocrx_word' id='word_1_414' title='bbox 3562 1464 3815 1516; x_wconf 88' lang='lat' dir='ltr'>adductis</span> 
     </span>
    </p>
   </div>
   <div class='ocr_carea' id='block_1_56' title="bbox 2119 1551 3810 1621">
    <p class='ocr_par' dir='ltr' id='par_1_56' title="bbox 2119 1551 3810 1621">
     <span class='ocr_line' id='line_1_56' title="bbox 2119 1551 3810 1621; baseline 0.001 -17"><span class='ocrx_word' id='word_1_415' title='bbox 2119 1553 2488 1621; x_wconf 87' lang='lat' dir='ltr'>scriptoribus</span> <span class='ocrx_word' id='word_1_416' title='bbox 2552 1551 2939 1606; x_wconf 89' lang='lat' dir='ltr'>indubitatum</span> <span class='ocrx_word' id='word_1_417' title='bbox 3025 1552 3261 1606; x_wconf 88' lang='lat' dir='ltr'>omnino</span> <span class='ocrx_word' id='word_1_418' title='bbox 3335 1559 3442 1620; x_wconf 88' lang='lat' dir='ltr'>est,</span> <span class='ocrx_word' id='word_1_419' title='bbox 3509 1552 3810 1606; x_wconf 86' lang='lat' dir='ltr'>dicendum</span> 
     </span>
    </p>
   </div>
   <div class='ocr_carea' id='block_1_57' title="bbox 2121 1639 3810 1711">
    <p class='ocr_par' dir='ltr' id='par_1_57' title="bbox 2121 1639 3810 1711">
     <span class='ocr_line' id='line_1_57' title="bbox 2121 1639 3810 1711; baseline 0.001 -19"><span class='ocrx_word' id='word_1_420' title='bbox 2121 1640 2307 1710; x_wconf 89' lang='lat' dir='ltr'>ipsum</span> <span class='ocrx_word' id='word_1_421' title='bbox 2351 1639 2572 1694; x_wconf 90' lang='lat' dir='ltr'>Ottonis</span> <span class='ocrx_word' id='word_1_422' title='bbox 2621 1641 2813 1708; x_wconf 81' lang='lat' dir='ltr'>magni</span> <span class='ocrx_word' id='word_1_423' title='bbox 2877 1657 2940 1694; x_wconf 84' lang='lat' dir='ltr'>ex</span> <span class='ocrx_word' id='word_1_424' title='bbox 2992 1641 3164 1695; x_wconf 82' lang='lat' dir='ltr'>fratre</span> <span class='ocrx_word' id='word_1_425' title='bbox 3210 1646 3500 1711; x_wconf 78' lang='lat' dir='ltr'>nepotem,</span> <span class='ocrx_word' id='word_1_426' title='bbox 3558 1641 3810 1710; x_wconf 88' lang='lat' dir='ltr'>adeoque</span> 
     </span>
    </p>
   </div>
   <div class='ocr_carea' id='block_1_58' title="bbox 2117 1728 3812 1798">
    <p class='ocr_par' dir='ltr' id='par_1_58' title="bbox 2117 1728 3812 1798">
     <span class='ocr_line' id='line_1_58' title="bbox 2117 1728 3812 1798; baseline 0 -16"><span class='ocrx_word' id='word_1_427' title='bbox 2117 1728 2169 1782; x_wconf 90' lang='lat' dir='ltr'>S.</span> <span class='ocrx_word' id='word_1_428' title='bbox 2207 1728 2509 1782; x_wconf 85' lang='lat' dir='ltr'>Henricum</span> <span class='ocrx_word' id='word_1_429' title='bbox 2541 1729 2796 1797; x_wconf 76' lang='lat' dir='ltr'>ejusdem</span> <span class='ocrx_word' id='word_1_430' title='bbox 2829 1729 3052 1782; x_wconf 88' lang='lat' dir='ltr'>Ottonis</span> <span class='ocrx_word' id='word_1_431' title='bbox 3091 1729 3147 1782; x_wconf 92' lang='lat' dir='ltr'>in</span> <span class='ocrx_word' id='word_1_432' title='bbox 3171 1730 3372 1782; x_wconf 89' lang='lat' dir='ltr'>eadem</span> <span class='ocrx_word' id='word_1_433' title='bbox 3405 1729 3556 1782; x_wconf 88' lang='lat' dir='ltr'>linea</span> <span class='ocrx_word' id='word_1_434' title='bbox 3609 1745 3812 1798; x_wconf 90' lang='lat' dir='ltr'>prone-</span> 
     </span>
    </p>
   </div>
   <div class='ocr_carea' id='block_1_59' title="bbox 2117 1815 3810 1886">
    <p class='ocr_par' dir='ltr' id='par_1_59' title="bbox 2117 1815 3810 1886">
     <span class='ocr_line' id='line_1_59' title="bbox 2117 1815 3810 1886; baseline -0.001 -18"><span class='ocrx_word' id='word_1_435' title='bbox 2117 1823 2350 1886; x_wconf 89' lang='lat' dir='ltr'>potem;</span> <span class='ocrx_word' id='word_1_436' title='bbox 2383 1832 2496 1886; x_wconf 89' lang='lat' dir='ltr'>quo</span> <span class='ocrx_word' id='word_1_437' title='bbox 2545 1821 2760 1886; x_wconf 83' lang='lat' dir='ltr'>spectat</span> <span class='ocrx_word' id='word_1_438' title='bbox 2807 1815 3027 1868; x_wconf 80' lang='lat' dir='ltr'>Ottonis</span> <span class='ocrx_word' id='word_1_439' title='bbox 3067 1817 3111 1869; x_wconf 91' lang='lat' dir='ltr'>Il</span> <span class='ocrx_word' id='word_1_440' title='bbox 3154 1816 3429 1884; x_wconf 90' lang='lat' dir='ltr'>diploma,</span> <span class='ocrx_word' id='word_1_441' title='bbox 3469 1817 3618 1884; x_wconf 86' lang='lat' dir='ltr'>apud</span> <span class='ocrx_word' id='word_1_442' title='bbox 3655 1817 3810 1870; x_wconf 87' lang='lat' dir='ltr'>Gret-</span> 
     </span>
    </p>
   </div>
   <div class='ocr_carea' id='block_1_60' title="bbox 2117 1903 3809 1976">
    <p class='ocr_par' dir='ltr' id='par_1_60' title="bbox 2117 1903 3809 1976">
     <span class='ocr_line' id='line_1_60' title="bbox 2117 1903 3809 1976; baseline -0.001 -18"><span class='ocrx_word' id='word_1_443' title='bbox 2117 1921 2308 1959; x_wconf 91' lang='lat' dir='ltr'>serum</span> <span class='ocrx_word' id='word_1_444' title='bbox 2335 1921 2464 1976; x_wconf 87' lang='lat' dir='ltr'>pag.</span> <span class='ocrx_word' id='word_1_445' title='bbox 2502 1909 2587 1968; x_wconf 86' lang='lat' dir='ltr'>l3,</span> <span class='ocrx_word' id='word_1_446' title='bbox 2617 1904 2676 1956; x_wconf 93' lang='lat' dir='ltr'>in</span> <span class='ocrx_word' id='word_1_447' title='bbox 2699 1921 2810 1974; x_wconf 88' lang='lat' dir='ltr'>quo</span> <span class='ocrx_word' id='word_1_448' title='bbox 2839 1905 3141 1957; x_wconf 88' lang='lat' dir='ltr'>Henricum</span> <span class='ocrx_word' id='word_1_449' title='bbox 3197 1906 3538 1957; x_wconf 88' lang='lat' dir='ltr'>Bavarorum</span> <span class='ocrx_word' id='word_1_450' title='bbox 3583 1903 3809 1972; x_wconf 86' lang='lat' dir='ltr'>ducem,</span> 
     </span>
    </p>
   </div>
   <div class='ocr_carea' id='block_1_61' title="bbox 2113 1992 3808 2063">
    <p class='ocr_par' dir='ltr' id='par_1_61' title="bbox 2113 1992 3808 2063">
     <span class='ocr_line' id='line_1_61' title="bbox 2113 1992 3808 2063; baseline -0.002 -17"><span class='ocrx_word' id='word_1_451' title='bbox 2113 1992 2304 2062; x_wconf 86' lang='lat' dir='ltr'>hujus,</span> <span class='ocrx_word' id='word_1_452' title='bbox 2336 2009 2451 2063; x_wconf 88' lang='lat' dir='ltr'>quo</span> <span class='ocrx_word' id='word_1_453' title='bbox 2487 1993 2556 2045; x_wconf 93' lang='lat' dir='ltr'>de</span> <span class='ocrx_word' id='word_1_454' title='bbox 2601 1992 2846 2060; x_wconf 87' lang='lat' dir='ltr'>agimus,</span> <span class='ocrx_word' id='word_1_455' title='bbox 2898 1998 3144 2061; x_wconf 86' lang='lat' dir='ltr'>patrem,</span> <span class='ocrx_word' id='word_1_456' title='bbox 3193 2007 3380 2045; x_wconf 85' lang='lat' dir='ltr'>carum</span> <span class='ocrx_word' id='word_1_457' title='bbox 3437 1995 3676 2058; x_wconf 81' lang='lat' dir='ltr'>nepotem</span> <span class='ocrx_word' id='word_1_458' title='bbox 3709 2007 3808 2059; x_wconf 89' lang='lat' dir='ltr'>ap-</span> 
     </span>
    </p>
   </div>
   <div class='ocr_carea' id='block_1_62' title="bbox 2113 2079 3806 2152">
    <p class='ocr_par' dir='ltr' id='par_1_62' title="bbox 2113 2079 3806 2152">
     <span class='ocr_line' id='line_1_62' title="bbox 2113 2079 3806 2152; baseline -0.001 -18"><span class='ocrx_word' id='word_1_459' title='bbox 2113 2083 2308 2152; x_wconf 90' lang='lat' dir='ltr'>pellat,</span> <span class='ocrx_word' id='word_1_460' title='bbox 2333 2081 2589 2150; x_wconf 90' lang='lat' dir='ltr'>intellige</span> <span class='ocrx_word' id='word_1_461' title='bbox 2646 2081 2987 2150; x_wconf 80' lang='lat' dir='ltr'>patruelem,</span> <span class='ocrx_word' id='word_1_462' title='bbox 3023 2084 3086 2134; x_wconf 89' lang='lat' dir='ltr'>ut</span> <span class='ocrx_word' id='word_1_463' title='bbox 3117 2081 3258 2134; x_wconf 87' lang='lat' dir='ltr'>bene</span> <span class='ocrx_word' id='word_1_464' title='bbox 3309 2081 3553 2150; x_wconf 83' lang='lat' dir='ltr'>explicat</span> <span class='ocrx_word' id='word_1_465' title='bbox 3583 2079 3806 2132; x_wconf 86' lang='lat' dir='ltr'>Gretse-</span> 
     </span>
    </p>
   </div>
   <div class='ocr_carea' id='block_1_63' title="bbox 2109 2167 3812 2240">
    <p class='ocr_par' dir='ltr' id='par_1_63' title="bbox 2109 2167 3812 2240">
     <span class='ocr_line' id='line_1_63' title="bbox 2109 2167 3812 2240; baseline -0.004 -16"><span class='ocrx_word' id='word_1_466' title='bbox 2109 2186 2208 2224; x_wconf 85' lang='lat' dir='ltr'>rus</span> <span class='ocrx_word' id='word_1_467' title='bbox 2229 2186 2360 2240; x_wconf 88' lang='lat' dir='ltr'>pag.</span> <span class='ocrx_word' id='word_1_468' title='bbox 2394 2171 2482 2234; x_wconf 72' lang='grc'>84,</span> <span class='ocrx_word' id='word_1_469' title='bbox 2511 2168 2610 2222; x_wconf 91' lang='lat' dir='ltr'>ubi</span> <span class='ocrx_word' id='word_1_470' title='bbox 2644 2170 3039 2238; x_wconf 85' lang='lat' dir='ltr'>genealogiam</span> <span class='ocrx_word' id='word_1_471' title='bbox 3093 2169 3238 2222; x_wconf 88' lang='lat' dir='ltr'>hanc</span> <span class='ocrx_word' id='word_1_472' title='bbox 3281 2175 3534 2221; x_wconf 89' lang='lat' dir='ltr'>nostram</span> <span class='ocrx_word' id='word_1_473' title='bbox 3585 2167 3812 2236; x_wconf 86' lang='lat' dir='ltr'>egregie</span> 
     </span>
    </p>
   </div>
   <div class='ocr_carea' id='block_1_64' title="bbox 2109 2255 3812 2326">
    <p class='ocr_par' dir='ltr' id='par_1_64' title="bbox 2109 2255 3812 2326">
     <span class='ocr_line' id='line_1_64' title="bbox 2109 2255 3812 2326; baseline -0.004 -13"><span class='ocrx_word' id='word_1_474' title='bbox 2109 2259 2432 2313; x_wconf 80' lang='lat' dir='ltr'>conﬁrmat.</span> <span class='ocrx_word' id='word_1_475' title='bbox 2498 2259 2575 2311; x_wconf 86' lang='lat' dir='ltr'>Ne</span> <span class='ocrx_word' id='word_1_476' title='bbox 2631 2257 2844 2310; x_wconf 87' lang='lat' dir='ltr'>diutius</span> <span class='ocrx_word' id='word_1_477' title='bbox 2894 2259 2962 2310; x_wconf 90' lang='lat' dir='ltr'>de</span> <span class='ocrx_word' id='word_1_478' title='bbox 3017 2273 3074 2310; x_wconf 88' lang='lat' dir='ltr'>re</span> <span class='ocrx_word' id='word_1_479' title='bbox 3146 2258 3438 2326; x_wconf 79' lang='lat' dir='ltr'>explorata</span> <span class='ocrx_word' id='word_1_480' title='bbox 3510 2255 3812 2320; x_wconf 87' lang='lat' dir='ltr'>disseram,</span> 
     </span>
    </p>
   </div>
   <div class='ocr_carea' id='block_1_65' title="bbox 2107 2343 3811 2413">
    <p class='ocr_par' dir='ltr' id='par_1_65' title="bbox 2107 2343 3811 2413">
     <span class='ocr_line' id='line_1_65' title="bbox 2107 2343 3811 2413; baseline -0.003 -12"><span class='ocrx_word' id='word_1_481' title='bbox 2107 2347 2340 2401; x_wconf 90' lang='lat' dir='ltr'>consule</span> <span class='ocrx_word' id='word_1_482' title='bbox 2369 2346 2545 2398; x_wconf 87' lang='lat' dir='ltr'>Vitam</span> <span class='ocrx_word' id='word_1_483' title='bbox 2603 2347 2661 2399; x_wconf 90' lang='grc' dir='ltr'>Β.</span> <span class='ocrx_word' id='word_1_484' title='bbox 2721 2345 3006 2399; x_wconf 81' lang='lat' dir='ltr'>Mathildis</span> <span class='ocrx_word' id='word_1_485' title='bbox 3052 2361 3142 2398; x_wconf 80' lang='lat' dir='ltr'>xiv</span> <span class='ocrx_word' id='word_1_486' title='bbox 3185 2343 3372 2398; x_wconf 83' lang='lat' dir='ltr'>Martii</span> <span class='ocrx_word' id='word_1_487' title='bbox 3416 2359 3538 2413; x_wconf 92' lang='lat' dir='ltr'>cap.</span> <span class='ocrx_word' id='word_1_488' title='bbox 3589 2347 3641 2406; x_wconf 84' lang='grc'>5,</span> <span class='ocrx_word' id='word_1_489' title='bbox 3677 2357 3811 2412; x_wconf 90' lang='lat' dir='ltr'>pag.</span> 
     </span>
    </p>
   </div>
   <div class='ocr_carea' id='block_1_66' title="bbox 2110 2432 3810 2505">
    <p class='ocr_par' dir='ltr' id='par_1_66' title="bbox 2110 2432 3810 2505">
     <span class='ocr_line' id='line_1_66' title="bbox 2110 2432 3810 2505; baseline -0.004 -15"><span class='ocrx_word' id='word_1_490' title='bbox 2110 2439 2231 2502; x_wconf 87' lang='lat'>366,</span> <span class='ocrx_word' id='word_1_491' title='bbox 2277 2435 2332 2489; x_wconf 90' lang='lat' dir='ltr'>S.</span> <span class='ocrx_word' id='word_1_492' title='bbox 2370 2434 2597 2488; x_wconf 89' lang='lat' dir='ltr'>Henrici</span> <span class='ocrx_word' id='word_1_493' title='bbox 2643 2435 2804 2504; x_wconf 89' lang='lat' dir='ltr'>jussu</span> <span class='ocrx_word' id='word_1_494' title='bbox 2856 2435 3122 2505; x_wconf 87' lang='lat' dir='ltr'>scriptam</span> <span class='ocrx_word' id='word_1_495' title='bbox 3171 2433 3399 2503; x_wconf 89' lang='lat' dir='ltr'>ipsique</span> <span class='ocrx_word' id='word_1_496' title='bbox 3451 2432 3715 2496; x_wconf 86' lang='lat' dir='ltr'>dicatam,</span> <span class='ocrx_word' id='word_1_497' title='bbox 3751 2436 3810 2484; x_wconf 91' lang='lat' dir='ltr'>et</span> 
     </span>
    </p>
   </div>
   <div class='ocr_carea' id='block_1_67' title="bbox 2108 2521 3811 2592">
    <p class='ocr_par' dir='ltr' id='par_1_67' title="bbox 2108 2521 3811 2592">
     <span class='ocr_line' id='line_1_67' title="bbox 2108 2521 3811 2592; baseline -0.003 -15"><span class='ocrx_word' id='word_1_498' title='bbox 2108 2524 2417 2578; x_wconf 88' lang='lat' dir='ltr'>dilucidam</span> <span class='ocrx_word' id='word_1_499' title='bbox 2449 2522 2704 2576; x_wconf 84' lang='lat' dir='ltr'>invenies</span> <span class='ocrx_word' id='word_1_500' title='bbox 2733 2523 2920 2576; x_wconf 90' lang='lat' dir='ltr'>Sancti</span> <span class='ocrx_word' id='word_1_501' title='bbox 2951 2522 3129 2576; x_wconf 86' lang='lat' dir='ltr'>nostri</span> <span class='ocrx_word' id='word_1_502' title='bbox 3168 2521 3588 2592; x_wconf 82' lang='lat' dir='ltr'>genealogiam,</span> <span class='ocrx_word' id='word_1_503' title='bbox 3647 2536 3710 2572; x_wconf 90' lang='lat' dir='ltr'>ac</span> <span class='ocrx_word' id='word_1_504' title='bbox 3740 2521 3811 2573; x_wconf 91' lang='lat' dir='ltr'>de</span> 
     </span>
    </p>
   </div>
   <div class='ocr_carea' id='block_1_68' title="bbox 2107 2609 3811 2683">
    <p class='ocr_par' dir='ltr' id='par_1_68' title="bbox 2107 2609 3811 2683">
     <span class='ocr_line' id='line_1_68' title="bbox 2107 2609 3811 2683; baseline -0.002 -17"><span class='ocrx_word' id='word_1_505' title='bbox 2107 2613 2352 2683; x_wconf 88' lang='lat' dir='ltr'>imperio</span> <span class='ocrx_word' id='word_1_506' title='bbox 2406 2612 2526 2681; x_wconf 89' lang='lat' dir='ltr'>ejus</span> <span class='ocrx_word' id='word_1_507' title='bbox 2574 2610 2944 2678; x_wconf 87' lang='lat' dir='ltr'>vaticinium;</span> <span class='ocrx_word' id='word_1_508' title='bbox 2991 2627 3120 2681; x_wconf 63' lang='lat' dir='ltr'>quae</span> <span class='ocrx_word' id='word_1_509' title='bbox 3164 2609 3359 2663; x_wconf 87' lang='lat' dir='ltr'>omnia</span> <span class='ocrx_word' id='word_1_510' title='bbox 3399 2609 3660 2663; x_wconf 89' lang='lat' dir='ltr'>dubitare</span> <span class='ocrx_word' id='word_1_511' title='bbox 3691 2625 3811 2663; x_wconf 90' lang='lat' dir='ltr'>non</span> 
     </span>
    </p>
   </div>
   <div class='ocr_carea' id='block_1_69' title="bbox 2108 2699 3811 2771">
    <p class='ocr_par' dir='ltr' id='par_1_69' title="bbox 2108 2699 3811 2771">
     <span class='ocr_line' id='line_1_69' title="bbox 2108 2699 3811 2771; baseline -0.002 -17"><span class='ocrx_word' id='word_1_512' title='bbox 2108 2701 2300 2755; x_wconf 90' lang='lat' dir='ltr'>sinunt</span> <span class='ocrx_word' id='word_1_513' title='bbox 2333 2701 2470 2771; x_wconf 89' lang='lat' dir='ltr'>quin</span> <span class='ocrx_word' id='word_1_514' title='bbox 2499 2699 2554 2754; x_wconf 93' lang='lat' dir='ltr'>S.</span> <span class='ocrx_word' id='word_1_515' title='bbox 2591 2701 2864 2753; x_wconf 89' lang='lat' dir='ltr'>Henricus</span> <span class='ocrx_word' id='word_1_516' title='bbox 2893 2700 2962 2752; x_wconf 89' lang='lat' dir='ltr'>ab</span> <span class='ocrx_word' id='word_1_517' title='bbox 3009 2699 3250 2753; x_wconf 80' lang='lat' dir='ltr'>Henrico</span> <span class='ocrx_word' id='word_1_518' title='bbox 3273 2701 3506 2768; x_wconf 86' lang='lat' dir='ltr'>Aucupe</span> <span class='ocrx_word' id='word_1_519' title='bbox 3533 2713 3637 2768; x_wconf 89' lang='lat' dir='ltr'>per</span> <span class='ocrx_word' id='word_1_520' title='bbox 3676 2713 3811 2768; x_wconf 85' lang='lat' dir='ltr'>syn-</span> 
     </span>
    </p>
   </div>
   <div class='ocr_carea' id='block_1_70' title="bbox 2108 2787 3470 2860">
    <p class='ocr_par' dir='ltr' id='par_1_70' title="bbox 2108 2787 3470 2860">
     <span class='ocr_line' id='line_1_70' title="bbox 2108 2787 3470 2860; baseline -0.003 -16"><span class='ocrx_word' id='word_1_521' title='bbox 2108 2807 2348 2860; x_wconf 78' lang='lat' dir='ltr'>onymos</span> <span class='ocrx_word' id='word_1_522' title='bbox 2371 2795 2590 2860; x_wconf 90' lang='lat' dir='ltr'>patrem</span> <span class='ocrx_word' id='word_1_523' title='bbox 2626 2793 2681 2842; x_wconf 91' lang='lat' dir='ltr'>et</span> <span class='ocrx_word' id='word_1_524' title='bbox 2707 2804 2872 2842; x_wconf 92' lang='lat' dir='ltr'>avum</span> <span class='ocrx_word' id='word_1_525' title='bbox 2906 2787 3194 2857; x_wconf 88' lang='lat' dir='ltr'>originem</span> <span class='ocrx_word' id='word_1_526' title='bbox 3217 2787 3470 2840; x_wconf 81' lang='lat' dir='ltr'>traxerit.</span> 
     </span>
    </p>
   </div>
   <div class='ocr_carea' id='block_1_71' title="bbox 2177 2871 3814 2946">
    <p class='ocr_par' dir='ltr' id='par_1_71' title="bbox 2177 2871 3814 2946">
     <span class='ocr_line' id='line_1_71' title="bbox 2177 2871 3814 2946; baseline -0.005 -13"><span class='ocrx_word' id='word_1_527' title='bbox 2177 2882 2227 2932; x_wconf 90' lang='lat'>6.</span> <span class='ocrx_word' id='word_1_528' title='bbox 2257 2877 2518 2932; x_wconf 80' lang='lat' dir='ltr'>Pluribus</span> <span class='ocrx_word' id='word_1_529' title='bbox 2559 2876 2736 2946; x_wconf 89' lang='lat' dir='ltr'>igitur</span> <span class='ocrx_word' id='word_1_530' title='bbox 2782 2876 2872 2929; x_wconf 86' lang='lat' dir='ltr'>hic</span> <span class='ocrx_word' id='word_1_531' title='bbox 2920 2875 3284 2945; x_wconf 90' lang='lat' dir='ltr'>supersedeo,</span> <span class='ocrx_word' id='word_1_532' title='bbox 3336 2889 3523 2944; x_wconf 89' lang='lat' dir='ltr'>neque</span> <span class='ocrx_word' id='word_1_533' title='bbox 3569 2871 3814 2943; x_wconf 64' lang='lat' dir='ltr'>eajom-</span> 
     </span>
    </p>
   </div>
   <div class='ocr_carea' id='block_1_72' title="bbox 2104 2963 3813 3036">
    <p class='ocr_par' dir='ltr' id='par_1_72' title="bbox 2104 2963 3813 3036">
     <span class='ocr_line' id='line_1_72' title="bbox 2104 2963 3813 3036; baseline -0.003 -15"><span class='ocrx_word' id='word_1_534' title='bbox 2104 2969 2202 3022; x_wconf 88' lang='lat' dir='ltr'>nia</span> <span class='ocrx_word' id='word_1_535' title='bbox 2248 2965 2543 3036; x_wconf 88' lang='lat' dir='ltr'>operosius</span> <span class='ocrx_word' id='word_1_536' title='bbox 2583 2965 2860 3018; x_wconf 87' lang='lat' dir='ltr'>adducere</span> <span class='ocrx_word' id='word_1_537' title='bbox 2918 2969 3016 3016; x_wconf 89' lang='lat' dir='ltr'>aut</span> <span class='ocrx_word' id='word_1_538' title='bbox 3073 2963 3333 3016; x_wconf 80' lang='lat' dir='ltr'>refellere</span> <span class='ocrx_word' id='word_1_539' title='bbox 3387 2963 3562 3028; x_wconf 89' lang='lat' dir='ltr'>lubet,</span> <span class='ocrx_word' id='word_1_540' title='bbox 3615 2978 3748 3032; x_wconf 63' lang='lat' dir='ltr'>quae</span> <span class='ocrx_word' id='word_1_541' title='bbox 3779 2979 3813 3016; x_wconf 91' lang='lat' dir='ltr'>a</span> 
     </span>
    </p>
   </div>
   <div class='ocr_carea' id='block_1_73' title="bbox 2973 3049 3810 3118">
    <p class='ocr_par' dir='ltr' id='par_1_73' title="bbox 2973 3049 3810 3118">
     <span class='ocr_line' id='line_1_73' title="bbox 2973 3049 3810 3118; baseline 0.001 -16"><span class='ocrx_word' id='word_1_542' title='bbox 2973 3049 3251 3103; x_wconf 88' lang='lat' dir='ltr'>nationali</span> <span class='ocrx_word' id='word_1_543' title='bbox 3335 3049 3528 3118; x_wconf 89' lang='lat' dir='ltr'>potius</span> <span class='ocrx_word' id='word_1_544' title='bbox 3601 3050 3810 3118; x_wconf 89' lang='lat' dir='ltr'>spiritu</span> 
     </span>
    </p>
   </div>
   <div class='ocr_carea' id='block_1_74' title="bbox 2103 3137 3814 3210">
    <p class='ocr_par' dir='ltr' id='par_1_74' title="bbox 2103 3137 3814 3210">
     <span class='ocr_line' id='line_1_74' title="bbox 2103 3137 3814 3210; baseline -0.001 -19"><span class='ocrx_word' id='word_1_545' title='bbox 2103 3153 2276 3210; x_wconf 91' lang='lat' dir='ltr'>quam</span> <span class='ocrx_word' id='word_1_546' title='bbox 2307 3137 2493 3191; x_wconf 87' lang='lat' dir='ltr'>studio</span> <span class='ocrx_word' id='word_1_547' title='bbox 2535 3137 2806 3190; x_wconf 84' lang='lat' dir='ltr'>veritatis.</span> <span class='ocrx_word' id='word_1_548' title='bbox 2859 3137 3115 3192; x_wconf 83' lang='lat' dir='ltr'>Raderus</span> <span class='ocrx_word' id='word_1_549' title='bbox 3149 3138 3292 3208; x_wconf 91' lang='lat' dir='ltr'>ipse,</span> <span class='ocrx_word' id='word_1_550' title='bbox 3325 3143 3456 3208; x_wconf 89' lang='lat' dir='ltr'>post</span> <span class='ocrx_word' id='word_1_551' title='bbox 3483 3144 3598 3191; x_wconf 89' lang='lat' dir='ltr'>tam</span> <span class='ocrx_word' id='word_1_552' title='bbox 3626 3140 3814 3191; x_wconf 80' lang='lat' dir='ltr'>multa</span> 
     </span>
    </p>
   </div>
   <div class='ocr_carea' id='block_1_75' title="bbox 2101 3225 3816 3296">
    <p class='ocr_par' dir='ltr' id='par_1_75' title="bbox 2101 3225 3816 3296">
     <span class='ocr_line' id='line_1_75' title="bbox 2101 3225 3816 3296; baseline -0.001 -16"><span class='ocrx_word' id='word_1_553' title='bbox 2101 3227 2162 3281; x_wconf 89' lang='lat' dir='ltr'>in</span> <span class='ocrx_word' id='word_1_554' title='bbox 2197 3229 2538 3280; x_wconf 88' lang='lat' dir='ltr'>Bavarorum</span> <span class='ocrx_word' id='word_1_555' title='bbox 2600 3226 2844 3294; x_wconf 89' lang='lat' dir='ltr'>gratiam</span> <span class='ocrx_word' id='word_1_556' title='bbox 2905 3241 2972 3278; x_wconf 83' lang='lat' dir='ltr'>ex</span> <span class='ocrx_word' id='word_1_557' title='bbox 3033 3225 3356 3296; x_wconf 89' lang='lat' dir='ltr'>insignibus</span> <span class='ocrx_word' id='word_1_558' title='bbox 3419 3225 3721 3294; x_wconf 90' lang='lat' dir='ltr'>gentilitiis</span> <span class='ocrx_word' id='word_1_559' title='bbox 3757 3231 3816 3279; x_wconf 92' lang='lat' dir='ltr'>et</span> 
     </span>
    </p>
   </div>
   <div class='ocr_carea' id='block_1_76' title="bbox 2101 3312 3814 3384">
    <p class='ocr_par' dir='ltr' id='par_1_76' title="bbox 2101 3312 3814 3384">
     <span class='ocr_line' id='line_1_76' title="bbox 2101 3312 3814 3384; baseline -0.002 -14"><span class='ocrx_word' id='word_1_560' title='bbox 2101 3316 2333 3371; x_wconf 89' lang='lat' dir='ltr'>aliunde</span> <span class='ocrx_word' id='word_1_561' title='bbox 2364 3320 2618 3382; x_wconf 88' lang='lat' dir='ltr'>collecta,</span> <span class='ocrx_word' id='word_1_562' title='bbox 2657 3319 2812 3368; x_wconf 89' lang='lat' dir='ltr'>tomo</span> <span class='ocrx_word' id='word_1_563' title='bbox 2859 3315 3092 3368; x_wconf 91' lang='lat' dir='ltr'>demum</span> <span class='ocrx_word' id='word_1_564' title='bbox 3143 3319 3350 3384; x_wconf 89' lang='lat' dir='ltr'>quarto</span> <span class='ocrx_word' id='word_1_565' title='bbox 3401 3312 3654 3366; x_wconf 65' lang='lat' dir='ltr'>Bavariaa</span> <span class='ocrx_word' id='word_1_566' title='bbox 3689 3329 3814 3366; x_wconf 69' lang='lat' dir='ltr'>sua?!</span> 
     </span>
    </p>
   </div>
   <div class='ocr_carea' id='block_1_77' title="bbox 2101 3399 3812 3477">
    <p class='ocr_par' dir='ltr' id='par_1_77' title="bbox 2101 3399 3812 3477">
     <span class='ocr_line' id='line_1_77' title="bbox 2101 3399 3812 3477; baseline -0.005 -17"><span class='ocrx_word' id='word_1_567' title='bbox 2101 3418 2331 3471; x_wconf 68' lang='lat' dir='ltr'>sanctas,</span> <span class='ocrx_word' id='word_1_568' title='bbox 2365 3422 2494 3477; x_wconf 90' lang='lat' dir='ltr'>pag.</span> <span class='ocrx_word' id='word_1_569' title='bbox 2536 3405 2624 3464; x_wconf 75' lang='grc'>34,</span> <span class='ocrx_word' id='word_1_570' title='bbox 2688 3403 2769 3457; x_wconf 92' lang='lat' dir='ltr'>rei</span> <span class='ocrx_word' id='word_1_571' title='bbox 2829 3401 3128 3456; x_wconf 74' lang='lat' dir='ltr'>evidentiae</span> <span class='ocrx_word' id='word_1_572' title='bbox 3181 3399 3538 3470; x_wconf 71' lang='lat' dir='ltr'>postliminio</span> <span class='ocrx_word' id='word_1_573' title='bbox 3588 3399 3812 3452; x_wconf 88' lang='lat' dir='ltr'>cedens</span> 
     </span>
    </p>
   </div>
   <div class='ocr_carea' id='block_1_78' title="bbox 2101 3487 3806 3550">
    <p class='ocr_par' dir='ltr' id='par_1_78' title="bbox 2101 3487 3806 3550">
     <span class='ocr_line' id='line_1_78' title="bbox 2101 3487 3806 3550; baseline -0.005 -1"><span class='ocrx_word' id='word_1_574' title='bbox 2101 3495 2223 3550; x_wconf 62' lang='lat' dir='ltr'>hinc</span> <span class='ocrx_word' id='word_1_575' title='bbox 2269 3495 2440 3548; x_wconf 90' lang='lat' dir='ltr'>verba</span> <span class='ocrx_word' id='word_1_576' title='bbox 2508 3494 2760 3546; x_wconf 89' lang='lat' dir='ltr'>inserere</span> <span class='ocrx_word' id='word_1_577' title='bbox 2824 3507 2937 3543; x_wconf 91' lang='lat' dir='ltr'>non</span> <span class='ocrx_word' id='word_1_578' title='bbox 2998 3489 3334 3542; x_wconf 84' lang='lat' dir='ltr'>dubitavit:</span> <span class='ocrx_word' id='word_1_579' title='bbox 3408 3507 3434 3536; x_wconf 86' lang='grc'><strong>((</strong></span> <span class='ocrx_word' id='word_1_580' title='bbox 3487 3487 3806 3542; x_wconf 88' lang='lat' dir='ltr'>Henricum</span> 
     </span>
    </p>
   </div>
   <div class='ocr_carea' id='block_1_79' title="bbox 2099 3576 3814 3648">
    <p class='ocr_par' dir='ltr' id='par_1_79' title="bbox 2099 3576 3814 3648">
     <span class='ocr_line' id='line_1_79' title="bbox 2099 3576 3814 3648; baseline -0.005 -11"><span class='ocrx_word' id='word_1_581' title='bbox 2099 3583 2254 3637; x_wconf 91' lang='lat' dir='ltr'>enim</span> <span class='ocrx_word' id='word_1_582' title='bbox 2279 3587 2536 3636; x_wconf 89' lang='lat' dir='ltr'>sanctum</span> <span class='ocrx_word' id='word_1_583' title='bbox 2561 3581 2842 3635; x_wconf 86' lang='lat' dir='ltr'>Saxonem</span> <span class='ocrx_word' id='word_1_584' title='bbox 2890 3576 3112 3648; x_wconf 89' lang='lat' dir='ltr'>origine</span> <span class='ocrx_word' id='word_1_585' title='bbox 3136 3578 3257 3645; x_wconf 90' lang='lat' dir='ltr'>jam</span> <span class='ocrx_word' id='word_1_586' title='bbox 3301 3576 3584 3642; x_wconf 88' lang='lat' dir='ltr'>volumus,</span> <span class='ocrx_word' id='word_1_587' title='bbox 3627 3581 3698 3628; x_wconf 87' lang='lat' dir='ltr'>ut</span> <span class='ocrx_word' id='word_1_588' title='bbox 3746 3591 3814 3628; x_wconf 86' lang='lat' dir='ltr'>ex</span> 
     </span>
    </p>
   </div>
   <div class='ocr_carea' id='block_1_80' title="bbox 2101 3663 3813 3740">
    <p class='ocr_par' dir='ltr' id='par_1_80' title="bbox 2101 3663 3813 3740">
     <span class='ocr_line' id='line_1_80' title="bbox 2101 3663 3813 3740; baseline -0.006 -14"><span class='ocrx_word' id='word_1_589' title='bbox 2101 3673 2352 3726; x_wconf 88' lang='lat' dir='ltr'>Ditmaro</span> <span class='ocrx_word' id='word_1_590' title='bbox 2399 3671 2653 3740; x_wconf 75' lang='lat' dir='ltr'>liquet,»</span> <span class='ocrx_word' id='word_1_591' title='bbox 2716 3674 2889 3737; x_wconf 89' lang='lat' dir='ltr'>atque</span> <span class='ocrx_word' id='word_1_592' title='bbox 2937 3665 3109 3718; x_wconf 88' lang='lat' dir='ltr'>etiam</span> <span class='ocrx_word' id='word_1_593' title='bbox 3167 3680 3234 3717; x_wconf 84' lang='lat' dir='ltr'>ex</span> <span class='ocrx_word' id='word_1_594' title='bbox 3287 3665 3433 3720; x_wconf 89' lang='lat' dir='ltr'>aliis.</span> <span class='ocrx_word' id='word_1_595' title='bbox 3489 3679 3633 3732; x_wconf 90' lang='lat' dir='ltr'>quos</span> <span class='ocrx_word' id='word_1_596' title='bbox 3683 3663 3813 3733; x_wconf 90' lang='lat' dir='ltr'>jam</span> 
     </span>
    </p>
   </div>
   <div class='ocr_carea' id='block_1_81' title="bbox 2098 3751 3814 3818">
    <p class='ocr_par' dir='ltr' id='par_1_81' title="bbox 2098 3751 3814 3818">
     <span class='ocr_line' id='line_1_81' title="bbox 2098 3751 3814 3818; baseline -0.005 -4"><span class='ocrx_word' id='word_1_597' title='bbox 2098 3760 2320 3814; x_wconf 91' lang='lat' dir='ltr'>abunde</span> <span class='ocrx_word' id='word_1_598' title='bbox 2375 3759 2658 3814; x_wconf 88' lang='lat' dir='ltr'>dedimus.</span> <span class='ocrx_word' id='word_1_599' title='bbox 2708 3755 2814 3818; x_wconf 88' lang='lat' dir='ltr'>Qui</span> <span class='ocrx_word' id='word_1_600' title='bbox 2855 3753 3052 3807; x_wconf 89' lang='lat' dir='ltr'>ambas</span> <span class='ocrx_word' id='word_1_601' title='bbox 3103 3753 3436 3818; x_wconf 88' lang='lat' dir='ltr'>sententias,</span> <span class='ocrx_word' id='word_1_602' title='bbox 3491 3751 3686 3804; x_wconf 90' lang='lat' dir='ltr'>nescio</span> <span class='ocrx_word' id='word_1_603' title='bbox 3735 3767 3814 3805; x_wconf 89' lang='lat' dir='ltr'>an</span> 
     </span>
    </p>
   </div>
   <div class='ocr_carea' id='block_1_82' title="bbox 2097 3841 3814 3917">
    <p class='ocr_par' dir='ltr' id='par_1_82' title="bbox 2097 3841 3814 3917">
     <span class='ocr_line' id='line_1_82' title="bbox 2097 3841 3814 3917; baseline -0.005 -14"><span class='ocrx_word' id='word_1_604' title='bbox 2097 3849 2262 3911; x_wconf 88' lang='lat' dir='ltr'>serio,</span> <span class='ocrx_word' id='word_1_605' title='bbox 2297 3861 2643 3917; x_wconf 85' lang='lat' dir='ltr'>componere</span> <span class='ocrx_word' id='word_1_606' title='bbox 2673 3844 2958 3904; x_wconf 87' lang='lat' dir='ltr'>nituntur,</span> <span class='ocrx_word' id='word_1_607' title='bbox 2983 3845 3084 3894; x_wconf 90' lang='lat' dir='ltr'>aut</span> <span class='ocrx_word' id='word_1_608' title='bbox 3111 3841 3252 3894; x_wconf 88' lang='lat' dir='ltr'>nihil</span> <span class='ocrx_word' id='word_1_609' title='bbox 3285 3854 3484 3909; x_wconf 85' lang='lat' dir='ltr'>agunt,</span> <span class='ocrx_word' id='word_1_610' title='bbox 3519 3845 3616 3893; x_wconf 87' lang='lat' dir='ltr'>aut</span> <span class='ocrx_word' id='word_1_611' title='bbox 3645 3855 3814 3894; x_wconf 85' lang='lat' dir='ltr'>mere</span> 
     </span>
    </p>
   </div>
   <div class='ocr_carea' id='block_1_83' title="bbox 2096 3929 3812 3999">
    <p class='ocr_par' dir='ltr' id='par_1_83' title="bbox 2096 3929 3812 3999">
     <span class='ocr_line' id='line_1_83' title="bbox 2096 3929 3812 3999; baseline -0.005 -7"><span class='ocrx_word' id='word_1_612' title='bbox 2096 3939 2155 3992; x_wconf 88' lang='lat' dir='ltr'>in</span> <span class='ocrx_word' id='word_1_613' title='bbox 2178 3938 2406 3992; x_wconf 75' lang='lat' dir='ltr'>vocibus</span> <span class='ocrx_word' id='word_1_614' title='bbox 2429 3936 2656 3999; x_wconf 90' lang='lat' dir='ltr'>ludunt,</span> <span class='ocrx_word' id='word_1_615' title='bbox 2687 3937 2741 3985; x_wconf 86' lang='lat' dir='ltr'>et</span> <span class='ocrx_word' id='word_1_616' title='bbox 2770 3932 2840 3984; x_wconf 87' lang='lat' dir='ltr'>ad</span> <span class='ocrx_word' id='word_1_617' title='bbox 2872 3932 3070 3984; x_wconf 90' lang='lat' dir='ltr'>inanes</span> <span class='ocrx_word' id='word_1_618' title='bbox 3125 3929 3432 3983; x_wconf 80' lang='lat' dir='ltr'>verborum</span> <span class='ocrx_word' id='word_1_619' title='bbox 3475 3935 3812 3983; x_wconf 89' lang='lat' dir='ltr'>commuta-</span> 
     </span>
    </p>
   </div>
   <div class='ocr_carea' id='block_1_84' title="bbox 2097 4017 3814 4088">
    <p class='ocr_par' dir='ltr' id='par_1_84' title="bbox 2097 4017 3814 4088">
     <span class='ocr_line' id='line_1_84' title="bbox 2097 4017 3814 4088; baseline -0.007 -7"><span class='ocrx_word' id='word_1_620' title='bbox 2097 4027 2277 4081; x_wconf 91' lang='lat' dir='ltr'>tiones</span> <span class='ocrx_word' id='word_1_621' title='bbox 2323 4023 2518 4079; x_wconf 90' lang='lat' dir='ltr'>omnia</span> <span class='ocrx_word' id='word_1_622' title='bbox 2559 4025 2846 4076; x_wconf 88' lang='lat' dir='ltr'>revocant.</span> <span class='ocrx_word' id='word_1_623' title='bbox 2906 4021 3028 4072; x_wconf 79' lang='lat' dir='ltr'>Non</span> <span class='ocrx_word' id='word_1_624' title='bbox 3095 4017 3186 4072; x_wconf 92' lang='lat' dir='ltr'>hic</span> <span class='ocrx_word' id='word_1_625' title='bbox 3241 4017 3310 4071; x_wconf 90' lang='lat' dir='ltr'>de</span> <span class='ocrx_word' id='word_1_626' title='bbox 3365 4017 3549 4088; x_wconf 88' lang='lat' dir='ltr'>patria</span> <span class='ocrx_word' id='word_1_627' title='bbox 3581 4032 3814 4086; x_wconf 87' lang='lat' dir='ltr'>pugna-</span> 
     </span>
    </p>
   </div>
   <div class='ocr_carea' id='block_1_85' title="bbox 2097 4105 3810 4184">
    <p class='ocr_par' dir='ltr' id='par_1_85' title="bbox 2097 4105 3810 4184">
     <span class='ocr_line' id='line_1_85' title="bbox 2097 4105 3810 4184; baseline -0.006 -16"><span class='ocrx_word' id='word_1_628' title='bbox 2097 4131 2243 4181; x_wconf 90' lang='lat' dir='ltr'>mus,</span> <span class='ocrx_word' id='word_1_629' title='bbox 2276 4119 2339 4167; x_wconf 87' lang='lat' dir='ltr'>nt</span> <span class='ocrx_word' id='word_1_630' title='bbox 2369 4129 2469 4184; x_wconf 90' lang='lat' dir='ltr'>pro</span> <span class='ocrx_word' id='word_1_631' title='bbox 2497 4113 2738 4164; x_wconf 89' lang='lat' dir='ltr'>Homero</span> <span class='ocrx_word' id='word_1_632' title='bbox 2783 4107 3012 4162; x_wconf 62' lang='lat' dir='ltr'>Graeciaa</span> <span class='ocrx_word' id='word_1_633' title='bbox 3051 4106 3324 4172; x_wconf 85' lang='lat' dir='ltr'>civitates,</span> <span class='ocrx_word' id='word_1_634' title='bbox 3369 4120 3500 4157; x_wconf 91' lang='lat' dir='ltr'>nam</span> <span class='ocrx_word' id='word_1_635' title='bbox 3555 4105 3608 4158; x_wconf 90' lang='lat' dir='ltr'>S.</span> <span class='ocrx_word' id='word_1_636' title='bbox 3647 4107 3810 4159; x_wconf 85' lang='lat' dir='ltr'>Hen-</span> 
     </span>
    </p>
   </div>
   <div class='ocr_carea' id='block_1_86' title="bbox 2098 4193 3812 4260">
    <p class='ocr_par' dir='ltr' id='par_1_86' title="bbox 2098 4193 3812 4260">
     <span class='ocr_line' id='line_1_86' title="bbox 2098 4193 3812 4260; baseline -0.006 -4"><span class='ocrx_word' id='word_1_637' title='bbox 2098 4203 2274 4257; x_wconf 88' lang='lat' dir='ltr'>ricum</span> <span class='ocrx_word' id='word_1_638' title='bbox 2343 4202 2400 4254; x_wconf 90' lang='lat' dir='ltr'>in</span> <span class='ocrx_word' id='word_1_639' title='bbox 2461 4197 2693 4253; x_wconf 85' lang='lat' dir='ltr'>Bavaria</span> <span class='ocrx_word' id='word_1_640' title='bbox 2785 4201 2843 4250; x_wconf 89' lang='lat' dir='ltr'>et</span> <span class='ocrx_word' id='word_1_641' title='bbox 2906 4193 3128 4248; x_wconf 80' lang='lat' dir='ltr'>Abudia</span> <span class='ocrx_word' id='word_1_642' title='bbox 3203 4199 3451 4260; x_wconf 88' lang='lat' dir='ltr'>natum,</span> <span class='ocrx_word' id='word_1_643' title='bbox 3517 4193 3672 4246; x_wconf 87' lang='lat' dir='ltr'>ultro</span> <span class='ocrx_word' id='word_1_644' title='bbox 3751 4199 3812 4246; x_wconf 88' lang='lat' dir='ltr'>et</span> 
     </span>
    </p>
   </div>
   <div class='ocr_carea' id='block_1_87' title="bbox 287 4281 3808 4379">
    <p class='ocr_par' dir='ltr' id='par_1_87' title="bbox 287 4281 3808 4379">
     <span class='ocr_line' id='line_1_87' title="bbox 287 4281 3808 4379; baseline -0.002 -40"><span class='ocrx_word' id='word_1_645' title='bbox 287 4286 597 4339; x_wconf 82' lang='lat' dir='ltr'>Mabillonii</span> <span class='ocrx_word' id='word_1_646' title='bbox 666 4287 853 4354; x_wconf 86' lang='lat' dir='ltr'>lapsus</span> <span class='ocrx_word' id='word_1_647' title='bbox 903 4285 961 4338; x_wconf 88' lang='lat' dir='ltr'>in</span> <span class='ocrx_word' id='word_1_648' title='bbox 1023 4283 1339 4337; x_wconf 80' lang='lat' dir='ltr'>Annalibus</span> <span class='ocrx_word' id='word_1_649' title='bbox 1398 4283 1794 4352; x_wconf 69' lang='lat' dir='ltr'>Bsnedictinis,</span> <span class='ocrx_word' id='word_1_650' title='bbox 1848 4301 1977 4356; x_wconf 89' lang='lat' dir='ltr'>pag.</span> <span class='ocrx_word' id='word_1_651' title='bbox 2015 4327 2054 4379; x_wconf 80' lang='lat' dir='ltr'><strong>D</strong></span> <span class='ocrx_word' id='word_1_652' title='bbox 2097 4291 2342 4344; x_wconf 82' lang='lat' dir='ltr'>libenter</span> <span class='ocrx_word' id='word_1_653' title='bbox 2391 4289 2785 4341; x_wconf 86' lang='lat' dir='ltr'>concedimus:</span> <span class='ocrx_word' id='word_1_654' title='bbox 2847 4289 2932 4337; x_wconf 87' lang='lat' dir='ltr'>ast</span> <span class='ocrx_word' id='word_1_655' title='bbox 2986 4284 3135 4336; x_wconf 88' lang='lat' dir='ltr'>avito</span> <span class='ocrx_word' id='word_1_656' title='bbox 3194 4281 3492 4350; x_wconf 81' lang='lat' dir='ltr'>sanguine,</span> <span class='ocrx_word' id='word_1_657' title='bbox 3572 4285 3674 4334; x_wconf 89' lang='lat' dir='ltr'>aut</span> <span class='ocrx_word' id='word_1_658' title='bbox 3737 4297 3808 4334; x_wconf 79' lang='lat' dir='ltr'>ex</span> 
     </span>
    </p>
   </div>
   <div class='ocr_carea' id='block_1_88' title="bbox 289 4371 1978 4440">
    <p class='ocr_par' dir='ltr' id='par_1_88' title="bbox 289 4371 1978 4440">
     <span class='ocr_line' id='line_1_88' title="bbox 289 4371 1978 4440; baseline 0.001 -12"><span class='ocrx_word' id='word_1_659' title='bbox 289 4378 410 4440; x_wconf 78' lang='grc'>159,</span> <span class='ocrx_word' id='word_1_660' title='bbox 470 4391 627 4429; x_wconf 90' lang='lat' dir='ltr'>num.</span> <span class='ocrx_word' id='word_1_661' title='bbox 673 4377 758 4438; x_wconf 77' lang='grc'>25,</span> <span class='ocrx_word' id='word_1_662' title='bbox 813 4373 950 4428; x_wconf 91' lang='lat' dir='ltr'>dum</span> <span class='ocrx_word' id='word_1_663' title='bbox 1008 4373 1063 4427; x_wconf 94' lang='lat' dir='ltr'>S.</span> <span class='ocrx_word' id='word_1_664' title='bbox 1118 4372 1420 4426; x_wconf 90' lang='lat' dir='ltr'>Henricum</span> <span class='ocrx_word' id='word_1_665' title='bbox 1471 4371 1684 4440; x_wconf 86' lang='lat' dir='ltr'>scribit,</span> <span class='ocrx_word' id='word_1_666' title='bbox 1723 4393 1750 4421; x_wconf 84' lang='lat'>&lt;&lt;</span> <span class='ocrx_word' id='word_1_667' title='bbox 1796 4372 1978 4428; x_wconf 82' lang='lat' dir='ltr'>tilium</span> 
     </span>
    </p>
   </div>
   <div class='ocr_carea' id='block_1_89' title="bbox 285 4465 1980 4534">
    <p class='ocr_par' dir='ltr' id='par_1_89' title="bbox 285 4465 1980 4534">
     <span class='ocr_line' id='line_1_89' title="bbox 285 4465 1980 4534; baseline -0.001 -14"><span class='ocrx_word' id='word_1_668' title='bbox 285 4467 511 4522; x_wconf 91' lang='lat' dir='ltr'>Henrici</span> <span class='ocrx_word' id='word_1_669' title='bbox 553 4467 733 4533; x_wconf 71' lang='lat' dir='ltr'>duris,</span> <span class='ocrx_word' id='word_1_670' title='bbox 794 4467 1014 4520; x_wconf 90' lang='lat' dir='ltr'>Ottonis</span> <span class='ocrx_word' id='word_1_671' title='bbox 1091 4465 1284 4534; x_wconf 86' lang='lat' dir='ltr'>magni</span> <span class='ocrx_word' id='word_1_672' title='bbox 1350 4465 1576 4532; x_wconf 85' lang='lat' dir='ltr'>fratris;</span> <span class='ocrx_word' id='word_1_673' title='bbox 1631 4487 1652 4513; x_wconf 75' lang='grc' dir='ltr'>ι</span> <span class='ocrx_word' id='word_1_674' title='bbox 1705 4482 1768 4518; x_wconf 88' lang='lat' dir='ltr'>ex</span> <span class='ocrx_word' id='word_1_675' title='bbox 1816 4466 1980 4520; x_wconf 86' lang='lat' dir='ltr'>dictis</span> 
     </span>
    </p>
   </div>
   <div class='ocr_carea' id='block_1_90' title="bbox 282 4555 1980 4627">
    <p class='ocr_par' dir='ltr' id='par_1_90' title="bbox 282 4555 1980 4627">
     <span class='ocr_line' id='line_1_90' title="bbox 282 4555 1980 4627; baseline -0.001 -17"><span class='ocrx_word' id='word_1_676' title='bbox 282 4557 437 4610; x_wconf 88' lang='lat' dir='ltr'>enim</span> <span class='ocrx_word' id='word_1_677' title='bbox 503 4557 722 4627; x_wconf 89' lang='lat' dir='ltr'>liquido</span> <span class='ocrx_word' id='word_1_678' title='bbox 797 4560 953 4624; x_wconf 85' lang='lat' dir='ltr'>patet</span> <span class='ocrx_word' id='word_1_679' title='bbox 1017 4555 1364 4623; x_wconf 85' lang='lat' dir='ltr'>legendum:</span> <span class='ocrx_word' id='word_1_680' title='bbox 1416 4555 1623 4609; x_wconf 82' lang='lat' dir='ltr'>Ottonis</span> <span class='ocrx_word' id='word_1_681' title='bbox 1672 4555 1864 4620; x_wconf 78' lang='lat' dir='ltr'>Magni</span> <span class='ocrx_word' id='word_1_682' title='bbox 1913 4571 1980 4608; x_wconf 77' lang='lat' dir='ltr'>ea:</span> 
     </span>
    </p>
   </div>
   <div class='ocr_carea' id='block_1_91' title="bbox 276 4641 1980 4713">
    <p class='ocr_par' dir='ltr' id='par_1_91' title="bbox 276 4641 1980 4713">
     <span class='ocr_line' id='line_1_91' title="bbox 276 4641 1980 4713; baseline -0.002 -15"><span class='ocrx_word' id='word_1_683' title='bbox 276 4648 455 4710; x_wconf 84' lang='lat' dir='ltr'>fratre</span> <span class='ocrx_word' id='word_1_684' title='bbox 513 4646 743 4713; x_wconf 76' lang='lat' dir='ltr'>nepotis.</span> <span class='ocrx_word' id='word_1_685' title='bbox 800 4643 918 4695; x_wconf 89' lang='lat' dir='ltr'>Huc</span> <span class='ocrx_word' id='word_1_686' title='bbox 987 4657 1187 4694; x_wconf 90' lang='lat' dir='ltr'>revoca</span> <span class='ocrx_word' id='word_1_687' title='bbox 1249 4641 1682 4712; x_wconf 85' lang='lat' dir='ltr'>Cbronographi</span> <span class='ocrx_word' id='word_1_688' title='bbox 1746 4641 1980 4696; x_wconf 87' lang='lat' dir='ltr'>Saxonis</span> 
     </span>
    </p>
   </div>
   <div class='ocr_carea' id='block_1_92' title="bbox 279 4729 1974 4802">
    <p class='ocr_par' dir='ltr' id='par_1_92' title="bbox 279 4729 1974 4802">
     <span class='ocr_line' id='line_1_92' title="bbox 279 4729 1974 4802; baseline -0.001 -16"><span class='ocrx_word' id='word_1_689' title='bbox 279 4735 347 4787; x_wconf 90' lang='lat' dir='ltr'>ad</span> <span class='ocrx_word' id='word_1_690' title='bbox 370 4735 585 4788; x_wconf 86' lang='lat' dir='ltr'>dictum</span> <span class='ocrx_word' id='word_1_691' title='bbox 641 4747 858 4784; x_wconf 87' lang='lat' dir='ltr'>annum</span> <span class='ocrx_word' id='word_1_692' title='bbox 922 4731 1077 4794; x_wconf 74' lang='grc'>1002,</span> <span class='ocrx_word' id='word_1_693' title='bbox 1128 4729 1263 4783; x_wconf 90' lang='lat' dir='ltr'>satis</span> <span class='ocrx_word' id='word_1_694' title='bbox 1309 4747 1604 4802; x_wconf 85' lang='lat' dir='ltr'>expressos</span> <span class='ocrx_word' id='word_1_695' title='bbox 1653 4732 1974 4784; x_wconf 86' lang='lat' dir='ltr'>terminos:</span> 
     </span>
    </p>
   </div>
   <div class='ocr_carea' id='block_1_93' title="bbox 281 4818 1976 4889">
    <p class='ocr_par' dir='ltr' id='par_1_93' title="bbox 281 4818 1976 4889">
     <span class='ocr_line' id='line_1_93' title="bbox 281 4818 1976 4889; baseline 0.001 -18"><span class='ocrx_word' id='word_1_696' title='bbox 281 4844 304 4871; x_wconf 73' lang='grc' dir='ltr'>ι</span> <span class='ocrx_word' id='word_1_697' title='bbox 353 4825 622 4876; x_wconf 68' lang='lat' dir='ltr'>Praet&#39;atus</span> <span class='ocrx_word' id='word_1_698' title='bbox 672 4822 784 4874; x_wconf 82' lang='lat' dir='ltr'>dux</span> <span class='ocrx_word' id='word_1_699' title='bbox 837 4819 1109 4873; x_wconf 76' lang='lat' dir='ltr'>Henricus</span> <span class='ocrx_word' id='word_1_700' title='bbox 1160 4834 1336 4889; x_wconf 86' lang='lat' dir='ltr'>nepos</span> <span class='ocrx_word' id='word_1_701' title='bbox 1389 4819 1596 4889; x_wconf 83' lang='lat' dir='ltr'>regalis</span> <span class='ocrx_word' id='word_1_702' title='bbox 1643 4818 1704 4872; x_wconf 92' lang='lat' dir='ltr'>in</span> <span class='ocrx_word' id='word_1_703' title='bbox 1733 4835 1976 4889; x_wconf 88' lang='lat' dir='ltr'>regnum</span> 
     </span>
    </p>
   </div>
   <div class='ocr_carea' id='block_1_94' title="bbox 281 4912 599 4982">
    <p class='ocr_par' dir='ltr' id='par_1_94' title="bbox 281 4912 599 4982">
     <span class='ocr_line' id='line_1_94' title="bbox 281 4912 599 4982; baseline -0.013 -18"><span class='ocrx_word' id='word_1_704' title='bbox 281 4912 531 4982; x_wconf 87' lang='lat' dir='ltr'>eligitur.</span> <span class='ocrx_word' id='word_1_705' title='bbox 571 4929 599 4961; x_wconf 74' lang='grc' dir='ltr'><strong>ι)</strong></span> 
     </span>
    </p>
   </div>
   <div class='ocr_carea' id='block_1_95' title="bbox 366 4993 1977 5067">
    <p class='ocr_par' dir='ltr' id='par_1_95' title="bbox 366 4993 1977 5067">
     <span class='ocr_line' id='line_1_95' title="bbox 366 4993 1977 5067; baseline -0.002 -15"><span class='ocrx_word' id='word_1_706' title='bbox 366 5001 415 5053; x_wconf 83' lang='grc'>5.</span> <span class='ocrx_word' id='word_1_707' title='bbox 460 5000 628 5052; x_wconf 86' lang='lat' dir='ltr'>Plura</span> <span class='ocrx_word' id='word_1_708' title='bbox 686 4997 796 5051; x_wconf 91' lang='lat' dir='ltr'>huc</span> <span class='ocrx_word' id='word_1_709' title='bbox 883 5011 997 5049; x_wconf 91' lang='lat' dir='ltr'>non</span> <span class='ocrx_word' id='word_1_710' title='bbox 1065 5011 1370 5067; x_wconf 89' lang='lat' dir='ltr'>congeram</span> <span class='ocrx_word' id='word_1_711' title='bbox 1410 4993 1758 5060; x_wconf 88' lang='lat' dir='ltr'>testimonia,</span> <span class='ocrx_word' id='word_1_712' title='bbox 1847 5009 1977 5064; x_wconf 73' lang='lat' dir='ltr'>quas</span> 
     </span>
    </p>
   </div>
   <div class='ocr_carea' id='block_1_96' title="bbox 273 5082 1978 5158">
    <p class='ocr_par' dir='ltr' id='par_1_96' title="bbox 273 5082 1978 5158">
     <span class='ocr_line' id='line_1_96' title="bbox 273 5082 1978 5158; baseline -0.005 -16"><span class='ocrx_word' id='word_1_713' title='bbox 273 5089 424 5158; x_wconf 86' lang='lat' dir='ltr'>apud</span> <span class='ocrx_word' id='word_1_714' title='bbox 451 5089 716 5140; x_wconf 86' lang='lat' dir='ltr'>eumdem</span> <span class='ocrx_word' id='word_1_715' title='bbox 757 5087 1270 5156; x_wconf 79' lang='lat' dir='ltr'>Chronograplium</span> <span class='ocrx_word' id='word_1_716' title='bbox 1300 5102 1394 5139; x_wconf 85' lang='lat' dir='ltr'>an.</span> <span class='ocrx_word' id='word_1_717' title='bbox 1441 5087 1565 5149; x_wconf 84' lang='lat'>683,</span> <span class='ocrx_word' id='word_1_718' title='bbox 1611 5089 1669 5137; x_wconf 87' lang='lat' dir='ltr'>et</span> <span class='ocrx_word' id='word_1_719' title='bbox 1715 5082 1850 5135; x_wconf 87' lang='lat' dir='ltr'>alibi</span> <span class='ocrx_word' id='word_1_720' title='bbox 1882 5098 1978 5135; x_wconf 90' lang='lat' dir='ltr'>re-</span> 
     </span>
    </p>
   </div>
   <div class='ocr_carea' id='block_1_97' title="bbox 271 5171 1974 5246">
    <p class='ocr_par' dir='ltr' id='par_1_97' title="bbox 271 5171 1974 5246">
     <span class='ocr_line' id='line_1_97' title="bbox 271 5171 1974 5246; baseline -0.005 -14"><span class='ocrx_word' id='word_1_721' title='bbox 271 5184 531 5240; x_wconf 81' lang='lat' dir='ltr'>currunt,</span> <span class='ocrx_word' id='word_1_722' title='bbox 590 5191 719 5229; x_wconf 84' lang='lat' dir='ltr'>cum</span> <span class='ocrx_word' id='word_1_723' title='bbox 791 5176 910 5246; x_wconf 85' lang='lat' dir='ltr'>jam</span> <span class='ocrx_word' id='word_1_724' title='bbox 973 5177 1212 5228; x_wconf 84' lang='lat' dir='ltr'>adducta</span> <span class='ocrx_word' id='word_1_725' title='bbox 1298 5174 1523 5228; x_wconf 87' lang='lat' dir='ltr'>abunde</span> <span class='ocrx_word' id='word_1_726' title='bbox 1583 5171 1842 5225; x_wconf 79' lang='lat' dir='ltr'>sufﬁcere</span> <span class='ocrx_word' id='word_1_727' title='bbox 1891 5171 1974 5224; x_wconf 87' lang='lat' dir='ltr'>vi-</span> 
     </span>
    </p>
   </div>
   <div class='ocr_carea' id='block_1_98' title="bbox 271 5260 1973 5332">
    <p class='ocr_par' dir='ltr' id='par_1_98' title="bbox 271 5260 1973 5332">
     <span class='ocr_line' id='line_1_98' title="bbox 271 5260 1973 5332; baseline -0.004 -12"><span class='ocrx_word' id='word_1_728' title='bbox 271 5267 511 5320; x_wconf 82' lang='lat' dir='ltr'>deantur</span> <span class='ocrx_word' id='word_1_729' title='bbox 579 5265 646 5318; x_wconf 89' lang='lat' dir='ltr'>ad</span> <span class='ocrx_word' id='word_1_730' title='bbox 721 5281 868 5327; x_wconf 87' lang='lat' dir='ltr'>eam,</span> <span class='ocrx_word' id='word_1_731' title='bbox 949 5279 1122 5332; x_wconf 87' lang='lat' dir='ltr'>quam</span> <span class='ocrx_word' id='word_1_732' title='bbox 1183 5263 1273 5316; x_wconf 84' lang='lat' dir='ltr'>hic</span> <span class='ocrx_word' id='word_1_733' title='bbox 1348 5263 1482 5315; x_wconf 88' lang='lat' dir='ltr'>dare</span> <span class='ocrx_word' id='word_1_734' title='bbox 1545 5260 1973 5330; x_wconf 58' lang='lat' dir='ltr'>praetendimus,</span> 
     </span>
    </p>
   </div>
   <div class='ocr_carea' id='block_1_99' title="bbox 271 5349 1973 5420">
    <p class='ocr_par' dir='ltr' id='par_1_99' title="bbox 271 5349 1973 5420">
     <span class='ocr_line' id='line_1_99' title="bbox 271 5349 1973 5420; baseline -0.002 -14"><span class='ocrx_word' id='word_1_735' title='bbox 271 5369 462 5408; x_wconf 78' lang='lat' dir='ltr'>veram</span> <span class='ocrx_word' id='word_1_736' title='bbox 485 5360 541 5405; x_wconf 90' lang='lat' dir='ltr'>et</span> <span class='ocrx_word' id='word_1_737' title='bbox 559 5359 806 5406; x_wconf 83' lang='lat' dir='ltr'>exactam</span> <span class='ocrx_word' id='word_1_738' title='bbox 837 5350 1190 5406; x_wconf 71' lang='lat' dir='ltr'>Henriciante</span> <span class='ocrx_word' id='word_1_739' title='bbox 1231 5351 1424 5420; x_wconf 83' lang='lat' dir='ltr'>stirpis</span> <span class='ocrx_word' id='word_1_740' title='bbox 1483 5350 1765 5414; x_wconf 87' lang='lat' dir='ltr'>notitiam,</span> <span class='ocrx_word' id='word_1_741' title='bbox 1798 5349 1973 5419; x_wconf 86' lang='lat' dir='ltr'>quid-</span> 
     </span>
    </p>
   </div>
   <div class='ocr_carea' id='block_1_100' title="bbox 269 5437 1971 5513">
    <p class='ocr_par' dir='ltr' id='par_1_100' title="bbox 269 5437 1971 5513">
     <span class='ocr_line' id='line_1_100' title="bbox 269 5437 1971 5513; baseline -0.001 -19"><span class='ocrx_word' id='word_1_742' title='bbox 269 5445 404 5513; x_wconf 85' lang='lat' dir='ltr'>quid</span> <span class='ocrx_word' id='word_1_743' title='bbox 435 5442 701 5496; x_wconf 68' lang='lat' dir='ltr'>adversus</span> <span class='ocrx_word' id='word_1_744' title='bbox 725 5459 849 5495; x_wconf 87' lang='lat' dir='ltr'>eam</span> <span class='ocrx_word' id='word_1_745' title='bbox 881 5449 1099 5512; x_wconf 86' lang='lat' dir='ltr'>pugnet</span> <span class='ocrx_word' id='word_1_746' title='bbox 1125 5441 1381 5494; x_wconf 71' lang='lat' dir='ltr'>Raderus</span> <span class='ocrx_word' id='word_1_747' title='bbox 1439 5444 1539 5493; x_wconf 89' lang='lat' dir='ltr'>aut</span> <span class='ocrx_word' id='word_1_748' title='bbox 1595 5437 1713 5504; x_wconf 89' lang='lat' dir='ltr'>alii,</span> <span class='ocrx_word' id='word_1_749' title='bbox 1759 5454 1822 5490; x_wconf 79' lang='lat' dir='ltr'>ex</span> <span class='ocrx_word' id='word_1_750' title='bbox 1875 5454 1971 5492; x_wconf 85' lang='lat' dir='ltr'>va-</span> 
     </span>
    </p>
   </div>
   <div class='ocr_carea' id='block_1_101' title="bbox 265 5525 1966 5598">
    <p class='ocr_par' dir='ltr' id='par_1_101' title="bbox 265 5525 1966 5598">
     <span class='ocr_line' id='line_1_101' title="bbox 265 5525 1966 5598; baseline -0.005 -14"><span class='ocrx_word' id='word_1_751' title='bbox 265 5531 368 5585; x_wconf 83' lang='lat' dir='ltr'>riis</span> <span class='ocrx_word' id='word_1_752' title='bbox 406 5530 724 5595; x_wconf 81' lang='lat' dir='ltr'>insignibus</span> <span class='ocrx_word' id='word_1_753' title='bbox 753 5531 868 5583; x_wconf 85' lang='lat' dir='ltr'>sive</span> <span class='ocrx_word' id='word_1_754' title='bbox 901 5530 1230 5598; x_wconf 69' lang='lat' dir='ltr'>Bambergaa</span> <span class='ocrx_word' id='word_1_755' title='bbox 1272 5528 1387 5580; x_wconf 81' lang='lat' dir='ltr'>sive</span> <span class='ocrx_word' id='word_1_756' title='bbox 1420 5526 1556 5579; x_wconf 86' lang='lat' dir='ltr'>alibi</span> <span class='ocrx_word' id='word_1_757' title='bbox 1592 5525 1966 5579; x_wconf 80' lang='lat' dir='ltr'>exstantibus.</span> 
     </span>
    </p>
   </div>
   <div class='ocr_carea' id='block_1_102' title="bbox 266 5612 1963 5688">
    <p class='ocr_par' dir='ltr' id='par_1_102' title="bbox 266 5612 1963 5688">
     <span class='ocr_line' id='line_1_102' title="bbox 266 5612 1963 5688; baseline -0.004 -15"><span class='ocrx_word' id='word_1_758' title='bbox 266 5619 462 5674; x_wconf 84' lang='lat' dir='ltr'>Salleri</span> <span class='ocrx_word' id='word_1_759' title='bbox 494 5617 674 5671; x_wconf 89' lang='lat' dir='ltr'>nostri</span> <span class='ocrx_word' id='word_1_760' title='bbox 697 5625 994 5688; x_wconf 76' lang='lat' dir='ltr'>syntagma</span> <span class='ocrx_word' id='word_1_761' title='bbox 1022 5618 1090 5670; x_wconf 91' lang='lat' dir='ltr'>de</span> <span class='ocrx_word' id='word_1_762' title='bbox 1115 5618 1290 5685; x_wconf 87' lang='lat' dir='ltr'>stirpe</span> <span class='ocrx_word' id='word_1_763' title='bbox 1320 5615 1374 5669; x_wconf 92' lang='lat' dir='ltr'>S.</span> <span class='ocrx_word' id='word_1_764' title='bbox 1413 5614 1634 5668; x_wconf 85' lang='lat' dir='ltr'>Henrici</span> <span class='ocrx_word' id='word_1_765' title='bbox 1677 5631 1792 5666; x_wconf 90' lang='lat' dir='ltr'>non</span> <span class='ocrx_word' id='word_1_766' title='bbox 1827 5612 1963 5681; x_wconf 82' lang='lat' dir='ltr'>vidi,</span> 
     </span>
    </p>
   </div>
   <div class='ocr_carea' id='block_1_103' title="bbox 2093 4369 3812 4449">
    <p class='ocr_par' dir='ltr' id='par_1_103' title="bbox 2093 4369 3812 4449">
     <span class='ocr_line' id='line_1_103' title="bbox 2093 4369 3812 4449; baseline -0.006 -17"><span class='ocrx_word' id='word_1_767' title='bbox 2093 4378 2378 4449; x_wconf 89' lang='lat' dir='ltr'>prioribus</span> <span class='ocrx_word' id='word_1_768' title='bbox 2437 4377 2548 4429; x_wconf 91' lang='lat' dir='ltr'>illis</span> <span class='ocrx_word' id='word_1_769' title='bbox 2609 4373 2996 4444; x_wconf 84' lang='lat' dir='ltr'>Bajoariorum</span> <span class='ocrx_word' id='word_1_770' title='bbox 3071 4371 3324 4441; x_wconf 78' lang='lat' dir='ltr'>dynastis</span> <span class='ocrx_word' id='word_1_771' title='bbox 3392 4376 3490 4423; x_wconf 88' lang='lat' dir='ltr'>aut</span> <span class='ocrx_word' id='word_1_772' title='bbox 3555 4369 3812 4422; x_wconf 88' lang='lat' dir='ltr'>ducibus</span> 
     </span>
    </p>
   </div>
   <div class='ocr_carea' id='block_1_104' title="bbox 2091 4463 3814 4537">
    <p class='ocr_par' dir='ltr' id='par_1_104' title="bbox 2091 4463 3814 4537">
     <span class='ocr_line' id='line_1_104' title="bbox 2091 4463 3814 4537; baseline -0.005 -18"><span class='ocrx_word' id='word_1_773' title='bbox 2091 4467 2371 4537; x_wconf 90' lang='lat' dir='ltr'>originem</span> <span class='ocrx_word' id='word_1_774' title='bbox 2406 4464 2658 4530; x_wconf 80' lang='lat' dir='ltr'>duxisse,</span> <span class='ocrx_word' id='word_1_775' title='bbox 2699 4477 2860 4532; x_wconf 62' lang='lat' dir='ltr'>atque</span> <span class='ocrx_word' id='word_1_776' title='bbox 2907 4477 3182 4530; x_wconf 84' lang='lat' dir='ltr'>negamus</span> <span class='ocrx_word' id='word_1_777' title='bbox 3231 4463 3402 4529; x_wconf 89' lang='lat' dir='ltr'>atque</span> <span class='ocrx_word' id='word_1_778' title='bbox 3448 4463 3668 4511; x_wconf 87' lang='lat' dir='ltr'>certum</span> <span class='ocrx_word' id='word_1_779' title='bbox 3715 4463 3814 4511; x_wconf 88' lang='lat' dir='ltr'>est</span> 
     </span>
    </p>
   </div>
   <div class='ocr_carea' id='block_1_105' title="bbox 2089 4545 3809 4620">
    <p class='ocr_par' dir='ltr' id='par_1_105' title="bbox 2089 4545 3809 4620">
     <span class='ocr_line' id='line_1_105' title="bbox 2089 4545 3809 4620; baseline -0.009 -10"><span class='ocrx_word' id='word_1_780' title='bbox 2089 4555 2276 4610; x_wconf 87' lang='lat' dir='ltr'>Caroli</span> <span class='ocrx_word' id='word_1_781' title='bbox 2309 4555 2348 4604; x_wconf 93' lang='lat' dir='ltr'>V</span> <span class='ocrx_word' id='word_1_782' title='bbox 2381 4552 2616 4606; x_wconf 60' lang='lat' dir='ltr'>Cri-saris</span> <span class='ocrx_word' id='word_1_783' title='bbox 2636 4549 2994 4620; x_wconf 89' lang='lat' dir='ltr'>progeniem,</span> <span class='ocrx_word' id='word_1_784' title='bbox 3035 4548 3094 4600; x_wconf 91' lang='lat' dir='ltr'>in</span> <span class='ocrx_word' id='word_1_785' title='bbox 3138 4545 3564 4616; x_wconf 86' lang='lat' dir='ltr'>Augustissimo</span> <span class='ocrx_word' id='word_1_786' title='bbox 3601 4545 3809 4614; x_wconf 86' lang='lat' dir='ltr'>Impe-</span> 
     </span>
    </p>
   </div>
   <div class='ocr_carea' id='block_1_106' title="bbox 2089 4633 3810 4704">
    <p class='ocr_par' dir='ltr' id='par_1_106' title="bbox 2089 4633 3810 4704">
     <span class='ocr_line' id='line_1_106' title="bbox 2089 4633 3810 4704; baseline -0.006 -10"><span class='ocrx_word' id='word_1_787' title='bbox 2089 4648 2275 4695; x_wconf 89' lang='lat' dir='ltr'>ratore</span> <span class='ocrx_word' id='word_1_788' title='bbox 2325 4647 2520 4693; x_wconf 85' lang='lat' dir='ltr'>nostro</span> <span class='ocrx_word' id='word_1_789' title='bbox 2571 4639 2768 4693; x_wconf 89' lang='lat' dir='ltr'>Carolo</span> <span class='ocrx_word' id='word_1_790' title='bbox 2835 4637 2901 4690; x_wconf 88' lang='lat' dir='ltr'>VI</span> <span class='ocrx_word' id='word_1_791' title='bbox 2949 4635 3336 4704; x_wconf 80' lang='lat' dir='ltr'>superstitem,</span> <span class='ocrx_word' id='word_1_792' title='bbox 3401 4649 3518 4686; x_wconf 87' lang='lat' dir='ltr'>non</span> <span class='ocrx_word' id='word_1_793' title='bbox 3583 4633 3810 4701; x_wconf 84' lang='lat' dir='ltr'>Hispa-</span> 
     </span>
    </p>
   </div>
   <div class='ocr_carea' id='block_1_107' title="bbox 2088 4721 3809 4799">
    <p class='ocr_par' dir='ltr' id='par_1_107' title="bbox 2088 4721 3809 4799">
     <span class='ocr_line' id='line_1_107' title="bbox 2088 4721 3809 4799; baseline -0.007 -15"><span class='ocrx_word' id='word_1_794' title='bbox 2088 4747 2220 4784; x_wconf 90' lang='lat' dir='ltr'>nam</span> <span class='ocrx_word' id='word_1_795' title='bbox 2254 4745 2484 4799; x_wconf 86' lang='lat' dir='ltr'>genere,</span> <span class='ocrx_word' id='word_1_796' title='bbox 2536 4727 2633 4781; x_wconf 87' lang='lat' dir='ltr'>sed</span> <span class='ocrx_word' id='word_1_797' title='bbox 2678 4725 3026 4781; x_wconf 79' lang='lat' dir='ltr'>Austriacam</span> <span class='ocrx_word' id='word_1_798' title='bbox 3067 4729 3122 4776; x_wconf 92' lang='lat' dir='ltr'>et</span> <span class='ocrx_word' id='word_1_799' title='bbox 3172 4721 3564 4776; x_wconf 88' lang='lat' dir='ltr'>Germanicam</span> <span class='ocrx_word' id='word_1_800' title='bbox 3607 4737 3809 4790; x_wconf 85' lang='lat' dir='ltr'>agno-</span> 
     </span>
    </p>
   </div>
   <div class='ocr_carea' id='block_1_108' title="bbox 2089 4808 3810 4883">
    <p class='ocr_par' dir='ltr' id='par_1_108' title="bbox 2089 4808 3810 4883">
     <span class='ocr_line' id='line_1_108' title="bbox 2089 4808 3810 4883; baseline -0.005 -13"><span class='ocrx_word' id='word_1_801' title='bbox 2089 4820 2512 4871; x_wconf 81' lang='lat' dir='ltr'>scendamesse.</span> <span class='ocrx_word' id='word_1_802' title='bbox 2552 4817 2691 4871; x_wconf 83' lang='lat' dir='ltr'>Hmc</span> <span class='ocrx_word' id='word_1_803' title='bbox 2722 4815 2787 4867; x_wconf 88' lang='lat' dir='ltr'>ad</span> <span class='ocrx_word' id='word_1_804' title='bbox 2846 4814 3068 4883; x_wconf 90' lang='lat' dir='ltr'>reliqua</span> <span class='ocrx_word' id='word_1_805' title='bbox 3123 4811 3184 4864; x_wconf 92' lang='lat' dir='ltr'>in</span> <span class='ocrx_word' id='word_1_806' title='bbox 3239 4808 3588 4881; x_wconf 89' lang='lat' dir='ltr'>paragraphi</span> <span class='ocrx_word' id='word_1_807' title='bbox 3621 4809 3810 4862; x_wconf 88' lang='lat' dir='ltr'>titulo</span> 
     </span>
    </p>
   </div>
   <div class='ocr_carea' id='block_1_109' title="bbox 2085 4904 2864 4977">
    <p class='ocr_par' dir='ltr' id='par_1_109' title="bbox 2085 4904 2864 4977">
     <span class='ocr_line' id='line_1_109' title="bbox 2085 4904 2864 4977; baseline -0.003 -19"><span class='ocrx_word' id='word_1_808' title='bbox 2085 4907 2320 4977; x_wconf 70' lang='lat' dir='ltr'>praefixa</span> <span class='ocrx_word' id='word_1_809' title='bbox 2341 4913 2462 4958; x_wconf 89' lang='lat' dir='ltr'>tuto</span> <span class='ocrx_word' id='word_1_810' title='bbox 2483 4904 2864 4975; x_wconf 87' lang='lat' dir='ltr'>procedimus.</span> 
     </span>
    </p>
   </div>
   <div class='ocr_carea' id='block_1_110' title="bbox 2158 4986 3808 5059">
    <p class='ocr_par' dir='ltr' id='par_1_110' title="bbox 2158 4986 3808 5059">
     <span class='ocr_line' id='line_1_110' title="bbox 2158 4986 3808 5059; baseline -0.006 -11"><span class='ocrx_word' id='word_1_811' title='bbox 2158 4999 2208 5047; x_wconf 91' lang='lat'>7.</span> <span class='ocrx_word' id='word_1_812' title='bbox 2235 4994 2491 5047; x_wconf 84' lang='lat' dir='ltr'>Nominis</span> <span class='ocrx_word' id='word_1_813' title='bbox 2533 4991 2760 5046; x_wconf 87' lang='lat' dir='ltr'>Henrici</span> <span class='ocrx_word' id='word_1_814' title='bbox 2805 4995 3060 5059; x_wconf 80' lang='lat' dir='ltr'>etymon,</span> <span class='ocrx_word' id='word_1_815' title='bbox 3111 4991 3174 5039; x_wconf 89' lang='lat' dir='ltr'>ut</span> <span class='ocrx_word' id='word_1_816' title='bbox 3213 5001 3280 5039; x_wconf 83' lang='lat' dir='ltr'>ex</span> <span class='ocrx_word' id='word_1_817' title='bbox 3335 4986 3614 5039; x_wconf 83' lang='lat' dir='ltr'>Aventino</span> <span class='ocrx_word' id='word_1_818' title='bbox 3637 4990 3808 5040; x_wconf 86' lang='lat' dir='ltr'>recte</span> 
     </span>
    </p>
   </div>
   <div class='ocr_carea' id='block_1_111' title="bbox 2085 5075 3804 5148">
    <p class='ocr_par' dir='ltr' id='par_1_111' title="bbox 2085 5075 3804 5148">
     <span class='ocr_line' id='line_1_111' title="bbox 2085 5075 3804 5148; baseline -0.005 -11"><span class='ocrx_word' id='word_1_819' title='bbox 2085 5083 2302 5137; x_wconf 89' lang='lat' dir='ltr'>notavit</span> <span class='ocrx_word' id='word_1_820' title='bbox 2353 5083 2666 5146; x_wconf 83' lang='lat' dir='ltr'>Gretserus,</span> <span class='ocrx_word' id='word_1_821' title='bbox 2747 5093 2873 5148; x_wconf 87' lang='lat' dir='ltr'>pag.</span> <span class='ocrx_word' id='word_1_822' title='bbox 2947 5077 3034 5141; x_wconf 89' lang='lat'>80,</span> <span class='ocrx_word' id='word_1_823' title='bbox 3095 5075 3496 5130; x_wconf 86' lang='lat' dir='ltr'>Germanicum</span> <span class='ocrx_word' id='word_1_824' title='bbox 3575 5079 3664 5127; x_wconf 91' lang='lat' dir='ltr'>est</span> <span class='ocrx_word' id='word_1_825' title='bbox 3723 5076 3804 5128; x_wconf 86' lang='lat' dir='ltr'>ab</span> 
     </span>
    </p>
   </div>
   <div class='ocr_carea' id='block_1_112' title="bbox 2086 5162 3808 5240">
    <p class='ocr_par' dir='ltr' id='par_1_112' title="bbox 2086 5162 3808 5240">
     <span class='ocr_line' id='line_1_112' title="bbox 2086 5162 3808 5240; baseline -0.006 -16"><span class='ocrx_word' id='word_1_826' title='bbox 2086 5172 2236 5224; x_wconf 81' lang='lat' dir='ltr'>Dain</span> <span class='ocrx_word' id='word_1_827' title='bbox 2267 5172 2352 5225; x_wconf 83' lang='lat' dir='ltr'>vel</span> <span class='ocrx_word' id='word_1_828' title='bbox 2403 5171 2590 5232; x_wconf 80' lang='lat' dir='ltr'>Daim,</span> <span class='ocrx_word' id='word_1_829' title='bbox 2651 5166 2804 5240; x_wconf 76' lang='lat' dir='ltr'>quod</span> <span class='ocrx_word' id='word_1_830' title='bbox 2847 5170 2930 5218; x_wconf 90' lang='lat' dir='ltr'>est</span> <span class='ocrx_word' id='word_1_831' title='bbox 2979 5164 3143 5228; x_wconf 75' lang='lat' dir='ltr'>domi,</span> <span class='ocrx_word' id='word_1_832' title='bbox 3199 5170 3254 5216; x_wconf 89' lang='lat' dir='ltr'>et</span> <span class='ocrx_word' id='word_1_833' title='bbox 3304 5162 3704 5226; x_wconf 76' lang='lat' dir='ltr'>Reich,dives,</span> <span class='ocrx_word' id='word_1_834' title='bbox 3739 5169 3808 5215; x_wconf 86' lang='lat' dir='ltr'>et</span> 
     </span>
    </p>
   </div>
   <div class='ocr_carea' id='block_1_113' title="bbox 2081 5251 3802 5328">
    <p class='ocr_par' dir='ltr' id='par_1_113' title="bbox 2081 5251 3802 5328">
     <span class='ocr_line' id='line_1_113' title="bbox 2081 5251 3802 5328; baseline -0.005 -16"><span class='ocrx_word' id='word_1_835' title='bbox 2081 5275 2304 5328; x_wconf 82' lang='lat' dir='ltr'>regnum</span> <span class='ocrx_word' id='word_1_836' title='bbox 2391 5269 2562 5328; x_wconf 87' lang='lat' dir='ltr'>atque</span> <span class='ocrx_word' id='word_1_837' title='bbox 2639 5257 2963 5324; x_wconf 71' lang='lat' dir='ltr'>imperium:</span> <span class='ocrx_word' id='word_1_838' title='bbox 3037 5253 3168 5306; x_wconf 92' lang='lat' dir='ltr'>inde</span> <span class='ocrx_word' id='word_1_839' title='bbox 3229 5251 3536 5315; x_wconf 72' lang='lat' dir='ltr'>Dainreich,</span> <span class='ocrx_word' id='word_1_840' title='bbox 3589 5251 3802 5305; x_wconf 80' lang='lat' dir='ltr'>Daim-</span> 
     </span>
    </p>
   </div>
   <div class='ocr_carea' id='block_1_114' title="bbox 2081 5339 3806 5412">
    <p class='ocr_par' dir='ltr' id='par_1_114' title="bbox 2081 5339 3806 5412">
     <span class='ocr_line' id='line_1_114' title="bbox 2081 5339 3806 5412; baseline -0.003 -12"><span class='ocrx_word' id='word_1_841' title='bbox 2081 5351 2248 5412; x_wconf 83' lang='lat' dir='ltr'>reich,</span> <span class='ocrx_word' id='word_1_842' title='bbox 2285 5353 2389 5400; x_wconf 91' lang='lat' dir='ltr'>etc.</span> <span class='ocrx_word' id='word_1_843' title='bbox 2439 5349 2661 5399; x_wconf 86' lang='lat' dir='ltr'>Veteres</span> <span class='ocrx_word' id='word_1_844' title='bbox 2717 5345 3040 5397; x_wconf 69' lang='lat' dir='ltr'>Honor-tcum</span> <span class='ocrx_word' id='word_1_845' title='bbox 3085 5342 3308 5406; x_wconf 85' lang='lat' dir='ltr'>dixere;</span> <span class='ocrx_word' id='word_1_846' title='bbox 3339 5345 3426 5393; x_wconf 89' lang='lat' dir='ltr'>ast</span> <span class='ocrx_word' id='word_1_847' title='bbox 3473 5339 3528 5392; x_wconf 90' lang='lat' dir='ltr'>in</span> <span class='ocrx_word' id='word_1_848' title='bbox 3565 5355 3674 5392; x_wconf 90' lang='lat' dir='ltr'>usu</span> <span class='ocrx_word' id='word_1_849' title='bbox 3703 5345 3806 5395; x_wconf 87' lang='lat' dir='ltr'>est</span> 
     </span>
    </p>
   </div>
   <div class='ocr_carea' id='block_1_115' title="bbox 2081 5429 3792 5504">
    <p class='ocr_par' dir='ltr' id='par_1_115' title="bbox 2081 5429 3792 5504">
     <span class='ocr_line' id='line_1_115' title="bbox 2081 5429 3792 5504; baseline -0.006 -12"><span class='ocrx_word' id='word_1_850' title='bbox 2081 5439 2364 5502; x_wconf 78' lang='lat' dir='ltr'>Henricus,</span> <span class='ocrx_word' id='word_1_851' title='bbox 2425 5432 2680 5504; x_wconf 75' lang='lat' dir='ltr'>Hungari</span> <span class='ocrx_word' id='word_1_852' title='bbox 2737 5433 2948 5502; x_wconf 91' lang='lat' dir='ltr'>(pergit</span> <span class='ocrx_word' id='word_1_853' title='bbox 2992 5445 3056 5484; x_wconf 84' lang='lat' dir='ltr'>ex</span> <span class='ocrx_word' id='word_1_854' title='bbox 3117 5433 3398 5483; x_wconf 83' lang='lat' dir='ltr'>Aventino</span> <span class='ocrx_word' id='word_1_855' title='bbox 3460 5429 3792 5498; x_wconf 80' lang='lat' dir='ltr'>Grctserus)</span> 
     </span>
    </p>
   </div>
   <div class='ocr_carea' id='block_1_116' title="bbox 2079 5519 3796 5592">
    <p class='ocr_par' dir='ltr' id='par_1_116' title="bbox 2079 5519 3796 5592">
     <span class='ocr_line' id='line_1_116' title="bbox 2079 5519 3796 5592; baseline -0.006 -12"><span class='ocrx_word' id='word_1_856' title='bbox 2079 5528 2452 5587; x_wconf 66' lang='lat' dir='ltr'>Hzmericum,</span> <span class='ocrx_word' id='word_1_857' title='bbox 2497 5528 2569 5589; x_wconf 88' lang='lat' dir='ltr'>et,</span> <span class='ocrx_word' id='word_1_858' title='bbox 2623 5521 2837 5592; x_wconf 78' lang='lat' dir='ltr'>absque</span> <span class='ocrx_word' id='word_1_859' title='bbox 2888 5519 3250 5590; x_wconf 87' lang='lat' dir='ltr'>aspiratione,</span> <span class='ocrx_word' id='word_1_860' title='bbox 3301 5519 3628 5572; x_wconf 67' lang='lat' dir='ltr'>Emericum</span> <span class='ocrx_word' id='word_1_861' title='bbox 3683 5533 3796 5570; x_wconf 79' lang='lat' dir='ltr'>vo-</span> 
     </span>
    </p>
   </div>
   <div class='ocr_carea' id='block_1_117' title="bbox 2082 5607 3798 5680">
    <p class='ocr_par' dir='ltr' id='par_1_117' title="bbox 2082 5607 3798 5680">
     <span class='ocr_line' id='line_1_117' title="bbox 2082 5607 3798 5680; baseline -0.005 -12"><span class='ocrx_word' id='word_1_862' title='bbox 2082 5621 2228 5668; x_wconf 86' lang='lat' dir='ltr'>cant.</span> <span class='ocrx_word' id='word_1_863' title='bbox 2267 5614 2392 5667; x_wconf 81' lang='lat' dir='ltr'>Fuit</span> <span class='ocrx_word' id='word_1_864' title='bbox 2437 5613 2609 5666; x_wconf 85' lang='lat' dir='ltr'>Filius</span> <span class='ocrx_word' id='word_1_865' title='bbox 2658 5610 2710 5665; x_wconf 91' lang='lat' dir='ltr'>S.</span> <span class='ocrx_word' id='word_1_866' title='bbox 2757 5609 3032 5680; x_wconf 84' lang='lat' dir='ltr'>Stephani</span> <span class='ocrx_word' id='word_1_867' title='bbox 3081 5607 3230 5677; x_wconf 85' lang='lat' dir='ltr'>regis</span> <span class='ocrx_word' id='word_1_868' title='bbox 3287 5609 3696 5675; x_wconf 85' lang='lat' dir='ltr'>Hungarurum</span> <span class='ocrx_word' id='word_1_869' title='bbox 3731 5613 3798 5664; x_wconf 79' lang='lat' dir='ltr'>et</span> 
     </span>
    </p>
   </div>
  </div>
