3940 6356
200 357 253 405 l3

1844 353 2038 405 ACTA.

3623 356 3686 406 li

193 475 385 528 Giselaa
435 475 653 528 sororis
682 476 735 529 S.
800 474 1022 528 Henrici
1075 473 1463 545 Imperatoris.
1517 475 1882 544 Signiticatur
1913 477 1958 528 A
1995 475 2193 542 choro,
2229 493 2350 529 rem
2406 476 2657 531 divinam
2703 483 2926 548 patrare
2991 479 3361 549 conspicatus,
3397 480 3568 536 simul
3615 483 3684 536 ab

192 563 292 616 hoc
322 564 563 616 nomine
595 563 848 633 prudens
883 568 938 617 et
967 563 1151 617 bonus
1197 567 1362 634 pater
1397 563 1665 629 familias,
1703 568 1758 616 et
1788 563 1886 634 qui

196 652 325 705 colit
353 667 602 720 regnum
633 657 690 706 et
717 651 1048 721 imperium.
1072 651 1186 706 Sub
1237 651 1463 706 Henrici
1508 651 1744 706 nomine
1765 652 1885 706 noti

191 746 316 793 sunt
356 756 521 810 reges
553 739 868 794 Germanim
892 757 991 794 seu
1022 740 1400 811 Imperatores
1421 744 1637 810 septem
1667 757 1680 807 ;
1706 741 1886 794 Fran—

191 827 286 880 cize
307 842 476 898 reges
497 832 764 898 quatuor,
794 828 990 882 limata
1011 828 1445 882 nomenclatura
1467 828 1527 881 in
1552 829 1718 881 Henm'
1740 845 1752 892 ;
1771 831 1884 883 An-

192 916 316 982 glia!
339 932 503 986 reges
525 922 680 970 octo:
709 921 878 988 atque
898 917 956 970 in
982 916 1308 987 Hispaniam
1325 932 1504 986 usque
1518 916 1759 983 transiit,
1784 917 1883 970 ha-

191 1005 426 1076 buitque
486 1021 834 1075 synonymos
866 1021 1029 1074 reges
1075 1010 1323 1075 quatuor
1352 1005 1455 1058 sub
1471 1006 1744 1075 chrique
1777 1023 1884 1058 no-

193 1093 361 1160 mine,
395 1094 550 1164 quod
585 1093 708 1147 Itali
757 1093 951 1148 Err-ico
999 1094 1399 1164 pronuntiant.
1437 1094 1578 1147 Nota
1606 1098 1884 1164 praeterea

190 1181 481 1234 Gretserus
539 1187 918 1252 cognomenta
971 1181 1241 1236 habuisse
1300 1181 1604 1236 Henricum
1637 1183 1881 1253 impera-

190 1275 394 1339 torem,
451 1273 630 1324 sancti
684 1271 1053 1337 asanctitate,
1101 1273 1187 1340 pii
1234 1288 1267 1324 a
1310 1270 1543 1340 pietate,
1599 1271 1802 1337 claudi,
1852 1289 1884 1326 a

190 1358 380 1411 luxato
435 1357 674 1412 femore.
736 1360 1082 1429 Frequentes
1141 1375 1274 1412 vero
1329 1358 1502 1413 fuisse
1553 1359 1884 1429 hujusmodi

189 1447 602 1518 appellationes
635 1447 866 1517 regibus
896 1451 952 1501 et
981 1447 1431 1518 Imperatoribus
1454 1448 1722 1515 adjectas,
1757 1450 1882 1502 vul-

186 1550 255 1604 go
287 1540 488 1588 notum
521 1540 622 1589 est.
684 1535 824 1590 Hinc
852 1537 1066 1605 Auceps
1096 1535 1212 1600 ille,
1246 1535 1472 1590 Henrici
1502 1536 1680 1589 sancti
1709 1552 1880 1606 proa-

187 1639 304 1685 vus,
353 1624 506 1693 quod
559 1623 802 1694 aucupio
854 1623 1249 1680 delectaretur.
1313 1627 1366 1677 et
1424 1626 1657 1678 Humilis
1709 1625 1878 1680 etiam

187 1711 391 1778 dictus,
468 1712 622 1782 quod
703 1728 970 1766 coronam
1055 1711 1414 1782 Imperialem
1492 1711 1875 1763 detrectassct.

185 1800 386 1853 Ottoni
446 1800 492 1854 II
551 1802 671 1870 Ruﬁ
720 1817 1041 1871 cognomen
1070 1801 1332 1862 adhmsit,
1365 1799 1554 1854 Ottoni
1589 1800 1660 1854 IlI
1697 1801 1878 1863 Pueri,

185 1886 336 1957 quod
395 1903 543 1956 puer
601 1903 841 1957 regnare
891 1892 1188 1957 coepisset:
1248 1886 1521 1939 Henricus
1575 1886 1649 1939 IlI
1713 1887 1881 1952 Niger

183 1975 368 2028 dictus
397 1981 504 2043 est,
531 1975 822 2029 Conradus
855 1977 977 2044 ejus
1011 1989 1172 2044 pater
1201 1975 1432 2029 Salicus.
1469 1975 1581 2028 Nec
1611 1973 1669 2026 in
1701 1974 1878 2026 Fran-

185 2063 269 2116 cia
302 2063 540 2118 defuere
571 2063 752 2117 indita
781 2064 1047 2118 facillime
1086 2068 1487 2133 cognomenta,
1509 2066 1573 2116 ut
1614 2061 1789 2116 habes
1821 2062 1878 2114 in

186 2152 404 2206 Carolis
435 2153 616 2218 Calvo,
650 2153 860 2215 Crasso,
895 2152 1169 2221 Simplice,
1221 2153 1495 2220 Sapiente,
1528 2156 1657 2210 etc..
1716 2156 1781 2203 ut
1809 2151 1876 2202 ad

186 2241 410 2294 Graecos
437 2257 552 2294 non
583 2241 935 2306 accedamus,
983 2241 1190 2311 quibus
1217 2256 1330 2294 non
1363 2241 1552 2293 minor
1581 2239 1689 2294 fuit
1708 2239 1877 2292 liber-

187 2335 270 2382 tas
298 2330 677 2399 Imperatores
699 2346 831 2383 suos
859 2329 1288 2400 agnominandi.

253 2421 305 2472 8.
332 2418 400 2470 Et
427 2417 496 2472 de
524 2420 612 2487 pii
630 2417 862 2488 quidem
891 2423 946 2471 ct
961 2421 1136 2472 sancti
1156 2417 1619 2488 cognomentisS.
1639 2418 1879 2472 Henrico

182 2507 436 2570 tributis,
466 2522 554 2560 res
588 2506 643 2559 in
675 2512 967 2575 comperto
986 2511 1086 2571 est,
1108 2506 1406 2577 potissima
1432 2507 1548 2560 imo
1579 2508 1700 2560 sola
1729 2523 1881 2578 quae-

181 2596 288 2647 stio
322 2593 568 2648 vertitur
599 2595 667 2648 de
699 2594 884 2649 claudi
907 2595 1306 2665 appellatione,
1341 2612 1512 2666 quam
1557 2595 1715 2649 miris
1752 2613 1879 2649 mo-

178 2682 265 2736 dis
298 2682 353 2736 ei
411 2683 653 2736 inditam
690 2688 924 2737 narrant
968 2684 1288 2754 scriptores,
1351 2701 1491 2754 quos
1526 2684 1674 2737 inter
1702 2686 1750 2736 is
1781 2685 1879 2754 qui

181 2770 377 2825 Sancti
409 2771 719 2842 aliqualem
768 2771 942 2825 vitam
989 2772 1212 2842 scripsit
1255 2772 1584 2838 monachus,
1633 2772 1875 2842 opinor;

180 2859 278 2913 sed
304 2860 419 2912 huc
449 2875 627 2930 usque
658 2875 976 2929 anonymus
1007 2860 1065 2913 in
1098 2859 1420 2930 fragmento
1451 2859 1875 2929 Bambergeusi,

179 2947 451 3002 addendo
473 2947 646 3018 capiti
677 2950 764 3014 2'2,
798 2948 1028 3018 longam
1047 2947 1341 3001 historiam
1372 2953 1670 3013 memorat,
1705 2964 1878 3018 quam

180 3042 240 3090 ut
273 3037 551 3106 sugillare
589 3052 823 3106 prorsus
871 3037 1068 3102 nolim,
1105 3036 1311 3106 potiori
1342 3042 1536 3091 tamen
1567 3037 1877 3091 auctorita-
1912 3040 1952 3092 (Ξ

181 3126 250 3178 tis
305 3125 562 3194 pondere
611 3124 910 3196 praeditam
964 3126 1189 3192 vellem,
1263 3131 1319 3178 et
1366 3123 1569 3194 majori
1625 3129 1879 3178 veterum

177 3229 463 3267 consensu
499 3213 805 3280 ﬁrmatam,
839 3212 1194 3266 tradentibus
1225 3213 1348 3266 aliis
1388 3215 1536 3284 apud
1587 3213 1880 3268 laudatum

183 3301 537 3356 Gretserum.
569 3300 619 3355 S.
650 3300 978 3367 Henricum,
1003 3301 1059 3355 in
1104 3302 1254 3355 bello
1288 3301 1714 3372 Longobardico
1746 3319 1879 3355 cou-

181 3397 270 3444 tra
323 3390 650 3443 Arduinum
683 3406 780 3443 seu
821 3390 1204 3457 Hardwigum.
1245 3396 1550 3461 «captum,
1601 3408 1752 3457 cum,
1783 3391 1879 3446 de-

177 3480 362 3550 ceptis
403 3478 732 3532 custodibus
759 3478 1003 3548 elapsus,
1039 3479 1107 3533 de
1140 3495 1303 3532 muro
1337 3496 1397 3533 se
1449 3479 1878 3550 prtecipitasset,

179 3571 380 3622 luxato
413 3568 660 3621 fractove
692 3582 874 3632 crure,
907 3572 1102 3636 postea
1131 3567 1496 3642 claudicasse,
1525 3570 1673 3622 unde
1706 3569 1880 3622 CLAU-

181 3673 229 3710 ιιι
294 3660 748 3726 cognomentum
812 3654 1092 3708 habuerit.
1162 3678 1180 3702 ιι
1245 3656 1341 3709 His
1393 3656 1557 3722 adde,
1610 3657 1653 3708 si
1703 3657 1878 3720 lubet,

176 3762 309 3817 qua:
370 3745 429 3798 in
461 3743 721 3798 eamdem
772 3760 893 3798 rem
935 3744 1217 3815 congessit
1249 3744 1622 3808 Hofmannus,
1657 3744 1710 3798 in
1745 3745 1880 3798 cita-

173 3835 247 3888 tis
271 3834 395 3888 suis
453 3832 792 3901 Annalibus,
827 3833 936 3886 col.
978 3835 1044 3887 38
1084 3838 1139 3886 et
1179 3836 1266 3900 39,
1317 3839 1373 3888 et
1402 3833 1708 3887 novissime
1745 3835 1881 3888 Bur-

174 3923 434 3978 chardus
463 3921 722 3977 Strnvius
782 3921 839 3975 in
876 3921 1245 3992 Syntagmate
1297 3922 1555 3976 historice
1587 3939 1704 3976 suae
1745 3924 1880 3977 Ger-

175 4011 446 4076 manicas,
502 4016 663 4081 parte
715 4015 762 4077 l,
794 4026 924 4081 pag.
958 4013 1081 4066 372.
1114 4012 1305 4082 Neque
1335 4011 1768 4082 praetereundus
1799 4017 1882 4066 est

174 4101 449 4155 laudatus
494 4099 665 4153 etiam
742 4116 913 4170 supra
960 4100 1173 4170 Gaspar
1231 4100 1554 4166 Bruschius,
1611 4105 1767 4153 tomo
1813 4099 1882 4154 de

177 4187 542 4244 Monasteriis
592 4188 928 4272 Germanias,
972 4188 1092 4254 ubi,
1123 4204 1257 4259 pag.
1298 4191 1384 4242 87.
1419 4189 1664 4244 Montem
1699 4189 1885 4242 Mona-

177 4280 448 4345 chorum,
512 4276 580 4331 de
605 4293 748 4348 quos
793 4293 898 4330 nos
937 4277 1162 4332 abunde
1192 4278 1364 4332 locuti
1403 4294 1600 4332 sumus
1648 4277 1715 4331 ad
1749 4280 1882 4331 Acta

177 4368 212 4422 S
259 4365 492 4421 Ottonis
523 4364 613 4418 die
671 4366 916 4420 secunda
956 4365 1110 4434 Julii,
1164 4365 1508 4432 describens,
1543 4365 1652 4419 alia
1685 4364 1880 4419 obtru-

176 4457 280 4524 dit,
307 4456 505 4510 minus
536 4455 706 4507 etiam
739 4454 1053 4521 credibilia,
1081 4460 1146 4507 ut
1192 4453 1574 4508 diversissima
1605 4454 1701 4508 illa
1733 4454 1879 4525 ejus-

177 4545 310 4600 dem
374 4543 458 4597 rei
523 4541 904 4597 diversimode
983 4547 1226 4596 narratae
1296 4541 1582 4612 adjuncta,
1635 4542 1882 4596 invitum

179 4635 362 4689 etiam
406 4631 723 4703 quemlibet
751 4632 819 4686 dc
875 4631 1113 4686 veritate
1145 4631 1448 4702 ancipitem
1483 4631 1700 4686 haerere
1729 4648 1882 4685 com-

173 4723 418 4795 pellant.

249 4814 303 4866 9.
333 4809 825 4866 Clandicationem
875 4809 1143 4882 equidem
1195 4808 1458 4874 admitto,
1498 4813 1573 4871 at,
1592 4813 1658 4864 ut
1687 4824 1883 4863 verum

173 4900 382 4965 fatear,
446 4899 508 4952 in
564 4899 779 4951 nullam
832 4897 1206 4952 adductarum
1263 4914 1297 4951 a
1351 4897 1722 4968 scriptoribus
1774 4897 1885 4952 illis

178 5003 489 5044 causarum
547 4987 790 5041 multum
820 4987 1100 5054 inclinor;
1164 4986 1346 5057 magis
1402 4987 1630 5057 placent
1657 5002 1724 5040 ea
1753 5002 1882 5058 quae

177 5078 357 5132 habet
389 5077 684 5130 Browerus
717 5081 907 5130 noster
936 5077 992 5130 in
1014 5075 1466 5147 Antiquitatibus
1490 5075 1884 5141 Fuldensibus,

175 5168 277 5223 lib.
336 5183 419 5234 ιιι,
477 5181 604 5236 cap.
658 5167 742 5231 l5,
776 5181 906 5236 pag.
940 5166 1064 5232 255',
1120 5163 1210 5218 his
1257 5163 1475 5217 verbis:
1515 5183 1539 5213 α
1592 5164 1688 5218 Hic
1733 5163 1886 5218 idem

177 5256 462 5311 Henricus
544 5255 817 5324 (sanctus)
861 5269 961 5308 cur
1017 5252 1213 5307 Claudi
1273 5267 1592 5322 cognomen
1670 5251 1885 5318 tulerit,

177 5345 398 5416 inquiri
438 5344 627 5396 video.
685 5344 991 5395 Nauclerus
1041 5342 1191 5396 fama
1253 5346 1551 5411 exceptum
1605 5340 1887 5409 perhibet,

179 5449 244 5485 ex
279 5433 508 5500 objecto
542 5429 683 5499 Regi
735 5429 953 5482 coalitus
997 5427 1116 5483 viso
1143 5427 1198 5482 id
1228 5427 1500 5492 evenisse,
1534 5443 1662 5480 cum
1695 5427 1890 5480 Romae

155 5522 238 5575 'in
301 5517 545 5572 ecclesia
578 5517 640 5571 D.
675 5515 864 5570 Maria
897 5516 1121 5588 Majoris
1174 5515 1460 5572 Christum
1491 5515 1702 5582 Jesum,
1736 5531 1890 5568 sum-

180 5624 343 5663 mum
411 5605 790 5673 sacerdotem,
864 5604 1035 5660 Matre
1092 5605 1544 5677 Sanctorumque
1621 5602 1892 5674 stipatum

1911 4323 1954 4376 D

1996 563 2300 633 Evangelio
2335 564 2590 632 recitato,
2626 565 2815 636 angeli
2871 582 3047 620 manu
3103 566 3313 621 librum
3347 567 3418 622 ad
3463 585 3521 622 se
3551 569 3684 622 ferri

1994 651 2155 717 vidit,
2190 654 2382 707 osculo
2414 653 2484 708 de
2516 669 2674 709 more
2701 654 3036 721 libandum;
3065 661 3238 726 atque
3269 672 3336 709 eo
3366 656 3425 710 in
3465 661 3686 711 ostento

1994 739 2195 794 exiisse
2263 741 2332 794 de
2407 741 2615 796 mentis
2684 746 2986 812 potestate,
3062 743 3327 797 sensibus
3385 744 3680 798 alienatis:

1993 844 2239 899 cumque
2269 829 2405 899 quid
2448 845 2641 884 secum
2681 836 2949 901 ageretur
2990 829 3086 885 ille
3138 832 3371 902 quidem
3423 833 3683 899 nesciret,

1992 917 2282 983 angelum,
2351 917 2664 972 collaudata
2723 920 2846 988 ejus
2891 919 3186 989 pudicitia,
3235 925 3291 973 et
3341 919 3685 974 castimonia:

1994 1004 2204 1070 studio,
2229 1005 2483 1076 tetigisse
2523 1023 2762 1061 nervum
2795 1007 3049 1073 femoris,
3084 1014 3254 1078 atque
3280 1007 3414 1062 inde
3467 1007 3684 1062 claudi-

1992 1109 2120 1146 care
2177 1093 2431 1162 ccepisse.
2490 1097 2562 1149 At
2618 1095 2943 1167 comperior
2998 1096 3266 1167 equidem
3323 1097 3383 1150 in
3435 1096 3684 1150 ecclesia:

1994 1181 2290 1236 Fuldensis
2340 1183 2692 1238 membranis
2739 1184 2808 1238 iis
2856 1184 3066 1255 quibus
3117 1184 3513 1239 muniﬁcentia
3563 1186 3684 1255 ejus

1991 1269 2148 1339 regia
2189 1270 2548 1339 describitur,
2606 1271 2808 1342 primis
2853 1272 3132 1342 regnandi
3161 1272 3431 1339 exordiis,
3463 1288 3592 1326 cum
3626 1289 3684 1326 se

1991 1363 2277 1412 exerceret
2329 1363 2560 1424 venatu,
2620 1358 2930 1430 gravitera
2988 1360 3106 1413 fera
3161 1359 3437 1427 saucium,
3472 1376 3685 1415 nomen

1991 1445 2125 1500 inde
2158 1447 2426 1517 populari
2471 1447 2780 1517 jactatione
2836 1448 3110 1517 Duffchols
3169 1449 3462 1520 (grallator
3499 1464 3592 1502 seu
3614 1448 3682 1502 li-

1991 1547 2104 1601 gno
2163 1533 2413 1604 saliens),
2464 1533 2521 1587 id
2578 1539 2664 1586 est
2717 1534 2902 1588 claudi
2932 1535 3150 1590 tulisse.
3207 1535 3586 1600 Quamobrem
3618 1552 3684 1589 ex

1990 1621 2096 1674 hoc
2127 1621 2244 1675 fere
2275 1621 2506 1676 incursu
2558 1622 2904 1677 claudicasse
2948 1623 3158 1694 potius,
3208 1640 3336 1678 cum
3373 1625 3683 1693 majoribus

1991 1709 2219 1764 credere
2289 1711 2453 1764 liceat
2512 1709 2738 1782 [quam]
2798 1727 2865 1766 ex
2920 1712 3109 1782 angeli
3163 1718 3446 1778 contactu,
3500 1713 3544 1768 si
3600 1713 3682 1767 illi

1990 1798 2111 1850 viso
2182 1815 2285 1852 sua
2335 1799 2476 1852 ﬁdes
2528 1799 2987 1853 testiﬁcationem
3046 1801 3308 1854 retulisse
3365 1802 3684 1872 conjugalis

1991 1886 2350 1941 abstinentiae
2386 1886 2809 1958 pudicitizeque.
2851 1909 2873 1936 ι
2908 1887 3071 1944 Clara
3126 1888 3247 1942 haec
3294 1890 3464 1960 plana
3494 1895 3551 1943 et
3595 1906 3681 1943 sa-

1990 1990 2064 2028 na
2091 1980 2256 2030 sunt:
2286 1991 2473 2046 neque
2504 1991 2636 2029 vero
2685 1975 2961 2047 prodigiis
2983 1993 3127 2046 opus
3156 1978 3265 2030 fuit
3295 1983 3376 2042 ut,
3411 1977 3560 2048 quod
3591 1978 3684 2031 in-

1991 2067 2076 2116 ter
2116 2065 2384 2118 mortales
2442 2064 2583 2118 adeo
2619 2064 2852 2118 obvium
2883 2069 2985 2131 est,
3016 2065 3070 2119 S.
3133 2065 3405 2120 Henricus
3437 2083 3503 2120 ex
3533 2071 3682 2121 recte

1991 2153 2288 2224 gradiente.
2341 2153 2572 2207 claudus
2625 2153 2976 2208 redderetur.
3034 2155 3171 2208 Hinc
3200 2155 3271 2209 ad
3321 2145 3506 2209 Sancti
3543 2161 3682 2210 teta-

1991 2249 2127 2309 tem,
2151 2242 2370 2296 obitum
2402 2247 2458 2296 et
2482 2243 2695 2296 cultum
2727 2243 3148 2314 progredimur.

1992 2334 2018 2398 §
2051 2332 2118 2384 II.
2155 2331 2342 2386 Sancti
2377 2336 2528 2394 actas,
2572 2347 2746 2385 annus
2775 2337 2826 2386 et
2854 2332 2966 2386 dies
2993 2333 3189 2398 obitus,
3241 2335 3437 2402 cultus,
3485 2333 3679 2400 elogia.

2066 2422 2146 2474 l0.
2183 2423 2422 2474 Aitatem
2453 2420 2508 2474 S.
2541 2421 2768 2474 Henrici
2801 2436 2905 2474 nec
2929 2421 2999 2474 ab
3028 2421 3343 2476 Adelboldo
3376 2438 3476 2476 nec
3510 2439 3542 2475 a
3569 2423 3682 2477 Dit-

1991 2526 2150 2562 maro
2199 2509 2382 2578 repeti
2439 2525 2604 2579 posse
2668 2509 3035 2579 perspicuum
3093 2515 3208 2576 est;
3267 2511 3474 2581 prioris
3529 2513 3682 2566 enim

1989 2597 2387 2668 imperfectum
2421 2602 2507 2651 est
2537 2613 2702 2668 opus,
2735 2597 2998 2651 desinens
3044 2597 3104 2651 in
3131 2615 3280 2652 anno
3339 2601 3492 2664 1004,
3541 2600 3685 2654 alter

1988 2690 2180 2738 autem
2229 2684 2433 2738 Sancto
2489 2699 2606 2737 non
2659 2685 2992 2754 supervixit,
3045 2692 3390 2756 pramature
3446 2705 3476 2739 e
3543 2689 3682 2742 vivis

1989 2777 2217 2841 ereptus
2247 2787 2397 2824 anno
2435 2772 2586 2825 l0l8.
2619 2771 2929 2825 Monachus
2974 2788 3310 2843 anonymus,
3345 2791 3517 2845 quem
3543 2777 3682 2830 Vita:

1989 2860 2424 2930 qualiscumque
2455 2864 2744 2912 auctorem
2777 2859 3172 2930 supponimus,
3208 2877 3330 2932 cap.
3366 2864 3432 2916 30
3459 2862 3538 2916 sic
3570 2864 3680 2918 ait:

1994 2970 2021 2996 ι(
2057 2947 2327 3002 Defuncto
2377 2948 2568 3018 itaque
2600 2948 2925 3002 beatissimo
2958 2947 3058 3001 Dei
3090 2947 3304 3002 famulo
3335 2966 3487 3003 anno
3522 2951 3682 3019 regni

1992 3038 2078 3091 sui
2109 3053 2258 3102 xxiv,
2289 3036 2418 3089 vitze
2466 3052 2559 3102 ιιι,
2603 3037 2830 3106 imperii
2878 3053 3010 3090 vero
3053 3053 3124 3101 ιχ,
3156 3059 3175 3084 »
3218 3043 3323 3092 etc.
3357 3040 3458 3092 Ast
3501 3039 3594 3093 hie
3625 3040 3682 3092 in

1990 3126 2179 3196 primo
2233 3125 2555 3178 charactere
2589 3133 2730 3190 erat,
2777 3141 2906 3179 eum
2943 3125 3133 3180 Sancti
3179 3127 3477 3180 exordium
3519 3134 3683 3182 antea

1992 3213 2318 3268 innexucrit
2372 3230 2523 3267 anno
2574 3214 2738 3282 lOOl;
2793 3230 2991 3269 verum
3049 3214 3117 3268 ab
3174 3231 3269 3268 vm
3325 3216 3454 3270 Idus
3502 3233 3596 3270 seu
3631 3234 3679 3271 νι

1988 3302 2142 3357 Junii
2199 3303 2335 3355 1002
2396 3303 2464 3355 ad
2519 3301 2670 3355 diem
2728 3302 2918 3356 obitus
2968 3319 3062 3357 xm
3121 3319 3217 3356 seu
3252 3320 3341 3357 xrv
3386 3305 3520 3358 Julii
3569 3321 3680 3359 non

1990 3394 2179 3461 potest
2208 3389 2444 3460 reperiri
2480 3389 2584 3442 nisi
2637 3406 2821 3443 annus
2861 3406 2996 3444 xxm
3045 3391 3386 3456 inchoatus;
3421 3392 3684 3462 quocirca

1990 3480 2061 3534 ab
2091 3478 2217 3532 aliis
2247 3479 2494 3532 rotundo
2519 3495 2759 3532 numero
2790 3479 2975 3531 solum
3002 3493 3270 3548 regnasse
3287 3479 3496 3532 dicitur
3517 3480 3684 3534 annis

1991 3585 2123 3634 χχιι,
2156 3572 2219 3621 ut
2252 3567 2568 3636 Imperator
2589 3583 2724 3620 vero
2770 3567 2936 3620 annis
2967 3583 3031 3620 x:
3081 3582 3211 3637 quae
3271 3566 3466 3621 omnia
3521 3550 3681 3622 iacile

1990 3659 2423 3729 intelliguntur:
2495 3671 2609 3709 non
2664 3655 2802 3709 item
2859 3656 3013 3726 quod
3083 3662 3342 3710 mortuus
3407 3657 3481 3710 sit
3530 3673 3682 3712 anno

1991 3763 2165 3812 nxxu,
2197 3747 2280 3800 uti
2305 3745 2498 3816 plures
2526 3744 2801 3814 scripsere
2832 3759 2973 3814 quos
3015 3744 3106 3798 hic
3161 3743 3397 3798 recitare
3426 3761 3542 3799 non
3585 3762 3682 3799 va-

1990 3840 2099 3901 cat,
2130 3834 2344 3889 nedum
2390 3832 2658 3898 refutare,
2710 3849 2824 3887 non
2873 3833 3056 3904 magis
3098 3848 3272 3904 quam
3327 3833 3470 3887 alios
3517 3835 3684 3906 regni

1989 3923 2154 3978 initia
2182 3923 2425 3992 figentes
2447 3937 2596 3974 anno
2628 3920 2954 3975 millesimo.
2990 3921 3258 3976 Omnium
3293 3921 3473 3976 instar
3493 3923 3585 3978 hic
3611 3924 3682 3978 sit

1991 4016 2187 4068 auctor
2239 4011 2377 4064 Viue
2438 4009 2491 4063 S.
2557 4009 2872 4064 Meinwerci
2924 4009 2982 4062 in
3047 4015 3243 4064 nostra
3293 4010 3565 4081 editione,
3612 4013 3679 4067 ad

1992 4101 2143 4155 diem
2174 4099 2398 4165 annii,
2427 4114 2549 4168 cap.
2580 4099 2663 4165 l3,
2696 4113 2858 4152 num.
2886 4098 3368 4167 lOl,ubidicitur:
3409 4124 3429 4150 εί
3453 4100 3508 4155 S.
3542 4101 3682 4155 Hen-

1992 4189 2140 4242 ricus
2171 4203 2299 4242 cum
2342 4186 2519 4241 totius
2558 4185 2998 4240 Christianitatis
3051 4187 3440 4242 inaestimabili
3470 4205 3681 4243 mcero-

1993 4283 2053 4330 r'e
2077 4293 2226 4332 anno
2247 4276 2377 4329 vitae
2422 4291 2538 4329 sua:
2577 4291 2669 4338 ιιι,
2728 4275 2892 4345 regni
2940 4290 3070 4346 χχιι,
3107 4275 3333 4344 imperii
3383 4292 3437 4342 x,
3485 4278 3680 4330 Domi-

1992 4365 2134 4420 nicm
2182 4363 2598 4418 Incarnationis
2629 4379 2796 4417 nxxw
2844 4363 3184 4428 defunctus;
3217 4387 3241 4408 ››
3303 4363 3455 4433 quod
3514 4365 3682 4435 plane

1992 4453 2289 4508 conﬁrmat
2344 4450 2827 4521 Chronographus
2871 4449 3013 4503 Saxo
3072 4449 3144 4504 ad
3195 4449 3409 4504 dictum
3467 4468 3684 4506 annum

1999 4545 2165 4609 1024ν
2183 4546 2240 4595 et
2266 4539 2527 4594 terminis
2578 4538 2750 4608 paulo
2800 4537 3248 4609 expressioribus
3293 4541 3538 4595 Annales
3566 4542 3682 4596 Hil-

1991 4633 2371 4695 desemenses,
2396 4643 2642 4700 quorum
2672 4626 2732 4681 hi
2764 4632 2898 4682 sunt
2927 4627 3310 4681 characteres:

2068 4722 2150 4774 ll.
2216 4738 2242 4769 α
2297 4733 2483 4784 ιιχχιιτ,
2545 4717 2745 4771 Indict.
2810 4734 2906 4772 vn.
2973 4717 3309 4771 Heinrichus
3367 4718 3688 4789 Imperator

1996 4807 2359 4863 Nativitatem
2431 4806 2638 4862 Christi
2697 4806 3048 4877 Babenberg,
3101 4806 3316 4860 Pascha
3371 4808 3686 4862 Partheno-

1994 4895 2133 4967 poli,
2168 4897 2541 4949 Pentecosten
2572 4910 2706 4948 vero
2737 4893 2965 4947 Goslare
3011 4893 3326 4948 honorifice
3361 4886 3685 4951 celebravit.

1995 4985 2102 5050 Qui
2131 4989 2328 5056 postea
2384 4985 2577 5039 Gruna
2622 4983 2797 5046 venit,
2843 4986 2899 5036 et
2941 4981 3023 5036 ibi
3070 4983 3348 5053 languore
3397 4989 3692 5054 correptus

1997 5073 2298 5140 decubuit;
2346 5078 2403 5127 et
2457 5087 2588 5126 cum
2641 5070 2815 5125 totius
2845 5070 3011 5141 regni
3063 5086 3305 5125 maerore
3349 5071 3450 5126 ah!
3494 5072 3592 5126 ah!
3632 5089 3686 5125 ιιι

1998 5163 2128 5217 Idus
2154 5161 2287 5216 Julii
2316 5159 2612 5215 hominem
2643 5160 2940 5230 deposuit:
2983 5159 3079 5214 sed
3111 5175 3223 5214 χχιι
3251 5159 3434 5225 annis,
3481 5159 3692 5214 hebdo-

2000 5251 2180 5306 madis
2209 5267 2241 5302 v
2267 5256 2325 5304 et
2375 5266 2487 5303 uno
2519 5248 2608 5303 die
2643 5249 2919 5319 regnavit.
2952 5249 3156 5303 Anima
3207 5248 3330 5318 ejus
3375 5247 3693 5318 requiescat

1999 5341 2055 5394 in
2086 5356 2240 5410 pace.
2307 5340 2409 5393 Det
2437 5339 2698 5408 requiem
2756 5338 2965 5391 animae
3023 5337 3122 5408 qui
3165 5341 3362 5390 cuncta
3411 5337 3694 5406 gubernat

2000 5427 2232 5498 ubique.
2266 5449 2292 5474 ››
2328 5426 2535 5480 Rectus
2585 5432 2669 5478 est
2699 5425 2970 5490 calculus,
3029 5423 3270 5477 exclusis
3301 5423 3392 5477 die
3433 5441 3482 5478 vi
3513 5427 3689 5496 Junii,

2001 5531 2115 5586 quo
2163 5531 2256 5569 rex
2311 5514 2646 5569 declaratus.
2694 5516 2752 5566 et
2798 5529 2895 5566 χιιι
2947 5510 3106 5578 Julii,
3167 5527 3283 5582 quo
3319 5512 3437 5567 vita
3465 5514 3695 5569 functus

2003 5606 2126 5668 est;
2160 5605 2466 5673 supersunt
2517 5600 2668 5655 enim
2707 5601 2826 5654 dies
2856 5615 3034 5658 xxxvi.
3077 5597 3176 5670 qui
3211 5615 3314 5671 per
3361 5606 3579 5673 septem
3604 5602 3692 5658 di-
