3940 6330
299 382 360 435 15

1595 373 1650 431 s.
1703 359 1984 432 insumat
2025 371 2492 431 IMPERATORIS

3730 375 3792 425 16

287 505 390 560 visi
424 506 591 577 pleno
645 520 888 558 numero
938 499 1182 560 reddunt
1213 503 1599 557 hebdomadas
1647 502 1901 573 quinque
1928 507 1985 556 et
2023 506 2064 556 A
2097 502 2203 556 hac
2233 501 2536 572 receptiori
2581 498 2906 556 celebritate
2937 497 3276 554 illustranda
3327 494 3672 565 censuimus,
3725 510 3794 550 ea

288 596 436 650 diem
487 610 686 647 unum.
719 599 899 664 Atque
931 594 1049 646 haec
1090 593 1324 662 quidem
1371 592 1506 644 satis
1549 591 1741 660 pervia
1779 597 1834 644 et
1881 590 1980 644 ob-

287 682 374 734 via
427 688 573 745 sunt,
620 683 975 752 habeturque
1009 687 1129 734 tota
1163 681 1289 734 vita;
1341 681 1610 750 periodus
1667 681 1736 733 ad
1765 696 1980 733 annum

288 770 468 824 (etatis
526 769 1068 840 quinquagesimum
1121 769 1432 822 secundum
1465 768 1762 837 producta,
1804 774 1860 821 et
1891 784 1980 821 re-

287 857 555 927 trogrado
615 858 817 910 ordine
877 856 1231 910 numerando
1279 856 1540 925 tigendus
1604 854 1839 908 omnino
1896 861 1984 908 est

290 959 474 996 annus
518 942 828 996 nativitatis
883 947 1011 995 ante
1063 957 1319 995 mensem
1368 942 1601 995 Junium
1651 958 1977 995 nccccuxn.

287 1031 378 1084 Sic
432 1031 609 1100 igitur
646 1031 956 1084 rectissime
985 1030 1042 1083 in
1101 1030 1385 1083 annotatis
1416 1031 1484 1083 ad
1523 1029 1663 1082 Vitae.
1694 1029 1981 1100 praedictas

288 1136 408 1188 cap.
443 1121 508 1173 30
534 1119 877 1189 computavit
909 1119 1198 1172 Gretserus
1249 1119 1305 1170 in
1339 1118 1489 1171 hunc
1517 1118 1790 1170 modum:
1823 1140 1841 1164 α
1875 1118 1981 1170 Mo-

289 1208 435 1261 ritur
493 1208 805 1278 Imperator
835 1207 1104 1260 Henricus
1163 1223 1311 1258 anno
1344 1221 1530 1271 uxxlv,
1573 1221 1630 1258 ιιι
1663 1206 1794 1259 ldus
1822 1203 1979 1258 Julii.

291 1296 464 1348 Natus
496 1302 578 1348 est
608 1311 755 1347 anno
787 1310 1087 1347 DCCCCLXXII
1123 1294 1446 1346 Ratisbonaa
1473 1312 1499 1343 »
1550 1292 1760 1363 (locum
1801 1293 1980 1346 alium

288 1399 400 1436 non
428 1383 626 1452 procul
685 1382 814 1436 inde
841 1383 1120 1448 dissitum,
1154 1381 1530 1446 Abudiacum,
1566 1381 1778 1434 notavit
1799 1382 1978 1434 Rade-

283 1486 381 1523 rus
436 1471 560 1523 loco
627 1485 798 1539 supra
848 1469 1088 1538 citato)«
1142 1468 1328 1538 pridie
1389 1469 1574 1521 Nonas
1629 1468 1777 1532 Maii,
1821 1473 1882 1522 ut
1913 1485 1978 1523 ex

288 1560 542 1612 Ditmaro
587 1561 746 1610 notat
777 1558 1063 1611 Fabricius
1115 1557 1174 1609 in
1232 1556 1564 1626 Originibus
1608 1556 1916 1611 Saxonicts.
1955 1580 1975 1605 ο

289 1647 520 1699 Frustra
567 1646 657 1698 hic
711 1645 974 1715 pluribus
1005 1643 1274 1698 discutias
1323 1644 1475 1714 quod
1505 1644 1565 1697 in
1592 1644 1831 1698 dubium
1869 1661 1980 1698 non

289 1737 606 1786 revocatur.

361 1823 444 1874 12.
482 1823 556 1874 De
589 1820 679 1874 die
711 1819 899 1873 obitus
947 1819 1318 1890 quaestionem
1361 1836 1586 1874 movere
1618 1825 1848 1890 possent
1877 1838 1984 1874 au-

285 1909 462 1963 ctaria
491 1909 808 1962 Usuardina
837 1913 895 1962 et
938 1909 1254 1962 recentiora
1300 1908 1695 1979 Martyrologia
1727 1909 1784 1962 in
1839 1926 1983 1979 quo-

283 2013 411 2051 rum
445 1997 732 2066 aliquibus
763 1996 1024 2066 signatur
1052 1997 1108 2050 S.
1165 1997 1440 2050 Henricus
1474 2014 1532 2051 ιιι
1565 1997 1720 2063 Idus,
1766 1997 1825 2051 in
1856 1998 1982 2051 aliis

283 2087 468 2155 pridie
500 2086 649 2150 Idus,
691 2101 804 2154 quo
836 2086 1258 2154 expressissime
1310 2087 1554 2139 refertur
1603 2085 1660 2138 in
1703 2087 1980 2139 hodierno

287 2174 578 2228 Romano:
610 2194 636 2220 «
686 2173 1036 2242 Bambergae,
1091 2172 1272 2226 sancti
1323 2173 1546 2227 Henrici
1593 2173 1764 2244 primi
1795 2175 1980 2242 Impe-

285 2261 502 2320 ratoris,
541 2261 640 2331 qui
669 2277 798 2314 cum
833 2277 1004 2314 uxore
1055 2277 1157 2314 sua
1203 2262 1597 2330 Chunegunde
1643 2269 1980 2331 perpetuam

283 2349 670 2419 virginitatem
728 2348 988 2414 servavit,
1040 2353 1096 2401 et
1141 2355 1399 2402 sanctum
1431 2350 1782 2418 Stephanum
1825 2349 1978 2402 Hun-

283 2453 553 2506 garorum
603 2452 794 2506 regem
823 2452 954 2489 cum
1010 2437 1274 2489 universo
1306 2437 1421 2490 fere
1445 2438 1566 2506 ejus
1613 2454 1790 2507 regno
1813 2439 1878 2490 ad
1913 2438 1978 2489 ii-

281 2527 412 2578 dem
465 2525 674 2579 Christi
733 2524 1153 2594 suscipiendam
1182 2525 1468 2594 perduxit,
1513 2525 1677 2594 cujus
1707 2525 1980 2578 festivitas

280 2614 373 2667 die
422 2612 683 2682 sequenti
710 2612 1049 2676 celebratur,
1098 2634 1117 2659 »
1152 2617 1212 2666 ut
1243 2612 1482 2682 proinde
1539 2630 1605 2666 eo
1634 2614 1725 2667 die
1760 2616 1974 2666 morta-

278 2701 496 2753 litatem
546 2699 766 2752 exuisse
827 2701 993 2768 plane
1039 2706 1358 2753 censeatur.
1418 2703 1488 2754 At
1545 2717 1649 2769 pro
1690 2701 1974 2766 Gretsero,

278 2796 488 2858 praeter
518 2789 785 2859 antiquos
814 2789 1256 2858 scriptoresjam
1297 2805 1468 2859 supra
1498 2790 1776 2857 laudatos,
1805 2790 1978 2843 alios-

281 2893 412 2946 que,
447 2893 592 2946 quos
632 2893 928 2929 recensere
958 2877 1313 2947 superfluum
1365 2877 1586 2946 judico,
1618 2877 1749 2931 facit
1779 2878 1976 2931 eadem

283 2965 337 3017 S.
370 2964 681 3018 Meinwerci
714 2963 855 3028 Vita,
912 2965 1034 3017 loco
1090 2964 1257 3018 citato
1301 2967 1407 3018 hoc
1455 2965 1810 3036 epitaphium
1841 2965 1979 3020 refe-

280 3068 442 3106 rens:

353 3185 553 3238 Henric
585 3189 874 3255 Augustus
904 3185 1177 3240 virtutum
1209 3186 1690 3256 germinejustns,

424 3274 552 3326 Haec
574 3279 758 3327 servat
789 3275 949 3344 cujus
978 3274 1191 3328 viscera
1222 3275 1403 3344 putris
1433 3277 1676 3340 humus;

349 3362 630 3432 Splendor
682 3369 805 3416 erat
850 3364 1058 3432 legum,
1095 3367 1409 3434 speculum,
1472 3365 1586 3429 lux,
1629 3379 1970 3434 gemmaque

420 3451 502 3504 Ad
533 3451 702 3504 caelos
724 3451 881 3515 abiit,
917 3468 1030 3505 non
1055 3452 1305 3506 moriens
1337 3452 1498 3506 obiit.
1719 3451 1970 3523 [regum,

351 3539 542 3592 Idibus
568 3539 626 3592 in
646 3540 824 3592 ternis
853 3547 1153 3594 vexantem
1189 3541 1442 3610 pondera
1468 3541 1653 3594 carnis

417 3627 600 3680 Julius
638 3627 887 3680 tethereo
918 3634 1242 3698 sumpserat
1269 3629 1531 3697 imperio.

354 3772 436 3823 13.
473 3770 600 3822 Ηωο
644 3768 804 3822 litem
835 3786 1065 3823 omnem
1098 3786 1330 3839 prorsus
1373 3769 1641 3823 dirimere
1687 3769 1970 3836 videntur,

279 3857 557 3926 quidquid
618 3857 678 3910 in
727 3857 896 3911 variis
951 3857 1088 3911 locis
1167 3858 1352 3911 cultus
1408 3857 1642 3909 fortasse
1696 3857 1867 3910 fuerit
1914 3860 1966 3912 S.

281 3945 554 3997 Ilenricus
583 3961 672 3997 xw
701 3945 856 4010 Julii,
893 3961 1064 4015 quem
1115 3946 1460 3998 recentiores
1505 3943 1714 4012 passim
1773 3961 1971 3998 omnes

2014 1779 2054 1830 Β

2095 607 2222 660 quae
2252 591 2318 646 ad
2342 593 2463 658 ejus
2499 597 2658 661 gesta
2708 596 2763 643 et
2802 591 3022 643 cultum
3052 590 3339 660 pertinent
3377 589 3466 642 hic
3523 602 3791 657 prosecu-

2093 679 2227 743 turi,
2264 678 2570 750 praemissis
2604 678 2838 732 Usuardi
2865 678 3155 731 nonnullis
3194 676 3549 730 auctariisin
3582 675 3794 746 quibus

2094 775 2151 820 et
2181 784 2275 821 xm
2299 773 2355 820 et
2380 783 2466 821 xw
2495 767 2630 820 Julii
2679 767 3019 820 collocatum
3071 766 3418 825 invenimus.
3468 780 3600 817 nam
3642 763 3793 834 apud

2094 856 2445 926 antiquiores
2503 856 2659 908 nulla
2723 861 2938 908 exstare
2996 855 3185 923 potuit
3257 853 3534 906 memoria
3587 851 3791 911 Sancti,

2093 961 2264 1014 quem
2299 945 2510 998 scimus
2553 943 2857 997 undecimo
2907 943 3156 1013 primum
3186 942 3392 995 saeculo
3445 941 3513 994 ad
3546 940 3794 1010 Superos

2093 1033 2364 1086 evolasse.
3303 1088 3310 1092 _

2168 1122 2249 1174 14,
2325 1121 2400 1173 De
2456 1125 2659 1173 caetero
2712 1119 2846 1173 satis
2897 1126 3116 1173 certum
3175 1124 3259 1172 est
3322 1119 3589 1189 inclytam
3647 1117 3792 1170 adeo

2090 1208 2284 1276 fuisse,
2333 1213 2388 1261 et
2419 1225 2521 1278 per
2557 1213 2739 1262 totum
2771 1208 2967 1261 orbem
3006 1207 3346 1261 catholicum
3402 1205 3792 1277 percrebuisse

2090 1296 2145 1351 S.
2185 1297 2409 1350 Henrici
2437 1296 2734 1362 virtutum,
2757 1295 2983 1366 pietatis
3031 1301 3086 1349 et
3117 1295 3525 1349 miraculorum
3555 1296 3792 1360 famam,

2090 1390 2301 1438 utnon
2333 1384 2431 1437 diu
2462 1388 2591 1453 post
2620 1383 2838 1437 obitum
2893 1399 3000 1452 pro
3053 1384 3256 1436 Sancto
3302 1382 3498 1435 haberi
3558 1383 3794 1452 coeperit

2090 1472 2316 1542 colique
2371 1489 2402 1525 a
2452 1470 3116 1541 fidelibus,-prassertim
3163 1489 3192 1523 a
3250 1470 3789 1540 Bambergensibus,

2092 1577 2237 1632 quos
2266 1559 2536 1614 continuo
2568 1559 2836 1614 institisse
2896 1559 3177 1625 existimo,
3233 1564 3298 1612 ut
3340 1559 3608 1612 fundator
3657 1575 3793 1611 suus

2091 1649 2154 1702 in
2199 1649 2449 1702 caelitum
2504 1648 2698 1701 album
2749 1649 3070 1702 referretur.
3133 1647 3407 1717 quamvis,
3459 1653 3519 1700 ut
3574 1648 3658 1713 fit,
3718 1647 3791 1700 ob

2091 1736 2245 1790 varia
2277 1733 2611 1802 incidentia,
2662 1752 2753 1789 res
2800 1735 2860 1788 in
2912 1736 3172 1805 proxime
3227 1751 3472 1805 sequens
3516 1735 3788 1787 saeculum

2092 1824 2266 1877 dilata
2295 1823 2504 1877 fuerit:
2550 1840 2664 1894 quo
2724 1823 3070 1876 iutermedio
3119 1828 3375 1892 tempore
3432 1821 3492 1874 in
3532 1839 3635 1874 usu
3669 1837 3791 1875 esse
3861 1843 3868 1848 ·

2091 1911 2406 1982 potuerint,
2461 1927 2603 1981 quas
2653 1911 2791 1964 olim
2863 1911 3160 1981 descripsit
3216 1916 3408 1963 noster
3451 1910 3786 1978 Janningus.

2095 2001 2322 2054 «Missas
2376 2000 2646 2070 speciales
2678 2021 2698 2046 ι
2749 2016 2854 2069 pro
2915 1999 3122 2052 sanctis
3154 1999 3470 2068 virginibus
3535 1999 3792 2068 conjugi-

2088 2089 2194 2142 bus
2249 2088 2519 2142 celebrari
2568 2089 2771 2153 solitae,
2828 2104 3073 2158 quarum
3131 2088 3222 2140 has
3268 2093 3400 2140 sunt
3458 2086 3789 2140 orationes:

2093 2198 2116 2225 ε
2149 2175 2482 2246 Propitiare,
2517 2192 2867 2246 quaesumus,
2905 2177 3162 2242 Domine,
3207 2175 3415 2228 animae
3471 2174 3673 2228 famuli
3704 2177 3793 2229 tui

2089 2265 2333 2330 Henrici,
2369 2273 2425 2318 et
2462 2270 2666 2335 praesta
2696 2269 2776 2330 ut,
2827 2264 2927 2334 qui
2978 2265 3046 2318 de
3078 2264 3191 2317 tuis
3223 2263 3390 2316 donis
3439 2263 3500 2315 in
3525 2264 3633 2316 hoc
3663 2264 3790 2317 loco

2087 2353 2355 2423 pervigili
2387 2370 2523 2406 cura
2555 2352 2776 2406 nomini
2816 2358 2914 2406 tuo
2943 2352 3280 2422 quotidiana
3308 2351 3651 2421 praeparavit
3680 2353 3787 2404 ob-

2087 2441 2304 2511 sequia,
2367 2446 2641 2510 perpetua
2670 2456 2801 2493 cum
2857 2440 3072 2493 Sanctis
3103 2437 3320 2508 perfrui
3353 2443 3640 2491 mereatur
3685 2439 3788 2492 lae-

2086 2529 2228 2582 titia.
2265 2531 2371 2583 Per
2421 2529 2579 2582 Dom.
2617 2551 2636 2575 ιο
2672 2529 2936 2581 Secreta:
2969 2547 2998 2577 (ι
3029 2529 3180 2580 Hanc
3209 2526 3576 2581 oblationem.
3623 2543 3789 2598 quas—

2087 2633 2305 2682 sumus,
2331 2617 2592 2678 Domine,
2628 2622 2687 2669 ut
2717 2617 2768 2668 ei
2799 2615 2870 2669 ad
2907 2615 3148 2668 salutem
3183 2614 3499 2684 proveniat,
3532 2615 3696 2684 cujus
3726 2616 3787 2669 in

2089 2707 2192 2759 hoc
2248 2707 2372 2760 loco
2430 2705 2727 2775 stipendiis
2774 2711 2970 2758 nostra
3025 2703 3128 2757 tibi
3206 2704 3447 2756 servitus
3524 2711 3788 2773 vegetata

2088 2794 2394 2848 ministrat.
2429 2813 2456 2844 ιι
2521 2791 3000 2856 Postcommunio,
3046 2797 3175 2857 etc,
3208 2791 3473 2845 eumdem
3505 2798 3784 2861 spectant.

2088 2881 2280 2936 Oratio
2331 2882 2401 2935 de
2457 2886 2650 2933 sancta
2706 2880 3055 2948 Cunegunde
3099 2879 3177 2932 ita
3229 2880 3432 2933 habet:
3473 2904 3492 2927 ι
3547 2881 3784 2942 Praesta.

2088 2986 2436 3040 quaesumus,
2486 2968 2848 3038 omnipotens
2878 2969 3044 3033 Deus,
3080 2974 3144 3022 ut
3184 2967 3378 3022 anima
3408 2969 3638 3022 famulae
3668 2974 3786 3022 tua-

2015 3055 2055 3108 C
2095 3057 2522 3128 Chunegundae,
2575 3057 2831 3110 omnium
2877 3063 3238 3126 peccatorum
3284 3073 3516 3110 suorum
3544 3057 3789 3110 nexibus

278 4032 537 4084 unanimi
565 4049 845 4086 consensu
875 4049 942 4086 eo
984 4034 1074 4085 die
1101 4031 1466 4093 annuntiant,
1509 4037 1564 4084 et
1593 4047 1692 4083 nos
1743 4032 1876 4085 alibi
1901 4034 1969 4087 ad
2017 4080 2020 4083 .

277 4119 430 4172 hunc
462 4120 647 4190 ipsum
681 4122 764 4173 vel
800 4121 866 4174 ad
901 4128 1234 4191 sequentem
1265 4136 1333 4172 xv
1376 4119 1572 4172 omnia
1607 4119 1674 4171 ad
1703 4118 1970 4172 Sanctum

278 4210 590 4278 spectantia
663 4211 1010 4274 remisimus,
1097 4208 1412 4261 secundum
1497 4205 1731 4260 citatum
1799 4209 1969 4262 modo

2083 3147 2361 3214 absoluta,
2420 3162 2550 3199 cum
2599 3146 2864 3199 omnibus
2895 3145 3113 3200 Sanctis
3179 3145 3292 3199 tuis
3319 3151 3596 3216 perpetua
3646 3163 3780 3216 per-

2080 3235 2191 3289 frui
2244 3241 2530 3288 mereatur
2585 3234 2854 3300 laetitia,»
2889 3242 2992 3288 etc.
3052 3235 3128 3288 Ex
3160 3235 3368 3304 quibus
3419 3240 3568 3288 certe
3626 3242 3787 3304 patet

2081 3322 2424 3376 abstinuisse
2457 3338 2556 3392 per
2586 3322 2638 3375 id
2673 3327 2900 3392 tempus
2951 3323 3073 3392 pios
3104 3322 3338 3376 clientes
3367 3339 3400 3376 ει
3439 3323 3784 3378 Sanctorum

2081 3410 2392 3464 honoribus
2447 3410 2586 3480 ipsis
2629 3409 2971 3463 deferendis.
3043 3411 3235 3481 Neque
3296 3410 3619 3464 verosimile
3674 3419 3782 3477 est,

2080 3505 2210 3553 ante
2259 3498 2744 3553 canonizationem
2800 3499 2854 3552 S.
2929 3499 3152 3552 Henrici
3197 3515 3408 3552 nomen
3467 3499 3526 3552 in
3589 3517 3786 3554 sacros

2085 3589 2273 3642 Fastos
2303 3588 2545 3642 relatum
2591 3588 2783 3653 fuisse,
2842 3593 2898 3640 et
2951 3587 3136 3657 primo
3191 3587 3426 3657 quidem
3473 3603 3571 3641 xm
3618 3589 3781 3659 Julii,

2079 3676 2284 3730 deinde
2340 3693 2448 3743 xxv,
2505 3681 2566 3730 ut
2617 3676 2802 3746 palam
2847 3675 3056 3729 facient
3097 3676 3360 3744 exempla
3417 3674 3508 3728 hic
3556 3674 3783 3728 subne-

2080 3765 2301 3818 ctenda.

2155 3857 2239 3908 l5.
2274 3881 2342 3894 —
2370 3853 2524 3906 Inter
2554 3853 2776 3906 codices
2797 3857 3027 3906 nostros
3056 3851 3103 3904 is
3124 3851 3222 3922 qui
3249 3851 3318 3905 de
3351 3869 3377 3901 α
3409 3856 3602 3904 sancto
3633 3852 3782 3905 Hen-

2082 3941 2195 3994 rico
2226 3957 2322 3994 xui
2353 3960 2380 3992 ι)
2436 3940 2571 3995 Julii
2624 3941 2844 4010 primus
2885 3938 3162 4002 meminit,
3225 3944 3309 3992 est
3351 3939 3785 4008 Hagenoyensis

2081 4029 2140 4082 in
2163 4029 2466 4082 Germania
2518 4029 2782 4097 scriptus,
2849 4028 2936 4082 his
2968 4027 3188 4081 verbis:
3225 4050 3243 4073 α
3303 4028 3366 4080 In
3416 4027 3782 4096 Babenberg,

2082 4118 2261 4170 sancti
2317 4117 2543 4170 Henrici
2608 4116 2975 4187 Imperatoris
3027 4115 3384 4169 confessoris.
3439 4137 3466 4162 »
3547 4116 3785 4169 Brevius

2080 4204 2368 4258 Matricula
2419 4205 2733 4259 Carthnsiae
2785 4205 3252 4272 Ultrajectinaazu
3317 4204 3538 4257 H=nrici
3585 4204 3812 4273 inipe-‘

278 4295 741 4365 Martyrologium
797 4297 1138 4357 Humanum,
1172 4293 1231 4346 in
1279 4309 1392 4362 quo
1428 4293 1614 4358 hodie,
1647 4293 1718 4346 ob
1758 4294 1966 4346 solem-
1999 4307 2041 4360 ι)
2082 4294 2302 4347 ratoris.
2344 4315 2362 4340 ν
2417 4293 2679 4363 Elogium
2713 4293 3074 4346 concinnavit
3105 4292 3286 4345 Editio
3341 4292 3583 4344 Lubeco-
3613 4291 3782 4345 Colo-

278 4385 407 4437 nius
436 4385 491 4437 S.
541 4385 951 4438 Bonaventurae
994 4383 1222 4443 festum,
1267 4381 1527 4435 Officium
1561 4381 1740 4433 sancti
1782 4381 1965 4450 Impe-

278 4475 483 4526 ratoris
513 4473 756 4526 dilatum
807 4477 890 4524 est
919 4472 986 4525 ad
1018 4470 1350 4533 praedictam
1383 4484 1474 4537 xv,
1523 4469 1677 4538 quod
1729 4470 1962 4539 proprio

278 4561 369 4613 die
393 4561 594 4630 reponi
620 4559 917 4614 commode
951 4574 1065 4611 non
1103 4557 1400 4626 potuisset,
1448 4573 1576 4611 cum
1609 4557 1669 4612 S.
1709 4558 1963 4610 Anacleti

276 4650 576 4703 festivitate
641 4649 1005 4718 impediatur.
1065 4645 1170 4709 Qui
1230 4646 1494 4700 acciderit
1552 4652 1608 4698 ut
1659 4645 1718 4699 in
1775 4646 1965 4699 Sancti

277 4739 452 4790 natali
505 4735 892 4806 consignando
959 4732 1300 4786 variaverint
1330 4733 1752 4803 Martyrologia,
1803 4749 1966 4787 com-

277 4831 501 4894 pertum
532 4824 798 4894 equidem
842 4838 956 4875 non
981 4822 1187 4886 habeo,
1225 4827 1302 4887 at,
1337 4821 1449 4874 nisi
1484 4823 1728 4874 multum
1778 4823 1962 4890 fallor,

274 4915 511 4968 modum
543 4928 774 4966 omnem
825 4911 884 4963 in
917 4927 981 4963 ea
1030 4910 1360 4964 difﬁcultate
1408 4918 1799 4963 occurrentem
1833 4912 1967 4963 satis

273 5003 530 5073 apposite
577 4999 828 5054 dissolvit
886 4998 985 5068 qui
1031 4999 1085 5052 S.
1141 4998 1443 5052 Henricum
1491 4998 1697 5052 obiisse
1745 4998 1968 5068 scripsit

273 5092 395 5160 ipsa
426 5095 588 5143 nocte
618 5088 768 5141 inter
797 5103 894 5140 xui
926 5091 981 5139 et
1009 5102 1096 5139 xxv
1124 5086 1258 5140 Julii
1306 5085 1742 5152 intercurrente,
1794 5087 1872 5138 sic
1907 5094 1968 5140 ut

274 5195 412 5232 ansa
469 5178 602 5230 inde
652 5175 920 5248 facillime
970 5180 1195 5244 accepta
1253 5175 1326 5227 sit
1365 5175 1617 5228 diversos
1660 5175 1781 5245 ejus
1810 5179 1962 5228 tran-

273 5268 406 5320 situi
435 5267 554 5320 dies
581 5263 944 5333 assignandi;
1002 5264 1110 5316 nisi
1159 5263 1305 5317 forte
1352 5264 1677 5317 solemnitas
1730 5265 1966 5318 canoni-

275 5355 532 5419 zationis,
565 5359 662 5406 aut
700 5352 891 5421 aliqua
916 5350 1026 5404 alia
1077 5351 1224 5405 ratio
1281 5351 1678 5405 intervenerit.
1743 5351 1966 5404 Utcum-

274 5459 384 5513 que
410 5457 541 5495 vero
599 5440 654 5494 id
685 5439 898 5493 factum
928 5439 1118 5506 fuerit,
1179 5439 1407 5493 tametsi
1464 5439 1739 5492 hodierna
1775 5440 1962 5493 Sancti

273 5531 602 5586 solemnitas
646 5529 717 5583 ab
779 5530 1037 5591 Ecclesia,
1075 5528 1157 5582 uti
1207 5527 1472 5586 diximus,
1531 5528 1622 5581 die
1678 5527 1960 5598 sequenti,

272 5638 369 5674 seu
405 5637 494 5684 xv,
526 5621 628 5673 hoc
657 5627 915 5689 tempore
968 5625 1294 5670 constanter
1343 5617 1643 5684 recolatur,
1676 5623 1804 5671 Acta
1840 5619 1960 5686 ejus

2080 4383 2316 4435 niensis:
2355 4402 2381 4430 α
2417 4383 2479 4434 In
2528 4381 2752 4435 civitate
2811 4381 3285 4450 Babenbergensi,
3338 4379 3618 4450 depositio
3651 4396 3783 4434 san-

2076 4470 2150 4523 cti
2185 4469 2407 4523 Henrici
2472 4469 2837 4539 Imperatoris
2885 4469 3375 4531 Christianissimi,
3419 4468 3521 4537 qui
3569 4484 3780 4536 regna-

2073 4559 2152 4611 vit
2215 4575 2324 4611 xxn
2383 4559 2567 4624 annis,
2623 4559 2726 4611 sub
2784 4574 2936 4612 anno
3003 4556 3230 4610 Domini
3287 4557 3608 4609 millesimo.
3674 4558 3782 4611 Cui

2075 4648 2416 4717 desponsata
2478 4647 2584 4700 fuit
2641 4651 2831 4700 sancta
2899 4646 3288 4716 Cunegundis,
3354 4645 3471 4698 tilia
3533 4646 3780 4700 Palatini

2069 4736 2294 4789 comitis
2355 4737 2557 4798 Rheni,
2613 4737 2769 4804 virgo
2825 4735 3204 4789 devotissim-i.
3259 4734 3365 4797 Qui
3420 4733 3634 4803 pariter
3665 4733 3782 4787 vir-

2074 4825 2341 4893 ginitates
2394 4840 2522 4876 suas
2573 4824 2686 4876 Deo
2719 4829 3004 4887 voventes,
3060 4824 3277 4875 occulte
3310 4822 3558 4890 virgines
3592 4837 3780 4892 usque

2074 4913 2142 4966 ad
2174 4913 2343 4965 tinem
2394 4912 2522 4964 vitae
2553 4920 3020 4980 permanserunt.
3053 4930 3078 4960 ι)
3144 4911 3318 4963 Paulo
3350 4910 3516 4963 aliter
3564 4910 3778 4966 Creve-

2075 5016 2200 5064 nus,
2249 4999 2309 5052 in
2363 5015 2514 5052 anno
2569 4998 2758 5052 obitus
2811 5014 3114 5052 exerrans:
3157 4997 3400 5052 Civitate
3450 4998 3777 5053 Babenber-

2075 5088 2256 5156 gensi,
2316 5087 2497 5140 sancti
2548 5087 2772 5140 Henrici
2841 5087 3206 5156 Imperatoris
3283 5087 3775 5156 Christianissimi,

2074 5176 2243 5246 hujus
2265 5175 2513 5229 nominis
2545 5175 2717 5245 primi
2760 5175 2947 5246 quoad
2989 5176 3390 5245 Imperatores,
3427 5175 3778 5230 benedictio-

2076 5280 2206 5318 nem
2235 5264 2588 5333 imperialem
2631 5279 2730 5316 seu
2777 5279 3045 5316 coronam
3087 5270 3393 5317 assecutos.
3430 5263 3602 5332 Cujus
3635 5280 3778 5319 uxor

2076 5351 2442 5421 Cunegundis
2497 5352 2654 5420 virgo
2713 5350 3083 5416 sanctissima,
3148 5351 3575 5421 juvenculaque
3643 5353 3774 5422 pul~

2073 5440 2373 5504 cherrima,
2433 5439 2502 5491 ad
2535 5439 2643 5491 hoc
2670 5438 2856 5492 virum
2890 5455 3055 5493 suum
3107 5440 3331 5493 induxit
3387 5444 3449 5492 ut
3478 5442 3774 5494 communi

2072 5535 2205 5580 voto
2259 5527 2410 5580 inter
2439 5543 2497 5580 se
2527 5532 2864 5597 perpetuam
2917 5528 3299 5597 virginitatem
3351 5535 3676 5583 servarent:
3714 5531 3773 5585 in

2075 5633 2188 5688 quo
2249 5623 2393 5668 statu
2444 5617 2495 5668 S.
2555 5616 2828 5669 Henricus
2883 5617 3102 5669 Christo
3164 5618 3434 5682 serviens,
3475 5633 3627 5670 anno
3663 5621 3769 5672 Do-
