3940 6350
263 397 322 448 19
1563 396 1615 448 S.
1664 394 1952 450 HENRICI
1993 393 2460 450 IMPERATORIS
3681 389 3744 438 20

256 517 287 588 §
319 518 412 572 111.
449 516 1062 584 Cunauizatio,elevutio
1102 521 1246 572 sacri
1294 521 1554 588 corporis,
1605 523 1653 572 et
1702 519 1940 572 translu-
1971 521 2016 572 Α
2056 517 2416 573 sanctitatem
2470 531 2652 584 suam,
2688 513 2884 571 multis
2913 513 3204 568 miraculis
3255 513 3325 567 ad
3400 511 3742 582 sepulturam

1014 609 1202 661 tiones.

329 699 416 750 20.
445 697 644 752 Utrum
679 696 749 750 ad
773 697 826 750 S.
865 695 1088 751 lieni-iet
1117 695 1319 750 merita
1340 695 1681 756 ostentanda
1710 699 1809 748 aut
1838 695 1957 764 glo-

262 783 403 838 riam
436 784 487 837 ei
516 783 928 838 conciliandam
989 787 1236 838 multum
1291 785 1547 838 conferat
1597 783 1737 836 visio
1783 799 1957 854 quam

260 873 382 942 ejus
409 872 548 926 Vitae
612 872 855 927 inseruit
911 889 1235 942 anonymus
1275 872 1609 936 monachus,
1673 887 1795 940 cap.
1866 873 1956 936 28,

261 959 385 1012 aliis
441 959 885 1014 examinandum
935 960 1290 1032 relinquam;
1351 959 1663 1013 illustriora
1718 957 1960 1029 posteris

262 1054 602 1118 argumenta
631 1049 876 1118 praebuit
903 1048 1190 1116 gloriosus
1239 1049 1298 1101 in
1345 1047 1563 1101 Sanctis
1594 1046 1710 1100 suis
1761 1047 1957 1100 Omni-

263 1142 477 1205 petens,
503 1137 638 1190 dum
671 1137 856 1206 ipsum
892 1137 1150 1205 pluribus
1203 1135 1452 1206 egregiis
1513 1135 1800 1188 miraculis
1863 1134 1953 1186 iu-

263 1225 566 1278 clarescere
599 1225 794 1292 voluit,
829 1225 1036 1294 quibus
1094 1225 1326 1278 demum
1389 1229 1576 1277 motus
1637 1222 1958 1293 Egilbertus

267 1313 698 1382 Bambergeusis
746 1314 1065 1383 episcopus,
1161 1313 1362 1366 ordine
1419 1329 1618 1372 nouus,
1707 1328 1772 1364 eo
1837 1327 1959 1363 rem

263 1400 524 1470 perduxit
557 1405 614 1452 ut
661 1401 803 1454 sacri
862 1401 1115 1454 coalitum
1165 1401 1408 1453 honores
1457 1405 1648 1453 sancto
1708 1400 1956 1468 Impera-

263 1487 374 1540 tori
403 1488 868 1542 decernerentur.
905 1490 966 1542 ld
1017 1506 1130 1560 quo
1187 1505 1338 1541 anno
1379 1487 1663 1550 acciderit,
1707 1487 1959 1556 primum

265 1576 600 1646 expediam;
658 1577 1124 1634 deinde,czetera
1163 1592 1495 1646 prosequar.
1557 1577 1632 1628 Ex
1693 1575 1961 1644 Egilberti

267 1667 434 1716 aetate
491 1664 702 1733 pendet
757 1665 931 1718 totius
963 1665 1045 1718 rei
1098 1664 1330 1732 decisio,
1363 1663 1832 1734 quandoquidem
1895 1678 1960 1715 eo

267 1751 633 1821 potissimum
669 1757 910 1822 urgente
941 1757 1250 1822 procurata
1298 1751 1370 1804 sit
1419 1752 1692 1821 praedicta
1721 1751 1959 1804 canoni-

269 1839 434 1905 zatio,
469 1845 527 1892 et
551 1840 619 1894 ad
649 1839 960 1910 ipsummet
987 1841 1266 1894 directum
1321 1841 1564 1909 Eugenii
1615 1841 1718 1893 PP.
1763 1841 1836 1893 lll
1883 1838 1962 1891 di-

269 1929 479 1998 ploma,
548 1928 704 1982 brevi
783 1928 1237 1998 producendum.
1297 1929 1474 1981 Porro
1559 1926 1963 1998 Episcoporum

272 2016 576 2086 Catalogus
625 2017 927 2070 novissime
985 2016 1190 2078 editus,
1243 2021 1316 2082 et,
1363 2016 1422 2069 ui
1471 2015 1655 2082 fallor,
1704 2031 1773 2068 ex
1825 2015 1962 2068 Hef-

274 2119 484 2158 mauuo
518 2111 860 2170 contractus,
890 2106 1243 2176 episcOpatus
1263 2103 1405 2174 guou
1433 2103 1542 2158 nisi
1588 2123 1615 2153 α
1648 2103 1968 2174 quinquen-

272 2193 435 2246 nium
469 2193 800 2264 »Egilberto
841 2193 1057 2258 tribuit,
1105 2209 1218 2264 quo
1243 2193 1295 2246 ei
1332 2215 1354 2242 ι
1389 2191 1639 2246 ecclesiae
1669 2189 1968 2260 praefuerit

273 2281 676 2349 sollicitudine,
735 2298 867 2336 vere
935 2287 1194 2352 paterna,
1255 2281 1464 2351 dignus
1521 2280 1638 2333 vita
1685 2279 1964 2348 longiore.

275 2369 427 2425 Obiit
457 2389 484 2420 ι)
517 2375 708 2423 autem
734 2389 761 2420 α
793 2385 1015 2433 λιεηνι,
1046 2371 1422 2440 sepultusque
1455 2375 1539 2422 est
1591 2368 1648 2422 in
1704 2367 1823 2421 atde
1857 2367 1966 2419 im-

274 2458 506 2528 periali;
535 2479 562 2510 »
611 2458 776 2529 eique
808 2459 1076 2512 successit
1117 2459 1432 2512 Eberardus
1465 2458 1731 2522 Bavarus,
1769 2455 1969 2509 eodem

274 2548 397 2618 ipso
428 2562 580 2600 anno
632 2547 861 2600 electus.
905 2548 1043 2602 Cum
1109 2547 1285 2618 igitur
1331 2547 1400 2600 ad
1457 2545 1796 2616 praedictum
1825 2543 1971 2614 Egil-

275 2636 502 2689 bertum
532 2636 816 2707 pertineat
855 2641 974 2690 tota
1031 2636 1195 2690 istius
1250 2651 1436 2690 causa:
1489 2631 1836 2706 procuratio,
1901 2630 1971 2684 ad

273 2723 464 2794 ipsum
512 2727 702 2778 autem
761 2725 1080 2779 destinetur
1137 2724 1380 2794 Eugeuii
1431 2722 1790 2792 rescriptum,
1853 2735 1971 2774 nou

275 2815 460 2881 potest
490 2813 639 2865 ultra
673 2813 796 2882 ejus
825 2818 1088 2883 tempora
1117 2813 1334 2867 differri
1371 2813 1432 2867 S.
1481 2809 1710 2867 Heurici
1741 2809 1971 2863 canoni-

275 2900 442 2967 zatio,
506 2900 658 2953 unde
710 2901 1008 2954 manifeste
1061 2901 1431 2972 consequitur
1509 2899 1887 2954 deserendum
1941 2913 1971 2949 a

276 2987 436 3040 nobis
479 2988 708 3041 Barouii
738 2990 1038 3056 calculum,
1081 3006 1256 3060 quem
1281 2989 1494 3042 mirum
1524 2992 1608 3041 est
1638 2988 1706 3041 ad
1751 3001 1971 3040 annum

279 3077 413 3130 1152
443 3075 777 3145 praedictam
846 3077 1339 3131 cauouizatiouem
1368 3076 1674 3142 distulisse,
1708 3075 1807 3146 qui
1857 3075 1968 3127 Eu-

274 3163 430 3232 geuii
485 3164 699 3218 litteras
757 3181 821 3218 ex
870 3166 1054 3219 nescio
1085 3182 1198 3236 quo
1264 3165 1533 3220 chronico
1565 3165 1971 3234 Bambergeusi

275 3267 395 3321 prae
423 3252 601 3305 oculis
631 3252 851 3307 habuit.

345 3343 431 3393 21.
476 3341 559 3394 Ita
588 3340 784 3395 scribit
813 3341 883 3396 ad
914 3342 1130 3395 dictum
1171 3357 1388 3395 annum
1421 3345 1576 3406 1152,
1611 3357 1770 3394 num.
1807 3344 1858 3408 3,
1903 3358 1968 3395 ex

277 3427 481 3482 Ottone
549 3429 900 3502 Frisingeusi
935 3430 994 3484 iu
1057 3430 1367 3499 Friderico,
1422 3429 1519 3484 lib.
1567 3446 1584 3482 1
1638 3445 1761 3499 cap.
1822 3433 1887 3484 63
1953 3447 1965 3484 :

277 3537 306 3568 ιι
367 3517 522 3588 quod
602 3523 795 3573 autem
879 3519 1006 3573 Otto
1085 3519 1351 3574 meminit
1427 3518 1520 3572 hic
1587 3519 1656 3572 de
1732 3519 1969 3572 Henrico

277 3606 628 3674 Imperatore
659 3607 810 3659 inter
834 3607 1065 3660 Sanctus
1089 3608 1287 3669 relato.
1326 3611 1548 3660 exstant
1587 3607 1657 3660 de
1720 3623 1785 3659 ea
1815 3623 1875 3660 re
1907 3607 1967 3661 in

277 3692 558 3746 Chronico
587 3694 992 3765 Bambergeusi
1023 3695 1268 3764 Eugeuii
1306 3696 1412 3749 PP.
1444 3695 1662 3748 litterae.
1699 3715 1724 3742 υ
1761 3696 1861 3748 Eas
1891 3695 1971 3750 ibi

276 3782 504 3850 subjicit
564 3782 852 3849 Baronius,
895 3787 951 3836 et
989 3799 1092 3836 nos
1124 3783 1275 3836 infra
1313 3783 1577 3836 dabimus
1610 3798 1622 3835 :
1676 3787 1761 3837 ast
1781 3782 1968 3853 ipsum

276 3869 490 3934 fefellit,
519 3869 744 3939 Opinor,
788 3869 1183 3940 Fl‘isiugensis,
1221 3872 1358 3924 dum
1407 3871 1480 3924 ad
1511 3886 1730 3924 annum
1792 3871 1968 3925 istum

285 3958 433 4022 1152,
467 3957 708 4011 Conradi
739 3958 808 4011 111
861 3975 1215 4028 supremum,
1273 3960 1568 4013 occasione
1617 3960 1740 4030 ejus
1780 3959 1968 4030 sepul-

275 4050 436 4110 turae,
462 4045 542 4098 sic
571 4046 742 4100 habet
787 4047 911 4100 loco
959 4047 1126 4101 citato
1161 4064 1173 4101 :
1208 4069 1230 4098 ι
1265 4049 1430 4103 Juxta
1474 4047 1736 4102 tumbam
1777 4048 1967 4119 Impe—

275 4131 480 4184 ratoris
501 4132 747 4200 Heurici,
793 4134 916 4204 ejus
972 4136 1078 4189 loci
1123 4137 1462 4202 fundatoris,
1495 4136 1594 4206 qui
1624 4152 1807 4206 nuper
1871 4153 1967 4190 au-

273 4220 534 4274 ctoritate
587 4222 862 4277 Romana:
921 4225 1181 4279 Ecclesia:
1215 4226 1271 4278 iu
1325 4227 1446 4279 loca
1496 4231 1688 4279 sancta
1721 4227 1960 4290 levatus,

271 4323 377 4376 pro
421 4315 612 4362 sancto
649 4311 911 4378 habetur,
973 4313 1132 4383 regio
1187 4313 1342 4368 cultu
1377 4331 1505 4366 eum
1551 4314 1811 4382 sepelivit
1866 4330 1877 4366 :
1935 4335 1961 4362 κ

273 4411 480 4466 nempe
521 4399 758 4454 ecclesia
789 4401 1242 4471 Bambergensis,
1277 4418 1407 4472 quze
1446 4403 1694 4456 Conradi
1753 4417 1962 4470 corpus

275 4485 385 4538 alio
437 4487 725 4540 transferri
757 4505 921 4558 passa
988 4505 1102 4542 non
1153 4491 1355 4545 fuerat.
1407 4489 1586 4544 Nimis
1637 4491 1968 4560 scrupulose

271 4573 612 4642 particulam
674 4593 702 4626 α
753 4592 935 4646 nuper
993 4599 1012 4626 »
1080 4585 1298 4650 accepit
1345 4579 1610 4633 laudatus
1669 4579 1964 4646 Baronius,

271 4679 446 4732 quam
500 4664 570 4716 ad
619 4680 801 4717 annos
882 4666 1099 4738 aliquot
1140 4669 1554 4722 extendendam
1602 4683 1724 4720 esse
1777 4667 1965 4729 docet,

273 4758 467 4820 aperte
522 4767 714 4805 rerum
766 4753 958 4820 series,
998 4754 1140 4808 adeo
1199 4761 1264 4810 ut
1316 4755 1624 4825 superstite
1682 4753 1966 4823 Egilberto

271 4837 762 4892 cauouizationem
805 4841 996 4894 Romae
1043 4843 1329 4896 decretam
1417 4847 1680 4913 oporteat
1727 4840 1964 4907 (verosi-

273 4923 511 4997 millime
553 4943 704 4980 anno
779 4929 955 4996 1145),
1026 4930 1316 4983 solennius
1364 4929 1967 4998 deinde-celebratam

182 5049 186 5054 μ
270 5029 399 5066 cum
457 5015 772 5068 elevatione
828 5023 881 5068 et
952 5018 1325 5071 translatione
1376 5018 1524 5071 sacri
1575 5015 1832 5086 corporis
1893 5017 1962 5070 ab

273 5102 554 5156 Eberardo
586 5119 905 5158 successore
935 5121 1087 5160 anno
1151 5109 1308 5172 1147,
1357 5107 1511 5176 quod
1541 5105 1708 5174 plane
1757 5107 1968 5158 evinci-

271 5197 364 5242 tur
407 5207 472 5244 ex
515 5192 906 5247 demonstrato
962 5194 1224 5264 superius
1311 5193 1580 5263 Egilberti
1628 5194 1814 5258 obitu;
1875 5195 1968 5247 cui

271 5293 404 5331 sane
443 5281 564 5350 jam
617 5281 731 5335 vita
756 5283 950 5336 functo
986 5281 1222 5352 Eugeuii
1253 5281 1504 5350 diploma
1537 5281 1802 5334 insceribi
1850 5297 1967 5335 uou

271 5367 492 5436 potuit;
543 5370 809 5423 audiatur
867 5371 1238 5431 Hofmauuus,
1272 5369 1330 5423 id
1377 5369 1652 5434 disertius,
1691 5385 1964 5437 asserens,

272 5454 332 5507 iu
363 5457 674 5512 Annalibus
706 5459 1240 5529 Bambergeusibus,
1265 5459 1369 5512 col.
1399 5461 1514 5512 121.

341 5546 425 5598 2'2.
465 5567 484 5591 α
515 5546 788 5616 Sequenti
821 5563 969 5601 anno
1011 5549 1193 5617 (1145)
1229 5547 1570 5617 Babebergte
1618 5547 1714 5600 lux
1750 5547 1959 5618 ingens

275 5632 586 5686 sanctitatis
639 5636 866 5700 eluxit;
910 5636 1121 5704 quippe
1184 5638 1237 5690 5.
1305 5637 1578 5689 Henricus
1651 5637 1966 5705 imperator

2067 607 2257 672 editis,
2282 605 2662 672 conﬁrmavit,
2697 609 2754 660 et
2799 621 2856 658 se
2907 605 2977 658 ad
3011 603 3234 658 caeleste
3264 601 3410 656 illud
3453 600 3548 654 Dei
3589 606 3749 670 atque

2067 697 2398 751 Sanctorum
2459 694 2809 748 consortium
2877 699 3170 763 receptum
3239 707 3360 744 esse
3425 689 3744 759 comproba-

2067 785 2178 850 vit;
2225 789 2287 837 ut
2313 783 2633 853 Egilbertus
2687 782 2986 852 episcopus
3035 781 3139 834 hac
3185 781 3254 834 de
3305 796 3362 832 re
3403 778 3742 847 legationem

2069 875 2310 926 Romam
2344 871 2700 934 mittendam,
2736 870 3130 940 eti-Ingenium
3169 867 3500 921 Pontilicem
3531 866 3597 918 de
3625 881 3744 917 om-

2067 961 2234 1014 nibus
2267 961 2572 1030 diligenter
2621 959 2972 1012 edocendum
3031 956 3265 1026 putarit.
3317 955 3533 1018 Quibus
3593 953 3752 1006 rebus

2068 1048 2307 1118 cognitis
2363 1055 2418 1101 et
2450 1049 2767 1118 legatorum
2815 1046 3091 1099 relatione
3124 1043 3336 1106 audita,
3391 1041 3640 1096 Pontifex
3678 1057 3753 1091 re-

2069 1137 2277 1206 ligione
2325 1137 2586 1207 perfusus
2641 1137 2828 1206 ipsum
2861 1135 2922 1190 S.
2983 1133 3288 1188 Henricum
3349 1131 3744 1190 confessorem,

2067 1226 2176 1278 hoc
2211 1225 2334 1294 ipso
2381 1242 2553 1291 anno,
2607 1241 2812 1292 nempe
2857 1229 2985 1292 post
3031 1221 3249 1276 obitum
3285 1221 3407 1290 ejus
3449 1217 3754 1272 centesimo

2069 1313 2339 1382 vigesimo
2380 1315 2588 1384 primo,
2635 1313 2694 1367 iu
2727 1313 3064 1368 Sanctorum
3123 1324 3428 1363 numerum
3475 1322 3760 1360 consecra-

2069 1401 2224 1455 tione
2255 1419 2355 1456 sua
2381 1402 2630 1472 redegit;
2665 1408 2833 1472 atque
2887 1401 2992 1454 hac
3025 1399 3094 1452 de
3125 1415 3184 1451 re
3231 1397 3444 1450 litteras
3499 1397 3672 1449 Roma
3723 1410 3758 1447 ιι

2070 1491 2200 1544 ldus
2235 1491 2459 1546 Martias
2508 1492 2578 1544 ad
2623 1491 2974 1560 Egilbertuiu
3024 1487 3358 1556 episcopum
3418 1489 3474 1537 et
3533 1490 3760 1536 czeteros

2071 1578 2322 1632 ecclesiae
2374 1594 2633 1648 proceres
2697 1578 2869 1632 dedit.
2930 1578 3129 1631 Narrat
3181 1572 3505 1628 Nuuuesius
3561 1586 3760 1624 mona-

2070 1665 2208 1719 chus
2259 1666 2579 1720 Johaunem
2633 1665 2940 1737 quemdam
3006 1663 3382 1724 Cardiualem,
3463 1659 3762 1712 cauoniza-

2073 1755 2244 1807 tionis
2310 1755 2363 1808 S.
2431 1754 2654 1809 Henriei
2698 1759 2902 1807 acriter
2969 1752 3324 1805 obuitenlem
3383 1753 3555 1816 atque
3609 1747 3762 1800 relu-

2074 1847 2340 1904 ctantem,
2391 1843 2704 1896 luminibus
2777 1843 3082 1911 privatum,
3168 1845 3342 1908 atque
3413 1834 3758 1890 intolerabili

2076 1931 2468 1984 membrorum
2513 1931 2705 1984 dolore
2759 1935 3103 1998 correptum,
3153 1926 3537 1980 severissimas
3587 1930 3766 1977 teme-

2076 2019 2259 2073 ritatis
2315 2037 2433 2073 suae
2487 2019 2708 2073 dedisse
2764 2034 2980 2090 pmuas.
3017 2019 3253 2070 Demum
3308 2031 3438 2066 vero
3473 2013 3760 2076 eumdem,

2077 2108 2337 2161 invocato
2371 2107 2547 2176 ipsius
2573 2106 2913 2160 confessoris
2943 2105 3196 2169 nomine,
3251 2102 3480 2156 sanitati
3511 2098 3770 2169 pristinas

2077 2195 2250 2249 fuisse
2295 2195 2641 2248 restitutum.
2671 2217 2693 2241 ιι
2753 2196 3025 2248 Narratur
3056 2209 3122 2246 ea
3173 2191 3396 2262 punitio
3445 2189 3596 2258 apud
3628 2189 3775 2242 Gret-

2078 2300 2270 2337 serum
2317 2299 2440 2352 cap.
2487 2285 2575 2344 39,
2625 2289 2824 2352 estque
2872 2283 3022 2335 inter
3078 2280 3353 2334 miracula
3379 2276 3620 2331 inferius
3675 2291 3772 2328 or-

2077 2372 2209 2427 dine
2241 2387 2478 2437 uouum,
2502 2387 2662 2424 uum.
2695 2373 2746 2425 9.

2149 2463 2236 2514 23.
2257 2461 2519 2530 Diploma
2547 2457 2734 2528 ipsum
2747 2455 3196 2512 canouizatiouis
3220 2471 3334 2508 nou
3359 2452 3626 2524 producit
3648 2451 3778 2506 Hof-

2081 2564 2326 2602 manuus
2358 2547 2476 2618 (sed
2505 2547 2679 2616 1145),
2704 2563 2890 2617 neque
2927 2544 3065 2600 mihi
3099 2551 3300 2597 uotum
3325 2541 3508 2596 fateor
3536 2541 3773 2594 citatum

2079 2653 2110 2690 a
2141 2637 2382 2691 Barouio
2415 2635 2756 2691 Chronicum
2792 2634 3126 2698 l-lofmauui,
3160 2633 3257 2686 sed
3302 2631 3449 2684 vices
3474 2629 3762 2699 supplevit

2081 2727 2397 2794 Gretserus,
2429 2741 2491 2778 ex
2550 2724 2744 2794 aliquo
2787 2723 3061 2794 auouymi
3115 2721 3446 2791 apographo
3503 2717 3774 2771 Bamber-

2080 2815 2262 2884 geusi,
2306 2815 2455 2868 unde
2511 2814 2726 2867 bullam
2776 2813 2866 2866 hic
2918 2811 3342 2865 subnectimus:
3404 2827 3430 2858 ι(
3485 2805 3776 2876 Eugenius

2081 2901 2383 2972 episcopus
2427 2918 2620 2955 servus
2687 2916 2980 2954 servorum
3057 2899 3176 2962 Dei,
3229 2895 3544 2950 venerabili
3611 2895 3778 2946 fratri

2083 2991 2369 3060 Egilberto
2426 2990 2715 3059 episcopo,
2761 2995 2813 3042 et
2869 2987 3087 3042 dilectis
3118 2987 3250 3041 tiliis
3283 2983 3571 3038 canonicis
3623 2983 3780 3035 Bam—

2011 3079 2050 3132 C
2081 3077 2378 3147 bergensis
2409 3077 2687 3140 Eeclesize,
2721 3078 2960 3129 salutem
2993 3081 3048 3128 et
3101 3073 3474 3143 apostolicam
3531 3069 3768 3124 benedi-

2081 3167 2350 3220 ctiouelu.
2377 3167 2534 3220 Sicut
2582 3182 2682 3236 per
2711 3166 2928 3218 litteras
2957 3169 3014 3217 et
3072 3163 3305 3216 nuntios
3351 3167 3567 3212 vestros
3613 3157 3782 3210 vobis

2083 3255 2379 3315 mandasse
2453 3253 2842 3323 meminimus,
2900 3251 3250 3306 venerabiles
3303 3251 3504 3303 fratres
3557 3250 3784 3299 nostros

2083 3346 2147 3398 Ν.
2182 3345 2235 3398 S.
2273 3343 2494 3398 Butiuae
2545 3343 2894 3413 episcopum,
2924 3347 2980 3395 et
3025 3342 3088 3394 N.
3125 3339 3523 3410 presbyterum
3573 3335 3781 3389 Cardi-

2081 3433 2268 3486 nalem
2305 3449 2405 3501 pro
2437 3431 2676 3484 diversis
2702 3429 2948 3501 negotiis
2990 3429 3060 3482 ad
3117 3433 3303 3498 partes
3371 3426 3493 3478 illas
3550 3423 3618 3477 de
3675 3439 3784 3477 no-

2079 3527 2194 3574 stro
2233 3521 2409 3574 latere
2461 3518 2868 3590 delegavimus,
2901 3517 3098 3587 eisque
3152 3515 3276 3568 viva
3305 3529 3441 3566 voce
3508 3511 3778 3581 injunxi-

2081 3625 2207 3662 mus
2247 3615 2309 3662 ut
2337 3608 2408 3661 ad
2467 3607 2762 3661 ecclesiam
2815 3611 3056 3659 vestram
3101 3603 3448 3662 accederent,
3483 3605 3654 3670 atque
3707 3599 3784 3651 de

2079 3698 2190 3751 vita
2223 3703 2281 3751 et
2325 3697 2616 3750 miraculis
2650 3693 2874 3750 Heurici
2901 3693 3052 3763 regis
3085 3692 3167 3744 rei
3197 3692 3495 3744 veritatem
3533 3687 3778 3756 diligen-

2077 3789 2164 3839 ter
2209 3785 2585 3856 inquirerent,
2646 3787 2702 3835 et
2748 3781 2948 3836 litteris
2996 3781 3112 3835 suis
3155 3780 3319 3834 nobis
3364 3777 3785 3848 signiﬁcarent.

2080 3875 2239 3928 Nunc
2268 3880 2463 3928 autem
2499 3871 2836 3926 earumdem
2879 3870 3123 3924 fratrum
3168 3873 3498 3923 nostrorum
3533 3871 3590 3919 et
3618 3865 3788 3917 mul-

2075 3966 2267 4016 torum
2295 3959 2694 4031 religiosorum
2725 3965 2780 4012 et
2825 3959 3205 4011 discretorum
3246 3957 3504 4010 virorum
3538 3957 3788 4008 attesta-

2075 4051 2250 4118 tioue,
2297 4051 2367 4104 de
2418 4047 2672 4102 castitate
2728 4047 2928 4117 ipsius,
2981 4047 3051 4099 de
3113 4045 3446 4100 fundatione
3507 4045 3788 4102 Bamber-

2077 4138 2268 4210 gensis
2315 4135 2566 4190 ecclesiae
2606 4139 2662 4188 et
2719 4135 3031 4187 multarum
3063 4133 3327 4200 aliarum,
3386 4134 3779 4205 quarumdam

2075 4242 2304 4298 quoque
2335 4222 2751 4294 episcopalium
2803 4222 3026 4277 sedium
3075 4222 3460 4292 reparatione,
3495 4225 3552 4275 et
3580 4224 3790 4278 multi-

2082 4297 2224 4384 plici
2273 4297 2766 4380 eleemosynarum
2841 4310 3167 4381 largitione,
3239 4311 3309 4363 de
3381 4309 3770 4366 conversione

2079 4401 2228 4472 regis
2256 4399 2526 4470 Stephani
2576 4404 2632 4452 et
2665 4399 2836 4452 totius
2883 4398 3207 4468 Hungarize,
3267 4396 3508 4451 Domino
3563 4414 3786 4469 coope-

2075 4497 2235 4545 raute
2265 4504 2367 4560 per
2428 4503 2559 4542 eum
2613 4487 2791 4554 facta;
2834 4487 2902 4542 de
2952 4486 3197 4558 glorioso
3235 4485 3408 4539 etiam
3437 4485 3616 4556 ipsius
3667 4488 3777 4542 ob-

2073 4579 2178 4645 itu,
2239 4575 2614 4648 pluribusque
2681 4576 2990 4644 miraculis,
3060 4580 3189 4646 post
3232 4575 3355 4645 ejus
3410 4575 3658 4644 obitum,
3706 4578 3788 4632 ad

2073 4667 2250 4737 ipsius
2281 4664 2534 4736 corporis
2590 4665 2954 4736 praesentiam
2986 4663 3257 4718 divinitus
3287 4663 3548 4730 ostensis,
3587 4666 3788 4720 multa

2072 4755 2457 4826 cognovimus.
3477 4763 3484 4768 '

2142 4846 2232 4898 24.
2252 4866 2272 4892 ι
2295 4844 2587 4915 Interquaa
2602 4842 2959 4912 praecipuum
2986 4847 3042 4894 et
3065 4839 3434 4894 memorabile
3447 4839 3782 4910 plurimum

2074 4931 2433 4986 attendentes
2481 4931 2655 5002 quod,
2715 4945 2846 4984 cum
2890 4930 3152 4984 diadema
3210 4935 3620 5001 sceptrumque
3665 4931 3784 4984 im-

2071 5019 2218 5090 perii
2248 5019 2608 5090 suscepisset,
2673 5035 2788 5072 nou
2837 5017 3212 5089 imperialiter
3240 5019 3339 5071 sed
3390 5018 3790 5088 spiritualiter

2073 5107 2229 5161 vixit.
2283 5109 2348 5161 In
2379 5107 2705 5162 toro'etiam
2761 5105 3020 5175 legitimo
3061 5105 3278 5176 positus
3341 5105 3518 5176 (quod
3549 5121 3790 5175 pauco-

2074 5211 2204 5250 rum
2231 5196 2404 5250 fuisse
2447 5195 2714 5264 legimus)
2765 5194 3155 5265 integritatem
3187 5195 3539 5247 castimoniae
3575 5209 3784 5264 usque

2075 5285 2145 5338 ad
2177 5286 2350 5338 linem
2377 5285 2504 5337 vitae
2534 5283 2909 5338 conservavit.
2943 5283 3079 5347 Quae
3143 5282 3378 5353 quidem
3433 5299 3536 5335 uos
3577 5284 3796 5337 omnia

2075 5373 2244 5426 simul
2291 5373 2732 5442 perpendentes,
2789 5377 2960 5442 atque
3007 5371 3364 5426 devotionem
3413 5377 3665 5424 vestram
3731 5383 3800 5427 et

2075 5461 2323 5514 ecclesiae
2357 5463 2810 5530 Bambergensis,
2862 5477 2990 5531 quae.
3021 5467 3226 5514 sanctae
3259 5459 3534 5514 Romanae
3587 5460 3800 5516 Eccle-

2075 5549 2171 5602 sia:
2227 5549 2332 5602 soli
2387 5551 2612 5604 subesse
2685 5550 3062 5620 dignoscitur,
3139 5550 3445 5619 diligenter
3511 5549 3792 5604 conside-

2077 5641 2284 5696 rantes,
2321 5638 2546 5690 tametsi
2576 5639 2855 5708 ejusmodi
2887 5639 3106 5707 petitio,
3165 5639 3272 5690 nisi
3305 5639 3360 5690 in
3407 5640 3796 5706 generalibus
