3940 6336
200 320 261 372 2l
1878 325 2071 380 ACTA.
3657 330 3725 380 22

204 442 473 496 conciliis
538 442 765 497 admitti
820 459 937 498 non
992 444 1191 507 soleat,
1227 444 1561 499 auctoritate
1617 431 1815 500 tamen
1865 447 1920 502 S.
1952 450 1999 502 Α
2037 449 2117 509 to,
2202 445 2581 515 praesentibus
2638 445 3073 499 honorabitibus
3140 446 3274 500 viris
3333 463 3397 500 ac
3478 447 3727 501 dominis

211 529 279 582 Β.
355 532 415 583 Ε.
455 547 586 599 quae
647 532 904 585 omnium
939 532 1309 586 conciliorum
1339 533 1766 586 firmamentum
1819 539 1923 594 est,

212 619 601 687 petitionibus
676 620 876 672 vestris
924 620 1353 690 acquiescimus,
1420 627 1594 691 atque
1664 622 1920 690 ejusdem

210 708 613 761 memorabilis
690 708 819 773 viri,
887 710 1048 777 cujus
1127 707 1528 762 exaltationem
1607 710 1920 780 requiritis,

210 796 463 849 fratrum
518 801 844 849 nostrorum
910 796 1445 867 archepiscoporum
1516 802 1571 850 et
1626 799 1920 867 episcopo-

214 901 369 947 rum,
401 885 504 955 qui
538 890 848 955 praesentes
903 886 1159 951 aderant,
1203 879 1625 939 communicato
1657 887 1917 955 concilio,

215 973 566 1027 memoriam
599 974 751 1028 inter
782 974 1014 1028 Sanctus
1058 974 1128 1028 de
1160 978 1366 1028 caetero
1419 973 1544 1028 ﬁeri
1598 989 1915 1041 censemus,

215 1069 274 1114 et
330 1062 787 1115 anniversarium
823 1063 1001 1132 ipsius
1047 1063 1200 1116 diem
1258 1062 1590 1116 solemniter
1645 1062 1919 1116 celebrari

217 1152 653 1206 constituimus.
690 1153 881 1205 Vestra
914 1152 1105 1223 itaque
1137 1152 1374 1206 interest
1430 1153 1511 1206 sic
1542 1154 1598 1205 in
1652 1152 1706 1206 8.
1755 1153 1820 1207 R.
1857 1153 1913 1206 Ε.

219 1241 553 1294 obedientia
582 1246 638 1294 et
689 1241 963 1294 ﬁdelitate
1010 1242 1338 1311 persistere,
1400 1247 1456 1294 et
1502 1242 1581 1293 sic
1639 1242 1689 1294 ei
1724 1240 1915 1310 dignae

214 1329 548 1382 devotionis
605 1330 892 1400 obsequiis
924 1331 1291 1399 respondere,
1341 1334 1406 1383 ut
1443 1329 1710 1400 ampliori
1766 1328 1916 1383 beati

211 1418 372 1470 Petri
442 1423 499 1471 et
555 1423 751 1471 nostra
807 1419 989 1487 gratia
1046 1418 1206 1487 digni
1255 1416 1650 1471 inveniamini.
1707 1418 1913 1472 Datum

205 1508 370 1557 trans
399 1505 649 1558 Tiberim
700 1506 884 1575 pridie
916 1506 1046 1559 Idus
1074 1506 1250 1559 Martii
1284 1522 1297 1559 :
1345 1527 1366 1554 ι
1403 1506 1559 1559 nullo
1615 1506 1726 1559 alio
1779 1506 1911 1559 cha-

203 1599 428 1646 ractere
460 1596 716 1665 apposito
748 1610 861 1664 quo
894 1594 950 1647 in
1013 1600 1229 1648 certum
1275 1610 1490 1647 annum
1548 1594 1908 1659 deveniatur;

205 1682 365 1735 unde
407 1681 628 1735 facilius
677 1683 927 1736 excusari
963 1682 1140 1753 possit
1193 1681 1418 1736 Baronii
1446 1683 1653 1751 lapsus,
1696 1680 1795 1750 qui
1841 1680 1911 1733 ad

204 1770 617 1839 episcoporum
652 1771 1155 1840 Bambergensium
1203 1769 1408 1823 seriem
1441 1770 1635 1822 oculos
1670 1785 1781 1823 non
1813 1769 1906 1821 in-

207 1860 306 1909 ten
318 1857 484 1910 derit.

277 1947 367 1998 25.
402 1945 732 1999 Solemnem
760 1944 915 1998 illam
953 1945 1172 1999 Heurici
1220 1945 1278 1999 in
1328 1948 1665 2001 Sanctorum
1700 1961 1903 1999 nume-

204 2026 338 2087 rum
397 2034 820 2103 c00ptationem
874 2041 1063 2087 secuta
1120 2041 1225 2100 est,
1269 2041 1328 2088 ut
1376 2036 1706 2104 nuperrime
1752 2034 1904 2087 dice-

203 2123 362 2185 bam,
406 2123 550 2176 sacri
608 2123 863 2194 corporis
910 2123 1172 2185 elevatio,
1215 2129 1271 2177 et
1302 2123 1360 2176 in
1405 2123 1789 2177 decentiorem
1821 2123 1903 2176 lo-

202 2227 341 2264 cum
394 2211 716 2276 translatio,
772 2212 840 2264 de
893 2212 1098 2280 quibus
1156 2212 1402 2265 breviter
1464 2213 1725 2265 laudatus
1774 2211 1906 2264 Hof—

203 2315 459 2353 manuus
489 2299 557 2353 ad
598 2315 691 2353 an.
723 2300 878 2365 1147,
914 2301 1020 2353 col.
1056 2302 1154 2354 123
1190 2316 1203 2354 :
1264 2320 1292 2349 α
1351 2301 1460 2354 Per
1514 2301 1743 2354 eosdem
1785 2299 1905 2353 dies

202 2404 338 2440 ossa
392 2387 449 2441 S.
513 2387 737 2441 Henrici
822 2388 1188 2458 Imperatoris
1262 2386 1505 2441 solemni
1564 2387 1905 2441 caeremonia

203 2476 488 2529 translata
519 2480 668 2529 sunt.
700 2477 761 2529 Et
793 2492 926 2529 vero
958 2492 1046 2529 res
1078 2477 1222 2530 facta
1255 2482 1339 2530 est
1369 2477 1424 2529 in
1452 2478 1601 2530 hunc
1624 2477 1858 2530 modum
1886 2493 1898 2529 :

203 2564 571 2617 Eberhardus
623 2563 938 2633 episcopus,
1004 2565 1275 2618 advocato
1334 2565 1663 2617 Eberhardo
1723 2564 1904 2617 archi-

197 2652 471 2722 episcopo
512 2651 945 2722 Salisburgensi,
977 2656 1033 2705 et
1066 2652 1392 2705 Hermanno
1449 2652 1715 2723 episcopo
1781 2653 1904 2707 Bri-

199 2742 413 2804 xiensi,
446 2746 617 2810 atque
651 2757 765 2794 una
803 2757 929 2794 cum
964 2740 1283 2806 abbatibus,
1314 2740 1618 2811 religiosis,
1654 2746 1711 2794 et
1765 2741 1902 2812 ipsis

202 2829 540 2899 proceribus
595 2828 859 2893 civitatis,
906 2829 1138 2882 accessit
1182 2829 1252 2882 ad
1311 2830 1497 2883 locum
1548 2828 1650 2883 ubi
1706 2829 1900 2884 condi-

199 2924 328 2971 tum
373 2934 581 2987 corpus
616 2918 820 2971 fuerat.
872 2921 1064 2987 atque,
1106 2925 1295 2986 egesta
1336 2923 1507 2980 terra,
1571 2934 1729 2971 sacra
1775 2933 1900 2970 ossa

2032 534 2322 587 canonicis
2361 534 2612 587 ecclesia:
2662 534 3146 605 Babenbergensis
3199 536 3259 589 D.
3316 537 3596 591 Berholdo
3654 538 3725 592 de

2035 621 2356 690 llennberg,
2417 620 2536 674 tilio
2596 622 2821 674 comitis
2875 622 3101 676 Henrici
3150 623 3218 676 de
3269 624 3593 693 Hennberg.
3660 626 3719 678 Ι).

2034 709 2287 763 Udalrico
2321 709 2391 763 de
2450 710 2721 762 Tliunl'elt
2770 709 3137 776 Scholastico,
3195 716 3252 764 et
3305 712 3369 765 ἰ).
3440 712 3721 787 Friderico

2028 797 2233 851 Zotner
2265 797 2333 851 de
2366 797 2633 866 Halberg,
2674 803 2897 850 matura
2928 803 2983 851 et
3022 798 3261 852 discrcta
3312 799 3721 855 deliberatione

2027 884 2397 938 dominorum
2448 886 2518 939 de
2538 886 2787 955 capitulo
2820 886 3073 940 ecclesia!
3130 887 3637 958 Babenbergensis,
3665 894 3723 942 et

2026 979 2261 1044 propter
2287 974 2454 1027 ﬁdem
2500 974 2799 1027 certiorem
2838 975 3240 1043 sanioremque
3269 976 3531 1030 notitiam
3590 993 3718 1031 san-

2026 1069 2244 1115 ctarum
2281 1062 2658 1132 reliquiarum
2691 1062 2866 1115 sancti
2902 1063 3080 1133 patris
3115 1070 3171 1117 et
3200 1064 3522 1118 fundatoris
3542 1066 3717 1118 eccle-

2024 1150 2123 1204 sia:
2165 1150 2650 1220 Babenbergensis
2699 1152 2761 1204 D.
2799 1151 3021 1205 Henrici
3060 1152 3451 1221 Imperatoris,
3488 1160 3718 1225 apertus

2024 1244 2110 1293 est
2191 1240 2575 1309 sarcophagus
2620 1240 2742 1309 jam
2803 1239 2938 1292 dicti
3005 1240 3364 1306 confessoris,
3423 1242 3493 1295 ab
3550 1248 3718 1296 antea

2022 1326 2167 1380 bene
2200 1328 2448 1381 reclusus
2481 1333 2537 1380 et
2563 1333 2783 1380 seratus
2821 1327 3215 1399 sigillatusque
3271 1329 3454 1399 sigillo
3514 1330 3716 1399 majori

2021 1414 2157 1469 bon.
2206 1432 2376 1470 mem.
2419 1417 2476 1469 D.
2534 1415 2747 1469 Eberh.
2814 1416 3066 1487 episcopi
3097 1433 3146 1469 lx
3181 1417 3345 1485 (alias
3384 1418 3437 1487 χ)
3492 1418 3712 1470 Baben-

2020 1503 2314 1574 bergensis
2348 1504 2618 1559 ecclesias.
2654 1526 2679 1552 ››
2693 1545 2704 1556 .

2091 1596 2177 1646 27.
2214 1594 2275 1647 In
2307 1610 2421 1664 quo
2451 1593 2685 1664 quidem
2727 1594 3080 1663 sarcophago
3133 1594 3378 1648 inventae
3437 1598 3573 1647 sunt
3629 1611 3713 1647 re-

2023 1681 2234 1752 liquiae,
2294 1682 2457 1752 quasi
2505 1682 2999 1759 totiusﬁejusdem
3057 1682 3311 1752 corporis
3389 1681 3532 1735 sacri
3586 1698 3711 1735 ossa

2022 1771 2365 1836 veneranda,
2392 1776 2599 1841 praeter
2627 1776 2819 1841 caput,
2845 1771 2997 1841 quod
3028 1770 3088 1823 in
3120 1772 3230 1824 alia
3255 1770 3415 1824 theca
3439 1770 3708 1824 deaurata

2016 1857 2375 1911 reconditum
2425 1862 2747 1911 veneratur.
2796 1858 2910 1927 Ipsi
2968 1874 3102 1911 vero
3152 1859 3220 1911 de
3258 1874 3396 1910 sano
3444 1858 3704 1924 consilio,

2015 1944 2277 2015 diligenti
2346 1945 2601 1999 adhibita
2655 1946 2930 2013 custodia,
2989 1950 3213 1999 tantum
3287 1947 3699 2010 mandibulam,

2013 2032 2309 2087 brachium
2361 2038 2416 2087 et
2467 2034 2608 2087 duas
2656 2039 2837 2087 costas
2880 2049 3010 2086 cum
3057 2034 3247 2102 parvis
3308 2033 3432 2086 aliis
3484 2033 3704 2087 ossibus

2012 2122 2413 2192 praedictarum
2444 2121 2838 2192 reliquiarum,
2863 2121 2997 2174 foris
3041 2121 3452 2175 honorabiliter
3501 2137 3703 2174 recon-

2014 2210 2251 2274 dandas,
2285 2210 2565 2281 bonaeque
2589 2211 2859 2264 custodiae
2891 2209 3298 2281 mancipandas
3321 2214 3701 2277 reservarunt,

2012 2314 2131 2352 non
2162 2303 2353 2351 tamen
2392 2298 2513 2352 sine
2548 2298 2874 2352 rationabili
2922 2314 3090 2352 causa
3132 2299 3477 2369 specialique
3532 2299 3702 2351 devo-

2013 2383 2186 2438 tione.
2212 2384 2463 2439 Tandem
2494 2384 2646 2453 ipsas
2696 2380 2967 2455 reliquias
2998 2386 3051 2439 S.
3111 2384 3338 2440 Henrici
3383 2387 3442 2439 in
3500 2386 3703 2440 eodem

2012 2473 2362 2543 sarcophago
2402 2472 2840 2542 diligentissime
2868 2473 3072 2527 iterato
3103 2474 3487 2541 recluserunt;
3539 2474 3703 2543 sigil-

2012 2561 2195 2614 lantes
2253 2562 2440 2632 sigillo
2506 2561 2741 2630 capituli
2812 2561 3087 2632 prmdicti,
3159 2578 3273 2632 quo
3328 2562 3435 2632 ipsi
3483 2562 3703 2617 domini

2010 2654 2253 2702 utuntur
2302 2650 2370 2703 ad
2402 2665 2615 2702 causas.
2668 2651 2915 2703 Iuventae
2971 2650 3205 2703 fuerunt
3254 2666 3359 2719 pro
3409 2656 3546 2704 tunc
3601 2667 3703 2720 per

2012 2738 2238 2791 eosdem
2274 2738 2534 2791 dominos
2585 2737 2890 2790 canonicos
2927 2737 3229 2806 praedictos
3290 2738 3418 2791 duae
3477 2743 3699 2792 veteres

2010 2826 2316 2893 schedulaa,
2350 2824 2609 2879 interiori
2638 2825 2818 2878 theca:
2844 2824 3052 2890 afﬁxaz,
3112 2842 3359 2896 quarum
3411 2842 3525 2879 una
3576 2827 3699 2881 haec

2012 2914 2221 2982 scripta
2251 2913 2577 2967 continuit:
2612 2914 2654 2968 D
2709 2913 3067 2968 Eberhardus
3116 2914 3337 2984 primus
3391 2915 3563 2984 hujus
3605 2917 3701 2969 Ba-

196 3007 334 3060 inde
385 3005 611 3070 levavit,
670 3009 724 3058 et
778 3004 835 3058 in
880 3005 1140 3059 tumbam
1173 3021 1554 3059 marmoream
1584 3006 1895 3059 transtulit.
1931 3008 1971 3062 C
2009 3002 2417 3072 benbergensis
2466 3002 2717 3056 ecclesias
2792 3002 3093 3073 episcopus
3166 3003 3563 3073 praescriptum
3638 3004 3694 3059 8.

196 3110 449 3164 eamque
503 3092 673 3146 clavis
731 3092 1071 3145 obfirmavit.
1111 3116 1130 3140 ι»
1190 3093 1395 3147 Eadem
1454 3094 1624 3162 paulo
1667 3098 1898 3146 contra-

196 3183 347 3237 ctius
391 3182 567 3235 habes
599 3180 657 3233 in
682 3180 881 3248 elogiis
929 3182 1329 3250 episcoporum
1385 3198 1513 3251 pag.
1549 3185 1599 3236 6.
1637 3202 1664 3229 ί(
1720 3182 1894 3235 Eber-

198 3270 422 3323 hardus
488 3269 558 3333 ll,
614 3268 725 3321 dux
786 3268 1037 3321 Bavariaa
1069 3268 1300 3338 eligitur
1356 3285 1571 3334 nexu-1,
1621 3268 1897 3322 Pontifice

199 3356 458 3426 Eugenio
508 3356 604 3421 lll,
668 3355 928 3409 Conrado
983 3354 1181 3408 itidem
1229 3357 1323 3409 Ill.
1375 3356 1429 3410 8.
1492 3356 1715 3409 llenrici
1773 3372 1896 3409 ossa

196 3461 413 3514 magna
442 3444 785 3497 solennitate
814 3444 882 3497 ad
922 3444 1349 3498 honoratiorem
1372 3446 1657 3498 tumulum
1708 3432 1893 3497 trans-

196 3534 352 3597 tulit,
407 3537 463 3585 et
509 3547 855 3596 marmoreo,
917 3533 1069 3603 quod
1146 3533 1462 3587 hodiedum
1523 3532 1713 3586 videre
1790 3537 1893 3597 est,

198 3625 580 3675 monumento
637 3619 1110 3674 condecoravit.»
1182 3621 1492 3690 Quousque
1557 3620 1898 3673 extendatur

196 3710 351 3763 istud
385 3730 412 3757 ιι
468 3708 798 3763 hodiedum.
832 3729 854 3757 ρ
892 3709 1134 3763 necdum
1193 3709 1331 3762 satis
1371 3708 1519 3761 clare
1573 3708 1892 3778 perspicio;

196 3799 595 3867 colligendum
624 3798 681 3851 id
705 3797 811 3851 erit
850 3814 915 3851 ex
943 3798 1164 3851 schedis
1195 3797 1374 3851 nostri
1406 3799 1464 3851 P.
1510 3797 1745 3851 Joannis
1787 3798 1892 3850 Ga-

195 3887 435 3955 mansii,
465 3886 635 3939 toties
679 3885 738 3939 in
780 3886 931 3939 Actis
962 3886 1171 3939 nostris
1201 3886 1435 3951 laudati,
1492 3886 1589 3956 qui
1641 3901 1733 3938 eas
1791 3886 1896 3939 de-

196 3975 369 4029 scribi
419 3974 636 4028 curavit
689 3991 753 4027 ex
805 3975 898 4028 Ms.
934 3974 1204 4043 Catalogo
1258 3975 1665 4044 Episcoporum
1726 3974 1895 4026 Bam-

196 4063 571 4133 bergensium
603 4064 656 4117 S.
686 4062 976 4115 Michaelis
1010 4063 1373 4132 Bambergae;
1417 4078 1559 4132 quas
1589 4062 1681 4114 hic
1712 4061 1893 4114 addu-

197 4168 328 4206 cere
372 4167 563 4220 operae
613 4150 865 4219 pretium
916 4149 1250 4216 existimavi,
1286 4165 1416 4202 cum
1469 4166 1534 4203 ea
1590 4149 1895 4219 suppleant

200 4257 332 4312 quae
366 4240 427 4293 in
457 4240 775 4293 Hofmanno
799 4238 1214 4291 desiderantur.

268 4329 358 4379 26.
394 4326 649 4396 Scriptor
688 4326 813 4392 iste,
857 4326 954 4397 qui
989 4326 1215 4379 nonnisi
1246 4326 1312 4378 ad
1351 4341 1566 4379 annum
1616 4326 1744 4378 1440
1775 4328 1887 4377 Au-

196 4416 358 4469 nales
398 4432 533 4467 suos
564 4415 975 4483 perduxit,‘ubi
1001 4431 1152 4467 anno
1200 4418 1332 4469 1379
1378 4414 1587 4467 civium
1624 4414 1886 4467 Bamber-

196 4504 463 4574 gensium
520 4502 827 4556 seditiones
872 4504 1141 4555 adversus
1190 4503 1553 4555 Lambertum
1610 4518 1712 4555 xxx
1766 4503 1886 4571 epi—

198 4609 435 4663 scopum
499 4590 696 4661 paucis
768 4591 1123 4657 memoravit,
1170 4592 1249 4643 ita
1304 4590 1534 4644 subdit:
1590 4612 1611 4637 «
1675 4590 1889 4653 Quibus

199 4681 387 4734 verbis
426 4680 758 4734 Lambertus
789 4679 845 4732 in
883 4695 1154 4749 magnum
1192 4678 1455 4731 timorem
1511 4679 1763 4744 adactus,
1819 4679 1889 4732 ad

200 4768 451 4820 divinam
486 4766 908 4836 implorandum
958 4784 1125 4836 opem
1186 4766 1462 4837 confugit,
1521 4772 1578 4821 et
1625 4769 1889 4836 sequenti

199 4872 372 4919 anno,
409 4856 562 4908 clero
597 4870 661 4907 ac
690 4855 903 4924 populo
921 4858 1212 4922 advocato,
1243 4855 1556 4908 tumultum
1586 4854 1640 4908 S.
1669 4855 1891 4908 Henrici

200 4943 442 5014 aperuit,
474 4948 531 4996 et
558 4942 830 5012 reliquias
856 4944 978 5013 ejus
1011 4960 1195 4996 sacras
1238 4943 1472 5013 protulit
1504 4961 1520 4995 :
1560 4965 1580 4989 η
1641 4959 1708 4996 ex
1762 4944 1888 5014 qui-

201 5033 301 5085 bus
349 5032 487 5102 quid
520 5037 642 5084 tum
684 5038 904 5095 gestum
937 5032 1028 5097 sit,
1079 5032 1189 5097 vix,
1229 5037 1325 5084 aut
1381 5048 1452 5085 ne
1508 5031 1597 5084 vix
1656 5032 1887 5102 quidem

203 5121 505 5191 intelligas.
540 5119 674 5173 Haec
703 5120 873 5190 paulo
906 5120 1138 5173 uberius
1184 5119 1355 5173 citata
1404 5119 1690 5174 Gamansii
1738 5120 1892 5174 sche-

200 5209 284 5267 da.
321 5224 498 5278 quam
530 5207 589 5260 in
622 5207 745 5276 ejus
774 5207 886 5261 ﬁde
927 5209 1196 5277 produco.
1232 5230 1258 5257 ‹‹
1288 5208 1404 5262 Sub
1460 5209 1567 5261 isto
1625 5223 1890 5262 reveren-

202 5296 432 5349 dissimo
472 5295 531 5348 in
590 5294 810 5349 Christo
844 5301 1004 5366 patre
1057 5314 1120 5349 ac
1180 5297 1419 5350 Domino
1451 5297 1516 5350 D.
1570 5296 1889 5361 Lamberto,

203 5401 349 5438 anno
414 5385 574 5437 Dom.
650 5400 940 5451 ucccnxxx,
1005 5384 1205 5440 Indict.
1269 5402 1349 5449 Ill,
1401 5385 1492 5438 die
1546 5401 1642 5437 vm
1684 5386 1893 5438 mensis

204 5472 353 5539 Julii,
443 5489 556 5543 qua
623 5472 829 5526 festum
900 5473 1090 5545 agitur
1167 5480 1496 5527 sanctorum
1580 5481 1892 5545 martyrum

208 5559 426 5630 liyliani
488 5576 553 5613 ac
635 5561 916 5615 sociorum
1008 5564 1148 5632 ejus,
1255 5562 1549 5633 regimiuis
1615 5563 1697 5614 sui
1762 5580 1889 5616 sexi-

2009 3091 2311 3146 Henricum
2345 3093 2753 3162 Imperatorem
2809 3091 3163 3145 tumulavit:
3222 3092 3542 3161 Egilbertus
3592 3107 3697 3145 no-

2006 3197 2113 3234 nus
2174 3180 2657 3246 Babenbergensis
2746 3179 3046 3249 episcopus
3102 3180 3460 3234 canonizavit
3509 3180 3697 3251 ipsum

2004 3268 2392 3324 S.Henricum
2444 3271 2667 3337 (nempe
2709 3284 2814 3338 per
2867 3267 3186 3339 Eugenium
3243 3270 3316 3323 III
3367 3269 3599 3337 Papam)
3643 3273 3699 3322 et

2008 3357 2364 3411 Eberhardus
2414 3357 2535 3410 Dux
2586 3357 2855 3421 Bavariaa,
2923 3356 3178 3410 decimus
3232 3356 3533 3427 episcopus
3594 3358 3694 3411 Ba-

1981 3445 2175 3500 ‘benb.
2244 3445 2535 3498 transtulit
2601 3445 2902 3516 praefatum
2958 3449 3175 3513 patrem
3221 3450 3278 3497 et
3329 3444 3695 3498 fundatorem

2002 3532 2253 3586 ecclesiae
2284 3533 2339 3587 S.
2400 3532 2705 3586 Henricum
2736 3531 3059 3602 sanctisque
3104 3531 3243 3585 locis
3301 3532 3693 3586 venerandum

2002 3621 2433 3675 commendavit
2491 3637 2640 3674 anno
2722 3622 2881 3674 Dom.
2944 3637 3179 3686 MCXLVII,
3232 3620 3322 3674 die
3386 3637 3481 3674 xm
3535 3621 3689 3684 Julii,

2002 3709 2384 3783 praesentibus
2443 3709 2656 3763 ibidem
2720 3709 3137 3762 venerabilibus
3208 3708 3565 3779 principibus
3633 3727 3693 3762 ac

2002 3798 2252 3853 dominis
2285 3800 2348 3852 D.
2387 3798 2710 3852 Eberhardo
2744 3796 3142 3868 Salzburgensi
3178 3796 3604 3867 archiepiscopo
3638 3802 3694 3849 et

2005 3890 2354 3942 Hartmanno
2406 3886 2681 3941 Brixiensi
2764 3886 3055 3956 episcopo,
3117 3902 3247 3940 cum
3302 3885 3497 3939 multis
3566 3884 3693 3938 aliis

2002 3974 2283 4045 religiosis
2323 3975 2586 4029 fidelibus
2606 3992 2669 4028 ac
2702 3975 2814 4028 Deo
2838 3974 3076 4028 devotis.

2073 4066 2143 4117 28
2176 4068 2457 4131 Apertura
2503 4063 2842 4132 sarcophagi
2899 4063 3249 4132 requirenda
3306 4066 3392 4115 est
3464 4061 3522 4115 in
3580 4078 3685 4129 po-

2002 4151 2229 4206 steriori
2258 4152 2440 4222 capite
2472 4152 2577 4205 sub
2606 4156 2766 4220 tergo
2799 4151 3068 4221 imaginis
3100 4151 3279 4204 beatae
3314 4150 3502 4202 Maria:
3561 4150 3690 4201 Vir—

2005 4240 2174 4311 ginis,
2207 4241 2303 4294 ubi
2334 4240 2544 4308 scripta
2568 4246 2700 4293 sunt
2732 4241 2849 4293 haec
2881 4240 3052 4292 verba
3086 4256 3097 4291 :
3132 4241 3324 4292 Anam
3360 4254 3528 4291 enim
3559 4254 3690 4291 cum

2009 4332 2240 4383 LOCATIO
2290 4344 2666 4388 RELIQUIARUM
2707 4345 2758 4381 IN
2809 4344 2963 4380 FESTO
3010 4329 3063 4380 8.
3122 4327 3349 4380 Hammer
3382 4342 3448 4377 an
3497 4341 3689 4378 suco-

2001 4433 2215 4470 PHAGUM
2252 4432 2413 4469 suum.
2459 4416 2647 4485 Pergit
2703 4416 2907 4469 deinde
2950 4414 3189 4483 scriptor
3240 4413 3492 4483 Catalogi
3549 4429 3687 4466 enu-

2002 4520 2222 4556 merare
2260 4503 2513 4572 insignes
2550 4502 2773 4572 aliquot
2818 4501 3260 4571 Bambergenses
3300 4500 3593 4571 reliquias,
3626 4517 3692 4554 eo

2001 4591 2201 4645 ordine
2229 4607 2341 4661 quo
2394 4591 2607 4644 ibidem
2666 4590 2724 4644 in
2777 4592 2994 4659 templo
3043 4590 3357 4644 cathedrali
3404 4589 3691 4658 dispositae

2000 4684 2152 4733 sunt.
2197 4700 2223 4728 ι(
2274 4679 2475 4749 Caput,
2507 4678 2697 4750 inquit
2727 4680 2781 4733 8.
2842 4678 3069 4735 Henrici
3116 4679 3173 4732 in
3227 4678 3415 4731 medio
3472 4678 3693 4731 locatur

2000 4774 2132 4821 ante
2156 4768 2592 4837 sarcopliagum,
2652 4768 2720 4821 ad
2750 4768 2927 4821 altare
2959 4771 3169 4821 sanctas
3225 4766 3437 4821 Crucis.
3503 4782 3694 4820 versus

2001 4856 2288 4910 Orientem
2322 4872 2334 4909 :
2368 4873 2399 4909 a
2431 4856 2641 4910 dextris
2696 4857 2956 4909 exeundo
2988 4872 3019 4909 e
3053 4856 3223 4909 choro
3281 4856 3335 4909 S.
3398 4856 3566 4920 Petri,
3601 4871 3691 4907 ca-

2001 4950 2107 5014 put
2133 4950 2340 4997 sanctae
2372 4944 2758 5014 Cunegundis,
2784 4951 2841 4998 et
2879 4944 3071 5014 imago
3101 4944 3283 4998 beatae
3321 4943 3509 4999 Mariae
3564 4942 3691 4996 Vir-

2002 5033 2170 5103 ginis.
2207 5036 2250 5086 A
2281 5033 2525 5086 sinistris
2558 5034 2613 5087 8.
2644 5035 2975 5103 Margaretae
3006 5037 3063 5086 et
3102 5037 3275 5102 caput
3323 5033 3378 5086 S.
3435 5029 3644 5086 Kiliani
3676 5047 3689 5083 :

2003 5122 2266 5175 adextris
2292 5122 2550 5175 exeundo
2582 5139 2611 5174 a
2643 5121 2815 5175 choro
2845 5122 2898 5177 8.
2949 5120 3120 5188 Petri,
3180 5124 3353 5190 caput
3406 5119 3459 5173 S.
3515 5118 3693 5171 Theo-

2002 5209 2128 5264 dori
2177 5215 2231 5262 et
2269 5209 2449 5263 sancti
2503 5210 2794 5279 Dionysii;
2837 5215 2893 5263 et
2944 5226 3140 5263 versus
3182 5208 3472 5262 Orientem
3523 5210 3695 5275 caput

2004 5304 2357 5366 argenteum.
2422 5301 2463 5351 A
2519 5297 2764 5350 sinistris
2803 5315 2925 5368 Cap.
2988 5302 3312 5351 sanctorum
3362 5294 3580 5346 Cosmze
3640 5300 3694 5348 et

2006 5385 2290 5450 Damiani,
2348 5390 2404 5438 et
2441 5394 2614 5456 caput
2656 5393 3039 5456 argenteum:
3098 5399 3292 5436 versus
3340 5382 3579 5436 chorum
3637 5384 3690 5439 8.

2007 5474 2176 5540 Petri,
2230 5480 2401 5545 caput
2455 5476 2509 5529 S.
2558 5475 2799 5541 Ottonis,
2851 5480 2905 5527 et
2952 5476 3122 5543 caput
3178 5470 3231 5525 S.
3291 5471 3373 5525 Pii
3420 5488 3585 5543 papa:
3634 5479 3693 5527 et

2009 5565 2291 5633 martyris.
2330 5586 2348 5610 ι
2386 5565 2656 5634 Sequitur
2683 5565 2738 5617 in
2786 5564 2977 5615 charta
3011 5559 3389 5615 Gamansiana
3446 5562 3691 5615 miracu-
