3940 6330
265 357 333 406 23
1573 351 1627 403 8.
1672 346 1956 405 HENRICI
1998 345 2470 403 IMPERATORIS
3705 345 3766 397 ’Δὶ

267 477 388 529 lum
441 475 510 530 de
542 473 902 528 restitutione
934 474 992 527 in
1023 473 1312 543 integrum
1363 472 1632 545 imaginis
1693 473 1958 527 Cruciiixi
1988 479 2034 530 Α
2071 471 2308 538 tionem,
2336 474 2728 525 consecratum
2766 472 2892 535 fuit,
2926 471 3306 541 praesentibus
3337 471 3524 525 adhuc
3580 472 3764 526 omni-

269 563 531 627 eburnei,
559 562 659 634 qui
689 579 719 616 e
752 563 1083 634 longinquis
1110 562 1273 616 terris
1322 580 1352 616 a
1389 563 1444 617 S.
1497 563 1736 617 Henrico
1790 563 1956 616 Bam-

271 654 509 724 bergam
539 656 943 723 comportatus,
1000 657 1056 705 et
1086 651 1344 705 fulminis
1374 650 1490 706 ictu
1534 651 1591 705 in
1649 651 1830 705 frusta
1852 651 1954 705 mi-

272 741 576 795 nutissima
605 742 836 794 collisus
887 745 943 794 et
995 740 1272 793 contritus
1323 738 1495 792 fuisse
1524 738 1733 792 dicitur
1781 737 1873 791 die
1927 753 1956 790 x

273 830 400 882 Maii
470 832 598 883 lii-l5
676 835 914 897 (annum
990 831 1123 882 l5l6
1196 832 1352 881 notat
1408 827 1764 881 continuatio
1827 827 1958 879 Hof-

273 917 473 972 manui
513 917 664 987 apud
714 917 984 987 Ludwig.)
1047 918 1362 984 Utcumque
1413 915 1468 968 id
1495 915 1704 969 factum
1764 913 1956 978 fuerit,

274 1005 345 1059 ad
391 1021 514 1060 rem
548 1009 802 1059 nostram
855 1004 1088 1075 propius
1148 1007 1403 1075 spectant
1423 1019 1550 1074 quas
1573 1003 1640 1057 de
1693 1003 1798 1056 hac
1827 1019 1958 1074 pro-

275 1092 397 1163 prie
429 1092 577 1147 dicta
606 1109 894 1146 sacrarum
925 1092 1298 1164 reliquiarum
1332 1091 1700 1145 translatione
1723 1091 1958 1161 subjun-

273 1181 357 1252 git
385 1181 552 1235 citata
585 1181 781 1235 charta
805 1180 863 1233 in
889 1179 1042 1234 hunc
1073 1179 1330 1233 modum.

343 1272 438 1324 29.
480 1289 506 1320 α
533 1273 700 1324 Anno
735 1267 958 1324 Domini
1000 1284 1193 1332 unxm,
1224 1267 1423 1322 Indict.
1461 1271 1508 1329 l,
1555 1267 1647 1322 die
1708 1271 1759 1321 ll
1819 1268 1962 1338 Sep-

271 1357 529 1421 tembris,
606 1356 942 1427 sarcophagi
994 1355 1216 1426 antiqui
1255 1359 1581 1409 sanctorum
1639 1353 1865 1409 Henrici
1907 1359 1964 1406 et

273 1444 638 1516 Cunegundis
669 1444 1035 1498 fundatorum
1091 1443 1272 1514 aperti
1304 1443 1520 1498 suntin
1586 1459 1822 1515 corpore
1873 1457 1962 1495 ec-

275 1534 480 1600 clesice,
512 1539 664 1588 retro
697 1534 874 1587 altare
909 1532 963 1587 8.
998 1532 1390 1602 Cunegundis,
1423 1549 1525 1602 per
1556 1529 1962 1586 reverendissi-

277 1636 436 1674 mum
484 1627 743 1674 nostrum
797 1619 1099 1675 dominum
1153 1621 1640 1691 praenominatum
1679 1621 1748 1675 de
1799 1621 1963 1690 Lym-

276 1708 443 1778 burg,
507 1712 743 1778 propter
782 1725 990 1762 novam
1046 1709 1399 1779 sepulturam
1455 1708 1712 1779 praefatis
1757 1706 1967 1762 sanctis

276 1796 535 1866 patronis
567 1813 633 1850 ex
665 1813 948 1851 marmore
990 1798 1272 1866 sculptam
1307 1813 1320 1850 :
1353 1797 1416 1851 in
1445 1814 1558 1868 quo
1615 1797 1965 1868 sarcophago

277 1884 513 1955 antiquo
561 1889 790 1954 reperta
844 1884 955 1939 fuit
1001 1890 1220 1938 vetusta
1265 1902 1432 1956 capsa
1487 1887 1656 1940 unica
1700 1886 1772 1963 lin
1856 1901 1970 1955 qua

275 1977 439 2026 erant
489 1972 750 2042 pulveres
800 1972 868 2027 de
897 1989 1134 2043 corpore
1163 1975 1216 2029 8.
1281 1974 1528 2042 Henrici,
1561 1991 1693 2046 pars
1756 1991 1870 2028 una
1901 1975 1969 2028 de

279 2061 510 2130 scapula
539 2077 637 2114 seu
687 2063 913 2131 spatula
973 2062 1253 2131 ejusdem,
1312 2079 1442 2116 cum
1497 2063 1840 2134 quibusdam
1898 2063 1967 2117 de

278 2149 432 2202 corio
490 2154 546 2203 et
603 2149 803 2217 serico,
860 2150 922 2204 in
967 2150 1175 2222 quibus
1218 2151 1540 2206 involutum
1598 2151 1706 2209 fuit
1765 2168 1970 2223 corpus

278 2238 332 2291 8.
387 2237 632 2292 Henrici.
700 2239 762 2292 In
812 2239 1163 2310 sarcophago
1211 2240 1266 2294 8.
1314 2241 1681 2310 Cunegundis
1741 2240 1973 2296 inventa

281 2329 366 2379 est
397 2326 643 2395 capsella
671 2342 832 2381 aenea
861 2326 918 2380 in
946 2343 1059 2398 qua
1088 2326 1322 2381 inclusae
1361 2328 1596 2382 fuerunt
1614 2328 1872 2400 reliquiae
1903 2329 1972 2383 de

281 2429 520 2482 corpore
551 2415 606 2470 S.
641 2415 1028 2486 Cunegundis,
1060 2417 1189 2470 duae
1239 2421 1410 2471 costa:
1455 2433 1586 2470 cum
1626 2417 1970 2488 quibusdam

283 2501 408 2556 aliis
438 2501 694 2574 reliquiis
725 2503 1010 2572 ejusdem.
1062 2505 1124 2559 In
1173 2510 1418 2576 utroque
1476 2505 1826 2576 sarcophago
1857 2507 1974 2559 col-

283 2590 411 2644 lecti
470 2595 605 2645 sunt
658 2591 924 2662 pulveres
982 2593 1050 2648 de
1107 2593 1374 2647 cordibus
1431 2593 1765 2660 amborum;
1843 2609 1970 2665 quae

284 2679 543 2750 reliquiae
573 2696 704 2734 cum
744 2680 964 2735 honore
1014 2687 1069 2734 et
1127 2681 1446 2736 reverentia
1497 2683 1555 2736 in
1614 2682 1796 2752 capsis
1855 2681 1973 2736 suis

286 2767 353 2820 ad
386 2783 653 2838 magnam
688 2769 1004 2823 sacristiam
1027 2775 1163 2824 sunt
1190 2770 1502 2840 deportata:
1529 2787 1632 2841 per
1661 2771 1965 2841 praefatum

287 2856 349 2908 D.
380 2856 685 2925 Georgium
707 2857 1062 2928 episcopum,
1091 2859 1152 2911 Ι).
1178 2858 1488 2928 Casparum
1548 2859 1971 2929 suifraganeum

286 2944 563 3012 ejusdem,
615 2950 671 2998 et
701 2946 765 2998 D.
825 2945 1102 2999 Joannem
1161 2947 1427 3000 abbatem
1467 2947 1710 3001 cmnobii
1763 2949 1817 3002 S.
1867 2947 1968 3000 Mi-

2067 559 2174 613 bus
2207 561 2325 629 jam
2381 575 2550 629 supra
2601 557 2928 612 nominatis.
2996 558 3220 612 Atrium
3269 565 3401 613 ante
3459 559 3754 614 ecclesiam

2073 647 2625 717 Babenbergensem.
2683 663 2710 698 η
2763 652 2928 716 porta
2985 648 3119 702 Adae
3183 653 3239 702 et
3287 650 3412 702 Eva:
3467 665 3647 719 usque
3687 648 3760 702 ad

2071 741 2296 806 portam
2323 735 2546 807 gratiae,
2579 737 2782 789 νυώιιιι
2829 736 3116 806 annojam
3148 753 3338 806 supra,
3372 735 3601 807 lapideo
3655 754 3756 807 pa-

2071 826 2322 878 vimento
2375 829 2635 884 stratum,
2694 841 2758 876 ac
2809 840 2973 878 muro
3013 824 3285 895 pectorali
3318 825 3528 879 cavatis
3559 825 3766 895 lapidi-

2071 913 2177 968 bus
2224 912 2465 968 artiiicio
2497 912 2808 982 magistrali
2852 928 2956 982 per
2983 929 3190 982 gyrum
3223 930 3283 966 ac
3313 914 3558 967 formam
3610 930 3768 967 coro-

2073 1019 2161 1057 nae
2188 1001 2604 1070 circumdatum
2664 1000 2792 1066 fuit,
2851 1017 2920 1054 ne
2972 1002 3321 1055 eil‘uderetur
3376 1002 3455 1054 ibi
3525 1003 3760 1072 sanguis

2073 1089 2342 1144 innoxius
2396 1089 2621 1143 labente
2704 1090 2968 1160 aliquo.»
3031 1092 3309 1143 Hactenus
3365 1089 3580 1155 charta,
3654 1107 3762 1160 pro

2073 1179 2342 1232 coronide
2373 1178 2690 1247 adjungens
2718 1193 2846 1248 quae
2876 1176 3051 1231 habes
3087 1178 3236 1248 apud
3268 1179 3571 1232 Hofmanni
3629 1195 3766 1232 cou-

2072 1265 2438 1332 tinuatorem,
2475 1265 2580 1319 col.
2614 1266 2736 1319 242.
2765 1265 2889 1319 Alia
2916 1264 3168 1336 religiosi
3221 1266 3407 1320 cultus
3453 1282 3762 1336 argumen-

2073 1359 2131 1407 ta
2160 1370 2600 1425 prosequamur.

2077 1464 2104 1530 §
2135 1462 2223 1515 IV.
2261 1461 2529 1530 Reliquiae
2583 1461 3012 1528 Bambergenscs,
3049 1476 3206 1514 sacra
3247 1461 3480 1529 cimelia,
3541 1477 3764 1516 mauso-

2148 1533 2284 1586 leum
2316 1533 2721 1598 Henricianum,
2767 1532 2965 1600 Ofﬁcia
3016 1534 3393 1598 ecclesiastica,
3457 1537 3508 1587 et
3539 1536 3772 1603 antiqua

2147 1604 2338 1656 Missa.

2147 1710 2234 1761 21.
2258 1708 2334 1762 De
2348 1707 2604 1778 reliquiis
2620 1711 2677 1762 et
2697 1706 2866 1760 sacris
2890 1706 3404 1777 Bambergensibus
3424 1723 3770 1763 monumen-

2077 1795 2147 1850 tis
2187 1813 2249 1850 ac
2279 1795 2542 1863 cimeliis,
2573 1811 2724 1864 cum,
2757 1801 2964 1866 praeter
2994 1812 3062 1849 ea
3099 1812 3228 1867 quae
3258 1812 3326 1850 ex
3351 1795 3669 1850 Hofmanno
3705 1803 3768 1850 et

2077 1885 2298 1939 schedis
2329 1883 2721 1939 Gamansianis
2770 1884 2891 1954 jam
2923 1885 3182 1953 proxime
3224 1885 3356 1938 data
3410 1890 3561 1952 sunt,
3625 1885 3769 1939 nihil

2079 1973 2148 2027 ad
2205 1989 2442 2027 manum
2501 1978 2669 2040 esset,
2717 1974 2790 2028 ad
2835 1973 3055 2027 fontem
3109 1973 3299 2044 ipsum
3359 1975 3774 2028 recurrendum

2079 2058 2296 2128 censui,
2327 2059 2479 2113 unde
2520 2059 2727 2112 certius
2772 2064 2830 2113 et
2860 2059 3114 2113 securius
3162 2076 3334 2131 quam
3392 2077 3459 2115 ex
3504 2061 3574 2114 iis
3631 2077 3766 2132 qua:

2082 2146 2400 2217 Ludwigius
2457 2150 2804 2218 vulgaverat,
2879 2147 3103 2202 edoceri
3157 2164 3402 2218 possem.
3466 2149 3578 2202 Nec
3635 2165 3774 2202 sane

2081 2242 2352 2307 concepta
2379 2253 2476 2307 spe
2507 2236 2809 2291 frustratus
2857 2253 3002 2300 sum,
3065 2253 3197 2291 nam
3229 2253 3336 2308 ope
3393 2242 3449 2291 et
3503 2239 3775 2308 praesidio

2084 2325 2146 2380 Η.
2178 2326 2237 2379 Ρ.
2271 2325 2485 2378 Nicolai
2519 2326 2707 2390 Pottu,
2768 2325 3004 2396 Collegii
3069 2326 3248 2379 nostri
3304 2326 3429 2380 istic
3490 2326 3772 2394 Rectoris,

2084 2413 2262 2466 multa
2308 2413 2531 2468 erudite
2602 2429 2933 2484 suggessere
3014 2415 3244 2481 nobilis,
3315 2414 3662 2469 clarissimus
3708 2432 3778 2471 ac

2081 2501 2537 2556 consultissimus
2589 2502 2857 2556 dominus
2919 2505 3165 2557 Joannes
3219 2503 3550 2558 Franciscus
3597 2506 3772 2560 Xave.

2083 2589 2202 2644 rius
2228 2591 2584 2662 Eppenauer,
2634 2591 3077 2646 eminentissimi
3131 2592 3398 2647 Electoris
3453 2592 3776 2663 Moguntini

2085 2683 2140 2732 et
2210 2679 2474 2749 Episcopi
2528 2680 2964 2750 Bambergensis
3022 2681 3392 2748 archivarius,
3427 2685 3488 2734 ut
3534 2686 3777 2747 vocant;

2084 2783 2149 2820 ac
2194 2767 2365 2823 Adm.
2434 2769 2497 2823 Β.
2531 2769 2592 2822 Ρ.
2627 2769 2788 2822 Dom.
2831 2770 2962 2824 Otto
3012 2772 3387 2840 Schugentes,
3450 2772 3680 2826 Ordinis
3742 2772 3782 2826 S

2088 2856 2376 2910 Benedicti
2406 2857 2475 2910 ad
2501 2857 2746 2911 Montem
2777 2858 2830 2912 S.
2865 2857 3171 2923 Michaelis,
3206 2859 3444 2930 antiqua
3471 2876 3574 2913 sua
3604 2860 3783 2914 bene-

2085 2943 2351 3007 volentia,
2409 2944 2744 3016 collatisque
2773 2946 2843 3000 ad
2872 2949 3011 3000 Acta
3057 2947 3112 3000 8.
3161 2946 3386 3001 Ottonis
3443 2947 3786 3002 illustranda

285 3032 495 3085 chaelis
525 3031 729 3086 Montis
772 3033 1207 3087 monachorum.
1246 3035 1450 3104 Expost
1495 3034 1784 3104 praedictae
1840 3033 1970 3088 reli-
2011 3032 2051 3086 C
2082 3032 2343 3102 pluribus
2403 3033 2537 3086 olim
2589 3035 2886 3104 suppetiis,
2945 3040 3116 3088 notus
3161 3040 3218 3088 et
3260 3034 3495 3101 amicus,
3528 3052 3782 3107 quorum

287 3135 414 3189 quas
462 3119 519 3172 in
551 3125 799 3189 quatuor
846 3137 1021 3174 novas
1065 3137 1258 3192 capsas
1315 3127 1446 3176 sunt
1499 3124 1712 3190 divisas,
1775 3123 1866 3176 die
1922 3140 1972 3176 1x

289 3206 501 3260 mensis
580 3207 951 3276 Septembris,
1049 3209 1140 3262 die
1219 3210 1481 3264 videlicet
1581 3211 1975 3265 translationis

290 3296 347 3349 S.
381 3295 768 3365 Cunegundis,
800 3313 916 3350 non
939 3296 1060 3350 sine
1092 3298 1464 3368 dispositione
1496 3299 1706 3360 divina,
1750 3301 1819 3353 ad
1866 3316 1976 3353 no—

291 3397 423 3437 vum
454 3389 589 3438 sunt
611 3385 1026 3455 sarcophagum
1084 3388 1396 3454 deportatae
1426 3394 1598 3458 atque
1651 3396 1978 3442 reverenter

290 3470 569 3542 impositae
629 3479 685 3526 et
732 3473 964 3527 inclusa:
999 3491 1101 3544 per
1157 3476 1218 3528 D.
1281 3476 1585 3544 Georgium
1643 3476 1975 3546 episcopum

290 3561 436 3614 etl).
477 3561 788 3630 Casparum
835 3563 1279 3633 suifraganeum,
1331 3563 1707 3633 praesentibus
1764 3565 1976 3618 ibidem

293 3646 353 3700 D.
422 3649 638 3702 Joanne
696 3650 900 3702 abbate
957 3651 1026 3704 de
1085 3653 1291 3715 Bantz;
1358 3653 1419 3704 Ι).
1481 3653 1721 3721 Georgio
1769 3653 1975 3721 Stiber,

291 3724 504 3789 decano
549 3737 682 3790 eccl.
744 3739 926 3804 Cath.,
972 3740 1034 3792 Ι).
1090 3740 1391 3793 \V'ilhelmo
1436 3740 1700 3810 Schengk
1758 3742 1977 3795 Bai-one

291 3825 360 3876 de
419 3825 707 3894 Limburg,
763 3832 990 3892 cantor;
1059 3829 1117 3880 Ι).
1186 3828 1475 3882 Leonardo
1527 3829 1596 3882 de
1667 3830 1977 3899 Eglofstein

290 3907 540 3976 doctore,
580 3909 950 3976 Scholastico;
986 3911 1044 3962 D.
1098 3911 1428 3966 Sebastiano
1484 3913 1555 3967 de
1614 3915 1974 3984 liungsperg,

289 3996 605 4062 cellerario,
638 4003 693 4052 et
747 3998 874 4053 aliis
907 4000 1195 4053 canonicis
1221 4001 1628 4071 capitularibus
1658 4002 1823 4056 dictas
1883 4004 1978 4056 Ba-

289 4085 700 4155 benbergensis
786 4088 1054 4154 ecclesiae,
1141 4093 1358 4142 astante
1413 4088 1564 4143 clero
1618 4094 1673 4142 et
1743 4091 1975 4160 populo,

289 4179 567 4244 quantum
585 4175 818 4230 basilica
847 4177 1185 4231 cathedralis
1210 4195 1413 4245 capere
1445 4183 1691 4249 poterat.
1734 4201 1761 4228 »

2089 3120 2442 3174 subsidiariis
2498 3122 2762 3176 manibus
2820 3123 3070 3192 adjutus,
3126 3124 3405 3177 nonnulla
3436 3124 3528 3178 hic
3575 3131 3786 3194 parato

2080 3208 2200 3278 jam
2234 3211 2648 3264 commentario
2698 3213 2948 3265 inserere
2978 3211 3157 3278 licuit,
3183 3229 3312 3282 quae
3353 3216 3490 3267 aiias
3543 3215 3788 3270 omnino

2086 3298 2481 3367 praetereunda
2513 3299 2765 3354 fuissent.
2798 3303 3096 3353 Accessere
3146 3317 3180 3353 a
3221 3301 3506 3355 munificis
3536 3303 3778 3358 sanctis-

2087 3387 2215 3440 simi
2246 3388 2474 3458 patroni
2518 3403 2581 3441 ac
2628 3388 2944 3442 fundatoris
2992 3388 3293 3443 clientibus
3331 3391 3654 3445 necessaria
3713 3409 3789 3447 ea

2086 3475 2321 3542 auxilia,
2359 3477 2568 3547 quibus
2597 3475 2724 3530 istic
2755 3476 3061 3542 delineata,
3103 3477 3194 3530 hic
3223 3494 3356 3531 vero
3387 3478 3447 3532 in
3496 3497 3573 3532 aes
3601 3479 3789 3535 incisa

2087 3565 2200 3618 sint
2229 3564 2404 3629 varia,
2437 3582 2564 3636 quas
2602 3565 2845 3635 proinde
2898 3566 3155 3619 omnium
3210 3566 3389 3620 oculis
3446 3571 3501 3621 et
3548 3568 3659 3638 pia!
3689 3587 3789 3624 cu-

2087 3652 2328 3706 riositati
2358 3654 2562 3724 exponi
2591 3661 2848 3724 potuere.

2157 3743 2242 3795 32.
2277 3741 2346 3794 Ut
2376 3741 2575 3794 ordine
2633 3741 2860 3811 singula
2901 3742 3255 3810 digerantur,
3311 3744 3382 3797 ab
3439 3742 3509 3798 iis
3565 3744 3790 3818 incipio

2087 3845 2216 3898 qua:
2263 3844 2450 3882 sacras
2510 3829 2780 3900 reliquias
2830 3831 3066 3900 propius
3104 3838 3380 3902 spectant,
3415 3849 3625 3903 easque
3654 3835 3788 3906 pri-

2089 3933 2250 3970 mum
2283 3922 2472 3988 partes
2525 3935 2652 3988 quae
2709 3923 2805 3972 aut
2861 3919 2922 3972 in
2976 3920 3100 3989 ipsa
3149 3921 3462 3975 cathedrali
3522 3924 3782 3988 ecclesia,

2089 4009 2187 4056 aut
2217 4003 2276 4057 in
2308 4003 2435 4056 aliis
2459 4004 2974 4074 Bambergensibus
3019 4007 3250 4076 templis
3280 4009 3542 4079 religiose
3599 4027 3787 4064 asser-

2090 4096 2310 4144 vantur.
2370 4093 2492 4146 Jam
2545 4093 2800 4163 proxime
2855 4094 3201 4160 notavimus,
3279 4095 3338 4149 in
3394 4096 3582 4166 prima
3635 4099 3790 4152 sacri

2089 4180 2344 4250 corporis
2364 4180 2702 4249 elevatione,
2735 4187 2792 4236 et
2831 4183 3198 4248 exaltatione,
3231 4184 3549 4253 sejunctum
3582 4203 3615 4238 a
3643 4187 3789 4240 reli-

359 4266 445 4318 30.
471 4270 652 4335 Atque
683 4266 805 4320 haec
832 4267 1149 4336 penultima
1179 4271 1262 4320 est
1320 4283 1607 4321 sacrarum
1659 4269 1713 4322 S.
1752 4268 1977 4322 Henrici
2011 4311 2050 4364 Β
2090 4284 2204 4337 quo
2227 4284 2466 4338 Corpore
2518 4268 2914 4324 honorandum
2956 4271 3245 4337 verticem,
3308 4273 3534 4342 piorum
3599 4276 3788 4329 culto-

288 4353 659 4423 reliquiarum
693 4355 944 4408 solennis
964 4354 1288 4421 translatio;
1323 4371 1472 4409 nunc
1526 4364 1730 4409 caetera
1791 4356 1975 4425 subji-

287 4441 374 4493 cio
420 4457 550 4510 quas
589 4441 648 4494 in
707 4443 906 4496 eadem
973 4443 1351 4497 Gamansiana
1381 4444 1575 4498 charta
1606 4443 1974 4514 colliguntur.

293 4552 318 4576 ι(
373 4529 662 4599 Scriptura
709 4530 833 4584 haec
883 4531 944 4583 in
994 4548 1373 4601 pergamenea
1403 4532 1672 4585 schedula
1727 4532 1978 4602 reposita

289 4620 371 4668 est
419 4616 489 4670 ad
528 4617 860 4688 plumbeam
913 4619 1229 4689 capsulam.
1300 4621 1362 4674 In
1449 4619 1556 4673 isto
1624 4619 1977 4690 sarcophago

287 4703 529 4774 lapideo,
560 4720 689 4759 cum
715 4722 816 4760 sua
862 4710 1079 4760 tectura
1115 4708 1338 4778 lapidea
1372 4708 1510 4762 olim
1541 4724 1715 4778 supra
1764 4713 1975 4762 terram

289 4793 525 4860 elevato,
577 4793 688 4848 fuit
717 4795 1074 4849 reconditum
1116 4797 1408 4867 quondam
1436 4813 1644 4867 corpus
1675 4797 1729 4851 S.
1789 4797 1974 4851 Cune-

287 4879 496 4949 gundis
541 4881 779 4951 virginis
811 4887 866 4936 et
922 4883 1319 4954 lmperatricis,
1353 4889 1483 4937 ante
1542 4885 1973 4938 translationem

286 4970 426 5040 ejus.
455 4969 633 5035 Nunc,
667 4976 905 5041 propter
947 4977 1290 5026 structuram
1326 4977 1383 5026 et
1433 4971 1783 5026 erectionem
1840 4973 1973 5027 novi

286 5058 644 5126 sarcophagi,
678 5063 742 5110 ut
772 5059 941 5112 hodie
965 5061 1240 5126 cernitur,
1291 5061 1399 5114 fuit
1447 5061 1536 5113 hic
1591 5061 1973 5130 sarcophagus

284 5145 387 5198 sub
418 5150 567 5199 terra
598 5146 920 5200 reconditus
949 5149 1002 5202 8.
1039 5148 1262 5202 Henrici
1301 5149 1637 5202 confessoris
1690 5152 1744 5200 et
1791 5150 1973 5218 Impe-

284 5235 508 5300 ratoris,
569 5251 632 5288 ac
689 5235 860 5305 hujus
907 5237 1158 5290 ecclesia:
1209 5236 1545 5290 fundatoris.
1582 5255 1608 5285 ιο
1673 5238 1764 5290 Est
1817 5238 1971 5307 quod

284 5322 354 5374 ad
383 5323 735 5377 clarietatem
768 5324 858 5377 hic
887 5325 1201 5380 desideres.
1271 5345 1297 5375 α
1330 5327 1498 5378 Porro
1539 5327 1718 5378 altare
1746 5327 1802 5379 S.
1860 5326 1967 5380 Cu-

281 5411 564 5480 negundis
595 5413 743 5482 quod
775 5414 983 5467 nudius
1013 5415 1350 5468 demolitum
1382 5420 1436 5466 et
1468 5413 1821 5466 confractum
1853 5422 1958 5482 est,

279 5497 613 5553 innovatum
671 5507 727 5554 et
782 5509 1034 5556 erectum
1091 5501 1217 5569 fuit,
1281 5509 1334 5555 et
1395 5519 1497 5572 per
1529 5503 1589 5556 ι).
1651 5503 1966 5572 Casparum

281 5584 724 5654 suifraganeum,
757 5589 849 5641 die
898 5591 1099 5642 eodem
1129 5595 1261 5660 post
1308 5591 1677 5662 reliquiarum
1728 5592 1963 5660 imposi-

2091 4373 2217 4412 rum
2249 4358 2603 4412 venerationi
2633 4360 3059 4429 exponendum,
3090 4366 3154 4414 ut
3210 4362 3557 4432 prtecedenti
3613 4380 3783 4433 para-

2087 4446 2305 4514 grapho
2353 4445 2524 4499 etiam
2584 4445 2898 4501 indicatum
2953 4452 3056 4502 est.
3123 4448 3212 4503 Sic
3259 4449 3448 4519 ipsum
3508 4451 3794 4508 describit

2087 4532 2232 4588 Clar.
2279 4534 2639 4604 Eppenauer,
2679 4541 2739 4588 ut
2768 4536 3078 4590 secundum
3111 4536 3405 4591 decentem
3451 4541 3788 4609 proportio-

2087 4635 2218 4674 nem
2243 4621 2429 4691 capiat
2461 4639 2730 4677 coronam
2761 4624 3118 4695 imperialem
3149 4631 3478 4694 argenteam
3537 4628 3788 4684 deaura-

2085 4714 2221 4778 tam,
2257 4727 2507 4781 gravem,
2531 4713 2776 4783 gemmis
2803 4713 3179 4766 orientalibus
3213 4715 3407 4768 multis
3438 4717 3790 4788 magnisque

2085 4805 2437 4865 exornatam,
2470 4801 2772 4872 aureisque
2811 4801 2943 4855 hinc
2989 4801 3122 4855 inde
3163 4801 3407 4856 cimeliis
3463 4804 3785 4861 circumda-

2083 4891 2222 4952 tam,
2255 4889 2417 4958 cujus
2443 4889 2596 4944 linea
2627 4890 2978 4944 diametralis
3009 4890 3081 4944 sit
3101 4896 3225 4944 octo
3272 4893 3545 4962 pollicum
3605 4893 3789 4949 unius

2082 4976 2262 5046 pedis,
2296 4977 2540 5032 altitudo
2558 4981 2976 5049 propemodum
3011 4996 3128 5046 sex,
3160 4980 3309 5034 unde
3340 4981 3507 5036 facile
3538 4982 3779 5054 colliga-

2082 5069 2176 5118 tur
2205 5066 2541 5135 magnitudo
2598 5067 2819 5138 capitis,
2874 5069 3026 5136 quod
3087 5085 3154 5122 eo
3215 5070 3386 5125 modo
3434 5078 3788 5130 coronatum

2079 5155 2323 5209 detineri
2374 5157 2473 5222 ait,
2507 5157 2565 5210 in
2636 5173 2807 5226 pomo
2865 5157 3154 5228 imperiali
3209 5158 3425 5214 dextras
3506 5160 3789 5232 imaginis

2080 5249 2364 5312 argenteae
2411 5246 2725 5299 humanam
2774 5251 3050 5301 staturam
3118 5248 3391 5302 umbilico
3450 5253 3616 5302 tenus
3675 5253 3785 5305 ad-

2079 5331 2360 5399 eequantis
2395 5347 2409 5385 :
2451 5332 2632 5396 Quam
2688 5334 2982 5401 Romanae,
3031 5335 3178 5389 infra
3235 5337 3594 5404 exhibendae,
3661 5354 3788 5393 non

2079 5420 2324 5472 multum
2345 5419 2664 5475 absimilem
2683 5423 2964 5493 concipio,
2997 5423 3109 5477 nisi
3135 5424 3291 5494 quod
3324 5424 3380 5477 in
3417 5424 3514 5478 illa
3545 5426 3788 5482 brachia

2078 5509 2489 5575 exprimantur.
2527 5510 2598 5562 Ex
2645 5510 2924 5565 dclineata
2955 5529 3166 5566 corona
3195 5513 3262 5566 de
3304 5513 3428 5584 ejus
3476 5514 3660 5582 pretio
3723 5523 3787 5570 et

2077 5595 2364 5663 elegantia
2427 5601 2660 5660 statues,
2746 5599 3073 5670 ridebisque
3142 5617 3270 5655 cum
3345 5602 3776 5669 Bambergensi,
