3940 6322
333 338 398 387 '27
1637 343 1690 396 S.
1739 341 2026 396 HENRICI
2067 342 2534 397 IMPERATORIS
3779 343 3846 396 ‘28

334 464 428 512 teo
468 475 662 513 ensem
695 476 912 527 versus,
947 460 1037 514 cui
1085 461 1263 515 nitido
1313 461 1552 532 graphio
1582 461 1861 533 insculpta
1893 469 2026 518 sunt
2055 465 2102 517 Α
2141 463 2374 530 Beinch,
2429 479 2481 516 ix
2522 461 2872 532 Septembris
2926 462 3083 528 1658,
3129 459 3377 512 invitatis
3429 459 3497 513 ad
3557 459 3846 531 insignem

332 552 584 617 quatuor
637 549 802 617 signa
846 551 1354 619 Evangelistarum.
1424 551 1518 605 Pie
1573 552 1825 605 creditur
1875 569 2028 606 nunc

336 653 535 690 ensem
561 637 1008 692 instrumentum
1045 655 1166 692 esse
1198 639 1451 708 martyrii
1483 641 1536 694 S.
1586 640 1843 704 Adriani,
1872 641 2028 710 quod

336 725 576 795 longum
607 727 660 778 in
693 731 874 779 totum
919 743 1030 780 uno
1071 729 1214 796 pede
1260 744 1387 780 cum
1444 735 1660 796 septem
1703 730 2024 798 pollicibus,

337 812 520 865 latum
548 818 736 866 autem
770 815 970 882 pollice
995 832 1106 867 uno
1131 821 1186 868 et
1215 821 1415 886 quarta
1455 822 1629 886 parte.
1666 837 1690 867 ι)
1750 820 2029 871 Hactenus
2061 875 2066 878 _

335 900 555 967 relatio,
590 903 648 955 in
681 919 794 972 qua
841 903 896 955 id
948 909 1295 972 postremum
1345 911 1616 959 notatur:
1661 907 1936 959 asservari
1965 923 2032 960 ea

335 989 533 1041 omnia
572 990 629 1042 in
667 991 823 1043 tholo
847 991 1092 1060 quodam
1142 993 1393 1046 ecclesiae
1451 994 1808 1058 catliedralis,
1839 1015 1865 1043 ››
1902 1011 2030 1064 quae

333 1079 697 1131 venerationi
726 1079 966 1148 publicae
1008 1080 1256 1148 plurima
1286 1098 1350 1134 ex
1390 1089 1552 1151 parte
1586 1083 1785 1136 diebus
1818 1083 2030 1138 festivis

337 1166 408 1219 ad
435 1167 612 1220 altare
636 1168 687 1221 S.
723 1168 1138 1238 Clmniguudw,
1177 1171 1398 1222 tumulo
1436 1171 1785 1239 proximum,
1820 1173 2030 1243 exponi

337 1255 548 1307 solent.
589 1275 616 1306 io
650 1257 793 1309 Sunt
837 1262 894 1308 et
942 1257 1068 1309 libri
1101 1257 1264 1317 sacri,
1317 1265 1377 1310 ut
1411 1259 1672 1312 Missales.
1701 1261 2026 1326 Graduales,

335 1347 394 1394 et
425 1341 482 1395 id
529 1358 710 1411 genus
758 1342 876 1407 alii,
919 1343 1326 1412 pretiosissime
1348 1347 1620 1414 cooperti,
1675 1348 2027 1418 picturisque

331 1428 450 1482 suis
482 1431 687 1497 ornati,
761 1431 914 1500 quia
973 1431 1328 1486 sanctissimo
1382 1439 1644 1502 patrono,
1714 1436 2029 1491 ecclesiaea

332 1535 394 1572 se
438 1519 711 1582 fundatae,
751 1519 935 1572 relicti
979 1520 1266 1586 dicuntur,
1330 1538 1460 1574 cum
1499 1523 1621 1592 ipsa
1667 1525 1842 1578 Gruce
1869 1531 2024 1594 post-

334 1606 572 1660 modum
599 1607 922 1661 exhibendi.
979 1609 1185 1678 Atjam
1234 1611 1489 1663 tumulus
1534 1611 1675 1681 ipse,
1708 1618 1904 1682 utpote
1936 1631 2030 1683 pa-

334 1695 724 1748 tentissimum
774 1696 1076 1766 utriusque
1106 1698 1448 1752 sanctissimi
1503 1701 1761 1770 conjugis
1815 1703 2024 1756 cultus-

338 1789 767 1851 argumentum,
807 1785 978 1854 paulo
1033 1786 1302 1840 attentius
1349 1787 1733 1858 inspiciendus
1787 1796 1888 1856 est,
1943 1792 2028 1862 ip-

335 1869 570 1939 siusque
610 1871 824 1924 laudati
884 1873 1006 1941 jam
1071 1872 1238 1926 toties
1295 1873 1439 1930 Clar.
1503 1875 1619 1928 Viri
1678 1877 1894 1931 calamo
1927 1879 2031 1932 de—

334 1957 683 2013 scribendus.

407 2049 494 2100 36.
547 2047 874 2118 Repetenda
929 2049 1021 2104 hic
1073 2052 1284 2121 paucis,
1337 2053 1534 2108 saltem
1579 2054 1639 2108 in
1689 2055 2029 2109 memoriam

333 2136 672 2203 revocanda,
744 2153 874 2207 quae
934 2141 1296 2210 paragrapho
1327 2143 1671 2212 praecedenti
1704 2160 1769 2198 ex
1817 2145 2030 2199 chartis

341 2223 731 2278 Gamansianis
760 2225 943 2281 fusius
992 2227 1142 2282 dicta
1189 2235 1324 2284 sunt
1390 2230 1459 2284 de
1506 2232 1693 2302 primo
1721 2251 1750 2284 α
1779 2249 2027 2287 marmo-

332 2327 438 2364 reo
477 2312 882 2384 qualicumqne
921 2323 1298 2372 monumento
1330 2338 1357 2370 »
1400 2334 1504 2388 per
1549 2321 1938 2375 Eberhardum
1978 2323 2027 2376 Il

333 2399 670 2470 episcopum
725 2403 931 2457 Sancto
988 2409 1282 2476 tamquam
1339 2407 1606 2477 populari
1644 2415 1869 2476 erecto;
1905 2415 2027 2464 tum

331 2503 463 2540 vero
498 2488 569 2542 de
604 2513 622 2537 ι
656 2505 804 2544 nova
826 2492 1120 2561 sepultura
1158 2517 1178 2541 »
1216 2511 1366 2548 anno
1414 2500 1548 2550 1513
1583 2516 1609 2548 α
1652 2514 1715 2551 ex
1743 2514 2028 2552 marmore

331 2576 569 2645 sculpta,
606 2596 633 2624 ι
663 2577 732 2630 ad
766 2595 894 2648 quae
928 2597 1042 2634 non
1091 2580 1225 2635 satis
1274 2583 1640 2638 adverterunt
1677 2585 1796 2655 qui,
1829 2603 1894 2640 ex
1929 2603 2027 2640 ne-

335 2663 451 2716 scio
496 2681 610 2734 qua
639 2666 962 2736 traditione,
1011 2686 1346 2739 persuasum
1387 2673 1637 2727 habuere
1669 2673 1819 2727 idem
1855 2674 2028 2730 hodie

332 2761 770 2808 monumentum
809 2757 1211 2812 llenricianum
1259 2764 1479 2814 exstare
1519 2763 1669 2832 quod
1702 2764 1839 2816 olim
1887 2765 2027 2818 San-

333 2844 422 2892 cto
474 2844 715 2895 erexisse
765 2844 970 2897 dicitur
1009 2847 1368 2901 Eberhardus
1423 2851 1492 2911 Il,
1539 2851 1806 2921 quodque
1863 2858 2029 2906 antea

334 2926 397 2980 in
445 2929 632 2983 medio
693 2931 850 2984 navis
900 2934 1152 2987 ecclesim
1209 2937 1473 2989 cancellis
1540 2939 1737 2991 ferreis
1783 2940 2025 2993 circum-

2061 1743 2101 1796 B

2138 551 2527 605 celebritatem
2589 549 2971 620 snﬂ'raganeo,
3050 547 3467 618 Herbipolensi,
3548 549 3850 602 abbatibus

2139 649 2388 711 quatuor
2447 639 2980 707 Bamhergensibus,
3041 654 3106 690 ac
3163 635 3430 705 parochis
3479 637 3849 707 circumqua-

2139 745 2250 799 que
2270 729 2340 781 ad
2373 734 2616 798 quatuor
2677 726 2945 780 milliaria
2985 725 3239 790 dissitis;
3289 726 3500 794 quibus
3543 727 3852 792 praesenti-

2139 818 2246 871 bus
2285 832 2468 869 sacras
2499 815 2771 885 reliquias
2796 814 3073 884 imposuit
3107 830 3170 866 ac
3229 813 3477 875 inclusit,
3513 814 3604 868 die
3643 814 3848 867 festivo

2139 921 2244 975 per
2293 910 2469 958 totam
2505 904 2795 958 dioecesim
2835 903 3069 970 indicto,
3127 918 3301 971 quem
3333 902 3516 956 dictus
3561 903 3849 971 suffraga-

2140 1010 2282 1048 neus
2331 993 2424 1064 pia
2479 1009 2594 1046 non
2646 993 2838 1045 minus
2878 1008 3051 1062 quam
3095 991 3343 1059 eleganti
3389 990 3460 1044 ad
3493 991 3851 1044 confertissi-

2139 1098 2298 1135 mum
2335 1082 2612 1151 populum
2677 1080 2926 1134 dictione
2970 1079 3310 1150 panegyrica
3358 1079 3419 1131 in
3477 1079 3707 1133 laudem
3742 1081 3844 1134 SS.

2140 1169 2366 1224 Henrici
2398 1175 2454 1223 et
2509 1167 2866 1238 Gunigundaa
2923 1168 3139 1221 directa
3178 1167 3501 1232 honoravit,
3557 1167 3662 1220 sub
3711 1166 3849 1219 the-

2140 1264 2290 1311 mate
2331 1274 2342 1310 :
2381 1279 2406 1304 «
2472 1257 2646 1310 David
2706 1262 2762 1310 et
2829 1255 3016 1309 omnis
3073 1256 3276 1308 domus
3338 1255 3511 1308 Israel
3559 1255 3854 1308 ducebant

2140 1361 2327 1397 arcam
2353 1344 2678 1397 testamenti
2711 1343 2938 1396 Domini
2969 1343 3029 1396 in
3080 1343 3264 1412 jubilo
3303 1349 3360 1396 et
3408 1343 3674 1412 clangore
3703 1343 3851 1396 buc-

2139 1433 2302 1500 cinm,
2355 1435 2403 1486 ΙΙ
2445 1434 2580 1502 Reg.
2617 1449 2667 1484 v1
2734 1449 2880 1485 vers.
2935 1434 3019 1484 12$.
3060 1453 3080 1478 ι
3143 1433 3332 1484 Exstat
3386 1431 3456 1485 de
3507 1432 3612 1484 hac
3660 1436 3854 1484 trans-

2139 1522 2312 1574 missa
2371 1523 2442 1576 ad
2515 1537 2606 1575 me
2661 1537 2730 1574 ex
2805 1520 3034 1574 archivo
3091 1520 3498 1590 Bambergensi
3545 1519 3852 1590 inscriptio

2138 1611 2339 1664 litteris
2413 1609 2744 1678 majusculis
2818 1625 3122 1678 expressa,
3211 1624 3385 1680 quam
3460 1608 3553 1662 hic
3638 1608 3852 1662 reddo.

2144 1720 2170 1747 «
2202 1703 2366 1753 Anno
2395 1700 2458 1752 D.
2495 1713 2746 1766 uncxux,
2775 1701 2808 1751 2
2848 1696 3220 1767 Septembris,
3265 1697 3429 1767 jussu
3475 1696 3858 1751 Reverendis-

2142 1788 2270 1840 simi
2312 1793 2368 1841 et
2420 1785 2795 1841 Illustrissimi
2839 1786 3116 1856 principis
3173 1801 3238 1839 ac
3299 1786 3360 1839 D.
3399 1786 3468 1840 D.
3520 1785 3857 1840 Melchioris

2140 1876 2380 1943 Ottonis,
2458 1876 2550 1930 SS.
2630 1874 2856 1929 Henrici
2928 1879 2984 1928 et
3059 1873 3428 1944 Cunegundis
3513 1873 3855 1944 sepulcrum

2139 1981 2581 2018 marmoreume
2634 1965 2820 2016 media
2886 1963 3019 2016 navi
3078 1963 3331 2016 ecclesiae
3382 1962 3453 2016 ad
3501 1962 3738 2015 chorum
3777 1963 3852 2015 D.

2138 2053 2383 2123 Georgii,
2427 2054 2582 2106 velut
2637 2052 2827 2104 locum
2884 2050 3065 2120 magis
3104 2050 3497 2121 conspicuum,
3531 2049 3640 2104 fuit
3660 2055 3857 2103 trans-

2136 2143 2360 2196 latum:
2422 2157 2594 2194 sacrae
2665 2157 2798 2192 vero
2869 2140 3153 2210 reliquiae,
3221 2145 3470 2209 quatuor
3516 2139 3724 2208 ligneis
3765 2156 3859 2192 ar-

2137 2232 2278 2284 culis
2310 2231 2568 2294 occlusae,
2603 2229 2662 2282 in
2714 2227 2970 2282 sacristia
3021 2227 3303 2298 tantisper
3345 2232 3602 2295 servatae,
3661 2228 3858 2282 donec

2137 2318 2667 2374 Reverendissimus
2707 2321 2763 2370 et
2813 2316 3236 2370 lllustrissimus
3275 2315 3543 2386 princeps
3581 2331 3646 2369 ac
3675 2317 3739 2370 Ι).
3779 2317 3853 2371 D.

2137 2408 2433 2476 Philippus
2464 2406 2795 2460 Valentinus
2845 2405 3092 2472 easdem,
3127 2403 3260 2458 huic
3291 2404 3505 2458 tumbas
3529 2404 3858 2459 honoritice

2134 2494 2398 2559 insertas,
2458 2510 2593 2547 cura
2637 2499 2990 2563 sumptuque
3047 2493 3377 2563 magniﬁco,
3437 2491 3857 2547 assistentibus

2141 2583 2199 2636 D.
2261 2583 2322 2635 Ι).
2398 2581 2692 2636 Francisco
2776 2581 3036 2636 Conrado
3096 2597 3130 2634 a
3186 2581 3421 2636 Stadion
3508 2583 3856 2653 praeposito,

2137 2670 2379 2740 Georgio
2424 2670 2663 2724 Henrico
2706 2687 2738 2723 a
2789 2670 3091 2740 Kunsberg
3149 2670 3385 2736 decano,
3438 2672 3656 2725 Joanne
3704 2671 3858 2725 Phi-

2139 2759 2292 2829 lippo
2321 2759 2392 2812 ab
2437 2758 2814 2827 Egglosfstein
2853 2759 3162 2812 decanatus
3201 2759 3548 2828 coadjutore,
3597 2759 3858 2814 Martino

2136 2864 2169 2900 a
2214 2848 2587 2901 Seckeudortf
2629 2847 2872 2913 seniore,
2920 2863 3026 2900 nec
3082 2863 3199 2901 non
3230 2847 3600 2918 Suifraganeo
3648 2848 3863 2902 Herbi-

2136 2937 2376 3006 polensi,
2406 2936 2662 3006 quinque
2685 2935 2986 2989 abbatibus
3011 2951 3076 2988 ac
3126 2936 3345 2989 caeteris
3401 2935 3857 3004 capitularibus,

334 3021 562 3085 septum
615 3017 741 3082 fuit,
785 3020 1018 3074 tandem
1076 3023 1133 3075 in
1181 3023 1352 3077 choro
1414 3025 1466 3078 S.
1520 3027 1747 3096 Georgii
1807 3028 2029 3098 aliquot
2059 3021 2100 3076 (Ἰ
2138 3027 2288 3079 clero
2355 3025 2680 3095 populoque
2726 3025 3027 3093 universis,
3087 3039 3315 3077 summa
3358 3039 3488 3078 cum
3535 3023 3858 3093 religione,

334 3105 606 3173 gradibus
667 3107 994 3164 exaltatum.
1070 3112 1198 3166 Haec
1269 3119 1620 3182 praepostere
1678 3116 2031 3172 circumferri

311 3193 470 3247 satis
513 3195 965 3264 observaveram,
1022 3200 1230 3254 certius
1289 3218 1421 3255 vero
1470 3220 1560 3256 me
1606 3204 2027 3262 docuitilauda-

333 3286 424 3334 tus
473 3282 537 3335 R.
598 3284 654 3337 P.
710 3284 934 3351 Rector,
995 3304 1061 3340 ex
1117 3288 1486 3360 inscriptione
1557 3293 1910 3358 Germanica,
1970 3297 2030 3350 in

339 3368 570 3423 archivo
602 3379 829 3440 reperta
861 3378 916 3427 et
975 3375 1052 3428 sic
1084 3376 1260 3430 latine
1298 3395 1458 3432 versa
1492 3395 1504 3432 :
1541 3399 1568 3430 «
1614 3381 1912 3436 Sciendum
1947 3389 2031 3438 est

339 3458 495 3526 quod
547 3476 902 3514 marmoreus
945 3466 1220 3531 tumulus,
1285 3467 1384 3538 qui
1433 3468 1493 3522 in
1542 3469 1778 3524 ecclesia
1838 3473 2027 3526 cathe-

337 3544 485 3598 drali
512 3561 684 3614 supra
709 3550 1031 3617 sepulcrum
1088 3552 1142 3604 S.
1205 3553 1428 3607 Henrici
1476 3560 1532 3608 et
1554 3556 1608 3610 S.
1660 3558 2029 3627 Gunegundis

334 3633 558 3701 visitur,
587 3640 944 3690 constructus
991 3643 1046 3691 et
1089 3640 1320 3694 clathris
1374 3643 1571 3696 ferreis
1628 3646 1882 3699 munitus
1913 3647 2029 3701 fue-

334 3719 411 3772 rit
441 3735 594 3774 anno
645 3737 888 3791 nuxviu,
937 3724 1032 3794 qui
1093 3742 1376 3782 annorum
1436 3746 1710 3785 numerus
1774 3733 1922 3787 infra
1968 3735 2029 3788 in

335 3807 478 3875 pede
533 3809 743 3863 tumuli
795 3827 1094 3881 expressus
1142 3819 1243 3868 est.
1285 3835 1314 3868 io
1385 3819 1518 3871 Eam
1589 3824 1781 3874 notam
1854 3824 2028 3877 modo

334 3896 528 3950 abesse
585 3897 666 3952 nil
725 3899 936 3953 mirum
990 3905 1093 3968 est,
1143 3919 1273 3957 cum
1327 3905 1448 3959 basi
1508 3923 1672 3962 nevae
1725 3911 2029 3982 impositus

334 3985 410 4038 sit
473 3985 734 4040 tumulus
790 3987 962 4042 hodie
1021 3995 1388 4048 restauratus.
1435 3995 1783 4067 Scripturam
1837 4006 2028 4055 autem

335 4073 730 4128 Germanicam
772 4091 874 4146 pro
941 4093 1090 4131 anno
1158 4083 1291 4135 1513
1334 4098 1635 4153 perperam
1688 4089 2029 4157 expressisse

333 4176 550 4213 annum
611 4162 744 4214 1518
799 4161 1003 4231 probat
1059 4163 1180 4233 jam
1234 4165 1402 4220 citata
1455 4170 1743 4224 Gamansii
1810 4175 2024 4240 charta,

2138 3112 2397 3168 instituta
2454 3112 2524 3165 ad
2563 3113 2669 3166 hoc
2709 3129 2811 3183 per
2856 3113 3058 3166 urbem
3080 3112 3442 3181 processione
3484 3112 3706 3166 solenni
3738 3129 3862 3166 cu-

2140 3202 2349 3255 raverit
2413 3201 2729 3265 transferri,
2799 3206 2856 3255 et
2924 3203 3093 3254 hocce
3186 3205 3458 3254 renovato
3552 3216 3864 3256 marmore

2138 3289 2370 3344 recondi
2397 3307 2655 3355 uncum,
2691 3289 2782 3343 die
2814 3288 3170 3360 Septembris
3201 3305 3372 3342 nona.
3411 3308 3438 3340 ››

2211 3382 2298 3433 38.
2329 3379 2426 3432 llic
2483 3378 2551 3432 de
2646 3378 2848 3431 ultima
2947 3378 3046 3431 illa
3146 3392 3440 3431 sacrarum
3505 3375 3864 3433 exuviarum

2139 3467 2510 3522 translatione
2548 3465 2882 3537 praemissis,
2933 3465 3225 3519 tumulum
3254 3463 3460 3536 ipsum‘
3487 3464 3567 3518 sic
3596 3464 3867 3522 divisum

2137 3555 2377 3610 exhibeo
2418 3560 2478 3608 ut
2529 3560 2718 3626 partes
2775 3555 3018 3624 singulae
3079 3553 3258 3607 oculis
3307 3557 3560 3623 pateant,
3606 3553 3869 3622 adjectis

2137 3643 2596 3697 dimensionibus
2625 3642 2694 3696 ab
2727 3643 3101 3713 Eppenauero
3130 3658 3354 3696 mecum
3385 3641 3870 3714 communicatis,

2138 3748 2279 3802 quas
2311 3732 2435 3800 ejus
2465 3730 2670 3796 verbis,
2720 3730 3214 3801 quemadmodum
3271 3735 3327 3784 et
3378 3737 3584 3784 caetera
3616 3747 3684 3784 eo
3717 3748 3874 3802 spe-

2136 3819 2368 3886 ctantia,
2403 3819 2682 3873 describo.
2732 3836 2761 3869 ‹‹
2815 3819 3040 3890 Longus
3091 3823 3196 3884 est,
3231 3819 3441 3889 inquit,
3492 3824 3714 3888 septem
3750 3837 3872 3891 pe-

2137 3906 2305 3962 dibus
2363 3924 2427 3961 ac
2469 3907 2736 3961 undecim
2783 3907 3087 3978 pollicibus
3137 3906 3326 3974 (unius
3377 3906 3538 3976 pedis
3577 3908 3872 3963 Noriber-

2138 3996 2329 4065 gensis
2359 3996 2418 4050 in
2449 3995 2749 4050 duodecim
2807 3995 3045 4066 pollices
3080 3995 3268 4055 divisi)
3326 3996 3475 4050 latus
3523 3996 3710 4050 tribus
3744 4015 3872 4068 pe—

2139 4083 2307 4137 dibus
2338 4089 2394 4138 et
2421 4087 2452 4136 2
2482 4083 2817 4154 pollicibus;
2853 4084 3000 4138 altus
3030 4099 3163 4138 vero
3187 4090 3438 4155 quatuor
3459 4084 3705 4154 pedibus
3736 4092 3867 4141 ειοὸ

2136 4173 2454 4243 pollicibus.
2490 4173 2758 4227 Continet
2798 4172 3046 4227 exterius
3087 4172 3353 4226 historias
3384 4172 3661 4243 quinque,
3701 4190 3871 4242 quas

332 4247 424 4303 cui
470 4247 739 4314 similem,
795 4251 1180 4304 recentissima
1255 4261 1559 4324 repertam,
1623 4259 1887 4313 submisit
1942 4281 2093 4354 se-D
2136 4277 2383 4331 superne
2437 4261 2725 4315 concludit
2803 4265 3207 4331 tegumentum
3277 4277 3406 4314 cum
3455 4261 3870 4319 delineatione

337 4333 498 4354 Jul”;
536 4337 570 4354 1“
617 4336 705 4354 11γὶ
837 4344 847 4354 ι
1005 4340 1016 4354 ι
1177 4342 1186 4354 ι
1450 4347 1457 4354 .
1623 4347 1692 4354 ...
1739 4348 1747 4354 .
1795 4349 1803 4354 .
2639 4347 2657 4354 Α
2801 4351 2808 4354 .
3022 4353 3027 4354 ,
3162 4349 3202 4354 _-
3247 4348 3256 4354 .
3340 4349 3348 4354 .
3634 4349 3679 4354 Α.
3811 4353 3817 4354 ,

331 4333 502 4387 dulus
534 4336 942 4404 Collaborator,
986 4340 1122 4394 dum
1175 4342 1294 4396 [ιωο
1325 4347 1502 4410 praelo
1551 4347 2017 4416 subjiciebantur.
2053 4333 2092 4354 υ
2134 4363 2293 4401 num.
2329 4365 2368 4415 1,
2400 4364 2519 4418 prae
2550 4364 2608 4400 se
2633 4347 2850 4402 ferente
2880 4353 3104 4402 sanctos
3161 4348 3488 4402 Heinricum
3539 4354 3595 4402 et
3624 4349 3870 4406 Chuni-

336 4421 699 4476 Diversitates
730 4425 878 4480 inter
917 4434 1218 4500 utramque
1265 4433 1531 4488 schedam
1581 4435 1723 4488 tanti
1755 4453 1866 4490 non
1899 4445 2031 4494 sunt
2137 4437 2410 4507 gundam,
2467 4439 2637 4506 justas
2685 4442 2915 4492 statura:
2967 4439 3257 4504 humanm,
3330 4438 3635 4492 artiﬁciosa
3705 4457 3872 4497 sane

332 4513 394 4559 ut
430 4512 616 4564 notari
662 4522 990 4569 mereantur
1022 4533 1034 4583 ;
1067 4534 1171 4572 nec
1226 4537 1381 4589 vero,
1431 4523 1580 4593 typis
1619 4524 1740 4594 jam
1803 4544 2030 4598 compo-
2137 4541 2314 4578 manu
2345 4525 2602 4579 statuarii
2660 4525 2758 4580 illo
2791 4527 3016 4580 saeculo.
3075 4545 3104 4576 η
3175 4526 3496 4591 Quaerimus
3532 4527 3630 4597 qui
3689 4537 3873 4585 certo

333 4596 474 4664 sitis,
511 4600 695 4653 notari
721 4609 973 4670 potuere.
1933 4596 1947 4598 ⁷
2138 4619 2350 4667 statuat
2379 4619 2573 4668 utrum
2633 4617 2838 4668 saeculo
2891 4631 2988 4680 xu,
3033 4631 3105 4668 an
3163 4615 3354 4684 potius
3384 4631 3475 4668 xvi
3533 4616 3875 4674 elaboratae

402 4689 494 4739 37.
575 4689 1014 4745 Praeclarissimo
1084 4709 1228 4747 novo
1305 4697 1464 4765 operi
1547 4699 1892 4756 immortuus
1947 4709 2030 4758 est
2138 4706 2328 4756 sint.»
2385 4704 2703 4757 Amborum
2754 4704 3094 4758 Sanctorum
3155 4703 3398 4772 pedibus
3449 4703 3664 4757 ibidem
3712 4708 3876 4761 sub—

338 4775 647 4828 muuiiicus
677 4776 968 4832 hodiernae
1015 4783 1323 4850 sepulturae
1359 4793 1728 4856 restaurator,
1762 4792 2030 4847 Melchior
2138 4790 2497 4860 stratijacent
2552 4791 2664 4844 duo
2724 4791 2914 4844 leones
2969 4790 3257 4860 gentilitii,
3317 4807 3560 4860 quorum
3591 4792 3764 4863 prior
3799 4795 3874 4851 in

337 4865 464 4916 Otto
495 4865 814 4934 episcopus,
845 4883 873 4919 e
906 4868 1044 4921 vivis
1093 4876 1323 4940 ereptus
1353 4889 1505 4928 anno
1541 4879 1695 4943 1653,
1740 4881 1837 4932 sed
1871 4882 2068 4950 prius'
2138 4879 2370 4933 dextera
2427 4881 2480 4934 S.
2549 4878 2968 4948 Chunigundae,
3053 4887 3265 4948 prieter
3339 4879 3608 4933 rhombos
3669 4882 3879 4939 habet

336 4950 636 5004 destinatis
691 4956 759 5005 ad
818 4970 938 5008 rem
1000 4961 1174 5010 lotam
1225 4963 1729 5016 cnnsummandam
1780 4982 2029 5020 necessa-
2135 4967 2278 5020 duos
2309 4973 2610 5020 coronatos
2638 4983 2840 5037 parvos
2898 4969 3112 5033 leones,
3170 4965 3401 5020 sinister
3452 4984 3579 5020 vero
3629 4977 3878 5038 praeter

331 5038 434 5092 riis
474 5038 762 5102 subsidiis,
805 5058 932 5111 qum
984 5045 1223 5113 proinde
1272 5049 1374 5100 soli
1425 5049 1532 5119 ipsi
1582 5051 1943 5119 adscribitur,
1969 5059 2029 5107 ut
2135 5055 2424 5121 rhombos,
2473 5056 2739 5108 ducatum
2776 5054 3026 5108 Bavarim
3080 5054 3453 5122 involventes,
3496 5056 3635 5110 duas
3697 5059 3874 5114 bici-

331 5144 395 5180 ex
435 5127 905 5196 inscriptionibus
928 5147 1058 5185 mox
1117 5134 1431 5188 referendis
1473 5138 1828 5207 apertissime
1861 5139 2028 5193 datur
2134 5143 2281 5212 pites
2311 5143 2554 5214 aquilas,
2581 5159 2694 5197 non
2724 5148 3042 5208 coronatas,
3099 5159 3227 5214 quae
3267 5145 3379 5198 duo
3409 5144 3660 5214 insignia
3701 5151 3879 5218 opti-

332 5213 593 5285 intelligi.
646 5217 996 5270 Postremam
1045 5219 1222 5288 igitur
1284 5221 1438 5275 illam
1491 5241 1780 5278 sacrarum
1823 5225 2028 5279 utrius-
2135 5247 2226 5285 me
2255 5213 2379 5284 seri
2411 5231 2591 5284 incisa
2665 5231 2893 5286 exhibet
2950 5233 3003 5286 P.
3063 5233 3314 5286 Baderus
3363 5233 3420 5285 in
3471 5249 3570 5286 sua
3605 5235 3878 5294 Bavaria

333 5316 443 5367 que
469 5303 811 5356 sanctissimi
859 5308 1138 5376 conjugis,
1180 5308 1240 5362 in
1284 5319 1542 5364 amotum
1574 5330 1603 5366 e
1637 5315 1822 5368 media
1879 5321 2022 5368 tem-
2135 5326 2345 5384 saneta,
2370 5319 2659 5373 volumine
2694 5330 2742 5383 1,
2800 5319 2894 5373 fol.
2934 5322 3030 5374 103
3067 5336 3242 5373 verso.
3283 5344 3300 5367 ι
3342 5321 3576 5391 Utique;
3619 5328 3680 5376 at
3712 5341 3876 5394 quae

332 5385 413 5453 pti
441 5389 568 5441 navi
610 5391 1052 5463 restitutumque
1091 5394 1148 5448 in
1191 5397 1364 5449 choro
1395 5398 1449 5451 S.
1505 5400 1732 5468 Georgii
1773 5417 2023 5456 marmo-
2133 5408 2266 5462 inde
2295 5424 2352 5461 se
2383 5407 2692 5462 confecisse
2734 5408 3099 5462 existimabat
3145 5409 3424 5474 Baderus,
3465 5411 3672 5464 melius
3705 5416 3881 5472 alibi

337 5489 499 5527 reum
523 5481 832 5543 tumulum,
865 5483 1238 5554 reliquiarum
1263 5485 1694 5540 translationem
1727 5505 1821 5542 seu
1847 5495 2025 5544 trans-
2133 5497 2450 5551 revocanda
2514 5496 2736 5551 censuit
2763 5513 2776 5564 ;
2816 5503 2876 5551 ut
2906 5514 2971 5552 ex
3027 5497 3302 5569 appositis
3359 5498 3484 5552 istic
3513 5499 3880 5571 insignibus

333 5564 680 5633 positionem
762 5571 1160 5625 solennissime
1250 5573 1480 5626 demum
1539 5580 1596 5628 et
1664 5577 2023 5633 festivissime
2133 5585 2277 5640 nihil
2309 5586 2568 5640 concludi
2597 5603 2761 5657 posse
2788 5587 3404 5658 fatcricompellamur.

329 5653 552 5722 peregit
603 5655 725 5725 ejus
781 5675 1069 5712 successor
1124 5660 1421 5732 Philippus
1471 5663 1800 5718 Valentinus
1851 5668 2022 5722 Voita
