3940 6318
353 339 410 392 31
1487 305 1500 316 ’
1654 334 1708 388 s.
1759 328 2054 388 HENRICI
2101 328 2573 388 IMI'EBATORIS
3781 337 3841 388 3-2

416 464 503 516 39.
599 461 794 531 Neque
862 457 1015 513 inter
1080 456 1347 512 historias
1449 457 1582 511 istas
1669 456 2046 528 anaglyphice
2086 456 2129 508 Α
2164 457 2550 512 Henschenius
2583 457 2643 510 in
2676 458 2991 511 Comment.
3055 456 3267 527 praevio
3315 458 3384 513 ad
3439 461 3576 514 Acta
3622 459 3674 514 S.
3745 459 3847 512 Cu-

348 549 432 604 ibi
477 549 780 619 effigiatas,
839 548 1048 602 desunt
1098 564 1227 618 quae
1291 553 1503 601 exactae
1563 545 1813 599 veritatis
1851 545 2044 599 limam

348 639 541 692 subire
595 638 906 707 refugiant.
971 638 1176 691 Earum
1233 635 1416 707 prima
1473 635 1577 688 sub
1617 651 1777 688 num.
1843 638 1925 699 ll,
1988 633 2045 688 in

353 727 494 781 facie
553 726 846 791 anteriori,
925 725 1114 778 navim
1172 724 1424 777 ecclesia:
1481 723 1822 777 cathedralis
1869 723 2045 794 respi-

352 815 559 882 ciente,
595 815 772 868 refert
800 813 1019 866 obitum
1051 813 1106 866 S.
1163 812 1409 876 Henrici,
1466 812 1721 866 relictam
1763 812 2046 881 virginem

353 901 735 973 indigitantis,
805 917 975 972 quam
1051 905 1106 954 et
1167 901 1340 970 paulo
1399 900 1714 970 elegantius
1771 902 2047 970 expressit

356 992 633 1057 Raderus,
665 1007 882 1060 nosque
947 991 1018 1043 ab
1083 990 1526 1044 obtrectatorum
1585 990 1886 1044 calumniis
1945 1007 2047 1044 suo

356 1080 479 1133 loco
542 1078 971 1133 vindicavimus.
1027 1078 1153 1131 Non
1204 1077 1282 1131 ita
1340 1079 1527 1148 placet
1599 1094 1730 1148 qua:
1806 1077 1867 1130 in
1906 1077 2047 1131 facie

356 1167 579 1221 laterali
618 1167 899 1220 bilancem
969 1171 1359 1236 repraesentat,
1396 1167 2046 1236 prmponderantemque

349 1256 603 1321 calicem,
639 1256 708 1310 de
737 1271 850 1326 qua
895 1254 1134 1308 historia
1165 1254 1403 1307 candide
1459 1253 1796 1324 pronuntiat
1858 1255 2046 1323 Eppe-

348 1360 552 1411 nauer,
591 1363 618 1395 α
659 1343 765 1396 aevi
807 1342 894 1395 sui
926 1341 1292 1413 simplicitate
1350 1342 1544 1412 potius
1591 1342 1841 1411 gaudere
1871 1358 2046 1412 quam

347 1431 562 1486 acribia
612 1430 953 1501 theologica,
1014 1453 1034 1477 ιι
1099 1431 1183 1484 uti
1228 1435 1285 1484 et
1341 1446 1445 1484 nos
1502 1430 1639 1484 alibi
1687 1429 1819 1484 satis
1875 1431 2048 1499 expli-

347 1520 592 1575 cuimus.
626 1519 910 1582 Proxima,
943 1519 1002 1572 in
1033 1519 1237 1572 eodem
1273 1518 1479 1572 tumuli
1510 1519 1704 1585 latere,
1757 1519 1891 1572 satis
1919 1519 2048 1573 rudi

354 1609 610 1665 minerva
665 1608 896 1661 exhibet
955 1607 1358 1661 liberationem
1400 1606 1800 1662 miraculosam
1850 1624 1881 1661 a
1929 1608 2048 1661 cal-

349 1699 499 1764 culo,
553 1713 663 1767 ope
691 1698 746 1751 S.
798 1696 1087 1750 Benedicti
1142 1695 1202 1750 in
1254 1701 1448 1749 monte
1505 1695 1730 1762 Casino,
1776 1696 1846 1750 de
1882 1698 2044 1765 cujus

350 1785 635 1856 adjunctis
685 1801 788 1838 suo
843 1785 969 1838 loco
999 1783 1172 1838 etiam
1225 1788 1415 1837 actum
1446 1788 1548 1838 est.
1591 1785 1653 1838 In
1707 1785 1886 1839 altero
1953 1791 2043 1839 tu-

352 1875 495 1928 muli
528 1875 727 1940 latere,
761 1873 866 1926 sub
898 1888 1057 1926 num.
1115 1889 1197 1937 ιιι,
1265 1888 1522 1926 vomeres
1591 1873 1806 1942 ignitos
1863 1874 2047 1928 illaesa

351 1963 530 2017 calcat
558 1963 612 2017 S.
640 1961 1034 2031 Cunegundis,
1064 1961 1228 2030 cujus
1255 1961 1426 2014 etiam
1456 1959 1540 2013 rei
1570 1961 1809 2015 vividior
1852 1962 2044 2030 imago

349 2054 429 2104 est
455 2050 610 2121 apud
654 2050 950 2103 laudatum
983 2049 1288 2103 Baderum.
1323 2049 1534 2102 Ultima
1585 2049 1817 2103 demum
1873 2051 1933 2104 in
1979 2067 2045 2105 eo

350 2143 610 2192 versatur
643 2143 706 2192 ut
763 2137 1100 2192 memoriam
1156 2140 1394 2190 renovet
1444 2135 1806 2192 miraculosae
1849 2138 2044 2193 distri-

348 2226 606 2280 butionis
658 2226 938 2281 mercedis
976 2226 1198 2280 diurna!
1236 2241 1340 2295 pro
1395 2227 1764 2281 mercenariis
1819 2228 2044 2283 incum.

349 2317 616 2371 bentibus
673 2317 902 2370 fabrica:
953 2316 1011 2370 S.
1071 2315 1362 2386 Stephani,
1416 2331 1447 2368 θ
1507 2317 1762 2382 scutella,
1817 2316 1876 2370 in
1933 2333 2047 2387 qua

351 2404 654 2474 pecuniam
675 2406 736 2459 S.
774 2403 1106 2475 lmperatrix
1133 2420 1238 2474 pro
1267 2403 1551 2458 solutione
1590 2421 1874 2476 exponere
1907 2422 2044 2460 con-

351 2496 675 2560 sueverant,
707 2494 777 2548 de
817 2509 931 2564 qua
962 2491 1239 2546 videndus
1270 2491 1663 2546 Henschenius
1715 2493 1783 2547 ad
1819 2511 1875 2548 ιιι
1909 2495 2046 2549 Mar-

350 2579 440 2643 tii,
501 2579 914 2635 Commentarii
972 2579 1059 2632 sui
1109 2579 1221 2645 §4,
1270 2594 1326 2631 n.
1367 2581 1453 2632 25.
1514 2578 1821 2650 Reliquum
1859 2581 2046 2636 verbis

352 2668 715 2738 Eppenaueri
745 2667 993 2722 absolvo.

421 2757 512 2813 40.
546 2777 574 2806 ‹‹
604 2755 755 2810 Finit
784 2756 962 2811 dictas
991 2755 1249 2826 quinque
1278 2754 1543 2810 historias
1569 2757 1780 2812 tumuli
1811 2758 2046 2830 inscrip-

349 2845 428 2899 tio
486 2846 550 2900 D.
587 2845 849 2916 Episcopi
925 2843 1362 2914 Bambergensis
1423 2845 1744 2900 Melchioris
1796 2847 2042 2914 Ottonis,

351 2933 412 2987 in
434 2934 576 2989 facie
607 2935 810 2988 ultima
839 2933 944 2987 sub
998 2948 1160 2986 num.
1218 2947 1278 2985 ιιι
1326 2932 1660 2987 orichalceis
1703 2935 1922 2990 inclusa
1959 2937 2044 2990 ci-

352 3023 557 3088 meliis,
591 3024 676 3076 vel
711 3023 900 3092 potius
931 3021 1162 3080 tabulis.
1195 3035 1325 3090 quae
1355 3037 1646 3076 summum
1677 3024 1856 3079 altare
1887 3026 2049 3079 chori
2079 3015 2119 3068 Ο

351 3113 404 3165 S.
431 3111 658 3182 Georgii
687 3114 953 3183 martyris
983 3113 1237 3183 respicit,
1269 3113 1356 3168 his
1387 3111 1572 3168 verbis
1605 3127 1618 3165 :

355 3237 416 3290 ln
451 3235 589 3290 facie
614 3241 658 3290 Α
897 3238 1158 3294 GLORIA
1199 3239 1354 3294 HASC
1393 3239 1513 3294 EST

777 3326 1078 3382 OMNIBUS
1124 3327 1406 3383 SANCTIS
1445 3329 1618 3383 EJUS.

355 3413 410 3466 In
444 3413 585 3467 facie
615 3414 650 3467 Β
1057 3417 1118 3470 D.
1163 3417 1227 3471 0.
1269 3417 1336 3471 Μ.

901 3506 1173 3560 HUMAMI
1213 3506 1510 3562 GENEBIS

692 3590 1140 3648 REDEMPTORI
1177 3595 1332 3649 JESU
1375 3594 1692 3660 CHRISTO,

903 3681 945 3734 Η
956 3681 1022 3734 UJ
1033 3681 1115 3735 US
1164 3683 1508 3737 ECCLESIE

555 3765 688 3820 FUN
703 3767 960 3821 DATORI
974 3769 1052 3836 B.,
1101 3770 1418 3824 TUTORIB.
1431 3810 1445 3834 ,
1491 3772 1852 3836 PATRONIS,

637 3854 819 3908 DIVlS
858 3856 1158 3911 HENRICO
1200 3858 1281 3912 ET
1321 3858 1772 3914 KUNEGUNDxE

527 3939 878 3996 CAiSARElS
919 3943 999 3996 ET
1037 3943 1394 4000 VIHGINEIS
1445 3946 1867 4002 CONJUGIBUS

548 4029 768 4094 ARAM,
810 4030 1233 4101 TROPHz‘EUM,
1285 4033 1866 4091 MONUNUMENTUM

723 4118 1088 4186 SACRAVIT,
1142 4122 1409 4188 EREXIT,
1461 4124 1701 4178 POSUlT

1053 4211 1120 4264 M.
1164 4210 1228 4265 Ο.
1278 4213 1342 4267 Ε.

353 4347 610 4419 Suntque
640 4364 815 4404 merae
845 4349 1027 4406 literae
1058 4353 1389 4422 majusculae
1413 4369 1656 4424 quarum
1695 4359 1812 4410 tres
1831 4356 2050 4411 ultima:

353 4434 656 4506 designant
703 4437 1066 4494 Melchiorem
1120 4442 1386 4496 Ottonem
1442 4443 1804 4515 Episcopum.
1871 4467 1893 4494 ι
1952 4446 2049 4501 Su-

355 4529 546 4593 perest
596 4530 660 4578 ut
691 4525 760 4580 de
814 4525 1026 4582 Ofﬁciis
1061 4530 1452 4586 ecclesiasticis
1509 4532 1754 4603 paucula
1807 4535 2043 4608 subjun-

353 4628 574 4682 gamus.

423 4702 513 4755 41.
570 4701 750 4756 Variis
821 4702 1020 4758 diebus
1075 4705 1356 4776 variisque
1442 4709 1672 4774 Ofﬁciis,
1731 4726 1837 4780 pro
1896 4727 2046 4765 rece-

354 4793 454 4858 pto
496 4789 929 4860 particularium
981 4793 1346 4848 ecclesiarum
1402 4795 1534 4862 ritu,
1584 4799 1639 4851 S.
1693 4799 1918 4852 Henrici
1973 4799 2048 4852 fe-

354 4878 663 4933 stivitatem
720 4879 856 4934 olim
909 4882 1252 4936 celebratam
1305 4883 1478 4937 fuisse
1529 4901 1732 4956 supra
1775 4887 2046 4942 indicavi-

354 4981 511 5032 mus;
543 4982 731 5037 neque
788 4967 1016 5040 singula
1069 4986 1365 5024 recensere
1411 4972 1582 5026 modo
1620 4973 1850 5043 juverit,
1911 4976 2048 5030 dum

355 5051 413 5106 in
446 5054 706 5108 Romano
739 5056 1025 5112 Breviario
1051 5075 1155 5128 pro
1216 5063 1340 5114 tota
1394 5061 1638 5114 Ecclesia
1685 5061 1858 5116 hodie
1900 5079 2048 5132 prae-

354 5142 631 5213 scriptum
663 5149 767 5210 est,
826 5146 1190 5218 relatumque
1243 5149 1431 5202 Sancti
1487 5165 1698 5204 nomen
1745 5151 1803 5204 in
1845 5152 2046 5220 Marty-

351 5231 636 5301 rologium
663 5249 755 5285 xw
791 5233 944 5300 Julii,
990 5240 1160 5306 atque
1201 5236 1272 5290 ob
1312 5235 1552 5291 dilatum
1583 5237 1922 5307 praedictum
1953 5240 2046 5294 Of-

355 5319 568 5387 ﬁcium,
627 5321 891 5392 sequenti
946 5323 1038 5378 die
1082 5341 1149 5377 xv
1200 5327 1390 5379 denuo
1459 5325 1768 5395 signatum,
1821 5329 2048 5382 tametsi

354 5413 558 5464 neutro
611 5410 703 5464 die
753 5412 941 5483 ipsum
973 5412 1180 5467 obiisse
1218 5429 1391 5484 supra
1432 5415 1870 5472 ostenderimus.
1911 5417 2049 5482 Quae

357 5497 562 5551 sanctis
595 5502 958 5573 conjugibus,
987 5503 1056 5556 ad
1107 5504 1431 5572 exemplum
1481 5505 1575 5558 SS.
1649 5506 2045 5576 Apostolorum

359 5586 506 5640 Petri
546 5593 602 5641 et
633 5591 810 5655 Pauli,
859 5592 1184 5646 communia
1234 5597 1386 5659 sunt,
1429 5593 1550 5664 jam
1595 5593 1730 5648 olim
1781 5595 2049 5666 explicuit

2157 547 2462 616 negnndis,
2496 563 2652 600 num.
2683 550 2735 609 9,
2794 545 3074 600 nonnulla
3133 545 3260 600 istic
3289 547 3576 602 adducens
3607 564 3671 602 ex
3705 548 3849 601 Vita-

2160 636 2464 702 Bruxellis,
2493 651 2587 689 an.
2655 636 2789 690 l48i
2818 651 3042 702 excusa,
3101 651 3230 704 quae
3265 635 3356 688 hic
3391 642 3665 706 repetere,
3710 636 3847 706 quid

2159 725 2314 778 aliud
2348 728 2496 778 esset
2521 739 2695 794 quam
2754 728 2943 777 actum
2994 723 3202 792 agere?
3253 725 3406 778 Inter
3455 725 3690 779 schedas
3745 741 3847 778 no-

2158 819 2304 888 stras
2337 816 2558 867 exstant
2587 813 2712 867 Mss.
2768 811 2965 867 Ofﬁcia
3016 811 3262 866 Passavii
3317 817 3374 865 et
3424 811 3561 866 alibi
3621 813 3847 866 recitari

2158 902 2364 967 solita;
2395 906 2482 955 ast
2511 917 2578 955 ea
2604 900 2958 955 auctoritatis
2989 916 3106 954 non
3160 916 3407 971 magnae,
3445 905 3641 971 utpote
3691 916 3848 955 erro-

2155 991 2314 1044 ribus
2345 990 2572 1056 infecta,
2613 989 2823 1060 quibus
2852 1005 2956 1042 nec
2979 987 3216 1042 omnino
3243 1004 3482 1041 vacuum
3509 994 3594 1042 est
3627 989 3853 1042 hodier-

2157 1096 2296 1134 num
2329 1081 2671 1144 Romanum,
2703 1093 2769 1131 ex
2817 1078 2872 1132 S.
2929 1077 3212 1132 Michaelis
3281 1077 3736 1148 Bambergensis,
3796 1078 3854 1131 ni

2153 1169 2338 1231 fallor,
2371 1172 2686 1238 acceptum,
2744 1167 2805 1220 in
2838 1167 2991 1238 quod
3023 1166 3090 1219 ad
3149 1166 3579 1219 accommodum
3620 1181 3855 1219 sensum

2155 1257 2476 1313 reducenda
2526 1260 2660 1310 sunt
2698 1255 2818 1310 hinc
2872 1259 3163 1325 postrema
3192 1253 3396 1324 prima:
3432 1254 3692 1308 lectionis
3729 1271 3854 1308 ver-

2154 1347 2226 1401 ba
2257 1362 2270 1400 :
2305 1368 2326 1394 ι
2364 1344 2732 1398 Benedictum
2786 1344 2926 1409 Vill,
2961 1360 2994 1397 a
3049 1359 3163 1414 quo
3193 1342 3422 1412 imperii
3453 1359 3729 1396 coronam
3762 1359 3854 1396 ac-

2154 1437 2401 1503 ceperat,
2434 1431 2741 1502 profugum
2774 1428 3012 1500 excepit,
3042 1445 3276 1500 suaeque
3306 1429 3436 1482 Sedi
3469 1428 3719 1483 restituit
3753 1446 3766 1483 :
3827 1453 3853 1477 »

2154 1522 2237 1575 uti
2269 1527 2325 1575 et
2355 1521 2452 1574 illa
2477 1521 2538 1574 in
2566 1521 2695 1575 lect.
2729 1519 2764 1573 2
2795 1535 2808 1573 :
2843 1539 2870 1569 c
2900 1518 3253 1573 Pannoniam
3313 1518 3496 1572 adhuc
3534 1518 3857 1584 inﬁdelem,

2154 1610 2364 1664 tradita
2391 1609 2682 1680 Stephano
2733 1608 2852 1678 regi
2878 1623 3075 1661 sorore
3125 1623 3227 1660 sua
3255 1606 3314 1660 in
3349 1622 3605 1674 uxorem,
3667 1623 3858 1678 eoque

2159 1698 2469 1768 baptizata,
2503 1699 2568 1751 ad
2604 1697 2812 1752 Christi
2843 1698 3014 1751 tidem
3042 1695 3334 1767 perduxit.
3372 1718 3400 1744 »

2228 1790 2314 1843 42.
2378 1787 2594 1842 Etenim
2646 1787 2732 1839 vel
2790 1785 2850 1839 in
2908 1785 3212 1856 hypotliesi
3269 1784 3421 1856 quod
3481 1783 3859 1839 Benedictum

2156 1876 2275 1929 νιιι
2306 1875 2616 1945 profugum
2673 1873 2986 1944 susceperit
3032 1873 3092 1928 ὃ.
3151 1873 3447 1934 Henricus,
3509 1872 3663 1944 quod
3713 1872 3860 1925 mihi

2156 1964 2402 2018 necdum
2440 1962 2768 2016 verosimile
2797 1967 2908 2028 est;
2962 1961 3023 2015 in
3083 1978 3171 2027 ea,
3233 1961 3491 2032 inquam,
3547 1963 3863 2032 hypothesi

2156 2053 2386 2125 proprie
2419 2051 2530 2105 dici
2583 2067 2699 2105 non
2746 2055 2933 2121 potest
2961 2051 3276 2121 suscepisse
3315 2051 3506 2120 ipsum
3540 2051 3861 2121 profugum

2159 2161 2186 2193 α
2218 2159 2250 2196 a
2270 2158 2386 2212 quo
2405 2156 2679 2195 coronam
2697 2143 3018 2210 acceperat;
3049 2159 3076 2191 ι)
3097 2140 3445 2211 supponitur
3463 2139 3616 2193 enim
3637 2140 3863 2210 fugisse

2159 2231 2490 2286 Benedictus
2548 2246 2640 2283 an.
2680 2232 2832 2293 1012,
2866 2229 2966 2283 ubi
3003 2230 3241 2283 Sanctus
3271 2244 3542 2282 coronam
3601 2228 3864 2298 primum

2156 2318 2374 2389 accepit
2402 2333 2496 2372 an.
2536 2317 2692 2371 1014.
2714 2317 3069 2386 Stephanum
3101 2333 3273 2387 porro
3324 2334 3356 2370 a
3403 2317 3458 2370 S.
3499 2316 3749 2370 Henrico
3783 2318 3860 2371 ad

2155 2407 2325 2462 iidem
2385 2405 2727 2477 perductum
2782 2405 2952 2475 paulo
3003 2405 3188 2459 latiori
3247 2404 3578 2475 acceptione
3641 2405 3863 2459 intelli-

2155 2496 2408 2566 gendum
2450 2500 2555 2560 est,
2611 2509 2741 2547 cum
2791 2493 2861 2562 is,
2892 2493 3061 2549 Geiza
3105 2498 3340 2564 parente
3385 2495 3505 2564 jam
3533 2493 3868 2548 Christiano

2155 2590 2340 2651 natus,
2385 2583 2574 2638 infans
2601 2581 2923 2653 baptizatus
2972 2581 3062 2636 sit.
3123 2584 3190 2636 Et
3246 2598 3381 2636 sane
3429 2583 3548 2652 jam
3597 2599 3696 2654 pro
3746 2585 3868 2638 fide

2156 2673 2476 2728 Christiana
2523 2687 2643 2726 non
2689 2671 2866 2725 semel
2911 2671 3316 2735 decertaverat,
3369 2672 3702 2742 priusquam
3759 2674 3868 2728 Gi-

2155 2763 2334 2817 selam
2379 2776 2617 2815 uxorem
2649 2759 2899 2814 duceret.
2933 2758 3018 2811 Ad
3054 2759 3215 2829 regni
3276 2759 3586 2830 Hungarici
3617 2776 3870 2814 conver-

2155 2851 2377 2905 sionem
2426 2866 2540 2904 non
2586 2864 2790 2919 parum
2815 2847 3097 2917 profuisse
3151 2851 3498 2902 contractam
3542 2847 3692 2902 inter
3725 2866 3872 2902 san-

2155 2943 2278 2994 ctos
2307 2938 2668 3004 afﬁnitatem,
2701 2935 2760 2991 id
2809 2935 3044 3007 quidem
3091 2935 3332 2990 minime
3387 2936 3627 2990 dubium
3659 2942 3772 3003 est,
3809 2942 3877 2991 at

2157 3045 2259 3083 nos
2289 3027 2383 3082 hic
2408 3026 2688 3096 periodos,
2722 3029 2788 3079 ut
2809 3025 3020 3094 jacent,
3069 3023 3469 3094 expendimus.
3506 3026 3602 3078 Est
3651 3029 3709 3079 et
3763 3027 3871 3080 Of-

2156 3119 2351 3174 ﬁcium
2389 3116 2439 3170 S.
2490 3113 2715 3170 Henrici
2772 3113 3073 3184 proprium
3131 3113 3191 3167 in
3242 3113 3524 3168 Breviaric
3588 3113 3868 3168 Bamber—

2159 3207 2336 3279 gensi,
2373 3205 2613 3276 Dilingaa
2646 3219 2851 3258 excuso
2885 3218 2974 3256 an.
3016 3205 3180 3268 1575;
3238 3206 3324 3256 ast
3369 3202 3429 3256 in
3459 3218 3526 3256 eo
3555 3202 3696 3256 nihil
3727 3219 3863 3258 ma-

2159 3310 2412 3367 gnopere
2441 3292 2575 3347 novi
2624 3291 2890 3356 occurrit,
2947 3289 3413 3361 quandoquidem
3445 3289 3715 3344 lectiones
3748 3291 3871 3346 de-

2159 3389 2402 3454 sumpta:
2437 3381 2550 3435 sint
2586 3397 2653 3434 ex
2678 3378 2965 3448 Anonymi
3024 3378 3306 3448 Legenda,
3363 3379 3697 3449 antiphonaa
3749 3396 3869 3434 au-

2160 3481 2296 3539 tem,
2351 3467 2711 3541 responsoria
2761 3470 2816 3520 et
2845 3466 2903 3520 id
2950 3482 3132 3537 genus
3179 3466 3311 3532 alia,
3371 3472 3468 3521 aut
3521 3470 3877 3524 communia

2158 3562 2338 3616 ferme
2393 3557 2529 3624 sint,
2591 3559 2689 3609 aut
2731 3554 2998 3609 eumdem
3075 3553 3290 3608 fontem
3351 3555 3486 3609 satis
3531 3555 3870 3611 redoleant.

2160 3647 2399 3703 Ponitur
2447 3646 2568 3699 haec
2607 3642 2789 3697 oratio
2837 3641 3106 3713 propria:
3155 3663 3183 3692 ς
3236 3643 3406 3707 Deus,
3464 3643 3564 3714 qui
3619 3643 3873 3700 beatum

2162 3736 2492 3802 Henricum,
2539 3738 2671 3803 post
2723 3737 3020 3785 terrenum
3084 3730 3398 3801 imperium
3481 3731 3873 3802 insignitum,

2162 3825 2426 3880 aethereis
2468 3822 2695 3876 sedibus
2740 3819 3058 3884 collocasti;
3113 3819 3323 3887 tribue,
3381 3837 3742 3892 quassumus,
3801 3829 3879 3877 ut

2163 3929 2336 3987 quem
2393 3911 2569 3982 signis
2653 3908 2996 3964 miraculum
3066 3910 3278 3963 clarere
3323 3909 3632 3974 cernimus,
3692 3925 3877 3966 eum-

2163 4005 2294 4060 dem
2326 4002 2758 4057 intercessorem
2786 3998 2847 4052 in
2895 3997 3174 4068 angustiis
3211 3997 3526 4052 sentiamus
3559 4013 3572 4052 :
3637 4018 3666 4049 ››
3724 4015 3881 4070 quae

2163 4097 2392 4163 accepta
2421 4094 2505 4144 est
2557 4105 2622 4143 ex
2671 4090 2890 4141 vetusto
2950 4086 3155 4141 Missali
3225 4085 3648 4158 Bambergensi,
3705 4091 3882 4145 unde

2163 4182 2386 4238 Missam
2417 4178 2710 4250 propriam
2738 4177 2807 4230 ad
2835 4192 2926 4230 me
2958 4175 3114 4230 misit
3142 4175 3407 4230 laudatus
3434 4175 3497 4230 R.
3535 4176 3592 4230 Ρ.
3649 4177 3885 4233 Hector

2165 4270 2426 4326 Nicolaus
2455 4269 2642 4331 Pottu,
2677 4265 2767 4319 hic
2787 4282 2820 4318 a
2849 4280 2940 4317 me
2961 4263 3155 4334 paucis
3186 4263 3637 4317 describendam.

2227 4362 2316 4415 43.
2373 4359 2436 4412 Et
2482 4373 2548 4410 ea
2601 4356 2672 4409 de
2719 4352 3011 4408 communi
3066 4351 3226 4408 Conf.
3285 4367 3402 4406 non
3459 4353 3645 4417 Pont.,
3694 4356 3885 4424 cujus

2157 4448 2432 4504 Introitus
2481 4447 2550 4500 Os
2595 4445 2758 4513 justi.
2815 4441 3084 4512 Sequitur
3132 4441 3255 4511 jam
3303 4441 3456 4494 dicta
3486 4440 3706 4509 .oratio,
3770 4446 3884 4499 cui

2157 4537 2444 4593 indivulse
2501 4533 2803 4602 subjuncta
2855 4534 2939 4586 est
2988 4529 3225 4601 propria
3273 4529 3343 4584 de
3372 4530 3427 4584 S.
3477 4529 3882 4600 Cunegunde.

2157 4625 2332 4698 Epist.
2355 4627 2548 4680 Justus
2575 4638 2674 4676 cor
2705 4636 2869 4675 suum
2917 4619 3110 4674 tradit.
3152 4641 3172 4667 ι
3233 4618 3501 4674 Graduali
3549 4620 3888 4688 peculiaris

2156 4717 2252 4771 hic
2266 4730 2459 4767 versus
2478 4727 2761 4766 connexus
2785 4727 2796 4763 :
2823 4709 2867 4763 O
2892 4730 2913 4756 ι
2945 4708 3110 4780 [forte
3131 4708 3293 4780 hoc]!
3318 4707 3492 4760 totius
3511 4711 3884 4767 monarchiw

2157 4806 2444 4874 sceptrum
2481 4815 2685 4870 regens
2741 4797 3008 4857 solidum,
3064 4799 3261 4848 nactus
3309 4810 3390 4862 es,
3429 4793 3713 4862 Heinrice,
3765 4797 3888 4852 die

2155 4891 2281 4946 cceli
2346 4890 2573 4944 culmen
2627 4887 2931 4957 fulgidum.
2987 4885 3063 4938 Te
3094 4899 3369 4952 rogamus
3424 4883 3484 4936 in
3529 4881 3644 4949 die,
3691 4887 3886 4939 strati

2157 4982 2303 5036 ﬂexo
2326 4979 2639 5050 poplite,ut
2667 4976 2736 5030 ad
2758 4989 3000 5044 regnum
3023 4971 3358 5026 hierarchiae
3390 4971 3561 5025 ducas
3575 4987 3701 5038 nos,
3737 4973 3886 5031 Rex

2155 5069 2382 5137 inclyte.
2448 5089 2469 5116 ι
2522 5064 2736 5120 Deinde
2783 5063 2902 5117 haec
2949 5060 3290 5131 sequentia:
3332 5083 3352 5108 ι
3389 5059 3604 5114 Laudet
3661 5065 3889 5118 omnis

2156 5153 2391 5224 spiritus
2467 5152 2802 5214 Christum,-
2848 5149 2948 5220 qui
2989 5149 3264 5202 divinitus
3327 5147 3616 5201 coronavit
3666 5150 3887 5218 gloria

2156 5241 2474 5313 gloriosum
2533 5240 2936 5303 confessorem,
2987 5253 3160 5308 quem
3211 5241 3521 5307 patronum
3565 5243 3623 5290 et
3651 5245 3886 5295 aucto-

2155 5346 2279 5384 rem
2327 5331 2448 5384 hazc
2503 5329 2638 5382 colit
2694 5327 2949 5381 ecclesia.
3023 5327 3204 5381 Homo
3273 5331 3432 5380 vetus
3485 5325 3543 5378 in
3598 5331 3888 5396 peccatis

2157 5419 2403 5491 primam
2434 5418 2635 5471 stolam
2683 5416 2953 5470 novitatis
2981 5415 3195 5484 recepit
3224 5430 3353 5468 cum
3389 5414 3602 5468 annulo
3634 5435 3646 5469 :
3684 5415 3888 5480 Quis-

2157 5525 2267 5579 que
2296 5511 2488 5563 mente
2534 5505 2764 5578 puriore
2791 5504 3012 5576 plaudit
3053 5519 3246 5570 manu,
3282 5504 3472 5572 psallit
3513 5519 3632 5564 ore.
3676 5504 3887 5574 digne

2161 5597 2260 5652 Dei
2315 5597 2547 5651 famulo.
2626 5597 2754 5650 Post
2808 5609 2902 5648 sex
2958 5596 3170 5664 legens,
3217 5592 3441 5646 dubitat
3500 5593 3612 5645 Rex
3671 5609 3882 5662 quem
