3940 6314
111 337 170 390 33
1769 344 1819 398 Αι

3563 350 3630 407 34

112 473 338 511 sensum
373 463 572 513 teneat
601 460 783 514 oratio
832 466 1110 516 truncata.
1173 462 1372 518 Sextus
1424 480 1609 519 annus
1640 465 1814 519 volvi-
1847 471 1892 522 Α
1931 467 2074 521 verit
2111 490 2131 514 ε
2168 469 2245 522 De
2298 468 2533 523 brachio
2566 470 2744 524 sancti
2778 470 3084 527 Willibaldi
3116 472 3371 547 episcopi
3398 482 3452 533 et
3495 496 3630 533 con-

113 554 219 613 tur,
254 553 308 601 et
341 549 644 618 problema
693 549 946 617 solvitur,
994 568 1206 605 corona
1241 554 1544 623 duplicata.
1600 557 1813 625 Purga-

112 643 237 689 tura
268 636 534 689 criminis
565 642 779 705 notam,
822 639 981 708 virgo
1026 639 1272 709 Virginis
1326 642 1578 696 vindicat
1633 645 1815 713 pudo-

118 738 252 774 rem.
291 725 507 791 Purgat
564 725 931 792 adulterium,
985 726 1301 796 ignitorum
1356 746 1649 785 vomerum
1701 749 1817 785 non

116 812 367 865 sentiens
430 814 699 867 calorem.
748 815 809 867 In
852 815 1080 868 Cassino
1139 823 1331 871 monte
1389 836 1583 872 curam
1646 822 1819 873 Bene-

119 900 249 952 dicti
295 906 427 970 post
472 918 800 972 pressuram
857 904 1086 973 longam
1135 906 1305 959 sentit
1358 907 1589 961 calculi:
1621 925 1814 979 quem,

116 986 249 1040 dum
299 1004 590 1058 nusquam
647 991 718 1043 sit
768 997 1091 1046 contactum
1148 1010 1376 1063 corpus,
1439 1002 1629 1049 tamen
1683 995 1817 1049 inde

113 1081 360 1129 tractum
420 1078 787 1132 admirantur
823 1080 1055 1150 singuli.
1110 1083 1359 1152 Angelus
1420 1082 1584 1137 fortis
1608 1084 1818 1137 militat

113 1165 167 1217 in
197 1165 424 1230 castris,
460 1166 640 1220 victor
695 1166 964 1221 victorem
991 1170 1174 1239 gloria
1203 1186 1501 1237 coronans,
1534 1172 1698 1225 hoste
1726 1173 1812 1225 fu-

114 1259 265 1322 gato.
297 1255 570 1308 Precibus
621 1255 838 1309 crebris
880 1257 1071 1324 instat,
1131 1258 1335 1312 alienis
1388 1259 1540 1313 curis
1582 1276 1814 1327 vacuus,

116 1342 224 1395 Deo
254 1358 469 1396 vacans
509 1345 738 1413 saepius,
796 1345 932 1399 orbe
981 1352 1202 1416 pacato.
1253 1348 1397 1401 Dum
1446 1348 1720 1418 migraret
1750 1366 1815 1403 ex

113 1433 213 1485 hac
242 1434 385 1500 vita,
413 1435 588 1488 tinem
635 1436 716 1489 rei
767 1436 1005 1490 eremita
1071 1437 1263 1493 didicit
1300 1454 1369 1490 ex
1398 1438 1694 1492 daemone:
1730 1439 1816 1492 Nil

113 1521 416 1576 inventum
476 1529 660 1577 morte
717 1525 979 1594 dignum,
1042 1543 1230 1597 neque
1259 1527 1475 1581 faenum
1508 1543 1696 1597 neque
1746 1526 1814 1579 1i-

114 1626 317 1679 gnum,
373 1612 453 1664 nil
485 1612 736 1666 hominis
767 1614 829 1667 in
859 1615 1109 1669 homine.
1167 1616 1315 1669 Talis
1371 1616 1593 1669 Christo
1625 1615 1814 1668 deser-

114 1699 269 1765 vivit,
302 1699 437 1753 talis
478 1701 699 1754 Christo
731 1702 923 1755 vivens
951 1702 1089 1755 vivit
1133 1702 1194 1756 in
1248 1707 1461 1756 aeterna
1492 1703 1671 1772 patria
1702 1719 1813 1756 ser-

114 1804 210 1839 vus
234 1794 372 1841 tuus
405 1794 461 1842 et
499 1790 746 1857 amicus;
788 1795 905 1860 tua,
939 1792 1106 1857 Dens,
1132 1808 1235 1845 nos
1268 1792 1580 1858 Heiuricus,
1614 1806 1811 1845 conso-

113 1875 264 1930 letur
295 1878 514 1946 gratia.
559 1901 578 1924 ι

177 1968 275 2018 44.
318 1965 460 2028 Quae
510 1966 600 2019 hic
630 1967 697 2020 ad
730 1967 1057 2021 historicam
1091 1968 1388 2022 veritatem
1436 1968 1569 2021 satis
1621 1973 1816 2022 exacta

111 2070 225 2107 non
257 2060 419 2119 sunt,
474 2056 592 2107 suis
646 2056 785 2109 locis
840 2055 1091 2109 discussa
1125 2057 1405 2112 invenies.
1446 2057 1813 2126 Evangelium

112 2144 395 2212 ponitur;
437 2166 457 2192 ιι
520 2145 697 2198 Homo
753 2145 987 2216 quidam
1042 2146 1272 2200 nobilis.
1336 2168 1357 2194 ιο
1408 2145 1810 2200 Olfertorium:

114 2254 139 2279 ι
170 2230 446 2296 Posuisti,
483 2232 744 2286 Domine.
780 2252 805 2284 ι)
840 2232 1092 2287 Secreta:
1128 2256 1148 2281 α
1197 2233 1507 2287 Prmsentia
1554 2250 1812 2298 munera,

114 2335 450 2388 quaesumus
498 2320 761 2387 Domine,
821 2321 898 2373 ita
947 2338 1147 2375 serena
1193 2322 1405 2391 pietate
1464 2323 1708 2385 intuere,
1752 2328 1817 2375 ut

116 2407 299 2460 sancti
352 2406 602 2476 Spiritus
662 2408 1081 2477 perfundantur
1152 2408 1571 2475 benedictione,
1647 2415 1702 2462 et
1754 2408 1813 2462 in

118 2495 329 2549 nostris
361 2496 627 2549 cordibus
653 2512 778 2549 eam
806 2496 1170 2550 dilectionem
1220 2497 1464 2551 validam
1509 2497 1817 2551 infundant

118 2600 219 2652 per
249 2600 427 2653 quam
474 2584 528 2637 8.
561 2584 876 2651 Heinricus,
930 2586 1219 2638 confessor
1283 2591 1435 2651 tuus,
1484 2586 1678 2639 omnia
1698 2603 1816 2639 cor-

115 2671 271 2740 poris
304 2672 722 2741 impedimenta
778 2673 1001 2727 devicit.
1026 2696 1052 2722 »
1113 2674 1452 2727 Communio
1500 2676 1697 2728 eadem
1732 2679 1815 2727 est

111 2775 241 2812 cum
302 2760 627 2827 Olfertorio,
704 2782 729 2807 ‹‹
778 2760 1041 2825 Posuisti,
1118 2760 1376 2814 Domine.
1433 2786 1458 2807 ››
1521 2763 1814 2832 Completa

112 2864 206 2900 seu
244 2848 748 2902 Postcoinmunio:
780 2872 799 2896 ι
838 2850 1002 2903 Plebs
1046 2855 1165 2917 tua,
1217 2851 1479 2916 Domine,
1523 2851 1577 2905 8.
1642 2852 1815 2905 Hein-

110 2936 211 2989 rici
254 2936 599 2990 confessoris
647 2937 731 2990 tui
785 2955 844 2991 se
889 2938 1303 3009 glorificatione
1337 2940 1679 3009 magnilicet,
1736 2946 1811 3007 et,

1924 556 2173 621 fessoris,
2230 573 2293 609 ac
2332 558 2389 611 S.
2458 560 2800 629 Walpurgis,
2848 561 2969 631 ipso
3038 563 3131 616 die
3190 567 3631 622 consecrationis

1924 643 2102 714 ipsius
2136 645 2275 699 Viti:
2311 666 2337 697 ιθ
2388 648 2619 717 quando
2647 670 2673 695 ‹‹
2726 665 2755 701 e
2803 665 3075 704 converso
3135 653 3287 707 idem
3348 656 3413 710 D.
3472 657 3632 709 Vitus

1928 734 1996 786 de
2044 749 2329 787 consensu
2384 735 2751 789 dominorum
2803 738 3039 807 capituli
3099 741 3207 806 sui,
3264 741 3416 795 dono
3474 744 3633 798 dedit

1925 822 2113 875 eidem
2146 823 2391 876 Gabrieli
2434 824 2700 894 episcopo
2740 826 2809 879 de
2846 828 3107 897 reliquiis
3155 829 3208 883 S.
3271 832 3496 884 Henrici
3528 849 3627 903 pe-

1925 910 2087 975 tiam,
2120 933 2148 960 »
2174 928 2272 964 seu
2298 918 2516 981 partem
2546 936 2564 960 εί
2612 931 2783 967 unam
2812 932 2824 981 ;
2855 938 2874 961 υ
2913 922 3083 985 atque
3143 937 3169 967 «
3204 918 3343 971 item
3380 920 3448 972 de
3506 925 3631 989 gut-

1925 1002 2051 1052 ture
2106 999 2392 1069 ejusdem:
2427 1000 2563 1053 item
2604 1002 2672 1055 de
2733 1003 2787 1056 8.
2847 1005 3215 1073 Cunegunde,
3249 1007 3630 1075 prmsentihus

1924 1086 2135 1141 ibidem
2204 1089 2626 1142 venerabilibus
2678 1092 2925 1161 egregiis
2982 1092 3232 1147 dominis
3284 1093 3487 1148 Carolo
3559 1096 3628 1149 de

1925 1174 2300 1228 Seckendorff
2323 1175 2559 1242 decano,
2611 1177 2853 1247 Georgio
2886 1179 2955 1233 de
2988 1180 3383 1251 Schwinburg,
3427 1188 3481 1235 et
3513 1182 3629 1236 Fri-

1925 1262 2116 1317 derico
2160 1263 2230 1316 de
2264 1264 2521 1327 Quedwiz
2550 1265 2869 1319 senioribus
2921 1268 3330 1337 capitularibus
3362 1274 3419 1323 et
3453 1287 3624 1324 cano-

1923 1352 2084 1417 nicis,
2131 1352 2199 1405 ad
2248 1352 2370 1406 haec
2426 1352 2819 1423 capitulariter
2849 1355 3154 1425 deputatis.
3182 1379 3209 1404 ››
3249 1358 3373 1411 Non
3417 1366 3503 1412 est
3531 1359 3624 1412 in-

1923 1440 2230 1493 verisimile
2258 1440 2380 1510 pias
2414 1440 2747 1510 hujusmodi
2774 1444 3255 1497 commutationes
3284 1445 3459 1499 factas
3504 1462 3625 1500 esse

1924 1542 2054 1579 cum
2083 1526 2209 1580 aliis
2238 1528 2590 1582 Germanicis
2620 1531 2889 1596 ecclesiis,
2926 1532 3077 1586 unde.
3121 1533 3191 1586 ad
3235 1533 3386 1603 ipsas
3416 1550 3619 1603 perve-

1924 1615 2119 1669 nerint
2160 1617 2215 1669 S.
2264 1616 2491 1670 Henrici
2521 1619 2807 1688 reliquiae,
2854 1621 3079 1675 tametsi
3139 1621 3208 1675 de
3241 1622 3308 1674 iis
3338 1622 3479 1677 nihil
3512 1638 3623 1693 pu-

1923 1703 2082 1757 blicis
2108 1704 2318 1757 tabulis
2342 1704 2741 1775 consignatum
2772 1708 3142 1777 comperiam.

1992 1795 2080 1846 46.
2119 1792 2269 1845 Nihil
2315 1793 2551 1863 pronius
2607 1800 2754 1847 esset
2785 1812 2957 1865 quam
3012 1797 3081 1851 de
3114 1796 3624 1867 Herbipolensibus

1923 1880 1981 1935 id
2004 1880 2297 1951 suspicari,
2356 1882 2465 1935 nisi
2495 1882 2725 1937 aliunde
2780 1889 3065 1937 constaret
3110 1885 3163 1939 8.
3210 1885 3417 1939 Kiliani
3467 1903 3625 1940 sacra

1923 1968 2147 2039 lipsana
2178 1970 2506 2039 Bambergae
2561 1971 2861 2039 exstitisse,
2896 1973 3033 2043 quin
3066 1980 3121 2027 et
3150 1974 3417 2028 Sanctum
3446 1975 3620 2029 istum

1924 2057 2151 2127 patroni
2209 2058 2333 2111 loco
2366 2058 2627 2111 habitum
2685 2064 2814 2112 ante
2866 2060 2919 2116 8.
2973 2061 3201 2115 Henrici
3234 2068 3514 2132 tempora,
3564 2071 3624 2117 ut

1924 2145 2095 2199 fidem
2127 2145 2344 2199 faciunt
2376 2144 2709 2215 diplomata,
2741 2147 2801 2201 in
2832 2148 3037 2218 quibus
3084 2149 3139 2201 8.
3170 2149 3445 2212 Kilianus,
3467 2150 3624 2220 ipsa-

1925 2239 2043 2286 met
2066 2233 2119 2286 S.
2182 2232 2625 2299 Henricitetate,
2675 2252 2806 2288 cum
2856 2236 2911 2290 8.
2945 2236 3187 2306 Georgio
3236 2238 3621 2307 conjungitur.

1925 2322 2205 2375 Caeterum
2246 2322 2526 2392 przedictis
2552 2324 3096 2378 commutationibus
3132 2327 3299 2395 longe
3334 2326 3623 2397 antiquio-

1924 2426 2046 2464 rem
2077 2426 2197 2463 esse
2218 2415 2444 2480 oportet
2495 2411 2757 2464 notabilis
2810 2413 2958 2466 haud
2992 2413 3162 2467 dubie
3208 2414 3351 2467 sacri
3374 2415 3626 2485 corporis

1925 2499 2102 2570 partis
2140 2499 2579 2553 translationem
2607 2500 2666 2553 in
2717 2501 3062 2571 Merseburg,
3119 2503 3189 2556 de
3245 2518 3358 2573 qua
3388 2509 3504 2556 tam
3537 2503 3622 2557 di-

1924 2594 2073 2640 serte
2101 2588 2219 2655 agit
2253 2592 2587 2657 Anonymus
2614 2589 2764 2657 apud
2787 2590 3134 2647 Gretserum,
3168 2606 3291 2658 cap.
3350 2590 3438 2657 41,
3473 2590 3623 2660 apud

1924 2691 2028 2728 nos
2054 2675 2204 2728 inter
2249 2675 2522 2728 miracula
2556 2692 2713 2728 num.
2752 2679 2838 2743 ll,
2871 2692 3045 2745 quam
3074 2692 3190 2730 non
3238 2678 3333 2731 diu
3387 2684 3515 2748 post
3538 2695 3625 2731 ce-

1926 2765 2201 2817 lebratam
2248 2763 2432 2817 Sancti
2480 2764 2969 2817 canonizationem
3013 2766 3280 2819 accidisse
3312 2768 3413 2836 qui
3465 2766 3618 2820 dixe-

1925 2853 2017 2919 rit,
2050 2851 2202 2906 haud
2265 2853 2508 2907 multum
2546 2869 2578 2905 a
2620 2869 2753 2907 vero
2778 2854 3142 2923 aberraverlt,
3173 2871 3303 2909 cum
3346 2872 3413 2909 eo
3445 2855 3622 2908 ferme

1924 2941 2122 2994 ordine
2152 2958 2185 2994 a
2238 2941 2386 2994 dicto
2443 2940 2719 3011 scriptore
2768 2943 3081 2996 referatur:
3119 2962 3146 2991 α
3198 2945 3477 3012 Tempore
3524 2944 3623 2997 illo

109 3025 315 3078 eodem
347 3042 575 3095 semper
622 3034 911 3097 precante,
952 3034 1004 3081 te
1064 3032 1351 3081 mereatur
1380 3029 1591 3081 habere
1629 3036 1815 3082 recto-
1850 3033 1890 3086 C
1927 3046 2042 3100 quo
2070 3030 2408 3083 venerabilis
2439 3030 2614 3084 abbas
2673 3031 3153 3101 Merseburgensis
3208 3032 3457 3085 ecclesiae
3493 3032 3623 3085 Vol-

108 3130 257 3168 rem.
339 3115 449 3167 Per
481 3114 808 3169 Dominum.
842 3138 870 3165 ››
912 3116 1036 3169 Alia
1066 3116 1136 3170 de
1165 3116 1365 3170 Sancto
1397 3118 1606 3171 oratio:
1638 3141 1659 3166 ι
1691 3118 1811 3172 Ad-

109 3210 194 3256 sto
255 3202 772 3273 supplicationibus
826 3204 1038 3258 nostris
1092 3206 1457 3275 omnipotens
1508 3207 1678 3269 Deus,
1733 3212 1807 3274 et,

108 3292 324 3361 quibus
358 3292 627 3345 fiduciam
652 3294 945 3362 sperandae
968 3294 1214 3364 pietatis.
1250 3316 1276 3343 »
1305 3299 1416 3347 etc.
1448 3295 1518 3348 Ex
1552 3294 1808 3363 praedicti

109 3380 352 3434 Missalis
392 3379 550 3447 folio,
583 3381 652 3435 ad
682 3397 771 3435 me
802 3383 1034 3447 directo,
1070 3388 1243 3452 patet,
1303 3383 1621 3451 majoribus
1676 3384 1812 3436 Teu-

110 3468 319 3522 tonicis
376 3469 584 3523 litteris
614 3470 753 3524 satis
809 3471 1168 3541 elegantibus
1199 3487 1470 3525 excusum
1503 3487 1639 3531 esse,
1683 3488 1812 3524 cum

112 3558 285 3610 variis
318 3558 560 3611 rubricis
607 3566 739 3628 apte
770 3559 1133 3626 intermixtis,
1182 3561 1250 3614 ad
1282 3561 1442 3629 cujus
1468 3560 1710 3629 icalcem,
1746 3576 1813 3613 ex

111 3648 395 3718 temporis
444 3648 604 3701 istius
662 3664 840 3715 more,
896 3649 1229 3719 hujusmodi
1259 3650 1572 3719 epigraphe
1612 3649 1813 3717 adjun-

111 3736 308 3805 gitur:
370 3740 597 3789 «Anno
656 3737 1068 3792 Incarnationis
1136 3738 1446 3791 Dominicae
1507 3753 1810 3801 iiccccxmx,

115 3830 324 3894 quarto
355 3825 475 3877 Kal.
532 3824 709 3888 Junii,
766 3824 911 3878 liber
952 3824 1206 3889 Missalis,
1242 3825 1301 3878 in
1329 3825 1556 3879 laudem
1590 3830 1646 3877 et
1686 3827 1811 3893 glo-

114 3915 258 3967 riam
290 3918 498 3966 sanctze
532 3929 598 3966 ac
627 3913 933 3967 individua:
962 3914 1271 3978 Trinitatis,
1315 3914 1669 3968 intemeratae
1703 3916 1815 3967 Vir-

114 4002 383 4072 ginisque
412 4002 624 4068 Marias,
666 4002 724 4054 in
776 4002 999 4055 civitate
1039 4002 1515 4071 Babenbergensi,
1550 4020 1651 4073 per
1694 4020 1814 4056 ma-

114 4091 358 4159 gistrum
410 4091 688 4143 Joannem
750 4089 922 4160 Pfeyl,
954 4092 1206 4160 praefatae
1259 4091 1499 4144 civitatis
1544 4092 1811 4156 incolam,

113 4196 289 4249 quam
321 4178 765 4248 diligentissime
797 4179 1129 4250 impressus,
1162 4180 1290 4233 ﬁnit
1331 4180 1595 4234 feliciter.
1634 4200 1660 4231 ι)
1690 4182 1816 4234 Haec

115 4270 181 4321 de
214 4269 630 4335 monumentis,
684 4268 919 4331 Ofﬁciis,
990 4269 1283 4340 veterique
1316 4270 1480 4323 Missa
1545 4271 1814 4324 Bamber-

114 4358 389 4427 gensibus
419 4357 567 4410 dicta
615 4357 935 4425 sufﬁcient;
967 4375 1119 4411 nunc
1165 4374 1352 4412 sacras
1383 4357 1673 4429 reliquias,
1707 4359 1819 4412 alio

116 4448 440 4512 translatas,
489 4447 913 4516 investigemus.

119 4553 235 4621 ἓν.
292 4555 553 4621 Reliquiae
612 4555 721 4607 alio
752 4555 1050 4619 translate,
1103 4556 1405 4622 praesertim
1459 4557 1701 4620 Romam,
1748 4555 1821 4608 ad

333 4636 589 4701 templum
615 4633 802 4687 domus
841 4636 1101 4700 Pro/“esse
1140 4635 1419 4687 Societatis
1447 4635 1603 4687 Jesu.

189 4725 275 4775 45.
316 4723 390 4775 Ex
410 4724 529 4791 jam
557 4721 811 4775 deductis
841 4724 974 4775 satis
1006 4722 1370 4775 manifestum
1399 4727 1483 4775 est
1504 4722 1819 4791 praecipuas

121 4827 310 4865 sacras
340 4810 572 4864 exuvias
638 4809 935 4881 utriusque
992 4810 1337 4863 sanctissimi
1377 4810 1639 4880 conjugis
1679 4810 1821 4863 Hen-

120 4899 217 4952 rici
276 4903 332 4951 et
389 4897 759 4967 Cunegundis
802 4898 859 4951 in
901 4898 1026 4968 ipso
1060 4898 1462 4967 Bambergensi
1523 4899 1818 4951 mausoleo

116 4987 430 5041 hodiedom
502 4986 781 5039 asservari
843 5003 1194 5057 quamquam
1262 4991 1452 5056 partes
1523 4988 1817 5040 nonnullze

119 5077 227 5129 alio
279 5076 348 5129 ad
422 5076 851 5129 venerationem
898 5078 1187 5129 translatae
1260 5075 1393 5140 sint,
1468 5090 1610 5144 quas
1674 5074 1816 5128 mihi

118 5171 453 5235 promptum
506 5180 619 5217 non
680 5164 751 5217 sit
809 5165 1101 5234 sigillatim
1159 5179 1517 5218 enumerare.
1553 5163 1819 5232 Suggerit

121 5253 312 5307 charta
359 5252 762 5319 Gamansiana,
820 5255 1082 5323 superius
1128 5253 1316 5319 citata,
1378 5268 1529 5305 anno
1590 5252 1815 5305 Domini

128 5344 277 5408 1301,
314 5340 793 5409 lndict.i(voluit
847 5341 1034 5395 dicere
1086 5344 1161 5408 ιν)
1222 5341 1314 5395 die
1363 5357 1494 5393 xvui
1547 5340 1682 5394 Julii
1740 5340 1815 5393 fa-

120 5437 263 5484 ctam
322 5431 475 5484 inter
528 5429 848 5484 Gabrielem
899 5430 1310 5500 Eystettensem
1378 5429 1712 5499 episcopum
1761 5433 1816 5481 et

124 5520 306 5574 Vitum
391 5519 872 5588 Bambergensem
926 5519 1080 5588 piam
1138 5534 1430 5572 sacrorum
1505 5517 1814 5588 pignorum

122 5609 649 5674 commutationem,
684 5609 761 5661 sic
821 5613 880 5661 ut
925 5608 1021 5662 ille
1074 5606 1585 5676 Bambergensibus
1635 5605 1809 5661 dona-

1922 3135 2147 3174 cmarus
2195 3118 2466 3189 reliquias
2528 3120 2587 3172 Β.
2646 3119 2873 3173 Henrici
2939 3120 3279 3174 confessoris
3336 3120 3623 3175 Saxonica:

1920 3212 2089 3263 terra:
2122 3208 2352 3261 invexit.
2380 3229 2405 3255 ››
2439 3209 2499 3260 In
2562 3208 2857 3261 Poloniam
2904 3225 3087 3279 usque
3120 3209 3412 3262 transiisse
3462 3209 3626 3262 intel-

1920 3297 2059 3367 liges
2091 3314 2156 3350 ex
2197 3296 2483 3349 miraculis
2509 3295 2678 3361 infra,
2715 3313 2874 3350 num.
2930 3300 3013 3351 18.
3064 3301 3150 3351 An
3181 3303 3238 3351 et
3270 3314 3384 3368 quo
3424 3304 3623 3367 pacto-

1921 3385 2201 3456 perierint
2246 3386 2365 3454 jam
2421 3385 2587 3438 dictae
2634 3386 2895 3455 reliquiae
2925 3385 3436 3456 Merseburgenses,
3470 3387 3621 3440 haud

1924 3474 2190 3544 equidem
2221 3472 2362 3538 scio;
2418 3489 2636 3540 verum,
2672 3489 2739 3525 ex
2769 3475 3154 3526 instrumento
3186 3474 3341 3544 quod
3399 3476 3470 3528 ad
3530 3490 3620 3528 me

1923 3562 2079 3616 misit
2108 3562 2370 3615 laudatus
2417 3577 2590 3630 supra
2620 3561 2767 3615 Clar.
2824 3562 3181 3632 Eppenauer,
3216 3562 3437 3632 liquido
3470 3568 3623 3633 pate-

1924 3650 2008 3703 bit
2048 3650 2320 3721 reliquias
2365 3650 2505 3703 alias
2564 3650 2768 3703 eodem
2815 3650 3124 3703 destinatas
3186 3650 3380 3718 fuisse,
3425 3651 3623 3721 procul

1924 3739 2096 3793 dubio
2133 3745 2193 3791 ut
2221 3739 2445 3792 amissis
2475 3738 2765 3808 prioribus
2796 3738 3298 3792 substituerentur.

1999 3829 2088 3881 47.
2142 3827 2367 3881 Litterae
2414 3832 2549 3881 sunt
2575 3828 2762 3881 Adolti
2814 3827 3294 3896 Merseburgensis
3342 3827 3617 3898 episcopi,

1926 3915 2223 3970 Anhaldiae
2245 3915 2534 3986 principis,
2587 3915 2654 3968 ad
2684 3914 2992 3985 Georgium
3048 3932 3078 3968 a
3112 3916 3384 3986 Limburg
3411 3917 3625 3985 episco-

1924 4022 2063 4076 pum
2097 4005 2595 4073 Bambergensem,
2628 4004 2775 4057 datae
2807 4025 2833 4051 «
2856 4003 2947 4057 die
2978 4004 3198 4057 veneris
3240 4005 3385 4059 infra
3416 4006 3625 4057 festum

1924 4095 1978 4147 8.
2014 4093 2240 4148 Martini
2270 4112 2296 4143 »
2332 4109 2537 4162 nempe
2568 4109 2661 4145 xm
2715 4092 3043 4145 Novembris
3089 4109 3240 4146 anno
3306 4096 3462 4161 1517,
3497 4110 3625 4162 quae

1924 4182 2102 4235 latine
2139 4198 2316 4235 versa:
2369 4181 2447 4234 sic
2480 4185 2721 4234 sonant:
2761 4200 2788 4230 ι(
2851 4181 3051 4233 Nostra
3082 4181 3403 4233 amicabilia
3435 4182 3624 4235 officia

1929 4270 2172 4338 praevia;
2208 4268 2552 4321 Venerabilis
2583 4268 2641 4321 in
2675 4270 2787 4321 Deo
2838 4268 3025 4335 Pater,
3078 4266 3366 4335 imprimis
3415 4266 3621 4319 dilecte

1931 4358 2160 4410 domine
2195 4361 2251 4409 et
2301 4355 2499 4409 amice.
2556 4356 2696 4409 Cum
2730 4354 2956 4408 dilectio
3008 4360 3213 4419 vestra,
3271 4354 3339 4406 ad
3386 4360 3621 4422 rogato-

1929 4447 2073 4499 riam
2110 4452 2363 4499 nostram
2413 4444 2767 4514 petitionem,
2824 4442 3101 4511 quasdam
3124 4440 3176 4495 8.
3225 4441 3473 4495 Heinrici
3504 4442 3622 4495 lm-

1929 4535 2206 4605 peratoris
2290 4549 2475 4585 sacras
2557 4530 2830 4601 reliquias
2907 4532 3265 4595 concesserit,
3327 4533 3558 4585 easdem
3590 4548 3619 4584 a

1927 4623 2231 4677 dilectione
2252 4627 2437 4674 vestra
2466 4621 2794 4684 submissas,
2845 4636 2976 4674 cum
3012 4619 3400 4685 veneratione,
3458 4626 3619 4689 grato

1926 4711 2319 4779 benevoloque
2377 4708 2571 4762 animo
2630 4708 2973 4778 accepimus.
3009 4709 3076 4761 Et
3133 4723 3482 4778 quamquam
3515 4724 3618 4776 pro

1926 4806 2041 4854 tam
2095 4798 2417 4853 acstimabili
2466 4798 2638 4864 dono,
2675 4798 2829 4868 quod
2877 4797 3186 4867 temporali
3245 4797 3390 4849 nulli
3438 4797 3623 4866 pretio

1927 4895 2403 4967 tequiparandum
2458 4900 2561 4961 est,
2620 4894 2786 4948 nobis
2835 4898 2890 4947 et
2947 4892 3199 4947 ecclesia
3252 4897 3458 4946 nostra:
3489 4908 3625 4946 con-

1925 5001 2103 5053 cesso,
2154 4984 2446 5039 dilectioni
2493 4988 2696 5037 vestrae
2745 4982 3048 5036 obstrictos
3078 4997 3182 5034 nos
3209 4995 3328 5034 esse
3359 4981 3623 5051 proﬁtea-

1926 5088 2073 5135 mur,
2107 5073 2199 5125 cui
2228 5078 2423 5126 tamen
2481 5069 2821 5139 obligationi
2853 5068 3177 5122 satisfacere
3211 5067 3273 5121 in
3305 5072 3500 5121 nostra
3529 5083 3626 5136 po-

1924 5166 2124 5214 testate
2180 5161 2507 5214 nullatenus
2557 5163 2669 5225 est;
2707 5156 3086 5210 nihilominus
3140 5156 3199 5209 in
3247 5155 3497 5209 ecclesias
3520 5171 3621 5208 no-

1925 5256 2055 5303 strae
2083 5249 2288 5303 sanctis
2319 5247 2573 5319 patronis
2603 5251 2658 5301 et
2703 5246 2993 5317 praecipue
3025 5246 3230 5301 dilecto
3266 5245 3320 5297 S.
3360 5242 3622 5297 Heinrico

1925 5340 2272 5410 Imperatore
2303 5337 2662 5401 conlidimus,
2712 5352 2828 5401 eos,
2875 5340 3129 5406 optatam
3169 5333 3227 5385 in
3267 5332 3371 5385 hac
3400 5336 3623 5403 tempo-

1923 5428 2050 5494 rali,
2086 5433 2143 5481 et
2170 5427 2323 5497 apud
2352 5429 2530 5480 Deum
2558 5424 2842 5495 imprimis
2872 5425 2931 5477 in
2976 5424 3087 5475 vita
3133 5425 3349 5474 aeterna
3392 5421 3626 5476 felicita-

1923 5523 2036 5571 tem
2069 5516 2379 5579 exorando,
2431 5515 2681 5584 idipsum
2732 5510 3024 5567 dilectioni
3054 5514 3257 5563 vestrae
3287 5511 3623 5581 centuplum

1924 5611 2411 5676 compensaturos.
2453 5627 2471 5651 ι
2527 5602 2811 5667 Quamdiu
2843 5602 3147 5655 thesaurus
3177 5599 3367 5675 iste,pa
3400 5601 3624 5671 signata
