3940 6320
358 296 423 348 35

1651 291 1706 342 S.
1751 291 1792 342 ll
1805 289 2036 342 ENRICI
2073 289 2145 344 Hi
2161 290 2550 344 PERATORIS

3789 295 3852 344 3t;

357 417 517 472 fatali
541 457 548 462 .
569 415 908 470 Lntherante
940 413 1235 483 apostasia:
1267 412 1500 482 epocha,
1533 411 1658 464 istic
1695 411 1754 464 in
1785 411 1966 480 pretio
1997 415 2052 462 et
2079 413 2120 464 A
2167 412 2389 464 ritatem
2422 411 2700 482 reportari
2735 409 3046 481 potuerint,
3105 410 3479 464 nihilominus
3534 412 3732 465 sedulo
3765 412 3854 465 iu-

359 507 550 560 debita
579 503 948 558 veneratione
1013 501 1204 566 fuerit,
1259 499 1410 554 haud
1463 500 1540 553 ita
1579 506 1914 570 promptum
1966 503 2053 552 est

353 593 716 663 investigare.

424 684 514 736 48.
547 683 887 736 Persuasum
943 677 1127 732 habeo
1186 681 1243 731 et
1300 677 1438 730 alias
1493 677 1753 730 ecclesias
1781 676 2047 748 pretiosa-

357 787 488 825 rum
549 769 880 824 exuviarum
927 766 1233 838 participes
1281 765 1476 833 fuisse,
1505 764 1765 836 quamvis
1811 764 1882 818 ad
1929 781 2048 817 ma-

357 875 498 914 num
531 875 648 912 non
679 857 794 911 sint
851 857 1232 910 instrumenta
1288 854 1494 924 quibus
1545 853 1614 906 de
1661 853 1730 906 iis
1778 853 2049 906 certiores

355 947 684 1002 reddamur.
735 945 800 998 In
849 945 1032 1014 ipsam
1093 941 1418 1012 Hispaniam
1494 947 1824 1010 penetrasse
1881 944 2048 992 testes

357 1041 492 1090 sunt
520 1035 752 1104 collegae.
783 1032 964 1086 nostri
996 1029 1189 1085 Pinius
1219 1045 1274 1082 et
1297 1030 1574 1099 Cuperus,
1611 1027 1820 1100 quibus
1849 1026 2050 1080 biblio-

354 1125 576 1178 thecam
647 1123 701 1177 S.
789 1119 1079 1176 Laurentii
1159 1117 1602 1172 Escorialensem
1677 1116 2049 1170 lustrantibus

357 1217 589 1284 apertus
620 1215 705 1264 est
749 1209 990 1280 insignis
1047 1209 1348 1262 thesaurus
1395 1205 1768 1276 reliquiarum
1827 1221 1892 1258 eo
1923 1220 2051 1258 con-

355 1307 646 1373 gestarum
679 1316 712 1354 a
741 1299 1006 1368 Philippo
1039 1298 1082 1351 Il
1116 1312 1272 1368 rege,
1307 1293 1855 1366 magnificentissimi
1885 1293 2050 1347 istius

357 1389 573 1462 palatii,
627 1387 868 1442 ctenobii
929 1391 984 1441 et
1039 1385 1242 1455 templi
1279 1384 1593 1448 conditore,
1653 1399 1718 1436 ea
1756 1381 2048 1436 occasione

355 1490 528 1545 quam
589 1473 946 1526 notissimam
994 1470 1271 1523 existimo.
1329 1469 1394 1520 In
1426 1482 1492 1520 eo
1529 1465 1774 1526 sacrario
1827 1481 2052 1535 repere-

349 1567 490 1618 runt
547 1566 740 1616 ternas
787 1574 1073 1613 sacrarum
1106 1557 1160 1612 S.
1219 1555 1440 1610 Ilenrici
1490 1555 1820 1608 exuviarum
1873 1554 2052 1624 parti-

356 1653 530 1717 culas,
558 1649 811 1703 minores
868 1648 1007 1700 duas
1039 1645 1162 1698 aliis
1205 1645 1556 1714 conjunctas,
1605 1647 1826 1714 partem
1879 1659 2048 1714 porro

359 1740 636 1810 majorem
685 1738 809 1808 ejus
851 1735 1035 1806 pellis,
1063 1734 1128 1787 ad
1163 1733 1368 1804 digitos
1403 1737 1649 1804 quatuor
1679 1733 1736 1785 in
1785 1732 2047 1801 longum,

361 1829 504 1884 duos
534 1827 594 1880 in
645 1827 870 1896 largum
919 1829 1248 1889 extensam;
1303 1838 1432 1893 quas
1477 1821 1628 1876 unde
1687 1837 1753 1874 eo
1794 1836 2047 1874 accesse-

361 1917 496 1984 rint,
531 1915 590 1968 in
621 1915 744 1986 ipso
777 1910 1197 1983 Lipsanologio,
1226 1926 1324 1964 seu
1357 1909 1731 1981 reliquiarum
1767 1909 2046 1978 catalogo,

359 2003 634 2060 traditum
667 2018 784 2057 non
831 2005 932 2054 est.
969 1999 1188 2054 Monuit
1217 2015 1307 2052 me
1344 1998 1516 2052 etiam
1567 1998 1824 2052 laudatus
1869 1998 2050 2068 Eppe-

361 2110 562 2160 nauer,
619 2091 722 2146 sub
785 2089 1064 2160 regimine
1113 2087 1587 2143 Reverendissimi
1640 2091 1695 2140 et
1744 2086 2052 2144 Celsissimi

358 2182 634 2254 principis
687 2179 837 2234 Petri
874 2177 1124 2248 Philippi
1168 2193 1200 2230 a
1248 2176 1538 2230 Dernbach
1589 2176 1838 2246 episcopi
1887 2177 2049 2228 Bam-

359 2270 672 2342 bergensis,
705 2268 853 2322 intra
879 2282 1096 2320 annum
1141 2268 1274 2332 16,72
1308 2269 1364 2318 et
1397 2267 1551 2328 1683,
1607 2265 1674 2318 ad
1718 2263 2050 2334 petitionem

363 2361 558 2430 magni
589 2359 746 2412 ducis
793 2356 1054 2422 Etruriae,
1087 2353 1358 2426 quasdam
1409 2353 1462 2407 S.
1507 2353 1732 2406 Henrici
1781 2353 2053 2423 reliquias

363 2447 706 2502 Florentiam
754 2444 1060 2498 destinatas
1113 2459 1249 2508 esse,
1283 2447 1369 2495 ast
1424 2441 1522 2494 ubi
1553 2435 1632 2494 ea)
1683 2440 1854 2494 modo
1884 2457 2052 2510 expo-

361 2535 483 2589 sitae
505 2535 638 2598 sint,
693 2535 794 2586 aut
818 2547 932 2602 quo
987 2530 1046 2583 in
1079 2529 1297 2582 honore
1329 2527 1666 2593 habeantur,
1695 2533 2052 2598 compertum

359 2639 475 2678 non
505 2621 707 2676 habeo.

430 2713 518 2765 46.
551 2707 893 2778 Longiorem
940 2722 1012 2760 ne
1047 2705 1170 2759 aliis
1199 2720 1656 2776 quaquaversum
1707 2701 2052 2758 transmissis

361 2798 534 2854 sacris
586 2796 924 2870 pignoribus
958 2793 1416 2864 disquisitionem
1454 2793 1546 2846 hic
1576 2808 1694 2846 non
1727 2791 2052 2858 instituam;

360 2892 418 2942 at
447 2886 730 2959 praeteriri
759 2902 876 2939 non
923 2889 1114 2954 potest
1163 2882 1460 2936 Societatis
1486 2885 1696 2934 nostras
1725 2881 1786 2933 in
1816 2878 2052 2933 sanctis-

2093 1699 2130 1752 Î’

2160 499 2367 571 quisivi
2395 515 2532 552 num
2565 499 2712 552 forte
2767 499 2984 570 aliquid
3043 499 3199 553 illius
3259 497 3446 554 Sancti
3492 499 3552 553 in
3608 499 3734 553 aliis
3764 516 3856 552 ec-

2157 587 2341 642 clesiis
2373 587 2718 657 reperiretur
2751 605 2764 654 ;
2803 605 2867 642 ac
2921 587 3276 658 deprehendi
3324 589 3552 642 tandem
3587 587 3678 642 hic
3709 588 3856 658 apud

2161 679 2354 730 Patres
2423 677 2824 730 Franciscanos
2872 675 3258 747 fragmentum
3321 677 3390 730 de
3455 693 3578 730 osse
3624 676 3858 730 femoris

2157 765 2417 836 prtedicti
2447 765 2622 818 sancti
2645 765 2872 819 Patroni
2904 766 3039 834 mei,
3101 767 3171 820 ab
3203 767 3420 836 aliquot
3443 765 3696 819 centenis
3751 781 3859 818 an-

2157 853 2246 906 nis
2275 869 2496 906 summa
2541 869 2667 906 cum
2697 853 3060 906 veneratione
3083 853 3142 906 in
3174 869 3373 906 eorum
3407 853 3644 906 ecclesia
3671 868 3858 906 asser-

2159 947 2369 1002 vatum,
2406 942 2566 1012 cujus
2596 945 2814 1010 partem
2869 941 3077 996 bonam
3111 941 3250 995 mihi
3283 942 3496 1012 petenti
3548 941 3857 1007 donarunt,

2157 1047 2328 1102 quam
2363 1029 2512 1084 Patri
2542 1029 2880 1083 Provinciali
2927 1030 3365 1100 Capucinorum,
3427 1030 3548 1084 aliis
3580 1031 3648 1084 de
3673 1029 3859 1084 causis

2158 1137 2224 1172 eo
2260 1119 2514 1184 abeunti,
2582 1118 2886 1172 Serenitati
2934 1123 3134 1171 vestras
3191 1117 3548 1172 offerendum
3616 1117 3858 1172 tradidi:

2158 1215 2330 1280 atque
2361 1207 2540 1262 amice
2581 1223 2719 1277 rugo
2779 1207 3153 1262 Serenitatem
3203 1208 3481 1270 Vestram,
3542 1223 3668 1260 eam
3723 1207 3860 1260 boni

2159 1301 2220 1350 ut
2248 1297 2524 1360 consulat,
2577 1311 2782 1366 meque
2831 1301 2888 1348 et
2927 1296 3312 1348 ambas-meas
3358 1295 3619 1349 ecclesias
3667 1295 3862 1348 cathe-

2159 1385 2346 1438 drales
2371 1383 2569 1455 quavis
2612 1383 2904 1438 occasione
2959 1384 3383 1438 commendatas
3413 1384 3624 1438 habere
3658 1383 3862 1454 digne-

2159 1479 2270 1528 tur.
2309 1473 2660 1541 Bambergte,
2699 1489 2754 1524 Ill
2817 1471 3151 1526 Novembris
3207 1487 3430 1527 nocxm.
3463 1473 3674 1526 Vestra:
3705 1471 3868 1526 Sere-

2157 1560 2353 1615 nitatis
2385 1559 2837 1614 officiosissimus
2896 1563 2951 1613 et
2987 1559 3558 1630 obsequentissimus,
3601 1559 3865 1614 Francis-

2160 1665 2258 1703 cus
2288 1648 2587 1720 episcopus
2629 1647 3062 1718 Bambergensis
3092 1654 3148 1702 et
3177 1647 3617 1718 Herbipolensis.
3663 1668 3689 1698 Â»

2233 1740 2324 1790 ti-l.
2365 1738 2474 1790 Has
2505 1735 2655 1806 ipsas
2713 1735 2982 1807 reliquias
3026 1753 3090 1790 ex
3144 1737 3296 1791 dono
3354 1736 3712 1791 Serenissimi
3745 1737 3870 1790 Ele-

2161 1825 2518 1888 ctoris,misit
2550 1825 2749 1878 eodem
2767 1841 2916 1878 anno
2951 1826 3104 1890 1641,
3127 1825 3217 1879 die
3249 1843 3278 1878 v
3313 1825 3655 1886 Decembris,
3693 1825 3771 1880 R.
3801 1826 3865 1878 Î¡.

2159 1917 2367 1970 Rector
2395 1914 2622 1984 collegii
2669 1913 2850 1966 nostri
2907 1914 3315 1968 Monachiensis
3357 1913 3634 1984 Georgius
3690 1913 3872 1983 Spad-

2161 2017 2250 2053 ser
2279 2001 2520 2055 Romam
2553 2001 2618 2055 ad
2641 2001 2978 2071 praedictum
3033 2002 3096 2056 R.
3157 2003 3215 2055 P.
3273 2003 3604 2056 Gualterum
3657 2001 3872 2056 Mund-

2161 2089 2336 2156 brott,
2385 2097 2450 2144 ut
2521 2108 2584 2144 ex
2627 2089 2927 2160 ipsiusmet
2981 2089 3236 2160 epistolas
3301 2095 3424 2142 tum
3484 2091 3628 2144 datae
3675 2089 3874 2143 verbis

2161 2179 2365 2232 clarius
2395 2179 2753 2248 intelligitur.
2780 2179 2870 2232 Sic
2891 2177 3107 2232 scribit.
3149 2197 3176 2228 (Î¹
3231 2179 3555 2232 Reverende
3609 2178 3670 2232 in
3697 2179 3872 2233 Chri-

2163 2273 2246 2322 sto
2305 2271 2502 2322 Pater:
2567 2269 2702 2322 Utor
2744 2267 3037 2321 occasione
3095 2271 3275 2336 postas
3329 2267 3679 2335 Electoralis,
3757 2283 3875 2336 per

2161 2371 2334 2426 quam
2393 2355 2559 2408 mitto
2610 2355 2673 2408 R.
2757 2354 2817 2404 V.
2878 2353 3222 2423 particulam
3297 2353 3365 2407 de
3429 2369 3555 2406 osse
3629 2353 3877 2406 femoris

2163 2445 2218 2500 S.
2255 2445 2480 2500 Ilenrici
2505 2442 2886 2512 Imperatoris.
2917 2443 3078 2496 Addo
3137 2442 3352 2495 litteras
3397 2441 3778 2496 lllustrissimi
3815 2447 3883 2496 et

2163 2532 2634 2590 Reverendissimi
2691 2531 2954 2602 Episcopi
3015 2531 3437 2602 Herbipolensis
3493 2531 3560 2586 ad
3617 2531 3884 2586 Serenis-

2165 2623 2370 2676 simum
2409 2623 2716 2676 Electorem
2749 2625 3032 2690 nostrum,
3064 2621 3273 2692 quibus
3313 2621 3572 2675 redditur
3612 2621 3888 2675 testimo-

2163 2712 2330 2766 nium
2353 2711 2508 2764 omni
2537 2709 2867 2781 exceptione
2922 2710 3129 2780 majus,
3188 2710 3256 2764 de
3315 2710 3518 2764 iisdem
3572 2709 3878 2780 reliquiis.

2164 2801 2567 2856 Serenissimus
2599 2800 2815 2852 Elcctor
2867 2798 3116 2868 gratiose
3165 2799 3375 2851 salutat
3404 2799 3541 2851 Rev.
3603 2799 3664 2852 Î³.
3695 2797 3886 2869 eique

2164 2889 2464 2960 praedictas
2507 2887 2798 2957 reliquias,
2857 2886 3010 2939 haud
3061 2885 3269 2954 exigua
3345 2885 3723 2939 sollicitudine
3813 2904 3891 2940 ac

359 2979 570 3032 simum
609 2979 1018 3046 Imperatorem
1072 2973 1522 3043 propensissima
1587 2969 1898 3037 veneratiO,
1942 2985 2056 3039 qua
2087 2980 2125 3034 c
2164 2975 2357 3029 labore
2412 2975 2784 3046 conquisitas,
2836 2991 2941 3045 per
3003 2991 3095 3028 me
3160 2973 3516 3040 transmittit,
3581 2973 3890 3045 jubetque

357 3066 592 3137 impulsi
625 3068 818 3119 Patres
875 3061 1222 3117 Assistentia).
1271 3059 1640 3126 Germanica),
1675 3057 2052 3129 quemadmo-

360 3157 496 3210 dum
529 3156 726 3209 Patres
774 3151 918 3207 Galli
972 3166 1130 3204 sacra
1183 3149 1244 3204 S.
1311 3148 1577 3202 Ludovici
1636 3147 1785 3217 regis
1833 3145 2055 3216 lipsana.

357 3245 823 3315 impetraverant,
885 3245 1018 3310 post
1065 3239 1185 3291 vias
1235 3238 1417 3290 varias
1480 3237 1732 3307 primum
1789 3239 2052 3302 tentatas,

361 3334 590 3386 tandem
639 3329 1000 3385 Serenissimi
1043 3326 1314 3381 Electoris
1369 3327 1619 3380 Bavarise
1662 3323 2052 3390 Maximiliani,

359 3423 568 3479 summi
602 3422 856 3493 ejusdem
888 3419 1182 3475 Societatis
1225 3419 1464 3472 fautoris
1495 3422 1550 3470 et
1583 3415 1830 3487 patroni,
1865 3416 2054 3470 studio

358 3519 414 3569 et
465 3511 826 3576 auctoritate,
877 3515 1140 3563 votorum
1192 3511 1478 3577 compotes
1529 3505 1661 3560 facti
1713 3511 1861 3560 sunt.
1912 3505 2050 3558 Rem

360 3618 589 3656 omnem
621 3598 970 3670 promovisse
994 3601 1048 3650 et
1087 3597 1153 3651 ad
1205 3596 1429 3649 felicem
1459 3594 1672 3648 exitum
1727 3593 2054 3664 perduxisse

357 3691 579 3745 videtur
607 3691 673 3742 Il.
737 3689 796 3742 P.
852 3687 1148 3741 Gualterus
1201 3684 1548 3751 Mundbrott,
1601 3699 1703 3752 per
1727 3682 1784 3736 id
1829 3688 2054 3750 tempus

357 3779 554 3834 Romae
599 3791 703 3847 pro
735 3773 1040 3828 Germania
1068 3771 1220 3843 apud
1252 3771 1417 3824 Adm.
1469 3771 1532 3824 Î’.
1589 3771 1647 3824 P.
1705 3769 1771 3822 Î.
1814 3769 2052 3822 Mutium

357 3867 717 3921 Vitellescum
741 3861 1067 3916 Assistentis
1086 3877 1325 3914 munere
1359 3859 1624 3930 fungens,
1660 3857 1780 3927 qui,
1812 3859 1875 3910 ut
1903 3857 2052 3926 apud

361 3953 802 4012 Serenissimum
849 3951 1162 4005 Electorem
1221 3947 1404 4019 gratia
1462 3951 1516 4000 et
1563 3945 1753 3999 favore
1809 3943 2049 4013 valebat,

360 4044 440 4098 sic
501 4059 632 4098 eum
681 4039 984 4106 induxerit,
1039 4042 1120 4106 ut,
1189 4035 1540 4106 interpositis
1586 4033 1787 4088 officiis
1853 4034 1984 4098 suis,
2021 4049 2053 4087 a

359 4129 855 4188 Reverendissimo
890 4133 946 4181 et
975 4127 1294 4182 Celsissimo
1321 4125 1615 4178 Francisco
1649 4123 2054 4193 Bamhergensi

359 4226 416 4276 et
445 4219 836 4290 Herbipolensi
879 4217 1142 4288 episcopo
1177 4215 1231 4268 S.
1291 4214 1516 4267 Ilenrici
1561 4212 1831 4284 reliquias
1861 4217 2053 4282 postu-

359 4309 582 4376 laverit,
641 4309 985 4377 easdemque
1007 4306 1240 4359 demum
1295 4307 1488 4373 optato
1537 4319 1798 4356 successu
1855 4317 2054 4354 conse-

363 4403 527 4454 cutus
554 4397 645 4452 sit.
698 4394 1056 4452 Serenissimi
1092 4398 1149 4447 et
1193 4408 1488 4462 nunquam
1537 4391 1669 4444 satis
1727 4390 1892 4444 nobis
1933 4389 2056 4443 lau-

363 4487 538 4544 dandi
596 4483 966 4540 Maximiliani
1031 4483 1302 4536 Electoris
1361 4483 1576 4536 litteras
1637 4477 1888 4534 nancisci
1941 4493 2054 4530 non

361 4577 548 4650 potui,
579 4591 778 4628 verum
813 4589 879 4626 ex
911 4572 1091 4642 ipsius
1123 4571 1402 4625 Francisci
1456 4569 1711 4641 episcopi
1753 4583 2053 4637 responso-

363 4665 486 4732 riis,
516 4662 770 4720 concessi
798 4660 1198 4732 pretiosissimi
1243 4659 1498 4714 thesauri
1545 4657 1802 4722 testibus,
1855 4670 2054 4724 porre-

363 4759 592 4808 ctarum
619 4767 856 4824 precum
899 4749 1214 4803 substantia
1247 4749 1409 4803 facile
1461 4747 1786 4816 colligitur:
1819 4742 2052 4809 habent,

366 4860 428 4898 ex
461 4842 794 4898 Germanico
823 4838 1017 4894 Latine
1047 4852 1256 4890 versas:

438 4948 524 5000 50.
589 4967 610 4993 Î¹
667 4942 1036 4998 Serenissime
1083 4941 1373 5010 Princeps.
1435 4936 1678 5009 Nupcris
1729 4932 2058 4989 Serenitatis

365 5039 590 5096 vestrae,
620 5032 825 5102 quibus
856 5030 964 5084 sibi
1010 5029 1226 5099 aliquid
1276 5029 1342 5082 de
1393 5026 1650 5097 reliquiis
1697 5024 1749 5078 S.
1810 5022 2056 5088 llenrici,

368 5123 620 5178 ecclesia
651 5137 790 5174 mea!
833 5117 1266 5187 Bambergensis
1317 5114 1550 5186 patroni
1608 5117 1663 5166 et
1717 5103 2057 5173 fundatoris,

367 5209 782 5266 communicari
835 5208 1122 5278 cupiebat,
1181 5204 1560 5258 obedivissem
1608 5201 1970 5270 quantocius,
2013 5199 2061 5252 si

367 5301 622 5371 praefata:
655 5313 795 5351 mete
825 5295 1162 5352 cathedralis
1211 5291 1472 5362 reliquiae
1521 5290 1592 5344 ad
1643 5305 1877 5342 manum
1921 5287 2060 5340 fuisâ€”

370 5393 516 5442 sent.
545 5387 682 5450 Quze
710 5403 860 5452 cum,
893 5390 1022 5440 ante
1041 5383 1284 5454 primam
1311 5379 1558 5433 hostium
1585 5377 1984 5447 irruptionem,
2003 5380 2065 5428 ut

369 5481 750 5540 servarentur,
805 5473 1118 5528 necessario
1149 5471 1422 5524 V'illacum
1471 5468 1530 5521 in
1563 5466 1850 5522 Carinthia
1886 5470 2064 5517 trans-

369 5565 504 5619 ferri
533 5565 852 5630 debuerint,
878 5577 1062 5632 neque
1109 5560 1382 5612 hactenus
1432 5557 1501 5611 ob
1533 5555 1847 5626 inquietam
1904 5568 2062 5606 secu-

2079 4272 2122 4324 D

2163 3063 2298 3118 Rev.
2335 3065 2394 3118 V.
2435 3064 2588 3118 hunc
2645 3080 2812 3118 suum
2868 3067 3135 3117 conatum
3195 3063 3328 3116 boni
3370 3063 3704 3128 consulere;
3731 3079 3890 3133 speâ€”

2165 3170 2319 3207 rasse
2351 3169 2408 3206 se
2444 3153 2676 3223 quidem
2699 3152 2913 3223 aliquid
2951 3152 3136 3222 majus
3165 3151 3234 3205 ab
3285 3152 3582 3222 Episcopo,
3618 3151 3890 3206 maxime

2165 3247 2290 3314 post
2321 3241 2673 3312 amplissima
2703 3245 2758 3294 et
2805 3240 3120 3295 identidem
3169 3241 3410 3311 repetita
3440 3239 3742 3312 promissa,
3769 3242 3890 3296 sed

2165 3331 2254 3386 his
2282 3347 2387 3401 pro
2419 3331 2526 3384 hoc
2548 3335 2806 3400 tempore
2859 3329 3067 3384 debere
3124 3345 3182 3382 se
3233 3335 3566 3382 contentum
3627 3345 3781 3396 esse,
3825 3337 3892 3384 et

2165 3421 2414 3474 vicissim
2447 3435 2649 3490 rogare
2697 3424 2762 3472 ut
2793 3425 2848 3472 et
2903 3419 3034 3472 Rev.
3069 3419 3132 3472 V.
3165 3417 3503 3472 tenuitatem
3531 3419 3703 3488 hujus
3737 3435 3892 3475 mu-

2165 3509 2388 3564 nusculi
2420 3525 2532 3562 non
2558 3513 2911 3579 aspernetur.
2951 3529 2969 3552 â€ºâ€º

2237 3601 2323 3652 52.
2410 3598 2637 3652 Minime
2711 3613 2841 3650 vero
2873 3599 3205 3666 aspernatus
3269 3599 3351 3647 est
3379 3595 3896 3665 pretiosissimum

2166 3687 2380 3742 donum
2445 3689 2503 3740 P.
2540 3685 2978 3750 Mundhrottius,
3027 3700 3224 3738 verum
3255 3683 3408 3754 ipsas
3437 3683 3563 3737 illas
3593 3684 3902 3754 reliquias

2165 3793 2316 3830 anno
2352 3773 2698 3842 insequenti,
2729 3790 2919 3826 mense
2961 3771 3302 3841 Septembri,
3335 3771 3702 3842 praesentavit
3737 3775 3900 3828 Illu-

2165 3863 2442 3919 strissimo
2463 3864 2523 3916 D.
2555 3864 2716 3916 Joan.
2771 3862 2929 3932 Bapt.
2977 3861 3046 3914 de
3083 3860 3312 3914 Alteriis
3345 3861 3614 3932 episcopo
3663 3861 3902 3918 Came-

2165 3951 2404 4019 rinensi,
2499 3947 2946 4004 Eminentissimi
3038 3947 3355 4003 Cardinalis
3433 3949 3592 4002 Urbis
3659 3949 3902 4006 Vicarii

2165 4043 2312 4096 vices
2358 4039 2578 4110 gerenti
2619 4037 2740 4108 (qui
2780 4044 2974 4108 postea
3032 4053 3291 4090 summus
3322 4037 3583 4091 Pontifex
3607 4037 3716 4092 fuit
3747 4039 3905 4096 Cle-

2163 4147 2326 4184 mens
2357 4130 2417 4200 Î§)
2443 4126 2866 4198 approbandas,
2927 4125 3078 4196 quod
3123 4125 3239 4193 ille,
3302 4127 3564 4181 omnibus
3593 4127 3702 4181 rite
3725 4144 3900 4186 exa-

2164 4219 2415 4285 minatis,
2474 4217 2720 4286 benigne
2761 4216 3043 4286 prtestitit,
3079 4215 3168 4269 die
3221 4233 3292 4269 vn
3345 4216 3555 4268 mensis
3579 4217 3896 4290 praedicti,

2161 4313 2359 4361 tenore
2413 4305 2773 4376 sequentium
2807 4305 3189 4358 'littcrarum:
3236 4323 3266 4356 Î±
3301 4304 3582 4358 Universis
3633 4321 3698 4359 ac
3745 4307 3898 4363 sin-

2162 4395 2310 4466 gulis
2339 4399 2649 4465 prtesentes
2703 4393 2918 4446 litteras
2957 4392 3298 4463 inspecturis
3337 4393 3509 4446 fidem
3536 4391 3782 4449 facimus
3827 4403 3903 4454 et.

2165 4491 2501 4538 attestamur
2557 4481 2800 4553 qualiter
2837 4482 3008 4535 hodie
3067 4498 3256 4534 coram
3323 4481 3484 4534 nobis
3536 4483 3703 4536 allata
3729 4483 3896 4556 fuit,

2163 4575 2232 4628 ab
2265 4561 2419 4628 adm.
2459 4574 2522 4628 Î’.
2567 4573 2624 4626 Î¡.
2683 4572 2948 4627 Gualtero
3003 4569 3331 4624 Mundbrott
3380 4569 3672 4624 Societatis
3729 4571 3896 4632 Jesu

2163 4679 2268 4734 pro
2303 4661 2604 4715 Germania
2642 4661 2972 4722 Assistente,
3025 4659 3289 4729 quasdam
3325 4675 3454 4728 pars
3511 4659 3580 4712 de
3621 4677 3748 4715 osse
3781 4663 3902 4718 fe-

2165 4752 2338 4806 moris
2366 4751 2420 4805 S.
2455 4750 2682 4805 Ilenrici
2731 4747 3113 4820 Imperatoris,
3168 4764 3271 4817 pro
3325 4748 3486 4817 cujus
3531 4748 3774 4804 veritate
3833 4759 3902 4809 et

2165 4840 2456 4894 validitate
2505 4838 2752 4893 ostendit
2815 4835 2980 4890 nobis
3037 4835 3382 4889 sufficientes
3427 4837 3842 4896 attestationes
3891 4863 3902 4900 :

2167 4945 2410 4998 cumque
2468 4944 2572 4981 nos
2611 4927 2795 4997 ipsam
2854 4939 3068 4977 sacram
3127 4923 3432 4995 reliquiam
3467 4931 3528 4978 ut
3556 4942 3751 4981 veram
3791 4947 3902 4986 su-

2167 5018 2408 5089 pradicti
2437 5015 2624 5071 Sancti
2654 5011 3238 5082 comprobaverimns,
3297 5011 3480 5066 eidem
3513 5013 3666 5068 adm.
3707 5017 3776 5070 It.
3831 5022 3890 5076 P

2171 5109 2439 5162 Gualtero
2493 5119 2636 5174 eam.
2675 5101 2800 5154 aliis
2832 5100 3106 5164 donandi,
3170 5117 3234 5155 ac
3265 5101 3324 5154 in
3383 5101 3676 5156 ecclesiam
3705 5107 3896 5164 collo

2171 5195 2355 5262 candi,
2384 5197 2447 5247 ut
2477 5210 2510 5246 a
2539 5191 2649 5262 piis
2681 5190 2943 5244 fidelibus
2973 5191 3230 5243 venerari
3261 5189 3459 5258 possit,
3503 5191 3802 5249 licentiam
3851 5217 3896 5254 e

2171 5283 2497 5338 facultatem
2532 5279 2588 5332 in
2625 5277 2862 5332 Domino
2893 5275 3258 5330 concedimus
3307 5281 3361 5328 et
3391 5276 3782 5347 impertimur.
3841 5287 3900 5342 Î™Î¹

2174 5385 2418 5443 quorum
2477 5369 2670 5432 fidem,
2707 5373 2812 5420 etc.
2877 5367 3079 5420 Datum
3117 5365 3334 5429 Romae,
3384 5365 3490 5418 hac
3531 5365 3622 5418 die
3671 5383 3746 5421 vn
3783 5371 3890 5429 Se

2173 5459 2449 5530 ptemliris
2491 5473 2722 5510 nncxut.
2756 5457 2808 5510 .l.
2862 5457 2922 5509 Î’.
2991 5455 3291 5524 episcopus
3345 5455 3764 5511 Camerinensis
3839 5465 3899 5517 Î½

2175 5564 2398 5620 gerens.
