3940 6390
351 349 420 402 39
1661 348 1718 402 S.
1767 342 2056 403 HENRICI
2102 341 2575 402 IMPERATORIS
3771 346 3827 401 lio

422 474 508 526 53.
543 471 791 526 Obtenta
847 484 914 524 ea
960 470 1246 536 facultate,
1293 469 1445 523 haud
1497 469 1596 523 diu
1649 477 1928 523 cessatum
1966 471 2120 522 estA
2158 468 2402 523 cmuobii
2460 469 2944 541 Windbergensis,
2999 471 3097 526 sed
3139 489 3254 526 non
3301 473 3444 527 adeo
3503 474 3737 544 plenam,
3778 482 3830 528 ut

351 563 492 633 quin
513 561 766 631 praefatae
795 560 848 614 S.
883 559 1110 612 Henrici
1153 559 1408 630 reliquiae
1454 559 1514 612 in
1545 559 1746 612 domus
1779 546 2045 613 Professae

352 649 882 718 Romanaatemplo,
932 650 1063 702 Jesu
1101 648 1383 702 Servatori
1429 663 1607 712 sacro,
1657 648 1848 701 debita
1875 664 2043 702 vene-

352 739 577 793 ratione
618 744 676 792 et
720 740 876 791 cultu
917 738 1355 790 honorarentur.
1409 737 1611 790 Curata
1642 753 1773 790 mox
1807 742 1913 800 est,
1948 743 2046 790 aut

351 834 520 882 antea
558 829 792 881 fortasse
833 828 947 890 iam
990 830 1306 895 praeparata
1357 825 1598 893 insignis
1653 825 2044 894 lipsanotheca

352 922 643 986 argentea,
703 916 929 986 qualem
979 914 1071 968 hic
1118 913 1460 983 descriptam
1497 913 1703 981 cernis,
1744 914 2043 967 altitudine

348 1006 522 1075 pedes
549 1004 772 1057 circiter
787 1019 905 1067 sex,
926 1001 1227 1056 latitudine
1254 1007 1500 1072 quatuor
1543 1002 1719 1054 ferme
1742 1002 2035 1072 adaequan-

349 1101 488 1158 tem,
539 1093 751 1146 alfabre
811 1091 1016 1144 factam
1065 1107 1097 1143 a
1157 1090 1503 1159 peritissimo
1548 1089 1700 1142 illius
1765 1090 2042 1160 temporis

350 1180 583 1245 artifice,
634 1178 726 1232 cui
756 1195 830 1231 an
868 1193 1064 1247 parem
1110 1177 1280 1229 modo
1332 1177 1510 1229 Roma
1557 1176 1780 1242 habeat,
1835 1178 2039 1230 merito

349 1267 591 1336 ambigit
641 1267 706 1320 R.
744 1268 804 1319 Ρ.
866 1264 1192 1319 Franciscus
1245 1264 1467 1317 Wenzel
1516 1264 1867 1318 Assistentia:
1895 1267 2037 1319 Ger-

345 1356 583 1410 manicae
641 1353 810 1408 hodie
859 1352 1230 1417 Substitutus,
1282 1351 1444 1420 cujus
1485 1367 1635 1405 cura;
1683 1357 1741 1405 et
1783 1353 2033 1406 benevo-

345 1444 535 1498 lentia:
567 1447 824 1512 acceptas
871 1443 1054 1494 refero
1099 1439 1402 1510 plerasque
1429 1455 1626 1492 omnes
1653 1440 1920 1494 deductas
1944 1440 2035 1494 hic

341 1531 593 1596 notitias,
625 1546 754 1583 cum
785 1530 910 1600 ipsa
948 1528 1350 1592 delineatione,
1383 1544 1447 1580 ex
1483 1545 1596 1598 qua
1625 1529 1825 1582 eadem
1853 1531 1912 1582 in
1958 1546 2034 1582 ms

341 1620 517 1673 incisa
563 1619 883 1682 exhibetur,
945 1617 1010 1670 ad
1073 1616 1253 1669 sancti
1321 1617 1687 1685 Imperatoris
1765 1617 2027 1687 gloriam,

340 1709 817 1778 probandumque
849 1706 1142 1759 Societatis
1188 1721 1324 1774 erga
1377 1722 1508 1758 eum
1539 1707 1756 1759 cultum
1787 1712 1843 1759 et
1874 1723 2028 1760 reve-

340 1796 732 1850 rentiam.'Ne
789 1811 920 1847 vero
975 1793 1262 1846 existimes
1320 1793 1531 1847 minori
1584 1794 1795 1863 pietate
1856 1811 2028 1864 quam

337 1885 523 1955 pretio
568 1885 621 1938 S.
658 1882 881 1937 Henrici
935 1882 1270 1936 memoriam
1305 1881 1431 1934 istic
1462 1882 1650 1946 recoli,
1694 1884 1837 1936 solet
1865 1889 2031 1952 quot-

339 1973 505 2028 annis
554 1971 967 2042 lipsanotheca,
1011 1974 1338 2024 recurrente
1387 1971 1774 2023 anniversaria
1834 1971 2030 2026 Sancti

331 2062 654 2127 festivitate,
679 2061 735 2112 in
786 2059 1089 2132 magniﬁca
1135 2058 1190 2112 S.
1251 2060 1307 2111 P.
1445 2057 1669 2127 lgnatii,
1704 2059 2031 2113 ardentibus

332 2152 461 2220 plus
491 2149 655 2202 solito
684 2147 884 2214 cereis,
913 2164 1010 2200 ara
1049 2146 1275 2216 exponi,
1323 2145 1680 2215 gravioribus
1706 2146 2030 2217 quibusque

335 2238 542 2290 domus
565 2242 778 2290 nostrze
825 2235 1085 2288 Patribus
1134 2250 1256 2286 rem
1310 2249 1528 2286 sacram
1563 2249 1629 2286 eo
1681 2233 1772 2286 die
1800 2234 1868 2287 ad
1901 2250 2026 2287 eam

333 2324 688 2379 facientibus.
751 2322 891 2376 Aliis
952 2337 1123 2391 porro
1182 2337 1283 2390 per
1340 2337 1557 2374 annum
1606 2321 2026 2389 festivitatibus,

331 2415 393 2466 in
420 2429 516 2467 ara
545 2411 803 2482 principe
843 2425 971 2463 cum
1033 2408 1406 2463 Ludoviciana
1436 2409 1769 2474 collocatur,
1802 2417 2026 2463 restau-

333 2507 455 2555 rata
483 2498 910 2571 quodammodo
957 2499 1014 2550 in
1078 2498 1225 2551 Urbe
1279 2497 1478 2551 mundi
1510 2497 1691 2568 capite
1726 2499 2026 2569 utriusque

330 2589 670 2644 sanctissimi
732 2587 1007 2658 Principis
1075 2587 1395 2639 veneranda
1452 2587 1867 2640 recordatione.
1932 2588 2025 2641 His

331 2680 398 2733 de
417 2680 568 2732 culta
603 2678 878 2731 hactenus
929 2675 1154 2728 abunde
1213 2675 1511 2744 expeditis,
1554 2676 1620 2729 ad
1652 2676 1834 2729 Sancti
1868 2681 2024 2746 gesta

330 2783 644 2838 eorumque
677 2767 979 2835 scriptores
1008 2763 1248 2833 gradum
1279 2763 1529 2817 facimus.

507 2878 533 2940 ξ
567 2875 656 2927 Vl.
691 2874 991 2940 Scriptores
1018 2872 1174 2933 Vitae,
1211 2871 1413 2993 pliique
1442 2871 1507 2924 de
1538 2871 1593 2924 S.
1625 2872 1852 2924 Henrico

1071 2956 1306 2993 aaencs.

1071 2956 1306 3007 agentes.

2156 559 2236 612 ait
2265 560 2609 624 Grestserus,
2640 564 2811 630 atque
2831 560 2972 630 gipse
3005 562 3373 630 postmodum
3421 563 3650 617 alteram
3679 581 3830 634 repe-

2155 647 2231 700 rit
2285 646 2344 699 in
2406 648 2753 700 monasterio
2812 647 3228 715 Rebdorﬁ‘ensi,
3290 666 3463 720 quam
3528 653 3648 705 1611
3698 655 3830 705 inter

2154 734 2386 787 Sanctos
2451 735 2899 805 Bambergenses
2951 736 3151 802 edidit,
3210 739 3478 792 collatum
3529 756 3652 793 cum
3706 758 3824 810 apo-

2154 824 2374 893 grapho
2433 823 2860 893 Bambergensi,
2917 841 2985 878 ex
3051 842 3163 895 quo
3222 827 3501 880 nonnulla
3574 827 3723 881 auxit
3778 833 3830 880 et

2151 912 2494 978 emendavit,
2528 917 2591 966 ut
2635 914 2895 982 pluribus
2956 913 3201 983 explicat
3232 914 3291 967 in
3345 915 3462 968 suis
3500 916 3618 985 jam
3657 916 3825 969 citatis

2154 999 2559 1066 notationibus,
2589 1016 2622 1052 a
2655 1017 2784 1069 pag.
2817 1005 2907 1054 79.
2941 1001 3152 1054 Eadem
3189 1001 3433 1055 Gretseri
3474 1003 3721 1071 Legenda
3741 1019 3825 1056 ex-

2151 1088 2345 1142 statin
2366 1089 2673 1158 posthuma
2721 1089 2870 1142 Surii
2914 1089 3184 1157 editione,
3245 1091 3470 1145 omissis
3496 1098 3681 1145 tamen
3720 1092 3828 1144 fre-

2149 1177 2454 1247 quentibus
2482 1178 2596 1230 illis
2623 1177 2876 1246 capitnm
2932 1178 3135 1246 titulis,
3193 1195 3338 1250 quos
3367 1184 3424 1232 et
3452 1179 3525 1233 ad
3583 1195 3828 1234 normam

2146 1271 2400 1319 nostram
2459 1265 2877 1320 contrahendos
2951 1267 3298 1320 censuimus.
3380 1267 3642 1336 Ejusdem
3699 1270 3831 1322 lteb-

2147 1353 2420 1408 dorftiani
2438 1353 2648 1407 codicis
2679 1353 2973 1423 exemplar
3001 1355 3152 1407 nacti
3195 1361 3328 1408 sunt
3373 1357 3611 1425 Majores
3642 1359 3826 1421 nostri,

2147 1459 2212 1495 ex
2245 1458 2358 1512 quo
2400 1447 2457 1495 et
2485 1457 2552 1494 ex
2586 1441 2752 1495 Surio
2797 1444 3118 1510 Legendam
3172 1443 3452 1513 integram
3502 1444 3648 1498 infra
3676 1446 3833 1499 dabi-

2145 1547 2293 1596 mus,
2326 1531 2558 1584 lacunas
2587 1528 2923 1584 seu'hiatus
2981 1547 3047 1584 ex
3106 1532 3351 1585 Gretseri
3413 1533 3658 1587 editione
3703 1551 3830 1604 sup-

2143 1618 2386 1688 plendo;
2425 1617 2493 1671 iis
2550 1617 2703 1671 hunc
2743 1619 3230 1672 Commentarium
3301 1621 3390 1674 vel
3445 1621 3505 1675 in
3567 1625 3833 1692 appendi-

2143 1724 2265 1760 cem
2298 1707 2518 1776 rejectis
2544 1722 2671 1776 quae
2719 1706 2788 1759 ad
2838 1706 3086 1760 historia?
3144 1707 3305 1762 ﬁlum
3367 1710 3559 1764 minus
3589 1719 3833 1780 spectare

2144 1795 2510 1860 videbuntur,
2539 1799 2600 1847 ut
2645 1798 2778 1847 sunt
2823 1795 3007 1865 capita
3041 1800 3124 1862 16,
3189 1801 3274 1865 17,
3310 1801 3371 1851 18
3427 1803 3482 1852 et
3518 1803 3601 1863 19,
3631 1801 3834 1870 quibus

2142 1900 2260 1936 non
2297 1881 2351 1937 S.
2415 1883 2640 1936 Henrici
2696 1888 2876 1952 gesta,
2927 1885 3026 1937 sed
3084 1885 3334 1938 ecclesiae
3406 1888 3835 1959 Bambergensis

2141 1971 2439 2042 privilegia
2458 1977 2887 2024 enumerantur.
2911 1972 3112 2026 Totum
3137 1974 3380 2027 Gretseri
3407 1976 3836 2046 Bambergensis

2141 2059 2326 2112 forma
2382 2059 2682 2123 recensuit,
2735 2063 2790 2112 et
2842 2059 3121 2114 volumini
3178 2077 3280 2115 suo
3324 2063 3393 2116 de
3459 2064 3837 2135 Scriptoribus

2141 2148 2477 2212 Germanias,
2510 2163 2624 2218 quo
2651 2148 3010 2218 potissimum
3055 2151 3422 2205 continentur
3451 2169 3579 2224 quae
3611 2155 3677 2209 ad
3713 2157 3837 2226 epi-

2139 2241 2430 2305 scOpatum
2461 2235 2938 2304 Bambergensem
2969 2238 3278 2306 pertinent,
3310 2255 3426 2293 non
3482 2241 3560 2295 ita
3588 2243 3836 2312 pridem,

2137 2340 2344 2393 nempe
2375 2340 2527 2376 anno
2563 2326 2719 2390 1718,
2768 2326 2998 2395 vulgato
3037 2326 3281 2381 inseruit
3341 2330 3587 2384 Joannes
3634 2333 3841 2386 Petrus

2138 2413 2420 2487 Ludewig,
2482 2413 2806 2466 notationes
2857 2413 3110 2484 singulas
3167 2418 3448 2487 capitibus
3501 2420 3619 2473 suis
3665 2423 3846 2492 subji-

2136 2501 2328 2554 ciens:
2379 2501 2540 2570 cujus
2593 2517 2768 2571 opera
2826 2501 2909 2556 uti
2957 2503 3139 2558 visum
3198 2522 3316 2560 non
3378 2512 3480 2572 est,
3527 2509 3680 2562 fonte
3714 2511 3847 2581 ipso

2137 2589 2299 2643 nobis
2328 2595 2547 2659 aperto,
2579 2607 2644 2642 ex
2675 2606 2789 2661 quo
2823 2591 3022 2660 purius
3079 2595 3275 2648 omnia
3307 2595 3525 2649 hauriri
3577 2603 3843 2666 potuere.

2207 2680 2293 2732 56.
2328 2681 2510 2748 Atque
2541 2678 2663 2731 haec
2688 2679 2746 2733 S.
2818 2681 3046 2734 Henrici
3099 2681 3383 2751 Legenda,
3427 2689 3491 2737 ut
3535 2691 3600 2738 ut
3632 2685 3850 2757 imper-

2134 2767 2300 2832 fecta,
2356 2766 2749 2836 vulgatissima
2804 2767 2971 2822 hodie
3032 2776 3103 2844 et
3140 2771 3436 2825 notissima
3487 2778 3588 2840 est,
3635 2791 3665 2826 a
3721 2793 3850 2846 qua

2132 2854 2376 2924 proinde
2409 2853 2788 2908 recedendum
2822 2871 2937 2908 non
2969 2856 3076 2909 fuit
3112 2876 3125 2923 ;
3155 2858 3415 2927 quamvis
3444 2865 3500 2913 et
3529 2860 3701 2914 aliam
3745 2879 3848 2915 re-

2131 2941 2382 3011 pererim
2405 2957 2438 2993 a
2477 2941 2650 2994 sciolo
2680 2941 2873 3012 aliquo
2902 2959 3015 2996 non
3046 2944 3206 2997 valde
3265 2947 3503 3016 antiquo
3551 2949 3853 3018 scriptore

394 3035 480 3085 54.
525 3030 578 3084 S.
634 3028 860 3084 Henrici
910 3029 1228 3098 Legendam
1287 3045 1352 3080 ex
1399 3027 1590 3081 saeculi
1655 3029 1763 3092 sui,
1813 3043 2018 3097 nempe
2051 3033 2091 3087 Ο
2130 3045 2258 3082 cum
2287 3029 2410 3081 Vita
2444 3027 2495 3082 S.
2538 3028 2910 3099 Cunegnndis
2968 3032 3349 3100 conjunctam,
3410 3035 3480 3088 de
3528 3052 3637 3105 qua
3673 3039 3850 3092 Hen—

324 3121 409 3174 vel
442 3137 558 3185 χιιι,
594 3135 753 3173 more
769 3115 1478 3187 scripsitAnonymus,qui
1509 3116 1820 3170 monachus
1846 3116 2018 3170 fuisse

324 3209 588 3274 videtur;
619 3208 770 3260 idem
803 3207 920 3269 ille,
954 3206 1179 3276 opinor,
1217 3223 1246 3258 a
1277 3222 1389 3276 quo
1421 3206 1781 3275 postmodum
1810 3206 1864 3260 S.
1909 3206 2017 3259 Cu-

320 3296 602 3367 negundis
632 3301 792 3365 gesta
852 3293 1142 3347 memoriae
1197 3294 1594 3346 commendata
1645 3299 1796 3358 sunt,
1858 3295 1924 3348 ad
1960 3311 2017 3347 ιιι

321 3385 501 3439 Martii
562 3384 630 3438 ab
713 3381 1067 3437 Heuschenio
1145 3381 1457 3434 illustrata:
1521 3397 1694 3444 more,
1757 3382 2016 3453 inquam,

317 3475 563 3528 istorum
634 3477 985 3541 temporum,
1046 3486 1180 3524 nam
1227 3469 1601 3540 particulares
1650 3471 2016 3541 potissimum

318 3563 574 3628 virtutes,
637 3560 1086 3615 muniﬁcentiam
1144 3559 1204 3613 in
1269 3559 1626 3612 exstruendis
1699 3565 2017 3616 restauran-

320 3634 523 3721 disque
557 3650 830 3711 ecclesiis,
878 3648 1172 3713 miracula,
1217 3652 1273 3700 et
1322 3646 1376 3700 id
1409 3664 1587 3717 genus
1640 3648 1748 3700 alia
1780 3666 2015 3719 percen-

317 3738 448 3804 suit,
486 3738 642 3790 nullo
664 3742 884 3790 servato
915 3750 1106 3788 rerum
1135 3739 1234 3787 aut
1259 3739 1587 3804 temporum
1625 3736 1826 3790 ordine
1861 3753 1875 3803 ;
1905 3738 2016 3791 alia

318 3827 490 3880 etiam
523 3825 859 3890 admiscens,
895 3839 1023 3894 quae
1061 3823 1130 3876 ad
1170 3823 1357 3876 Sancti
1393 3823 1564 3875 vitam
1601 3825 1826 3878 nonnisi
1853 3827 2013 3879 valde

315 3919 533 3968 remote
588 3914 932 3967 referuntur.
974 3911 1186 3964 Vixisse
1242 3910 1430 3980 ipsum
1493 3911 1702 3964 saeculo
1736 3929 1834 3978 xu,
1885 3921 2016 3983 post

313 4004 655 4057 celebratam
707 4002 760 4056 S.
822 4000 1046 4055 Henrici
1096 3999 1606 4065 canonizatiouem,
1668 4007 1838 4071 atque
1870 4005 2012 4056 adeo

316 4108 458 4162 opus
507 4091 694 4161 ipsum
757 4088 1074 4144 Adelboldo
1156 4088 1549 4156 Ultrajectcnsi
1596 4089 1883 4159 episcopo,
1943 4107 2011 4144 ex

312 4180 596 4235 monacho
631 4195 728 4232 seu
778 4177 983 4230 clerico
1046 4176 1346 4230 Laubiensi
1386 4177 1633 4246 primum
1687 4178 2010 4232 consiliario

308 4275 366 4324 et
420 4267 778 4334 cancellario,
845 4266 1050 4321 deinde
1110 4266 1178 4318 ad
1235 4265 1622 4336 episcopatum
1684 4272 1894 4330 evecto,
1955 4273 2012 4323 et

309 4357 560 4411 triennio
613 4360 747 4426 post
793 4354 1064 4410 Sanctum
1124 4353 1412 4412 defuncto.
1476 4354 1722 4409 adscribi
1770 4357 2004 4410 omnino

308 4463 425 4499 non
457 4461 642 4514 posse,
675 4445 843 4514 plane
875 4443 1082 4495 evincit
1139 4442 1432 4495 Gretserus
1493 4443 1551 4496 in
1593 4443 2004 4510 natationibus,

309 4551 438 4604 pag.
473 4537 560 4600 80,
602 4537 801 4602 utpote
859 4548 987 4586 cum
1048 4534 1216 4602 plura
1262 4539 1675 4587 commemoret
1732 4551 1858 4604 qum
1887 4539 2003 4587 toto

308 4623 516 4677 saeculo
547 4623 601 4676 S.
656 4620 879 4675 Henrici
932 4620 1090 4674 obitu
1148 4621 1466 4690 posteriora
1515 4629 1664 4676 sunt.
1706 4625 1780 4676 De
1831 4622 2000 4676 mira-

306 4711 446 4763 culis
479 4709 733 4779 quuitur
763 4714 825 4762 ut
855 4708 924 4762 de
977 4725 1037 4761 re
1066 4709 1244 4761 veteri
1273 4725 1444 4779 quam
1487 4726 1519 4762 a
1578 4708 1890 4778 majoribus
1921 4725 2008 4761 ac-

306 4798 540 4867 ceperit,
595 4797 748 4868 quod
798 4797 1110 4851 Adelboldo
1155 4798 1436 4868 quadrare
1487 4813 1854 4867 nequaquam
1905 4813 2001 4866 po-

305 4893 433 4942 test.
469 4887 627 4940 Adde
649 4887 800 4957 quod
842 4886 1052 4940 scribat
1081 4885 1150 4940 de
1181 4887 1349 4940 rebus
1381 4902 1509 4956 quae
1560 4885 1656 4939 diu
1688 4891 1816 4955 post
1847 4901 2003 4939 mor—

303 4984 418 5030 tem
453 4976 508 5029 S.
543 4975 865 5042 Adelboldi,
923 4974 1086 5052 utpde
1127 4975 1438 5045 diplomate
1471 4973 1696 5027 Henrici
1722 4974 1793 5027 ill
1825 4975 1996 5044 regis,

302 5066 373 5118 de
407 5062 581 5117 Bullis
625 5062 931 5117 Clementis
963 5063 1009 5116 II
1043 5068 1099 5117 et
1147 5069 1199 5116 et
1232 5063 1433 5116 Leonis
1490 5063 1575 5128 lX,
1609 5062 1679 5116 de
1709 5066 1914 5132 quarto
1947 5067 2002 5116 et

302 5158 458 5206 sexto
490 5151 758 5222 episcopo
809 5151 1214 5222 Bambergensi
1247 5167 1261 5217 ;
1297 5156 1358 5204 ut
1395 5149 1636 5204 dubium
1668 5150 1904 5204 minime
1931 5151 2001 5204 sit

300 5240 443 5311 quin
494 5245 615 5294 toto
675 5240 879 5293 saeculo
966 5241 1213 5312 amplius
1285 5238 1755 5308 compilationem
1833 5240 1996 5292 istam

301 5328 656 5400 praecesserit
681 5328 1050 5383 Adelboldus.

371 5420 456 5470 55.
493 5417 829 5471 Prsedictam
884 5418 1066 5471 Vitam
1121 5417 1344 5486 primus
1376 5416 1436 5468 in
1484 5415 1666 5469 lucem
1695 5416 1890 5470 eduxit
1916 5417 1999 5471 vir

299 5505 484 5558 clarus
512 5512 568 5559 et
613 5522 764 5576 sape
823 5505 986 5558 nobis
1041 5504 1355 5559 laudandus
1413 5502 1688 5556 Henricus
1718 5503 1994 5569 Canisius,

300 5603 456 5649 tomo
493 5594 555 5647 Vl
584 5597 847 5667 Antiqua:
886 5597 1058 5658 l.ect.,
1095 5611 1123 5646 a
1190 5609 1318 5663 pag.
1378 5595 1501 5661 383,
1550 5609 1612 5646 ex
1673 5592 1866 5646 codice
1897 5593 1993 5647 Ms.

2129 3117 2392 3170 schenius
2447 3132 2678 3186 quoque
2728 3117 2896 3170 citato
2946 3121 3208 3189 superius
3255 3121 3376 3175 loco
3437 3125 3723 3192 meminit,
3764 3130 3850 3182 ad

2129 3221 2374 3277 quarum
2404 3206 2616 3258 calcem
2650 3205 2872 3275 adjecta
2900 3213 2984 3260 est
3035 3225 3278 3278 sequens
3308 3209 3653 3282 epigraphe:
3683 3237 3704 3262 ι
3748 3217 3847 3270 Ad

2130 3294 2354 3347 laudem
2384 3297 2438 3346 et
2496 3293 2740 3362 gloriam
2800 3295 3212 3365 omnipotentis
3264 3299 3383 3364 Dei,
3411 3300 3675 3368 gloriosa!
3712 3304 3855 3358 Vir-

2129 3381 2277 3452 ginis
2309 3381 2497 3436 Mariaa
2521 3387 2577 3435 et
2626 3382 2882 3436 omnium
2927 3385 3286 3455 Sanctorum,
3346 3386 3556 3443 ﬁniunt
3585 3390 3859 3448 feliciter

2128 3471 2405 3541 Legendus
2437 3475 2766 3522 sanctorum
2827 3472 3052 3525 Henrici
3112 3475 3478 3544 Imperatoris
3538 3482 3595 3532 et
3626 3479 3860 3536 Kune—

2126 3557 2333 3627 gundis
2367 3556 2748 3626 Imperatricis
2780 3557 3068 3628 virginum
3114 3566 3171 3613 et
3217 3561 3554 3632 conjugum,
3601 3580 3865 3622 summa

2125 3663 2252 3700 cum
2291 3645 2589 3715 diligentia
2619 3645 2913 3716 impressae
2969 3647 3026 3701 in
3079 3649 3293 3703 famosa
3348 3651 3573 3705 civitate
3604 3653 3865 3710 Bruxelo

2126 3735 2268 3788 lensi
2306 3749 2409 3803 per
2441 3733 2662 3786 Fratres
2716 3736 3038 3789 communis
3067 3736 3196 3790 vita:
3236 3737 3294 3790 in
3327 3738 3644 3807 Nazareth;
3676 3757 3866 3798 anno

2129 3821 2358 3876 Domini
2384 3821 2880 3877 MCCCCLXXXIV.
2921 3847 2941 3872 ι
3001 3825 3197 3878 Totam
3253 3825 3364 3897 legi
3405 3831 3462 3880 et
3499 3829 3683 3882 evolvi
3717 3848 3866 3888 non

2123 3910 2322 3974 semel,
2364 3907 2494 3961 rudi
2532 3907 2699 3976 stylo,
2739 3911 2972 3965 confuse
3012 3918 3070 3966 et
3108 3913 3450 3968 inconcinne
3510 3931 3612 3986 per
3642 3921 3872 3990 capita

2123 4000 2558 4069 quatuordecim
2617 3997 2918 4068 digestam,
2971 4001 3132 4071 cujus
3199 4002 3328 4072 quis
3393 4011 3588 4058 auctor
3654 4006 3873 4065 fuerit

2123 4103 2187 4141 ex
2213 4089 2386 4142 nullis
2435 4090 2663 4144 indiciis
2706 4090 2896 4160 colligi
2943 4090 3152 4156 potuit.
3182 4091 3266 4144 Ab
3307 4092 3665 4148 Heuschenio
3728 4113 3870 4152 no-

2119 4179 2303 4230 tatum
2355 4177 2568 4243 inveni,
2629 4179 2999 4243 Nonnosium,
3070 4179 3514 4250 Mompergensis
3573 4187 3873 4242 ccenobii

2122 4265 2436 4333 custodem,
2471 4268 2862 4321 Germanicam
2898 4268 3147 4337 aliquam
3210 4270 3527 4339 Legendam
3588 4287 3874 4345 compo—

2121 4354 2319 4421 suisse,
2355 4371 2482 4424 quaz
2513 4357 2710 4409 eadem
2746 4355 2868 4425 ipsa
2898 4355 3018 4408 haec
3049 4355 3122 4410 sit
3176 4356 3370 4410 Latine
3398 4374 3577 4413 versa.
3613 4361 3874 4420 Verum

2119 4442 2164 4494 si
2197 4447 2346 4495 recte
2389 4444 2744 4498 Hofmannus
2777 4448 2834 4496 et
2885 4444 2985 4496 alii
3033 4451 3320 4513 censeant,
3357 4462 3472 4500 non
3503 4447 3682 4517 hujus
3737 4458 3878 4510 sed

2118 4530 2352 4584 alterius
2383 4531 2732 4586 Germanicae
2763 4532 3039 4602 Legenda:
3082 4533 3324 4602 scriptor
3378 4534 3486 4587 fuit
3511 4537 3883 4604 praedictus

2123 4621 2464 4686 Nonnosius,
2521 4621 2682 4692 cujus
2728 4621 3049 4692 fragmenta
3097 4621 3312 4692 aliqua,
3371 4623 3443 4677 ad
3501 4640 3590 4678 me
3625 4627 3876 4696 missa,

2117 4707 2326 4779 reliqui
2373 4710 2563 4780 operis
2639 4710 2793 4764 sitim
2858 4709 3022 4764 facile
3081 4711 3491 4766 exstinxerunt.
3552 4714 3882 4776 Ceterum

2118 4797 2439 4868 Legendam
2502 4800 2665 4853 istam
2728 4799 3173 4868 Bruxellensem,
3232 4816 3297 4853 ex
3348 4801 3883 4861 Germanicover—

2115 4903 2233 4939 sam
2263 4902 2404 4953 esse,
2441 4887 2600 4943 nullo
2626 4904 2858 4959 prorsus
2909 4892 3269 4958 argumento,
3315 4888 3431 4943 imo
3474 4905 3580 4943 nec
3601 4890 3886 4953 indicio

2115 4976 2298 5030 evinci
2328 4981 2510 5045 potest

2185 5068 2270 5119 57.
2308 5065 2384 5118 De
2407 5065 2530 5135 ejus
2567 5064 2752 5135 pretio
2803 5065 2882 5117 sic
2912 5067 3164 5119 statuas:
3195 5082 3320 5120 eam
3351 5082 3490 5135 esse,
3532 5072 3597 5121 ut
3629 5069 3892 5132 dicere

2111 5169 2418 5224 coeperam,
2450 5153 2804 5207 inconditam
2853 5152 3250 5208 collectionem
3310 5155 3652 5210 recentioris
3688 5165 3892 5218 seri-

2116 5243 2312 5311 ploris,

2112 5331 2350 5400 Speculo
2409 5329 2690 5384 historiali
2747 5331 3018 5400 appellat,
3080 5337 3378 5402 tamquam
3410 5339 3666 5389 veterem
3729 5343 3892 5397 ali-

2117 5435 2283 5486 quem
2336 5421 2632 5486 gestorum
2680 5417 2733 5470 S.
2791 5416 3017 5470 Henrici
3067 5421 3292 5483 testem,
3353 5435 3526 5488 quem
3554 5421 3892 5488 floruisse

2114 5510 2168 5557 et
2200 5504 2496 5576 scripsisse
2551 5503 2816 5558 novimus
2846 5505 3036 5559 medio
3069 5507 3279 5559 saeculo
3309 5523 3425 5571 xm,
3456 5512 3519 5560 ut
3569 5511 3892 5578 proinde

2109 5593 2376 5646 smculum
2401 5592 2835 5648 verosimillime
2880 5593 3064 5664 sapiat
3108 5610 3222 5665 quo
3278 5595 3428 5673 typis
3467 5612 3682 5654 excusa
3716 5618 3892 5682 est,1

2387 5247 2585 5312 utpote
2663 5242 2762 5312 qui
2817 5242 3179 5296 Vincentium
3240 5244 3706 5301 Bellovacensem
3806 5255 3892 5312 in
