3940 6336
147 308 164 354 i
177 308 188 355 l
1796 303 1970 357 ACTA
1979 343 1990 354 .
3574 311 3640 363 4‘2

143 442 350 496 nempe
404 442 494 478 xv.
535 424 882 493 Scriptorem
941 423 1152 496 oppido
1204 424 1501 478 verbosum
1536 440 1678 491 esse,
1744 426 1827 479 vel
1861 428 1903 479 Α
1947 424 2304 480 intercidisse
2354 426 2509 480 haud
2567 427 2730 481 facile
2782 429 2928 484 mihi
2971 431 3310 500 persuadeo.
3381 434 3543 496 Quod
3594 435 3638 486 si

138 514 268 565 inde
291 512 606 581 intelligas,
637 512 788 582 quod
831 513 889 564 in
949 511 1203 582 prologis
1231 512 1573 566 consuendis
1601 514 1838 582 paginas

135 602 572 671 quattuordecim
629 600 888 670 impleat,
936 600 1110 656 dubia
1158 609 1214 651 et
1243 600 1382 654 falsa
1444 602 1623 655 multa
1683 603 1837 656 veris

136 691 480 744 admiscens.
516 690 581 743 Et
613 689 671 742 in
704 689 827 758 ipso
854 688 1087 758 quidem
1121 688 1262 741 Vitae
1288 689 1572 760 principio
1603 688 1833 755 labitur,

136 780 273 831 dum
316 778 375 832 S.
411 777 715 830 Henricum
747 777 1155 830 concorditera
1178 776 1538 847 principibus
1593 777 1834 832 electum

137 867 344 919 asserit
403 882 553 918 anno
613 866 773 924 1003.
827 880 1095 935 regnasse
1148 869 1338 918 autem
1394 864 1560 918 annis
1630 866 1835 935 viginti

137 955 365 1008 duobus
396 959 451 1006 et
484 953 744 1023 quinque
793 952 1101 1018 mensibus,
1133 969 1264 1022 quae
1321 957 1377 1006 et
1407 957 1667 1006 sexcenta
1726 953 1834 1006 hu-

135 1043 416 1112 jusmodi,
451 1047 550 1094 aut
591 1041 731 1095 falsa
761 1045 858 1094 aut
887 1056 1187 1112 perperam
1213 1040 1511 1104 adornata,
1568 1039 1833 1094 citatione

139 1132 312 1196 digna
346 1147 465 1185 non
487 1131 700 1188 censui.
735 1129 944 1183 nedum
979 1129 1358 1183 restitutione.
1393 1129 1535 1182 Tuto
1568 1127 1832 1194 dixerim,

138 1223 196 1274 in
226 1225 349 1273 tota
371 1235 439 1272 ea
470 1217 760 1288 farragine
807 1222 864 1271 et
893 1217 1208 1288 subjunctis
1257 1217 1443 1272 Ofﬁcii
1496 1216 1835 1271 lectionibus

137 1308 279 1362 nihil
313 1307 581 1378 reperiri,
610 1306 761 1377 quod
785 1321 901 1360 non
933 1306 1106 1376 paulo
1138 1306 1342 1360 melius
1369 1306 1428 1359 in
1458 1306 1694 1376 vulgata
1735 1305 1832 1360 Le-

137 1397 321 1464 genda
351 1395 688 1466 explicetur,
714 1394 772 1447 in
805 1409 920 1464 qua
949 1394 1319 1448 eruderandae
1353 1397 1436 1448 tot
1467 1393 1834 1448 difficultates

137 1491 471 1548 incurrunt,
503 1489 568 1536 ut
631 1498 791 1536 novae
834 1482 1064 1536 aliunde
1115 1483 1467 1536 accersendm
1525 1499 1644 1536 non
1699 1481 1830 1536 sint.

141 1574 512 1629 Difficultates
558 1571 820 1637 intelligo
867 1571 924 1624 in
985 1587 1052 1621 eo
1105 1572 1392 1641 prmcipue
1437 1571 1829 1631 consistentes.

136 1662 315 1734 quod,
345 1676 476 1713 cum
511 1658 843 1728 hujusmodi
878 1659 1155 1724 Legendee
1186 1659 1377 1712 debita
1412 1660 1534 1712 luce.
1564 1658 1830 1712 historica

137 1752 391 1808 careant,
453 1748 512 1800 in
543 1763 611 1798 eo
671 1745 834 1798 nobis
887 1745 1132 1798 maxime
1185 1746 1563 1800 laborandum
1623 1746 1716 1804 sit.
1767 1750 1832 1799 ut

142 1837 372 1902 singula
420 1833 702 1888 distinctis
753 1833 869 1886 suis
915 1835 1273 1904 temporibus
1330 1835 1720 1898 innectuntur,
1777 1835 1833 1888 in

138 1924 374 1995 quibus,
410 1923 565 1994 quod
611 1923 735 1975 tieri
766 1923 993 1992 poterit,
1027 1923 1282 1976 ordinate
1312 1923 1744 1993 componendis,
1779 1928 1836 1976 et

138 2017 193 2074 in
224 2013 455 2083 reliqua
483 2011 611 2064 vitae
641 2010 786 2064 serie
835 2010 1129 2080 dirigenda
1161 2011 1348 2065 omnis
1368 2016 1605 2065 conatus
1642 2016 1835 2064 noster

144 2101 508 2174 potissimum
538 2099 858 2153 desudabit.

210 2193 300 2244 :38.
338 2191 416 2244 Eo
438 2204 543 2243 nos
569 2204 743 2242 onere
777 2187 1070 2241 liberasset
1098 2187 1397 2242 Adelboldi
1420 2187 1650 2257 egregia
1673 2187 1834 2241 lucu-

139 2281 346 2346 ltratio,
392 2277 504 2331 nisi
563 2277 871 2331 maximam
903 2277 1026 2346 ejus
1058 2281 1278 2346 partem
1330 2276 1496 2330 nobis
1541 2275 1836 2331 invidisset

141 2376 471 2439 temporum
543 2365 835 2436 iniquitas,
895 2381 1006 2436 qua
1055 2367 1203 2418 male.
1261 2364 1498 2434 periisse
1553 2364 1834 2418 censenda

141 2463 242 2522 est,
281 2472 416 2510 cum
471 2455 656 2508 solum
717 2454 1099 2523 fragmentum
1157 2453 1223 2506 ad
1276 2469 1378 2506 nos
1435 2453 1760 2523 pervenerit
1805 2468 1836 2504 a

145 2547 411 2598 Gretsero
457 2544 632 2596 etiam
677 2543 826 2596 inter
861 2541 1038 2596 dictos
1095 2541 1331 2594 Sanctus
1389 2541 1838 2610 Bambergenses

140 2635 465 2696 vulgatum,
518 2631 673 2702 quod
704 2630 856 2684 unde
910 2630 1214 2700 acceperit,
1270 2633 1466 2683 monet
1521 2646 1648 2701 pag.
1710 2631 1834 2696 428,

139 2723 234 2776 ubi
267 2723 338 2776 de
381 2725 609 2774 auctore
639 2720 758 2774 haec
789 2735 852 2773 ex
883 2717 1196 2774 Trithemio
1225 2718 1527 2788 descripsit
1557 2735 1570 2772 :
1609 2740 1631 2767 ι
1666 2719 1839 2773 Adel—

139 2809 348 2864 boldus
389 2808 694 2878 episcopus
721 2805 1116 2875 Trajecteusis,
1149 2821 1214 2859 ex
1273 2805 1552 2860 monacho
1611 2805 1838 2860 Ordinis

139 2898 251 2953 divi
285 2897 470 2967 patris
511 2894 798 2950 Benedicti
851 2901 980 2959 etc.,
1034 2894 1202 2948 virin
1260 2894 1471 2948 divinis
1530 2893 1837 2964 Scripturis

138 2987 432 3041 studiosus
462 2988 521 3037 et
574 2983 855 3048 eruditus,
889 2983 1147 3053 atquein
1205 2981 1578 3035 saecularibus
1636 2981 1840 3034 litteris

138 3074 373 3145 egregie
434 3072 658 3138 doctus,
704 3070 936 3141 ingenio
981 3069 1228 3134 subtilis,
1290 3069 1522 3139 eloquio
1594 3069 1838 3123 disertus

137 3167 255 3218 vita
280 3171 338 3216 et
367 3158 798 3214 conversatione
826 3158 1174 3229 praecipuus,
1223 3163 1281 3212 et
1322 3158 1395 3211 ob
1452 3174 1546 3212 eas
1597 3157 1837 3210 virtutes

139 3253 194 3305 in
226 3249 393 3305 curia
425 3248 483 3302 S.
518 3246 740 3302 Henrici
773 3245 1138 3317 Imperatoris
1177 3261 1388 3313 magno
1427 3245 1486 3298 in
1520 3245 1702 3316 pretio
1736 3244 1834 3298 ba-

137 3342 319 3404 bitus;
354 3337 578 3408 scripsit
609 3335 884 3390 nonnulla
912 3333 1064 3388 haud
1091 3333 1546 3388 comtemnendte
1576 3333 1838 3387 lectionis

137 3427 446 3500 opuscula,
479 3424 689 3495 quibus
717 3439 930 3477 nomen
991 3438 1154 3476 suum
1215 3421 1458 3493 posteris
1501 3421 1832 3476 notiticavit.

145 3519 181 3572 Ε
212 3516 432 3588 quibus
451 3517 631 3566 exstat
661 3512 784 3565 Vita
832 3517 888 3564 et
919 3515 1073 3580 gesta
1109 3511 1363 3580 ejusdem
1416 3509 1592 3563 sancti
1649 3510 1834 3579 Impe-

138 3607 349 3659 ratoris
371 3601 621 3669 Henrici,
656 3601 802 3654 liber
847 3616 1022 3655 unus.
1085 3600 1163 3653 De
1220 3597 1484 3652 laudibus
1535 3598 1590 3652 S.
1647 3597 1838 3650 Crucis

141 3695 238 3749 lib.
268 3710 307 3746 ι.
362 3692 441 3746 De
473 3689 735 3744 laudibus
783 3704 1011 3760 quoque
1063 3687 1120 3741 S.
1153 3687 1340 3742 Marire
1401 3686 1496 3740 lib.
1554 3703 1593 3740 ι.
1641 3687 1836 3739 Varios

139 3787 314 3836 etiam
344 3795 638 3833 sermones
671 3777 742 3831 de
772 3777 940 3831 laude
969 3777 1303 3830 Sanctorum
1350 3774 1548 3840 edidit,
1610 3780 1666 3828 et
1725 3775 1837 3828 alia

140 3881 252 3925 tam
287 3873 471 3923 metro
501 3883 672 3939 quam
696 3881 885 3936 prosa,
915 3880 1044 3936 quae
1079 3864 1148 3917 ad
1179 3863 1442 3917 notitiam
1476 3878 1664 3916 meam
1726 3879 1837 3916 non

139 3962 444 4014 venerunt.
476 3957 711 4011 Moritur
739 3955 843 4009 sub
869 3953 1130 4008 Conrado
1159 3953 1310 4023 Imp.
1379 3953 1448 4016 ll,
1510 3969 1660 4005 anno
1718 3952 1833 4005 Do-

143 4050 281 4103 mini
318 4045 549 4101 MXXV’II
599 4043 801 4098 lndict.
847 4059 904 4108 x,
937 4041 1296 4114 episcopatus
1354 4040 1441 4093 sui
1495 4055 1648 4094 anno
1704 4055 1835 4104 xxn,

140 4153 170 4188 τ
220 4135 510 4192 Kalendas
572 4131 918 4186 Decembris.
953 4150 979 4181 η
1041 4131 1166 4184 Haec
1223 4127 1592 4194 Trithemius,
1649 4128 1840 4198 inquit

140 4227 465 4286 Gretserus,
527 4221 740 4276 addens
810 4219 965 4291 quod
1019 4219 1136 4272 sive
1190 4218 1312 4272 haec
1369 4217 1491 4270 Vita
1537 4216 1612 4269 sit
1664 4232 1836 4288 quam

143 4312 495 4367 Adelboldus
543 4309 786 4380 scripsit,
844 4309 958 4362 sive
1011 4323 1154 4373 non,
1184 4304 1504 4376 optandum
1549 4305 1718 4376 plane
1774 4310 1839 4358 ut

145 4401 347 4454 mutila
373 4415 489 4452 non
522 4402 688 4464 esset,
729 4395 881 4468 quod
915 4399 970 4449 et
1003 4411 1107 4449 nos
1137 4394 1357 4464 pridem
1396 4391 1736 4462 optavimus,
1784 4394 1840 4443 et

142 4485 649 4542 vehementissime.
681 4490 877 4554 optare
902 4483 1216 4554 pergimus.

211 4580 301 4629 59.
335 4573 633 4631 Adelboldi
667 4573 1024 4643 episcopatus
1053 4570 1220 4625 initia
1260 4567 1470 4623 clarius
1525 4567 1694 4622 nobis
1738 4582 1837 4620 ex-

145 4680 406 4736 pressere
430 4662 678 4717 Annales
711 4661 1159 4714 Hildesemenses
1189 4658 1336 4729 apud
1371 4655 1716 4711 Leibnitium
1769 4655 1838 4708 de

145 4751 520 4824 scriptoribus
552 4749 1091 4813 Brunswicensibus,
1125 4753 1280 4801 torno
1315 4747 1358 4810 I,
1391 4761 1522 4816 pag.
1559 4749 1682 4806 722,
1743 4743 1837 4797 ubi

145 4843 212 4896 ad
240 4855 456 4895 annum
490 4839 582 4894 MX
611 4837 690 4890 sic
727 4837 937 4891 habent
973 4852 986 4890 :
1023 4857 1050 4884 «
1103 4833 1408 4889 Ansfeldus
1463 4831 1840 4901 Trajectensis

147 4929 398 4983 ecclesia:
427 4929 666 4982 antistes
721 4925 882 4991 obiit,
915 4925 1078 4992 cujus
1132 4925 1251 4976 loco
1305 4921 1657 4976 Adelboldus
1711 4936 1839 4974 suc-

145 5019 343 5084 cessit;
382 5040 403 5065 ι
432 5031 496 5070 ex
529 5031 647 5086 qun
668 5013 832 5067 initio
863 5014 1034 5083 plane
1081 5010 1424 5080 intelligitur
1468 5009 1620 5079 quod
1671 5009 1843 5063 tradit

145 5106 510 5172 Trithemius,
577 5118 710 5157 eum
781 5101 1137 5172 episcopatus
1197 5114 1346 5152 anno
1422 5113 1554 5150 xvm
1613 5113 1642 5148 e
1703 5095 1842 5150 vivis

148 5200 429 5265 ereptum,
456 5208 586 5246 cum
609 5189 782 5244 vitam
823 5188 1171 5259 protraxerit
1227 5187 1298 5241 ad
1332 5202 1364 5238 v
1424 5184 1546 5238 Kal.
1600 5185 1841 5238 Decem-

149 5284 262 5338 bris
319 5281 570 5335 MXXVII.
655 5280 832 5333 Porro
907 5293 978 5332 ex
1030 5275 1249 5332 laudati
1299 5271 1600 5329 Trithemii
1653 5272 1842 5326 verbis

147 5370 297 5426 haud
341 5370 581 5423 obscure
629 5365 822 5436 colligi
865 5364 1108 5427 videtur,
1170 5361 1449 5418 exstitisse
1519 5360 1642 5432 ejus
1689 5365 1842 5414 tem-

147 5476 304 5532 pore,
330 5459 504 5528 eique
532 5460 734 5510 notum
765 5453 941 5508 fuisse
970 5451 1267 5507 Adelboldi
1297 5465 1462 5523 opus,
1489 5449 1651 5520 cujus
1698 5465 1841 5520 apo-

149 5549 364 5622 grapha
389 5546 587 5602 omnia
614 5545 861 5599 duorum
892 5543 1170 5598 duntaxat
1205 5539 1548 5598 saeculorum
1599 5538 1838 5594 decursu

455 5654 731 5720 ΡΑτιιοι..
785 5649 958 5717 CXL.

1947 513 2238 580 acciderit,
2265 513 2656 584 irreparabilis
2716 522 2800 570 est
2861 517 3174 586 insignium
3233 522 3498 574 Actorum
3552 524 3639 590 ja-

1947 606 2126 669 ctura,
2160 618 2342 673 eaque
2373 603 2561 672 majus
2581 603 2750 657 nobis
2779 603 2867 658 sui
2906 606 3242 677 relinquunt
3267 607 3640 672 desiderium,

1945 689 2101 756 quod
2131 703 2199 742 ex
2225 690 2348 742 solo
2398 690 2722 759 fragmento
2750 693 2898 746 clare
2954 695 3356 765 perspicietur,
3406 713 3639 752 accura-

1950 775 2226 831 tissimam
2260 793 2381 831 esse
2419 785 2683 850 oportere
2713 780 2888 833 totius
2945 782 3082 836 Viue
3136 783 3496 837 Henricianm
3555 801 3639 837 se-

1948 863 2112 930 riem,
2177 864 2224 918 si
2283 863 2486 920 eodem
2535 867 2757 937 ordine,
2813 870 3086 922 methodo
3141 875 3198 924 et
3241 871 3537 940 diligentia
3570 874 3637 926 ad

1946 953 2160 1007 exitum
2192 970 2370 1025 usque
2415 955 2690 1024 perducta
2719 961 2825 1024 est,
2854 957 2926 1011 ab
2987 958 3212 1011 oculato
3266 975 3457 1013 rerum
3517 976 3638 1014 om-

1946 1041 2108 1095 nium
2138 1046 2430 1111 gestarum
2465 1049 2630 1105 teste,
2662 1059 2846 1114 eoque
2869 1044 3242 1113 integerrimo
3266 1047 3538 1114 antistite,
3570 1049 3639 1102 de.

1943 1129 2105 1196 cujus
2152 1129 2458 1199 regimine,
2511 1131 2767 1184 aediliciis
2841 1133 3160 1199 exstructis,
3232 1134 3536 1188 virtutibus
3583 1141 3641 1190 et

1945 1216 2168 1287 scriptis
2195 1218 2420 1272 videndi
2449 1220 2691 1272 Joannes
2721 1236 2753 1272 a
2793 1220 2963 1286 Beka,
2997 1237 3130 1291 pag.
3178 1224 3267 1287 37,
3297 1228 3353 1274 et
3406 1224 3636 1277 Wilhel-

1945 1321 2072 1359 mus
2101 1305 2355 1376 Heda,p.
2398 1309 2524 1373 l07;
2562 1307 2757 1376 potius
2806 1324 2978 1379 quam
3035 1310 3277 1377 Vossius,
3341 1312 3441 1382 qui
3488 1317 3634 1367 Ano-

1943 1393 2103 1464 nymi
2131 1410 2296 1465 opus,
2328 1412 2360 1447 a
2392 1395 2616 1448 Canisio
2647 1396 2887 1461 editum,
2919 1412 3050 1451 cum
3080 1398 3472 1453 Adelbodiano
3500 1415 3638 1469 per-

1943 1498 2141 1552 peram
2187 1482 2456 1536 confudit.
2494 1485 2742 1550 Frustra,
2792 1489 2853 1538 ut
2900 1487 3070 1539 semel
3125 1485 3330 1544 dicam.
3377 1505 3410 1541 a
3467 1489 3637 1558 Majo-

1945 1570 2102 1623 ribus
2123 1571 2356 1639 nostris,
2396 1573 2602 1624 frustra
2636 1589 2666 1624 a
2712 1573 2875 1626 nobis
2921 1573 3159 1644 quaesita
3225 1581 3311 1627 est
3366 1576 3638 1630 hactenus

1945 1657 2425 1712 desideratissima
2454 1660 2708 1726 historia,
2743 1677 2916 1732 quam
2949 1663 2994 1714 si
3025 1662 3154 1732 quis
3184 1663 3449 1717 alicunde
3486 1665 3636 1717 refo-

1945 1745 2078 1799 dere
2107 1748 2312 1815 valeat,
2345 1753 2402 1800 et
2429 1763 2530 1800 nos
2558 1752 2614 1801 et
2659 1749 3019 1820 liagiophilos
3052 1751 3350 1804 universos
3399 1752 3638 1806 immor-

1943 1833 2134 1886 taliter
2157 1833 2262 1887 sibi
2291 1834 2626 1901 obstringet.

2015 1923 2102 1976 60.
2137 1921 2298 1985 Quod
2325 1922 2525 1976 habuit
2559 1923 2943 1991 fragmentum
2968 1926 3284 1991 Gretserus,
3319 1928 3538 1996 primus
3577 1930 3636 1982 in

1941 2011 2127 2064 lucem
2174 2011 2472 2080 protraxit,
2532 2027 2597 2064 ex
2673 2029 2787 2082 quo
2840 2013 3029 2084 ipsum
3086 2014 3469 2084 Scriptoribus
3520 2017 3636 2069 suis

1945 2097 2468 2152 Brunswicensibus
2507 2101 2796 2154 accensuit
2819 2101 3150 2169 Leibnitius,
3179 2108 3340 2157 tomo
3375 2105 3416 2166 l,
3443 2121 3472 2156 a
3503 2121 3634 2174 pag.

1943 2187 2070 2253 430,
2102 2186 2160 2238 in
2202 2186 2630 2240 Introductione
2681 2189 3054 2246 submonens.
3113 2211 3139 2240 ιι
3173 2207 3298 2261 quae
3331 2192 3637 2246 Adelboldo

1945 2272 2174 2341 desunt,
2219 2273 2428 2327 bonam
2459 2281 2681 2344 partem
2715 2292 2784 2330 ex
2836 2275 3090 2330 Ditmaro
3138 2280 3391 2349 suppleri
3449 2295 3634 2348 posse,

1947 2367 2022 2428 et,
2082 2361 2176 2415 ubi
2211 2361 2260 2414 is
2321 2361 2468 2426 ﬁnit,
2529 2379 2594 2416 ex
2655 2364 2826 2416 variis
2883 2364 3190 2428 historicis,
3239 2367 3343 2421 etsi
3405 2368 3640 2420 minoris

1944 2449 2236 2521 ponderis,
2313 2450 2673 2520 spicilegium
2750 2452 3164 2508 instituendum
3246 2472 3387 2518 esse,
3459 2472 3639 2510 messe

1945 2538 2173 2593 amissa.
2210 2558 2236 2590 n
2273 2539 2441 2593 Recte
2473 2539 2529 2592 id
2573 2539 2805 2610 quidem
2841 2541 2908 2594 ab
2939 2542 3326 2596 eruditissimo
3350 2544 3473 2596 viro
3503 2560 3637 2612 sug-

1947 2627 2186 2697 geritur,
2217 2631 2274 2679 at
2326 2643 2441 2679 non
2490 2642 2653 2696 aeque
2684 2643 2930 2696 pronum
2964 2630 3048 2682 vel
3076 2645 3144 2682 ex
3206 2630 3458 2684 Ditmaro
3513 2631 3636 2702 ipso

1947 2719 2244 2768 centonem
2299 2715 2603 2782 adornare,
2651 2731 2822 2784 quem
2881 2716 2948 2769 ad
2983 2721 3203 2770 exactos
3251 2718 3638 2788 chronologim

1947 2802 2190 2856 calculos
2239 2816 2486 2866 revoces,
2515 2806 2576 2854 ut
2608 2808 2734 2871 pote
2766 2801 2824 2854 in
2883 2802 3092 2873 quibus
3146 2809 3202 2857 et
3247 2806 3636 2877 manuscripta

1949 2896 2005 2944 et
2030 2889 2182 2944 edita
2224 2889 2348 2960 ejus
2378 2889 2569 2960 operis
2630 2891 2978 2960 exemplaria
3043 2907 3459 2965 nonnunquam
3515 2911 3638 2950 ma-

1880 2978 2153 3035 Cnifeste
2197 2979 2484 3034 aberrant.
2554 2979 2623 3033 Ex
2687 2979 2859 3032 variis
2927 2985 3116 3034 autem
3173 2981 3299 3036 aliis
3353 2982 3639 3037 historicis

1947 3066 2305 3138 spicilegium
2356 3066 2655 3120 instituere
2709 3067 2893 3136 magis
2969 3069 3138 3122 etiam
3207 3069 3448 3125 arduum
3508 3072 3636 3137 erit,

1947 3172 2078 3210 cum
2099 3155 2154 3210 S.
2193 3155 2418 3210 Henrici
2449 3171 2537 3209 res
2565 3160 2748 3226 gestas
2772 3156 2859 3209 vix
2910 3155 3017 3228 ipsi
3059 3157 3329 3213 delibent.
3386 3164 3636 3214 contenti

1946 3243 2400 3311 generalioribus
2445 3243 2727 3307 terminis,
2781 3249 2840 3298 et
2887 3246 3112 3299 confusa
3168 3247 3510 3320 plerumque
3558 3266 3640 3302 re-

1947 3347 2073 3384 rum
2117 3337 2173 3384 et
2202 3335 2528 3402 temporum
2582 3332 2866 3402 congerie,
2928 3334 3082 3387 unde
3122 3351 3236 3388 non
3294 3335 3458 3389 facile
3512 3339 3640 3408 quis

1946 3419 2188 3473 feliciter
2211 3420 2526 3474 emerserit.
2567 3420 2861 3474 Consultat
2913 3420 3089 3474 lector
3139 3423 3393 3476 eruditus
3452 3426 3637 3493 proxi-

1946 3522 2172 3560 morum
2232 3507 2573 3561 saeculorum
2624 3507 2929 3577 scriptores
2988 3509 3252 3563 Ottonem
3313 3510 3632 3580 Frisingen-

1946 3611 2087 3660 sem,
2149 3595 2544 3649 Hermannum
2592 3600 2970 3661 contractum,
3037 3599 3400 3654 Lambertum
3449 3600 3636 3654 Schaf-

1944 3683 2389 3752 naburgensem,
2443 3683 2724 3738 Abbatem
2795 3685 3265 3755 Urspergensem,
3323 3688 3635 3744 Marianum

1946 3770 2175 3825 Scotum
2201 3777 2257 3826 et
2286 3771 2514 3843 quosvis
2546 3773 2710 3839 alios,
2744 3773 2911 3827 fallor
2941 3773 3000 3827 ni
3033 3773 3088 3827 id
3135 3775 3461 3845 experiatur
3486 3779 3638 3846 quod

1947 3860 2110 3914 nobis
2143 3861 2352 3927 evenit,
2380 3877 2589 3932 nempe
2621 3861 2915 3916 distractus
2957 3862 3084 3915 illas
3134 3863 3367 3917 lacinias
3418 3865 3637 3919 difficil-

1946 3950 2084 4002 lime
2139 3950 2206 4002 ad
2279 3955 2488 4004 rectam
2533 3950 2589 4004 S.
2652 3950 2879 4004 Henrici
2936 3951 3232 4004 historiam
3294 3953 3635 4023 exigendas;

1948 4037 2158 4106 quibus
2219 4038 2363 4092 nihil
2417 4037 2655 4091 subsidii
2711 4039 2949 4092 afferent.
2999 4037 3330 4093 Vincentius
3368 4046 3468 4094 aut
3504 4042 3636 4106 alii;

1948 4141 2134 4196 neque
2175 4126 2334 4179 Vitus
2397 4126 2492 4180 ille
2549 4126 2914 4196 Arnpekhius
2941 4127 3001 4180 in
3034 4127 3312 4182 Chronico
3354 4129 3637 4198 Bajoario-

1947 4227 2100 4277 rum,
2139 4227 2310 4283 quem
2368 4213 2680 4266 novissimo
2728 4215 3144 4268 Anecdotorum
3202 4232 3439 4269 suorum
3489 4218 3635 4271 The-

1948 4315 2116 4352 sauro
2173 4301 2415 4355 inseruit
2466 4301 2553 4354 vir
2598 4301 3016 4355 eruditissimus
3073 4303 3388 4357 Bernardus
3417 4305 3637 4364 Pezius.

1947 4391 2092 4443 tom.
2125 4389 2218 4454 Ill,
2252 4393 2397 4458 part.
2448 4391 2500 4453 3,
2542 4405 2574 4442 a
2605 4390 2844 4454 col.l;‘i7,
2893 4389 3031 4443 dum
3065 4390 3126 4443 in
3160 4390 3284 4460 ipso
3333 4391 3635 4462 principio.

1950 4492 2073 4547 cap.
2114 4479 2200 4534 l2,
2243 4475 2316 4528 ad
2345 4492 2435 4528 an.
2475 4476 2632 4541 1014,
2664 4480 2891 4528 revocat
2920 4492 3048 4547 quae
3086 4481 3207 4531 toto
3237 4477 3402 4532 citius
3441 4479 3641 4533 decen-

1953 4564 2046 4616 nio
2081 4563 2384 4633 contigisse
2416 4579 2644 4616 necesse.
2668 4568 2772 4630 est,
2805 4568 2869 4618 ut
2895 4569 3098 4620 caetera
3145 4571 3361 4622 taceam
3420 4569 3479 4622 in
3512 4569 3638 4640 qui-

1949 4652 2054 4706 bus
2075 4650 2370 4704 verbosius
2392 4650 2538 4704 ludit
2561 4668 2734 4722 quam
2769 4652 2976 4706 verius.

2023 4745 2108 4795 6t.
2171 4741 2542 4812 Quocumque
2570 4746 2626 4795 te
2682 4743 2940 4809 verteris,
2994 4744 3154 4816 paria
3205 4750 3264 4799 et
3313 4745 3642 4802 obscuriora

1952 4829 2231 4896 offendes,
2263 4845 2388 4900 quae
2417 4830 2716 4885 Adelboldi
2745 4831 3096 4887 desiderium
3135 4833 3318 4903 magis
3345 4835 3641 4908 magisque

1951 4919 2285 4972 accendunt.
2321 4920 2515 4989 Neque
2537 4935 2670 4973 vero
2711 4919 2962 4974 instituti
3008 4921 3190 4975 nostri
3231 4927 3315 4976 est
3362 4925 3639 4993 ejusmodi

1953 5007 2214 5062 historias
2275 5013 2597 5074 contexere,
2681 5009 2781 5079 qui
2828 5015 3224 5076 monumenta,
3285 5011 3364 5064 uti
3414 5012 3480 5065 ad
3539 5027 3641 5066 nos

1953 5100 2360 5167 pervenerunt,
2421 5100 2682 5150 excutere
2716 5096 2865 5150 soliti
2923 5113 3140 5163 sumus,
3197 5114 3377 5170 eaque
3419 5100 3642 5169 integra

1950 5184 2212 5251 reddere,
2235 5183 2424 5238 debita
2444 5183 2569 5237 luce
2597 5183 2897 5238 illustrata.
2933 5186 3092 5239 Hunc
3120 5185 3329 5255 legitur
3350 5185 3408 5238 in
3465 5187 3637 5242 finem

1954 5271 2092 5326 satis
2150 5271 2321 5326 nobis
2375 5271 2467 5326 hic
2498 5271 2608 5326 erit
2651 5288 2718 5325 ex
2774 5271 3006 5326 laudato
3038 5272 3307 5338 Ditmaro,
3365 5273 3641 5328 Chronico

1952 5359 2249 5426 Saxonico,
2322 5365 2378 5413 et
2435 5360 2869 5425 Hildesemensi,
2937 5360 3180 5429 aliisque
3248 5359 3642 5430 scriptoribus,

1951 5454 2282 5520 temporum
2347 5449 2549 5504 seriem
2599 5449 2671 5503 ad
2722 5447 3158 5518 chronologicos
3225 5448 3492 5518 calculos,
3542 5468 3645 5522 pro

1955 5552 2116 5592 more
2140 5541 2338 5594 nostro
2367 5537 2448 5592 ita
2477 5537 2770 5602 reducere,
2803 5541 2868 5591 ut.
2890 5535 3098 5608 quibus
3151 5535 3220 5591 ad
3280 5539 3644 5596 scribendum

3254 5652 3290 5710 :2
