3940 6366
134 352 178 400 iii

1773 356 1968 413 ACTA.

3553 366 3620 421 46

126 494 220 531 sac.
256 479 314 532 P.
353 482 422 532 A.
460 477 516 533 S.
544 479 771 533 Heurici
805 481 983 534 Vitam
1024 480 1261 548 edendi;
1295 481 1447 551 quod
1487 498 1588 536 cur
1618 483 1817 537 Romae
1847 490 1893 538 A
1923 482 2046 551 jam
2103 483 2237 537 satis
2288 484 2564 551 diximus;
2623 483 2969 556 adjiciuntur
3007 490 3062 539 et
3118 486 3245 540 alia;
3300 487 3615 550 facultates,

125 567 318 620 factum
353 584 474 620 non
506 568 699 635 fuerit,
729 570 983 623 divinare
1014 586 1128 623 nun
1162 570 1352 624 lubet:
1386 571 1647 641 pluribus
1676 588 1811 626 vero

123 671 369 722 quaerere
402 658 475 709 ad
506 672 629 710 rem
658 672 830 727 quam
858 674 985 727 prae
1014 653 1591 725 manibushabemus,
1621 675 1810 729 operte

124 742 359 808 pretium
394 760 513 797 non
546 761 689 811 esse,
720 745 880 798 facile
912 745 1095 815 quivis
1128 744 1416 815 intelligit.

181 832 263 883 66.
328 832 527 901 Neque
578 832 636 885 id
669 834 963 902 explorare
1010 833 1189 898 licuit,
1243 834 1538 888 miseritne
1577 835 1698 904 ipse
1749 835 1811 888 in

120 918 473 972 Germaniam
502 936 605 972 ms.
637 922 1080 990 autographum,
1117 937 1421 991 suppresso
1438 939 1539 975 suo
1554 923 1807 985 nomine,

119 1006 504 1061 excudendum
558 1024 631 1060 an
679 1008 909 1062 aliunde
938 1009 1187 1062 editores
1241 1010 1584 1080 acceperint,
1626 1012 1810 1064 nulla-

117 1110 235 1161 que,
267 1111 372 1148 seu
408 1112 538 1148 casu
570 1112 667 1149 seu
716 1096 927 1162 studio,
978 1097 1124 1150 facta
1156 1098 1447 1168 scriptoris
1493 1099 1804 1164 mentione,

116 1182 423 1236 dedicarint
454 1186 575 1253 ipse
604 1186 838 1238 nomine
856 1185 1083 1255 collegii
1104 1186 1392 1256 Dilingani
1416 1187 1804 1247 Illustrissimo

114 1286 165 1323 ac
207 1273 691 1326 reverendissimo
722 1274 1009 1327 Melchiori
1041 1274 1253 1341 Ottoni,
1288 1274 1603 1345 imperialis
1634 1278 1806 1329 eccle-

114 1360 200 1410 sim
232 1360 677 1429 Bambergensis
705 1362 970 1431 episcopo
999 1362 1052 1416 8.
1087 1362 1157 1416 Β.
1192 1364 1231 1416 I.
1267 1363 1534 1433 principi,
1560 1364 1651 1417 cui
1673 1380 1803 1418 vere

113 1446 329 1500 libellus
367 1448 718 1503 inscribitur.
786 1451 1101 1520 Utcumque
1148 1450 1204 1504 id
1255 1450 1541 1518 acciderit,
1601 1452 1801 1506 eodem

110 1538 197 1588 illo
243 1552 399 1589 anno
466 1538 619 1603 1648,
674 1538 976 1592 Mediolani
1011 1540 1195 1592 vivere
1226 1544 1427 1593 auctor
1485 1540 1657 1594 desiit
1711 1541 1801 1593 die

110 1641 263 1678 mm
295 1625 673 1695 Septembris.
700 1628 758 1680 Id
793 1629 990 1687 miror,
1024 1628 1172 1680 inter
1194 1633 1279 1682 tot
1309 1628 1418 1681 alia
1447 1629 1571 1697 ejus
1604 1645 1796 1697 opera,

109 1728 225 1781 quas
261 1715 351 1766 vel
385 1714 491 1767 sub
521 1714 725 1767 alienis
784 1715 1113 1769 nominibus
1152 1716 1439 1785 prodiere,
1470 1718 1578 1781 vel,
1631 1717 1700 1769 ab
1732 1732 1799 1770 eo

111 1803 274 1869 praete
305 1808 512 1871 parata
542 1802 831 1867 dicuntur,
860 1804 967 1856 hoc
1001 1804 1070 1857 de
1102 1804 1156 1857 8.
1193 1804 1441 1857 Henrico
1493 1805 1555 1857 in
1589 1804 1798 1858 Biblio-

110 1890 257 1942 theca
300 1895 502 1942 nostra
529 1885 1183 1960 praetermissum’resse:
1230 1908 1301 1944 an
1346 1892 1496 1962 quod
1529 1892 1583 1945 id
1632 1892 1797 1961 igno-

108 1978 349 2031 raverint
372 1980 708 2045 Allegambe
760 1985 816 2033 et
843 1980 1170 2033 Sothuellus
1200 1995 1273 2033 an
1325 1980 1481 2049 quod
1510 1982 1796 2051 oppellam

104 2067 235 2118 tanti
295 2082 419 2119 non
487 2067 750 2132 fecerint,
827 2068 950 2120 aliis
1018 2067 1456 2139 disquirendum
1508 2070 1793 2139 relinquo.

106 2154 377 2224 Equidem
410 2155 466 2207 iu
528 2159 649 2208 toto
700 2171 767 2208 eo
810 2157 1084 2225 opusculo
1116 2155 1259 2209 nihil
1294 2156 1481 2226 reperi
1540 2173 1795 2226 prorsus,

103 2242 243 2311 quod
276 2258 369 2295 me
404 2259 434 2295 a
484 2245 604 2313 jam
638 2244 915 2314 expensis,
966 2244 1221 2307 dicussis,
1254 2249 1309 2297 et
1335 2261 1448 2315 qua
1478 2245 1667 2315 potuit
1698 2262 1796 2299 ve-

104 2330 529 2384 risimilitudine
559 2330 810 2384 definitis
866 2332 1153 2385 tantillum
1183 2333 1447 2385 recedere
1485 2334 1798 2403 compelle-

103 2426 193 2473 ret.
231 2420 549 2474 Dissentire
582 2421 641 2475 iu
694 2420 979 2490 aliquibus
1032 2422 1184 2476 haud
1228 2422 1497 2489 difiiteor,
1559 2429 1644 2477 ast
1674 2424 1796 2493 ejus

100 2509 316 2562 assertis
350 2509 501 2563 nihil
531 2508 905 2563 tribuendum
937 2510 1152 2576 censui,
1208 2510 1315 2563 nisi
1348 2527 1648 2581 quousque
1692 2528 1795 2564 an-

102 2598 389 2667 tiquorum
438 2598 782 2669 scriptorum
814 2597 1151 2652 auctoritate
1177 2601 1459 2654 nituntur.
1510 2600 1651 2653 Cum
1680 2600 1790 2670 igi-

101 2690 181 2737 tur
209 2686 377 2739 exiis
436 2685 572 2739 solis
612 2689 805 2739 nostra
854 2684 1404 2757 deprompserimus,
1462 2702 1576 2740 non
1626 2686 1791 2741 video

99 2774 229 2843 quid
274 2775 403 2844 ejus
462 2773 675 2843 placita
733 2774 802 2827 ad
860 2772 1206 2827 dirimendas
1260 2774 1395 2828 hinc
1458 2778 1791 2829 controver—

99 2863 198 2915 sias
245 2878 603 2933 magnopere
652 2862 995 2917 conducant.
1048 2863 1127 2916 Ex
1173 2863 1433 2933 opusculi
1472 2863 1648 2917 totius
1702 2864 1789 2917 in-

100 2952 313 3015 stituto,
354 2950 496 3021 quid
548 2950 878 3005 Inchoferus
908 2951 1169 3020 voluerit,
1224 2968 1470 3022 pronum
1518 2951 1626 3006 erit
1658 2969 1786 3023 per-

100 3040 331 3107 spicere.

160 3131 247 3179 67.
274 3127 336 3180 Id
372 3142 493 3197 pra:
515 3126 695 3179 oculis
726 3126 991 3180 habuisse
1031 3127 1275 3193 videtur,
1309 3143 1426 3181 non
1464 3132 1526 3181 ut
1554 3127 1805 3182 historis

100 3231 220 3269 cum
254 3220 315 3268 et
352 3215 822 3285 chronologicum
874 3216 1000 3269 vitta
1032 3220 1085 3269 et
1116 3222 1410 3285 gestorum
1460 3223 1789 3271 contextum

100 3307 464 3375 proponeret,
499 3303 597 3356 sed
620 3319 836 3357 meram
858 3303 1201 3374 Legendam,
1235 3304 1553 3373 cujusmodi
1583 3306 1792 3358 multas

99 3392 399 3461 postremis
426 3393 582 3446 hisce
612 3392 833 3445 sa>culis
862 3392 1163 3446 adornatas
1193 3392 1472 3459 videmus,
1508 3410 1648 3463 quas
1675 3410 1789 3447 non

101 3482 415 3552 incongrue
445 3480 654 3535 dixeris
685 3480 755 3534 ad
788 3480 1145 3534 sanctitatem
1176 3481 1556 3534 Christianam
1612 3498 1789 3552 para:-

102 3587 278 3637 neses,
319 3569 533 3640 quibus
566 3585 775 3638 nempe
802 3569 1094 3639 virginum
1136 3570 1397 3639 exempla
1447 3570 1789 3639 virginibus,

100 3659 538 3728 conjugatorum
570 3656 892 3727 conjugatis
937 3657 1238 3710 viduarum
1267 3657 1472 3723 viduis,
1506 3662 1676 3728 atque
1716 3659 1793 3712 ita

100 3746 463 3815 singulorum
487 3744 756 3798 ordinum
778 3743 1108 3798 hominibus
1137 3745 1399 3814 apposita
1424 3745 1794 3799 incitamenta

101 3835 472 3899 exhibentur;
524 3833 601 3899 id,
643 3833 902 3903 inquam,
935 3850 1051 3903 pra:
1100 3833 1276 3887 oculis
1331 3834 1597 3887 habuisse
1638 3835 1790 3889 vide-

102 3928 205 3988 tur,
232 3927 302 3975 ut
332 3920 694 3991 principibus
726 3921 1027 3975 Catliolicis
1058 3921 1117 3974 in
1151 3926 1267 3975 tam
1311 3922 1518 3974 illustri
1563 3923 1792 3992 speculo

102 4011 443 4064 eximiarum
484 4010 761 4062 virtutum
795 4014 1063 4079 urgentes
1094 4009 1356 4062 stimulos
1382 4008 1657 4063 ﬂoridiori
1687 4026 1794 4080 pe-

100 4100 291 4153 nicillo
328 4098 687 4168 depingeret.
719 4097 775 4151 id
820 4097 972 4168 quod
1004 4097 1136 4151 satis
1167 4098 1376 4151 diserte
1405 4099 1461 4151 in
1522 4099 1642 4168 ipso
1694 4116 1794 4153 suo

98 4189 263 4242 titulo
298 4187 588 4256 exprimit,
613 4186 751 4239 dum
801 4187 856 4240 8.
891 4187 1219 4251 Henricum,
1279 4191 1342 4240 ut
1394 4206 1419 4238 α
1484 4188 1791 4257 religionis,

100 4276 443 4346 prudentiae,
526 4274 896 4341 fortitudinis,
974 4275 1343 4339 castimoniae,

100 4365 340 4435 aliisque
374 4362 618 4416 heroicis
672 4362 946 4432 exemplis
1001 4363 1362 4431 praeclarum,
1429 4364 1792 4417 admirationi

101 4459 150 4505 et
180 4451 498 4506 imitationi
532 4450 820 4521 proponit.
854 4472 875 4498 ιι
914 4451 1208 4504 Decaetero
1238 4454 1600 4521 Anonymum
1634 4450 1691 4505 in
1728 4468 1793 4505 eo

101 4542 268 4611 longe
297 4539 591 4610 superavit
624 4538 908 4605 Inchofer,
967 4538 1119 4609 quod
1151 4538 1337 4594 Sancti
1390 4544 1545 4609 gesta
1602 4539 1661 4593 in
1692 4540 1793 4593 ali-

100 4646 268 4699 quem
332 4629 535 4682 saltem
584 4626 842 4680 ordinem
925 4626 1243 4696 digesserit,
1310 4642 1438 4697 quas
1494 4626 1562 4679 ab
1619 4627 1794 4679 altero

100 4719 267 4787 plane
302 4716 541 4770 confusa
583 4719 735 4769 sunt.
795 4716 1076 4768 Praeterea
1136 4731 1266 4767 vero
1328 4715 1395 4768 ad
1456 4715 1794 4767 exactiorem

100 4806 293 4858 crisim
323 4802 679 4874 expenderit,
712 4818 841 4871 quin
892 4802 987 4855 ille
1024 4817 1441 4872 nonnunquam
1474 4802 1642 4854 nimis
1670 4817 1797 4853 cre—

102 4894 272 4947 dulus
306 4908 340 4946 a
368 4890 744 4963 popularibus
790 4889 1195 4943 traditionibus
1227 4905 1339 4941 non
1385 4888 1520 4941 satis
1552 4895 1681 4958 apte
1712 4889 1796 4941 di-

102 4982 330 5047 screvit,
363 4978 853 5052 quemadmodum
899 4995 931 5030 a
958 4978 1123 5031 nobis
1157 4977 1356 5030 nonin
1388 4992 1502 5029 uno
1532 4977 1656 5030 loco
1694 4977 1797 5029 ob-

103 5076 391 5124 servatum
448 5069 726 5122 invenies.
772 5067 847 5137 ‘ld
886 5068 956 5119 ab
1010 5065 1268 5119 Inchofer
1298 5065 1580 5131 desidero,
1624 5065 1795 5135 quod,

106 5158 231 5213 licet
289 5157 599 5228 scriptores
654 5155 961 5209 nonnullos
1020 5154 1181 5207 citari
1235 5154 1436 5207 solitus
1483 5153 1572 5218 sit,
1623 5154 1802 5206 multa

105 5252 293 5300 tamen
327 5252 544 5301 asserat
576 5260 727 5315 qum,
761 5259 833 5297 an
856 5242 990 5295 satis
1019 5248 1169 5295 certa
1223 5240 1335 5295 fide
1367 5240 1646 5304 nitantur,
1684 5256 1801 5293 non

106 5335 393 5389 immerito
424 5333 672 5388 dubites.
723 5331 797 5384 Ex
833 5329 1022 5400 operis
1051 5329 1226 5383 totius
1266 5329 1323 5381 in
1358 5328 1541 5398 capita
1576 5344 1677 5381 sua
1718 5328 1802 5380 di-

106 5424 339 5491 visione,
374 5421 702 5490 nostrisque
760 5418 829 5472 ad
862 5435 946 5485 ea,
1001 5417 1096 5471 ubi
1127 5433 1271 5487 opus
1330 5416 1455 5481 erit,
1483 5415 1805 5470 annotatio-

106 5512 289 5578 nibus,
325 5511 629 5565 clariorem
663 5507 785 5578 ejus
809 5505 995 5561 ideam
1024 5506 1149 5560 faxo
1180 5504 1483 5575 concipias.

172 5604 255 5655 68.
294 5602 371 5656 De
399 5600 591 5664 titulo,
617 5595 974 5652 dedicatione
1000 5599 1055 5647 et
1102 5593 1509 5665 approbatione
1555 5592 1807 5647 Romana

1840 1759 1879 1812 Β

1923 587 2129 642 nempe
2159 573 2326 626 Adm.
2363 575 2425 628 R.
2461 575 2521 628 Ρ.
2550 575 2612 628 N.
2652 575 2811 628 Mutii
2843 574 3147 629 Vitellescii
3180 576 3476 646 Prazpositi
3507 577 3613 631 Ge-

1920 661 2151 726 neralis,
2182 661 2313 715 data
2352 662 2549 716 Romae
2568 679 2642 717 xu
2674 662 3020 732 Septembris
3052 679 3125 716 an
3173 664 3327 731 1644,
3375 670 3497 718 tum
3547 665 3612 719 Β.

1920 749 1978 801 Ρ.
2008 748 2295 803 Laurentii
2343 751 2593 820 Keppler
2646 751 2952 820 superioris
3011 752 3329 806 Germanias
3380 753 3615 806 Provin-

1919 836 2095 901 cialis,
2147 837 2277 890 data
2323 838 2580 891 Mouachi
2613 855 2743 891 xvm
2780 838 3069 893 Februarii
3106 841 3259 894 1648.
3318 842 3396 894 En
3445 842 3616 895 modo

1917 925 2167 994 capitum
2201 925 2482 979 ordinem.
2533 926 2725 980 Primo
2761 927 2952 998 itaque
2987 928 3294 997 exponitur
3324 949 3349 976 α
3388 930 3437 983 8
3464 930 3612 984 Hen-

1916 1013 2021 1066 rici
2047 1014 2254 1082 patria,
2270 1018 2427 1068 ortus
2448 1018 2503 1068 et
2523 1014 2847 1070 educatio.»
2873 1017 3002 1069 Haec
3024 1016 3089 1069 ad
3106 1033 3207 1070 nos
3232 1033 3349 1070 non
3362 1022 3606 1087 spectat;

1917 1099 1986 1153 de
2018 1100 2143 1154 aliis
2166 1102 2381 1156 dictum
2424 1107 2509 1156 est
2547 1102 2701 1157 satis.
2751 1103 3050 1173 Siugulare
3113 1109 3272 1158 notat
3326 1106 3606 1170 Inchofer,

1914 1189 2070 1259 quod
2122 1194 2290 1243 natus
2348 1191 2421 1244 sit
2474 1192 2712 1245 Sanctus
2767 1209 2860 1245 an.
2917 1209 3155 1258 anxxu,
3201 1194 3292 1247 die
3350 1212 3397 1246 v1
3453 1194 3608 1259 Maii,

1918 1295 1944 1321 ‹‹
1975 1274 2119 1328 feria
2147 1277 2414 1330 secunda.
2451 1295 2477 1329 ι)
2506 1277 2649 1331 Satis
2680 1278 3032 1342 minutatim,
3090 1285 3146 1332 et
3190 1282 3325 1334 satis
3383 1286 3608 1338 exacte:

1912 1362 2127 1415 etenim
2162 1380 2311 1416 anno
2341 1367 2466 1431 972,
2498 1370 2760 1420 currente
2787 1366 2977 1420 littera
3008 1367 3346 1420 Dominicali
3365 1369 3421 1433 F,
3450 1374 3607 1422 sexta

1911 1447 2031 1501 dies
2063 1449 2192 1503 Maii
2223 1450 2423 1505 incidit
2451 1452 2511 1507 in
2555 1476 2576 1501 ι
2633 1454 2833 1508 feriam
2874 1455 3200 1509 secundam.
3235 1478 3262 1504 ››
3298 1457 3505 1509 Verum
3535 1459 3605 1510 de

1912 1538 2193 1606 scrupulis
2216 1539 2338 1592 istis
2362 1542 2521 1595 nobis
2543 1541 2888 1611 litigandum
2919 1559 3035 1596 non
3067 1547 3190 1597 est:
3238 1558 3303 1595 eo
3346 1544 3432 1595 vel
3488 1543 3601 1596 alio

1909 1625 2001 1679 die
2040 1631 2203 1680 natus
2220 1627 2414 1693 fuerit,
2446 1629 2515 1683 ad
2548 1629 2834 1683 intentum
2861 1636 3127 1684 nostrum
3158 1646 3362 1700 parum
3410 1630 3601 1696 refert,

1910 1714 2009 1783 qui
2052 1718 2352 1785 Auonymo
2385 1718 2723 1772 illustrando
2752 1719 3000 1772 maxime
3039 1718 3377 1777 insistimus,
3408 1717 3467 1771 in
3490 1733 3603 1787 quo

1910 1806 2080 1871 atque
2111 1803 2170 1856 in
2200 1805 2513 1859 Adelboldo
2544 1808 2806 1877 Legenda
2851 1807 3188 1861 Henriciaua
3233 1822 3348 1860 non
3390 1822 3424 1859 a
3472 1806 3601 1860 vitae

1909 1892 2004 1943 sed
2036 1906 2069 1943 a
2100 1892 2261 1960 regni
2310 1893 2639 1963 primordiis
2694 1894 2869 1948 sumit
2898 1894 3223 1960 exordium;
3287 1893 3441 1947 unde
3500 1908 3603 1946 nec

1909 1978 1975 2031 ad
2018 1994 2120 2031 nos
2142 1980 2432 2049 pertinent
2458 1983 2755 2051 sequentia
2776 1984 2980 2052 capita,
3012 1998 3257 2052 quorum
3282 1982 3476 2035 titulos
3510 1982 3601 2034 hic

1907 2082 2191 2136 exponere
2223 2068 2357 2121 satis
2386 2069 2577 2123 fuerit.
2641 2091 2667 2117 ‹‹
2724 2071 2858 2139 Cap.
2907 2087 2965 2124 ιι,
3018 2070 3313 2134 Henricus,
3348 2085 3381 2121 a
3436 2074 3600 2139 patre

1905 2155 2176 2224 regimini
2208 2157 2489 2223 admotus,
2524 2158 2668 2211 mira
2699 2159 3003 2227 prudentia
3024 2154 3089 2211 et
3117 2158 3326 2227 pietate
3358 2173 3477 2210 rem
3510 2158 3601 2211 ad-

1905 2243 2211 2299 ministrat.
2268 2247 2399 2316 Cap.
2435 2264 2511 2299 m.
2560 2247 2853 2311 Henricus,
2909 2263 2978 2300 ex
3005 2245 3156 2317 [voto
3187 2251 3491 2316 parentum
3540 2262 3599 2299 se

1904 2332 2170 2403 conjugio
2206 2334 2545 2403 astringens,
2607 2335 2992 2405 virginitatem
3024 2339 3228 2388 servat.
3282 2356 3302 2382 ι
3362 2336 3441 2388 De
3491 2333 3597 2387 hac

1905 2436 2007 2474 suo
2056 2422 2177 2474 loco
2236 2422 2482 2476 abunde.
2554 2444 2580 2469 α
2628 2423 2761 2493 Cap.
2803 2440 2875 2478 ιν.
2935 2424 3127 2477 Sancti
3185 2422 3512 2493 Wolfgangi
3544 2426 3601 2477 et

1902 2508 2110 2563 deinde
2141 2510 2364 2563 Henrici
2396 2511 2637 2564 senioris
2665 2511 2874 2575 obitus,
2895 2511 3259 2582 juniorisque
3291 2510 3590 2576 successio,

1903 2602 1960 2651 et
1989 2598 2144 2667 pacis
2166 2598 2441 2654 studium.
2474 2619 2501 2649 ι)

1974 2686 2059 2737 69.
2097 2685 2307 2754 Capitis
2338 2687 2523 2755 quinti
2552 2686 2936 2756 partesbinas
2984 2686 3138 2752 facit,
3167 2688 3400 2739 alteram
3440 2686 3595 2756 quod

1907 2773 2229 2826 «Henricus
2256 2774 2364 2828 aS.
2400 2774 2702 2828 Benedicto
2749 2776 3129 2844 reprehensus
3168 2776 3258 2837 sit,
3297 2793 3324 2824 ››
3379 2775 3447 2828 de
3482 2791 3595 2844 qua

1901 2876 1961 2914 re
1992 2863 2326 2930 Anonymns
2353 2877 2636 2932 nusquam
2684 2861 2975 2928 meminit;
3011 2877 3200 2933 neque
3256 2862 3347 2916 hic
3402 2869 3596 2917 noster

1902 2954 2191 3003 auctorem
2251 2950 2405 3013 citat,
2492 2950 2642 3004 unde
2724 2951 3025 3021 acceperit,
3089 2950 3253 3021 quasi
3317 2956 3455 3005 nota
3519 2952 3594 3005 sit

1824 3033 1864 3087 C
1903 3037 2141 3091 historia
2170 3038 2227 3091 in
2277 3038 2478 3091 Leonis
2527 3037 2800 3092 Ostiensis
2841 3037 3147 3107 Chronico,
3202 3037 3300 3092 lib.
3350 3054 3408 3102 ιι,
3464 3053 3590 3107 cap.

1900 3128 1987 3180 45.
2070 3127 2131 3179 In
2191 3127 2369 3179 altera
2450 3126 2709 3180 dissentit
2786 3126 3047 3179 Inchofer
3121 3126 3191 3179 ab
3272 3129 3593 3201 Anonymo,

1902 3213 2000 3284 qui
2031 3214 2253 3285 celebre
2284 3214 2462 3267 sancti
2490 3214 2815 3285 Wolfgangi
2846 3213 3178 3268 vaticinium
3214 3236 3239 3263 ‹‹
3301 3230 3431 3267 rosr
3498 3232 3592 3267 sax

1901 3302 1954 3355 S.
1994 3301 2233 3355 Henrico
2269 3324 2288 3348 ι
2318 3303 2437 3372 jam
2473 3303 2593 3371 regi
2624 3302 2952 3355 intimatum
2983 3301 3197 3367 scribit,
3244 3307 3415 3373 atque
3446 3302 3589 3355 adeo

1904 3390 2113 3443 diserte
2145 3391 2391 3460 applicat
2445 3390 2715 3443 Romanas
2768 3391 3178 3459 Imperatorem
3209 3389 3587 3452 coronationi,

1902 3485 1966 3532 ut
1991 3480 2230 3548 proinde
2263 3494 2382 3531 rem
2414 3478 2683 3531 accidisse
2718 3483 2979 3546 oporteat
3008 3494 3158 3530 anno
3197 3476 3422 3530 circiter
3455 3478 3587 3531 1007

1901 3568 1988 3620 vel
2024 3569 2179 3626 1003.
2214 3566 2296 3619 uti
2325 3566 2496 3619 etiam
2528 3581 2631 3618 suo
2664 3566 2783 3617 loco
2836 3564 3103 3630 diximus,
3156 3564 3310 3618 haud
3356 3564 3591 3617 obscure

1902 3655 2215 3709 iudicantes
2245 3669 2363 3707 non
2397 3653 2638 3707 multum
2688 3653 2910 3723 placere
2971 3653 3265 3706 oraculum
3304 3653 3592 3723 Anonymi

1904 3743 2071 3797 modo
2093 3742 2437 3811 expositum.
2456 3742 2657 3795 Censet
2672 3742 2867 3811 igitur,
2886 3741 3124 3811 etlouge
3139 3741 3368 3805 rectius,
3395 3742 3593 3794 Incho-

1902 3832 2005 3899 fer,
2042 3852 2069 3879 ‹‹
2095 3831 2150 3884 8.
2184 3830 2425 3884 Henrico
2460 3829 2519 3883 in
2574 3830 2791 3883 Italiam
2821 3830 2971 3883 ituro
2998 3845 3126 3882 cum
3160 3829 3385 3889 Ottoue,
3443 3846 3594 3883 anno

1905 3935 2091 3972 cuxcvx
2114 3934 2360 3988 regnum
2404 3917 2747 3971 mirabiliter
2801 3935 2831 3971 a
2876 3918 2929 3972 S.
2996 3917 3334 3987 Wolfgango
3386 3918 3590 3987 praedi-

1904 4012 2080 4061 ctum.
2120 4028 2141 4052 ι
2176 4004 2487 4058 Audiamus
2517 4006 2640 4073 ejus
2671 4004 2841 4058 verba
2879 4021 3014 4074 pag.
3041 4008 3108 4058 22
3151 4022 3164 4058 :
3198 4026 3223 4055 (ι
3258 4006 3365 4069 Qui
3396 4006 3473 4071 id,
3506 4006 3593 4058 in-

1907 4094 2052 4165 quit,
2083 4098 2212 4164 post
2240 4092 2514 4162 adeptum
2549 4108 2789 4162 regnum
2848 4093 2916 4146 ad
2951 4092 3259 4162 imperium
3316 4093 3593 4159 referunt,

1906 4199 2019 4236 non
2046 4181 2430 4247 considerant,
2473 4180 2614 4234 nihil
2655 4197 2799 4250 opus
2857 4180 3030 4234 fuisse
3063 4181 3410 4250 conjectare;
3461 4182 3597 4251 quid

1448 4276 1788 4339 clementiae,
1829 4312 1869 4365 Β
1909 4274 2061 4327 enim
2091 4276 2299 4342 praeter
2328 4287 2483 4342 spem
2526 4270 2742 4340 magni,
2782 4275 3052 4323 coronato
3077 4270 3197 4339 jam
3230 4269 3369 4339 Regi
3399 4274 3455 4323 et
3483 4270 3597 4323 Cas-

1908 4360 2041 4421 sari,
2074 4364 2188 4411 tam
2213 4358 2466 4412 involute
2496 4357 2829 4426 imperitum
2861 4356 3245 4427 protendere?
3288 4357 3413 4425 Ipse
3444 4356 3597 4409 diem

1903 4447 2242 4516 sumpsisset
2270 4446 2370 4516 qui
2396 4446 2766 4513 inauguraret
2797 4461 2810 4497 :
2838 4444 2933 4498 sed
2986 4444 3141 4497 enim
3174 4443 3330 4496 nulla
3356 4444 3597 4514 propin-

1905 4552 2019 4605 qua
2048 4551 2167 4604 spe,
2198 4550 2334 4604 rege
2363 4535 2566 4587 Ottone
2582 4533 2763 4586 adhuc
2795 4533 2929 4597 vita,
2964 4538 3128 4586 aetate
3154 4537 3209 4585 et
3234 4531 3461 4585 fortuna
3495 4532 3598 4585 ﬂo-

1905 4628 2087 4687 rente,
2122 4629 2179 4677 et
2215 4624 2314 4693 qui
2345 4621 2679 4692 propediem
2712 4622 2771 4675 in
2806 4621 2944 4676 urbe
2982 4624 3299 4692 Imperator
3328 4620 3602 4676 dicendus

1907 4716 2046 4775 erat,
2077 4726 2317 4779 regnum
2352 4709 2589 4763 Henrico
2615 4710 2950 4781 praedicere,
2981 4711 3091 4764 nisi
3154 4712 3276 4780 ejus
3308 4716 3469 4776 nutu,
3498 4709 3599 4780 qui

1910 4808 2164 4870 tempora
2212 4800 2270 4854 in
2319 4799 2582 4853 manibus
2611 4799 2900 4854 describit.
2941 4800 3313 4869 Wolfgangus
3344 4816 3459 4853 non
3501 4815 3602 4870 po-

1908 4890 2036 4943 tuit.
2077 4912 2096 4936 ι

1980 4981 2066 5032 70.
2099 4980 2232 5039 Qum
2284 4977 2466 5047 capite
2515 4993 2568 5030 vr
2601 4981 2880 5031 memorat
2939 4976 3007 5029 de
3058 4977 3375 5030 Electorum
3428 4976 3605 5030 deter-

1911 5066 2141 5119 minatis
2171 5065 2455 5135 suffragiis
2484 5082 2517 5118 a
2538 5065 2805 5136 Gregorio
2837 5066 2941 5119 PP.
2968 5065 3009 5114 Υ
3041 5070 3095 5117 et
3124 5067 3328 5119 Uttonc
3348 5065 3423 5117 III
3455 5068 3607 5117 certa

1910 5157 2034 5223 lege
2070 5153 2529 5223 circumscriptis,
2564 5154 2763 5207 saltem
2820 5153 2879 5206 in
2935 5153 2990 5207 S.
3045 5153 3269 5206 Henrici
3330 5152 3606 5205 electione

1914 5242 2203 5307 adhibitis,
2263 5242 2508 5294 fatemur
2562 5257 2663 5294 nos
2721 5257 2826 5310 pro
2873 5257 2941 5294 eo
3004 5244 3263 5309 tempore
3309 5238 3608 5292 admittere

1916 5347 2029 5384 non
2059 5346 2241 5400 posse,
2272 5334 2561 5382 utcontra
2594 5329 2977 5383 Hofmannum
3033 5328 3289 5397 aliosque
3345 5326 3482 5379 satis
3511 5342 3605 5380 ex-

1914 5419 2242 5490 plicuimus,
2271 5418 2636 5472 ostendentes
2656 5418 2927 5472 Sanctum
2965 5415 3333 5470 haareditario
3384 5423 3608 5469 succes-

1915 5505 2094 5559 sionis
2116 5504 2249 5573 jure
2285 5503 2515 5573 imperii
2571 5505 2799 5557 culmen
2830 5505 3222 5556 consecutum.
3260 5502 3335 5555 De
3371 5506 3613 5572 septem-

1915 5591 2169 5645 virorum
2203 5591 2516 5644 electorum
2538 5590 2758 5660 origine
2781 5593 3028 5644 mentem
3062 5603 3220 5642 suam
3245 5593 3613 5661 nostramque
