3940 6316
409 326 474 378 47
1702 321 1755 372 S.
1804 320 2086 373 IlENItICI
2130 319 2603 374 IMI‘EItATORIS
3839 319 3902 368 48

413 443 674 514 exposuit
703 443 1091 496 Hensclicnius
1137 441 1198 495 in
1229 439 1648 494 Commentario
1709 439 1780 492 ad
1820 439 1874 492 S.
1934 439 2102 492 Heri-
2136 441 2180 492 Α
2220 441 2457 510 ejusque
2519 441 2666 508 (cap.
2708 439 2797 508 25)
2861 437 3154 508 praedictio
3203 438 3272 492 de
3323 437 3482 492 obitu
3541 438 3596 492 S.
3659 439 3906 492 Ilenrici.

411 533 662 596 bertum,
693 546 784 585 xvi
817 531 1020 594 Martii,
1061 545 1222 583 num.
1257 533 1307 582 7.
1351 529 1546 598 Capita
1565 543 1640 580 vn
1666 533 1722 581 et
1759 543 1854 580 vni
1886 527 1956 579 ad
2005 543 2110 580 nos

414 617 586 670 etiam
614 633 728 670 non
761 622 1044 684 spectant;
1090 614 1320 686 quibus,
1353 620 1416 666 ut
1437 615 1642 666 iterum
1667 614 1942 678 dicamus,
2003 611 2106 665 soli

411 705 756 759 Adelholdus
798 709 850 756 et
877 707 1208 772 Anonymus
1237 701 1558 756 illustrandi
1589 709 1751 768 sunt;
1793 701 1862 754 ab
1888 700 1987 754 illo
2015 715 2106 752 au-

413 799 530 846 tem
564 798 822 846 accurate
851 792 1253 845 describuntur
1284 805 1663 860 quascumque
1695 789 1866 843 habet
1909 788 2107 842 Incho-

411 881 498 935 fer
544 897 708 950 capp.
767 883 819 944 9,
859 882 940 944 11,
1001 881 1064 931 12
1122 883 1180 930 et
1253 881 1336 944 13,
1385 882 1449 929 ut
1507 877 1574 928 iis
1634 876 1725 929 hic
1773 890 2110 928 enumeran-

413 969 499 1022 dis
523 968 1016 1038 supersedcamus.
1051 968 1142 1020 Est
1183 971 1238 1018 et
1269 981 1400 1036 pars
1432 981 1555 1035 cap.
1591 966 1653 1018 li
1686 980 1752 1018 ex
1795 964 2109 1017 Adelboldo

412 1057 733 1126 desumpta,
766 1057 856 1108 cui
887 1054 1148 1123 adjungit
1213 1075 1233 1100 ι
1299 1053 1664 1106 ecclesiarum
1713 1053 1772 1105 in
1809 1053 2110 1106 Germania

413 1145 899 1209 reformationem,
935 1163 962 1192 »
1007 1143 1144 1194 item
1183 1165 1203 1190 ι
1241 1142 1568 1194 Polonicum
1625 1145 1680 1192 et
1751 1140 2108 1194 Flandricum

413 1234 653 1298 bellum,
688 1255 708 1280 η
746 1247 874 1302 qum
927 1248 1032 1284 nos
1061 1229 1417 1299 temporibus
1457 1232 1574 1281 suis
1627 1245 1692 1282 ex
1745 1229 2000 1282 Ditmaro
2057 1234 2112 1280 et

415 1321 541 1374 aliis
583 1321 874 1373 innectere
904 1317 1094 1372 conati
1121 1333 1337 1370 sumus.
1390 1319 1526 1385 Cap.
1565 1320 1626 1370 lii
1662 1317 2008 1370 monasteria
2057 1321 2114 1368 et

413 1409 624 1476 templa
663 1406 898 1460 fundata
927 1408 1012 1457 vel
1046 1411 1268 1470 ornata,
1311 1420 1374 1457 ac
1404 1405 1882 1474 Bambergensem
1913 1404 2112 1457 civita-

411 1501 524 1548 tem
557 1497 614 1548 in
650 1495 1037 1564 episcopatum
1072 1497 1320 1546 erectam
1378 1494 1775 1562 prosequitur;
1825 1498 1881 1544 et
1908 1493 1977 1544 de
2007 1492 2112 1544 hac

414 1583 648 1652 quidem
681 1583 964 1634 erectione
992 1581 1128 1634 satis
1158 1581 1418 1650 apposite
1450 1580 1696 1650 disputat
1728 1597 1740 1634 :
1787 1596 1971 1650 neque
2011 1596 2110 1632 ne-

414 1671 666 1740 gaverim
703 1669 1154 1739 parthenonibus
1183 1669 1600 1736 Neoburgcnsi,
1625 1675 1680 1721 et
1709 1665 2110 1736 Nunburgensi

414 1760 564 1828 apud
589 1759 978 1826 Salisburgum
1033 1756 1212 1810 multa
1251 1756 1514 1810 aSancto
1567 1757 1787 1817 collata,
1844 1755 2106 1825 quamvis

413 1847 506 1900 hic
555 1862 583 1898 a
633 1851 954 1914 temporum
1032 1844 1176 1896 serie
1211 1843 1453 1913 scriptor
1509 1844 1791 1896 exorbitet
1849 1859 1862 1896 :
1909 1858 2104 1894 verum

415 1934 590 2004 quod,
618 1949 750 2002 pag.
785 1935 875 1996 65,
905 1932 1246 1984 anecdotum
1301 1931 1638 1985 miraculum
1701 1931 1878 1984 tradit
1925 1931 1996 1984 de
2049 1930 2102 1983 S.

414 2021 760 2076 Erendrudis
787 2021 979 2074 cinere
1008 2022 1224 2072 annulo
1250 2020 1513 2072 concluso
1537 2025 1592 2072 et
1617 2020 1762 2072 collo
1808 2035 2104 2089 suspenso,

413 2113 570 2162 utut
599 2107 922 2174 negandum
959 2122 1072 2159 non
1131 2121 1413 2173 censeam,
1475 2105 1671 2159 mirari
1735 2111 1887 2158 certe
1945 2105 2110 2158 liceat

413 2197 559 2250 nihil
585 2196 716 2248 huic
749 2195 830 2248 rei
861 2195 1032 2247 afﬁne
1061 2210 1357 2248 occurrere
1391 2194 1448 2246 in
1487 2193 1627 2263 ipsis
1658 2193 1878 2245 Sanctm
1933 2192 2108 2260 Actis,

413 2290 573 2336 tomo
603 2283 644 2334 V
666 2281 818 2336 Junii
849 2282 1166 2346 illustratis,
1198 2297 1230 2334 a
1266 2297 1394 2352 pag.
1432 2283 1562 2346 580;
1615 2288 1764 2333 certe
1797 2281 1967 2334 fidem
2040 2280 2107 2334 li-

413 2371 612 2426 berare
661 2369 854 2423 debuit
899 2371 1164 2424 Incbol‘er
1239 2371 1515 2440 praestita,
1573 2375 1800 2422 asserttr
1843 2369 1924 2421 rei
2013 2385 2106 2422 va-

414 2459 690 2513 dimonio.

485 2551 572 2603 81.
605 2549 725 2601 Non
795 2546 981 2616 magis
1041 2546 1108 2599 ad
1147 2550 1474 2616 temporum
1529 2544 1806 2598 rationem
1839 2544 2104 2610 attendit,

413 2637 550 2690 dum
613 2635 782 2706 capiti
843 2638 907 2690 16
955 2636 1110 2689 hunc
1137 2635 1368 2688 titulum
1405 2633 1692 2704 praeﬁxit:
1745 2655 1772 2682 «
1840 2633 2112 2686 Henricus

413 2724 814 2794 Cunigundem
845 2723 1102 2793 reginam
1130 2722 1399 2778 adulterii
1429 2722 1789 2790 insimulans,
1839 2723 2110 2775 innocen-

413 2813 509 2865 tim
543 2813 816 2865 miraculo
844 2811 1215 2881 corrigitur.»
1236 2812 1346 2864 Res
1375 2811 1497 2880 ipsa
1520 2811 1590 2863 ab
1609 2809 1972 2864 inimicorum
2005 2810 2112 2862 ob-

415 2900 628 2969 loquiis
647 2899 781 2952 satis
796 2899 1077 2952 vindicata
1103 2905 1214 2964 est;
1238 2904 1294 2950 at
1321 2915 1433 2969 quo
1461 2898 1824 2967 potissimum
1855 2903 2110 2967 tempore

2217 528 2444 598 aliaque
2469 527 2540 580 ad
2561 527 2716 597 ipsos
2737 526 3074 596 spectantia,
3107 525 3306 597 qumin
3335 526 3392 580 S.
3422 527 3738 580 Meinwerci
3761 529 3908 580 Actis

2215 615 2394 668 fusius
2451 619 2995 674 commemorantur.
3053 629 3170 668 non
3203 614 3339 666 item
3402 613 3732 666 vaticinium
3767 614 3909 680 ipse.

2215 703 2368 773 quod
2401 704 2599 756 retulit
2639 703 2926 772 Rupertus
2992 703 3297 756 Tuitiensis
3332 702 3390 755 in
3447 702 3728 755 Ilcriberti
3769 701 3911 762 Vita.

2216 808 2338 860 cap.
2377 794 2428 856 8,
2462 807 2620 844 num.
2653 793 2740 857 31,
2776 791 2841 844 ad
2865 807 2955 844 xiv
2995 790 3195 858 Martii,
3230 806 3362 860 pag.
3403 791 3530 856 488,
3563 791 3649 843 his
3679 789 3868 842 verbis
3899 805 3910 842 :

2220 899 2245 930 (ε
2283 881 2511 933 Noveris
2543 879 2694 932 enim
2727 878 2886 948 quia,
2919 885 3050 948 post
3081 879 3300 932 obitum
3337 893 3552 942 meum,
3595 879 3769 931 trium
3805 893 3910 929 non

2215 973 2451 1038 peraget
2481 983 2758 1020 annorum
2799 967 3148 1020 curriculum
3181 983 3194 1020 :
3235 988 3254 1012 ι
3292 971 3460 1036 atque
3492 967 3632 1018 vixit
3659 967 3716 1020 S.
3771 967 3913 1020 Hen-

2218 1055 2366 1108 ricus
2400 1071 2576 1125 usque
2608 1055 2674 1108 ad
2707 1070 2800 1108 xm
2831 1054 2966 1108 Julii
2993 1054 3130 1108 anni
3179 1055 3334 1121 1024,
3369 1054 3511 1108 obiit
3554 1055 3607 1108 S.
3643 1045 3914 1108 IIeriber-

2217 1149 2308 1196 tus
2337 1159 2425 1196 xvi
2449 1143 2630 1196 Martii
2659 1145 2789 1196 1021
2833 1158 2846 1196 :
2873 1143 3083 1196 nodum
3113 1142 3254 1195 vidit
3287 1141 3582 1208 Incbofer;
3631 1157 3808 1212 quem
3859 1147 3914 1194 ut

2217 1233 2414 1296 solvat,
2455 1231 2682 1300 cogitur
2731 1230 2788 1284 S.
2847 1229 3129 1284 Heriberti
3161 1229 3402 1296 obitum,
3439 1237 3638 1282 contra
3679 1230 3914 1282 histori-

2219 1335 2342 1372 cam
2367 1320 2658 1372 veritatem
2683 1319 2952 1372 reducere
2985 1319 3052 1372 ad
3088 1333 3306 1372 annum
3343 1319 3506 1380 1022;
3541 1317 3598 1371 in
3641 1334 3757 1388 qua
3789 1334 3914 1372 eum

2219 1407 2390 1478 plane
2417 1407 2536 1460 falli
2565 1406 2896 1460 credimus:
2945 1412 3136 1461 utrum
3189 1421 3324 1459 vero
3385 1406 3716 1458 vaticinium
3771 1415 3914 1458 recte

2219 1495 2346 1548 istic
2372 1509 2700 1562 expressum
2730 1494 2822 1558 sit,
2853 1509 2968 1547 non
2997 1500 3084 1547 est
3107 1498 3367 1546 nostrum
3399 1492 3701 1558 dirimere;
3763 1495 3914 1546 abest

2221 1589 2371 1635 certe
2425 1583 2494 1634 ab
2559 1583 2713 1636 Actis
2780 1598 2910 1651 quas.
2979 1582 3070 1634 hic
3127 1582 3499 1634 illustramus.
3567 1584 3746 1650 Capp.
3835 1585 3913 1634 ‘2ti.

2223 1673 2317 1735 27,
2360 1673 2427 1724 28
2466 1675 2522 1722 et
2560 1673 2646 1733 29,
2699 1672 2916 1722 multus
2967 1675 3052 1723 est
3127 1671 3186 1722 in
3247 1671 3770 1723 commemorandis
3827 1673 3914 1721 ad~

2219 1759 2436 1828 junctis
2479 1758 2664 1812 ultimi
2713 1757 2848 1812 belli
2911 1758 3110 1824 Italici,
3163 1773 3292 1828 quae
3355 1773 3466 1811 non
3511 1758 3694 1826 magis
3721 1757 3793 1811 ad
3825 1775 3914 1811 nn:

2215 1847 2523 1918 pertinent,
2583 1851 2680 1900 aut.
2755 1853 2907 1898 certe
2955 1846 3014 1898 in
3065 1847 3211 1898 serie
3271 1853 3465 1898 nostra
3510 1847 3914 1915 Chl‘ODOlOglCt

2219 1935 2444 1988 abunde
2474 1935 2651 1988 relata
2677 1939 2840 1996 sunt;
2885 1935 2970 1987 uti
3021 1939 3078 1986 et
3133 1949 3466 2002 congressus
3505 1949 3634 1987 cum
3669 1934 3914 1988 Roberti

2219 2039 2352 2092 rege
2401 2023 2675 2091 Franciaa,
2741 2037 2911 2092 quem
2966 2021 3234 2075 describit
3281 2038 3406 2091 cap.
3469 2023 3554 2076 30.
3606 2022 3683 2075 De
3742 2025 3914 2090 gestis

2217 2128 2350 2166 vero
2381 2111 2532 2181 (cap.
2587 2114 2674 2176 3t)
2707 2110 2855 2164 inter
2886 2110 2978 2164 SS.
3041 2109 3348 2164 I‘Ienricum
3401 2115 3458 2162 et
3495 2110 3913 2164 Meinwercum.

2217 2200 2458 2254 videnda
2481 2200 2538 2252 in
2570 2199 2740 2266 liujus
2761 2197 2914 2252 Actis
2948 2199 3234 2268 assignate
3261 2198 3400 2251 alibi
3421 2199 3626 2268 capita.

2289 2290 2376 2340 73.
2411 2286 2788 2356 Subjungitur
2848 2285 3138 2356 piissimus
3168 2286 3346 2340 sancti
3381 2285 3756 2356 Imperatoris
3787 2287 3914 2340 obi-

2219 2381 2333 2442 tus,
2365 2391 2488 2444 cap.
2525 2379 2590 2428 32
2617 2395 2632 2440 ;
2661 2379 2718 2426 at
2749 2374 2891 2426 mire
2920 2390 3006 2426 res
3065 2380 3122 2428 et
3152 2375 3324 2427 verba
3362 2381 3594 2445 torquet
3623 2375 3914 2430 luchofer.

2219 2463 2370 2516 utin
2425 2462 2765 2516 deﬁniendis
2803 2462 3038 2516 diversis
3067 2463 3198 2536 vitae.
3247 2463 3604 2517 Henricianae.
3657 2465 3914 2534 periodi:

2220 2549 2464 2603 calculos
2495 2549 2775 2602 subducat
2805 2549 3074 2602 aberrans
3112 2548 3170 2602 in
3199 2549 3509 2620 plerisque.
3551 2550 3764 2602 Demus
3799 2553 3914 2619 eju:

2219 2639 2390 2692 verba
2425 2653 2437 2691 :
2475 2656 2502 2688 α
2541 2637 2688 2690 Vixit
2739 2643 2871 2690 ante
2907 2652 3148 2706 regnum
3204 2637 3371 2690 annis
3401 2637 3669 2707 triginta;
3735 2655 3913 2702 regni

2222 2725 2522 2780 duodecim
2556 2731 2611 2778 et
2641 2741 2863 2779 menses
2913 2725 3203 2795 quinque;
3251 2725 3497 2794 imperio
3531 2727 3751 2792 decem,
3783 2727 3913 2780 toti

2220 2813 2467 2883 demque
2499 2813 2619 2866 dies
2656 2829 2826 2882 super
2857 2827 3082 2866 menses
3116 2817 3388 2882 quatuor;
3425 2812 3540 2866 Deo
3595 2817 3651 2865 et
3675 2812 3792 2866 sibi
3831 2831 3910 2866 an

2221 2917 2344 2967 nos,
2378 2901 2424 2954 si
2455 2906 2568 2954 tres
2597 2917 2725 2954 cum
2773 2901 2972 2954 diebus
3011 2899 3212 2970 viginti
3269 2915 3499 2954 menses
3545 2901 3762 2964 demas,
3811 2907 3908 2954 tre

414 2987 742 3056 contigerit,
774 2987 954 3040 fateor
983 3002 1072 3039 me
1103 2987 1344 3039 necdum
1377 2991 1532 3038 certo
1587 2985 1978 3054 depreliendre
2009 3001 2108 3054 po-
2142 2987 2182 3040 C
2220 3006 2390 3059 supra
2420 2989 2866 3060 quinquaginta:
2924 2993 3182 3042 mortuus
3217 3005 3366 3042 anno
3389 2989 3678 3042 undecimi
3719 2993 3912 3044 saecul

415 3075 618 3131 tuisse.
659 3076 723 3128 In
771 3075 1028 3144 ejusdem
1058 3075 1171 3128 fide
1223 3075 1489 3144 relinquo
1535 3073 1814 3143 quidquid
1863 3088 1986 3142 cap.
2040 3076 2102 3126 27

417 3164 486 3217 de
514 3163 804 3218 Gunthero
841 3163 1078 3233 ejusque
1125 3179 1254 3216 cum
1286 3163 1341 3216 S.
1377 3163 1615 3216 Henrico
1655 3163 1832 3232 gestis
1853 3162 2100 3228 collegit.

413 3251 586 3305 Multa
637 3257 1055 3304 connectuntur
1127 3267 1250 3321 cap.
1305 3253 1396 3316 28,
1455 3267 1582 3319 quia
1642 3267 1676 3302 a
1723 3250 1884 3303 nobis
1931 3251 2102 3318 paulo

413 3341 732 3394 ordinatius
786 3340 1047 3394 distincta
1085 3347 1236 3392 sunt.
1273 3340 1452 3392 Minus
1499 3339 1668 3392 etiam
1717 3340 1902 3407 placet
1933 3344 2104 3409 caput

415 3433 499 3496 19,
533 3428 628 3482 ubi
667 3427 1026 3482 Benedictum
1063 3428 1179 3481 V’Ill
1215 3427 1274 3480 in
1324 3427 1684 3480 Germaniam
1745 3426 1992 3492 deducit,
2044 3431 2105 3478 ut.

413 3516 716 3569 Henricum
747 3517 1016 3568 adversus
1047 3515 1345 3566 seditiosos
1376 3514 1596 3578 invitet,
1632 3518 1688 3566 et
1717 3514 1906 3566 nescio
1947 3515 2098 3584 quod

411 3609 670 3656 exortum
699 3603 944 3656 scbisma
979 3607 1308 3672 componat,
1357 3602 1427 3654 de
1462 3602 1671 3672 quibus
1700 3602 1836 3672 quid
1900 3602 2100 3654 sentia-

413 3707 539 3746 mus
579 3691 818 3758 halict§
874 3693 960 3758 12,
1009 3706 1170 3744 ηιιιη.
1231 3693 1348 3743 128.
1414 3689 1610 3759 Capite
1643 3692 1710 3742 20
1769 3690 1961 3760 agitur
2028 3691 2100 3744 de

411 3781 674 3851 prensato
707 3780 1053 3832 monacliatu
1089 3778 1340 3832 Cluniaci
1372 3783 1427 3832 et
1455 3778 1714 3844 Virduni,
1771 3795 1896 3848 quae.
1928 3783 1990 3830 ut
2029 3779 2099 3832 ab

411 3868 636 3923 Henrici
659 3868 956 3922 sanctitate
985 3867 1171 3920 aliena
1199 3883 1312 3920 non
1344 3867 1477 3932 sint,
1513 3868 1676 3920 nobis
1707 3865 2001 3920 sufficiunt.
2031 3883 2096 3920 ea

408 3973 538 4028 quae
578 3957 647 4010 ab
673 3957 934 4010 Alberico
967 3961 1196 4009 narrata
1229 3955 1548 4008 retulimus.
1600 3955 1734 4024 Cap.
1797 3957 1886 4020 21,
1939 3953 2100 4024 {inter

406 4046 521 4099 alia
548 4049 797 4098 mentem
850 4059 1010 4096 suam
1039 4042 1221 4113 aperit
1266 4041 1525 4096 Inchofer
1551 4041 1698 4095 circa
1737 4060 1763 4092 α
1803 4041 2094 4112 prodigio-

407 4149 524 4187 sam
557 4133 848 4186 victoriam
879 4131 933 4184 S.
969 4131 1194 4186 Heurici
1226 4129 1496 4200 auspiciis
1545 4147 1576 4184 a
1619 4130 1961 4201 quibusdam
2013 4135 2094 4183 at.-

407 4223 698 4290 tributam,
721 4241 746 4270 »
795 4223 946 4274 unde
977 4237 1090 4273 non
1123 4235 1326 4290 parum
1381 4218 1653 4272 elucidari
1685 4223 1922 4290 possunt
1966 4235 2093 4289 qui?

407 4328 508 4364 nos
561 4327 664 4364 suo
714 4311 836 4362 loco
869 4309 1314 4378 conjectavimus
1344 4308 1640 4362 occasione
1670 4308 1904 4362 famosa:
1935 4307 2098 4360 istius

405 4415 614 4469 pugna?
664 4399 736 4452 ab
792 4403 1092 4468 Anonymo
1127 4403 1590 4450 commemoratae
1648 4413 1772 4466 cap.
1833 4396 2092 4465 4quam,

405 4487 656 4541 studiose
715 4503 746 4538 a
783 4485 1039 4540 Ditmaro
1069 4485 1443 4553 praeteritam,
1477 4485 1721 4538 necdum
1755 4482 1924 4537 nobis
1972 4499 2096 4536 sua-

405 4575 522 4628 deri
553 4575 824 4644 patimur.
859 4575 934 4627 Ex
960 4591 1082 4644 cap.
1126 4575 1195 4628 22
1233 4573 1487 4627 notanda
1530 4573 1818 4643 praecipue
1865 4573 2095 4640 Poppo-

403 4664 492 4716 nis
524 4663 741 4717 abbatis
771 4662 1120 4716 Stabulensis
1173 4661 1440 4728 monitio,
1473 4677 1586 4731 qua
1634 4659 1686 4712 Ξ.
1725 4659 2028 4712 Ilenricum
2061 4675 2090 4712 a

405 4752 722 4823 spectandis
755 4751 1106 4805 histrionicis
1139 4755 1195 4804 et
1245 4751 1576 4820 gladiatoris
1603 4748 1750 4802 ludis
1805 4750 2090 4814 averterit,

403 4842 540 4894 dum
573 4841 644 4893 iis
671 4839 946 4908 Neomagi
969 4839 1246 4893 curiosius
1278 4837 1597 4909 spectandis
1652 4835 1989 4890 attenderet.
2027 4836 2094 4890 Et

403 4931 510 4982 hoc
530 4935 587 4982 et
611 4928 668 4981 id
701 4943 879 4998 genus
909 4929 1054 4982 facta
1085 4928 1196 4982 alia
1225 4927 1566 4997 scriptorum
1590 4923 1923 4978 auctoritate
1963 4940 2088 4977 cor-

400 5018 604 5072 robora
613 5018 656 5070 ri
691 5016 1077 5070 merebantur.

472 5111 557 5160 72.
601 5105 889 5176 Sequitur,
918 5121 1039 5174 cap.
1074 5120 1226 5170 xxiii,
1259 5103 1532 5156 adventus
1563 5099 1850 5154 Benedicti
1881 5099 1998 5153 VIII
2031 5100 2086 5152 in

373 5194 784 5260 -Germaniam,
818 5192 918 5261 qui
957 5199 1116 5246 tanto
1173 5189 1376 5260 majori
1437 5190 1776 5260 scriptorum
1831 5191 2086 5242 veterum

398 5285 512 5338 tlde
537 5283 759 5347 nititur,
791 5285 1005 5352 quanto
1047 5279 1310 5335 debiliori
1375 5276 1636 5331 subsistit
1677 5275 1894 5330 incerta
1945 5276 2092 5346 ejus-

399 5374 528 5426 dem
559 5371 726 5442 Papas
753 5371 911 5442 prior
939 5371 996 5424 in
1029 5369 1337 5440 imperium
1365 5366 1776 5438 peregrinatio,
1807 5365 1990 5419 dicam
2016 5381 2088 5418 an

401 5461 538 5529 fuga
561 5461 796 5530 supplex
829 5459 898 5514 ad
947 5458 1001 5514 S.
1056 5455 1280 5512 IIenrici
1327 5454 1625 5510 auxilium.
1685 5454 1821 5524 Cap.
1875 5455 1946 5509 24
1995 5469 2087 5507 ex-

398 5550 643 5626 plicatur
695 5547 1083 5606 reconciliatio
1113 5561 1243 5602 cum
1292 5544 1348 5600 S.
1401 5543 1698 5602 IIeriberto
1742 5542 2088 5612 Coloniensi,

2215 3077 2488 3147 vigesimo
2533 3083 2758 3148 quarto,
2799 3076 2942 3130 feria
2973 3078 3240 3130 secunda.
3279 3093 3308 3130 ιι
3340 3077 3532 3131 Primo
3587 3083 3648 3132 et
3703 3079 3914 3132 ultimi

2213 3167 2428 3220 calculo
2487 3165 2688 3219 lubens
2742 3165 3026 3219 assentior
3071 3181 3083 3219 :
3135 3171 3324 3219 cetera
3375 3181 3502 3218 vere
3533 3171 3588 3218 et
3632 3165 3790 3220 clare
3829 3185 3904 3222 ex

2213 3255 2524 3325 pressisset,
2557 3253 2820 3313 dicendo,
2845 3273 2872 3302 α
2899 3254 3102 3306 vixisse
3131 3271 3158 3303 η
3182 3259 3442 3308 sanctum
3468 3275 3496 3302 ‹‹
3527 3269 3706 3324 regno
3745 3273 3774 3306 is
3815 3275 3854 3310 ει
3879 3274 3912 3308 v

2208 3341 2364 3396 Junii
2388 3343 2522 3394 1002
2554 3358 2732 3412 usque
2762 3341 2831 3394 ad
2863 3357 2952 3394 xw
2987 3341 3276 3394 Februarii
3318 3342 3474 3404 1014,
3505 3342 3906 3411 quointerVaI

2209 3431 2265 3484 lo
2297 3430 2512 3484 fluxere
2541 3431 2678 3482 anni
2708 3445 2818 3483 non
2845 3430 2976 3498 plus
3005 3428 3294 3498 undecim,
3329 3444 3551 3482 menses
3589 3433 3715 3482 octo
3749 3437 3812 3484 et
3839 3437 3908 3484 to

2209 3517 2382 3570 tidem
2407 3517 2542 3570 dies.
2581 3537 2606 3566 ‹‹
2635 3516 2880 3587 Imperio
2915 3537 2940 3564 ιι
2965 3532 3064 3569 seu
3096 3515 3462 3587 Imperatoris
3481 3517 3648 3570 titulo
3679 3518 3908 3588 gavisu

2207 3611 2350 3658 esta
2389 3621 2480 3658 xiv
2513 3604 2806 3658 Februarii
2869 3605 3002 3658 1014
3046 3619 3228 3674 usque
3287 3605 3353 3658 ad
3413 3620 3510 3657 xui
3561 3604 3898 3662 Julii102’+

2207 3695 2362 3746 unde
2391 3696 2708 3762 exsurgunt
2723 3692 2858 3745 anni
2877 3691 3112 3745 omnino
3134 3692 3350 3756 decem,
3376 3707 3600 3745 menses
3621 3691 3910 3764 quinque.

2209 3782 2398 3834 minus
2427 3779 2595 3834 unico
2627 3780 2719 3832 die
2752 3795 2764 3832 :
2801 3778 2870 3832 ad
2901 3784 3017 3832 tres
3062 3783 3253 3832 autem
3285 3797 3457 3850 supra
3486 3779 3906 3850 quinquagint

2208 3871 2339 3922 vitta
2371 3883 2575 3932 annos,
2605 3883 2707 3921 cur
2755 3868 2962 3926 solum,
3016 3887 3042 3918 α
3100 3883 3325 3921 menses
3377 3875 3489 3921 tres
3533 3883 3660 3921 cum
3701 3869 3908 3926 diebu

2207 3956 2414 4025 viginti
2445 3977 2472 4004 »
2506 3955 2670 4008 nobis
2697 3954 2849 4008 demi
2878 3955 3016 4008 velit
3057 3955 3342 4020 Incliofer,
3411 3971 3648 4025 prorsus
3678 3973 3810 4011 non
3841 3977 3908 4014 ca

2205 4042 2323 4112 pio;
2381 4041 2709 4095 meminerit
2761 4043 3068 4096 nativitatis
3115 4045 3391 4113 epocbam
3454 4060 3485 4096 a
3529 4060 3584 4096 se
3637 4050 3908 4115 superiu

2205 4131 2376 4184 fixam
2419 4145 2541 4182 esse
2569 4146 2719 4184 anno
2778 4132 2880 4184 972
2931 4152 2952 4178 ι
2979 4131 3070 4184 die
3107 4147 3158 4184 v1
3207 4132 3336 4186 Maii
3385 4131 3526 4186 feria
3567 4135 3871 4204 secunda,

2209 4218 2339 4272 inde
2392 4217 2603 4288 digitos
2647 4218 3000 4273 consulendo
3081 4221 3572 4291 numerandoque,
3647 4221 3906 4280 invenie

2209 4307 2689 4377 completissimos
2718 4307 2848 4360 vitae
2894 4323 3074 4360 annos
3104 4309 3246 4362 duos
3276 4325 3450 4379 supra
3480 4309 3905 4382 quinquagint

2207 4398 2686 4465 excurrentesque
2717 4411 2939 4448 menses
2971 4394 3116 4450 duos
3145 4411 3275 4450 cum
3321 4397 3522 4450 diebus
3559 4403 3824 4468 septem,
3867 4419 3906 4457 ιι

2205 4482 2382 4536 ferme
2419 4499 2641 4536 menses
2672 4483 2867 4538 decem
2911 4484 3176 4538 demendi
3224 4485 3356 4540 sint.
3394 4485 3498 4540 Sed
3531 4486 3601 4540 de
3647 4485 3736 4540 his
3772 4493 3906 4546 sntj

2204 4571 2418 4624 dictum
2451 4572 2710 4642 superius
2739 4570 2766 4640 ἓ
2795 4575 2848 4628 2.

2275 4660 2360 4713 74.
2409 4659 2728 4730 Supersunt
2800 4661 2988 4732 capita
3041 4661 3320 4732 quinque,
3395 4678 3600 4734 nempe
3653 4665 3746 4730 33,
3819 4671 3904 4725 ut

2201 4747 2312 4801 nisi
2361 4749 2731 4802 vehementer
2799 4750 2986 4806 fallor.
3070 4750 3277 4804 fabulis
3331 4756 3589 4805 accenset
3635 4751 3904 4812 Inchofe.

2207 4857 2228 4884 ε
2265 4851 2560 4890 occursum
2583 4837 2937 4891 daemonium
2959 4837 3026 4891 ad
3060 4839 3430 4908 exsequias,»
3465 4841 3578 4893 sive
3608 4839 3678 4894 ad
3714 4852 3904 4902 extre.

2205 4940 2352 4978 mam
2377 4925 2526 4994 apud
2549 4925 2736 4978 Sancti
2759 4925 3054 4978 morientis
3077 4929 3304 4990 luctam,
3337 4949 3364 4974 ‹‹
3395 4933 3452 4980 et
3477 4931 3901 4990 accusatione:

2202 5011 2350 5080 apud
2371 5011 2622 5065 tribunal
2651 5012 2779 5078 Dei;
2822 5033 2843 5058 ι
2887 5013 3097 5082 quibus
3119 5013 3264 5068 adde
3294 5015 3902 5085 prmponderationex

2197 5099 2386 5152 calicis
2416 5098 2472 5152 S.
2509 5099 2817 5162 Laurentii,
2848 5107 2904 5152 et.
2933 5099 3163 5168 similia,
3189 5117 3320 5174 qua:
3353 5103 3410 5156 in
3443 5104 3567 5157 loco
3613 5103 3902 5166 diximus

2199 5188 2296 5256 pio
2319 5188 2456 5242 boni
2480 5203 2544 5240 ac
2566 5187 2842 5258 simplicis
2865 5190 3118 5243 eremiue
3161 5192 3381 5246 somnio
3443 5207 3618 5264 quam
3667 5197 3901 5256 verita'

2198 5275 2484 5331 historicas
2511 5277 2692 5347 magis
2739 5277 2954 5344 aftinia,
3002 5293 3106 5332 nec
3143 5280 3258 5334 ulla
3305 5281 3600 5334 vetustiori
3644 5291 3900 5346 auctori

2198 5369 2314 5418 tate
2353 5363 2612 5431 suffulta;
2664 5380 2907 5436 quasque
2955 5365 3216 5436 fortasse,
3277 5369 3501 5438 poetica
3549 5369 3848 5430 libertate

2197 5453 2513 5524 pictoribus
2560 5453 2675 5506 sive
2731 5453 3112 5525 sculptoribus
3187 5456 3496 5526 symbolice
3548 5458 3900 5522 adumbrat

2198 5542 2456 5616 qualium
2477 5541 2648 5598 nimis
2676 5557 2848 5616 quam
2877 5542 3042 5600 obvia
3072 5547 3225 5614 sunt,
3255 5561 3448 5602 veram
3484 5545 3758 5618 subinde,
3801 5570 3900 5626 pr
