3940 6312
92 330 137 381 ιιι
1560 370 1569 377 .
1731 328 1768 379 Α

3512 330 3579 381 50

86 449 413 501 seculorum
448 447 693 500 istorum
724 452 909 517 captu,
953 446 1249 501 induerint
1278 447 1530 502 historia:
1567 446 1765 501 faciem
1797 449 1842 501 Α
1887 446 2249 502 Henriciauas
2288 447 2552 502 detinitas
2607 447 2759 514 velit,
2790 464 2931 519 quas
2986 448 3070 503 illi
3127 448 3212 503 vix
3244 449 3463 518 primis,
3518 453 3579 503 ut

86 538 454 607 dignamqu
487 536 545 589 in
582 535 708 598 ipso
738 540 1065 589 sanctorum
1097 535 1387 590 Henriciet
1408 536 1777 603 Uuneguudis

87 624 384 677 mausolaao
464 628 992 692 repraesentaretur.
1073 626 1215 677 (Ian.
1312 625 1396 684 34,
1466 624 1776 677 recitantur

133 713 359 782 publica
413 736 439 760 ιι
482 713 761 765 nonnulla
790 731 815 761 ι(
848 712 1072 782 pietatis
1116 716 1175 764 et
1208 711 1501 779 religionis
1562 728 1775 765 monu-

85 807 259 853 menta
284 802 501 870 posita,
536 802 762 870 aliaque
796 801 888 870 pia
935 816 1108 869 opera
1141 800 1209 853 ab
1243 800 1482 853 Henrico
1515 806 1670 868 gesta
1698 816 1709 863 ;
1747 819 1773 848 »

82 906 196 959 quae
230 889 455 942 omnia.
491 889 577 942 uti
610 908 637 939 ι(
661 894 717 942 et
746 889 985 942 illustria
1018 889 1290 941 miracula
1326 893 1449 956 post
1476 890 1715 940 mortem
1752 912 1767 933 ο

82 997 107 1029 a
136 979 388 1032 Sanctoe
424 982 665 1046 patrata,
704 1000 725 1025 ι
758 977 1012 1047 ejusdem
1043 979 1207 1031 facta:
1246 1000 1264 1024 α
1303 976 1711 1046 appar-itiones,
1747 996 1772 1025 ι)

81 1065 528 1119 canonizationis
560 1066 811 1136 diploma
866 1065 936 1119 ab
971 1066 1220 1131 Eugenio
1276 1067 1377 1119 PP.
1429 1066 1520 1118 lll.
1558 1081 1776 1116 conces-

80 1170 215 1221 sum,
263 1160 595 1224 ceeteraque
669 1153 849 1206 tribus
910 1153 1122 1206 ultimis
1184 1153 1464 1221 capitibus
1517 1153 1771 1213 collecta,

82 1243 237 1311 paulo
268 1241 509 1295 uberius
541 1258 574 1294 a
625 1241 789 1294 nobis
850 1241 1094 1311 propriis
1146 1244 1259 1293 suis
1316 1240 1451 1293 locis
1504 1242 1679 1293 relata
1721 1244 1776 1292 et

78 1331 353 1398 inplicata
385 1334 536 1382 sunt.
572 1334 757 1399 Atque
808 1331 925 1383 haec
983 1330 1051 1383 de
1083 1330 1240 1383 lDChl
1259 1329 1363 1382 feri
1425 1345 1596 1398 opere
1626 1328 1775 1381 dicta

79 1418 377 1482 suiliciant,
414 1435 520 1471 nos
555 1434 820 1471 exorsum
875 1419 1298 1488 deductumque
1343 1418 1560 1487 pridem
1598 1419 1771 1472 Com-

80 1506 338 1560 mentarii
376 1506 553 1559 nostri
573 1507 731 1560 tilum
765 1507 1134 1577 sequentibus
1162 1507 1535 1576 paragraphis
1574 1505 1773 1559 ordine

77 1595 494 1661 exhibebimus,
513 1595 610 1648 ubi
630 1612 695 1647 ea
715 1596 1165 1665 praemiserimus
1188 1612 1317 1665 quae
1338 1596 1406 1648 ad
1422 1595 1773 1664 praecipuam

76 1684 258 1738 Sancti
316 1684 636 1738 laureolam
716 1684 1115 1739 vindicandam
1195 1684 1370 1753 paulo
1454 1684 1847 1775 accuratiusB

78 1772 392 1827 examinari
423 1778 479 1826 et
508 1771 805 1826 nervosius
843 1771 1173 1826 conﬁrmari
1213 1777 1524 1825 merentur.

81 1880 101 1947 ξ
126 1880 358 1957 Vilius.
398 1878 776 1957 Henricigcu'm
803 1884 1006 1957 sancta
1036 1880 1248 1957 virgine
1274 1876 1613 1957 Guneyunde,
1664 1889 1777 1927 ser-

554 1953 687 2003 vata
709 1952 765 2002 in
792 1951 1036 2015 coniugio
1056 1949 1401 2002 castimonia.

140 2043 231 2092 75.
273 2040 641 2107 Quamquam
668 2036 929 2105 superius
952 2037 1188 2090 dixerim
1213 2036 1523 2089 multaesse
1555 2049 1683 2103 quas
1716 2032 1777 2085 in

78 2131 372 2197 Anonymo
407 2146 432 2174 α
470 2125 607 2179 Vitas
646 2125 708 2180 S.
744 2124 968 2179 Henrici
1027 2145 1047 2171 ι
1080 2123 1353 2193 scriptore
1394 2138 1509 2175 non
1541 2120 1777 2173 omnino

78 2214 438 2268 admittenda
473 2229 758 2275 censeam,
774 2212 915 2265 illud
937 2216 1085 2265 certe
1108 2211 1400 2281 suggillari
1425 2225 1541 2263 non
1571 2207 1778 2279 patior,

77 2304 218 2375 quod
252 2303 429 2357 habet
462 2318 586 2371 cap.
636 2304 695 2355 '21
735 2306 792 2355 et
820 2304 905 2366 27,
970 2300 1119 2354 unde
1172 2298 1461 2369 praecipua
1492 2295 1777 2351 sanctissi-

80 2392 175 2445 mis
202 2390 554 2460 conjngibus
578 2408 604 2441 α
639 2389 880 2444 Henrico
911 2393 966 2442 et
995 2387 1354 2457 Cuneguudi,
1385 2388 1613 2456 njeaque
1643 2400 1779 2437 con-

78 2478 426 2533 stantissima
456 2477 565 2531 fuit
590 2495 621 2530 a
651 2481 735 2530 tot
758 2476 976 2530 saeculis
1023 2476 1223 2546 gloria,
1259 2475 1413 2546 quod
1466 2475 1778 2527 intemera-

77 2574 179 2622 tam
212 2567 627 2632 illibatamque
671 2564 1058 2634 virginitatem
1090 2564 1329 2617 tumulis
1351 2563 1519 2617 ambo
1552 2567 1608 2615 et
1638 2561 1778 2614 coelo

79 2656 392 2710 intulerint.
438 2655 660 2710 Priscas
700 2654 915 2708 naenias
946 2657 1001 2708 et
1032 2658 1246 2707 veteres
1289 2652 1765 2708 heterodoxorum

76 2753 290 2817 satyras
322 2744 599 2798 adversus
656 2741 1024 2796 continentiae
1056 2742 1397 2795 miraculum
1430 2757 1651 2810 sparsas
1685 2737 1776 2791 hic

76 2851 168 2887 nec
198 2832 580 2904 appellandas
611 2847 715 2885 nec
737 2830 1062 2884 refutandas
1106 2831 1389 2901 suscipio;
1425 2846 1539 2882 non
1568 2828 1779 2881 calum-

77 2922 174 2975 niis
203 2926 306 2976 aut
334 2919 592 2975 dicteriis
641 2918 736 2972 sed
786 2918 1140 2987 argumentis
1190 2919 1525 2971 certandum
1547 2921 1648 2979 est,
1682 2931 1775 2967 re-

1886 543 1969 591 est
1999 537 2058 591 in
2092 536 2412 607 proverbio,
2470 536 2641 591 labris
2686 537 3081 606 degustarunt.
3115 540 3186 591 At
3213 538 3365 591 enim
3398 539 3465 591 de
3513 555 3580 590 ea

1887 642 1945 679 re
1976 630 2123 679 tacet
2148 625 2635 695 Cbronograpbus
2666 625 2833 689 Saxo,
2892 630 3078 679 tacent
3107 628 3351 680 Annales
3386 626 3577 679 Hilde-

1886 730 2188 767 semenses.
2227 713 2466 783 Utique:
2512 714 2607 767 sed
2665 714 3007 782 scriptorum
3039 714 3279 767 istorum
3313 714 3581 767 aliorum-

1886 818 1997 871 que
2028 802 2220 855 steculi
2274 818 2345 854 xu
2396 801 2625 854 silentio
2684 802 2999 872 opponitur
3049 802 3292 873 positiva
3342 804 3579 855 assertio

1885 890 2139 959 ejusdem
2172 890 2365 943 saeculi
2395 889 2707 959 scriptoris,
2743 906 2947 959 nempe
2985 890 3225 945 Gotfridi
3269 891 3581 944 Viterbieu-

1884 977 1975 1044 sis,
2012 978 2160 1046 apud
2194 977 2523 1042 Pistorium,
2573 981 2732 1031 tumo
2781 979 2849 1045 ΙΙ,
2884 980 2995 1031 col.
3039 980 3164 1045 481,
3198 978 3358 1048 cujus
3388 994 3581 1032 versus

1886 1066 1955 1120 ad
1985 1067 2193 1119 calcem
2230 1072 2503 1119 tractatus
2533 1066 2703 1133 hujus
2724 1066 2996 1120 invenies.
3033 1068 3354 1137 Opponitur
3387 1067 3580 1137 positi-

1886 1154 2113 1208 vissima
2146 1154 2402 1221 ejusdem
2463 1154 2739 1223 temporis
2796 1154 3098 1207 declaratio
3149 1154 3464 1220 Pontificis,
3521 1154 3580 1209 in

1886 1242 2062 1296 relata
2086 1258 2269 1312 nuper
2306 1241 2750 1295 canouizationis
2806 1243 2961 1295 bulla
3002 1242 3283 1312 expressis
3323 1242 3581 1296 terminis

1885 1335 2101 1397 testata,
2135 1350 2161 1381 (ι
2194 1329 2254 1383 in
2285 1334 2406 1383 toro
2456 1329 2627 1382 etiam
2683 1329 2942 1397 legitimo
2987 1331 3235 1399 positum
3291 1332 3345 1384 S.
3379 1332 3578 1384 lleuri-

1885 1435 2012 1472 cum
2047 1418 2433 1489 integritatem
2491 1417 2844 1471 castimoniae
2900 1434 3084 1488 usque
3121 1419 3186 1472 ad
3246 1419 3418 1472 linem
3455 1419 3578 1471 vilue

1883 1523 2281 1562 conservasse:
2317 1528 2344 1555 ››
2405 1506 2557 1576 quod
2584 1512 2734 1560 certe
2768 1505 3003 1559 minime
3042 1507 3382 1561 declarasset
3431 1508 3578 1561 Pon~

1885 1595 2042 1660 tifex,
2072 1596 2180 1649 nisi
2232 1595 2286 1649 id
2321 1612 2352 1648 a
2405 1595 2918 1665 Bambergensibus
2964 1595 3217 1664 legitime
3276 1596 3579 1665 probatum

1888 1684 2210 1755 accepisset.
2273 1683 2423 1737 Nihil
2473 1683 2651 1753 igitur
2681 1683 2878 1737 obesse
2932 1688 3121 1753 potest
3158 1683 3581 1753 chronograpbi

1830 1771 1841 1829 ξ
1887 1772 2049 1827 istius
2109 1777 2165 1825 et
2195 1772 2393 1826 decem
2430 1772 2487 1826 id
2543 1787 2723 1841 genus
2775 1771 3021 1825 aliorum
3079 1772 3395 1835 silentium,
3444 1772 3579 1826 dum

1885 1862 2034 1916 istud
2074 1860 2366 1915 vetustiori
2395 1865 2450 1914 et
2480 1860 2795 1931 probatiori
2817 1860 3129 1914 assertione
3160 1862 3409 1917 eliditur.

1953 1953 2043 2003 77.
2080 1948 2137 2002 Si
2172 1948 2469 2003 Pontificio
2492 1948 2795 2018 diplomati
2833 1949 3023 2002 minus
3080 1950 3216 2003 fidat
3247 1949 3579 2017 Leibnitius,

1886 2037 2096 2103 habeo,
2128 2038 2281 2108 quod
2311 2053 2572 2091 recusare
2623 2053 2737 2090 non
2768 2037 2966 2107 possit,
3027 2037 3233 2091 Leonis
3266 2037 3580 2099 Marsicani,

1885 2126 2027 2179 alias
2056 2124 2373 2179 Cardinalis
2427 2124 2679 2195 episcopi
2710 2126 3004 2186 Ostiensis,
3052 2126 3113 2179 in
3172 2125 3453 2180 Chronico
3476 2127 3581 2180 Ca-

1886 2213 2100 2267 sinensi
2138 2214 2415 2268 disertum
2444 2212 2859 2279 testimonium,
2892 2212 3062 2266 citato
3093 2213 3402 2282 diplomate
3437 2214 3581 2267 mul-

1887 2308 1941 2356 to
1968 2301 2279 2371 antiquius,
2314 2302 2429 2355 imo
2478 2300 2658 2353 sancti
2694 2301 2873 2370 ipsius
2933 2301 3157 2354 Henrici
3208 2301 3359 2354 aetati
3392 2302 3581 2371 proxi-

1887 2407 2066 2457 mum,
2101 2396 2163 2444 ut
2194 2397 2323 2461 pote
2368 2389 2660 2459 scriptoris
2688 2389 2874 2442 saeculi
2917 2406 2993 2452 xi,
3021 2389 3138 2458 qui,
3175 2393 3313 2443 teste
3368 2390 3585 2456 Angelo

1886 2480 1954 2533 de
1980 2481 2147 2543 Nuce,
2175 2478 2479 2532 novissimo
2525 2477 2786 2533 Chronici
2845 2477 3077 2545 editore,
3111 2496 3137 2528 α
3200 2493 3320 2531 rem
3353 2494 3517 2530 orsus
3552 2494 3580 2529 a

1885 2568 2111 2623 condito
2204 2567 2571 2631 monasterio,
2638 2582 2764 2619 eam
2827 2566 3083 2635 adusque
3160 2566 3299 2619 illud
3358 2570 3585 2634 tempus

1887 2655 2170 2724 perduxit,
2204 2671 2318 2725 quo
2343 2655 2666 2708 dedicatum
2698 2655 3220 2724 inauguratumque
3250 2654 3320 2706 ab
3341 2653 3581 2706 Alexan-

1885 2741 1986 2795 dro
2020 2742 2066 2795 ll
2094 2742 2376 2811 templum
2408 2741 2517 2794 fuit
2550 2756 2561 2793 :
2604 2761 2624 2787 ο
2658 2741 2716 2793 id
2776 2740 2929 2809 quod
2963 2755 3114 2792 anno
3151 2742 3274 2794 tt|7l
3315 2737 3582 2792 accidisse

1887 2834 2166 2896 narrant;
2200 2834 2263 2883 ut
2311 2831 2476 2900 plane
2532 2828 2839 2899 perspicias
2902 2843 3075 2897 quam
3120 2843 3322 2897 parum
3353 2843 3386 2880 a
3440 2828 3581 2881 San-

1886 2923 1977 2971 cto
2021 2918 2266 2973 abfuerit
2286 2919 2354 2983 is,
2378 2918 2885 2987 cujusloquentem
2908 2916 3303 2969 auctoritatem
3325 2913 3581 2969 omnium

75 3010 351 3063 centiores
382 3006 711 3079 aggredior.
752 3007 887 3060 Eam
919 3005 1167 3059 historiae
1219 3011 1436 3076 partem
1488 3001 1775 3057 immerito
1811 2998 1851 3051 Ο
1894 3007 2055 3060 istius
2086 3023 2150 3060 ac
2209 3005 2473 3077 sequenti
2518 3005 2710 3059 saeculi
2768 3004 3112 3075 scriptorum
3152 3003 3381 3057 silentio
3416 3005 3581 3073 longe

76 3096 352 3151 vellicavit
390 3093 728 3153 Leibnitius,
771 3093 1210 3147 Introductionis
1241 3110 1356 3147 suae
1417 3094 1487 3147 ad
1518 3091 1772 3161 Scripto-

75 3204 153 3239 res
182 3185 653 3241 Brunswicenses
685 3186 711 3248 ς
743 3184 827 3247 30,
884 3182 970 3235 his
1005 3181 1187 3235 verbis
1223 3199 1234 3235 :
1292 3203 1317 3233 ι(
1379 3183 1645 3251 Magnum
1688 3183 1774 3236 vi-

76 3291 194 3328 rum
222 3274 399 3328 fuisse
433 3272 512 3339 (S.
559 3270 888 3338 llenricnm)
945 3275 1003 3323 et
1030 3271 1301 3340 probum,
1361 3270 1622 3325 dubitare
1672 3289 1775 3324 nos

74 3366 226 3433 gesta
253 3377 374 3415 non
405 3359 626 3424 sinunt,
661 3356 1047 3427 virginitatem
1079 3357 1460 3411 voluntariam
1489 3358 1549 3411 in
1573 3360 1776 3413 matri-

78 3451 267 3504 monio
296 3464 433 3503 cum
463 3446 814 3516 Cunegunde
858 3447 1104 3517 conjuge
1163 3446 1403 3500 coluisse
1434 3446 1775 3516 posteriores

73 3539 450 3603 tradiderunt,
479 3534 753 3590 coaetanei
801 3551 903 3588 nec
937 3535 1239 3588 minimum
1293 3535 1461 3604 hujus
1492 3536 1778 3605 opinionis

76 3626 376 3697 vestigium
412 3624 705 3690 exhibent,
745 3626 810 3677 ut
858 3624 1001 3677 adeo
1031 3640 1380 3694 magnopere
1435 3623 1488 3677 ei
1515 3624 1618 3678 ﬁdi
1662 3642 1774 3679 non

76 3715 272 3784 possit.
306 3735 334 3765 α
373 3713 588 3768 Laudat
622 3710 966 3765 Leibnitium
1007 3712 1265 3765 Struvius
1319 3712 1487 3781 eique
1529 3712 1775 3766 subscri-

76 3804 169 3867 bit,
202 3820 339 3875 pag.
377 3806 519 3867 388;
559 3806 867 3869 utrumque
902 3799 1199 3853 convenio.
1234 3801 1297 3853 Et
1325 3800 1554 3869 quidem
1585 3799 1775 3853 maui-

77 3894 208 3946 feste
238 3891 429 3962 liquet
462 3906 584 3942 rem
614 3888 771 3941 illam
824 3886 960 3940 satis
1017 3887 1403 3958 perfunctorie
1434 3906 1465 3941 a
1502 3886 1776 3942 Leibnitio

76 3981 407 4043 delibatam,
466 3977 651 4048 utiqui
683 3977 739 4028 S.
784 3974 1005 4029 Henrici
1044 3974 1534 4028 canonizationem
1584 3990 1777 4043 perpe-

78 4086 191 4122 ram
223 4065 783 4121 tribuitlnnocentio
826 4065 919 4129 III,
971 4070 1035 4117 ut
1089 4064 1235 4118 forte
1293 4080 1360 4117 ea
1391 4064 1611 4116 ratione
1640 4078 1777 4132 pon-

78 4155 323 4211 tiﬁcium
383 4154 453 4208 de
500 4158 722 4207 servata
769 4152 1094 4223 virginitate
1154 4152 1542 4205 testimonium
1575 4151 1645 4204 ad
1679 4167 1778 4205 sas-

77 4246 269 4299 culum
329 4259 426 4297 xm
484 4247 790 4309 removeat,
836 4257 1033 4295 verum
1085 4240 1208 4310 jam
1270 4256 1443 4310 supra
1488 4244 1846 4326 ostensumD

78 4339 177 4400 est,
209 4332 353 4388 totis
382 4331 503 4387 fere
532 4330 828 4401 sexaginta
873 4329 1039 4384 annis
1088 4328 1276 4395 citius,
1322 4328 1598 4383 nimirum
1629 4344 1777 4381 anno

82 4424 212 4477 11ςὶ5
234 4420 495 4476 coalitum
542 4419 785 4473 honores
814 4422 1184 4473 consecutum
1224 4422 1483 4471 sanctum
1526 4418 1776 4487 Impera-

79 4516 279 4564 torem.

146 4602 233 4653 76.
269 4600 342 4651 At
371 4617 401 4646 κ
432 4595 707 4650 coaztanei
756 4612 859 4650 nec
912 4594 1216 4649 minimum
1273 4595 1442 4666 hujus
1490 4594 1777 4665 opinionis

82 4684 385 4755 vestigium
428 4683 715 4738 exhibent.
773 4702 799 4735 υ
856 4684 1082 4749 Quaero,
1149 4699 1292 4753 quos
1340 4688 1658 4737 coaetaneos
1688 4682 1779 4735 hic

79 4775 367 4845 appellare
400 4773 579 4843 possit
611 4770 921 4826 Leibnitius
948 4774 976 4825 ?
1020 4771 1398 4826 Adelboldum
1454 4772 1597 4825 forte
1624 4772 1650 4823 ἱ)
1682 4774 1779 4824 Ast

82 4864 239 4917 istius
271 4861 665 4932 operissolum
694 4861 1077 4931 fragmentum
1103 4865 1379 4930 superest.
1420 4859 1778 4913 Ditmarum?

78 4952 248 5005 Scivit
274 4951 363 5004 vir
407 4948 825 5004 eruditissimus
874 4948 1010 5003 totis
1038 4964 1132 5002 sex
1166 4948 1331 5002 annis
1364 4948 1604 5003 Henrico
1637 4963 1778 5018 pras-

83 5047 376 5094 mortuum
433 5054 579 5105 esse,
639 5054 825 5109 neque
876 5038 1018 5091 adeo
1096 5052 1240 5103 rem,
1293 5036 1482 5108 quoad
1539 5037 1777 5091 Sanctus

84 5128 236 5193 vixit,
262 5127 607 5198 ignoratam,
636 5126 697 5178 in
728 5125 849 5194 ejus
878 5126 1143 5180 notitiam
1174 5125 1470 5196 pervenire
1503 5125 1776 5197 potuisse,

86 5233 251 5287 quam
282 5216 389 5270 sub
422 5220 743 5269 extremum
776 5214 903 5268 vitae
951 5214 1260 5269 articulum
1293 5215 1545 5283 primum
1570 5213 1780 5283 patefe-

84 5305 180 5360 cit.
216 5304 374 5360 Alios
404 5308 726 5357 coaetaneos
754 5304 1057 5374 scriptores
1110 5318 1228 5357 non
1282 5302 1445 5356 facile
1498 5301 1626 5372 quis
1646 5318 1778 5372 pro-

89 5394 338 5449 duxerit.
368 5393 425 5447 Si
441 5393 509 5447 ad
542 5390 805 5463 proxime
836 5397 1139 5463 sequentes
1180 5390 1652 5461 chronographos
1683 5390 1779 5445 Ot-

91 5490 300 5549 tonem,
347 5485 763 5544 Hermannum,
813 5481 1068 5551 aliosque
1125 5480 1259 5535 alibi
1301 5480 1625 5534 nominatos
1654 5496 1782 5551 pro-

94 5578 262 5635 vocet,
296 5571 428 5626 facit
467 5572 677 5625 Sancto
733 5569 1024 5639 injuriam,
1088 5569 1240 5640 quod
1286 5569 1355 5621 iis
1411 5568 1635 5621 arbitris
1693 5586 1782 5621 res

1886 3095 2165 3166 potiorem
2217 3094 2627 3148 existimamus.
2688 3093 2834 3147 Audi
2882 3094 3083 3147 Leonis
3137 3093 3325 3157 verba,
3382 3092 3481 3147 lib.
3526 3110 3580 3157 ιι,

1886 3201 1989 3254 cap
2012 3186 2099 3237 46.
2132 3202 2148 3238 :
2181 3202 2209 3235 ι(
2260 3185 2443 3251 Super
2474 3186 2705 3235 caeteras
2754 3188 2947 3235 autem
3006 3182 3291 3235 bonitates
3322 3197 3419 3234 seu
3470 3181 3583 3234 vir-

1886 3277 2035 3325 tutes
2066 3289 2207 3343 quas
2237 3272 2388 3325 idem
2441 3271 2753 3340 imperator
2799 3270 3064 3323 habuisse
3101 3275 3365 3322 narratur
3396 3287 3426 3323 a
3455 3271 3581 3325 Deo.

1884 3362 2066 3415 fertur
2114 3360 2317 3414 vixisse
2378 3359 2747 3425 castissimus,
2784 3364 2862 3423 ut,
2914 3360 2983 3411 ad
3034 3357 3233 3410 mortis
3280 3357 3582 3410 articulum

1886 3450 2138 3515 veniens,
2170 3464 2361 3501 coram
2396 3447 2773 3516 praesentibus
2816 3445 3095 3515 episcopis
3153 3451 3324 3514 atque
3372 3444 3585 3497 abbati-

1886 3539 1991 3592 bus
2021 3536 2375 3592 Cunibundte
2422 3533 2839 3607 [Cunegundm]
2896 3532 3155 3601 conjugis
3190 3549 3306 3585 sum
3346 3530 3583 3601 propin-

1886 3627 2034 3697 quis,
2059 3641 2239 3695 eaque
2304 3623 2415 3676 illis
2478 3622 2704 3687 tradita,
2770 3623 2950 3675 fertur
2996 3620 3222 3689 (dixisse
3276 3620 3581 3673 feraturzl

1886 3713 2136 3783 Recipite
2158 3729 2330 3783 quam
2380 3710 2524 3766 mihi
2570 3710 2875 3766 tradidistis
2927 3708 3207 3777 virginem
3262 3711 3525 3761 vestram.
3564 3732 3578 3751 ιδ

1890 3804 2103 3859 Laudat
2134 3802 2253 3873 ipse
2302 3800 2614 3856 Leibnitius
2672 3804 2961 3853 auctorem
2994 3797 3135 3851 Vita:
3194 3796 3374 3850 sancti
3407 3795 3583 3849 Mein-

1886 3892 2070 3945 werci.
2107 3911 2131 3942 α
2166 3891 2291 3943 Vita
2319 3887 2657 3953 Meinwerci,
2691 3887 2900 3957 inquit,
2946 3886 3053 3939 etsi
3105 3885 3312 3939 saeculo
3353 3885 3584 3937 demum

1888 3984 2161 4050 sequente
2193 3979 2471 4047 (adeoque
2516 3978 2619 4047 xu)
2678 3977 2906 4046 scripta,
2963 3977 3143 4027 multa
3200 3979 3389 4027 tamen
3418 3972 3588 4026 habet

1891 4068 2051 4121 utilia
2076 4068 2147 4120 ad
2206 4083 2293 4120 res
2347 4066 2622 4136 Episcopo
2678 4070 3208 4134 contemporaneas,
3270 4062 3583 4117 Cassarum-

1889 4172 1999 4226 que
2030 4162 2086 4209 et
2114 4155 2438 4224 principum
2470 4158 2594 4207 acta
2632 4153 3045 4221 cognoscenda,
3102 4167 3232 4204 cum
3279 4167 3381 4204 nec
3413 4165 3583 4219 syno-

1889 4246 1993 4300 dos
2022 4249 2326 4315 prtetereat
2362 4243 2615 4312 aliasque
2656 4259 2745 4296 res
2777 4240 3162 4295 ecclesiarum.
3203 4261 3227 4287 ιι

1960 4336 2045 4387 78.
2082 4332 2141 4386 Si
2173 4332 2230 4386 in
2258 4332 2326 4384 iis
2353 4330 2621 4384 omnibus
2678 4330 2849 4382 fidem
2883 4332 3135 4381 meretur
3166 4326 3407 4393 scriptor
3455 4324 3580 4377 dili-

1889 4419 2277 4491 gentissimus,
2310 4423 2439 4490 quae
2474 4419 2543 4472 ad
2571 4438 2592 4465 ι
2647 4419 2934 4471 Cassarum
2991 4420 3049 4469 et
3108 4414 3431 4484 principum
3464 4416 3585 4465 acta

1888 4508 2278 4580 cognoscenda
2314 4530 2333 4554 ο
2372 4506 2681 4576 pertinent,
2741 4520 2856 4557 non
2920 4503 3126 4573 opinor
3163 4518 3227 4555 ea
3256 4506 3419 4569 parte
3451 4500 3582 4570 reji-

1887 4597 2173 4662 ciendum,
2207 4596 2358 4666 quod
2396 4595 2466 4647 de
2521 4592 2838 4647 castissimo
2872 4596 3200 4645 sanctorum
3256 4588 3480 4644 Henrici
3532 4594 3587 4641 et

1888 4683 2251 4755 Cunegundis
2306 4681 2575 4753 conjugio
2628 4679 3043 4735 dissertissimis
3099 4679 3285 4733 verbis
3336 4678 3589 4731 testimo-

1889 4773 2049 4827 nium
2071 4772 2238 4836 dicat,
2271 4771 2441 4825 rebus
2500 4769 2624 4823 istis
2655 4770 2943 4833 omnibus,
2977 4786 3010 4823 a
3037 4785 3095 4821 se
3126 4766 3391 4835 narratis,
3425 4782 3586 4837 asque

1887 4860 2266 4932 propinquus.
2303 4861 2380 4913 En
2412 4858 2591 4930 igitur
2619 4858 3000 4912 clarissimum
3042 4855 3332 4926 opinionis
3361 4870 3394 4907 a
3428 4855 3585 4909 Leib-

1886 4950 2031 5004 nitio
2059 4948 2375 5019 repudiatae
2409 4964 2523 5002 non
2559 4971 2579 4995 ε
2611 4945 2913 5016 vestigium
2953 4970 2969 4991 υ
3005 4946 3214 5007 solum,
3246 4944 3342 4999 sed
3374 4959 3584 4997 novum

1887 5038 2277 5093 testimonium
2311 5036 2555 5091 ﬁdeliter
2595 5056 2619 5085 α
2679 5034 3013 5088 exhibitum.
3054 5056 3074 5081 ι
3131 5034 3222 5087 Sic
3245 5031 3499 5103 loquitur
3528 5030 3583 5083 in

1888 5133 2081 5181 nostra
2110 5126 2380 5191 editione,
2405 5141 2527 5194 cap.
2561 5127 2616 5188 ‘2,
2674 5140 2832 5176 num.
2868 5125 2919 5187 9,
2953 5122 3105 5191 apud
3139 5122 3325 5191 ipsum
3360 5118 3584 5173 Leibni—

1886 5215 2030 5270 tium
2062 5230 2221 5268 num.
2260 5218 2342 5277 1‘2,
2373 5229 2509 5283 pag.
2546 5216 2638 5267 521
2677 5229 2689 5265 :
2721 5233 2741 5258 ι
2782 5212 2990 5265 Eodem
3037 5226 3188 5264 anno
3218 5210 3449 5278 (nempe
3483 5209 3586 5276 Mli)

1888 5319 2037 5358 novo
2066 5317 2200 5372 rege
2238 5301 2590 5355 nativitatem
2647 5298 2935 5353 Laurentii
2992 5298 3051 5352 in
3099 5296 3321 5351 civitate
3352 5296 3585 5349 Pather-

1891 5392 2205 5449 brunnensi
2234 5391 2581 5454 celebrante,
2614 5389 2827 5443 domna
2858 5385 3254 5451 Chunigunda,
3290 5382 3491 5453 ipsius,
3529 5392 3591 5439 ut

1891 5479 2203 5551 putabatur
2236 5494 2394 5543 uxor,
2424 5494 2483 5532 re
2516 5482 2705 5531 autem
2736 5492 2869 5530 vera
2918 5473 3190 5528 castitatis
3218 5473 3587 5528 emulatione

1892 5584 2070 5632 soror,
2106 5583 2139 5619 a
2191 5566 2465 5637 praedicto
2523 5564 2798 5634 Willigiso
2873 5560 3247 5633 Magontiensi
3309 5560 3587 5632 archiepi-
