3940 6322
305 317 364 369 5l
1601 311 1654 365 S.
1703 307 1985 365 HENRICI
2026 306 2503 364 [MPEBATORIS
3739 309 3808 361 5'2

306 453 494 508 scopo,
529 433 674 490 inihi
707 434 881 504 regite
922 433 1365 488 consecrationis
1427 433 1744 490 dominium
1771 433 1997 487 adinve-
2024 437 2072 490 A
2108 431 2323 486 bonum
2353 437 2410 485 et
2434 430 2780 503 simplicem,
2841 431 3036 487 omnia
3087 433 3348 506 conjugis
3402 433 3720 489 ambitiosa:
3751 439 3812 488 et

307 525 411 594 nit.
448 544 475 576 ι)
511 522 836 582 Clarissima
863 522 1008 589 haec,
1032 521 1140 576 nisi
1182 523 1550 578 vehementer
1575 523 1758 590 fallar,
1787 526 1843 577 et
1871 537 2004 592 per-
2109 519 2328 574 callidas
2385 520 2648 590 precibus
2703 521 2982 592 probrosa
3047 517 3317 578 facilitate
3369 517 3810 581 'concedentem.

307 612 593 685 emptoria
623 617 774 677 sunt,
833 627 952 666 non
1007 629 1039 664 a
1075 635 1094 660 ι
1155 611 1569 682 posterioribus
1614 611 1842 677 tradita,
1877 630 1904 662 ››
1942 616 2004 664 ut
2111 607 2372 663 Sanctam
2403 625 2534 662 vero
2571 609 2982 679 Cunegundem
3026 612 3197 664 variis
3255 611 3522 665 conviciis
3551 612 3810 682 proscin-

311 702 498 757 aiebat
532 700 862 767 Leibnitius,
903 701 998 755 sed
1031 701 1448 770 abaequalibus
1479 705 1535 754 et
1577 699 2003 770 subaequalibus
2113 697 2216 765 dit,
2250 702 2307 750 et
2363 696 2497 750 satis
2558 703 2752 766 aperte
2801 698 3116 752 adulteram
3176 700 3466 770 proponit,
3500 698 3819 756 damnabili

316 813 338 841 ι
375 790 630 846 exhibita
661 809 688 840 »
738 794 1099 859 argumenta,
1154 790 1364 860 quibus
1407 806 1511 842 nec
1559 789 1744 842 hilum
1777 789 2005 842 ofﬁcere
2115 786 2496 856 quorumdam
2559 802 2960 855 epmmporuni
3019 787 3428 853 familiaritate,
3479 789 3714 842 absente
3759 787 3819 840 in

313 883 504 950 posset
533 881 952 932 comtaneorum
985 877 1054 946 (si
1079 877 1178 948 qui
1207 877 1354 931 forte
1385 878 1594 932 alicubi
1623 880 2008 948 superessent)
2117 872 2573 944 expeditionibus
2601 871 2817 926 bellicis
2849 873 3077 938 marito,
3112 889 3292 940 usam,
3332 895 3352 922 ο
3386 881 3491 927 etc.

314 966 658 1036 scriptorum
700 965 1029 1031 silentium;
1083 973 1147 1020 ut
1195 965 1438 1036 proinde
1491 967 1699 1038 frigida
1747 967 2010 1021 Leibnitii

315 1053 544 1120 locutio,
584 1074 610 1100 α
669 1053 1009 1123 posteriores
1073 1054 1456 1123 tradiderunt,
1483 1079 1510 1104 υ
1555 1058 1718 1126 quasi
1755 1056 2012 1110 indicare

317 1143 473 1209 velit,
505 1141 809 1211 postremis
860 1141 1015 1194 hisce
1044 1141 1264 1195 saeculis
1321 1148 1512 1196 natam
1571 1143 1822 1212 primum
1857 1143 2012 1213 piam

316 1231 486 1284 istam
543 1229 956 1295 credulitatem,
1028 1229 1255 1284 abunde
1321 1234 1622 1284 enervetur
1670 1235 1726 1285 et
1783 1232 2012 1285 convel-

317 1318 486 1373 latur.

389 1408 478 1458 79.
531 1404 798 1459 Pluribus
845 1402 937 1458 hic
1001 1405 1362 1474 supersedeo,
1421 1421 1552 1459 cum
1598 1406 1720 1476 jam
1777 1407 2018 1477 allegata

321 1493 558 1548 omnino
617 1493 904 1546 sufﬁciant
949 1493 1018 1546 ad
1069 1493 1382 1547 refellenda
1452 1511 1581 1566 qua:
1636 1495 1856 1560 leviter,
1919 1499 2020 1549 aut

322 1582 624 1638 mitissime
655 1581 859 1646 dicam,
894 1581 962 1634 ab
1002 1580 1211 1635 illustri
1240 1582 1464 1636 erudito
1517 1583 1660 1649 viro,
1714 1583 2016 1654 nobisque,

322 1673 461 1726 dum
497 1671 732 1735 viveret,
792 1668 974 1724 amico
1028 1671 1250 1740 prolata
1305 1676 1456 1737 sunt,
1515 1672 1720 1727 melius
1784 1689 1851 1726 eo
1897 1674 2020 1726 loco

325 1759 760 1831 praetereunda;
794 1774 922 1830 qua:
953 1759 1289 1814 saneomitti
1313 1761 1529 1831 absque
1551 1762 1819 1832 scrupulo
1852 1765 2023 1832 pote—

324 1853 477 1912 rant,
538 1852 602 1902 ut
657 1851 790 1916 pote
855 1846 1182 1916 importune
1230 1847 1452 1902 intrusa
1499 1849 1568 1902 ad
1628 1848 2022 1902 ostentandam

321 1937 747 2009 quodammodo
797 1935 1197 2001 eruditionem,
1239 1937 1701 2008 quandoquidem
1734 1937 1796 1991 in
1825 1953 1916 2002 eo,
1955 1937 2024 1990 de

326 2043 442 2096 quo
469 2024 552 2078 ibi
581 2024 793 2094 agitur,
823 2040 1017 2093 opere,
1067 2041 1275 2095 nempe
1326 2026 1622 2080 Adelboldi
1660 2025 1912 2096 episcopi
1939 2027 2024 2080 Ul-

325 2113 702 2183 trajectensis,
733 2128 902 2181 supra
935 2130 966 2165 a
997 2112 1160 2166 nobis
1191 2113 1490 2184 descripto,
1551 2131 1655 2168 nec
1679 2114 1916 2168 verbum
1955 2115 2025 2168 de
2103 2139 2122 2151 -

333 2224 353 2248 «ι
389 2199 718 2271 virginitate
775 2199 1102 2253 voluntaria
1132 2220 1160 2251 υ
1211 2217 1242 2254 a
1279 2200 1333 2256 S.
1393 2203 1630 2256 Henrico
1657 2221 1686 2253 ot
1738 2201 1798 2256 in
1829 2201 2028 2256 matri-

333 2288 526 2342 monio
557 2304 687 2342 cum
716 2288 1064 2357 Cunegunde
1118 2289 1362 2359 conjuge
1402 2290 1574 2356 culta,
1609 2310 1635 2340 »
1664 2305 1909 2360 usquam
1933 2305 2026 2342 re-

332 2377 608 2446 periatur.
644 2377 970 2446 Optandum
1003 2393 1138 2430 sane
1167 2383 1316 2431 esset
1343 2381 1408 2431 ut
1439 2393 1598 2432 sacra
1627 2378 1814 2432 omnis
1848 2380 2030 2431 eccle-

334 2465 556 2519 siastica
587 2464 825 2518 historia
852 2470 966 2518 tam
1010 2464 1193 2520 ﬁrmis
1249 2465 1636 2520 fundamentis
1685 2466 2034 2520 consolidata

338 2553 711 2621 stabiliretur,
742 2553 814 2606 ad
851 2553 1180 2607 odiosorum
1237 2554 1559 2608 criticorum
1590 2555 1860 2626 obloquia
1891 2571 2036 2626 pras-

335 2639 618 2694 cludenda
647 2644 702 2693 et
728 2639 957 2710 penitus
1003 2640 1432 2711 exstinguenda.
1481 2643 1604 2696 .lam
1638 2659 1671 2695 a
1700 2647 1860 2696 tanto
1889 2647 2034 2696 tem-

335 2743 476 2798 pore
513 2728 729 2799 experti
758 2733 892 2781 sunt
920 2728 1130 2782 eruditi
1175 2729 1492 2795 acatholici,
1523 2729 1583 2784 in
1612 2731 1720 2784 hoc
1748 2739 1946 2785 nostro
1965 2731 2035 2785 de

340 2817 493 2871 Actis
521 2818 859 2871 Sanctorum
890 2832 1063 2886 opere
1110 2817 1376 2870 veritates
1420 2817 1716 2872 historicas
1745 2823 1862 2872 tam
1884 2834 2040 2872 accu-

339 2921 465 2958 rare
525 2905 771 2960 discerni
820 2905 890 2958 ab
951 2904 1022 2958 iis
1075 2921 1203 2976 qua:
1245 2905 1354 2959 levi
1404 2906 1666 2976 populari
1712 2906 2034 2973 traditione,

340 2993 521 3046 nimia
551 2993 789 3047 subinde
820 2993 1091 3047 facilitate
1131 2993 1377 3048 admissa
1405 2999 1558 3061 sunt,
1589 2999 1652 3048 ut
1678 3001 1886 3048 nostra:
1918 2995 2034 3048 siu-
2068 2993 2108 3044 C

341 3081 559 3135 ceritati
593 3081 768 3135 ﬁdere
800 3087 922 3134 tuto
969 3081 1208 3152 possint,
1262 3098 1364 3135 nos
1416 3098 1532 3136 non
1585 3088 1800 3137 temere
1831 3083 2038 3137 admis-

343 3184 507 3222 suros
563 3185 691 3238 quae
755 3168 952 3222 solidis
1005 3168 1290 3223 historicis
1340 3171 1726 3225 fundamentis
1791 3173 2040 3226 stabilita

344 3273 462 3310 non
492 3257 624 3311 sint.
685 3257 906 3310 Maneat
953 3256 1130 3326 igitur
1182 3257 1242 3309 in
1297 3273 1400 3310 sua
1455 3259 1810 3328 possessione
1849 3266 2040 3314 sancta

347 3349 530 3398 mater
559 3345 845 3398 Catholica
875 3345 1140 3405 Ecclesia,
1173 3349 1228 3397 et
1284 3361 1478 3398 rarum
1530 3345 1897 3400 continentiae
1927 3347 2038 3400 vir-

309 3429 552 3502 ‘ginalis
603 3437 688 3486 tot
740 3432 892 3485 inter
941 3433 1232 3486 illecebras
1287 3434 1637 3503 exemplum,
1695 3451 1794 3487 seu
1851 3435 2041 3504 potius

347 3520 552 3574 divinae
584 3520 783 3590 gratia:
824 3520 1159 3574 miraculum
1203 3521 1370 3591 quale
1396 3521 1598 3576 eodem
1653 3524 1858 3576 saeculo
1889 3523 2044 3576 exhi-

345 3607 551 3662 buitin
571 3609 772 3678 Anglia
807 3609 862 3662 S.
893 3609 1206 3677 Eduardus,
1253 3609 1517 3665 ﬁdelibus
1565 3610 1681 3665 suis
1710 3611 1843 3666 ﬁliis
1891 3612 2042 3666 exal-

348 3701 470 3750 tare
501 3711 564 3749 ac
589 3697 899 3764 praedicare
929 3713 1044 3750 non
1067 3697 1303 3750 desinat.

445 3787 534 3838 80.
593 3785 689 3838 His
746 3785 824 3837 ita
880 3785 1150 3838 adversus
1215 3785 1666 3840 iilustrissimum
1715 3791 1772 3841 et
1827 3786 2045 3841 clarissi

349 3887 532 3936 mum,
564 3873 844 3942 nobisque
896 3873 1402 3927 aestimatissimum
1456 3874 1638 3928 virum
1687 3875 1941 3928 modeste
1981 3893 2046 3929 ac

350 3961 472 4014 sine
513 3961 684 4014 ullius
712 3962 1025 4016 offensione
1060 3962 1349 4027 discussis,
1392 3964 1798 4032 probatisque;
1827 3964 2046 4034 ignosci

350 4049 496 4104 mihi
560 4053 804 4119 postulo,
863 4049 909 4102 si
964 4050 1088 4119 pari
1146 4050 1537 4103 moderatione
1596 4068 1713 4104 non
1763 4052 2045 4121 excipiam

357 4160 376 4186 ι
405 4138 543 4206 otia,
569 4159 596 4187 »
633 4139 841 4191 rectius
897 4138 1124 4199 dixeris,
1177 4138 1418 4191 sonimia
1448 4161 1469 4187 ι
1535 4140 1980 4209 Gundlingiana,
2018 4161 2043 4191 ››

352 4242 483 4296 quas
501 4226 828 4296 germanice
875 4241 1116 4295 procusa
1155 4225 1326 4278 audio
1369 4241 1519 4278 anno
1578 4230 1732 4293 I706,
1765 4243 2039 4298 quorum-
2074 4261 2114 4312 υ

354 4331 464 4385 que
495 4314 924 4385 compendium,
970 4313 1040 4368 ab
1093 4314 1278 4367 amico
1333 4321 1650 4384 acceptum.
1686 4333 1799 4370 non
1829 4318 2044 4388 absque

354 4405 646 4458 stomacho
687 4404 876 4474 legere
927 4402 1112 4473 potui,
1161 4407 1370 4456 tantam
1423 4403 1885 4458 inverecundiam
1917 4423 2050 4459 exe-

355 4497 561 4558 cratus,
631 4492 1003 4560 miratusque,
1054 4490 1111 4543 in
1169 4490 1290 4560 ipsa
1357 4491 1600 4546 Saxonia
1643 4509 1677 4546 a
1729 4495 2050 4563 professore

355 4582 596 4648 Saxone,
628 4580 697 4634 de
739 4578 1142 4648 augustissimo
1195 4580 1470 4634 Saxonico
1529 4581 1805 4652 principe,
1853 4591 2052 4638 contra

355 4669 977 4740 apertissimamiidem
1033 4668 1384 4732 historicum,
1432 4671 1910 4726 constantissimis
1967 4678 2052 4726 tot

357 4759 698 4812 saeculorum
746 4756 1090 4811 testimoniis
1168 4757 1470 4824 ﬁrmatam,
1529 4765 1646 4814 tam
1712 4760 2052 4815 immodesta

359 4851 668 4900 scommata
739 4844 897 4913 vulgi
949 4844 1129 4898 oculis
1187 4845 1382 4915 lingua
1453 4849 1756 4904 vernacula
1799 4851 2054 4920 exposita

359 4935 552 5003 fuisse,
588 4951 717 5005 quas
766 4936 871 5008 vel
905 4935 1064 5005 ipsis,
1117 4937 1317 4990 saltem
1372 4938 1635 5006 cordatis,
1693 4939 2050 5007 Lutheranis,

361 5040 527 5079 exosa
573 5023 936 5090 crediderim,
981 5029 1172 5095 utpote
1203 5025 1401 5096 putida
1453 5026 1749 5098 ﬁgmenta,
1794 5043 1909 5081 non
1943 5028 2054 5082 nisi

360 5115 611 5167 Vulcano
650 5111 842 5181 digna.
877 5113 1062 5168 Audet
1086 5113 1192 5178 vir,
1228 5119 1290 5167 ut
1331 5115 1523 5180 audio,
1557 5131 1673 5168 non
1725 5115 2052 5169 illitteratus

362 5223 390 5250 οι
426 5200 543 5255 otio
577 5219 604 5250 δ
635 5217 736 5255 suo
757 5201 934 5266 abuti,
995 5207 1059 5256 ut
1090 5202 1149 5255 in
1197 5203 1448 5257 caelestes
1496 5207 1800 5274 Augustos,
1834 5204 2051 5258 calamo

357 5306 474 5345 non
527 5289 660 5343 satis
702 5288 995 5359 castigato,
1061 5291 1376 5345 calumnias
1425 5296 1671 5356 evomat,
1735 5305 2052 5361 eorumque

356 5377 734 5432 castissimum
765 5379 1121 5450 conjugium,
1163 5379 1382 5450 spurcis
1433 5378 1725 5432 nonnullis
1756 5380 2052 5434 sarcasmis

354 5467 750 5541 commaculet,
818 5468 1236 5523 sanctissimum
1266 5469 1675 5537 Imperatorem
1729 5466 2052 5522 describens

356 5577 382 5605 «
418 5560 482 5610 ut
510 5556 803 5611 hominem
832 5557 1184 5626 morbidum,
1226 5558 1621 5628 impotentem,
1677 5559 1807 5621 etc.,
1860 5555 2047 5609 virum

2190 1009 2276 1059 8t.
2326 1005 2546 1072 Mirare,
2605 1004 2861 1073 obsecro,
2902 1026 2929 1056 «τ
2987 1005 3103 1060 otia
3159 1006 3598 1077 Cundlingiana,
3631 1028 3656 1052 ››
3703 1003 3826 1058 otia

2121 1110 2296 1160 mera,
2324 1093 2484 1163 jocos
2509 1093 2792 1162 scurriles,
2838 1094 3015 1147 aniles
3041 1100 3276 1165 satyras,
3340 1111 3606 1148 vocemus
3639 1109 3827 1161 nugas

2121 1189 2177 1237 et
2203 1198 2396 1252 gerras
2426 1182 2630 1237 Siculis
2675 1182 3003 1250 inaniores;
3037 1186 3235 1255 quales
3285 1190 3434 1238 certe
3487 1183 3830 1237 fatebuntur

2121 1269 2329 1322 eruditi
2360 1285 2578 1335 omnes,
2613 1270 2822 1340 quibus
2852 1272 2973 1324 haec
3005 1271 3322 1336 scribimus,
3357 1271 3529 1326 etiam
3582 1271 3829 1324 acatho-

2124 1357 2238 1424 lici,
2272 1358 2423 1427 apud
2471 1374 2615 1428 quos
2655 1358 2712 1412 id
2761 1376 2944 1430 genus
2997 1360 3390 1413 cautiunculas
3451 1359 3830 1413 commisera-

2125 1445 2278 1498 tione
2309 1445 2499 1513 potius
2530 1461 2702 1516 quam
2725 1446 2930 1516 plausu
2979 1446 3151 1516 digna
3209 1447 3624 1513 existimamus,
3659 1462 3831 1516 mque

2127 1549 2191 1586 ac
2221 1533 2587 1586 novissimam
2621 1534 2855 1587 alterius
2891 1534 3194 1588 Lutherani
3227 1535 3432 1590 thesim
3469 1535 3832 1598 historicam,

2127 1620 2244 1673 imo
2274 1620 2538 1674 fabellam
2587 1620 3021 1691 ineptissimam,
3080 1621 3377 1688 videlicet;
3415 1642 3443 1674 α
3475 1623 3835 1692 Conjugium

2051 1711 2092 1765 Β
2128 1709 2184 1764 S.
2220 1709 2445 1763 Henrici
2475 1711 2842 1780 Imperatoris
2897 1727 3026 1764 cum
3072 1717 3266 1765 sancta
3296 1712 3666 1783 Cunegunde,
3710 1727 3839 1765 non

2129 1797 2287 1850 omni
2311 1803 2575 1868 tempore
2613 1799 2787 1852 fuisse
2819 1798 3158 1869 virgineum.
3192 1820 3219 1851 ››
3254 1799 3399 1864 Quid
3431 1807 3516 1854 est
3560 1799 3837 1863 delirare,

2130 1886 2177 1937 si
2209 1886 2314 1939 hoc
2341 1901 2456 1939 non
2489 1891 2573 1940 est
2601 1889 2628 1940 ?
2656 1889 2774 1952 Ast,
2805 1887 2992 1958 inquit
3012 1888 3128 1953 ille,
3155 1887 3497 1942 documenta
3529 1888 3839 1958 reperiun-

2133 1979 2246 2039 tur,
2271 1989 2334 2026 ex
2367 1974 2577 2044 quibus
2636 1981 2876 2041 constet,
2932 1977 3190 2046 publicas
3238 1993 3434 2046 preces
3489 1976 3733 2030 indictas
3765 1975 3843 2028 ad

2131 2061 2553 2130 impetrandam
2602 2066 2726 2115 toro
2783 2063 3118 2118 Henriciano
3174 2063 3625 2118 foecunditatem.
3684 2063 3845 2126 Quid

2133 2153 2256 2202 tum
2287 2154 2480 2219 postea
2509 2150 2536 2203 ζ)
2556 2150 2718 2218 Quid,
2756 2151 2802 2203 si
2828 2151 2884 2204 id
2913 2151 3061 2204 ultro
3105 2151 3408 2205 admittant
3432 2153 3848 2222 fateanturque

2137 2237 2584 2307 Bambergenses
2614 2238 2641 2292 ?
2670 2239 2784 2293 Cur
2811 2239 2868 2293 id
2905 2239 3089 2310 magis
3115 2239 3177 2296 S.
3219 2239 3466 2306 Henrici,
3518 2256 3692 2311 quam
3721 2240 3846 2292 alio

2133 2329 2396 2396 tempore
2430 2327 2669 2380 vetitum
2698 2327 2726 2379 Ἰ
2755 2333 2836 2382 An
2871 2329 3093 2399 uspiam
3129 2329 3268 2395 legit
3321 2329 3462 2398 ipse,
3491 2329 3853 2382 castissime-

2137 2430 2267 2468 rum
2322 2417 2635 2486 conjugum
2694 2417 3107 2470 continentiam
3159 2419 3331 2487 vulgo
3391 2423 3584 2471 notam
3637 2417 3850 2482 fuisse,

2139 2504 2287 2574 quod
2321 2509 2548 2558 sanctus
2571 2506 2690 2575 ipse
2727 2505 3013 2570 Henricus,
3057 2506 3177 2576 jam
3235 2505 3406 2560 morti
3439 2506 3758 2576 proximus,
3789 2507 3851 2560 id

2140 2593 2392 2663 primum
2419 2594 2704 2663 patefecit,
2739 2610 2973 2648 uxorem
3005 2595 3283 2665 virginem
3317 2595 3654 2666 propinquis
3685 2596 3859 2648 resti-

2140 2682 2355 2735 tuens?
2388 2683 2706 2751 Impostura
2739 2683 2849 2736 alia
2892 2683 3062 2736 aliam
3120 2683 3299 2737 trudit
3327 2699 3340 2736 :
3371 2684 3520 2736 eruit
3543 2684 3637 2737 ille
3667 2683 3859 2737 nimi-

2142 2785 2273 2824 rum
2356 2769 2702 2824 documenta
2758 2771 3103 2836 authentica,
3189 2771 3399 2842 quibus
3461 2772 3860 2826 demonstrari

2143 2857 2342 2928 possit,
2375 2875 2442 2911 ex
2486 2859 2577 2913 SS.
2621 2859 2860 2913 Henrico
2919 2864 2974 2913 et
3031 2860 3381 2929 Cunegunda
3441 2862 3616 2914 ﬁliam
3649 2866 3862 2916 natam

2145 2946 2340 3010 fuisse,
2378 2947 2598 3000 Novum
2643 2953 2994 3017 portentum,
3049 2949 3166 3001 imo
3232 2949 3486 3019 lepidum
3537 2950 3858 3018 ferculum,

2147 3051 2264 3088 non
2291 3034 2431 3087 mihi
2462 3035 2556 3087 sed
2591 3055 2616 3085 α
2647 3035 2830 3088 otioso
2863 3036 3228 3106 Gundliugio,
3277 3059 3297 3085 ι
3325 3036 3502 3107 probe
3533 3037 3863 3092 mastican-

2149 3123 2394 3188 dum,ut
2427 3122 2479 3176 id
2528 3121 2728 3176 saltem
2777 3139 2844 3176 ex
2901 3125 3222 3178 contribule
3272 3141 3373 3177 suo
3425 3126 3618 3187 discat,
3670 3125 3867 3197 impo-

2149 3215 2363 3265 tentem
2396 3227 2509 3264 non
2538 3211 2711 3266 fuisse
2768 3213 3192 3267 sanctissimum
3239 3215 3676 3284 Imperatorem,
3714 3231 3863 3286 qua-

2149 3301 2261 3354 lem
2295 3300 2417 3369 ipse
2447 3300 2760 3370 procaciter
2789 3301 3031 3372 efﬁngit.

2219 3436 2306 3488 82.
2344 3433 2558 3487 lliustri
2579 3433 2671 3487 isti
2692 3433 2751 3487 in
2805 3434 3001 3504 paucis
3049 3439 3285 3488 servatae
3340 3433 3400 3488 in
3431 3433 3702 3504 conjugio
3738 3435 3868 3490 vir-

2150 3521 2407 3592 ginitatis
2433 3522 2696 3592 prodigio
2718 3524 2888 3577 afline
2931 3530 3017 3576 est
3048 3523 3189 3577 illud
3218 3523 3373 3593 quod
3417 3523 3588 3578 habet
3615 3527 3867 3594 Anony-

2150 3627 2278 3664 mus
2317 3626 2440 3680 cap.
2469 3614 2528 3664 2t
2562 3627 2575 3676 ;
2611 3611 2680 3665 de
2710 3612 2771 3668 S.
2838 3612 3062 3666 Henrici
3094 3611 3398 3682 zelotypia,
3439 3611 3800 3682 probataque
3833 3632 3869 3667 a

2152 3703 2346 3752 sancta
2399 3714 2577 3752 uxore
2633 3715 2736 3770 per
2815 3700 3120 3754 candentes
3183 3715 3441 3754 vomeres
3498 3699 3868 3767 innocentia,

2153 3787 2307 3858 quod
2337 3787 2458 3857 pari
2494 3788 2696 3854 ferme,
2733 3792 2793 3841 ut
2836 3787 3119 3858 superius,
3182 3793 3465 3858 prastenso
3510 3796 3869 3858 argumento

2153 3893 2187 3929 a
2218 3876 2511 3930 malevolis
2537 3875 2731 3929 arrodi
2786 3880 2976 3946 posset
3027 3891 3095 3929 ex
3125 3875 3468 3946 scriptorum
3533 3881 3869 3932 coaetaneu-

2155 3981 2282 4019 rum
2333 3964 2581 4018 silentio.
2635 3965 2842 4018 Verum
2903 3964 3194 4018 enimvero
3245 3964 3468 4034 pridem
3517 3964 3670 4018 istud
3718 3967 3873 4020 satis

2155 4053 2518 4107 vindicarunt
2547 4053 2809 4106 laudatus
2856 4041 3006 4122 Saepe
3067 4052 3419 4106 Hofmannus
3450 4051 3508 4104 in
3539 4052 3874 4108 Annalibus

2161 4140 2696 4208 Bambergensibus,
2721 4139 2829 4194 col.
2863 4143 2930 4193 52
2971 4144 3029 4193 et
3058 4141 3147 4204 53,
3207 4145 3377 4209 atque
3431 4139 3868 4204 Henschenius,

2157 4230 2337 4285 diem
2371 4227 2573 4293 Martii,
2637 4228 2698 4281 in
2751 4227 3174 4282 Commentario
3205 4227 3419 4296 praevio
3471 4227 3540 4280 ad
3583 4226 3639 4284 S.
3675 4228 3877 4284 Cune-

2155 4315 2364 4386 gundis
2393 4319 2531 4369 Acta
2559 4320 2660 4381 9'2,
2691 4315 2762 4369 ad
2801 4332 2969 4386 quos,
3005 4332 3072 4369 ne
3130 4323 3319 4370 actum
3367 4331 3557 4385 agam,
3588 4315 3872 4380 lectores,

2163 4410 2220 4458 et
2240 4419 2358 4474 pra:
2385 4403 2606 4457 caeteris
2643 4403 3077 4473 Cundlingium,
3137 4403 3468 4458 castissima:
3519 4404 3876 4473 Imperatri-

2159 4493 2238 4546 cis
2265 4495 2448 4546 ferum
2481 4499 2816 4561 mastygem,
2845 4492 3098 4547 remitto.
3141 4491 3199 4546 Id
3230 4493 3465 4545 unicum
3489 4492 3548 4545 in
3578 4508 3644 4544 ea
3675 4491 3875 4548 histo-

2162 4582 2246 4635 ria
2288 4597 2320 4634 a
2355 4579 2770 4634 morosioribus
2818 4579 3134 4634 desiderari
3182 4586 3399 4650 posset,
3449 4580 3602 4650 quod
3630 4586 3869 4637 certum

2161 4678 2388 4740 tempus
2419 4669 2708 4738 designari
2735 4672 3001 4739 nequeat,
3035 4669 3113 4723 uti
3168 4685 3272 4722 nec
3331 4670 3486 4724 locus
3535 4668 3595 4722 in
3624 4685 3744 4738 quo
3773 4687 3875 4725 res

2162 4777 2228 4813 ea
2249 4757 2570 4827 contigerit.
2623 4758 2976 4812 Hofmannus
3019 4757 3300 4828 triumphi
3359 4758 3690 4828 palaestram
3725 4759 3879 4814 desi-

2161 4853 2298 4918 gnat
2333 4847 2704 4917 Bambergam
2762 4847 2967 4917 ipsam,
3016 4846 3206 4901 Sancti
3237 4847 3534 4916 utriusque
3583 4845 3875 4902 delicium

2161 4951 2377 4990 annum
2405 4951 2538 4989 vero
2570 4938 2726 4992 lUl7.
2761 4935 2912 5004 quod
2943 4949 3074 4988 eum
3123 4934 3382 5005 suspicor
3417 4950 3486 4988 ex
3516 4950 3875 4992 monumen-

2159 5025 2230 5079 tis
2256 5024 2770 5093 Bambergensibus
2785 5022 3048 5077 alicunde
3070 5023 3302 5077 eruisse.
3331 5027 3416 5077 An
3441 5022 3682 5092 praefato
3707 5041 3876 5082 anno

2163 5112 2356 5166 omnia
2383 5111 2674 5181 aptissime
2703 5114 3040 5180 congruant,
3101 5127 3165 5164 ex
3225 5111 3558 5186 deducendo
3598 5113 3878 5181 proxime

2159 5202 2287 5255 vitae
2317 5201 2372 5256 S.
2405 5200 2629 5255 Henrici
2675 5198 3046 5268 chronologio
3096 5199 3295 5254 ordine
3326 5199 3517 5269 colligi
3548 5204 3879 5272 utcumque

2162 5291 2372 5360 poterit
2403 5307 2416 5355 ;
2447 5288 2614 5343 nobis
2646 5287 2854 5342 sufﬁcit
2897 5303 3017 5341 rem
3069 5288 3251 5358 ipsam
3298 5288 3358 5342 in
3413 5291 3878 5348 controversiam

2163 5395 2274 5432 non
2305 5379 2449 5432 adeo
2507 5377 2669 5432 facile
2717 5377 3116 5442 revocandam,
3149 5377 3311 5446 cujus
3363 5381 3478 5430 tam
3528 5377 3879 5435 authentica

2163 5472 2556 5534 monumenta,
2587 5470 2729 5520 teste
2771 5465 3114 5532 Hofmanno,
3175 5465 3235 5519 in
3288 5466 3440 5519 hunc
3491 5481 3674 5535 usque
3707 5468 3874 5525 diem

2159 5559 2482 5627 supersunt,
2543 5571 2673 5626 quas
2722 5570 2853 5609 cum
2909 5559 3206 5626 tantopere
3248 5553 3578 5624 impugnari
3625 5570 3746 5610 non
3777 5559 3876 5612 vi-
