3940 6324
280 347 346 398 Ξὶεἱ
1583 349 1636 402 5.
1693 343 1976 400 liENHlCl
2021 342 2494 399 lMI’ERATUltIS
3719 339 3784 390 liti

281 467 381 523 Sco
424 465 682 524 Martine.
1131 469 1210 522 Tu
1249 467 1413 523 illum
1452 466 1683 523 adiuua.

283 557 498 612 Exaudi
534 573 664 627 xpe.
1130 556 1687 628 omnibusjudicibus
1705 560 1975 610 etcuncto

353 645 625 700 exercitui
650 644 993 716 xpianornm
1024 644 1144 700 uita
1171 651 1229 699 et
1255 645 1512 700 uictoria.

285 736 385 788 Sce
422 731 669 803 Georgii.
1132 735 1211 786 'l‘u
1253 733 1379 786 illos
1418 733 1644 787 adiuua.

284 823 385 876 See
425 825 864 878 Emmeramme.
1134 822 1218 875 Tn
1257 819 1385 874 illos
1425 821 1656 876 adiuua.

261 910 388 964 .Sce
431 909 783 966 Sebastiano.
1137 911 1218 964 Tu
1257 909 1388 963 illos
1425 910 1658 964 adiuua.

285 997 392 1050 ch
427 1013 620 1063 vmcxr,
659 999 764 1051 ch
803 1012 1033 1061 unausr,
1075 997 1192 1052 ch
1231 1010 1410 1048 mean.

289 1083 404 1136 Rex
445 1099 666 1154 regum.
1135 1087 1248 1155 ch
1285 1086 1484 1140 uincit.
1525 1101 1653 1156 xpc.
1695 1087 1914 1155 regnat.

289 1171 480 1224 Gloria
507 1177 719 1226 nostra.
1131 1175 1244 1244 ch
1283 1174 1434 1227 uinc.
1477 1189 1608 1243 xpc.
1657 1189 1777 1242 reg.

290 1259 674 1314 Misericordia
703 1265 916 1315 nostra.
1136 1263 1252 1332 ch
1289 1261 1442 1316 uino.
1485 1278 1610 1331 xpc.
1655 1277 1772 1330 reg.

287 1346 426 1414 Spes
465 1353 678 1401 nostra.
1138 1351 1251 1420 ch
1290 1351 1441 1404 uinc.
1484 1367 1610 1421 xpc.
1653 1364 1773 1418 reg.

290 1434 580 1489 Auxilium
603 1441 886 1491 nostrum.
1134 1439 1248 1508 ch
1287 1439 1440 1491 unic.
1483 1453 1606 1508 xpc.
1649 1453 1767 1506 reg.

297 1522 540 1576 Victoria
581 1530 795 1579 nostra.
1139 1525 1253 1596 ch
1293 1527 1440 1580 uiuc.
1484 1542 1606 1595 xpc.
1653 1541 1770 1594 reg.

297 1611 430 1678 Lux,
457 1612 566 1674 uia,
604 1613 815 1666 ueritas
852 1617 1062 1667 nostra.
1637 1614 1750 1683 ch
1821 1613 1984 1666 uiuc.

296 1699 589 1754 Fortitudo
619 1705 674 1754 et
702 1700 922 1755 iustitia
949 1707 1158 1755 nostra.
1537 1723 1546 1732 α
1652 1703 1784 1771 ch.
1830 1702 1981 1755 uinc.

295 1787 604 1842 Prudentia
634 1793 690 1842 et
719 1789 1100 1859 temperantia
1131 1795 1342 1843 nostra.
1652 1790 1783 1859 ch.
1827 1790 1980 1844 uinc.

299 1875 578 1930 Liberatio
609 1881 666 1930 et
686 1877 1007 1946 redemptio
1035 1883 1246 1932 nostra.
1655 1881 1788 1951 ch.
1833 1879 1986 1934 uinc.

300 1967 469 2018 Arma
503 1972 696 2019 nostra
727 1965 1123 2020 inuictissima.
1655 1969 1787 2038 ch.
1833 1967 1985 2022 uinc.

298 2052 486 2106 Murus
519 2054 588 2106 ﬁr
637 2053 1118 2124 inexpugnabilis.
1668 2057 1800 2126 ch.
1834 2056 1984 2109 uinc.

305 2139 562 2194 Defensio
591 2145 648 2194 et
678 2140 944 2194 exaltatio
968 2147 1179 2195 nostra.
1661 2146 1792 2214 ch.
1835 2144 1986 2197 uiue.

305 2227 417 2296 Ipsi
447 2228 554 2281 soli
579 2229 887 2298 imperium
913 2230 1094 2299 gloria
1131 2235 1188 2283 et
1228 2234 1476 2301 potestas
1513 2247 1614 2302 per
1641 2231 1989 2286 immortalia

372 2316 486 2369 scla
515 2317 764 2370 sclorum
793 2333 904 2371 am.

305 2403 420 2474 Ipsi
449 2405 556 2458 soli
584 2404 725 2472 laus,
757 2405 944 2460 honor
972 2411 1027 2460 et
1055 2405 1317 2461 iubilatio
1349 2423 1450 2477 per
1477 2407 1704 2462 infinita
1733 2408 1848 2463 scla
1903 2425 1989 2462 se-

376 2493 637 2546 culorum
665 2509 853 2548 amen.

304 2579 418 2648 Ipsi
449 2580 556 2634 soli
585 2581 785 2644 uirtus,
821 2582 1094 2636 fortitudo
1129 2588 1188 2637 et
1210 2582 1447 2637 victoria
1478 2599 1578 2654 per
1637 2585 1832 2638 omnia
1879 2587 1994 2639 scla

374 2670 618 2722 sclorum
647 2687 832 2723 amen.

304 2759 409 2810 XPi-z
439 2775 564 2812 Arni
611 2775 737 2812 nos.
786 2761 918 2812 Tan.

309 2846 484 2900 linus
527 2863 763 2901 ELEYSON
777 2889 790 2902 .

483 2949 510 3019 ἓ
542 2951 627 3004 ΙΧ.
663 2953 750 3004 Er
776 2953 1012 3006 Lilauiis
1042 2953 1522 3019 Bumbergensibus
1554 2955 1824 3008 incassum

994 3024 1312 3090 suggillata.

376 3109 465 3162 87.
489 3109 674 3163 Habes
699 3109 871 3164 modo
901 3109 1026 3163 orbi
1056 3109 1376 3179 expositum
1407 3117 1463 3165 et
1486 3112 1798 3165 revelatum
1844 3128 1992 3183 prte-

306 3199 534 3250 tensum
564 3195 885 3267 iniquitatis
909 3197 1266 3268 mysterium,
1291 3199 1444 3269 quod
1475 3199 1534 3252 in
1569 3199 1803 3254 Litaniis
1827 3202 1991 3255 Bam-

307 3283 678 3354 bergensibus
727 3283 905 3338 latere
929 3285 1140 3338 frustra
1196 3284 1304 3338 sibi
1361 3292 1767 3356 persuaserunt
1809 3287 1991 3340 conti-

307 3371 518 3427 nentiae
547 3371 896 3427 Henricianaa
925 3389 1041 3426 non
1067 3373 1261 3427 minus
1282 3389 1455 3444 quam
1486 3374 1674 3428 omnis
1728 3375 1992 3430 castimo-

309 3461 437 3524 niae,
473 3461 532 3515 in
563 3462 822 3516 Romana
841 3461 1105 3516 Ecclesiae
1131 3467 1429 3532 tantopere
1459 3463 1773 3526 aestimatae,
1803 3480 1993 3517 osores

311 3549 596 3602 malevoli.
649 3549 874 3604 Redditi
929 3553 1062 3604 sunt
1110 3551 1461 3605 characteres
1512 3567 1732 3614 omnes,
1789 3553 1992 3606 saltem

308 3639 493 3708 quoad
525 3637 650 3692 ﬁeri
679 3638 886 3707 potuit,
940 3643 1070 3709 post
1117 3640 1419 3694 exclusase
1471 3639 1850 3710 typographia
1889 3641 1994 3695 ab—

308 3725 688 3792 brevationes,
721 3743 862 3797 quas
887 3726 946 3781 in
973 3743 1051 3781 aes
1093 3727 1346 3782 incidere
1380 3744 1569 3799 operae
1597 3730 1850 3798 pretium
1905 3730 1994 3783 vi—

313 3831 440 3868 sum
471 3831 586 3869 non
607 3819 714 3883 est,
744 3831 875 3870 cum
905 3831 970 3869 ex
997 3816 1065 3870 iis
1089 3816 1488 3871 controversiae
1531 3822 1702 3888 caput
1758 3818 1996 3873 minime

311 3901 574 3971 pendeat.
598 3903 842 3959 Libellus
872 3904 978 3958 iste
1009 3905 1298 3974 gradualis
1344 3906 1624 3978 oblongus
1665 3912 1769 3975 est,
1811 3923 1995 3978 angu-

312 3990 503 4044 stioris
543 3991 767 4058 formae,
822 3993 1109 4048 tantillum
1178 3995 1500 4063 superantis
1554 3996 1851 4050 columnas
1907 3997 1998 4051 hic

309 4079 669 4150 compositas,
702 4079 910 4150 quibus
958 4081 1359 4136 verba-omnia
1391 4084 1704 4138 secundum
1754 4083 1997 4154 syllabas

311 4174 367 4223 et
417 4169 599 4222 lineas
642 4168 896 4223 adhibita
941 4175 1098 4240 sunt,
1155 4171 1315 4225 nullo
1375 4171 1535 4242 apice
1583 4173 1843 4243 neglecto
1899 4177 1998 4225 aut

311 4257 676 4328 transposito.
716 4259 850 4312 Tres
879 4259 1058 4313 ferme
1087 4260 1340 4330 pagellas
1391 4259 1594 4331 implet
1625 4265 1741 4314 tota
1793 4277 1862 4314 ea
1907 4261 1992 4314 Li-
2026 4295 2066 4346 υ

313 4347 484 4412 tania,
535 4351 618 4400 tot
649 4347 1112 4417 suppositionum
1143 4354 1199 4402 et
1253 4349 1671 4402 calumniarum
1723 4347 1993 4413 materia;

312 4451 484 4505 quam
515 4435 676 4489 nobis
713 4435 784 4488 ad
821 4437 995 4488 libelli
1027 4451 1289 4490 normam
1343 4436 1597 4491 dividere
1653 4451 1772 4490 non
1813 4435 1996 4502 licuit,

314 4523 448 4577 satis
501 4522 608 4576 fuit
667 4527 849 4577 totam
899 4524 1146 4577 ﬁdeliter
1207 4529 1664 4594 repraesentasse,
1739 4523 1999 4580 [lubricis

311 4611 663 4682 capitalibus,
699 4615 761 4664 ut
782 4612 950 4682 vulgo
983 4613 1316 4681 loquuntur,
1345 4615 1404 4666 in
1433 4613 1616 4683 prima
1648 4613 1790 4667 facie
1819 4611 1999 4667 nitide

313 4698 568 4769 depictus
597 4705 680 4752 est
725 4701 1032 4770 praedictus
1087 4699 1306 4766 titulus,
1352 4701 1618 4754 Lmanws
1669 4702 1998 4768 (insumus,

313 4787 516 4841 litteris
566 4788 861 4842 hodiernus
907 4788 1105 4842 formai
1155 4805 1269 4841 non
1341 4789 1585 4843 multum
1646 4790 2000 4844 absimilibns

311 4882 519 4947 praeter
542 4878 595 4931 E.
631 4878 692 4932 (ἱ.
749 4881 872 4933 Aet
923 4879 984 4931 D.
1039 4876 1260 4930 Titulus
1309 4877 1548 4930 interior
1585 4877 1772 4932 rubris
1828 4879 1999 4932 etiam

315 4955 661 5036 majusculis.
697 4971 1006 5035 utcumque
1049 4965 1198 5036 typis
1255 4963 1462 5018 nostris
1505 4965 1862 5035 exprimitur.
1914 4966 2003 5019 Sic

313 5052 519 5106 litterae
549 5051 798 5106 initiales
829 5067 1026 5104 omnes
1057 5050 1310 5104 miniatae
1341 5055 1493 5115 sunt,
1531 5051 1612 5104 uti
1652 5055 1708 5104 et
1754 5053 1812 5116 Χ,
1865 5067 2003 5121 quo-

315 5140 667 5211 tiescumque
697 5139 942 5192 recurrit
983 5138 1188 5193 Christi
1213 5138 1524 5193 Servatoris
1574 5154 1806 5204 nomen,
1839 5139 2002 5208 cujus

317 5243 752 5299 monogramma
826 5227 962 5281 satis
1020 5231 1215 5281 notum
1275 5245 1395 5281 esse
1445 5231 1736 5297 putamus.
1813 5227 2000 5281 Fidem

317 5334 418 5370 nos
446 5317 670 5388 integre
729 5316 1022 5383 liberasse,
1075 5316 1272 5369 testari
1330 5321 1602 5386 poterunt
1649 5317 2000 5386 quicumque

316 5405 735 5474 autographum
767 5404 957 5474 ipsum
989 5404 1316 5474 Bambergaa
1337 5403 1618 5473 inspicere
1643 5408 1699 5456 et
1736 5419 1866 5456 cum
1899 5403 2004 5456 hac

317 5493 567 5546 editione
598 5495 851 5546 conferre
883 5493 1290 5562 dignabuntur.

387 5584 472 5634 88.
511 5583 682 5634 Porro
713 5583 938 5636 schema
967 5583 1034 5636 ad
1071 5599 1156 5635 me
1211 5581 1630 5647 transmissum,
1687 5586 1857 5651 atque
1914 5580 2002 5635 hic

2008 471 2052 520 Α
2090 465 2240 537 typis
2283 479 2572 531 excusum,
2631 469 2748 520 tam
2781 461 2962 534 rigide
2995 477 3096 534 per
3135 461 3362 533 singula
3419 461 3659 528 excussi,
3724 465 3788 516 ut

2089 555 2232 608 nihil
2259 554 2535 608 intactum
2565 551 2897 622 reliquerim
2931 551 3070 622 quin
3105 551 3160 606 id
3187 551 3463 605 continuo
3521 551 3784 606 Bamber-

2090 643 2360 712 geusibus
2415 642 2742 712 objicerem.
2797 640 3087 711 Imprimis
3143 640 3378 694 Litanias
3449 639 3591 706 istae,
3649 639 3782 694 licet

2093 731 2422 800 Bambergai
2444 729 2753 783 bodiedum
2781 734 3096 793 asservalae,
3131 745 3234 798 pro
3265 727 3548 782 istiusmet
3603 729 3782 782 eccle-

2091 819 2187 874 sia;
2213 835 2320 873 usu
2349 817 2572 888 scriptae
2629 834 2736 870 non
2797 817 3082 882 videntur,
3145 816 3258 880 ubi,
3327 817 3528 886 procul
3581 816 3780 880 dubio,

2089 906 2296 961 additos
2327 911 2516 960 essent
2543 905 2954 975 appellationes
2992 905 3312 960 fundatoris
3341 911 3400 959 et
3426 904 3778 959 fundatricis.

2093 996 2372 1050 Praeterea
2409 1011 2524 1048 non
2563 999 2712 1048 recte
2762 993 3024 1064 signatur
3077 994 3336 1058 Sanctus,
3383 1013 3411 1044 ε(
3471 993 3783 1064 imperator

2092 1101 2124 1137 a
2149 1085 2263 1138 Deo
2291 1087 2613 1149 coronatus,
2641 1102 2663 1131 ι
2700 1082 2838 1136 dum
2866 1081 3100 1136 interim
3142 1081 3484 1150 Cnnegundi
3542 1081 3784 1152 simplex

2091 1171 2304 1242 reginae
2381 1171 2578 1224 titulus
2635 1169 2962 1242 apponitur,
3033 1169 3502 1240 quandoquidem
3565 1174 3789 1224 constet

2094 1259 2290 1313 ambos
2320 1260 2520 1313 eodem
2551 1259 2643 1314 die
2673 1277 2707 1312 a
2739 1259 3037 1314 Benedicto
3091 1260 3194 1313 PP.
3247 1259 3386 1322 Vill,
3420 1275 3572 1312 anno
3631 1261 3784 1322 lOl-b,

2097 1349 2290 1402 Romae
2319 1349 2573 1402 Caesareo
2602 1346 2926 1402 diademate
2949 1346 3218 1416 impostio
3275 1346 3675 1416 inauguratos.
3713 1350 3786 1399 At

2097 1453 2230 1490 vero
2275 1435 2484 1490 Kceleri
2551 1437 2806 1505 palmare
2855 1443 3260 1504 argumentum
3327 1451 3430 1504 pro
3487 1435 3788 1489 existentia

2102 1548 2120 1573 ιι
2161 1524 2531 1578 nobilissimae
2559 1523 2736 1594 prolis
2765 1523 2994 1594 regalis,
3025 1545 3044 1570 ι
3079 1523 3264 1576 acrius
3285 1523 3618 1594 intorquere
3672 1539 3788 1577 non

2101 1613 2310 1680 destiti,
2333 1612 2441 1666 hoc
2470 1612 2649 1666 ferme
2675 1611 2998 1677 ratiocinio,
3023 1611 3092 1666 ad
3147 1611 3466 1678 hominem,
3508 1617 3572 1666 ut
3601 1610 3785 1676 aiunt,

2099 1701 2366 1755 adversus
2422 1701 2867 1769 Bambergenses
2945 1699 3330 1752 concludens:
3393 1699 3518 1752 Non
3594 1696 3788 1751 minus

2099 1793 2316 1842 certum
2346 1793 2450 1856 est,
2472 1787 2533 1841 in
2575 1787 2647 1839 iis
2681 1785 2912 1842 Litaniis
2961 1787 3142 1840 Deum
3198 1785 3450 1839 invocari
3501 1801 3604 1856 pro
3639 1804 3666 1836 α
3697 1802 3788 1838 sa-

2099 1877 2214 1930 lute
2237 1881 2293 1930 et
2323 1875 2435 1929 vita
2465 1875 2834 1929 nobilissimae
2863 1875 3040 1944 prolis
3093 1875 3319 1944 regalis,
3353 1896 3381 1922 ››
3433 1890 3608 1946 quam
3661 1891 3784 1928 cer-

2095 1969 2220 2019 tum
2253 1967 2324 2018 sit
2353 1963 2608 2018 invocari
2636 1979 2740 2034 pro
2763 1963 2877 2017 vita
2907 1967 2963 2017 et
3018 1962 3254 2017 victoria
3282 1963 3334 2017 S.
3375 1961 3625 2030 Henrici,
3680 1978 3791 2032 pro

2099 2054 2280 2108 salute
2301 2059 2358 2107 et
2401 2052 2516 2106 vita
2545 2051 2606 2106 S.
2647 2051 3080 2122 Chunignndze;
3109 2055 3280 2122 atque
3301 2052 3408 2105 hoc
3467 2051 3788 2105 secundum

2099 2141 2250 2212 apud
2278 2156 2377 2193 vos
2403 2125 2790 2194 indubitatum
2820 2143 2922 2205 est,
2962 2138 3164 2209 quidni
3191 2137 3370 2207 igitur
3409 2143 3466 2192 et
3487 2138 3739 2208 primum
3764 2139 3792 2193 ζ)

2098 2231 2298 2284 Preces
2318 2243 2420 2299 pro
2453 2227 2790 2297 conjugibus
2829 2231 2893 2280 ut
2923 2225 3065 2280 vivis
3091 2225 3308 2280 ibidem
3339 2226 3412 2281 ad
3445 2227 3622 2280 Deum
3654 2226 3790 2280 fun-

2097 2317 2330 2381 duntur,
2361 2316 2551 2370 vivere
2587 2315 2780 2386 itaque
2795 2315 2970 2368 etiam
2999 2315 3250 2385 oportuit
3311 2335 3340 2366 ιι
3373 2314 3792 2370 nobilissimam

2097 2407 2318 2476 prolem
2347 2405 2618 2474 regalem,
2653 2422 2679 2454 ››
2710 2409 2766 2457 et
2814 2419 2944 2474 quae
2993 2403 3125 2458 inde
3185 2403 3394 2458 Koeleri
3440 2403 3794 2458 consectaria

2099 2499 2251 2548 sunt.
2275 2494 2404 2547 Haec
2434 2491 2688 2545 exercitii
2718 2491 2922 2561 gratia,
2975 2490 3056 2544 uti
3113 2492 3421 2561 loquimur,
3447 2507 3478 2544 a
3527 2507 3617 2545 me
3655 2506 3792 2560 pro-

2099 2581 2283 2651 posita
2309 2579 2532 2634 erudite
2573 2580 2839 2633 enodem
2885 2585 2941 2632 et
2995 2579 3252 2632 dissolvit
3303 2578 3621 2643 Pottuvius,
3682 2576 3792 2630 tri-

2101 2670 2205 2723 bus
2237 2667 2701 2738 responsionibus
2749 2667 2828 2720 sic
2877 2668 3071 2720 omnia
3111 2665 3429 2734 elucidans,
3483 2670 3545 2720 ut
3587 2666 3800 2719 habeat

2103 2758 2356 2812 Kmlerus
2387 2755 2596 2826 quibus
2623 2754 2959 2825 acquiescat.
2985 2754 3165 2808 Verba
3186 2753 3310 2823 ejus
3333 2754 3577 2807 lideliter
3615 2754 3794 2808 etiam

2104 2845 2299 2900 reddo.

2174 2935 2262 2987 89.
2298 2955 2318 2980 α
2344 2930 2402 2986 Si
2422 2931 2677 2985 Koelerus
2711 2947 2775 2984 ex
2823 2930 3008 2986 verbis
3059 2930 3409 2984 Litaniarum
3465 2946 3594 3001 quas
3624 2946 3794 3001 repe-

2029 3015 2070 3068 C
2098 3019 2329 3074 riuntur
2349 3018 2410 3072 in
2439 3019 2708 3074 Graduali
2745 3018 3154 3088 manuscripto.
3210 3019 3570 3072 NOBILISSIIM-J
3635 3033 3794 3072 raom

2101 3122 2290 3161 aaosu
2328 3121 2486 3160 SALUS
2529 3121 2594 3160 ar
2647 3121 2788 3172 vnn,
2836 3105 2956 3159 vult
2991 3105 3223 3169 inferre,
3269 3121 3360 3166 ex
3419 3105 3795 3160 matrimonio

2101 3203 2426 3250 sanctorum
2498 3194 2724 3250 Henrici
2781 3211 2845 3246 ac
2922 3192 3288 3262 Cunegnndis
3343 3193 3546 3248 saltem
3609 3193 3796 3247 tiliam

2101 3284 2274 3339 fuisse
2303 3283 2578 3354 genitam,
2609 3299 2727 3336 non
2769 3285 2916 3336 recte
2951 3281 3139 3336 infert.
3177 3302 3204 3330 ››
3242 3282 3320 3334 En
3359 3281 3794 3352 responsionem

2101 3372 2348 3444 primam
2383 3389 2394 3426 :
2435 3391 2462 3423 α
2494 3371 2636 3435 Quia
2662 3369 3062 3424 verosimiliter
3089 3369 3322 3426 Litanias
3355 3369 3478 3422 istae
3505 3370 3624 3440 jam
3658 3375 3798 3424 aute

2103 3467 2363 3530 tempora
2385 3460 2440 3514 S.
2475 3459 2701 3513 Henrici
2738 3459 2974 3512 fuerunt
3005 3457 3066 3510 in
3113 3475 3220 3511 nsu
3259 3457 3320 3512 in
3351 3459 3598 3512 ecclesiis
3649 3461 3792 3514 ὕει-ν

2103 3548 2326 3614 manias,
2375 3553 2650 3618 tanquam
2706 3546 2966 3600 formula:
3039 3562 3371 3600 communes
3434 3547 3800 3617 supplicandi

2099 3654 2206 3709 pro
2237 3637 2527 3702 Pontifice,
2563 3637 2930 3705 lmperatore,
2969 3633 3351 3704 lmperatrice,
3377 3639 3482 3688 etc.
3517 3635 3640 3689 Non
3661 3635 3798 3706 qui-

2104 3727 2235 3780 dem
2259 3725 2592 3791 diﬂitemur,
2621 3725 2745 3777 illas
2777 3729 2940 3778 aetate
2971 3723 3024 3778 S.
3075 3721 3298 3778 Henrici
3331 3722 3642 3792 descriptas
3672 3723 3800 3777 sive

2103 3817 2356 3868 exaratas
2413 3813 2614 3878 fuisse;
2673 3812 2729 3866 id
2797 3811 2952 3865 enim
2995 3817 3110 3865 lam
3162 3813 3349 3881 ligura
3398 3813 3800 3866 cbaracterum

2103 3900 2202 3955 illo
2243 3907 2502 3971 tempore
2535 3899 2760 3966 usitata,
2789 3915 2966 3970 quam
2995 3899 3277 3970 expressio
3307 3899 3610 3954 nominum
3651 3902 3802 3955 Hen-

2105 3989 2206 4042 rici
2227 3994 2284 4043 et
2313 3987 2699 4058 Cunegnndis,
2733 4003 2838 4057 pro
2889 3987 3096 4059 quibus
3151 3992 3429 4058 tanquam
3459 3987 3596 4042 vivis
3653 4005 3800 4059 sup-

2104 4079 2372 4149 plicatur,
2399 4077 2564 4130 nobis
2617 4076 2920 4146 persuadet
2947 4091 2960 4128 :
2991 4075 3088 4129 sed
3143 4077 3330 4129 solum
3369 4075 3612 4130 dicimus
3673 4076 3806 4130 illas

2105 4172 2236 4236 post
2286 4165 2635 4221 erectiouem
2703 4164 2954 4219 ecclesia
3013 4164 3464 4235 Bambergensis,
3547 4181 3616 4219 ex
3685 4166 3804 4220 alio

2106 4255 2420 4325 exemplari
2443 4253 2752 4323 descriptas
2783 4269 2884 4306 seu
2939 4258 3326 4324 transumptas
3381 4251 3575 4318 fuisse,
3633 4250 3798 4305 addi-

2105 4344 2176 4397 tis
2199 4349 2333 4396 tunc
2361 4341 2692 4396 nominibus
2741 4341 2968 4396 Henrici
2997 4345 3054 4394 et
3101 4339 3492 4411 Cunegundis,
3521 4337 3802 4410 tanquam

2110 4438 2236 4486 actu
2277 4431 2662 4502 regnantium.
2707 4431 2904 4500 Neque
2951 4429 3128 4499 gratis
3193 4429 3252 4482 id
3309 4428 3580 4493 dicimus;
3663 4429 3803 4498 quia

2111 4526 2262 4574 totus
2295 4519 2543 4574 Libellus
2573 4517 2863 4588 gradualis
2895 4518 3072 4587 (cujus
3102 4517 3230 4570 duas
3260 4523 3394 4570 sunt
3423 4521 3632 4585 partes,
3684 4533 3804 4570 una

2109 4609 2392 4673 hiemalis,
2427 4609 2605 4661 altera
2648 4606 2864 4674 aestiva)
2899 4613 2983 4660 est
3031 4605 3348 4676 descriptus
3397 4622 3465 4660 ex
3509 4607 3801 4676 exempla-

2111 4699 2266 4752 ribus
2292 4697 2353 4751 in
2384 4696 2635 4751 ecclesiis
2688 4695 2945 4751 adhiberi
2976 4693 3172 4748 solitis.
3226 4693 3424 4748 Merito
3477 4693 3654 4765 igitur
3707 4711 3802 4748 as-

2111 4786 2372 4853 serimus,
2403 4785 2580 4840 etiam
2619 4783 2890 4849 Litanias,
2935 4800 3065 4855 qua:
3111 4787 3244 4837 sunt
3291 4799 3422 4853 pars
3479 4782 3799 4846 Gradualis,

2109 4875 2281 4929 fuisse
2311 4881 2444 4928 tunc
2493 4873 2618 4927 aliis
2667 4872 2912 4927 ecclesiis
2969 4887 3324 4938 communes,
3357 4877 3414 4925 et
3447 4887 3514 4925 ex
3564 4871 3798 4926 illarum

2111 4961 2536 5032 exemplaribus
2579 4961 2928 5031 desumptas.
2995 4960 3198 5030 Igitur.
3233 4976 3300 5014 ex
3347 4959 3458 5014 illis
3491 4975 3604 5014 non
3645 4966 3802 5014 recte

2111 5047 2373 5112 infertur,
2426 5065 2495 5102 ex
2524 5047 2890 5102 matrimonio
2935 5053 3258 5102 sanctorum
3301 5047 3526 5102 Henrici
3574 5053 3631 5100 et
3689 5048 3800 5102 Cu-

2113 5138 2391 5205 uegundis
2449 5137 2810 5206 progenitam
2860 5151 2981 5188 esse
3010 5137 3213 5188 saltem
3269 5134 3469 5200 tiliam,
3502 5134 3603 5205 qui
3667 5142 3806 5190 sunt

2111 5225 2360 5278 formula
2378 5225 2739 5278 solummodo
2765 5224 3107 5277 communis.
3145 5243 3172 5274 ι)
3749 5235 3758 5244 ’

2183 5315 2270 5368 90.
2293 5313 2560 5384 Apposite
2599 5317 2763 5382 urget
2805 5311 3098 5365 Pottuvius
3119 5317 3176 5366 et
3196 5311 3378 5380 magis
3397 5311 3568 5364 etiam
3615 5311 3800 5367 instat

2111 5402 2220 5456 hoc
2258 5402 2426 5456 modo
2460 5417 2474 5454 :
2511 5423 2532 5450 ε
2567 5401 2730 5465 Quod
2755 5400 2801 5453 si
2835 5400 3142 5454 contendas
3192 5400 3442 5454 Litanias
3497 5399 3634 5453 istas
3683 5416 3806 5455 non

2113 5509 2232 5546 esse
2265 5492 2596 5560 desumptas
2629 5507 2696 5543 ex
2724 5489 2849 5543 aliis
2905 5489 3342 5558 exemplaribus,
3379 5489 3477 5542 sed
3520 5505 3625 5559 pro
3675 5487 3808 5560 ipsa

2113 5580 2342 5634 ecclesia
2378 5578 2780 5648 Bambergeusi
2811 5577 2999 5647 primo
3039 5577 3214 5631 fuisse
3263 5577 3632 5647 compositas,
3695 5579 3794 5632 de-
