3940 6314
130 342 183 391 Li?
1770 341 1961 395 ACTA.
3560 337 3624 387 58

128 478 246 517 mus
276 464 333 519 id
366 464 452 518 ita
489 479 631 529 esse,
662 460 813 534 quod
866 464 1059 514 tamen
1102 476 1221 515 non
1251 460 1483 531 probas;
1518 459 1616 514 sed
1639 459 1718 514 sic
1748 476 1815 514 ex
1844 465 1891 517 Α
1927 478 2125 533 scopos
2180 468 2511 533 priesentes,
2585 458 2668 514 uti
2715 461 2888 515 refert
2965 458 3249 513 Ditmarus
3322 456 3624 528 episcopus

127 552 255 622 ipsis
344 551 585 606 Litaniis
668 549 908 604 ostendo
986 553 1207 604 senctos
1291 549 1585 620 conjuges,
1662 554 1818 615 tunc,

126 642 348 710 quando
408 639 641 695 Litaniie
681 639 908 708 scripta:
965 640 1218 705 fuerunt,
1247 654 1362 690 non
1392 637 1655 691 habuisse
1685 653 1818 707 pro-

127 730 246 782 lem.
281 730 434 793 Quia
472 730 519 783 si
576 728 925 794 habuissent,
959 727 1018 780 in
1059 726 1295 781 Litaniis
1345 729 1429 781 vel
1490 743 1817 798 expressum

127 818 319 871 fuisset
376 835 589 871 nomen
648 817 840 887 prolis,
902 817 1048 871 sicut
1120 831 1377 886 expresse
1436 816 1544 869 fuit
1611 830 1820 868 nomen

130 906 351 960 Henrici
388 907 855 972 etCunegundis,
910 906 998 959 vel
1052 906 1250 959 saltem
1285 904 1566 957 iudicatus
1624 904 1822 958 fuisset

128 1011 304 1059 sexus,
328 1012 407 1048 an
472 994 544 1048 sit
573 994 728 1048 ﬁlius
757 994 840 1047 vel
873 994 1008 1047 ﬁlia.
1070 995 1230 1055 Nam,
1291 993 1436 1046 sicut
1486 993 1541 1046 in
1573 993 1822 1045 formula

128 1083 562 1153 supplicationis
591 1100 696 1154 pro
718 1089 909 1136 sancto
954 1083 1192 1136 Henrico
1221 1081 1461 1135 dicitur:
1499 1100 1527 1132 ί(
1556 1082 1633 1135 Tu
1658 1082 1818 1134 illum

127 1173 351 1241 adjuva,
372 1193 401 1222 ››
425 1173 485 1225 in
508 1174 927 1242 supplicatione
945 1188 1047 1240 pro
1065 1178 1257 1224 sancta
1273 1171 1652 1241 tlunegunde:
1688 1191 1713 1219 α
1738 1171 1815 1224 Tu

126 1261 276 1314 illam
303 1261 534 1330 adjuva,
560 1279 585 1309 ιο
614 1261 710 1325 ita,
742 1260 789 1313 si
820 1265 954 1314 tunc
985 1260 1289 1315 exstitisset
1316 1261 1431 1313 ﬁlia
1462 1260 1689 1328 regalis,
1722 1261 1819 1314 de-

126 1350 336 1402 buisset
361 1348 512 1402 dici:
545 1368 571 1397 ες
605 1349 685 1401 Tu
715 1348 872 1402 illam
894 1349 1116 1417 adjuva.
1148 1367 1171 1399 ι
1193 1350 1334 1403 Cum
1364 1348 1549 1401 solum
1575 1354 1822 1417 ponatur

125 1436 756 1505 perabbreviationem:
786 1436 1009 1490 «Tuill.
1034 1436 1256 1506 adjuva,
1276 1458 1302 1484 »
1345 1437 1493 1507 quod
1515 1458 1532 1481 ιι
1561 1437 1640 1490 ill.
1671 1458 1690 1484 ι
1718 1453 1821 1490 nec

123 1526 281 1578 illum
344 1541 449 1578 nec
507 1525 661 1578 illam
713 1524 1015 1594 signiﬁcat,
1073 1525 1169 1578 sed
1228 1530 1313 1578 est
1364 1525 1694 1578 iudill‘crens
1748 1525 1818 1577 ad

122 1618 470 1683 utrumque;
541 1614 769 1683 signum
822 1618 905 1666 est
973 1612 1125 1683 quod
1184 1617 1317 1667 tunc
1376 1630 1490 1666 non
1544 1614 1821 1667 exstiterit

121 1700 255 1760 tilia,
338 1716 525 1771 neque
597 1700 771 1755 etiam
844 1701 1017 1755 ﬁlius.
1091 1702 1277 1756 Manet
1338 1702 1490 1772 quod
1569 1703 1641 1755 sit
1696 1704 1817 1756 for-

122 1789 275 1841 mula
310 1788 653 1853 communis,
689 1804 817 1859 quas
847 1789 1098 1842 masculo
1151 1805 1311 1859 aeque
1335 1806 1399 1843 ac
1426 1790 1659 1844 femina:
1682 1807 1818 1844 con-

120 1875 310 1929 venire
352 1876 553 1945 possit.
607 1877 987 1930 Conlirmatur
1048 1876 1104 1931 id
1164 1892 1232 1931 ex
1284 1878 1655 1948 sequentibus
1706 1880 1818 1931 for-

123 1964 291 2018 mulis
347 1964 686 2018 earumdem
746 1964 1116 2029 Litaniarum,
1148 1965 1249 2019 ubi
1303 1966 1536 2036 ponitur
1586 1968 1647 2020 N.
1693 1983 1822 2036 quas

121 2059 246 2107 sunt
280 2052 550 2107 formulae
570 2068 906 2107 communes
926 2054 1284 2124 supplicandi
1315 2071 1416 2125 pro
1447 2056 1819 2125 quibuscum-

122 2157 230 2211 que
261 2141 527 2207 ducibus,
564 2141 869 2211 episcopis,
908 2164 927 2188 »
964 2148 1071 2195 etc.

186 2231 276 2282 9t.
314 2249 341 2278 κ
384 2228 691 2296 Deinde,»
745 2229 931 2299 pergit
994 2232 1195 2283 eodem
1254 2235 1450 2283 tenore
1510 2230 1819 2296 Pottuvius,

124 2339 147 2366 ι
178 2318 411 2371 etiamsi
440 2317 783 2387 supplicatio
808 2334 911 2387 pro
946 2334 1288 2372 NOBILISSIMA
1326 2333 1497 2373 PaoLe
1533 2335 1732 2374 REGALI
1762 2320 1821 2373 in

124 2407 352 2461 Litaniis
398 2406 699 2471 habeatur,
729 2407 881 2460 unde
910 2408 1112 2477 probas
1168 2408 1339 2477 quod,
1373 2409 1531 2477 prole
1559 2424 1670 2461 non
1699 2408 1821 2461 exi-

122 2500 322 2559 stente,
351 2494 693 2565 supplicatio
724 2494 822 2547 illa
850 2495 1021 2548 fuerit
1052 2495 1370 2561 decantata,
1404 2502 1458 2548 et
1490 2512 1602 2549 non
1634 2496 1822 2566 potius

122 2584 175 2636 in
202 2584 315 2637 isto
337 2599 471 2636 casu
516 2581 771 2636 omissa?
802 2584 982 2649 Certe,
1020 2588 1280 2653 quamvis
1312 2583 1370 2636 in
1413 2583 1535 2637 istis
1588 2584 1821 2636 Litaniis

120 2672 367 2725 formula
431 2669 867 2740 supplicationis
902 2686 1004 2741 pro
1038 2670 1405 2741 lmperatrice
1444 2672 1742 2737 habeatur,
1774 2672 1821 2725 si

120 2766 310 2813 tamen
342 2760 664 2829 Imperator
691 2758 950 2811 nondum
988 2766 1137 2812 esset
1166 2759 1522 2828 conjugatus,
1563 2765 1662 2814 aut
1692 2777 1819 2812 eva-

119 2849 277 2902 deret
304 2848 531 2911 viduus,
587 2847 836 2901 formula
865 2847 1295 2917 supplicationis
1324 2863 1429 2917 pro
1461 2849 1823 2919 lmperatrice

120 2937 268 2990 haud
303 2935 479 2990 dubie
511 2935 571 2988 in
602 2941 845 3004 utroque
874 2950 1006 2987 casu
1039 2935 1421 2990 omitteretur.
1456 2937 1556 3001 Ita,
1599 2937 1822 2991 etiamsi

121 3025 367 3078 termula
416 3039 522 3092 pro
571 3022 926 3076 nobilissima
958 3026 1120 3092 prole
1151 3025 1329 3093 regali
1367 3025 1426 3077 in
1463 3025 1691 3078 Litaniis
1722 3042 1819 3095 po-
1857 3026 1895 3078 tl

121 3119 312 3177 natur,
348 3112 513 3182 prole
542 3116 735 3165 tamen
786 3111 1109 3177 deﬁciente,
1150 3114 1373 3167 videtur
1427 3113 1674 3168 formula
1726 3114 1824 3168 illa

120 3203 176 3255 in
208 3199 616 3256 decantatione
651 3199 997 3254 Litaniarum
1034 3200 1206 3255 fuisse
1258 3202 1485 3255 omissa.
1522 3202 1637 3255 Nisi
1676 3203 1823 3257 forte

122 3292 319 3345 [uisset
350 3288 546 3358 aliqua
593 3289 919 3358 conjectura
977 3294 1075 3343 aut
1131 3288 1406 3343 indicium
1439 3291 1823 3345 foecunditatis

118 3379 410 3449 conjugii:
454 3385 590 3432 tunc
648 3378 801 3432 enim
852 3378 1050 3433 ﬁdeles
1081 3380 1294 3433 subditi
1335 3383 1555 3449 optare,
1590 3383 1823 3453 Deoque

119 3469 447 3538 supplicare
473 3467 678 3532 solent,
713 3474 777 3520 ut
823 3468 1039 3521 fructus
1091 3468 1151 3521 in
1180 3468 1383 3524 arbore
1418 3476 1475 3522 et
1503 3486 1732 3538 gemma
1762 3470 1823 3525 in

118 3558 343 3611 concha
391 3560 753 3609 maturescat.
790 3557 1105 3610 Potuerunt
1152 3563 1342 3610 autem
1377 3558 1823 3627 Bambergenses

119 3646 174 3699 id
204 3660 444 3714 sperare
475 3648 531 3696 et
583 3643 787 3697 merito
820 3645 1110 3715 apprecari
1158 3650 1272 3698 tam
1318 3645 1642 3716 insignibus
1690 3664 1821 3700 con-

114 3736 372 3804 jugibus,
428 3748 675 3803 quorum
727 3740 917 3787 votum
965 3733 1333 3787 contineuliie
1382 3734 1743 3803 ignorabant.
1796 3760 1814 3781 ι

118 3824 345 3877 Addere
394 3820 561 3875 liceat
590 3820 743 3892 quod
776 3822 1026 3890 proxime
1071 3822 1351 3875 formula:
1385 3840 1412 3871 «
1472 3822 1534 3875 N.
1596 3823 1821 3876 ductori

119 3912 356 3982 paciﬁco
381 3911 535 3963 salus
588 3914 645 3963 et
690 3909 803 3963 vita
825 3930 851 3960 ››
887 3911 1040 3965 haud
1072 3911 1244 3964 dubie
1278 3912 1677 3981 praetereunda
1725 3913 1815 3978 sit,

118 4003 339 4053 Caesare
374 3998 500 4068 ipso
550 3998 892 4051 exercitibus
946 3999 1291 4068 imperante.
1332 4001 1421 4053 Sic
1451 4003 1687 4054 alteram
1718 4018 1819 4070 pro

118 4089 220 4141 loci
243 4087 529 4157 Episcopo
552 4090 607 4140 et
632 4086 879 4155 primam
900 4103 1004 4156 pro
1034 4089 1291 4143 Romano
1321 4090 1610 4155 Pontitice,
1646 4106 1816 4143 nemo

115 4174 451 4225 decantatas
499 4172 866 4228 somniaverit
904 4177 1177 4229 alterutra
1221 4178 1353 4231 Sede
1404 4184 1654 4231 vacante.
1706 4179 1814 4231 llo-

1932 550 2430 621 Merseburgensis,
2506 549 2807 603 historicus
2866 549 3243 618 synchronus,
3322 546 3468 600 libro
3526 563 3621 609 vu,

1932 652 2062 707 pag.
2093 640 2191 691 67:
2226 660 2244 685 ι
2283 636 2364 691 0b
2394 634 2987 705 recompensationem
3014 634 3289 698 futuram,
3326 633 3628 703 inquiebat

1931 730 2158 778 sanctus
2192 727 2523 795 Imperator,
2555 724 2840 778 Christum
2880 723 3162 776 hzeredem
3194 721 3375 791 elegi;
3406 724 3542 791 quia
3568 722 3627 773 iu

1932 814 2126 868 sobole
2150 814 2493 884 acquirenda
2526 813 2684 867 nulla
2704 829 2834 881 spes
2856 816 3114 864 remanet
3144 810 3307 863 mihi.
3346 832 3371 859 υ
3398 808 3558 873 Quod
3580 807 3625 860 εἰ

1935 910 1989 963 S.
2043 910 2315 964 Henricus
2363 915 2494 964 ante
2545 909 2941 963 fundationem
2999 905 3360 977 episcopatus
3423 904 3623 974 genuit

1930 1000 2132 1059 ﬁliam,
2182 1000 2467 1069 quomodo
2497 1015 2628 1051 cum
2682 998 2914 1051 veritate
2956 996 3142 1050 dicere
3194 995 3397 1066 potuit,
3431 994 3536 1047 sibi
3568 994 3625 1047 in

1932 1087 2277 1158 acquirenda
2332 1087 2527 1141 sobole
2581 1087 2799 1139 nullam
2832 1100 3127 1138 remanere
3171 1082 3373 1152 spem!
3431 1083 3626 1134 Nonne

1934 1178 2247 1228 conventus
2288 1177 2519 1228 Patrum
2552 1178 2774 1243 poterat
2801 1172 2885 1225 illi
2913 1186 3230 1241 opponere:
3266 1188 3293 1219 α
3326 1169 3625 1232 Quomodo

1934 1263 2091 1316 nulla
2120 1280 2246 1331 spes
2292 1262 2653 1333 acquirendae
2699 1261 2907 1314 sobolis
2940 1260 2998 1313 in
3031 1257 3297 1329 praesenti
3332 1256 3628 1310 matrimo—

1932 1349 2029 1402 nio
2061 1350 2166 1403 tibi
2196 1355 2474 1419 superest,
2508 1349 2605 1420 qui
2658 1348 2854 1417 paucis
2904 1346 3055 1400 hisce
3087 1344 3272 1407 annis,
3323 1344 3532 1413 quibus
3564 1342 3624 1394 in

1936 1441 2300 1494 matrimonio
2331 1439 2539 1506 vixisti,
2571 1438 2746 1493 tiliam
2775 1435 3067 1507 genuisti"?
3106 1456 3126 1482 ι
3162 1436 3301 1488 Male
3331 1432 3509 1502 igitur
3537 1431 3621 1484 di-

1932 1530 2133 1600 gnitati
2188 1529 2367 1582 sancti
2419 1526 2779 1597 Imperatoris
2818 1524 3081 1590 consulit,
3142 1522 3239 1593 qui
3282 1520 3625 1592 procreatio-

1933 1634 2065 1672 nem
2139 1618 2344 1673 sobolis
2419 1622 2551 1670 ante
2632 1614 3025 1669 laudationem
3113 1612 3471 1683 episeopatus
3542 1610 3627 1661 illi

1931 1707 2155 1777 aftligit.

2004 1798 2090 1849 93.
2129 1814 2154 1843 «
2187 1792 2399 1847 Deinde
2431 1792 2646 1862 absque
2697 1789 2952 1860 ejusdem
3005 1786 3195 1842 Sancti
3225 1783 3627 1856 prostitutione

1933 1883 2105 1936 etiam
2135 1882 2309 1935 asseri
2367 1897 2482 1934 non
2511 1885 2715 1950 potest,
2785 1877 3037 1949 genitam
3075 1876 3188 1946 ipsi
3243 1874 3415 1929 fuisse
3450 1874 3627 1928 tiliam

1932 1977 2058 2042 post
2086 1971 2480 2024 fundationem
2511 1970 2885 2039 episcopatus.
2938 1968 3037 2021 Ille
3067 1964 3232 2019 claris
3264 1968 3321 2018 et
3348 1961 3629 2032 expressis

1931 2059 2133 2119 verbis.
2169 2076 2361 2113 coram
2382 2057 2753 2111 celeberrimo
2783 2060 3069 2109 conventu
3099 2054 3431 2124 praesulum,
3469 2066 3627 2103 asse-

1932 2154 2108 2211 verat,
2157 2147 2265 2201 sibi
2307 2148 2368 2201 in
2419 2145 2767 2217 acquirenda
2808 2144 3003 2198 sobole
3058 2142 3275 2196 nullam
3330 2155 3626 2209 superesse

1932 2252 2090 2306 spem
2119 2253 2130 2289 :
2166 2234 2294 2306 quis
2324 2249 2461 2303 ergo
2492 2234 2615 2287 sine
2666 2238 2802 2286 nota
2833 2238 2949 2285 tam
2997 2229 3269 2301 sapientis
3299 2233 3355 2282 et
3382 2228 3626 2282 circum-

1933 2324 2109 2394 specti
2178 2323 2543 2393 Imperatoris
2594 2322 2745 2375 dicet
2808 2321 2972 2375 illum
3045 2317 3437 2379 nihilominus,
3502 2321 3631 2386 post

1933 2411 2408 2466 asseverationem
2463 2410 2607 2464 adeo
2661 2409 3000 2475 solemnem,
3059 2421 3386 2477 procreasse
3412 2404 3629 2459 ﬁliam?

1935 2500 2052 2554 Nisi
2077 2500 2255 2570 igitur
2286 2499 2470 2553 valida
2500 2498 2643 2551 ratio
2675 2499 2965 2564 atl‘eratur,
2998 2495 3182 2567 qualis
3214 2511 3328 2548 non
3371 2493 3626 2557 aﬁ‘ertur,

1931 2589 2103 2658 exigit
2146 2588 2394 2658 dignitas
2450 2588 2593 2641 tanti
2649 2586 3015 2655 Imperatoris
3047 2589 3109 2637 ut
3136 2583 3434 2636 credamus
3464 2581 3626 2635 illum

1935 2694 2129 2731 verum
2163 2678 2386 2742 dixisse,
2443 2677 2579 2730 dum
2620 2674 2862 2728 solemni
2892 2672 3307 2727 contestatione
3340 2686 3627 2724 assevera-

1933 2767 2012 2819 vit
2042 2767 2254 2818 nullam
2289 2765 2348 2817 in
2394 2762 2739 2834 acquirenda
2761 2762 2955 2815 sobole
2986 2759 3092 2815 sibi
3124 2774 3421 2813 remanere
3444 2774 3625 2828 spem.

1932 2855 2066 2918 Quis
2098 2862 2290 2907 autem
2320 2852 2403 2906 illi
2452 2868 2614 2921 spem
2663 2866 2890 2905 omnem
2932 2848 3188 2903 ademit?
3217 2847 3353 2912 Quis
3396 2846 3504 2900 nisi
3533 2846 3631 2900 ille

1932 2943 2177 3011 ipsemet
2228 2941 2547 2995 voluntario
2608 2945 2736 2993 voto
2798 2938 3184 3003 continentiae,
3244 2936 3305 2989 in
3352 2936 3626 2989 honorem

1934 3031 2036 3085 Dei
2082 3031 2309 3093 emisso,
2347 3036 2454 3082 eta
2507 3028 2816 3082 castissima
2854 3027 3099 3096 conjuge
3152 3024 3501 3078 ratihabito?
3534 3024 3632 3078 Po-

1934 3124 2080 3174 terat
2105 3119 2293 3172 dicere
2320 3133 2447 3171 cum
2488 3118 2690 3187 .lephte
2735 3115 2879 3186 (Jud.
2908 3132 2966 3180 ιι,
2997 3118 3114 3181 35):
3148 3134 3175 3163 ‹‹
3217 3113 3432 3183 Aperui
3476 3111 3628 3165 enim

1935 3224 1998 3261 os
2028 3223 2219 3260 meum
2238 3206 2305 3260 ad
2342 3205 2668 3271 Dominum,
2703 3210 2759 3259 et
2796 3203 2951 3257 aliud
2986 3203 3169 3257 facere
3201 3217 3315 3255 non
3348 3206 3564 3270 potero,
3606 3224 3623 3245 η

1934 3312 2106 3367 quam
2155 3301 2492 3366 perpetuam
2541 3310 2764 3347 servate
2804 3291 3232 3346 continentiam.
3298 3290 3440 3353 Quid
3474 3288 3627 3342 aliud

1932 3384 2183 3439 innuunt
2214 3385 2385 3438 verba
2432 3382 2765 3436 immediate
2815 3380 3133 3451 sequentia,
3167 3380 3236 3433 ab
3275 3379 3629 3447 Imperatore

1932 3472 1992 3526 in
2040 3477 2321 3526 conventu
2371 3472 2620 3541 prolata:
2658 3489 2685 3521 α
2721 3471 2782 3522 Et
2830 3468 2985 3538 quod
3016 3467 3372 3537 praecipuum
3429 3463 3628 3530 habui,

1932 3578 1995 3615 ac
2023 3561 2305 3630 meipsum
2337 3575 2466 3611 cum
2496 3558 2666 3611 modo
2704 3555 2993 3627 acquisitis
3041 3572 3141 3609 seu
3171 3552 3528 3625 acquirendi,
3560 3553 3619 3605 in

1932 3649 2272 3703 sacriﬁcium
2305 3646 2453 3702 Patri
2509 3645 2766 3716 ingenito
2790 3646 2910 3715 jam
2963 3644 3181 3698 dudum
3225 3648 3440 3697 secreto
3472 3657 3625 3695 men-

1933 3738 2003 3792 tis
2034 3737 2243 3791 obtuli:
2267 3758 2293 3786 ››
2328 3737 2488 3807 quid,
2519 3735 2777 3806 inquam,
2814 3733 2970 3787 aliud
3001 3732 3249 3786 innuunt
3299 3731 3468 3785 verba
3511 3730 3625 3795 illa,

1930 3843 2103 3896 quam
2136 3831 2327 3879 votum
2352 3823 2642 3888 castitatis,
2687 3840 2801 3894 quo
2862 3821 3251 3875 sanctissimus
3292 3821 3630 3888 Imperator,

1924 3915 2087 3984 juxta
2114 3914 2411 3968 consilium
2431 3912 2733 3967 Salvatoris
2752 3912 2961 3977 {.llalth.
2996 3927 3111 3975 xix,
3152 3912 3252 3975 I‘l),
3288 3928 3311 3961 α
3354 3925 3411 3961 se
3440 3907 3630 3978 ipsum

1929 4003 2189 4057 castravit
2212 4008 2449 4072 propter
2473 4016 2713 4069 regnum
2739 4002 3034 4062 coclorum,
3068 4020 3089 4046 ι
3117 4002 3171 4051 et
3198 3997 3625 4051 inclinationem

1930 4091 2291 4163 relinquendi
2325 4090 2432 4144 sibi
2475 4089 2721 4143 similem
2755 4094 2882 4159 post
2930 4105 3009 4153 se,
3046 4089 3158 4142 Deo
3186 4087 3245 4140 in
3286 4085 3625 4140 sacriﬁcium

1929 4181 2155 4247 obtulit,
2192 4196 2400 4250 magno
2433 4178 2756 4232 Abrahamo
2791 4178 2850 4230 in
2899 4192 2966 4230 eo
2998 4174 3436 4245 comparandus,
3473 4175 3626 4244 quod

113 4259 400 4327 diernam,
459 4265 517 4314 et
571 4261 694 4331 jam
735 4266 819 4316 tot
873 4264 1064 4318 saeculi
1144 4272 1497 4320 constantem
1558 4267 1816 4321 Ecclesiae
1848 4300 1886 4353 υ
1927 4270 2031 4324 iste
2054 4275 2285 4340 paratus
2314 4267 2504 4331 fuerit,
2542 4268 2797 4320 lsaacum
2852 4266 3055 4330 tilium,
3114 4264 3222 4316 sibi
3255 4262 3478 4331 pridem
3524 4278 3624 4315 na-

116 4348 341 4417 praxim
396 4352 657 4403 consulat
714 4352 986 4418 Koelerus,
1036 4360 1091 4407 et
1147 4371 1275 4424 qua:
1327 4356 1418 4409 hic
1486 4356 1633 4409 dicta
1684 4363 1817 4409 sunt

116 4436 418 4490 verissima
447 4453 568 4492 esse
602 4440 924 4510 perspiciet.

182 4530 271 4579 U2.
330 4527 457 4580 Non
483 4525 575 4579 hic
604 4527 783 4581 haeret
833 4530 1159 4595 Pottuvius;
1213 4531 1305 4585 sed
1355 4533 1532 4586 altera
1579 4550 1815 4604 respon-

115 4615 272 4667 sione
304 4629 405 4666 seu
438 4620 778 4683 argumento
822 4615 994 4671 instat
1024 4617 1085 4670 in
1141 4619 1291 4672 hunc
1324 4621 1586 4673 modum:
1628 4644 1647 4668 «
1684 4622 1816 4675 Sine

118 4708 252 4755 nota
272 4701 621 4755 sanctissimi
671 4720 733 4756 ac
761 4705 1199 4773 prudentissimi
1231 4708 1644 4777 Imperatoris»
1679 4710 1816 4778 (base

117 4790 429 4859 praedicata
480 4806 612 4844 cum
665 4792 1007 4864 Gundlingio
1066 4810 1181 4847 non
1252 4797 1485 4865 negabit
1538 4799 1814 4864 Kmlerus)

117 4904 135 4925 α
176 4878 358 4933 asseri
417 4895 532 4933 non
564 4884 756 4950 potest
784 4882 935 4951 quod
988 4899 1056 4935 ex
1095 4899 1196 4936 suo
1254 4884 1523 4955 conjugio
1558 4885 1817 4955 genuerit

116 4969 316 5022 saltem
350 4968 550 5023 ﬁliam.
610 4968 707 5022 Vel
739 4970 892 5022 enim
924 4971 1082 5025 illam
1140 4973 1339 5042 genuit
1367 4978 1495 5025 ante
1528 4974 1811 5029 fundatio-

116 5073 247 5111 nem
292 5056 659 5127 episcopatus
693 5058 1144 5129 Bambergensis,
1178 5061 1265 5115 vel
1304 5067 1431 5131 post
1461 5062 1648 5117 illam:
1677 5080 1815 5118 neu-

116 5149 266 5199 trum
295 5145 424 5198 sine
480 5149 620 5197 nota
654 5145 1019 5214 Imperatoris
1075 5148 1250 5200 asseri
1296 5153 1498 5217 potest.
1532 5150 1818 5219 Imprimis

118 5250 229 5287 non
262 5238 452 5305 potest
482 5232 596 5287 dici
623 5235 774 5303 quod
799 5235 1064 5303 genuerit
1090 5242 1220 5289 ante
1238 5237 1653 5303 fundalionem,
1688 5253 1817 5308 qua:

118 5324 354 5395 contigit
384 5340 539 5377 anno
589 5339 639 5376 νι
674 5325 760 5377 vel
809 5341 879 5378 vn
910 5331 1040 5395 post
1094 5326 1485 5381 millesimum.
1520 5327 1819 5397 Colligitur

118 5410 171 5465 id
228 5429 294 5467 ex
370 5412 720 5467 allocutione
768 5413 819 5467 S.
878 5415 1124 5481 Henrici,
1190 5431 1363 5486 quam
1421 5416 1478 5468 in
1537 5420 1817 5470 conventu

121 5502 585 5562 Francofurtensi
618 5502 818 5556 habuit
846 5503 915 5557 ad
970 5506 1025 5557 S.
1062 5504 1403 5573 Willigisum
1440 5504 1817 5574 archiepisco-

124 5605 254 5657 pum
306 5591 710 5660 Moguntinam
741 5595 795 5643 et
848 5598 1080 5645 caeteros
1109 5592 1565 5663 archiepiscopos
1614 5598 1669 5647 et
1698 5594 1816 5664 epi-

1929 4362 2071 4423 tum,
2101 4357 2423 4418 immolare,
2467 4356 2557 4408 hic
2585 4370 2718 4407 vero
2776 4369 2933 4423 spem
2980 4351 3082 4406 ﬁlii
3114 4356 3171 4405 et
3212 4350 3457 4404 haeredis
3520 4350 3625 4402 sibi

1924 4445 2217 4506 nascituri,
2249 4445 2450 4498 intima
2485 4443 2692 4497 mentis
2748 4441 3068 4505 devotione,
3120 4439 3407 4495 Altissimo
3454 4438 3625 4491 sacri.

1926 4534 2176 4587 ticaverit
2190 4536 2217 4585 ?
2246 4558 2266 4580 ι

1996 4622 2081 4676 9i.
2116 4621 2291 4674 Hasce
2339 4618 2704 4691 quaestiones,
2766 4617 2902 4671 satis
2931 4618 3186 4671 concisas
3243 4634 3307 4670 ac
3336 4616 3623 4688 stringen-

1924 4713 2025 4773 tes,
2062 4709 2133 4761 ad
2184 4708 2473 4762 Ktnlerum
2506 4706 2795 4760 universas
2840 4706 3206 4771 remittimus,
3238 4710 3303 4759 ut
3330 4704 3391 4758 in
3420 4703 3619 4774 proxi-

1925 4798 2034 4850 mis
2066 4797 2321 4851 thesibus
2354 4796 2471 4849 suis
2527 4795 2808 4850 historicis
2855 4800 2987 4863 apta
3035 4810 3307 4863 responsa
3358 4793 3623 4864 suppedi-

1925 4891 2024 4939 tet.
2064 4886 2254 4956 Neque
2314 4891 2507 4939 tamen
2537 4883 2629 4937 hic
2683 4882 2891 4937 desinit
2930 4882 3242 4949 Pottuvius,
3301 4883 3464 4951 cujus
3509 4883 3632 4937 haec

1926 4974 2089 5027 tertia
2142 4972 2439 5043 responsio
2470 4978 2571 5026 est.
2622 4993 2648 5021 α
2684 4973 2739 5025 Si
2769 4972 2824 5025 ὃ.
2887 4970 3157 5025 Ilenricus
3204 4971 3406 5039 genuit
3453 4970 3630 5025 ﬁliam

1925 5067 1983 5115 et
2008 5062 2229 5116 curavit
2280 5078 2383 5133 pro
2436 5078 2500 5114 ea
2531 5060 2787 5131 publicas
2840 5060 2900 5113 in
2948 5060 3183 5113 ecclesia
3226 5056 3631 5127 Bambergensi

1926 5150 2144 5205 institui
2169 5167 2391 5221 preces,
2438 5150 2519 5202 uti
2572 5149 2827 5202 Ktelerus
2866 5163 2933 5202 ex
2991 5148 3226 5202 Litaniis
3276 5146 3461 5201 citatis
3501 5162 3632 5215 pro-

1925 5240 2062 5293 bare
2085 5240 2225 5292 velle
2258 5238 2503 5303 videtur;
2532 5236 2823 5291 moraliter
2853 5236 3203 5306 impossibile
3242 5240 3327 5288 est
3371 5235 3627 5304 potuisse

1925 5327 1983 5380 in
2043 5328 2282 5390 mundo,
2342 5331 2397 5380 et
2436 5325 2721 5396 imprimis
2782 5325 3131 5394 Bambergae,
3191 5322 3621 5394 persuasionem

1925 5416 2303 5471 universalem
2334 5415 2699 5481 invalescere,
2732 5415 2878 5469 sicut
2937 5413 3122 5484 reipsa
3151 5410 3411 5477 invaluit,
3471 5412 3624 5484 quod

1928 5505 2108 5559 sancti
2158 5505 2432 5559 Henricus
2461 5509 2517 5557 et
2567 5501 2933 5573 Cunegundis
2981 5500 3043 5554 in
3092 5516 3194 5553 suo
3253 5500 3625 5555 matrimonio

1932 5594 2266 5663 virginalem
2325 5592 2734 5647 continentiam
2798 5596 3071 5659 perpelno
3130 5591 3500 5645 servaverint.
3568 5590 3622 5643 Si
