3940 6328
295 373 361 424 59
1594 371 1649 426 S.
1695 371 1972 426 HENRICI
2017 368 2498 427 IMPERATORIS
3727 372 3788 424 60

298 492 454 549 enim
501 492 761 548 Kmlerus
800 496 915 547 tam
967 507 1136 562 sagax
1187 497 1273 547 est
1310 496 1374 547 ut
1429 498 1558 564 post
1603 492 2000 564 septingentos
2034 496 2079 547 A
2117 491 2368 547 illustres
2417 491 2786 547 continentiae
2837 491 3120 578 imoegines
3180 491 3249 548 ad
3287 493 3500 547 cultum
3533 498 3588 548 et
3616 492 3788 547 imita-

309 597 492 635 annos
520 597 587 636 ex
615 581 728 636 illis
759 580 996 636 Litaniis
1018 582 1292 636 odoretur
1311 581 1561 636 sobolem
1588 581 1824 652 regiam.
1860 597 2002 652 quo-

303 670 472 725 modo
501 669 966 739 Bambergenses,
1001 670 1100 741 qui
1139 670 1388 724 Litanias
1438 669 1564 723 illas
1591 675 1849 740 tempore
1873 685 2001 722 san-

300 759 377 813 cti
405 758 626 813 Henrici
653 757 1049 818 decantaruut,
1083 764 1139 812 et
1162 759 1328 811 annis
1359 758 1792 829 insequentibus
1821 773 2004 828 usque

300 855 369 904 ad
413 851 536 904 haec
565 854 849 918 tempora,
878 847 938 902 in
986 849 1202 904 Libello
1252 849 1510 920 graduali
1540 848 1870 919 descriptas,
1904 864 2002 918 po-

298 953 399 991 nes
431 952 489 989 se
544 937 927 1000 retinuerunt,
975 937 1182 1006 smpius
1228 937 1618 1006 inspexerunt,
1665 942 1722 989 et
1749 935 1876 989 aliis
1921 935 2004 988 in-

303 1025 625 1095 spiciendas
665 1024 1080 1091 exhibuerunt;
1119 1025 1425 1093 quomodo,
1479 1023 1737 1094 inquam,
1776 1023 1862 1077 illi
1895 1039 2009 1076 om-

303 1131 404 1168 nes
435 1113 574 1166 nihil
606 1129 859 1182 unquam
879 1113 948 1166 de
985 1113 1083 1166 tali
1113 1113 1234 1167 tilia
1262 1113 1605 1183 cogitarunt,
1658 1117 1756 1166 aut
1801 1111 2004 1166 exinde

303 1201 696 1272 collegerunt?
739 1202 1062 1254 Fueruntne
1119 1216 1320 1253 omnes
1376 1216 1478 1269 per
1538 1206 1752 1269 septem
1800 1201 2006 1253 saecula

304 1291 446 1344 adeo
479 1289 714 1358 stupidi,
757 1294 820 1342 ut
868 1289 1060 1341 nullus
1089 1294 1316 1358 caperet
1358 1289 1715 1358 mysterium,
1748 1288 1808 1341 in
1862 1287 2005 1342 Lita-

306 1376 416 1429 niis
443 1375 819 1440 reconditum,
851 1375 1004 1444 quod
1046 1389 1196 1428 nunc
1238 1375 1468 1428 tandem
1499 1374 1758 1428 Kmlerus
1791 1375 2004 1428 mundo

303 1465 554 1517 revelat?
610 1463 678 1516 Et
723 1463 770 1516 si
821 1463 1289 1532 Bambergenses,
1343 1467 1599 1533 tempore
1639 1464 1693 1517 S.
1749 1462 1997 1527 Henrici,

302 1552 478 1606 tiliam
526 1553 649 1622 ejus
702 1555 1006 1616 noverunt,
1057 1556 1114 1603 et
1143 1566 1245 1622 pro
1277 1567 1343 1604 ea
1395 1550 1622 1621 publice
1659 1551 1720 1604 in
1768 1551 2003 1605 Litaniis

305 1640 518 1711 precati
543 1643 696 1707 sunt,
744 1639 1035 1710 quomodo
1066 1645 1124 1692 et
1172 1638 1402 1709 quando
1451 1644 1764 1709 potuerunt
1814 1639 2000 1692 delabi

304 1729 363 1781 in
391 1744 514 1791 eam
542 1726 995 1801 persuasionem,
1022 1732 1083 1780 ut
1130 1726 1429 1781 crederent
1473 1727 1568 1781 SS.
1613 1727 1914 1780 Henricum
1948 1731 2002 1780 et

305 1816 720 1887 Cunegundem
749 1815 808 1869 in
863 1832 964 1870 suo
1003 1815 1272 1886 conjugio
1315 1815 1449 1886 pari
1477 1831 1747 1869 consensu
1804 1832 2002 1885 perpe-

305 1909 462 1974 tuam
491 1920 739 1957 servasse
761 1903 1176 1958 continentiam
1195 1904 1223 1958 ‘?
1249 1924 1276 1953 ››

378 1994 465 2044 95.
518 1991 887 2060 lmportunus
937 1990 1210 2060 quaesitor
1269 1995 1352 2044 est
1397 1989 1713 2044 Pottuvius.
1776 2010 1803 2041 ‹‹
1858 1990 2004 2054 Quo-

305 2079 496 2145 modo,
520 2077 728 2149 inquit,
767 2078 836 2131 ad
866 2077 1019 2132 idem
1065 2077 1424 2132 sentiendum
1459 2083 1640 2132 totum
1674 2077 2004 2147 imperium,

307 2173 365 2221 et
387 2171 536 2220 totus
574 2167 686 2220 late
735 2166 1091 2220 Christianus
1138 2167 1291 2220 orbis
1348 2166 1539 2220 induci
1597 2167 1818 2237 potuit?
1847 2167 2003 2231 Quo-

311 2255 482 2308 modo
525 2254 930 2308 celeberrimus
960 2255 1097 2308 ordo
1143 2256 1206 2308 D.
1257 2254 1547 2308 Benedicti
1594 2256 1646 2309 S.
1695 2256 2006 2325 Cuneguu-

312 2343 464 2408 dem,
497 2353 624 2412 post
656 2342 879 2396 obitum
926 2342 982 2397 S.
1039 2342 1285 2408 Heurici,
1321 2344 1388 2396 ad
1422 2343 1747 2397 coenobium
1793 2344 2006 2398 Confu-

312 2431 509 2501 giense
549 2430 797 2502 suscepit
828 2435 889 2484 ut
915 2431 1220 2502 virginem,
1258 2448 1314 2484 se
1340 2431 1610 2502 deinceps
1640 2431 1821 2502 ipsam
1869 2449 2004 2485 con-

311 2524 528 2573 stanter
575 2525 637 2573 ut
687 2520 863 2573 talem
918 2519 1120 2573 habuit
1171 2524 1228 2573 et
1273 2519 1470 2584 coluit,
1521 2520 1568 2573 si
1620 2520 1796 2586 scivit,
1851 2519 2007 2590 quod

312 2607 530 2662 nescire
572 2623 691 2662 non
722 2607 931 2676 potuit,
963 2607 1118 2662 illam
1151 2607 1210 2661 in
1247 2625 1350 2663 suo
1393 2609 1660 2679 conjugio
1692 2608 1861 2662 fuisse
1897 2625 2009 2661 ma-

311 2701 456 2750 trem
485 2695 616 2750 filim
643 2696 890 2765 regalis?
909 2697 1030 2760 Quo
1055 2698 1281 2756 saeculo,
1317 2701 1374 2748 et
1403 2696 1549 2750 circa
1587 2712 1758 2767 quem
1790 2711 2006 2750 annum

315 2784 594 2838 memoria
609 2784 742 2838 ﬁlim
765 2783 931 2838 istius
949 2784 1273 2838 oblitterata
1293 2783 1420 2847 fuit,
1447 2791 1504 2838 et
1525 2785 1644 2854 ejus
1669 2786 1791 2839 loco
1814 2791 2009 2839 exorta

312 2871 605 2942 persuasio
649 2877 719 2926 de
777 2871 1043 2941 virginali
1101 2872 1456 2926 continentia
1511 2874 1603 2927 SS.
1654 2876 2010 2943 conjugum?

317 2961 391 3015 Ex
441 2959 717 3029 rescripto
750 2959 990 3030 Eugenii
1048 2961 1121 3013 lll
1152 2964 1372 3013 constat
1413 2961 1621 3014 saeculo
1665 2977 1740 3015 xu
1805 2961 1860 3014 id
1885 2961 2008 3031 jam

314 3047 490 3102 fuisse
529 3047 831 3109 creditum,
892 3052 947 3102 et
991 3047 1261 3117 legitimis
1315 3047 1657 3102 testimoniis
1713 3049 2008 3102 conﬁrma-
2039 3038 2079 3092 C

317 3138 462 3200 tum,
507 3133 565 3188 S.
607 3133 934 3201 Henricum,
964 3134 1025 3187 in
1073 3139 1197 3188 toro
1227 3133 1398 3188 etiam
1447 3135 1704 3204 legitimo
1734 3136 2006 3205 positum,

317 3221 707 3292 integritatem
739 3222 1086 3276 castimoniae
1114 3238 1296 3293 usque
1350 3231 1423 3276 ad
1489 3223 1664 3276 linem
1713 3223 1842 3277 vitae
1872 3240 2010 3277 con-

320 3325 597 3364 servasse:
633 3309 680 3362 si
737 3310 944 3364 saaculo
992 3309 1322 3364 immediate
1361 3312 1718 3380 praecedente
1764 3312 1818 3367 S.
1871 3313 2010 3366 Hen-

319 3397 472 3452 ricus
501 3398 560 3452 in
591 3414 693 3452 suo
726 3398 993 3468 conjugio
1025 3399 1202 3453 tiliam
1235 3398 1456 3468 genuit,
1513 3404 1568 3453 et
1593 3415 1698 3470 pro
1729 3416 1797 3454 ea
1826 3401 1883 3453 in
1919 3401 2010 3454 Li-

319 3485 492 3540 taniis
522 3486 749 3557 publice
773 3486 1155 3557 supplicatum
1185 3487 1314 3553 fuit,
1348 3488 1478 3558 quis
1509 3487 1618 3542 sibi
1647 3491 2007 3557 persuadeat,

319 3575 572 3645 potuisse
600 3579 717 3629 tam
763 3574 935 3645 brevi,
957 3581 1213 3646 tempore
1257 3575 1592 3630 memoriam
1641 3577 2014 3631 nobilissimas

322 3663 500 3734 prolis
532 3662 739 3732 regalis
771 3661 921 3730 apud
949 3678 1147 3716 omnes
1198 3662 1406 3732 perire,
1439 3667 1496 3717 et
1551 3664 1823 3719 fecundos
1877 3682 2012 3719 con-

317 3751 485 3822 juges
532 3749 732 3804 haberi
763 3766 867 3820 pro
895 3750 1252 3822 virginibus?
1295 3751 1528 3805 Etiamsi
1573 3751 1634 3806 in
1663 3753 1856 3822 aliquo
1887 3770 2019 3808 con-

316 3838 484 3910 jugio
517 3839 676 3892 nulla
708 3853 979 3908 umquam
1028 3842 1297 3908 appareat
1333 3838 1575 3906 soboles,
1629 3839 1888 3894 homines
1931 3847 2016 3895 ta-

324 3943 459 3982 men
487 3926 796 3982 difﬁculter
823 3927 1177 3981 inducuntur
1203 3926 1276 3980 ad
1308 3927 1678 3994 credendum,
1703 3930 1851 3999 quod
1877 3932 2018 3985 tales

325 4015 596 4086 conjuges
651 4016 810 4085 prole
841 4020 1073 4069 careant
1120 4031 1183 4069 ex
1235 4015 1443 4069 virtute
1491 4023 1787 4086 perpetuae
1843 4017 2018 4072 conti-

325 4103 567 4169 nentiai;
617 4103 713 4156 sed
773 4102 829 4157 id
903 4102 1233 4157 adscribunt
1299 4103 1584 4158 sterilitati
1635 4109 1873 4170 naturas,
1926 4111 2022 4159 aut

326 4190 453 4245 aliis
482 4191 909 4262 impedimentis
931 4191 1307 4246 naturalibus.
1338 4192 1509 4246 Multo
1543 4192 1734 4247 minus
1762 4193 2022 4248 homines

329 4279 641 4351 propinqui
663 4279 813 4334 aetati
855 4279 948 4334 SS.
991 4279 1301 4349 conjugum
1325 4279 1617 4334 scivissent
1644 4298 1702 4334 se
1735 4281 1925 4335 induci
1953 4283 2019 4337 ad
2051 4310 2092 4373 Ι)

327 4367 670 4422 credendam
704 4373 1044 4439 perpetuam
1083 4383 1280 4422 eorum
1314 4369 1745 4434 continentiam,
1778 4369 1824 4422 si
1849 4369 1932 4423 illi
1963 4369 2022 4424 in

330 4472 432 4510 suo
457 4455 722 4526 conjugio
756 4455 1137 4526 suscepissent
1165 4456 1361 4519 ﬁliam,
1397 4457 1549 4526 quod
1598 4458 1797 4528 utique
1835 4458 2022 4512 homi-

330 4559 452 4608 nes,
482 4543 638 4597 artati
669 4543 765 4597 isti
795 4543 934 4598 adeo
961 4544 1176 4598 vicinos
1204 4545 1377 4598 latere
1406 4561 1524 4599 non
1556 4547 1856 4615 potuisset.

403 4635 488 4685 96.
528 4653 547 4678 α
589 4632 823 4684 Necesse
856 4637 942 4685 est
991 4631 1169 4702 igitur
1198 4633 1384 4694 fateri,
1442 4635 1657 4703 legatos
1687 4634 2026 4704 apostolicos

333 4720 402 4774 ab
439 4719 690 4788 Eugenio
730 4720 826 4779 lll.
855 4719 927 4772 ad
957 4720 1360 4790 inquirendam
1393 4722 1473 4776 rei
1503 4723 1796 4778 veritatem
1819 4724 2025 4777 saeculo

331 4823 404 4862 xu
457 4807 830 4877 Bambergam
863 4807 1084 4874 missos,
1137 4809 1222 4863 uti
1266 4815 1324 4864 et
1366 4809 1579 4864 multos
1616 4811 1912 4881 religiosos
1963 4827 2028 4865 ac

333 4896 605 4950 discretos
658 4897 811 4950 viros
864 4913 982 4951 non
1033 4899 1282 4968 potuisse
1342 4898 1533 4953 induci
1586 4899 1654 4953 ad
1687 4901 2024 4954 credendam

332 4990 390 5038 et
419 4984 800 5038 attestandam
848 4985 1245 5055 integritatem
1289 4987 1639 5041 castimonia:
1695 4988 1749 5042 S.
1802 4989 2029 5044 Henrici

337 5091 516 5146 usque
544 5073 602 5127 in
652 5074 825 5128 tinem
867 5076 1020 5143 vitae,
1051 5076 1097 5129 si
1128 5077 1213 5129 vel
1259 5077 1320 5130 in
1360 5076 1726 5131 matrimonio
1781 5093 1884 5131 suo
1931 5093 2029 5147 ge-

335 5164 552 5218 nuisset
580 5163 778 5229 tiliam,
811 5164 897 5217 vel
941 5163 988 5217 si
1037 5165 1107 5218 de
1156 5165 1252 5218 illa
1299 5165 1627 5234 integritate
1677 5165 2031 5222 castimoniae

337 5268 453 5305 non
521 5251 858 5306 habuissent
911 5252 1143 5318 indicia,
1203 5252 1532 5306 testimonia
1589 5259 1645 5307 et
1694 5260 2033 5323 argumenta

338 5347 491 5394 certa
543 5357 607 5392 ac
668 5341 904 5394 minime
961 5347 1250 5410 suspecta;
1284 5341 1341 5394 in
1390 5341 1600 5411 quibus
1637 5341 1819 5412 pietas
1870 5341 2030 5396 Chri-

338 5428 523 5482 stiana
554 5435 744 5498 posset
797 5429 1003 5483 merito
1045 5430 1468 5500 conquiescere,
1503 5427 1584 5484 ‘et
1610 5429 1892 5484 memoria
1916 5435 2034 5484 tam

340 5515 578 5581 illustris
625 5518 873 5586 exempli
919 5535 1048 5572 cum
1078 5519 1282 5572 solatio
1323 5517 1449 5570 frui
1509 5519 1614 5573 Sed
1644 5534 1771 5572 cum
1797 5518 2035 5572 humani

340 5604 564 5674 generis
619 5605 798 5659 hostis
847 5607 1242 5676 indignissime
1299 5609 1445 5662 ferat
1500 5607 1558 5660 in
1617 5606 1858 5660 Ecclesia
1893 5608 2032 5661 adeo

2113 580 2328 634 tionem
2357 581 2543 651 palam
2573 579 2840 652 proponi,
2873 585 3032 634 actus
3064 581 3224 634 rabie
3253 580 3566 642 etinvidia,
3604 579 3794 633 nititur

2111 670 2340 723 easdem
2387 669 2547 722 tetris
2606 669 2891 723 coloribus
2948 670 3272 736 obscurare,
3337 669 3482 722 sicut
3519 668 3653 722 olim
3698 683 3794 737 per

2112 757 2482 812 iconoclastas
2535 757 2743 811 Christi
2793 762 2850 811 et
2897 758 3237 813 Sanctorum
3290 757 3568 827 imagines
3598 772 3663 811 ex
3694 757 3793 824 ho-_

2114 845 2335 899 minum
2389 844 2565 898 oculis
2603 845 2805 898 tellere
2837 851 3074 898 conatus
3116 845 3242 907 fuit,
3273 861 3342 898 ne
3373 844 3486 907 isti,
3515 859 3582 898 ex
3605 859 3791 898 earum

2111 939 2361 1005 aspectu,
2424 933 2496 986 ad
2552 932 2832 986 imitanda
2890 933 3120 1004 egregia
3184 933 3524 988 Sanctorum
3574 931 3793 986 illorum

2111 1020 2254 1074 facta
2310 1021 2706 1074 excitarentur.
2759 1040 2786 1070 ι)
2849 1020 2920 1076 Os
2975 1020 3214 1074 durum!
3277 1021 3355 1074 mi
3417 1021 3654 1085 Kmlere,
3701 1021 3793 1074 sed

2112 1109 2262 1178 quod
2297 1114 2358 1163 tu
2386 1109 2445 1162 in
2476 1109 2726 1163 medium
2761 1113 2974 1164 temere
3022 1110 3328 1180 projecisti,
3382 1109 3596 1162 caeteris
3625 1124 3788 1178 argu-

2112 1197 2318 1251 mentis
2342 1198 2462 1268 jam
2493 1198 2719 1252 abunde
2759 1197 3022 1269 superius
3071 1197 3286 1252 dilutis.
3341 1199 3416 1252 Te
3471 1213 3648 1251 unum
3679 1197 3793 1250 haec

2105 1286 2294 1356 jacula
2351 1286 2587 1352 feriunt,
2641 1290 2812 1357 teque
2868 1287 3008 1340 adeo
3037 1292 3240 1357 petunt
3281 1301 3657 1357 quaecumque
3691 1287 3794 1338 hoc

2110 1379 2227 1428 toto
2273 1375 2630 1446 paragrapho
2686 1375 2974 1445 disputata
3015 1380 3174 1429 sunt:
3234 1381 3356 1429 tute
3407 1376 3516 1428 hoc
3574 1373 3793 1436 intristi,

2108 1462 2211 1516 tibi
2233 1478 2404 1516 omne
2433 1463 2790 1516 exedendum
2821 1467 2934 1529 est;
2963 1462 3130 1516 nobis
3182 1467 3484 1533 supersunt
3517 1461 3801 1532 praecipua

2111 1551 2450 1606 sanctissimi
2538 1550 2908 1621 Imperatoris
2975 1555 3134 1621 gesta
3206 1551 3628 1620 chronologice,
3699 1566 3801 1620 pro

2110 1645 2306 1693 nostro
2342 1639 2624 1707 instituto,
2647 1633 2977 1708 digerenda:

2112 1746 2224 1813 §X.
2285 1747 2566 1814 Praecipua
2615 1745 2670 1799 S.
2732 1747 2950 1799 Henrici
2980 1750 3131 1810 gesta
3182 1745 3256 1798 ad
3304 1750 3598 1813 temporum
3655 1745 3806 1812 ordit-

2182 1831 2302 1869 nem
2339 1821 2607 1880 revocata,
2641 1832 2674 1868 a
2705 1819 2862 1882 regni
2893 1819 3173 1886 principio
3221 1816 3295 1868 ad
3331 1816 3624 1881 fundatam
3651 1817 3805 1870 cccle-

2184 1890 2321 1939 siam
2346 1887 2805 1954 Bumbergensem.

2185 1995 2271 2046 97.
2305 1992 2440 2056 Quae
2472 1997 2603 2045 ante
2634 1996 2922 2061 susceptas
2977 1991 3142 2060 regni
3176 1990 3426 2044 habenas
3457 1990 3807 2044 sanctissimo

2113 2080 2463 2150 Imperatore
2508 2083 2666 2148 gesta
2712 2084 2862 2147 sunt,
2897 2094 3028 2133 cum
3060 2094 3166 2132 nec
3197 2079 3335 2132 Vitae
3366 2077 3668 2148 scriptores
3705 2094 3810 2132 nec

2117 2168 2404 2222 Ditmarus
2459 2173 2558 2220 aut
2612 2167 2709 2220 alii
2758 2167 3223 2227 memoraverint.
3295 2167 3505 2220 frustra
3553 2184 3584 2220 a
3648 2167 3810 2221 nobis

2115 2271 2316 2310 eorum
2369 2257 2509 2309 ordo
2541 2255 2898 2326 requiratur;
2949 2255 3017 2309 ab
3067 2255 3288 2309 Ottonis
3338 2256 3408 2309 lll
3450 2255 3604 2309 obitu
3639 2255 3813 2309 series

2115 2349 2311 2398 nostra
2342 2343 2661 2398 deducitur.
2697 2345 2892 2414 Neque
2949 2360 3082 2397 vero
3111 2344 3337 2412 singula
3366 2344 3696 2414 scrupulose
3725 2344 3814 2398 di-

2115 2431 2402 2494 scutimus,
2434 2431 2532 2484 sed
2580 2431 2869 2502 praecipua
2922 2447 3024 2485 seu
3055 2431 3367 2485 illustriora
3420 2438 3477 2484 et
3506 2432 3576 2485 ad
3607 2431 3815 2484 sancti-

2117 2526 2293 2574 tatem
2333 2525 2678 2590 craterasque
2709 2537 2796 2574 res
2829 2521 3001 2574 totius
3033 2520 3194 2592 regni
3223 2525 3280 2574 et.
3299 2519 3527 2590 imperii
3559 2525 3816 2590 tempore

2118 2611 2302 2675 gestas
2359 2607 2691 2677 spectantia,
2755 2623 2999 2679 quaaque
3049 2625 3082 2661 a
3143 2608 3458 2663 notissima),
3511 2608 3652 2662 Vita:
3713 2625 3818 2662 seu

2119 2695 2309 2765 potius
2338 2695 2508 2766 elogii
2537 2697 2913 2767 compilatore
2959 2701 3261 2766 Anonymo
3293 2714 3357 2750 ex
3407 2702 3564 2766 parte
3591 2712 3818 2750 memo-

2118 2789 2240 2838 rata
2265 2783 2498 2855 quidem
2531 2791 2682 2849 sunt,
2708 2790 2793 2838 ast
2830 2785 2912 2838 ita
2959 2785 3266 2838 commixta
3299 2791 3360 2838 ut
3401 2801 3687 2854 nusquam
3711 2802 3823 2855 ap-

2118 2876 2317 2943 pareat
2343 2888 2458 2943 quo
2491 2888 2641 2926 anno
2672 2872 2953 2942 altigenda
2985 2873 3115 2936 sint,
3163 2877 3394 2926 auctore
3445 2873 3512 2926 ad
3548 2873 3669 2926 haec
3699 2879 3820 2928 tam

2119 2975 2322 3030 parum
2367 2962 2603 3023 attento,
2642 2964 2723 3026 ut,
2754 2960 2853 3014 ubi
2886 2976 3100 3014 annum
3144 2959 3432 3030 exprimit,
3475 2960 3828 3029 plerumque

2119 3063 2153 3101 a
2207 3052 2359 3101 recta
2390 3047 2764 3117 chronologia
2791 3048 3049 3112 deﬂectu,
3093 3047 3424 3117 exemplum
3461 3048 3534 3100 sit
3571 3047 3632 3100 in
3663 3048 3824 3117 ipso-

2120 3139 2238 3189 met
2260 3136 2379 3206 jam
2412 3135 2577 3189 dicta:
2606 3135 2746 3188 Vita:
2776 3135 3078 3205 principio,
3109 3149 3284 3205 quam
3314 3137 3374 3188 in
3403 3134 3553 3188 hunc
3582 3134 3823 3188 modum

2120 3223 2373 3278 orditur:
2424 3226 2586 3276 Anno
2612 3223 2684 3277 ab
2737 3223 3126 3277 incarnatione
3161 3222 3392 3277 Domini
3425 3239 3504 3290 in,
3553 3223 3621 3276 ab
3671 3223 3826 3278 Urbe

2120 3310 2345 3365 condita
2374 3327 2611 3377 MDCCLll,
2655 3310 2860 3366 Ottone
2912 3326 3094 3380 puero
3154 3311 3354 3364 Romae
3403 3309 3684 3375 defuncto,
3720 3325 3825 3363 va-

2120 3403 2282 3454 cante
2313 3398 2478 3468 regni
2507 3398 2668 3464 solio,
2699 3415 2828 3452 cum
2858 3398 2928 3452 de
2988 3398 3247 3468 principe
3287 3397 3652 3468 subrogando
3684 3413 3826 3466 age-

2123 3492 2300 3554 retur,
2337 3487 2598 3542 omnium
2629 3492 2779 3553 vota,
2809 3491 2955 3540 nutu
2989 3486 3206 3553 divino,
3258 3487 3326 3541 ad
3367 3502 3501 3539 eum
3530 3485 3827 3540 inclinan-

2121 3580 2236 3643 tur,
2271 3576 2371 3648 qui
2400 3579 2536 3630 tunc
2563 3575 2624 3628 in
2654 3590 2833 3644 regno
2862 3575 3182 3629 habebatur
3201 3574 3550 3645 potissimus.
3589 3593 3611 3622 ι
3647 3574 3833 3628 Aber-

2123 3669 2254 3718 rant
2313 3663 2407 3718 hic
2458 3664 2810 3717 characteres
2878 3679 3058 3734 prope
3116 3678 3345 3716 omnes:
3422 3677 3610 3732 neque
3667 3662 3830 3716 enim

2127 3768 2276 3806 anno
2335 3753 2460 3806 tOOl
2520 3755 2781 3806 mortuus
2833 3756 2917 3804 est
2982 3751 3112 3806 Otto
3144 3751 3238 3817 lll,
3293 3751 3391 3804 sed
3437 3752 3602 3815 1002,
3634 3765 3836 3820 neque

2127 3846 2250 3894 erat
2301 3855 2484 3894 annus
2516 3839 2677 3896 Urbis
2728 3839 2970 3894 condita:
3031 3842 3186 3894 1752.
3249 3839 3344 3893 sed
3401 3853 3536 3892 vero
3579 3837 3839 3892 similius

2132 3930 2294 3992 {754;
2320 3943 2506 3999 neque
2537 3929 2733 3983 Romze
2781 3933 3046 3982 mortuus
3073 3928 3205 3982 Otto
3241 3926 3364 3993 iste,
3416 3925 3514 3980 sed
3564 3927 3840 3980 Paternae

2129 4033 2232 4072 seu
2261 4016 2508 4084 Paterni,
2549 4021 2731 4071 castro
2779 4016 3105 4086 Campaniae
3154 4017 3448 4081 Romanae,
3491 4014 3551 4068 in
3609 4013 3841 4068 ditione

2132 4105 2394 4160 Ecclesiae
2448 4110 2620 4176 atque
2672 4105 2733 4158 in
2791 4103 3082 4158 maritimo
3139 4108 3344 4167 tractu,
3401 4103 3462 4156 in
3513 4117 3611 4155 ora
3653 4102 3843 4156 maris

2129 4193 2429 4265 Tyrrheni,
2488 4193 2585 4248 ubi
2636 4193 2773 4247 alias
2828 4193 2962 4246 villa
2989 4191 3158 4246 Plinii
3209 4190 3473 4260 junioris,
3517 4194 3660 4244 teste
3693 4190 3842 4244 Hol—

2133 4283 2336 4347 stenio,
2370 4280 2652 4352 quidquid
2683 4280 2781 4334 alii
2811 4297 2840 4333 a
2863 4279 2977 4332 situ
3005 4279 3295 4334 tantillum
3322 4279 3644 4332 deﬂectant.

2204 4373 2292 4425 98.
2320 4373 2365 4423 A
2397 4369 2494 4423 tali
2542 4367 2775 4422 exordio
2831 4367 2970 4438 quid
3003 4367 3063 4421 in
3092 4367 3292 4422 ordine
3326 4367 3396 4422 ad
3453 4365 3845 4437 digerendam

2134 4473 2328 4511 rerum
2380 4457 2585 4510 seriem
2633 4456 2852 4526 sperari
2897 4455 3097 4526 possit,
3150 4455 3313 4508 facile
3345 4454 3720 4523 intelligitur:
3777 4454 3846 4509 id

2133 4546 2298 4601 nobis
2324 4544 2682 4616 potissimum
2727 4560 2878 4598 curae
2907 4544 3012 4598 erit
3061 4549 3122 4597 ut
3168 4544 3381 4596 salvam
3427 4558 3621 4596 rerum
3689 4543 3850 4596 veri-

2133 4640 2308 4690 tatem
2341 4635 2398 4688 in
2440 4640 2678 4700 rectum,
2712 4633 2904 4704 quoad
2935 4632 3060 4687 ﬁeri
3092 4631 3321 4702 poterit,
3355 4630 3610 4685 ordinem
3657 4631 3848 4684 chro—

2135 4722 2478 4793 mologicum
2524 4721 2871 4792 redigamus,
2919 4719 3150 4788 adjectis
3205 4733 3638 4789 nonnumquam
3672 4724 3734 4772 et
3771 4720 3855 4774 ad

2133 4812 2396 4882 proprios
2429 4810 2602 4865 etiam
2658 4810 2793 4864 hinc
2819 4809 2952 4863 inde
2983 4825 3162 4862 annos
3201 4807 3475 4862 revocatis
3522 4805 3856 4875 largissimi

2134 4901 2194 4955 in
2242 4899 2504 4954 ecclesias
2543 4903 2602 4953 et
2647 4897 2994 4953 monasteria
3025 4896 3388 4967 Imperatoris
3427 4895 3858 4950 donationibus

2137 4993 2194 5043 et
2227 4987 2564 5059 privilegiis,
2615 5003 2864 5058 quorum
2919 5002 3049 5041 cum
3100 4987 3220 5056 jam
3276 4984 3584 5055 scriptores
3640 4984 3860 5052 plures

2140 5076 2530 5143 meminerint,
2563 5077 2727 5131 nobis
2766 5093 2834 5130 ea
2855 5076 3039 5130 obiter
3066 5075 3322 5144 attigisse
3370 5072 3676 5127 sult’ecerit.
3721 5073 3857 5126 Ct!!-

2139 5182 2313 5220 sarea?
2355 5165 2448 5220 isti
2489 5165 2739 5236 profusae
2771 5166 2950 5219 ferme
2999 5161 3330 5219 liberalitati
3361 5179 3393 5215 a
3431 5160 3593 5231 regni
3615 5160 3861 5230 princi—

2139 5253 2236 5324 pio
2261 5253 2573 5308 intendisse
2609 5253 2865 5307 invenies
2908 5252 3057 5322 apud
3105 5251 3493 5305 Mabillonium
3551 5248 3610 5301 in
3650 5250 3863 5302 Anna-

2140 5340 2290 5394 libus
2310 5340 2772 5395 Benedictinisad
2794 5355 3008 5393 annum
3041 5341 3195 5402 1002,
3220 5354 3348 5408 pag.
3386 5340 3504 5402 159,
3550 5352 3718 5389 num.
3757 5340 3860 5403 26,

2143 5430 2279 5484 dum
2337 5427 2869 5497 aream-quamdam
2911 5426 3062 5480 intra
3119 5442 3311 5480 muros
3368 5425 3522 5479 urbis
3570 5424 3862 5478 Ratisbo-

2146 5517 2336 5572 nensis
2386 5517 2679 5570 Altahensi
2739 5516 3085 5570 monasterio
3140 5515 3327 5581 dedit;
3387 5519 3445 5567 et
3503 5514 3674 5583 plura
3735 5514 3867 5568 alia

2147 5607 2366 5676 majora
2424 5604 2701 5659 beneficia
2749 5604 2934 5659 eidem
2981 5603 3328 5658 monasterio
3377 5601 3644 5672 praestitit
3676 5603 3866 5655 annis
