3940 6334
146 332 197 383 ﬁl
1795 334 1990 390 ACTA.
3584 338 3653 391 62

144 453 539 524 sequentibus,
587 470 835 526 quorum
894 444 1209 526 diplomata
1257 455 1485 512 exhibet
1548 460 1844 513 Gretserus
1881 462 1927 514 A
1966 460 2098 515 1004
2127 459 2516 532 consignatur,
2551 464 2613 515 ut
2669 474 2740 515 ex
2789 458 3117 514 clarissimis
3163 457 3363 514 eorum
3402 460 3653 515 textibus

146 542 208 597 ad
235 544 457 597 calcem
489 544 894 615 vulgatissisz
920 546 1083 614 Vitas,
1115 564 1147 599 a
1194 562 1324 616 pag.
1385 549 1471 601 65.
1507 548 1615 601 Nec
1645 546 1852 601 desunt

149 632 499 685 Henricianae
534 634 941 687 muniﬁcentiae
989 641 1329 705 argumenta
1358 636 1507 705 apud
1560 636 1847 689 Hundium

147 712 209 771 in
238 736 341 772 sua
374 720 1133 793 MetropoliSaIisburgensi,
1190 729 1253 777 ut
1298 723 1446 791 vide,
1498 740 1628 794 pag.
1668 726 1765 779 140
1796 730 1852 779 et

148 808 317 861 alibi:
354 809 496 871 Quae
526 810 595 861 ad
631 811 992 879 Westplialia:
1025 827 1123 864 seu
1152 812 1410 866 Saxoniaa
1442 819 1627 883 partes
1678 814 1851 867 redu-

149 886 352 949 cuntur
384 898 441 951 S.
506 896 733 951 Henrici
768 898 1062 968 privilegia
1093 905 1149 953 et
1195 899 1554 968 donationes,
1588 902 1643 954 in
1676 918 1852 955 annos

150 1001 408 1053 quosque
440 1002 574 1038 suos
606 986 838 1039 uberius
868 993 923 1041 et
960 988 1291 1056 diligentius
1337 988 1625 1043 distribuit
1655 995 1851 1043 etac-

151 1078 337 1125 curate
370 1074 647 1142 eXplicuit
678 1080 868 1128 noster
924 1076 1187 1130 Nicolaus
1240 1078 1481 1131 Scbaten
1516 1078 1575 1131 in
1613 1079 1851 1132 Annali-

152 1161 250 1213 bus
282 1162 873 1229 Paderbornensibus,
908 1164 1005 1217 lib.
1039 1181 1112 1232 iv,
1143 1180 1176 1217 a
1233 1182 1364 1235 pag.
1399 1169 1522 1231 362,
1581 1166 1733 1236 quod
1765 1167 1856 1219 hic

154 1250 430 1302 indicasse
462 1252 599 1303 satis
639 1257 768 1305 est:
817 1252 937 1306 Vita
966 1253 1027 1308 S.
1093 1254 1406 1307 Meinwerci
1461 1254 1604 1307 dona
1664 1253 1856 1325 potius

151 1338 270 1406 ipsa
298 1354 475 1408 quam
509 1339 888 1394 instrumenta
917 1347 1235 1395 enumerat.
1294 1342 1419 1396 Alia
1458 1359 1655 1397 rursus
1684 1343 1857 1396 habet

153 1426 419 1479 laudatus
450 1427 831 1493 Mabillonius,
865 1446 993 1499 pag.
1036 1433 1125 1485 l6t
1164 1450 1179 1498 ;
1210 1447 1312 1484 nos
1335 1431 1626 1499 praetixam
1650 1432 1855 1485 seriem

150 1514 536 1568 exordiamur.

221 1606 310 1655 99.
347 1603 433 1657 Ad
491 1610 601 1657 tres
631 1605 850 1674 primos
880 1607 1043 1677 regni
1100 1609 1153 1662 S.
1211 1608 1435 1661 Henrici
1484 1625 1663 1662 annos
1702 1608 1856 1679 quod

155 1691 382 1755 attinet,
416 1691 477 1745 in
522 1692 593 1745 iis
648 1698 946 1764 tantopere
1004 1696 1377 1751 laborandum
1420 1712 1537 1750 non
1566 1698 1693 1763 erit,
1726 1714 1855 1751 cum

155 1796 241 1835 res
300 1797 369 1834 eo
417 1786 673 1852 tempore
734 1790 919 1852 gestas
967 1784 1099 1837 satis
1150 1786 1408 1854 apposite
1450 1786 1769 1839 distinxerit
1799 1790 1855 1839 et

155 1870 512 1923 ordinaverit
550 1871 815 1924 laudatus
867 1888 1037 1941 supra
1089 1873 1512 1943 Ultrajectensis
1558 1874 1855 1944 episcopus

154 1958 529 2022 Adelboldus,
558 1974 751 2012 rerum
782 1975 961 2029 prope
989 1961 1249 2014 omnium
1272 1961 1429 2015 testis
1455 1963 1712 2015 oculatus
1745 1979 1757 2027 ;
1794 1966 1858 2015 ut

154 2046 243 2099 hic
273 2046 627 2101 audiendum
656 2049 897 2102 omnino
943 2065 1059 2102 non
1092 2055 1288 2119 putem
1318 2050 1564 2104 Alberici
1610 2049 1856 2105 Chroni-

155 2150 279 2199 con,
315 2134 457 2188 dum
484 2135 542 2188 in
574 2136 697 2205 ipso
724 2138 864 2198 solo,
899 2138 1216 2192 tacentibus
1255 2138 1682 2204 vetustioribus,
1713 2138 1858 2191 mira

156 2222 298 2291 tingi
329 2222 521 2292 potius
547 2239 723 2294 quam
763 2241 891 2278 vere
940 2226 1161 2279 narrari
1214 2226 1477 2280 videntur
1522 2227 1588 2280 ad
1642 2243 1858 2280 annum

164 2314 295 2364 1003
355 2310 428 2363 de
475 2313 693 2366 \Vindis
747 2330 842 2367 seu
906 2314 1143 2368 Winidis
1199 2315 1426 2385 populis
1480 2315 1861 2369 idololatrisa

160 2399 215 2453 S.
260 2399 507 2453 Henrico
540 2416 643 2469 per
668 2400 724 2454 id
748 2406 971 2472 tempus
992 2402 1327 2473 subjugatis,
1355 2420 1600 2473 quorum
1629 2402 1860 2473 regibus

163 2487 500 2557 bujusmodi
540 2490 879 2543 anecdotum
933 2492 1213 2562 applicat:
1254 2514 1273 2540 ι
1310 2491 1425 2545 Hos
1453 2493 1693 2562 populos
1718 2493 1863 2545 Hen-

163 2576 317 2629 ricus
342 2575 680 2629 tributarios
718 2577 869 2644 fecit,
904 2578 982 2632 ita
1022 2584 1087 2633 ut
1126 2580 1200 2633 in'
1230 2579 1495 2633 omnibus
1539 2580 1862 2633 solemnita—

158 2665 312 2717 tibus
342 2664 551 2733 quibus
583 2667 983 2733 coronabatur,
1016 2673 1262 2739 quatuor
1291 2684 1454 2739 reges
1482 2685 1681 2722 eorum
1706 2669 1860 2722 lebe-

157 2759 297 2819 tem,
334 2769 450 2823 quo
483 2769 680 2806 carnes
712 2755 1145 2822 condiebantur,
1168 2756 1229 2810 in
1268 2757 1523 2810 humeris
1553 2757 1689 2823 suis,
1723 2757 1862 2810 duo-

157 2843 261 2895 bus
295 2843 572 2909 vectibus,
606 2858 711 2913 per
765 2846 1011 2897 annulos
1068 2851 1314 2916 quatuor
1371 2845 1642 2911 inductis,
1670 2847 1740 2900 ad
1774 2862 1863 2898 co-

156 2930 401 3000 quinam
451 2930 812 2985 vectitarent.
876 2954 896 2978 -
961 2933 1121 2987 Fides
1173 2934 1244 2987 sit
1296 2950 1472 3004 penes
1547 2940 1859 2988 auctorem.

156 3020 396 3072 Saniora
430 3019 596 3088 longe
631 3025 765 3073 sunt
796 3036 925 3090 quas
960 3021 1309 3076 Adelboldus
1364 3023 1674 3093 diligenter
1703 3039 1863 3076 com-
1896 3010 1936 3064 (ἶ

157 3112 463 3170 memorat,
528 3124 618 3160 res
676 3124 873 3161 omnes
947 3110 1127 3164 sancti
1188 3111 1557 3181 Imperatoris
1603 3116 1863 3165 accurate

156 3196 491 3265 complexus
523 3195 592 3248 ab
626 3195 790 3249 obitu
845 3196 1155 3251 decessoris
1210 3198 1431 3253 Ottonis
1473 3200 1545 3254 lll
1576 3215 1758 3269 usque
1793 3199 1861 3252 ad

158 3284 377 3338 bellum
426 3283 808 3351 Slavonicum,
852 3290 979 3355 post
1030 3286 1275 3356 primam
1324 3287 1385 3340 in
1422 3288 1645 3341 Italiam
1685 3304 1863 3357 expe-

160 3373 445 3426 ditionem
485 3372 541 3427 S.
574 3373 800 3427 Henrici
827 3377 963 3427 Acta
995 3391 1347 3445 percensens,
1384 3392 1512 3446 quas
1544 3376 1764 3429 utinam
1793 3375 1865 3429 ad

162 3461 340 3514 tinem
375 3476 557 3530 usque
600 3461 746 3529 vitae,
806 3463 1004 3516 eadem
1034 3464 1304 3518 methodo
1353 3470 1407 3517 et
1432 3464 1540 3517 fide
1570 3465 1862 3534 perducta,

162 3550 231 3603 ad
258 3564 366 3603 nos
395 3549 731 3603 transmissa
782 3550 1022 3604 fuissent
1056 3549 1066 3604 l
1102 3552 1197 3605 Vel
1261 3552 1368 3606 hoc
1418 3552 1725 3607 dolendum
1758 3558 1862 3617 est,

164 3639 321 3709 quod
352 3638 416 3692 in
443 3644 717 3709 apparatu
741 3640 810 3694 ad
835 3640 1170 3710 praedictum
1216 3640 1431 3695 bellum
1478 3641 1867 3712 fragmentum

164 3733 434 3782 nostrum
465 3726 707 3781 deficiat.

239 3817 364 3871 100.
402 3816 527 3870 Non
560 3831 692 3869 eum
730 3814 944 3869 fontem
975 3816 1259 3869 consuluit
1308 3816 1685 3882 Hot‘mannus,
1730 3816 1868 3869 dum

165 3906 220 3958 in
247 3903 567 3959 Annalibus
593 3903 710 3956 suis
769 3904 1276 3974 Bambergensibus
1317 3922 1349 3958 a
1391 3906 1493 3959 col.
1527 3908 1593 3959 35
1620 3905 1871 3974 plurima

160 3988 532 4042 commiscuit
559 4007 589 4043 a
633 3991 865 4045 veritate
917 3997 971 4045 et
1026 4000 1182 4047 recta
1223 3993 1590 4061 chronologia
1640 4009 1871 4063 prorsus

161 4076 378 4142 aliena,
412 4094 542 4149 qua:
575 4095 641 4132 ex
671 4080 789 4133 sola
844 4080 1148 4136 collatione
1195 4098 1323 4135 cum
1383 4082 1681 4137 Adelboldi
1707 4082 1869 4136 dictis

162 4166 403 4235 penitus
462 4168 903 4234 convelluntnr;
964 4185 1126 4240 asque
1184 4188 1249 4224 ac
1303 4170 1502 4224 tictitia
1529 4171 1580 4225 S.
1645 4170 1866 4224 Henrici

1960 549 2252 603 evidenter
2271 550 2716 615 demonstratur,
2748 549 3107 620 probantque
3137 549 3310 603 etiam
3338 548 3407 602 ad
3428 550 3656 603 oculum

1960 637 2325 693 solennitates
2373 639 2645 693 festorum
2701 643 2816 692 toto
2883 637 3069 707 primo
3126 639 3290 708 regni
3337 637 3393 691 S.
3433 637 3656 691 Henrici

1959 726 2207 780 triennio
2237 728 2668 791 celebratorum,
2714 743 2842 797 quae
2875 727 2961 780 vel
3004 742 3068 779 ex
3103 726 3227 795 ipso
3261 725 3516 780 Ditmaro
3550 741 3655 795 pa-

1960 815 2101 868 riter
2125 821 2426 869 eruuntur.

2040 906 2155 958 IOI.
2182 903 2435 963 ,lnterim
2493 902 2613 974 ipse
2646 903 2723 957 sic
2781 904 2989 956 librum
3037 918 3206 956 suum
3247 906 3467 955 sextum
3502 900 3657 955 ordi-

1962 999 2099 1047 tur:
2135 1013 2163 1041 «
2213 994 2349 1047 Post
2403 993 2760 1045 salutiferam
2813 992 3169 1045 intemerata:
3228 989 3473 1059 Virginis
3531 1006 3660 1061 par-

1961 1084 2107 1144 tum,
2174 1085 2566 1133 consummata
2617 1078 2921 1133 millenarii
3004 1079 3153 1132 linea
3210 1077 3437 1131 numeri
3489 1083 3545 1129 et
3602 1077 3659 1130 in

1963 1167 2163 1237 quinto
2189 1168 2492 1220 cardinalis
2533 1168 2746 1220 ordinis
2790 1169 2935 1232 loco,
2967 1184 3031 1220 ac
3061 1168 3119 1220 in
3152 1167 3409 1235 ejusdem
3441 1170 3659 1236 quarta:

1962 1255 2127 1308 initio
2156 1256 2530 1309 hebdomadas
2582 1256 2638 1309 in
2684 1255 2988 1309 Februario
3046 1272 3259 1319 mense,
3307 1254 3406 1323 qui
3450 1270 3658 1323 purga-

1966 1345 2147 1397 torius
2176 1343 2402 1409 dicitur,
2453 1345 2668 1397 clarum
2733 1360 2900 1396 mane
2931 1344 3117 1396 illuxit
3170 1343 3397 1405 saeculo,
3432 1347 3488 1395 et
3520 1344 3661 1396 Hen-

1965 1434 2117 1486 ricus
2141 1432 2334 1486 divina
2387 1433 2570 1502 gratia
2625 1448 2740 1495 rex,
2773 1437 3193 1485 antecessorum
3253 1446 3486 1484 suorum
3541 1446 3658 1483 nte-

1966 1538 2099 1574 vum
2130 1521 2362 1590 cupiens
2387 1520 2720 1585 emundare,
2773 1519 2995 1590 sibique
3047 1519 3662 1587 veniam~promerere

1968 1616 2261 1670 aeternam.
2297 1609 2586 1680 dispositis
2643 1609 2953 1662 secundum
3010 1607 3217 1661 suimet
3270 1607 3541 1677 placitum
3589 1606 3659 1659 ad

1891 1736 1927 1789 Β
1968 1700 2073 1752 hoc
2154 1698 2577 1769 pertinentibus
2649 1697 2882 1763 cunctis,
2952 1695 3203 1766 perrexit
3284 1695 3353 1747 ad
3428 1694 3663 1748 domum

1966 1803 2148 1852 suam,
2183 1787 2282 1839 ubi
2344 1802 2402 1839 se
2457 1785 2828 1855 corporaliter
2872 1800 3096 1854 semper
3145 1782 3359 1835 solebat
3406 1782 3661 1846 reticere,

1965 1880 2022 1929 et
2047 1875 2142 1928 ubi
2182 1874 2503 1929 desiderato
2538 1874 2633 1927 diu
2667 1873 2939 1926 alimento
2974 1871 3269 1942 paululum
3333 1871 3663 1923 reticeretur

1964 1962 2025 2016 in
2048 1968 2288 2029 mente;
2357 1977 2791 2031 convocansque
2829 1961 2900 2013 ad
2947 1977 3004 2013 se
3062 1976 3261 2013 omnes
3317 1958 3481 2028 regni
3538 1957 3661 2026 pri-

1967 2057 2167 2117 mates,
2214 2051 2374 2105 dedit
2455 2050 2844 2121 episcopatum
2901 2053 3109 2102 sancta:
3176 2044 3661 2115 Merseburgensis

1966 2140 2217 2193 ecclesiae
2284 2140 2575 2208 capellano
2638 2136 2845 2191 suimet
2925 2136 3291 2207 \Vigberto.»
3343 2132 3535 2203 Pergit
3595 2149 3663 2187 ea

1966 2228 2216 2282 indicare
2252 2228 2534 2280 Ditmarns
2564 2243 2693 2297 quas
2713 2243 2838 2296 cap.
2895 2230 2924 2279 3
2964 2230 3021 2278 et
3050 2224 3083 2278 4
3114 2227 3394 2277 memorat
3429 2226 3661 2290 Anony-

1971 2333 2114 2383 mus,
2152 2315 2293 2369 nulli
2344 2314 2532 2368 ordini
2584 2315 2806 2377 altixus,
2863 2329 2931 2367 ex
2988 2312 3148 2382 cujus
3205 2326 3375 2365 sensu
3415 2308 3664 2379 praemit-

1967 2406 2140 2458 tenda
2199 2410 2283 2457 est
2330 2405 2384 2459 S.
2444 2403 2668 2458 Henrici
2724 2408 3011 2473 reportata
3071 2402 3141 2455 de
3193 2400 3369 2454 Slavis
3431 2396 3666 2451 victoria

1968 2493 2318 2547 restitutioni
2350 2492 2600 2546 ecclesiae
2630 2491 3135 2561 Merseburgensis,
3164 2494 3226 2541 ut
3268 2493 3398 2558 pote
3438 2502 3568 2558 quze
3599 2501 3662 2538 ex

1969 2583 2341 2636 celeberrimo
2375 2587 2501 2635 voto
2531 2581 2673 2634 facta
2709 2580 2798 2646 sit,
2856 2584 2985 2632 ante
3033 2595 3157 2631 eam
3203 2577 3497 2630 victoriam
3526 2590 3662 2627 con-

1970 2676 2153 2741 cepto,
2208 2671 2276 2724 de
2328 2687 2440 2740 quo
2508 2669 2718 2722 mirum
2766 2674 2851 2720 est
2907 2667 3223 2720 Ditmarum
3283 2663 3489 2717 clarius
3551 2677 3663 2714 non

1971 2758 2318 2821 meminisse,
2375 2773 2724 2828 quamquam
2770 2756 2838 2810 ad
2896 2755 3038 2809 illud
3101 2754 3352 2810 alludere
3408 2750 3665 2804 videatur

1967 2849 2150 2902 tribus
2198 2847 2415 2902 ultimis
2475 2845 2645 2916 elogii
2689 2844 2952 2914 superius
3004 2843 3122 2897 dati
3176 2840 3488 2896 versiculis.
3549 2840 3664 2893 lta-

1971 2954 2082 3008 que
2126 2937 2249 3007 ipso
2292 2936 2390 2990 illo
2446 2952 2595 2989 anno
2652 2936 2807 3001 1004,
2857 2939 2955 2986 aut
3001 2933 3146 2986 forte
3211 2927 3576 3001 praecedenti,
3606 2930 3667 2979 ut

1976 3027 2073 3081 alii
2114 3030 2383 3087 statuunt,
2450 3025 2682 3078 obtenta
2738 3028 2823 3077 est
2880 3021 3155 3092 praedicta
3205 3019 3458 3085 victoria,
3489 3030 3665 3088 quam

1977 3114 2312 3169 instauratio
2372 3114 2479 3167 ista
2519 3111 3002 3178 Merseburgensis
3058 3109 3309 3164 ecclesiae
3368 3107 3665 3161 subsecuta

1974 3205 2064 3258 sit.
2097 3203 2186 3258 Sic
2215 3203 2286 3256 ad
2317 3202 2528 3256 dictum
2557 3216 2771 3255 annum
2817 3200 2949 3253 100i
3007 3198 3259 3269 loquitur
3310 3198 3668 3251 Hcrmannus

1975 3295 2307 3347 Contractus
2337 3308 2353 3343 :
2387 3313 2410 3339 (ι
2448 3290 2721 3344 Henricus
2747 3305 2846 3342 rex
2877 3287 3097 3341 Italiam
3152 3291 3370 3355 petens,
3404 3282 3511 3337 sibi
3541 3298 3667 3335 eam

1974 3380 2203 3451 subjicit
2234 3397 2246 3433 :
2280 3378 2507 3449 Papiam
2537 3378 2659 3448 ipsa
2690 3377 2779 3431 die
2801 3392 2915 3447 qua
2950 3380 3253 3428 coronatus
3310 3376 3410 3435 est,
3451 3372 3669 3425 irrum-

1974 3485 2133 3541 pens,
2160 3467 2347 3538 gladio
2394 3472 2450 3519 et
2477 3466 2609 3535 igne
2657 3463 3019 3534 perdomuit:
3064 3462 3215 3516 unde
3271 3461 3330 3514 in
3361 3458 3666 3514 Saxoniam

1974 3556 2217 3619 rediens,
2272 3554 2585 3610 Bohemian
2632 3558 2690 3607 et
2746 3552 3065 3606 Bolezlaum
3116 3549 3319 3604 ducem
3370 3548 3669 3603 Slavorum

1976 3661 2105 3699 cum
2140 3649 2258 3698 tota
2286 3648 2453 3713 gente
2485 3641 2828 3711 subjugavit.
2865 3660 2890 3690 ι)

2052 3736 2172 3789 102.
2235 3734 2357 3787 Non
2437 3729 2939 3797 dissimulaverim,
3020 3732 3203 3782 totam
3269 3726 3427 3780 illam
3479 3741 3604 3795 cap.
3636 3725 3670 3776 4

1980 3824 2314 3877 adornatam
2343 3819 2628 3891 Anonymi
2664 3814 3069 3879 narrationem,
3104 3822 3189 3871 tot
3243 3816 3403 3870 miris
3441 3820 3674 3885 porten-

1981 3913 2051 3967 tis
2082 3911 2393 3982 palliatam,
2427 3924 2723 3979 nunquam
2788 3907 2929 3962 mihi
2975 3907 3274 3978 placuisse,
3312 3922 3378 3959 eo
3429 3918 3675 3975 praeser-

1980 4001 2107 4068 tim,
2141 3998 2546 4070 urgentissimo
2571 3997 2633 4051 in
2658 3998 2744 4051 bis
2793 3996 3077 4067 adjunctis
3130 4000 3492 4065 argumento,
3522 3990 3675 4062 quod

1983 4089 2290 4153 Ditmarns,
2342 4102 2531 4140 rerum
2587 4084 2846 4138 omnium
2906 4090 3025 4138 tum
3082 4088 3371 4153 gestarum
3423 4078 3677 4134 oculatus

1980 4177 2137 4231 testis
2158 4182 2213 4229 et
2252 4175 2514 4245 scriptor,
2576 4171 3054 4241 Merseburgensis
3098 4170 3347 4225 ecclesiae
3402 4185 3518 4221 suae
3562 4168 3676 4220 rui-

162 4254 374 4308 electio
408 4272 442 4307 a
469 4261 685 4324 septem
718 4257 951 4327 Imperii
1004 4258 1373 4325 Electoribus,
1409 4276 1475 4313 eo
1519 4264 1781 4329 tempore
1813 4264 1865 4311 et
1899 4295 1940 4347 D
1982 4282 2133 4329 nam,
2200 4264 2484 4318 bonorum
2540 4263 2663 4332 ejus
2711 4260 3144 4325 alienationem,
3202 4275 3265 4311 ac
3314 4257 3546 4310 demum
3578 4270 3678 4325 per

166 4343 367 4397 multis
398 4344 573 4397 etiam
605 4351 734 4414 post
753 4346 916 4400 annis
949 4346 1009 4400 in
1040 4349 1341 4403 Germania
1384 4348 1627 4402 necdum
1672 4348 1867 4417 cogni-

161 4432 254 4499 tis,
283 4448 420 4502 quas
455 4449 557 4486 nos
588 4433 679 4487 hic
713 4434 835 4488 aliis
896 4436 1254 4491 discutienda
1283 4441 1338 4490 et
1378 4437 1676 4491 refutanda
1700 4436 1871 4489 relin-

164 4522 427 4591 quimus.
460 4523 636 4576 Paulo
685 4523 998 4577 accuratior
1052 4530 1135 4578 est
1164 4525 1223 4579 in
1251 4525 1320 4578 iis
1349 4525 1711 4579 recensendis
1743 4541 1873 4595 quas

168 4610 235 4664 ad
295 4611 895 4667 muniﬁcentissimam
951 4614 1201 4668 ecclesiae
1258 4614 1692 4683 Bambergensis
1748 4614 1871 4667 fun-

167 4699 467 4753 dationem
498 4716 530 4752 a
556 4701 660 4753 col.
696 4701 762 4753 40
800 4702 1010 4765 retulit,
1068 4706 1132 4756 ut
1188 4702 1337 4756 infra
1385 4702 1643 4773 pluribus
1669 4718 1876 4771 expen-

166 4790 393 4843 demus.
430 4788 518 4842 Ad
547 4788 926 4844 Adelboldum
969 4793 1345 4861 regredimur,
1379 4791 1438 4844 in
1488 4792 1649 4861 cujus
1676 4806 1873 4843 narra-

169 4880 329 4932 tione
360 4878 654 4948 praecipue
708 4878 1123 4933 observandum
1153 4881 1305 4949 quod
1364 4880 1539 4933 trium
1590 4893 1874 4933 annorum

168 4968 378 5037 spatio,
412 4982 622 5037 nempe
654 4967 816 5020 annis
878 4970 1033 5033 l002,
1092 4971 1224 5024 1003
1273 4975 1329 5023 et
1390 4971 1523 5024 10οἱ
1578 4969 1877 5023 contrahat

168 5073 299 5126 qua:
330 5056 433 5110 alii
460 5071 594 5110 cum
620 5056 899 5123 Ditmaro,
924 5058 993 5112 ab
1044 5060 1512 5124 amanuensibus,
1565 5057 1674 5112 nisi
1703 5058 1874 5111 vehe-

170 5151 394 5199 menter
421 5144 610 5211 fallor,
650 5151 938 5215 corrupto,
972 5146 1039 5199 ad
1070 5151 1337 5217 quatuor,
1365 5147 1421 5200 id
1478 5153 1564 5200 est
1594 5162 1774 5217 usque
1806 5146 1876 5200 ad

168 5250 381 5286 annum
412 5235 547 5287 1005
578 5233 893 5286 extendunt
920 5249 935 5297 ;
982 5234 1131 5303 apud
1181 5250 1323 5304 quos
1376 5234 1562 5304 prima
1589 5234 1688 5287 illa
1708 5250 1875 5303 expe-

166 5323 309 5376 ditio
340 5323 561 5386 ltalica,
584 5338 614 5374 a
644 5322 699 5375 S.
720 5321 960 5375 Henrico
989 5328 1269 5393 suscepta,
1305 5325 1441 5377 dum
1472 5322 1679 5375 misera
1706 5322 1879 5393 Papia

170 5412 227 5465 in
256 5413 480 5466 favillas
508 5426 693 5480 prope
737 5411 962 5464 redacta
1019 5418 1125 5475 est,
1184 5428 1335 5465 anno
1392 5414 1524 5465 1005
1576 5427 1877 5482 perperam

170 5500 501 5566 innectitur,
544 5514 677 5571 quae
706 5499 776 5552 ab
803 5499 1135 5566 Adelboldo,
1170 5501 1621 5571 Chronographo
1659 5501 1877 5555 Saxone

174 5595 227 5643 et
283 5589 608 5645 Annalibus
684 5589 1204 5644 Hildesemensibus
1267 5590 1669 5644 dissertissime
1725 5606 1876 5643 anno

1979 4356 2032 4409 S.
2067 4352 2371 4408 Henricum
2421 4349 2892 4404 restaurationem
2951 4352 3068 4399 tam
3128 4344 3365 4399 sollicite
3413 4349 3469 4397 et
3508 4360 3679 4396 accu-

1985 4448 2104 4497 rate
2137 4456 2481 4507 memorans,
2505 4439 2574 4492 de
2602 4443 2683 4491 tot
2713 4436 3020 4501 miraculis,
3049 4434 3130 4489 ibi
3170 4452 3203 4488 a
3226 4434 3360 4487 Vita;
3403 4432 3680 4503 scriptore

1983 4529 2359 4599 conglobatis,
2418 4543 2531 4581 non
2612 4525 2953 4592 meminerit,
3014 4539 3297 4595 nusquam
3357 4522 3559 4575 solitus
3614 4538 3677 4574 ea

1984 4618 2211 4673 silentio
2257 4616 2545 4670 involvere
2579 4631 2707 4685 quae
2763 4615 2832 4667 ad
2892 4620 3005 4667 tam
3064 4613 3259 4667 eximii
3308 4610 3684 4666 benefactoris

1986 4705 2072 4758 sui
2101 4704 2342 4775 gloriam
2374 4703 2693 4757 conducere
2732 4719 2897 4772 posse
2945 4701 3287 4756 existimavit
3319 4716 3332 4766 ;
3393 4704 3454 4754 ut
3487 4698 3679 4770 prodi-

1986 4792 2080 4863 gio
2134 4791 2321 4845 simile
2373 4790 2680 4845 dicendum
2727 4791 2799 4843 sit
2851 4796 2968 4844 tam
3026 4791 3303 4844 illustrem
3364 4788 3677 4849 victoriam,

1986 4881 2033 4934 si
2058 4880 2137 4934 sic
2167 4884 2333 4951 parta
2353 4886 2458 4943 est,
2486 4880 2558 4933 ab
2607 4895 2673 4933 eo
2708 4879 3055 4950 praeteritam
3089 4876 3283 4932 fuisse.
3322 4877 3389 4932 Ut
3440 4876 3676 4931 candide

1986 4970 2167 5024 dicam
2241 4969 2393 5040 quod
2452 4969 2682 5022 sentio:
2743 4967 3002 5038 suspicor
3054 4970 3446 5037 Anonymum,
3492 4966 3677 5018 virum

1986 5059 2225 5124 bonum,
2313 5058 2587 5111 nonnulla
2657 5057 2726 5110 ad
2801 5057 2855 5111 S.
2928 5056 3234 5111 Henricum
3303 5053 3679 5116 transtulisse,

1988 5163 2119 5217 quae
2146 5148 2291 5201 forte
2322 5146 2388 5200 ad
2424 5146 2566 5199 alios
2596 5145 2924 5215 pertinent;
2962 5151 3061 5199 aut
3105 5144 3276 5198 certis
3327 5140 3680 5212 temporibus

1990 5240 2232 5305 aptasse,
2278 5252 2406 5306 qua
2480 5234 2616 5304 ipsis
2673 5251 2790 5289 non
2865 5233 3239 5288 conveniunt.
3324 5231 3483 5285 Certe
3540 5230 3683 5284 mihi

1990 5340 2308 5395 numquam
2373 5323 2616 5378 suaserit
2666 5322 3162 5389 historiunculam,
3224 5320 3293 5373 de
3345 5319 3531 5373 Sancti
3571 5336 3685 5372 me-

1989 5412 2193 5467 ritisin
2218 5412 2430 5467 trutina
2461 5412 2721 5482 eXpensis
2766 5428 2939 5483 quam
2970 5410 3139 5463 habet
3194 5424 3317 5478 cap.
3346 5411 3414 5463 28
3448 5424 3461 5462 :
3494 5425 3684 5479 neque

1990 5501 2174 5572 magis
2198 5502 2379 5572 placet
2410 5501 2519 5554 alia
2550 5501 2619 5555 de
2666 5498 3079 5554 claudicatione
3132 5496 3403 5561 narratio,
3449 5513 3517 5551 ex
3548 5512 3680 5568 apo-

1989 5590 2208 5661 grapho
2240 5587 2643 5660 Bambergensi
2688 5605 2809 5657 cap.
2862 5587 2967 5641 24:
3001 5602 3130 5658 qua:
3181 5586 3398 5655 omnia,
3436 5591 3498 5639 ut
3529 5585 3683 5640 mitis
