3940 6318
251 342 317 394 63
1554 339 1606 393 S.
1655 339 1943 395 llENBlCI
1985 340 2463 398 lﬂl’EltATORlS
3692 339 3758 391 6i

254 463 396 520 sime
423 463 637 533 dicam,
685 479 886 518 censeo
916 478 1034 517 non
1081 465 1198 516 tam
1228 460 1392 516 facile
1439 478 1473 515 a
1518 460 1654 516 viris
1700 461 1945 515 cordatis
1975 464 2019 514 Λ
2058 479 2244 516 summ
2304 462 2634 533 susciperet,
2706 460 2858 515 unde
2925 461 2978 514 S.
3032 460 3305 514 Henricus
3359 461 3758 530 Hungarorum

254 558 312 607 et
333 551 573 607 eruditis
591 551 964 606 admittenda.

330 643 448 697 t03.
500 641 689 695 Redeo
737 641 806 695 ad
867 639 1182 694 Ditmarum
1226 637 1284 692 in
1317 654 1431 710 quo
1475 642 1601 709 post
1649 637 1772 708 jam
1803 637 1949 692 dicta

257 729 518 799 sequitur
546 728 734 783 brevis
767 727 1029 782 hiemalis
1068 727 1350 797 expeditio
1380 727 1439 780 in
1486 725 1808 796 inquietum
1848 727 1947 780 Βυ-

254 819 515 880 leslaum,
573 816 839 871 admissio
887 816 946 869 in
1013 814 1256 886 gratiam
1311 815 1535 868 lleurici
1595 814 1842 882 rebellis,
1898 819 1952 866 et

255 905 443 959 fratris
514 905 794 958 Brunonis
857 904 990 974 fuga
1060 903 1130 957 ad
1180 905 1239 957 S.
1328 903 1680 972 Stephanum
1757 919 1948 972 regem

261 993 560 1063 Hungaria:
593 992 896 1056 sororium,
947 991 1107 1061 cujus
1152 991 1555 1044 intercessione
1603 991 1663 1044 in
1707 991 1950 1061 gratiam

259 1079 494 1134 demum
545 1080 823 1134 admissus
874 1085 974 1132 est.
1027 1079 1182 1133 Hisce
1231 1079 1515 1132 connectit
1563 1095 1691 1149 quae
1728 1079 1798 1133 ad
1829 1080 1952 1134 Clu-

258 1185 366 1228 sas,
397 1173 452 1222 et
477 1167 537 1221 in
577 1168 798 1234 reliqua
849 1166 1244 1234 Longobardia
1275 1183 1308 1218 a
1354 1165 1558 1220 Sancto
1608 1172 1766 1235 gesta
1795 1171 1946 1231 sunt,

259 1269 507 1324 eumque
557 1271 656 1323 per
705 1255 1099 1308 Alemanniam
1143 1260 1200 1306 et
1242 1252 1512 1305 Alsatiam
1561 1252 1622 1304 in
1651 1251 1946 1305 Saxoniam

261 1342 497 1408 reducit,
549 1343 798 1395 Boleslao
845 1343 1136 1406 infestum,
1187 1356 1356 1410 quem
1405 1345 1539 1393 tunc
1575 1339 1728 1393 haud
1777 1339 1949 1394 dubie

258 1430 406 1484 bello
434 1446 732 1500 aggressus
761 1436 862 1495 est,
918 1446 1035 1483 non
1086 1446 1153 1483 eo
1186 1434 1377 1483 tamen
1408 1429 1476 1482 de
1507 1445 1622 1499 quo
1663 1428 1785 1498 jam
1813 1427 1951 1482 dixi-

259 1533 386 1571 mus
415 1518 747 1572 meminisse
791 1521 1157 1589 Anonymum
1216 1533 1340 1587 cap.
1387 1518 1438 1569 i.
1471 1516 1666 1570 Melius
1693 1517 1862 1585 longe
1895 1521 1950 1569 et

260 1606 439 1660 fusius
490 1607 912 1676 expeditionem
973 1611 1201 1659 enarrat
1264 1606 1523 1659 laudatus
1586 1605 1868 1659 Ditmarus
1919 1623 1952 1658 a

261 1711 390 1765 pag.
423 1698 544 1750 378.
569 1697 753 1765 Atque
791 1695 913 1749 haec
960 1695 1157 1748 omnia
1193 1693 1506 1748 rectissime
1536 1693 1604 1746 ab
1635 1693 1948 1747 Adelboldo

259 1782 501 1853 aliisque
561 1782 743 1836 citatis
823 1798 973 1836 anno
1058 1783 1193 1836 1004
1265 1786 1425 1850 gesta
1491 1782 1837 1845 referuntur,
1887 1787 1951 1834 ut

260 1869 501 1939 proinde
541 1870 599 1923 in
630 1870 884 1923 Ditmaro
915 1868 1313 1940 agnoscendus
1343 1870 1414 1921 sit
1440 1885 1619 1937 error,
1669 1867 1950 1939 quidquid

263 1959 535 2012 Baronius
591 1965 649 2012 et
703 1959 1046 2012 recentiores
1120 1957 1328 2026 passim
1382 1958 1435 2011 ei
1492 1958 1555 2010 in
1639 1958 1745 2010 hac
1792 1960 1951 2026 parte

260 2046 620 2112 adhaereant;
679 2064 792 2118 quo
841 2053 1006 2117 pacto
1051 2047 1266 2101 tollitur
1334 2044 1744 2100 inextricabilis
1796 2044 1953 2099 difﬁ—

261 2136 439 2188 cultas
484 2134 544 2188 in
596 2135 664 2188 iis
717 2139 846 2204 apte
892 2134 1311 2203 distinguendis
1376 2150 1505 2205 quas
1554 2133 1778 2188 duobus
1831 2133 1954 2186 istis

262 2223 422 2274 anuis
452 2224 586 2276 1004
616 2229 674 2276 et
708 2225 861 2277 10655.
898 2241 930 2276 a
967 2224 1021 2276 S.
1079 2223 1319 2276 Henrico
1349 2228 1575 2292 peracta
1606 2227 1741 2276 sunt
1771 2237 1785 2287 ;
1819 2237 1953 2275 nam

263 2311 746 2381 Chronographus
798 2312 944 2364 Saxo
1001 2312 1073 2365 ad
1121 2327 1337 2364 annum
1396 2312 1527 2364 1005
1587 2310 1733 2364 nihil
1785 2311 1956 2364 habet

261 2399 840 2468 prasterinvasionem
866 2397 1116 2452 Polonize
1138 2400 1196 2450 in
1219 2415 1334 2468 quo
1365 2420 1385 2446 α
1413 2399 1557 2467 proh
1588 2398 1752 2452 dolor
1772 2396 1783 2450 l
1801 2399 1954 2452 mul-

260 2493 348 2541 tos
377 2487 706 2556 perdiderit,
740 2504 869 2541 cum
900 2489 1147 2540 exercitu
1187 2503 1378 2540 secum
1422 2486 1680 2540 deferens
1718 2503 1958 2556 corpora

262 2577 468 2630 ducum
509 2581 865 2630 mortuorum
917 2576 1049 2630 inde
1098 2592 1374 2630 reversus.
1413 2597 1439 2628 υ
1491 2575 1810 2630 Chronicon
1835 2576 1954 2630 Hil-

261 2665 591 2718 desemense
624 2683 690 2718 eo
720 2680 872 2718 anno
932 2665 1064 2718 1005
1119 2669 1333 2727 narrat,
1366 2665 1581 2734 Regem
1613 2682 1641 2714 α
1692 2663 1751 2717 in
1777 2663 1954 2734 parti-

263 2753 366 2806 bus
393 2752 651 2807 Saxoniaz
683 2753 750 2807 ad
799 2758 1026 2821 tempus
1071 2751 1530 2822 Quadragesimae
1588 2751 1890 2816 habitasse,
1930 2772 1953 2800 ι

264 2843 473 2895 Pascha
519 2858 650 2894 vero
723 2841 1071 2912 Aquisgrani
1141 2841 1475 2907 celebrasse,
1543 2840 1754 2910 quibus
1812 2841 1959 2895 adde

265 2946 392 3000 quae
438 2929 610 2982 tradit
667 2930 784 2982 Vita
854 2930 911 2983 S.
992 2928 1327 2994 Meinwerci,
1381 2915 1528 2997 icap.
1562 2933 1616 2995 2,
1676 2945 1815 2982 num
1874 2933 1956 2992 11,

2059 550 2311 621 Apostoli
2365 567 2576 604 nomen
2623 550 2968 621 promeritus
3016 551 3105 603 sit.
3168 551 3244 603 Eu
3329 548 3495 602 verba
3552 549 3759 603 incho-

2060 640 2160 693 feri
2192 655 2204 692 ε

2136 729 2251 782 103.
2289 746 2316 777 α
2390 727 2498 780 Alii
2553 743 2783 797 quoque
2837 727 3026 780 minus
3083 725 3438 779 considerate
3518 725 3760 794 scripse-

2060 822 2226 881 runt;
2262 816 2478 886 Gyselas
2519 814 2947 884 pulchritudine
2999 831 3098 885 per
3153 814 3386 867 nuntios
3427 819 3483 867 et
3519 814 3764 883 pictores

2061 910 2308 973 accepta,
2368 910 2599 972 captum
2654 901 3029 972 Stephanum,
3079 901 3200 971 ejus
3259 903 3606 956 connubium
3662 918 3760 955 ex-

2065 991 2309 1062 petiisse.
2341 992 2477 1056 Quae
2511 997 2700 1044 tamen
2760 997 3062 1060 aspernata
3099 990 3188 1055 sit,
3224 989 3335 1043 nisi
3390 989 3607 1059 abjecto
3633 989 3760 1043 ido—

2063 1082 2246 1134 lorum
2301 1081 2474 1146 cultu,
2519 1077 2742 1132 Christo
2818 1093 3030 1130 nomen
3111 1077 3375 1131 dedisset.
3461 1077 3763 1147 Accepisse

2061 1167 2446 1222 conditionem
2508 1168 2910 1234 Hungarotum
2985 1181 3201 1236 regem,
3276 1166 3414 1219 dum
3481 1165 3763 1220 venustis-

2060 1255 2202 1308 sima
2265 1255 2457 1324 puella
2515 1254 2819 1324 potiretur,
2885 1270 3012 1307 mox
3097 1270 3228 1308 cum
3285 1258 3401 1306 toto
3449 1269 3628 1322 regno
3690 1254 3763 1307 ad

2061 1343 2268 1397 Christi
2301 1358 2458 1396 sacra
2505 1343 2888 1407 accedentem,
2945 1341 3219 1412 Stephani
3279 1357 3488 1395 nomen
3521 1342 3760 1395 tulisse:

2063 1431 2366 1485 Henricum
2434 1447 2583 1492 vero,
2645 1431 2798 1500 quod
2852 1430 3056 1484 tradita
3139 1444 3338 1484 sorore
3404 1429 3767 1484 conversioni

2062 1519 2246 1587 gentis
2304 1535 2534 1586 operam
2585 1517 2824 1582 navarit,
2875 1519 3272 1587 Hungaroram
3321 1518 3648 1587 apostolum
3681 1519 3769 1573 di-

2061 1610 2381 1660 ctumesse.
2435 1606 2537 1661 Cui
2591 1607 2798 1659 fabulae
2857 1607 3006 1659 inter
3060 1606 3202 1658 alios
3254 1605 3467 1660 assensi
3499 1607 3769 1661 videntur

2061 1695 2412 1766 Sigebertus,
2459 1694 2726 1748 Albertus
2786 1693 3109 1758 Krantzius,
3165 1693 3414 1747 Joannes
3462 1695 3766 1763 Cuspinia-

2061 1799 2206 1849 nus;
2239 1798 2358 1836 non
2423 1782 2960 1848 animadvertentes,
3017 1796 3093 1836 ex
3138 1781 3476 1836 Christianis
3535 1781 3764 1850 pridem

2059 1870 2418 1941 parentibus,
2482 1875 2538 1924 et
2593 1869 2789 1924 divino
2847 1869 3071 1923 monitu
3113 1870 3463 1939 appellatum
3517 1868 3760 1935 Stepha-

2061 1976 2220 2027 num,
2252 1959 2309 2013 id
2350 1975 2530 2029 genus
2586 1958 2909 2028 pactionem
2956 1959 3151 2028 procul
3204 1957 3490 2022 habuisse,
3527 1961 3582 2008 et
3612 1957 3764 2010 Heu-

2060 2049 2238 2101 ricum
2271 2049 2445 2114 ultro,
2491 2047 2754 2100 adamata
2795 2045 2920 2115 ejus
2975 2046 3205 2108 virtute,
3261 2045 3461 2099 favxsse
3510 2048 3623 2097 tam
3657 2059 3766 2112 op-

2058 2141 2308 2207 portuno
2372 2135 2765 2200 matrimonio,
2815 2134 2966 2206 quod
3020 2135 3088 2187 ad
3145 2133 3437 2204 religionis
3487 2131 3548 2186 in
3591 2136 3766 2202 gente

2054 2227 2174 2294 jam
2234 2241 2503 2278 conversa
2562 2224 2981 2277 incrementum
3051 2223 3201 2277 haud
3269 2237 3473 2291 parum
3528 2222 3763 2274 faceret.

2060 2315 2421 2383 Quamquam
2466 2311 2707 2365 dubium
2785 2327 2898 2364 non
2971 2309 3062 2376 sit,
3133 2310 3201 2363 ad
3268 2310 3460 2380 plures
3501 2308 3764 2362 nondum

2063 2401 2282 2456 Christo
2350 2400 2585 2453 devotos
2671 2398 3071 2462 traducendos,
3159 2399 3373 2468 Gyselas
3457 2395 3769 2466 fratrisque

2063 2488 2287 2542 llenrici
2315 2489 2585 2559 pietatem
2614 2492 2670 2541 et
2699 2488 2905 2553 zelum,
2957 2486 3162 2557 ingens
3223 2491 3582 2539 momentum
3613 2484 3769 2554 adje-

2062 2577 2218 2641 cisse,
2255 2583 2319 2631 ut
2376 2577 2484 2630 hoc
2524 2576 2777 2646 propter,
2826 2580 2882 2628 et
2930 2575 3021 2628 hic
3050 2573 3290 2644 apostoli
3336 2575 3765 2643 Hungarorum,

2064 2669 2120 2718 et
2147 2665 2248 2718 illa
2297 2663 2590 2734 adjutricis
2648 2662 2998 2717 ﬁdelissimte
3056 2677 3267 2714 nomen
3309 2659 3458 2714 tueri
3506 2664 3697 2729 queat.
3741 2686 3762 2707 ro

2068 2754 2140 2806 Ex
2178 2753 2306 2817 hoc,
2354 2757 2418 2804 ut
2449 2751 2636 2806 obiter
2681 2756 2893 2816 notem,
2945 2750 3186 2820 aliisque
3217 2749 3473 2819 ejusdem
3515 2746 3768 2801 historias

2065 2839 2200 2894 locis
2231 2839 2543 2893 refellenda
2569 2843 2720 2906 sunt,
2767 2855 2897 2908 qua:
2926 2837 3220 2891 Albericus
3251 2837 3321 2890 ad
3377 2852 3594 2890 annum
3632 2838 3769 2890 1010

2063 2926 2274 2996 reginae
2305 2926 2439 2980 huic
2469 2927 2666 2980 Giselaa
2704 2925 2891 2996 turpia
2916 2930 2971 2978 et
3020 2925 3253 2978 infanda
3307 2924 3564 2978 atfricare
3595 2939 3770 2977 ausus

265 3034 395 3087 pag.
424 3020 545 3084 515,
574 3018 642 3070 de
699 3017 1009 3072 Schatenus
1043 3033 1073 3069 a
1127 3033 1256 3086 pag.
1319 3021 1440 3070 372.
1504 3015 1791 3086 Quidquid
1830 3033 1961 3069 vero
1993 3010 2032 3063 C
2072 3021 2174 3068 est.

265 3111 535 3175 prasterea
563 3121 712 3159 anno
772 3107 906 3158 1005
933 3122 965 3156 a
994 3105 1049 3158 S.
1108 3104 1346 3157 Henrico
1407 3107 1630 3172 gestum
1670 3103 1864 3168 fuerit,
1905 3102 1963 3157 id

264 3198 480 3248 certum
521 3195 766 3259 videtur,
820 3192 1164 3263 principium
1230 3192 1382 3246 citati
1429 3192 1556 3246 libri
1611 3193 1748 3245 sexti
1792 3191 1962 3261 plane

265 3290 595 3353 corruptum
623 3300 763 3346 esse,
813 3288 875 3336 ut
905 3297 973 3334 ex
1017 3282 1261 3351 ipsemet
1322 3281 1575 3334 Ditmaro
1620 3281 1768 3334 infra
1812 3280 1962 3334 evin-

264 3387 389 3425 cere
415 3371 770 3425 conabimur.

340 3460 459 3514 104.
517 3457 882 3513 Ρτεεωίιῐιιιιι
937 3457 1186 3512 Annales
1245 3473 1345 3510 seu
1397 3455 1716 3511 Chronicon
1778 3456 1963 3511 Hilde-

267 3560 526 3599 semense
582 3545 652 3599 ad
703 3560 919 3598 annum
971 3544 1133 3598 MIV:
1170 3562 1197 3595 ιι
1251 3545 1315 3598 Et
1373 3543 1561 3597 Bruno
1614 3544 1790 3597 frater
1809 3543 1962 3613 regis

269 3633 339 3699 (S.
405 3633 651 3701 Henrici)
729 3633 965 3686 obtentu
1037 3632 1265 3685 domnae
1322 3631 1486 3684 Gislm
1568 3629 1764 3684 matris
1840 3632 1962 3699 ejus

266 3720 567 3791 acquisivit
596 3719 860 3790 gratiam,
907 3742 929 3768 ιι
961 3736 1075 3790 quo
1104 3720 1273 3789 plane
1302 3720 1473 3773 modo
1505 3719 1677 3772 etiam
1709 3719 1963 3789 loquitur

265 3808 493 3862 laudata
537 3809 592 3863 S.
651 3807 967 3862 Meinwerci
1021 3798 1144 3860 Vita
1202 3807 1326 3861 loco
1382 3808 1570 3860 citato.
1606 3808 1775 3861 Recte
1821 3807 1960 3873 haec,

266 3896 490 3966 opinor,
524 3896 633 3949 isto
673 3911 825 3948 anno
874 3895 1242 3955 collocantur.
1285 3901 1342 3948 at
1397 3900 1598 3950 contra
1644 3895 1962 3962 Adelboldi,

265 3989 321 4038 et
379 3983 624 4037 aliorum
677 3983 1041 4048 sententiam,
1077 4002 1104 4033 ι(
1159 3983 1395 4037 obtentu
1459 3984 1622 4037 Gislae
1678 3984 1896 4049 matris,
1933 4002 1958 4035 υ

266 4072 418 4141 quod
452 4071 562 4141 ipsi
593 4071 782 4141 potius
814 4092 835 4118 α
890 4071 1090 4125 Gisela:
1147 4071 1327 4124 sorori
1360 4090 1389 4122 υ
1440 4071 1716 4136 tribuunt,
1765 4079 1963 4141 nupta:

265 4161 320 4213 S.
375 4160 666 4229 Stephano
705 4158 829 4229 regi
892 4159 1218 4229 Huugariae.
1295 4159 1454 4229 cujus
1505 4159 1962 4230 desponsationis

265 4248 706 4303 determinatum
782 4263 998 4301 annum
1086 4249 1296 4301 frustra
1384 4247 1540 4317 apud
1614 4248 1959 4318 synchronos

264 4337 566 4407 scriptores
645 4335 881 4406 quaesivi
968 4335 1261 4389 hactenus.
1341 4336 1689 4391 Consulendi
1769 4337 1961 4407 itaque

266 4426 424 4478 fuere
485 4424 735 4478 Annales
811 4423 1172 4477 ecclesiastici
1254 4423 1417 4476 istius
1486 4424 1711 4494 regnia
1764 4429 1960 4479 nostro

267 4511 561 4566 Melchiore
617 4511 900 4574 Inchot'er,
966 4515 1226 4582 superius
1296 4513 1541 4578 laudato,
1615 4511 1958 4575 concinnati,

267 4601 368 4654 sed
399 4600 608 4671 quibus
662 4599 1018 4670 acquiescere
1076 4616 1188 4652 non
1219 4600 1398 4666 licuit,
1435 4616 1565 4654 cum
1595 4599 1674 4654 ibi
1722 4599 1964 4671 scriptor

267 4693 480 4742 asserat
510 4687 945 4742 matrimonium
975 4692 1327 4742 contractum
1377 4689 1550 4743 fuisse
1598 4705 1749 4744 anno
1804 4691 1960 4757 1005,

269 4778 429 4846 regni
463 4777 735 4848 Stephani
773 4774 1064 4844 vicesimo,
1117 4794 1243 4846 qua-
1297 4794 1428 4831 cum
1483 4777 1781 4832 Adelboldi
1817 4779 1962 4832 alio-

268 4881 512 4936 rumque
565 4865 894 4919 narratione
945 4864 1250 4918 conveuire
1308 4881 1669 4935 nequaquam
1705 4872 1960 4934 possunt,

270 4959 331 5008 ut
392 4954 586 5026 potius
669 4953 971 5008 dicendum
1021 4955 1094 5006 sit
1167 4955 1412 5008 Giselam
1498 4953 1685 5018 istam,
1751 4955 1962 5021 Sancti,

268 5059 542 5111 sororem,
577 5047 640 5096 ut
701 5041 1004 5096 minimum
1063 5059 1212 5095 anno
1252 5045 1382 5096 1004
1431 5043 1483 5095 S.
1536 5041 1805 5110 Stephani
1837 5041 1960 5094 tha-

269 5135 484 5186 lamum
543 5131 804 5186 subiisse.
867 5131 1042 5201 Magis
1093 5132 1319 5200 placent
1373 5146 1500 5200 qua:
1559 5129 1784 5183 adducit
1847 5132 1966 5182 lau-

268 5222 431 5275 datus
489 5221 752 5276 lnchofer
807 5219 875 5273 ad
940 5219 1313 5273 emolliendus
1387 5219 1644 5272 duriores
1703 5217 1963 5272 nonnihil

270 5307 693 5363 enuntiationes
749 5307 1093 5379 scriptorum
1139 5309 1573 5374 Germanorum,
1649 5307 1962 5360 identidem

270 5395 676 5451 inculcantium
745 5396 1079 5467 praedictam
1155 5395 1398 5451 Giselam
1451 5412 1566 5449 non
1625 5394 1750 5448 aliis
1786 5394 1964 5464 pactis

271 5488 328 5536 et
351 5483 774 5539 conditionibus
798 5485 920 5556 regi
974 5484 1286 5553 Hungarize
1331 5499 1678 5547 concessam,
1710 5499 1882 5554 quam
1917 5484 1963 5538 si

271 5572 315 5623 is
348 5571 653 5640 repudiato
700 5573 1038 5642 paganismo
1097 5571 1416 5625 Christiana
1461 5588 1619 5624 sacra
1676 5577 1732 5624 et
1779 5571 1959 5642 bapti-

2145 3106 2263 3158 106.
2303 3105 2372 3157 Ut
2409 3103 2479 3157 de
2526 3101 2813 3173 praedictis
2869 3101 3034 3155 annis
3083 3101 3303 3156 duobus
3363 3103 3498 3155 1004
3538 3110 3596 3154 et
3634 3105 3769 3154 1005

2072 3196 2426 3262 postremum
2458 3191 2664 3256 dicam,
2715 3189 2917 3244 vellem
2951 3208 3016 3244 ea
3046 3207 3178 3244 vera
3229 3207 3348 3244 esse
3379 3207 3509 3260 qua:
3542 3206 3656 3244 non
3686 3190 3769 3244 ita

2070 3279 2294 3349 pridem
2350 3279 2607 3334 Struvius
2662 3278 2723 3332 in
2766 3279 2992 3332 laudato
3047 3294 3220 3348 supra
3275 3279 3664 3348 Syntagmate,
3695 3279 3768 3332 ad

2071 3368 2540 3434 solvendum,cui
2581 3385 2638 3420 se
2692 3368 2973 3436 imparem
3021 3367 3262 3433 videbat,
3323 3368 3539 3420 nodum
3581 3366 3658 3419 ita
3685 3384 3774 3419 co-

2069 3456 2309 3526 pulavit,
2337 3460 2474 3510 tom.
2510 3457 2553 3521 Ι,
2586 3471 2716 3526 pag.
2767 3457 2869 3508 379
2904 3471 2916 3508 :
2963 3474 2989 3506 (ι
3019 3454 3158 3508 Hinc
3185 3453 3519 3523 compositis
3549 3453 3607 3506 in
3638 3455 3774 3507 Ger-

2070 3543 2262 3596 mania
2291 3542 2482 3608 rebus,
2515 3559 2666 3595 anno
2715 3541 2838 3596 Μὶν
2880 3543 2950 3595 ab
3008 3541 3160 3594 ltalis
3221 3545 3484 3594 evocatus
3534 3540 3770 3594 illorum

2068 3637 2282 3684 terram
2333 3630 2587 3696 intravit,
2653 3633 2708 3682 et
2790 3629 2919 3682 licet
2979 3629 3167 3682 aditus
3219 3629 3396 3698 probe
3459 3628 3776 3681 custodiret

2075 3719 2415 3785 Harduinus,
2451 3719 2732 3771 Veronam
2779 3717 2968 3784 venit;
3000 3717 3130 3770 inde
3171 3716 3419 3770 Brixiam
3473 3732 3649 3786 usque
3698 3718 3771 3769 ad

2076 3807 2306 3876 Papiam
2333 3807 2728 3877 progrediens,
2761 3806 2856 3858 ubi
2917 3806 2987 3859 ab
3025 3805 3184 3858 omni
3224 3805 3437 3875 populo
3495 3805 3775 3858 benevole

2071 3899 2363 3965 susceptus
2423 3900 2478 3948 et
2510 3910 2658 3947 anno
2690 3894 2783 3947 MV
2830 3893 3122 3947 communi
3179 3909 3455 3946 consensu
3487 3891 3547 3946 in
3573 3907 3772 3962 regem

2077 3983 2250 4037 [taliae
2309 3987 2395 4037 est
2461 3989 2783 4036 coronatus.
2841 3983 2982 4036 Hinc
3043 3981 3234 4036 sedato
3287 3984 3342 4034 et
3402 3979 3776 4048 Papiensium

2070 4077 2269 4126 contra
2299 4073 2607 4126 Germanos
2656 4076 2944 4124 commoto
2997 4071 3266 4136 tumultu,
3307 4068 3367 4122 in
3408 4069 3772 4122 Germaniam

2070 4161 2179 4215 fuit
2230 4176 2511 4215 reversus.
2559 4184 2578 4208 υ
2628 4161 2872 4227 Diceres,
2920 4164 3103 4212 totum
3171 4159 3290 4212 fere
3339 4156 3634 4210 bienuium
3687 4161 3773 4209 te-

2071 4249 2260 4304 nuisse
2307 4249 2555 4318 primam
2602 4248 2758 4302 illam
2791 4264 2825 4300 a
2869 4247 2924 4301 S.
2973 4245 3212 4300 Henrico
3259 4253 3579 4314 susceptam
3608 4261 3774 4315 expe-

2070 4337 2370 4405 ditionem,
2405 4353 2535 4406 quae
2565 4341 2782 4403 tamen,
2803 4334 3040 4388 testibus
3058 4334 3374 4389 Adelboldo
3406 4338 3462 4387 et
3496 4333 3774 4397 Ditmaro,

2074 4425 2408 4480 brevissima
2451 4423 2601 4479 fuit:
2651 4439 2784 4477 nam
2834 4427 3063 4476 sanctus
3130 4423 3449 4490 Imperator
3492 4420 3771 4491 majorem

2072 4511 2492 4567 hebdomadam
2533 4527 2713 4580 usque
2743 4515 2810 4564 ad
2864 4509 3073 4563 Pascha
3106 4509 3174 4561 ad
3223 4507 3418 4562 Clusas
3466 4509 3771 4578 transegit.

2074 4619 2136 4656 ac
2164 4601 2337 4656 rebus
2365 4598 2538 4654 celeri
2587 4615 2757 4653 cursu
2803 4597 3089 4662 confectis,
3158 4600 3289 4665 post
3341 4595 3772 4650 coronationem

2074 4696 2128 4745 et
2149 4691 2342 4744 turbas
2370 4688 2692 4759 Papienses,
2733 4709 2754 4735 ι
2822 4688 3149 4740 Pentecoste
3208 4689 3401 4737 sancta
3453 4683 3550 4754 pia
3594 4684 3772 4738 animi

2074 4779 2373 4832 devotione
2411 4775 2806 4829 celebrata.....
2859 4773 3123 4843 iujuriam
3158 4789 3189 4825 a
3233 4773 3484 4827 Boleslao
3516 4772 3620 4827 sibi
3656 4772 3776 4828 illa-

2074 4872 2188 4920 tam
2230 4873 2429 4919 tenens
2460 4868 2652 4919 mente
2685 4862 3014 4932 repositam,
3067 4861 3378 4932 repatriare
3427 4861 3774 4917 festinat.....

2075 4958 2133 5007 et
2159 4953 2220 5006 in
2251 4953 2445 5023 vigilia
2491 4953 2546 5006 S.
2598 4951 2832 5006 Joannis
2886 4950 3198 5020 (Baptistae)
3251 4950 3599 5019 colloquium
3642 4967 3776 5004 cum

2076 5041 2482 5095 Alsatiensibus
2531 5040 2856 5095 habuit.....
2905 5041 3036 5094 Post
3094 5039 3216 5093 haec
3255 5055 3352 5093 rex
3421 5038 3776 5107 Moguntiam

2074 5128 2276 5195 venit;
2315 5128 2508 5199 ibique
2553 5128 2717 5181 solito
2762 5127 2992 5197 pietatis
3067 5129 3291 5194 att’ectu,
3372 5127 3776 5196 Apostolorum

2076 5216 2332 5271 solennia
2397 5217 2696 5270 celebriter
2755 5215 3027 5286 peregit;
3083 5235 3107 5268 ι)
3163 5216 3295 5270 inde
3352 5217 3411 5268 in
3472 5215 3773 5269 Saxouiam

2075 5306 2342 5361 adversus
2415 5306 2733 5360 Boleslaum
2793 5305 3098 5374 profectus,
3149 5311 3209 5358 ut
3265 5320 3329 5357 ex
3399 5308 3515 5356 tota
3581 5319 3775 5358 rerum

2075 5395 2220 5449 serie
2275 5393 2586 5448 clarissime
2642 5394 2807 5448 detur
2881 5392 3146 5464 intelligi,
3197 5393 3443 5463 primam
3497 5391 3655 5446 illam
3716 5393 3775 5447 in

2077 5483 2533 5553 Longobardiam
2591 5481 2987 5536 excursionem
3037 5498 3071 5534 a
3117 5482 3368 5535 discessu
3425 5497 3487 5534 ex
3546 5483 3778 5536 Bavaria

2075 5573 2164 5626 vix
2195 5571 2328 5625 totis
2365 5571 2549 5624 tribus
2582 5569 2871 5623 mensibus
2901 5569 3169 5623 tenuisse.
