3940 6338
185 308 249 352 αῖς
1680 354 1690 365 ,
1855 307 1901 359 Α.

2319 375 2325 380 .
3639 313 3706 364 (ili

262 429 386 481 107.
441 428 627 482 Minus
663 427 928 497 displicet
974 427 1124 496 quod
1179 425 1259 479 ait
1309 425 1459 479 idem
1517 426 1776 480 Struvius
1823 443 1888 480 ex
1919 430 1964 482 Α
2002 427 2281 496 synodum
2306 427 2792 495 Tremoniensem,
2843 428 2912 482 de
2943 444 3057 498 qua
3102 429 3222 498 jam
3275 431 3411 484 satis
3457 430 3707 485 diximus

186 515 494 586 Sigeberto
517 516 587 568 ad
636 531 852 568 annum
907 517 1062 568 1005.
1095 533 1120 562 (ι
1179 519 1409 566 mortuo
1464 514 1670 568 Ottone
1728 516 1892 579 duce,

186 603 463 656 ducatum
529 603 914 673 Lotharingizr
961 603 1156 656 comiti
1188 602 1509 667 Godefrido,
1540 603 1660 656 ﬁlio
1718 603 1896 656 Gede-

189 692 323 743 fridi
357 691 753 745 Ardennensis
782 715 808 738 ››
843 691 1245 757 commissum;
1304 690 1365 743 iu
1419 706 1534 760 que
1590 691 1897 760 scriptores

188 778 289 832 alii
346 781 487 833 satis
538 780 911 834 conveniunt.
970 784 1043 834 At
1094 782 1270 851 quod.
1357 783 1556 834 eodem
1605 781 1899 852 Sigeherto

191 875 514 938 praeeunte,
567 869 747 922 refert
802 885 952 922 anno
1007 869 1165 934 1010,
1227 874 1456 936 gentem
1519 870 1898 938 Ungarorum,

193 959 475 1010 hactenus
507 956 846 1010 idololatrim
877 956 1149 1022 deditam,
1171 973 1300 1009 cum
1328 973 1430 1009 suo
1462 973 1593 1024 rege
1618 957 1898 1027 baptismo

193 1051 330 1098 tunc
363 1044 618 1114 primum
652 1044 1131 1114 initiatam,quod
1156 1049 1240 1096 tot
1269 1045 1366 1097 alii
1418 1060 1546 1097 cum
1580 1045 1900 1098 Hofmanno

193 1149 504 1202 perperam
541 1132 718 1185 secuti
754 1137 904 1200 sunt,
937 1133 998 1186 ad
1027 1133 1289 1203 superius
1331 1133 1611 1188 dictorum
1669 1148 1900 1186 sensum

194 1221 441 1275 omnino
491 1220 890 1290 explicandum
923 1225 1027 1274 est.
1088 1221 1166 1274 De
1227 1220 1560 1290 episcopatu
1621 1220 1900 1273 Bamber-

197 1311 364 1377 gensi
397 1310 468 1365 ad
498 1311 638 1364 duos
669 1311 930 1380 proxime
969 1314 1270 1380 sequentes
1301 1326 1482 1362 annos
1513 1310 1683 1380 paulo
1739 1325 1901 1362 accu-

196 1399 385 1451 ratior
435 1398 760 1468 disquisitio
818 1397 1165 1451 instituetur.
1225 1399 1343 1452 Huc
1372 1398 1604 1468 proprie
1657 1397 1904 1467 pertinet

196 1484 919 1553 synodusTremoniensis,
945 1485 1014 1539 de
1031 1501 1140 1556 qua
1172 1484 1480 1550 Ditmarus,
1507 1501 1638 1554 pag.
1674 1488 1775 1538 380
1817 1485 1901 1554 {ex

201 1571 494 1642 principio
526 1577 731 1625 caetera
765 1572 940 1627 ferme
981 1573 1212 1642 colliges
1248 1591 1260 1627 ε
1289 1574 1305 1643 ξ)
1332 1593 1358 1622 ‹‹
1388 1573 1577 1627 Posita
1607 1578 1690 1626 est
1731 1573 1902 1625 etiam

202 1662 437 1724 inloco,
481 1660 580 1730 qui
634 1661 1044 1714 Throsmunini
1089 1660 1316 1726 dicitur,
1373 1676 1581 1729 magna
1630 1661 1902 1729 synodus,
1939 1697 1976 1749 Β

200 1749 302 1802 ubi
337 1762 442 1803 rex
492 1748 867 1819 coepiscopis,
913 1749 1409 1820 prtesentibusque
1471 1749 1708 1816 cunctis,
1775 1750 1904 1817 plu-

201 1836 350 1888 rima
386 1841 622 1906 questus
659 1841 740 1886 est
771 1842 978 1888 sauch
1021 1836 1281 1889 Ecclesiae
1357 1838 1778 1901 convenientia,
1850 1843 1907 1890 et

201 1925 506 1978 communi
530 1923 867 1976 earumdem
924 1923 1163 1976 concilio
1211 1926 1332 1978 haec
1377 1924 1576 1977 statuit
1636 1924 1905 1994 deinceps

202 2012 529 2082 prohiberi,
584 2017 640 2064 et
715 2011 931 2080 optimo
988 2028 1152 2065 novae,
1225 2012 1600 2066 institutionis
1655 2013 1902 2076 decreto,

201 2115 444 2163 gravem
481 2103 846 2168 peccatorum
877 2099 1090 2152 suimet
1128 2099 1406 2152 sarcinam
1443 2099 1706 2165 relevari,
1754 2115 1904 2152 anno

206 2188 523 2240 Dominicae
583 2186 996 2239 incarnationis
1063 2203 1153 2250 av,
1207 2204 1358 2238 anno
1416 2193 1604 2240 autem
1680 2187 1902 2240 Domini

206 2274 439 2328 Henrici
464 2275 508 2328 ll
543 2273 838 2343 regnantis
863 2279 1090 2344 quarto,
1123 2273 1184 2327 in
1211 2274 1300 2326 die
1343 2274 1484 2328 Non.
1516 2273 1672 2328 Julii.
1708 2296 1729 2323 ι
1785 2275 1903 2328 Νο-

203 2364 365 2417 mina
418 2363 844 2433 episcoporum,
900 2367 956 2415 et
1010 2378 1139 2433 quae
1196 2361 1274 2414 ibi
1332 2362 1594 2416 ordinata
1643 2368 1778 2416 sunt
1836 2378 1901 2416 ex

201 2457 402 2505 nostro
435 2451 624 2506 codice
679 2467 789 2504 ms.
846 2451 1129 2521 supplevit
1162 2450 1498 2518 Leibnitius,
1556 2455 1656 2504 aut
1697 2451 1903 2521 potius

202 2539 651 2594 amanuensium
713 2539 837 2610 ejus
919 2539 1147 2609 aliquis,
1223 2539 1386 2606 cujus
1482 2539 1898 2592 inadvertentia

202 2628 424 2681 factum
462 2633 524 2680 ut
553 2627 747 2680 relicta
787 2625 860 2680 sit
883 2625 1088 2696 prioris
1122 2626 1391 2680 editionis
1413 2628 1630 2694 notula,
1668 2648 1690 2674 α
1743 2627 1902 2680 deest

200 2716 501 2769 decretum
533 2713 734 2785 synodi
790 2713 1233 2779 Tremoniensjs,
1267 2732 1294 2762 η
1351 2714 1448 2767 ubi
1505 2716 1727 2769 decreta
1778 2716 1901 2785 ipsa

197 2804 400 2858 omnia
458 2803 789 2856 immediate
846 2803 1138 2872 praemissa
1194 2807 1344 2855 sunt.
1419 2803 1500 2856 Sit
1539 2803 1661 2857 hinc
1714 2805 1898 2874 prima

200 2893 346 2946 Vitae
387 2892 444 2947 S.
477 2891 703 2946 Henrici
724 2891 1014 2961 periodus.

2007 515 2368 588 paragrapho
2405 516 2771 584 prmcedenti,
2828 515 3115 586 reliquum
3172 516 3309 570 anni
3363 518 3688 588 impensum

2007 604 2362 673 intelligatur
2411 603 2630 657 bellicis
2682 605 2952 658 adversus
3004 605 3322 659 Boleslaum
3374 607 3701 670 conatibus,

2007 706 2149 760 quos
2198 691 2347 743 inter
2429 691 2731 745 intellectis
2789 691 3052 745 Balduini
3117 691 3395 745 Flandriae
3473 692 3700 746 comitis

2009 778 2428 846 molitionibus,
2506 795 2648 850 quas
2712 779 2979 833 describit
3036 779 3325 834 Ditmarus
3385 796 3515 850 pag.
3578 783 3701 842 383,

2009 883 2166 920 arma
2222 867 2480 938 sequenti
2570 868 2832 938 proxime
2918 885 3067 922 anno
3122 869 3289 934 1006,
3355 874 3420 921 ut
3466 873 3708 922 testatur

2007 955 2354 1026 Sigebertus,
2387 956 2446 1008 in
2487 971 2619 1009 eum
2667 955 2928 1024 verterit,
2959 955 3059 1010 ubi
3109 972 3236 1027 quae
3269 955 3492 1010 duobus
3539 956 3706 1009 annis

2013 1045 2146 1097 1006
2201 1049 2257 1097 et
2336 1046 2490 1098 1007.
2543 1051 2702 1114 gesta
2774 1054 2909 1098 sunt
2973 1044 3143 1098 simul
3229 1044 3353 1098 istic
3422 1044 3708 1098 connectit

2013 1132 2316 1197 Ditmarus,
2381 1133 2578 1187 eadem
2633 1133 2845 1204 pagina
2888 1134 3075 1186 denuo
3131 1149 3426 1186 resumens
3473 1149 3602 1202 qua:
3635 1134 3705 1184 ad

2012 1235 2226 1274 annum
2313 1221 2435 1290 jam
2521 1220 2732 1273 dictum
2827 1222 2961 1273 1006
3063 1219 3372 1290 pertinent.
3468 1219 3706 1273 Jacobus

2013 1309 2288 1377 Meyerus,
2321 1309 2376 1360 in
2426 1309 2743 1362 Annalibus
2777 1307 3077 1370 Flandrize,
3107 1308 3415 1376 diligenter
3464 1313 3521 1360 et
3548 1322 3708 1360 accu-

2014 1402 2132 1450 rate
2195 1396 2494 1465 descripsit
2550 1413 2678 1465 qua!
2724 1397 2782 1448 in
2843 1395 2993 1449 bello
3047 1396 3154 1448 isto
3211 1395 3528 1459 Flaudrico,
3589 1410 3704 1448 non

2014 1485 2213 1538 eodem
2244 1501 2470 1555 semper
2499 1500 2689 1537 rerum
2711 1501 3014 1549 successu,
3039 1502 3070 1536 a
3099 1484 3169 1538 S.‘
3209 1484 3448 1537 Henrico
3499 1483 3704 1537 adver—

2016 1591 2110 1626 sus
2157 1575 2425 1627 comitem
2510 1579 2770 1626 nostrum
2848 1572 3190 1625 Balduinum
3267 1576 3485 1624 tentata
3547 1577 3702 1636 sunt,

2017 1662 2296 1732 explicata
2341 1664 2464 1731 ejus
2506 1661 2797 1714 occasione
2845 1665 2901 1713 et
2955 1660 3238 1730 adiunctis
3269 1659 3397 1712 aliis
3445 1659 3707 1726 pluribus

2017 1751 2152 1802 satis
2204 1748 2463 1806 curiosis.
2524 1765 2654 1820 qua:
2695 1747 2829 1800 alibi
2908 1763 3026 1800 non
3079 1747 3220 1800 adeo
3261 1746 3523 1800 distincte
3563 1762 3703 1799 enu-

2015 1840 2195 1892 cleata
2223 1837 2588 1908 reperiuntur
2620 1854 2632 1891 :
2669 1837 2859 1906 ipsum
2881 1835 3083 1890 videsis
3129 1835 3293 1888 annis
3354 1836 3508 1897 1005,
3573 1837 3704 1888 1006

2015 1933 2071 1980 et
2104 1925 2284 1980 1007:
2346 1924 2510 1978 nobis
2543 1925 2678 1978 satis
2737 1929 2824 1977 est
2879 1923 3106 1992 singula
3161 1924 3230 1976 ad
3279 1923 3541 1992 proprios
3587 1926 3700 1976 cal-

2014 2016 2172 2067 culos
2203 2029 2520 2075 revocasse,
2570 2013 2638 2066 ad
2668 2014 2819 2082 quod
2878 2027 2983 2065 nos
3014 2012 3105 2064 hic
3129 2011 3290 2079 juvat
3347 2011 3708 2064 Mabillonius

2013 2119 2143 2174 pag.
2181 2105 2299 2167 185,
2331 2101 2466 2154 dum
2501 2118 2566 2154 ex
2596 2101 2906 2172 diplomate
2941 2099 3076 2153 anni
3122 2100 3251 2152 1006
3291 2099 3543 2153 ostendit
3599 2099 3707 2154 ha-

2014 2190 2194 2242 bitum
2228 2205 2295 2241 eo
2353 2189 2479 2259 ipso
2531 2205 2682 2243 anno
2723 2189 2874 2242 inter
2898 2188 2953 2242 S.
3017 2188 3320 2242 Henricum
3373 2195 3428 2242 et
3510 2204 3705 2253 regem

2015 2277 2262 2331 Francite
2304 2278 2662 2342 Rothertum,
2714 2277 3084 2347 colloquium,
3119 2292 3232 2347 quo
3263 2276 3537 2330 labefacta
3565 2292 3707 2330 non-

2012 2365 2153 2418 nihil
2225 2365 2478 2418 amicitia
2549 2365 2941 2434 redintegrata
3015 2368 3116 2418 est.
3212 2363 3484 2418 Videntur
3557 2363 3706 2418 idem

2013 2454 2370 2509 Mabillonius
2391 2470 2524 2524 pag.
2561 2456 2679 2521 188,
2713 2470 2873 2509 num.
2899 2455 2965 2507 88
2997 2457 3054 2507 et
3099 2455 3187 2519 89,
3236 2453 3506 2522 placitum
3560 2454 3708 2523 regis

2010 2559 2338 2597 memorans
2366 2559 2470 2613 pro
2503 2542 2708 2596 Italicis
2731 2541 3113 2596 monasteriis.

2085 2633 2203 2686 110.
2263 2632 2579 2685 Ditmarum
2646 2630 2835 2684 denuo
2901 2630 3218 2701 sequimur.
3284 2628 3434 2698 apud
3509 2642 3705 2698 quem,

2011 2739 2038 2770 «
2069 2719 2379 2791 paciﬁcatis
2426 2723 2563 2772 tunc
2608 2718 2867 2788 partibus
2912 2718 3020 2782 his,
3071 2715 3337 2787 generale
3398 2715 3707 2769 concilium

2007 2809 2065 2862 in
2106 2808 2400 2862 Francfort
2461 2823 2494 2860 a
2540 2807 2694 2877 Rege
2751 2805 3007 2876 ponitur,
3041 2827 3062 2853 ι
3101 2805 3158 2859 in
3188 2821 3303 2876 quo
3344 2803 3708 2874 episcopatus

2010 2895 2442 2967 Bambergensis
2462 2895 2562 2950 diu
2600 2899 2731 2949 ante
2760 2894 3034 2948 meditata
3089 2892 3372 2947 institutio
3420 2898 3479 2946 et
3535 2894 3705 2946 varia1

202 2999 228 3062 ς
293 2997 382 3051 xl,
435 2999 795 3068 Episcopatus
849 2997 1256 3064 Bambergensis
1327 3015 1359 3051 α
1397 3001 1600 3053 sanctis
1656 2998 1902 3052 Ηρητοίρο
1932 2979 1971 3032 C
2009 2986 2369 3041 difﬁcultates
2414 2983 2476 3037 in
2547 2999 2614 3038 eo
2692 2983 2934 3037 concilio
2991 2982 3222 3053 agitalm
3299 2981 3505 3052 cuique
3576 2982 3708 3034 satis

689 3091 740 3138 et
769 3085 1101 3151 Cunegu-nde
1124 3085 1411 3151 fundatas.

278 3176 403 3227 108.
449 3173 547 3227 Hic
577 3173 742 3226 nobis
760 3173 1003 3225 occurrit
1027 3172 1540 3241 sanctissimijuxta
1568 3188 1630 3225 ac
1662 3172 1902 3226 muniti-

200 3262 522 3315 centissimi
552 3262 921 3331 imperatoris
946 3267 1384 3314 monumentum
1421 3261 1592 3328 longe
1622 3265 1900 3329 praestan-

201 3351 514 3414 tissimum,
551 3365 709 3403 novae
746 3348 997 3402 ecclesia».
1043 3348 1383 3402 cathedralis
1428 3365 1461 3402 a
1516 3348 1902 3402 fundamentis

201 3441 423 3490 erectio
453 3445 509 3490 et
543 3437 986 3507 locupletissima
1007 3437 1240 3498 dotatio,
1273 3437 1476 3490 Sancto
1519 3435 1630 3506 ipsi
1686 3436 1901 3490 funda-

204 3526 316 3580 tori
352 3542 467 3579 non
529 3525 764 3578 minima
825 3541 1114 3591 curarum,
1176 3524 1590 3589 molestiarum,
1653 3525 1790 3594 quin
1848 3529 1905 3578 et

201 3617 490 3668 bellorum
531 3613 799 3678 materia;
856 3613 992 3667 dum
1022 3629 1054 3665 a
1101 3611 1380 3682 proximis
1439 3611 1720 3682 episcopis
1759 3614 1902 3666 Her-

202 3703 492 3773 bipolcnsi
523 3708 580 3755 et
609 3701 973 3772 Eystettensi,
1003 3702 1072 3755 ad
1103 3716 1265 3754 novae
1298 3700 1557 3754 dieecesis
1609 3703 1753 3754 ﬁnes
1795 3701 1898 3755 de-

202 3789 620 3858 termiuandos,
651 3805 851 3854 graves
891 3791 1137 3842 subortze
1172 3794 1304 3842 sunt
1342 3788 1726 3858 difﬁcultates,
1777 3792 1900 3842 tum

200 3894 338 3932 vero
388 3895 418 3930 a
501 3877 874 3931 sanctissimae
955 3876 1216 3946 conjugis
1286 3876 1576 3947 germanis
1629 3875 1902 3930 fratribus

200 3967 355 4029 odia,
389 3965 644 4028 invidias,
675 3965 915 4025 insidiae,
975 3965 1126 4018 bella
1181 3965 1353 4018 etiam
1401 3968 1686 4018 commota
1744 3970 1897 4028 sunt,

201 4057 354 4126 quod
389 4052 890 4124 opulentissimum
936 4052 1368 4124 patrimonium,
1399 4052 1514 4106 imo
1545 4056 1600 4104 et
1629 4051 1732 4106 dos
1779 4052 1902 4122 ipsa

201 4143 419 4196 sororis
444 4142 783 4213 Cuuegundi
815 4142 1121 4210 assignata,
1153 4157 1324 4212 quam
1358 4140 1430 4194 ad
1479 4156 1538 4195 se
1585 4140 1897 4195 redituram

202 4237 596 4302 speraverant,
618 4231 874 4301 prodige,
923 4235 985 4283 ut
1032 4230 1140 4300 ipsi
1196 4228 1598 4300 loquebantur,
1645 4229 1893 4283 ditandis
1927 4249 1970 4304 ι)

200 4319 610 4373 canonicorum
659 4319 1189 4388 monachorumque
1229 4317 1776 4388 congregationibus
1805 4317 1896 4370 di-

200 4409 559 4478 lapidaretur
595 4425 607 4461 :
669 4423 796 4478 quae
843 4423 1146 4478 quousque
1198 4406 1569 4474 invaluerint,
1600 4406 1720 4459 suis
1750 4405 1899 4459 infra

203 4497 343 4552 locis
395 4495 688 4549 insinuare
746 4512 858 4549 non
893 4495 1420 4565 praetermittemus.
1469 4497 1541 4548 At
1577 4494 1730 4548 enim
1779 4494 1900 4548 huic

203 4585 402 4639 omnia
486 4582 775 4653 superavit
859 4582 914 4637 S.
998 4583 1224 4637 Henrici
1275 4583 1593 4637 castissima
1670 4583 1895 4652 religio,

204 4676 541 4727 inconcussa
597 4671 798 4740 pietas,
869 4675 924 4724 et
979 4673 1276 4742 explorata
1335 4670 1513 4724 animi
1599 4670 1894 4725 fortitudo.

203 4761 415 4832 quibus
439 4766 696 4813 armatus
715 4759 1020 4814 virtutibus
1051 4766 1108 4813 et
1155 4759 1441 4813 dimcesim
1483 4757 1736 4812 ecclesiae
1779 4773 1897 4810 sum

205 4847 614 4918 Bambergensi
685 4847 1004 4914 vindicavit,
1083 4852 1139 4900 et
1217 4847 1572 4917 ingratorum
1637 4844 1895 4899 afﬁnium

201 4945 462 5002 conatus,
516 4937 710 4990 sinon
767 4937 971 4990 merita
1023 4936 1259 5002 ultione,
1317 4937 1516 4989 saltem
1576 4933 1898 4988 Christiana

204 5025 510 5080 tolerantia
592 5024 961 5095 compescuit.
1043 5023 1460 5079 Fundationem
1556 5023 1764 5094 ipsam,
1833 5027 1899 5076 ut

204 5114 558 5185 praecipuum
591 5114 781 5184 operis
819 5113 908 5167 sui
937 5117 1364 5182 argumentum,
1398 5111 1596 5166 multis
1616 5110 1898 5180 capitibus

202 5202 606 5273 complectitur
657 5202 799 5256 Vitta
834 5201 1078 5272 scriptor
1106 5217 1450 5271 anonymus,
1482 5200 1580 5253 sed
1641 5215 1707 5254 ex
1756 5214 1893 5270 quo.

206 5296 266 5345 ut
292 5307 469 5362 supra
498 5289 726 5345 abunde
759 5290 1012 5360 exposui,
1045 5290 1116 5344 ad
1165 5289 1627 5359 chronologicam
1688 5288 1896 5341 seriem

202 5380 344 5435 nihil
370 5394 726 5452 magnopere
747 5379 958 5447 elicias,
991 5383 1056 5434 ut
1078 5378 1220 5433 adeo
1242 5380 1364 5434 haec
1385 5377 1616 5432 aliunde
1645 5376 1898 5432 eruenda

201 5476 256 5525 et
284 5469 682 5541 componenda
711 5467 800 5523 sit.

279 5562 397 5617 109.
439 5559 592 5616 Ordo
638 5572 831 5616 rerum
889 5557 1038 5632 apud
1085 5557 1404 5616 Ditmarum
1439 5556 1615 5630 exigit
1647 5560 1708 5612 ut
1769 5558 1900 5628 post

2011 3073 2192 3126 obviae
2232 3076 2395 3125 sunt:
2449 3071 2504 3125 id
2557 3070 2650 3124 hic
2694 3070 2972 3140 qumritur
3029 3068 3413 3138 potissimum,
3471 3073 3706 3137 gestane

2012 3177 2079 3215 ea
2101 3161 2294 3214 omnia
2320 3161 2434 3214 sint
2462 3175 2614 3212 anno
2651 3161 2803 3223 1006,
2839 3173 2913 3210 an
2966 3159 3123 3225 1007,
3156 3157 3214 3210 in
3273 3173 3387 3228 quo
3445 3159 3705 3209 auctores

2011 3265 2171 3320 teque
2199 3265 2261 3300 ac
2289 3249 2349 3301 in
2391 3247 2577 3316 primo
2606 3247 2796 3300 Sancti
2851 3246 3000 3300 bello
3051 3245 3244 3300 Italico
3288 3245 3536 3299 maxime
3587 3244 3703 3297 dis-

2011 3337 2260 3390 sidentes
2288 3335 2541 3389 invenio.
2597 3333 2849 3388 Ditmaro
2882 3349 2971 3386 res
3024 3349 3155 3386 suas
3198 3348 3313 3384 non
3371 3332 3506 3384 satis
3533 3330 3704 3384 chro-

2011 3424 2274 3495 nologice
2333 3423 2747 3493 distinguente,
2810 3420 3086 3474 Baronius
3136 3420 3214 3472 sic
3273 3434 3488 3472 annum
3542 3421 3703 3472 1000.

2010 3513 2212 3584 incipit
2239 3528 2252 3566 :
2286 3533 2308 3560 σι
2344 3514 2509 3565 Anno
2540 3509 2748 3564 Christi
2783 3509 3181 3578 Redemptoris
3208 3507 3512 3561 millesimo
3541 3514 3699 3561 sexto

2011 3602 2293 3669 Indictlv,
2335 3600 2654 3654 celebratur
2681 3598 2741 3652 in
2800 3597 3105 3652 Germania
3154 3596 3410 3666 synodus
3462 3597 3702 3650 Franco-

2010 3691 2335 3755 fordiensis,
2389 3689 2450 3743 in
2482 3705 2596 3760 qua
2647 3687 2797 3742 inter
2845 3687 2954 3740 alia
3017 3686 3094 3740 ibi
3143 3688 3450 3738 tractatum
3493 3690 3577 3738 est
3635 3685 3704 3739 de

2010 3780 2246 3836 ecclesia
2271 3777 2675 3847 Bambergensi
2722 3776 2995 3845 erigenda
3025 3776 3085 3829 in
3122 3774 3450 3828 cathedram
3481 3773 3702 3844 episco-

2008 3870 2219 3941 palem.
2251 3867 2385 3937 Agit
2437 3867 2506 3920 de
2535 3882 2601 3919 ea
2626 3865 2886 3936 pluribus
2937 3862 3246 3927 Ditmarus,
3285 3880 3309 3915 ι
3330 3868 3436 3916 etc.
3463 3863 3556 3916 His
3601 3877 3702 3932 op-

2008 3957 2174 4027 ponit
2222 3957 2430 4025 Pagius
2490 3955 2556 4007 ad
2611 3953 2878 4007 eumdem
2936 3967 3150 4005 annum
3199 3951 3417 4004 litteras
3468 3949 3703 4004 Joannis

2011 4049 2177 4118 Papa?
2240 4051 2395 4099 tomo
2447 4045 2515 4099 1X
2562 4041 2948 4096 Conciliorum
3001 4040 3284 4106 recitalas,
3343 4038 3403 4092 in
3461 4054 3701 4108 quarum

2010 4137 2124 4190 line
2155 4135 2365 4204 legitur
2398 4149 2410 4187 :
2444 4151 2471 4183 α
2523 4131 2807 4200 Scriptnm
2857 4145 2958 4200 per
2992 4145 3198 4182 manus
3226 4127 3376 4182 Petri
3409 4126 3619 4180 notarii
3649 4131 3706 4178 et

2010 4223 2291 4278 scriniarii
2339 4223 2399 4276 S.
2436 4220 2500 4275 Β.
2556 4221 2638 4285 Ε.,
2696 4219 2757 4272 in
2801 4234 2996 4273 mense
3041 4218 3231 4282 Junio,
3287 4215 3587 4270 lndict.v:
3646 4215 3702 4268 id

2011 4319 2114 4379 est,
2164 4311 2371 4382 inquit,
2430 4324 2580 4363 anno
2641 4307 2846 4362 Christi
2904 4321 3038 4359 uvu.
3107 4303 3264 4368 Quod
3333 4303 3701 4372 privilegium

2008 4417 2252 4472 magnus
2308 4397 2714 4468 Episcoporum
2747 4409 3022 4448 numerus
3079 4392 3136 4446 in
3195 4396 3410 4460 synodo
3466 4391 3703 4444 Franco-

2009 4491 2204 4544 nofurt
2251 4486 2448 4541 habita
2498 4483 2850 4538 unanimiter
2909 4481 3236 4546 laudarunt,
3267 4484 3325 4534 et
3345 4479 3462 4532 suis
3483 4479 3700 4534 suberi-

2009 4577 2299 4648 ptionibus
2330 4573 2796 4633 corroboraruut,
2849 4575 2912 4623 ut
2939 4570 2993 4624 in
3023 4571 3134 4624 line
3169 4569 3385 4624 laudati
3437 4568 3700 4639 rescripti

2009 4663 2305 4735 apostolici
2357 4662 2546 4731 legere
2599 4665 2700 4715 est.
2734 4659 2920 4724 Quare
2967 4659 3180 4726 subdit,
3222 4657 3528 4712 concilium
3563 4656 3702 4711 illud

2006 4769 2123 4808 non
2162 4754 2267 4806 hoc
2315 4767 2487 4817 anno,
2538 4755 2602 4804 ut
2655 4749 2930 4803 Baronius
2977 4748 3220 4818 putavit,
3277 4747 3372 4800 sed
3436 4746 3699 4817 sequenti

2007 4845 2443 4911 congregatum,
2469 4858 2496 4888 ι)
2528 4843 2632 4891 etc.

2080 4931 2198 4984 111.
2266 4928 2388 4981 Non
2439 4926 2584 4980 male
2614 4942 2717 4995 pro
2749 4925 2942 4996 aliqua
2998 4928 3158 4994 parte
3209 4923 3519 4980 Baronium
3579 4939 3698 4976 cor-

2007 5019 2151 5073 rexit
2186 5017 2413 5089 Pagius.
2457 5017 2514 5069 iu
2560 5015 2672 5068 alia
2727 5031 2844 5068 non
2899 5013 3088 5067 minus
3143 5013 3265 5082 ipse
3301 5012 3698 5082 corrigendos.

2008 5105 2288 5172 Quoniam
2351 5105 2518 5158 ambo
2589 5103 2658 5158 ad
2715 5103 2931 5164 omnia,
2993 5103 3288 5156 occasione
3341 5099 3700 5170 episcopatus

2008 5197 2169 5250 istius
2200 5193 2448 5264 longiori
2465 5199 2720 5263 tempore
2758 5197 3015 5258 tractata,
3050 5206 3163 5244 non
3213 5187 3348 5242 satis
3395 5187 3700 5242 attendisse

2008 5284 2299 5349 videntur;
2351 5286 2596 5352 sumpta,
2653 5279 2763 5334 nisi
2801 5280 3166 5334 vehementer
3210 5277 3398 5341 fallor,
3457 5292 3523 5328 ex
3575 5277 3701 5332 Dit-

2008 5390 2169 5429 maro
2249 5372 2437 5444 prima
2492 5368 2938 5440 perturbationis
2983 5381 3141 5430 ansa,
3202 5364 3301 5435 qui
3358 5363 3418 5417 iu
3482 5379 3698 5420 annum

2007 5461 2433 5536 quodammodo
2479 5474 2658 5514 unum
2698 5457 3082 5526 eamdemque
3144 5452 3420 5523 confudit,
3472 5470 3601 5525 qua:
3641 5455 3698 5508 in

2008 5552 2152 5608 duos
2213 5549 2464 5606 diversos
2513 5545 2826 5602 certissime
2885 5540 3253 5599 distrahenda
3309 5547 3460 5598 sunt.
3520 5541 3698 5614 Syno-
