3940 6340
392 349 457 402 47
1685 345 1738 396 S.
1787 343 2070 398 IlENltltll
2114 343 2586 397 IMPERATORIS
3813 342 3878 391 48

396 467 657 538 exposuit
685 466 1074 520 Henschcnins
1119 465 1178 518 in
1212 463 1632 518 Commentario
1693 463 1762 516 ad
1803 463 1857 516 S.

395 557 645 620 bertum,
675 569 766 608 xvi
799 554 1003 618 Martii,
1044 569 1204 606 num.
1240 557 1289 606 7.
1333 553 1530 622 Capita
1550 567 1624 604 vn
1650 555 1706 605 et
1742 567 1838 604 vm
1871 551 1940 604 ad
1989 567 2094 604 nos

395 642 568 694 etiam
597 657 711 693 non
745 645 1027 708 spectant;
1073 638 1302 709 quibus,
1337 643 1400 690 ut
1421 639 1626 690 iterum
1649 637 1926 700 dicamus,
1986 635 2092 689 soli

395 729 738 782 Adelboldus
781 734 834 780 et
859 733 1191 796 Anonymus
1220 725 1542 780 illustrandi
1573 731 1735 792 sunt;
1777 724 1846 778 ab
1873 723 1970 778 illo
1999 739 2090 777 an-

397 823 514 870 tem
547 821 805 870 accurate
834 815 1236 869 describuntur
1267 829 1648 885 quascumque
1677 813 1849 867 habet
1893 812 2090 866 Incho-

395 905 481 958 fer
527 920 691 973 capp.
750 906 923 968 9,11,
983 905 1046 955 12
1105 907 1162 954 et
1235 904 1320 968 13,
1369 907 1432 952 ut
1489 901 1558 953 iis
1617 899 1708 953 hic
1757 914 2094 952 enumeran-

396 993 482 1046 dis
508 992 998 1061 supersedeamus.
1034 991 1124 1043 Est
1165 994 1221 1041 et
1251 1005 1384 1059 pars
1415 1005 1538 1058 cap.
1573 990 1636 1042 1’1
1669 1004 1736 1042 ex
1778 987 2093 1041 Adelboldo

395 1081 716 1150 desumpta,
749 1081 840 1132 cui
871 1079 1131 1147 adjungit
1196 1099 1216 1124 ι
1281 1077 1648 1130 ecclesiarum
1697 1077 1756 1129 in
1791 1077 2094 1129 Germania

396 1169 882 1232 reformationem,
917 1187 944 1215 »
990 1167 1126 1218 item
1166 1188 1186 1212 ι
1223 1165 1551 1218 Polonicum
1609 1169 1664 1216 et
1735 1163 2092 1218 Flandricum

396 1259 636 1321 bellum,
670 1279 690 1304 η
729 1272 857 1326 qum
910 1272 1015 1308 nos
1045 1253 1401 1323 temporibus
1441 1256 1558 1305 suis
1610 1269 1676 1306 ex
1727 1253 1983 1306 Ditmaro
2040 1257 2095 1304 et

398 1345 525 1399 aliis
566 1345 858 1397 innectere
887 1341 1077 1396 conati
1105 1357 1322 1394 sumus.
1375 1342 1509 1409 Cap.
1549 1344 1611 1394 15
1645 1340 1992 1394 monasteria
2040 1345 2098 1392 et

395 1433 606 1500 templa
645 1431 882 1484 fundata
911 1433 996 1482 vel
1029 1435 1252 1494 ornata,
1295 1445 1358 1480 ac
1389 1429 1864 1498 Bamhergensem
1897 1427 2097 1480 civita-

395 1527 508 1572 tem
541 1521 598 1572 in
633 1519 1021 1588 episcopatum
1055 1523 1302 1570 evectam
1361 1518 1759 1586 prosequitur;
1809 1517 1962 1568 etde
1992 1515 2096 1568 hac

398 1607 630 1676 quidem
663 1607 947 1658 creatione
975 1605 1111 1657 satis
1141 1604 1402 1674 apposite
1434 1603 1684 1673 disputat.
1713 1620 1725 1656 :
1771 1619 1956 1673 nequc
1996 1619 2094 1655 ne-

397 1695 648 1764 gaverim
685 1693 1137 1763 parthenonibus
1166 1692 1584 1760 Neoburgensi,
1610 1698 1666 1744 et
1693 1689 2096 1759 Nunburgensi

397 1784 548 1852 apud
571 1782 961 1849 Salisburgum
1015 1780 1196 1833 multa
1234 1779 1499 1832 aSancto
1553 1781 1773 1840 collata,
1829 1777 2091 1848 quamvis

397 1871 490 1923 hic
537 1885 566 1921 a
616 1875 938 1938 temporum
1015 1867 1160 1919 serie
1195 1866 1437 1936 scriptor
1495 1867 1776 1919 exorbitat
1835 1882 1848 1920 :
1893 1881 2088 1917 verum

399 1958 573 2028 quod,
601 1973 732 2026 pag.
767 1958 858 2020 625,
889 1955 1230 2008 anecdotum
1285 1955 1624 2008 miraculum
1687 1954 1863 2007 tradit
1910 1953 1981 2008 de
2034 1953 2088 2005 S.

399 2045 744 2099 Erendrudis
771 2045 963 2098 cinere
993 2045 1209 2096 annulo
1233 2043 1498 2096 concluso
1522 2047 1576 2095 et
1603 2043 1746 2095 collo
1793 2057 2089 2112 suspenso,

397 2140 462 2186 ut
489 2137 552 2184 ut
581 2131 906 2199 negandum
943 2145 1056 2183 non
1115 2145 1398 2196 censeam,
1459 2128 1656 2182 mirari
1720 2134 1872 2181 certe
1931 2127 2096 2180 liceat

398 2220 542 2274 nihil
569 2219 700 2272 huic
733 2219 816 2271 rei
845 2219 1016 2271 afﬁne
1047 2233 1342 2270 occurrere
1375 2217 1433 2270 in
1472 2217 1612 2286 ipsis
1643 2216 1862 2268 Sanctte
1917 2215 2093 2283 Actis,

397 2313 556 2360 tomo
587 2307 628 2358 V
650 2305 804 2359 Junii
833 2305 1151 2370 illustratis,
1183 2321 1214 2357 a
1251 2320 1380 2375 pag.
1417 2306 1547 2370 580;
1600 2310 1750 2356 certe
1783 2303 1952 2356 Iidem
2025 2303 2092 2356 li-

399 2395 596 2448 berare
645 2393 840 2446 debuit
885 2394 1148 2446 Iuchot‘er
1223 2393 1500 2463 praestito,
1558 2399 1785 2445 asserta-
1827 2391 1908 2444 rei
1997 2407 2090 2444 va-

399 2482 675 2536 dimonio.

471 2575 556 2626 81.
589 2573 710 2624 Non
782 2569 966 2640 magis
1026 2569 1094 2622 ad
1131 2573 1459 2640 temporum
1514 2567 1791 2622 rationem
1823 2567 2090 2632 attendit,

399 2660 534 2713 dum
598 2658 768 2729 capiti
829 2661 891 2712 16
941 2659 1094 2711 hunc
1122 2658 1352 2710 titulum
1389 2655 1676 2728 praefixit:
1729 2677 1756 2704 «
1825 2657 2096 2709 Henricus

399 2747 798 2816 Cunignndcm
829 2745 1086 2816 reginam
1115 2745 1382 2799 adulterii
1414 2745 1774 2812 insimulans,
1823 2745 2094 2798 innocen-

398 2836 493 2888 tia!
527 2835 801 2888 miraculo
827 2834 1151 2904 corrigitur.
1173 2853 1199 2885 »
1221 2834 1330 2886 Res
1360 2833 1482 2902 ipsa
1504 2833 1574 2886 ab
1594 2832 1958 2886 inimicorum
1990 2833 2097 2886 ob-

399 2923 611 2994 loquiis
631 2923 765 2976 satis
781 2922 1061 2975 vindicata
1087 2927 1199 2988 est;
1222 2927 1280 2973 at
1304 2937 1418 2992 quo
1445 2921 1808 2990 potissimum
1840 2925 2095 2990 tempore

1919 462 2086 516 Heri-
2120 465 2162 516 A
2204 465 2440 534 ejusque
2503 463 2650 532 (cap.
2691 463 2780 532 25)
2845 461 3136 532 praedictio
3188 462 3256 514 de
3307 461 3466 515 obitu
3525 461 3580 516 S.
3645 461 3882 516 llenriri.

2200 552 2427 622 aliaque
2453 551 2524 604 ad
2545 551 2699 620 ipsos
2721 550 3058 620 spectantia.
3091 549 3290 620 quinia
3319 549 3378 603 S.
3407 550 3718 603 Meinwerci
3740 552 3884 603 Actis

2199 639 2378 692 fusius
2435 643 2980 697 commemorantur.
3037 653 3154 692 non
3186 638 3323 690 item
3387 637 3714 690 vaticinium
3746 637 3884 704 ipse,

2199 727 2352 797 quod
2385 727 2582 780 retulit
2621 727 2909 796 Rupertus
2976 726 3281 780 Tuitiensis
3317 725 3374 778 in
3431 726 3710 778 Ilcriberli
3747 725 3886 786 Vita,

2200 831 2322 884 cap.
2361 817 2412 881 8,
2446 831 2604 868 num.
2637 818 2724 880 31,
2759 814 2825 867 ad
2849 831 2939 867 xxv
2979 814 3180 882 Martii,
3213 830 3345 884 pag.
3389 815 3515 880 488,
3547 815 3634 866 his
3664 813 3840 866 verbis
3873 828 3884 866 :

2204 923 2228 954 εί
2267 905 2494 958 Noveris
2526 903 2678 956 enim
2711 901 2870 972 quia,
2903 908 3034 972 post
3065 903 3284 955 obitum
3323 917 3537 966 meum,
3579 902 3747 954 trium
3780 916 3885 952 non

2199 997 2435 1061 peraget
2465 1007 2741 1044 annorum
2784 990 3132 1044 curriculum
3166 1006 3179 1043 :
3219 1011 3238 1037 ιι
3277 994 3446 1059 atque.
3477 990 3616 1042 vixit
3644 990 3697 1042 S.
3749 991 3890 1042 Hen-

2201 1079 2351 1132 ricus
2385 1095 2560 1148 usque
2592 1079 2658 1132 ad
2691 1094 2784 1132 xm
2815 1078 2948 1132 Julii
2977 1078 3114 1131 anni
3163 1079 3319 1145 1024,
3354 1077 3496 1132 obiit
3539 1077 3592 1130 ς.
3629 1079 3890 1131 lleriber-

2200 1173 2292 1219 tus
2321 1182 2409 1220 xvi
2434 1166 2614 1220 Martii
2643 1169 2773 1220 1021
2817 1181 2830 1219 :
2857 1167 3067 1220 nodum
3097 1165 3238 1218 vidit
3271 1165 3566 1231 Inchofer;
3615 1181 3783 1234 quem
3832 1170 3894 1218 ut

2201 1256 2398 1320 solvat,
2440 1255 2665 1324 cogitur
2716 1253 2772 1308 S.
2830 1252 3114 1308 Heriberti
3145 1253 3386 1319 obitum,
3425 1261 3623 1306 contra
3664 1253 3894 1305 histori-

2203 1358 2326 1397 cam
2351 1343 2644 1396 veritatem
2667 1343 2937 1396 reducere
2970 1343 3036 1395 ad
3073 1357 3290 1394 annum
3328 1342 3490 1404 1022;
3525 1341 3582 1394 in
3625 1357 3736 1411 qua
3765 1357 3893 1394 eum

2203 1431 2374 1502 plane
2401 1430 2520 1483 falli
2549 1429 2880 1484 credimus:
2929 1435 3122 1484 utrum
3173 1445 3308 1482 vero
3369 1429 3698 1482 vaticinium
3749 1437 3898 1481 recte

2205 1518 2331 1572 istic
2357 1533 2684 1586 eXpressum
2715 1517 2807 1582 sit,
2838 1533 2954 1570 non
2981 1523 3068 1570 est
3093 1521 3352 1570 nostrum
3385 1515 3683 1581 dirimere;
3741 1517 3898 1570 abest

2205 1611 2356 1658 certe
2409 1607 2479 1657 ab
2543 1606 2697 1659 Actis
2765 1621 2894 1674 qum
2965 1605 3054 1658 hic
3111 1606 3483 1658 illustramus.
3551 1607 3726 1672 Capp.
3810 1607 3900 1662 2t}.

2208 1696 2301 1758 27,
2345 1696 2412 1747 28
2451 1697 2507 1746 et
2545 1696 2630 1756 29,
2684 1695 2900 1762 multus
2952 1699 3036 1746 est
3111 1693 3170 1744 in
3231 1694 3746 1746 commemorandis
3801 1695 3902 1744 ad-

2203 1782 2420 1850 junctis
2463 1781 2648 1834 ultimi
2697 1781 2834 1836 belli
2895 1781 3095 1846 Italici,
3148 1797 3276 1850 quae
3339 1797 3452 1833 non
3493 1780 3678 1848 magis
3703 1780 3770 1834 ad
3799 1797 3911 1833 nos

2199 1869 2508 1940 pertinent,
2567 1874 2665 1922 aut
2740 1875 2892 1922 certe
2939 1869 3000 1922 in
3050 1870 3196 1921 serie
3255 1876 3449 1920 nostra
3495 1869 3910 1938 chronologica

2203 1957 2428 2010 abunde
2459 1958 2636 2010 relata
2662 1961 2825 2020 sunt;
2870 1957 2956 2010 uti
3005 1961 3062 2010 et
3119 1972 3451 2025 congressus
3489 1971 3620 2010 cum
3653 1956 3914 2010 Roberto

2204 2061 2337 2115 rege
2387 2045 2660 2114 Franciae,
2725 2061 2896 2115 quem
2950 2043 3219 2098 describit
3265 2060 3390 2114 cap.
3453 2045 3538 2098 30.
3591 2045 3668 2098 De
3723 2046 3908 2112 gestis

2202 2151 2336 2188 vero
2365 2133 2517 2204 (cap.
2573 2136 2659 2198 3|)
2692 2133 2839 2186 inter
2871 2133 2962 2187 SS.
3025 2133 3332 2188 Ilenricum
3386 2137 3442 2186 et
3480 2133 3903 2196 Meinwercum,

2203 2223 2444 2276 videnda
2465 2223 2524 2274 in
2555 2222 2725 2290 hujus
2745 2220 2898 2274 Actis
2932 2221 3218 2290 assignate
3246 2220 3384 2274 alibi
3407 2221 3611 2291 capita.

2273 2312 2361 2363 73.
2396 2309 2773 2379 Subjur.gitur
2832 2308 3122 2378 piissimus
3152 2309 3331 2362 sancti
3365 2309 3734 2379 Imperatoris
3765 2309 3902 2364 obi-

2204 2403 2318 2466 tus,
2349 2415 2472 2468 cap.
2509 2401 2574 2450 32
2601 2417 2617 2463 ;
2646 2403 2702 2450 at
2733 2397 2875 2450 mire
2905 2413 2990 2449 res
3049 2403 3106 2450 et
3137 2398 3308 2451 verba
3346 2403 3578 2468 torquet
3607 2398 3904 2463 Inchofer,

2203 2492 2268 2540 ut
2295 2487 2354 2540 iu
2409 2485 2749 2539 deﬁniendis
2787 2485 3022 2539 diversis
3053 2487 3182 2539 vitae
3231 2485 3587 2540 Henricianae
3643 2487 3912 2557 periodis

2205 2573 2449 2626 calculos
2479 2572 2760 2626 subducat
2789 2572 3059 2626 aberrans
3095 2571 3156 2626 in
3183 2572 3493 2642 plerisque.
3535 2573 3743 2626 Demus
3775 2576 3914 2642 ejus

2203 2661 2375 2714 verba
2409 2676 2421 2714 :
2459 2678 2486 2711 α
2526 2660 2672 2712 Vixit
2723 2666 2855 2714 ante
2891 2675 3133 2730 regnum
3188 2660 3354 2714 annis
3385 2660 3654 2730 triginta;
3715 2677 3914 2726 regno

2207 2747 2506 2802 duodecim
2541 2754 2596 2801 et
2625 2764 2848 2802 menses
2899 2748 3187 2818 quinque;
3235 2747 3481 2818 imperio
3515 2749 3732 2814 decem,
3761 2749 3912 2802 toti-

2204 2836 2452 2907 demque
2483 2835 2604 2889 dies
2641 2852 2811 2906 super
2841 2851 3067 2888 menses
3100 2839 3372 2906 quatuor;
3409 2836 3523 2889 Deo
3580 2840 3635 2888 ct
3660 2835 3770 2888 sibi
3803 2853 3920 2888 an-

2206 2941 2328 2991 nos,
2362 2925 2408 2977 si
2439 2929 2552 2978 tres
2581 2940 2709 2978 cum
2758 2923 2956 2978 diebus
2995 2923 3196 2993 viginti
3254 2938 3482 2976 menses
3529 2923 3740 2988 demas,
3787 2930 3920 2977 tres

398 3011 724 3080 contigerit,
757 3010 938 3064 fateor
967 3025 1056 3063 me
1087 3009 1329 3062 necdum
1361 3015 1516 3062 certo
1571 3008 1963 3078 depreheudre
1993 3025 2093 3078 po-
2125 3011 2166 3063 C
2203 3029 2374 3083 supra
2404 3012 2850 3083 quinquaginta:
2908 3015 3166 3065 mortuus
3201 3027 3350 3064 anno
3373 3011 3660 3066 undecimi
3702 3015 3916 3066 saeculi

399 3098 601 3154 tuisse.
643 3100 707 3152 In
755 3098 1012 3168 ejusdem
1043 3099 1155 3150 ﬁde
1207 3097 1474 3167 relinquo
1519 3097 1798 3166 quidquid
1847 3111 1971 3165 cap.
2025 3099 2087 3149 27

401 3187 471 3240 de
498 3187 788 3241 Gunthero
825 3187 1062 3256 ejusque
1109 3202 1238 3240 cum
1270 3186 1325 3239 S.
1360 3186 1600 3239 Henrico
1639 3185 1816 3254 gestis
1837 3185 2085 3250 collegit.

397 3275 570 3329 Multa
621 3273 1039 3329 connectuntur
1112 3291 1234 3344 cap.
1290 3277 1380 3340 28,
1439 3290 1567 3342 quae.
1627 3290 1660 3326 a
1709 3273 1869 3326 nobis
1915 3273 2087 3342 paulo

398 3365 716 3418 ordinatius
770 3363 1031 3417 distincta
1069 3369 1221 3415 sunt.
1257 3363 1437 3416 Minus
1483 3363 1653 3415 etiam
1701 3363 1888 3431 placet
1917 3367 2088 3431 caput

400 3455 484 3518 19,
517 3452 612 3506 ubi
651 3451 1010 3505 Benedictum
1047 3451 1162 3504 Vlll
1199 3450 1258 3504 iu
1309 3451 1668 3503 Germaniam
1729 3449 1976 3514 deducit,
2028 3455 2089 3502 ut.

397 3539 700 3592 Ileuricum
731 3541 1000 3592 adversus
1031 3538 1330 3590 seditiosos
1360 3537 1580 3602 invitet,
1617 3541 1672 3589 et
1701 3538 1890 3590 nescio
1931 3539 2082 3606 quod

396 3632 654 3679 exortum
683 3627 929 3680 schisma
963 3631 1293 3695 componat,
1343 3625 1412 3678 de
1447 3625 1656 3695 quibus
1685 3625 1822 3695 quid
1883 3626 2086 3678 sentia-

397 3730 524 3768 mus
563 3713 802 3782 habct§
859 3717 946 3781 12,
994 3729 1154 3768 num.
1214 3716 1332 3766 128.
1399 3713 1594 3783 Capite
1627 3715 1694 3766 20
1753 3713 1945 3783 agitur
2013 3713 2084 3766 de

395 3803 658 3874 prensato
691 3803 1037 3856 monachatu
1073 3801 1323 3855 Cluniaci
1357 3807 1412 3856 et
1439 3802 1698 3868 Virduni,
1756 3818 1880 3871 quae
1913 3805 1974 3854 ut
2014 3801 2083 3854 ab

397 3891 621 3946 Henrici
643 3892 939 3944 sanctitate
970 3891 1154 3944 aliena
1182 3907 1295 3943 non
1327 3891 1460 3956 sint,
1497 3891 1660 3943 nobis
1692 3889 1985 3943 sufﬁciunt
2016 3905 2080 3942 ea

394 3995 523 4050 quae
563 3981 632 4032 ab
658 3980 917 4033 Alberico
951 3985 1180 4032 narrata
1212 3979 1531 4032 retulimus.
1584 3979 1720 4048 Cap.
1781 3981 1870 4042 21,
1923 3976 2085 4047 {inter

392 4068 506 4122 alia
534 4072 781 4121 mentem
834 4082 994 4120 suam
1023 4066 1204 4136 aperit
1249 4066 1508 4120 Inchofer
1535 4065 1682 4118 circa
1721 4083 1748 4115 α
1789 4063 2078 4134 prodigio-

393 4173 510 4210 sani
542 4156 830 4208 victoriam
864 4155 918 4208 S.
953 4156 1178 4208 Henrici
1209 4155 1480 4224 auspiciis
1529 4171 1562 4207 a
1603 4152 1945 4224 quibusdam
1997 4156 2079 4204 at-

391 4245 731 4313 tributam,»
779 4245 930 4297 unde
961 4261 1074 4297 non
1107 4259 1309 4314 parum
1365 4242 1638 4296 elucidari
1669 4245 1906 4311 possunt
1951 4256 2077 4310 quae

394 4349 494 4386 nos
547 4349 650 4386 suo
699 4333 821 4385 loco
853 4333 1298 4402 conjectavimus
1328 4332 1623 4385 occasione
1654 4331 1888 4384 famosae
1919 4327 2081 4382 istius

391 4437 600 4492 pugute
649 4421 721 4474 ab
777 4426 1076 4492 Auonymo
1112 4425 1574 4474 commemorata!
1632 4433 1755 4487 cap.
1817 4417 2076 4487 liquam,

391 4509 640 4564 studiose
699 4527 730 4562 a
767 4508 1024 4563 Ditmaro
1056 4509 1428 4576 praeteritam,
1461 4506 1704 4560 necdum
1739 4504 1908 4558 nobis
1956 4521 2080 4558 sua-

389 4598 508 4651 deri
537 4597 807 4667 patimur.
843 4599 916 4652 Ex
944 4614 1068 4668 cap.
1111 4599 1179 4651 22
1217 4595 1472 4650 notanda
1513 4594 1802 4663 praecipue
1848 4594 2078 4663 I’oppo-

389 4687 476 4739 nis
507 4687 724 4740 abbatis
755 4685 1105 4740 Stabulensis
1159 4683 1425 4750 monitio,
1457 4698 1570 4752 qua
1618 4680 1670 4733 S.
1709 4681 2012 4734 Ilenricum
2045 4698 2074 4736 a

389 4775 705 4846 spectandis
739 4774 1090 4830 histrionicis
1124 4777 1180 4826 et
1230 4771 1560 4842 gladiatoris
1586 4769 1734 4824 ludis
1787 4773 2074 4837 averterit,

388 4865 523 4917 dum
559 4865 627 4917 iis
655 4862 932 4932 Neomagi
953 4859 1231 4915 curiosius
1263 4858 1580 4929 spectandis
1636 4859 1973 4912 attenderet.
2009 4859 2077 4912 Et

386 4954 493 5006 hoc
514 4959 571 5006 et
595 4952 652 5006 id
685 4967 864 5021 genus
895 4951 1038 5004 facta
1070 4948 1180 5002 alia
1210 4947 1549 5018 scriptorum
1573 4945 1906 5000 auctoritate
1945 4963 2072 5000 cor-

385 5041 640 5097 roborari
675 5039 1062 5093 merebantur.

455 5136 542 5185 7'2.
586 5127 874 5198 Sequitur,
903 5141 1024 5195 cap.
1058 5140 1210 5190 χχιιι,
1243 5124 1515 5178 adventus
1545 5123 1832 5178 Benedicti
1864 5123 1982 5176 VIII
2015 5123 2070 5176 in

357 5216 768 5282 'Germaniam,
802 5213 902 5282 qui
943 5219 1100 5266 tanto
1157 5211 1361 5282 majori
1420 5213 1760 5283 scriptorum
1815 5215 2070 5264 veterum

383 5307 498 5361 tide
522 5304 743 5368 nititur,
775 5306 990 5372 quanto
1033 5299 1293 5355 debiliori
1359 5299 1619 5354 subsistit
1659 5299 1876 5352 incerta
1927 5299 2075 5369 ejus-

384 5397 514 5449 dem
545 5392 710 5463 Papae
737 5392 895 5462 prior
925 5391 980 5444 in
1013 5391 1320 5461 imperium
1349 5389 1760 5461 poregrinatio,
1789 5389 1974 5442 dicam
1999 5404 2070 5442 an

385 5484 523 5552 fuga
545 5482 780 5552 supplex
814 5480 882 5534 ad
931 5479 986 5535 S.
1040 5478 1264 5534 Henrici
1311 5477 1608 5532 auxilium.
1668 5477 1804 5548 Cap.
1857 5479 1927 5532 24
1977 5492 2070 5530 ex-

382 5573 628 5648 plicatur
679 5570 1067 5627 reconciliatio
1097 5584 1227 5624 cum
1276 5568 1332 5624 S.
1385 5566 1682 5624 Iteriberto
1726 5565 2071 5634 Coloniensi,

2199 3101 2472 3171 vigesimo
2519 3107 2742 3172 quarto,
2783 3099 2926 3152 feria
2957 3101 3224 3153 secunda.
3262 3115 3291 3150 υ
3323 3100 3515 3153 Primo
3572 3106 3632 3154 et
3688 3101 3919 3154 ultimo

2197 3191 2412 3243 calculo
2471 3189 2672 3242 lubens
2727 3188 3010 3242 assentior
3055 3203 3067 3240 :
3119 3194 3309 3241 cetera
3358 3204 3485 3241 vere
3516 3194 3572 3241 et
3616 3187 3767 3242 clare
3802 3206 3919 3244 ex-

2197 3279 2508 3348 pressisset,
2543 3276 2803 3336 dicendo.
2829 3295 2856 3326 «
2884 3276 3086 3328 vixisse
3114 3294 3141 3336 ι)
3166 3281 3425 3330 sanctum
3451 3297 3480 3324 ‹‹
3509 3292 3690 3346 regno
3725 3295 3750 3329 »
3789 3297 3824 3330 a
3847 3296 3920 3334 vr

2192 3364 2348 3418 Junii
2373 3367 2506 3418 1002
2539 3380 2716 3434 usque
2746 3364 2815 3416 ad
2847 3379 2936 3416 xw
2969 3363 3260 3416 Februarii
3301 3364 3458 3427 1014,
3487 3380 3602 3434 quo
3622 3365 3920 3419 interval-

2193 3455 2250 3506 lo
2281 3454 2496 3506 fluxere
2525 3453 2662 3504 anni
2691 3467 2803 3504 non
2829 3451 2960 3520 plus
2990 3449 3278 3520 undecim,
3312 3466 3534 3504 menses
3573 3457 3700 3504 octo
3728 3457 3786 3505 et
3811 3458 3920 3505 to-

2193 3540 2367 3594 tidem
2392 3539 2527 3592 dies.
2565 3559 2590 3588 (κ
2618 3538 2864 3608 Imperio
2899 3559 2924 3586 »ι
2950 3554 3048 3591 seu
3080 3537 3445 3608 Imperatoris
3463 3539 3632 3592 titulo
3663 3539 3920 3609 gavisus

2193 3633 2278 3680 est
2303 3645 2336 3680 a
2374 3643 2465 3681 XIV
2497 3626 2790 3680 Februarii
2853 3627 2986 3680 1014
3030 3641 3212 3696 usque
3271 3626 3336 3680 ad
3397 3641 3492 3679 xm
3545 3626 3682 3680 Julii
3716 3629 3920 3696 1024;

2192 3717 2346 3768 unde
2376 3717 2692 3784 exsurgunt
2708 3713 2842 3766 anui
2861 3713 3096 3767 omnino
3118 3715 3333 3779 decem,
3359 3729 3584 3767 menses
3606 3713 3920 3784 quinque.

2193 3804 2382 3856 minus
2411 3802 2579 3856 unico
2611 3801 2703 3854 die
2736 3817 2748 3854 :
2785 3800 2856 3854 ad
2885 3806 3001 3854 tres
3046 3804 3236 3854 autem
3268 3818 3441 3873 supra
3469 3803 3920 3872 quinquaginta

2193 3891 2323 3944 vitae
2355 3906 2558 3955 annos,
2589 3905 2691 3943 cur
2739 3890 2945 3947 solum.
2999 3909 3026 3940 α
3083 3905 3308 3943 menses
3362 3897 3473 3944 tres
3517 3906 3644 3943 cum
3686 3891 3920 3948 diebus

2191 3977 2398 4046 viginti
2429 3999 2455 4027 »
2490 3977 2654 4031 nobis
2681 3977 2833 4030 demi
2863 3977 3000 4030 velit
3041 3977 3326 4042 Inchot‘er,
3395 3993 3631 4048 prorsus
3662 3995 3782 4032 non
3809 3997 3920 4036 ca-

2189 4063 2308 4133 pio;
2365 4064 2693 4118 meminerit
2745 4065 3051 4118 nativitatis
3099 4067 3374 4135 epocham
3438 4082 3468 4119 a
3513 4083 3568 4118 se
3621 4070 3920 4137 superius

2189 4153 2360 4205 ﬁxam
2403 4167 2525 4205 esse
2553 4169 2703 4206 anno
2762 4154 2864 4206 972
2915 4173 2936 4201 ι
2963 4152 3054 4206 die
3091 4170 3144 4206 v1
3191 4154 3319 4208 Maii
3369 4154 3510 4208 feria
3550 4155 3834 4226 secunda,
3889 4181 3920 4210 ι

2193 4240 2323 4294 inde
2377 4240 2586 4310 digitos
2631 4240 2983 4295 consulendo
3065 4243 3556 4314 uumerandoque,
3631 4243 3920 4302 inveniet

2193 4329 2672 4399 completissimos
2702 4329 2832 4382 vita:
2878 4345 3058 4404 annos
3087 4331 3229 4384 duos
3259 4347 3434 4402 supra
3463 4332 3920 4402 quinquaginta

2191 4421 2669 4488 excurrentesque
2701 4433 2923 4471 menses
2955 4417 3099 4471 duos
3129 4434 3258 4472 cum
3305 4419 3505 4472 diebus
3543 4425 3794 4488 septem,
3829 4431 3920 4478 ut

2188 4504 2367 4558 ferme
2404 4521 2625 4558 menses
2656 4505 2851 4560 decem
2895 4506 3161 4561 demendi
3207 4507 3340 4562 sint.
3377 4507 3482 4562 Sed
3515 4508 3584 4562 de
3631 4508 3718 4562 his
3751 4513 3920 4566 satis

2188 4593 2401 4646 dictum
2435 4594 2694 4664 superius
2723 4593 2750 4662 ἓ
2779 4598 2833 4650 2.

2259 4682 2344 4736 74.
2393 4682 2712 4752 Supersunt
2785 4683 2972 4754 capita
3025 4683 3304 4754 quinque,
3377 4699 3584 4756 nempe.
3636 4687 3726 4752 33,
3789 4689 3920 4746 ubi

2185 4769 2294 4823 nisi
2345 4771 2715 4824 vehementer
2785 4772 2970 4828 fallor.
3053 4771 3260 4824 fabulis
3314 4778 3572 4827 accenset
3617 4774 3920 4834 Inchofer

2190 4879 2212 4906 ι
2248 4874 2544 4912 occursum
2567 4859 2921 4913 daemonium
2943 4859 3010 4912 ad
3044 4860 3414 4930 exsequias,»
3449 4863 3562 4916 sive
3591 4861 3659 4916 ad
3694 4871 3920 4920 extre-

2187 4963 2336 5000 mam
2361 4947 2510 5016 apud
2533 4947 2720 5000 Sancti
2743 4947 3036 5000 morientis
3060 4950 3288 5013 luctam,
3321 4970 3348 4995 κ
3379 4955 3435 5002 et
3460 4951 3920 5012 accusationem

2185 5033 2335 5103 apud
2355 5033 2606 5086 tribunal
2635 5034 2764 5100 Dei;
2807 5054 2828 5080 ι
2872 5035 3080 5104 quibus
3102 5034 3248 5089 adde
3277 5037 3920 5107 prmpouderationem

2181 5121 2370 5174 calicis
2400 5120 2455 5174 S.
2493 5121 2802 5184 Laurentii,
2833 5128 2889 5174 et
2917 5122 3146 5190 similia,
3173 5139 3303 5194 quas
3335 5125 3395 5178 in
3426 5126 3550 5178 loco
3597 5125 3920 5200 diximus,

2183 5210 2280 5278 pio
2303 5210 2439 5264 boni
2465 5225 2528 5262 ac
2551 5210 2826 5280 simplicis
2849 5213 3102 5266 eremiue
3144 5214 3365 5267 somnio
3427 5229 3600 5286 quam
3650 5217 3920 5278 veritati

2181 5297 2468 5353 historicas
2495 5299 2677 5370 magis
2723 5299 2938 5366 afﬁnis,
2986 5316 3090 5354 nec
3127 5301 3242 5355 nlla
3289 5303 3584 5356 vetnstiori
3625 5311 3920 5364 auctori-

2181 5391 2298 5440 tate
2337 5386 2596 5454 sutfulta;
2649 5403 2892 5458 quasque
2939 5387 3200 5456 fortasse,
3261 5391 3485 5460 poetica
3533 5390 3808 5448 libertate
3873 5416 3920 5456 ε

2180 5475 2498 5546 pictoribus
2545 5475 2658 5529 sive
2715 5475 3096 5547 sculptoribus
3171 5477 3480 5547 symbolice
3532 5479 3920 5544 adumbrata

2181 5565 2440 5640 qualium
2460 5564 2632 5622 nimis
2661 5580 2832 5640 quam
2862 5564 3026 5622 obvia
3056 5568 3209 5634 sunt,
3239 5581 3432 5622 veram
3468 5567 3740 5637 subinde,
3771 5587 3920 5643 pro
