3940 6324
104 340 153 392 itl
1572 380 1579 388 .
1742 336 1940 393 ACTA.
3523 340 3590 391 50

95 460 429 512 saeculorum
462 458 702 511 istorum
734 463 921 528 captu,
964 456 1261 511 induerint
1288 457 1541 512 historia:
1578 457 1777 511 faciem
1809 459 1853 511 Α
1898 457 2260 512 Henricianas
2300 456 2562 513 dctinitas
2618 457 2769 524 velit,
2800 473 2942 529 quas
2998 458 3081 513 illi
3138 458 3222 513 vix
3255 458 3474 528 primis,
3530 463 3591 512 ut

95 548 468 618 diguamquee
498 546 557 600 in
593 546 719 609 ipso
749 551 1076 600 sanctorum
1110 546 1398 600 Henriciet
1420 546 1788 614 Cunegundis

97 636 398 687 mausolaso
476 639 1003 703 repraesentaretur.
1084 636 1226 687 (Ian.
1322 636 1407 695 34,
1477 634 1786 687 recitantur

97 747 119 767 ιτ
148 724 375 793 publica
426 748 454 771 ››
492 723 771 776 nonnulla
801 742 825 772 α
859 722 1084 793 pietatis
1127 727 1186 775 et
1218 722 1511 790 religionis
1573 738 1786 775 monu-

95 818 277 864 menta
303 812 513 881 posita,
548 812 772 881 aliaque
806 811 898 881 pia
946 826 1119 880 opera
1152 810 1220 863 ab
1253 810 1493 864 Henrico
1526 816 1681 879 gesta
1709 826 1721 873 ;
1758 829 1784 859 ι)

92 917 213 970 quas
249 900 468 953 omnia.
502 899 589 953 uti
622 918 648 949 α
672 904 728 953 et
756 899 996 953 illustria
1030 899 1302 951 miracula
1337 904 1459 967 post
1486 901 1726 950 mortem
1763 922 1778 943 υ

91 1008 119 1041 a
150 989 402 1043 Sanctou
437 993 676 1057 patrata.
716 1010 736 1034 ο
767 988 1023 1057 ejusdem
1054 990 1219 1041 factas
1257 1010 1276 1034 α
1314 986 1721 1056 apparitiones,
1758 1006 1783 1035 ι)

90 1076 540 1130 canonizationis
572 1076 822 1147 diploma
877 1075 947 1129 ab
982 1076 1231 1141 Eugenio
1287 1078 1389 1129 Pl‘.
1441 1076 1531 1128 ΙΙΙ.
1569 1091 1787 1127 conces-

90 1180 234 1231 sum,
281 1171 607 1234 czeteraque
680 1163 860 1216 tribus
920 1164 1133 1216 ultimis
1195 1163 1476 1232 capitibus
1528 1164 1783 1223 collecta,

91 1254 255 1322 paulo
286 1251 521 1306 uberius
553 1268 585 1304 a
638 1252 800 1304 nobis
860 1251 1105 1322 propriis
1157 1254 1271 1303 suis
1328 1250 1462 1304 locis
1515 1252 1690 1303 relata
1733 1254 1787 1303 et

87 1341 369 1409 explicata
398 1344 547 1393 sunt.
584 1345 767 1409 Atque
819 1340 936 1393 haec
994 1340 1062 1393 de
1095 1340 1252 1393 Illch
1270 1339 1375 1393 feri
1437 1355 1607 1408 opere
1638 1338 1787 1392 dicta

88 1428 391 1492 sulﬁciant,
428 1446 531 1481 nos
566 1444 829 1481 exorsum
886 1429 1309 1498 deductumque
1354 1428 1571 1497 pridem
1610 1428 1782 1482 Com-

88 1517 355 1570 mentarii
389 1516 564 1570 nostri
585 1517 741 1570 tilum
775 1517 1146 1587 sequentibus
1174 1516 1546 1586 paragraphis
1585 1514 1784 1569 ordine

86 1605 505 1672 exhibebimus,
524 1605 621 1659 ubi
641 1622 706 1658 ea
726 1606 1177 1676 priemiserimus
1200 1622 1329 1676 qua:
1349 1606 1418 1658 ad
1433 1604 1784 1674 praecipuam

84 1695 274 1749 Sancti
332 1695 648 1748 laureolam
726 1694 1127 1749 vindicandam
1207 1694 1381 1764 paulo
1465 1693 1859 1784 accuratiusB

86 1783 404 1837 examinari
435 1788 491 1837 et
518 1782 815 1837 nervosius
854 1782 1184 1836 conﬁrmari
1224 1787 1536 1835 merentur.

89 1891 111 1959 ξ
138 1890 372 1968 νιΙῐ.,5.
410 1888 786 1968 Henrici‘eum
814 1894 1017 1968 sancta-
1048 1890 1259 1968 virgine
1285 1886 1625 1968 Cuneyunde,
1676 1900 1789 1937 ser-

566 1964 698 2014 vata
720 1962 775 2013 in
803 1961 1048 2026 coniugio
1067 1959 1412 2013 castimonia.

154 2053 248 2103 75.
290 2050 653 2117 Quamquam
679 2046 941 2115 superius
964 2047 1199 2100 dixerim
1225 2046 1535 2099 multaesse
1567 2059 1695 2113 quas
1728 2041 1789 2095 in

87 2141 386 2207 Anonymo
420 2156 445 2185 (ι
481 2136 619 2189 Vitae
657 2135 718 2190 S.
755 2134 979 2189 Henrici
1039 2155 1059 2182 ι
1092 2133 1364 2203 scriptore
1406 2148 1520 2185 non
1554 2130 1789 2183 omnino

87 2225 451 2279 admittenda
485 2240 767 2285 censeam,
785 2223 926 2276 illud
948 2227 1097 2275 certe
1120 2220 1412 2291 suggillari
1437 2235 1553 2273 non
1583 2218 1790 2289 patior,

87 2314 235 2385 quod
269 2314 443 2367 habet
475 2329 597 2381 cap.
647 2315 705 2366 2|
746 2316 802 2365 et
831 2314 916 2377 27,
982 2311 1131 2364 unde
1184 2309 1473 2380 praecipua
1504 2306 1789 2361 sanctissi-

90 2402 192 2455 mis
218 2400 566 2470 conjugibus
589 2418 615 2452 σι
650 2400 891 2454 Henrico
922 2403 977 2453 et
1006 2398 1366 2467 Cuneguudi,
1397 2398 1624 2467 njeaque
1655 2410 1790 2447 con-

89 2488 439 2543 stantissima
469 2488 577 2542 fuit
602 2505 633 2541 a
663 2492 745 2541 tot
768 2487 988 2541 sasculis
1035 2487 1235 2557 gloria,
1270 2485 1425 2556 quod
1478 2485 1791 2537 intemera-

88 2582 194 2631 tam
230 2576 638 2642 illibatamque
682 2575 1070 2645 virginitatem
1102 2575 1341 2628 tumulis
1363 2573 1532 2628 ambo
1564 2577 1619 2625 et
1650 2570 1790 2624 coelo

90 2667 408 2720 intulerint.
452 2665 671 2720 Priscas
711 2664 927 2718 naenias
958 2667 1013 2718 et
1044 2669 1258 2718 veteres
1301 2663 1777 2718 heterodoxorum

86 2762 307 2826 satyras
339 2755 611 2808 adversus
667 2751 1036 2807 continentia:
1068 2752 1409 2806 miraculum
1442 2767 1663 2820 sparsas
1697 2748 1787 2801 hic

86 2860 185 2897 nec
216 2843 592 2914 appellandas
622 2858 727 2896 nec
748 2840 1075 2895 refutandas
1119 2842 1401 2911 suscipio;
1436 2857 1551 2893 non
1581 2838 1792 2891 calum-

86 2932 189 2984 niis
220 2936 324 2985 aut
351 2929 603 2985 dicteriis
654 2928 746 2983 sed
797 2928 1151 2998 argumentis
1201 2930 1537 2982 certandum
1559 2932 1660 2990 est,
1694 2941 1787 2978 re-

1897 552 1981 601 est
2010 547 2069 601 in
2103 546 2423 618 proverbio,
2481 547 2652 601 labris
2697 547 3091 616 degustarunt.
3126 550 3197 601 At
3223 548 3375 601 enim
3408 548 3476 601 de
3524 564 3591 600 ea

1898 653 1956 689 re
1988 640 2134 689 tacet
2160 636 2646 706 Chronographns
2677 635 2844 699 Saxo,
2903 639 3089 689 tacent
3118 638 3362 690 Annales
3396 636 3588 690 Hilde-

1898 740 2199 778 semenses.
2238 723 2478 793 Utique:
2523 724 2618 777 sed
2676 724 3017 792 scriptorum
3049 723 3290 777 istorum
3324 724 3591 777 aliorum-

1898 828 2008 881 que
2040 812 2231 865 saeculi
2285 828 2357 864 xu
2407 812 2636 864 silentio
2696 812 3010 882 opponitur
3060 812 3303 882 positiva
3353 814 3590 865 assertio

1896 900 2151 969 ejusdem
2183 900 2377 953 saeculi
2406 900 2718 969 scriptoris,
2754 916 2959 969 nempe
2996 900 3235 955 Gotfridi
3280 900 3591 954 Viterbien-

1896 987 1987 1055 sis,
2023 988 2172 1056 apud
2206 987 2535 1051 Pistorium,
2584 992 2743 1041 tomo
2793 989 2861 1055 lI,
2895 989 3006 1041 col.
3051 990 3175 1055 481,
3208 988 3369 1058 cujus
3399 1003 3592 1042 versus

1897 1076 1966 1130 ad
1997 1076 2205 1129 calcem
2242 1082 2514 1129 tractatus
2544 1076 2715 1143 hujus
2736 1076 3007 1129 invenies.
3044 1077 3365 1146 Opponitur
3398 1077 3591 1147 positi-

1897 1164 2125 1218 vissima
2157 1164 2413 1231 ejusdem
2475 1164 2751 1233 temporis
2808 1164 3109 1217 declaratio
3161 1164 3475 1230 Pontiﬁcia,
3532 1164 3591 1218 in

1897 1253 2073 1305 relata
2098 1268 2281 1322 nuper
2318 1251 2761 1305 canonizationis
2818 1252 2973 1305 bulla
3014 1252 3294 1321 expressis
3335 1252 3593 1306 terminis

1896 1345 2113 1407 testata,
2147 1360 2173 1391 (ι
2207 1340 2266 1393 in
2295 1344 2418 1393 toro
2467 1339 2639 1392 etiam
2695 1339 2954 1407 legitimo
2998 1340 3247 1409 positum
3303 1342 3356 1394 ὃ.
3391 1341 3589 1394 Hem-i-

1896 1446 2024 1483 cnm
2059 1428 2445 1499 integritatem
2502 1427 2856 1481 castimoniae
2912 1444 3095 1497 usque
3133 1428 3198 1481 ad
3259 1429 3429 1482 linem
3466 1429 3590 1481 vitae

1895 1533 2292 1571 conservasse:
2328 1538 2355 1565 ››
2417 1516 2568 1586 quod
2596 1521 2746 1570 certe
2780 1515 3014 1569 minime
3054 1516 3394 1570 declarasset
3442 1518 3590 1570 Pon—

1897 1605 2054 1670 tifex,
2083 1605 2191 1659 nisi
2245 1604 2297 1658 id
2332 1622 2364 1657 a
2417 1604 2930 1674 liambergensibus
2975 1604 3229 1673 legitime
3288 1606 3590 1675 probatum

1900 1694 2222 1764 accepisset.
2284 1692 2435 1747 Nihil
2486 1693 2662 1763 igitur
2693 1693 2889 1746 obesse
2944 1698 3132 1763 potest
3169 1693 3592 1763 chronographi

1841 1781 1855 1839 ξ
1899 1782 2062 1836 istius
2121 1787 2177 1835 et
2207 1781 2405 1835 decem
2441 1781 2499 1835 id
2555 1797 2735 1851 genus
2787 1781 3032 1834 aliorum
3091 1782 3407 1845 silentium,
3456 1781 3591 1835 dum

1898 1871 2047 1925 istud
2086 1870 2378 1924 vetustiori
2407 1874 2463 1923 et
2492 1869 2808 1940 probatiori
2829 1870 3140 1923 assertione
3171 1871 3421 1925 eliditur.

1965 1963 2055 2012 77.
2092 1958 2149 2012 Si
2184 1957 2481 2012 Pontificio
2504 1957 2807 2028 diplomati
2845 1958 3035 2011 minus
3092 1959 3228 2012 ﬁdat
3259 1958 3591 2026 Leibnitius,

1899 2048 2108 2113 habeo,
2140 2047 2293 2117 quod
2323 2062 2584 2100 recusare
2635 2063 2750 2100 non
2781 2046 2978 2116 possit,
3039 2046 3245 2100 Leonis
3279 2047 3592 2109 Marsicani,

1898 2135 2039 2190 alias
2068 2134 2385 2189 Cardinalis
2439 2134 2691 2205 episcopi
2723 2134 3017 2195 Ostiensis,
3064 2135 3125 2188 in
3184 2135 3464 2189 Chronico
3488 2136 3593 2189 Ca-

1898 2223 2112 2277 sinensi
2150 2223 2427 2278 disertum
2456 2222 2872 2288 testimonium,
2904 2222 3075 2276 citato
3106 2222 3414 2292 diplomate
3449 2223 3593 2277 mul-

1899 2317 1953 2366 to
1981 2310 2291 2382 antiquius,
2325 2311 2442 2364 imo
2491 2310 2671 2363 sancti
2706 2310 2885 2380 ipsius
2945 2311 3168 2364 Henrici
3219 2310 3371 2364 aetati
3405 2311 3593 2381 proxi-

1899 2417 2077 2467 mum,
2113 2406 2175 2454 ut
2206 2406 2335 2471 pote
2380 2399 2672 2469 scriptoris
2700 2398 2886 2452 saeculi
2930 2416 3006 2463 xi,
3033 2398 3151 2468 qui,
3187 2402 3325 2452 teste
3380 2400 3596 2466 Angelo

1898 2491 1966 2543 de
1991 2491 2159 2553 Nuce,
2186 2488 2491 2542 novissimo
2537 2486 2799 2542 Chronici
2856 2487 3088 2554 editore,
3124 2505 3149 2537 ι(
3212 2502 3332 2541 rem
3365 2503 3529 2539 orsus
3564 2504 3593 2539 a

1897 2578 2123 2633 condito
2216 2576 2583 2641 monasterio,
2649 2592 2777 2629 eam
2840 2576 3095 2645 adusque
3171 2576 3311 2629 illud
3370 2579 3598 2644 tempus

1899 2665 2183 2733 perduxit,
2216 2681 2330 2735 quo
2355 2665 2678 2719 dedicatum
2709 2664 3232 2734 inauguratumqne
3263 2664 3333 2715 ab
3353 2663 3594 2716 Alexan-

1897 2752 1998 2805 dro
2032 2753 2078 2805 ll
2107 2752 2388 2821 templum
2420 2751 2529 2805 fuit
2563 2767 2574 2803 :
2617 2771 2637 2797 ο
2670 2750 2728 2803 id
2788 2750 2943 2819 quod
2975 2765 3127 2801 anno
3164 2752 3286 2804 107i
3328 2748 3595 2802 accidisse

1900 2844 2178 2906 narrant;
2212 2845 2274 2893 ut
2322 2841 2489 2910 plane
2545 2838 2852 2909 perspicias
2914 2853 3087 2907 qnam
3132 2853 3335 2907 parum
3365 2854 3398 2889 a
3453 2838 3593 2891 San-

1898 2934 1988 2982 cto
2033 2928 2279 2983 abfuerit
2299 2929 2366 2993 is,
2390 2928 2477 2998 cuj
2489 2928 2898 2997 usloquentem
2920 2926 3315 2979 auctoritatem
3337 2923 3593 2979 omnium

82 3020 370 3073 eentiores
400 3016 722 3088 aggredior.
764 3017 899 3071 Eam
931 3015 1179 3070 historia:
1230 3022 1449 3087 partem
1500 3012 1787 3068 immerito
1823 3008 1863 3061 Ο
1906 3017 2068 3070 istius
2098 3033 2162 3070 ac
2221 3015 2485 3087 sequenti
2531 3015 2723 3069 saeculi
2781 3014 3125 3084 scriptorum
3166 3013 3393 3066 silentio
3428 3015 3593 3083 longe

84 3106 371 3162 vellicavit
408 3104 740 3164 Leibnitius,
782 3104 1223 3157 Introductionis
1253 3121 1368 3158 suae
1429 3105 1499 3158 ad
1530 3102 1784 3171 Scripto-

84 3213 167 3249 res
199 3195 664 3251 Brunswieenses
697 3196 723 3258 ἒ
755 3195 839 3257 30,
896 3192 982 3246 his
1016 3192 1199 3245 verbis
1235 3210 1246 3246 :
1304 3212 1330 3243 ι(
1392 3193 1657 3261 Magnum
1700 3194 1785 3247 vi-

84 3300 210 3338 rum
239 3283 416 3338 fuisse
448 3282 526 3348 (S.
572 3280 900 3349 llenricum)
957 3286 1015 3333 et
1042 3282 1314 3351 probum,
1373 3281 1634 3335 dubitare
1684 3300 1788 3335 nos

84 3377 243 3443 gesta
271 3386 392 3425 non
421 3369 638 3435 sinunt,
673 3367 1059 3438 virginitatem
1092 3368 1473 3422 voluntariam
1502 3368 1561 3422 in
1586 3371 1787 3424 matri-

87 3460 285 3515 monio
314 3474 448 3513 cum
478 3457 826 3526 Cunegunde
871 3457 1117 3527 conjuge
1176 3457 1416 3511 coluisse
1447 3457 1788 3527 posteriores

83 3549 465 3614 tradiderunt,
493 3545 765 3601 coastanei
813 3562 915 3599 nec
950 3546 1252 3599 minimum
1305 3545 1474 3614 hujus
1505 3546 1790 3615 opinionis

85 3636 392 3708 vestigium
426 3634 717 3701 exhibent,
758 3638 822 3687 ut
871 3634 1014 3687 adeo
1044 3650 1392 3705 magnopere
1447 3634 1500 3688 ei
1527 3634 1630 3689 ﬁdi
1673 3652 1787 3689 non

85 3726 287 3795 possit.
322 3746 350 3775 οι
387 3724 601 3778 Laudat
636 3721 979 3776 Leibnitium
1020 3722 1278 3776 Struvius
1332 3722 1499 3792 eique
1542 3722 1788 3776 subscri-

86 3815 183 3879 bit,
215 3830 354 3885 pag.
392 3817 532 3877 388;
572 3816 880 3880 utrumque
915 3810 1211 3864 convenio.
1246 3812 1310 3864 Et
1337 3810 1566 3880 quidem
1598 3810 1788 3863 mani—

87 3904 222 3956 feste
253 3901 442 3972 liquet
475 3916 597 3953 rem
626 3899 783 3951 illam
836 3897 972 3951 satis
1030 3898 1415 3968 perfunctorie
1447 3916 1478 3951 τι
1514 3897 1789 3952 Leibnitio

86 3992 419 4055 delibatam,
480 3987 665 4058 nthui
696 3988 751 4039 S.
796 3985 1017 4040 Henrici
1057 3985 1547 4039 canonizationem
1597 4001 1790 4053 perpe-

88 4096 204 4133 ram
236 4076 796 4132 tribuitlnnocentio
839 4076 932 4140 lll,
984 4080 1048 4128 ut
1100 4074 1248 4128 forte
1306 4090 1373 4127 ea
1403 4074 1623 4127 ratione
1654 4089 1790 4143 pon-

88 4166 335 4223 tiﬁcium
396 4165 466 4219 de
512 4169 735 4217 servata
781 4162 1107 4233 virginitate
1166 4162 1555 4215 testimonium
1588 4162 1658 4214 ad
1692 4178 1791 4215 sas-

86 4256 282 4310 cnlum
342 4269 439 4307 xm
496 4256 803 4319 removeat,
848 4267 1045 4305 verum
1098 4251 1221 4320 jam
1283 4266 1455 4320 supra
1501 4255 1859 4337 ostensum”

87 4350 190 4410 est,
223 4343 366 4399 totis
395 4342 515 4397 fere
544 4341 841 4411 sexaginta
885 4339 1052 4394 annis
1101 4338 1289 4405 citius,
1335 4338 1611 4393 nimirum
1642 4354 1790 4391 anno

92 4435 224 4488 1145
246 4431 507 4486 ccelitum
554 4430 798 4484 honores
827 4432 1197 4483 consecutum
1238 4432 1496 4481 sanctum
1538 4429 1789 4498 Impera-

88 4528 291 4575 torem.

158 4613 246 4663 76.
281 4611 353 4662 At
383 4628 413 4657 α
444 4606 719 4661 coastanei
768 4622 871 4661 nec
925 4605 1229 4660 minimum
1284 4606 1455 4676 hujus
1504 4604 1791 4675 opinionis

90 4695 398 4766 vestigium
442 4694 728 4749 exhibent.
786 4713 812 4746 ι
868 4694 1095 4759 Quaero,
1162 4709 1305 4764 quos
1354 4698 1672 4747 coeetaneos
1702 4692 1792 4746 hic

86 4786 380 4857 appellare
413 4783 593 4854 possit
625 4782 934 4837 Leibnitius
960 4784 990 4836 ?
1035 4781 1411 4836 Adelboldum
1468 4782 1611 4835 forte
1637 4782 1663 4833 Υ
1696 4784 1792 4835 Ast

90 4876 251 4928 istius
283 4872 677 4943 operissolum
707 4872 1091 4942 fragmentum
1116 4874 1392 4941 superest.
1433 4869 1792 4924 Ditmarum?

87 4963 259 5016 Scivit
286 4962 376 5015 vir
420 4959 839 5015 eruditissimus
888 4959 1023 5013 totis
1052 4975 1145 5012 sex
1179 4959 1344 5013 annis
1377 4959 1617 5013 Henrico
1650 4974 1792 5028 pras-

92 5057 388 5105 mortuum
446 5065 591 5116 esse,
652 5064 838 5120 neque
889 5048 1032 5102 adeo
1109 5063 1253 5113 rem,
1306 5047 1496 5118 quoad
1552 5048 1791 5102 Sanctus

92 5139 248 5205 vixit,
271 5138 620 5209 ignoratam,
649 5137 710 5189 in
741 5136 862 5205 ejus
892 5137 1157 5191 notitiam
1186 5136 1483 5207 pervenire
1516 5136 1789 5207 potuisse,

95 5244 263 5299 quam
295 5227 402 5281 sub
435 5231 757 5280 extremum
789 5225 917 5279 vita:
965 5225 1273 5280 articulum
1306 5224 1558 5294 primum
1584 5224 1794 5293 patefe-

94 5317 192 5372 cit.
228 5316 387 5371 Alios
418 5319 739 5368 comtaneos
767 5314 1071 5385 scriptores
1123 5328 1242 5368 non
1294 5312 1459 5367 facile
1511 5312 1639 5383 quis
1660 5328 1791 5382 pro-

98 5404 352 5460 duxerit.
382 5404 438 5458 Si
455 5404 524 5457 ad
557 5401 818 5474 proxime
850 5408 1152 5474 sequentes
1194 5401 1665 5471 chronographos
1696 5401 1793 5455 Ot-

100 5502 314 5560 tonem,
359 5496 777 5557 Hermannum,
826 5492 1081 5562 aliosque
1138 5491 1273 5546 alibi
1314 5490 1639 5544 nominatos
1666 5505 1796 5561 pro-

102 5588 274 5645 vocet,
310 5582 443 5636 facit
483 5582 690 5635 Sancto
746 5580 1038 5650 injuriam,
1102 5580 1253 5651 quod
1299 5579 1368 5633 iis
1425 5579 1648 5631 arbitris
1707 5596 1795 5631 res

1898 3105 2177 3176 potiorem
2229 3105 2640 3158 existimamus.
2701 3103 2847 3157 Audi
2895 3104 3095 3157 Leonis
3150 3102 3338 3168 verba,
3394 3102 3494 3157 lib.
3538 3120 3593 3167 ιι,

1898 3211 2001 3264 cap
2025 3195 2111 3248 46.
2142 3212 2160 3248 ηε
2193 3212 2221 3245 α
2273 3195 2456 3261 Super
2485 3196 2717 3246 cteteras
2767 3198 2960 3245 autem
3019 3190 3304 3245 bonitates
3334 3207 3433 3244 seu
3483 3191 3595 3244 vir-

1899 3287 2047 3336 tutes
2078 3299 2219 3353 quas
2249 3282 2401 3335 idem
2452 3281 2766 3350 imperator
2812 3280 3077 3334 habuisse
3114 3286 3378 3332 narratur
3408 3297 3439 3333 a
3468 3281 3594 3335 Deo.

1896 3372 2079 3426 fertur
2126 3370 2329 3424 vixisse
2390 3369 2759 3436 castissimus,
2797 3374 2875 3433 ut,
2926 3370 2995 3421 ad
3047 3367 3245 3421 mortis
3293 3367 3596 3420 articulum

1898 3460 2150 3525 veniens,
2182 3474 2374 3511 coram
2408 3457 2785 3527 praesentibus
2828 3456 3108 3525 episcopis
3166 3460 3337 3525 atque
3385 3454 3598 3507 abbati-

1898 3549 2004 3602 bus
2034 3547 2388 3602 Cunibundas
2434 3544 2852 3618 [Cunegundze]
2908 3542 3167 3612 conjugis
3202 3559 3319 3595 sua:
3360 3540 3596 3612 propin-

1898 3636 2047 3708 quis,
2072 3652 2252 3706 eaque
2317 3634 2428 3687 illis
2491 3632 2716 3697 tradita,
2783 3634 2963 3686 fertur
3008 3630 3235 3699 (dixisse
3289 3630 3595 3684 feraturﬂ

1898 3724 2149 3795 Recipite
2170 3739 2343 3794 quam
2393 3721 2537 3776 mihi
2581 3720 2887 3776 tradidistis
2939 3718 3220 3788 virginem
3275 3722 3538 3771 vestram.
3576 3742 3591 3761 η

1902 3815 2116 3869 Laudat
2146 3813 2265 3883 ipse
2315 3810 2626 3867 Leibnitius
2685 3814 2975 3863 auctorem
3007 3807 3147 3860 Vitae
3207 3806 3387 3860 sancti
3419 3805 3595 3859 Mein-

1899 3902 2083 3956 werci.
2119 3922 2144 3953 α
2180 3902 2304 3954 Vita
2331 3897 2669 3963 Meinwerci,
2704 3897 2912 3968 inquit,
2959 3896 3065 3949 etsi
3118 3895 3325 3949 szeculo
3365 3895 3597 3947 demum

1901 3994 2174 4060 sequente
2205 3990 2485 4057 (adeoque
2529 3988 2631 4057 xu)
2691 3987 2919 4056 scripta,
2975 3987 3155 4038 multa
3214 3989 3401 4037 tamen
3430 3982 3601 4036 habet

1903 4078 2062 4131 utilia
2089 4078 2160 4130 ad
2218 4094 2306 4130 res
2360 4077 2634 4146 Episcopo
2690 4080 3221 4144 contemporaneas,
3282 4073 3596 4127 Caesarum—

1901 4182 2012 4236 que
2042 4172 2099 4219 et
2126 4165 2451 4235 principum
2483 4169 2607 4218 acta
2645 4164 3058 4231 cognoscenda,
3116 4177 3245 4214 cum
3292 4177 3394 4214 nec
3426 4175 3596 4230 syno-

1902 4257 2005 4310 dos
2034 4258 2339 4325 prmtereat
2375 4253 2629 4322 aliasque
2669 4270 2758 4305 res
2790 4251 3175 4305 ecclesiarum.
3216 4272 3241 4298 υ

1973 4347 2059 4398 78.
2095 4342 2154 4397 Si
2186 4343 2243 4396 in
2271 4342 2339 4394 iis
2366 4341 2634 4394 omnibus
2690 4340 2862 4393 ﬁdem
2897 4343 3149 4392 meretur
3181 4337 3421 4405 scriptor
3468 4335 3593 4388 dili-

1902 4430 2290 4501 gentissimus,
2323 4434 2451 4500 qua:
2486 4430 2557 4482 ad
2584 4450 2606 4476 ι
2660 4430 2947 4482 Caesarum
3005 4432 3062 4481 et
3122 4426 3444 4496 principum
3477 4427 3599 4477 acta

1901 4518 2291 4590 cognoscenda
2327 4541 2346 4565 ο
2385 4517 2694 4587 pertinent,
2755 4531 2869 4568 non
2933 4514 3139 4584 opinor
3176 4530 3240 4566 ea
3272 4518 3431 4581 parte
3464 4511 3595 4581 reji-

1900 4607 2186 4673 ciendum,
2220 4606 2371 4676 quod
2409 4605 2479 4658 de
2534 4602 2851 4658 castissimo
2885 4607 3212 4656 sanctorum
3270 4600 3493 4655 Henrici
3545 4604 3600 4651 et

1901 4694 2265 4765 Cunegundis
2319 4692 2588 4763 conjugio
2641 4690 3055 4746 dissertissimis
3112 4689 3297 4743 verbis
3349 4688 3602 4742 testimo-

1902 4784 2063 4837 nium
2084 4782 2251 4847 dicat,
2284 4782 2454 4835 rebus
2514 4780 2637 4835 istis
2668 4780 2956 4845 omnibus,
2991 4797 3024 4833 a
3050 4795 3108 4832 se
3139 4777 3403 4845 narratis,
3438 4793 3599 4848 mque

1900 4871 2279 4943 propinquus.
2316 4871 2393 4924 En
2426 4869 2604 4940 igitur
2632 4868 3013 4923 clarissimum
3055 4865 3345 4937 opinionis
3374 4881 3407 4918 a
3440 4865 3597 4919 Leib-

1900 4960 2044 5015 nitio
2071 4958 2389 5029 repudiata:
2422 4975 2536 5012 non
2572 4982 2592 5006 α
2624 4956 2927 5026 vestigium
2966 4980 2983 5002 ο
3018 4956 3226 5018 solum,
3258 4954 3354 5009 sed
3387 4969 3597 5007 novum

1899 5049 2291 5103 testimonium
2324 5046 2568 5101 ﬁdeliter
2608 5066 2631 5096 α
2692 5044 3026 5099 exhibitum.
3068 5066 3087 5092 ι
3145 5044 3235 5098 Sic
3258 5041 3512 5113 loquitur
3540 5040 3596 5094 in

1900 5143 2095 5191 nostra
2123 5136 2393 5201 editione,
2418 5152 2540 5204 cap.
2574 5138 2629 5198 ‘2,
2687 5150 2846 5187 num.
2881 5136 2932 5197 9,
2966 5133 3118 5201 apud
3152 5132 3337 5201 ipsum
3374 5129 3597 5185 Leibni—

1899 5226 2043 5280 tium
2075 5240 2234 5278 num.
2272 5228 2355 5287 12,
2387 5239 2523 5293 pag.
2558 5226 2651 5277 52!
2690 5239 2702 5276 :
2734 5244 2754 5269 ι
2796 5222 3002 5276 Eodem
3050 5236 3201 5274 anno
3231 5220 3462 5289 (nempe
3496 5221 3600 5288 iui)

1900 5329 2050 5368 novo
2080 5328 2213 5383 rege
2250 5311 2603 5365 nativitatem
2661 5309 2948 5364 Laurentii
3006 5309 3063 5362 in
3112 5306 3334 5361 civitate
3366 5307 3599 5361 Pather-

1904 5401 2218 5458 brunnensi
2247 5401 2594 5465 celebrante,
2627 5399 2840 5453 domna
2871 5395 3267 5463 Chunigunda,
3304 5393 3504 5463 ipsius,
3542 5403 3605 5449 ut

1903 5489 2216 5561 putabatur
2249 5504 2407 5553 uxor,
2437 5504 2497 5543 re
2529 5492 2719 5541 autem
2749 5502 2883 5541 vera
2931 5484 3203 5539 castitatis
3231 5484 3600 5539 asmulatione

1906 5593 2083 5641 soror,
2118 5593 2152 5629 a
2204 5576 2478 5647 praedicto
2535 5574 2811 5644 Willigiso
2886 5571 3260 5645 Magontiensi
3321 5570 3599 5642 archiepi-
