3940 6328
319 329 378 380 51
1615 321 1669 376 8.
1717 317 2002 376 HENlthl
2041 317 2518 374 IMPERATORIS
3736 319 3800 371 5'2

321 464 510 519 scopo,
544 445 688 501 inibi
721 445 895 516 regite
937 444 1380 500 consecrationis
1441 444 1759 500 dominium
1787 443 2012 499 adinve-
2039 448 2086 500 A
2123 441 2338 497 bonum
2367 447 2425 496 et
2449 441 2794 514 simplicem,
2856 441 3051 498 omnia
3103 443 3363 516 conjugis
3417 443 3719 499 ambitiosas
3747 450 3804 499 et

320 536 425 592 nit.
463 555 490 587 ν
525 533 851 592 Clarissima
878 533 1022 600 haec,
1045 531 1155 587 nisi
1197 527 1564 590 vehementer
1590 533 1772 600 fallar,
1803 537 1859 588 et
1887 548 2020 604 per-

322 623 608 696 emptoria
637 629 789 688 sunt,
848 638 967 677 non
1021 639 1054 675 a
1090 646 1109 670 ι
1169 623 1584 692 posterioribus
1629 622 1857 688 tradita,
1893 641 1919 672 ››
1957 627 2020 675 ut

325 713 512 768 aiebat
546 711 876 778 Leibnitius,
917 711 1013 766 sed
1045 712 1463 782 abaequalibus
1494 715 1550 764 et
1593 710 2018 781 subaaqualibns

329 825 352 851 ι
389 801 644 857 exhibita
675 820 702 852 υ
753 805 1114 870 argumenta,
1169 801 1379 870 quibus
1423 817 1526 853 nec
1575 799 1759 854 hilum
1792 799 2020 853 ofﬁcere

327 894 518 962 posset
547 892 966 942 coaataneorum
1000 888 1069 957 (si
1094 888 1193 959 qui
1223 889 1370 942 forte
1401 889 1609 942 alicubi
1638 891 2023 959 superessent)

327 977 672 1047 scriptorum
715 976 1043 1042 silentium;
1098 983 1162 1030 ut
1209 977 1452 1046 proinde
1506 978 1715 1048 frigida
1763 977 2025 1032 Leibnitii

329 1065 559 1131 locutio,
599 1085 624 1111 σ
684 1064 1024 1134 posteriores
1089 1065 1472 1133 tradiderunt,
1498 1090 1525 1114 η
1569 1069 1733 1137 quasi
1770 1066 2027 1120 indicare

330 1154 488 1219 velit,
520 1151 824 1223 postremis
876 1152 1030 1205 hisce
1059 1152 1279 1206 saaculis
1336 1158 1528 1207 natam
1587 1153 1837 1223 primum
1873 1153 2028 1223 piam

330 1242 501 1295 istam
558 1240 971 1306 credulitatem,
1044 1241 1271 1294 abunde
1336 1245 1636 1295 enervetur
1686 1246 1741 1295 et
1799 1242 2028 1296 convel-

331 1329 502 1384 latur.

404 1419 494 1470 79.
546 1415 813 1470 Pluribus
861 1413 954 1468 hic
1017 1415 1378 1485 supersedeo,
1437 1433 1568 1470 cum
1614 1417 1736 1487 jam
1793 1417 2033 1488 allegata

336 1504 574 1560 omnino
633 1504 920 1557 sufﬁciant
965 1504 1034 1557 ad
1085 1505 1397 1558 refellenda
1468 1521 1597 1576 qua:
1651 1506 1872 1571 leviter,
1935 1510 2035 1560 aut

337 1593 639 1649 mitissime
669 1592 874 1657 dicam,
909 1591 977 1645 ab
1016 1591 1227 1646 illustri
1255 1593 1479 1646 erudito
1533 1594 1676 1659 viro,
1729 1593 2032 1665 nobisque,

337 1684 476 1738 dum
513 1682 746 1746 viveret,
807 1679 989 1734 amico
1043 1681 1264 1752 prolata
1320 1687 1471 1747 sunt,
1531 1683 1735 1737 melius
1800 1699 1867 1737 eo
1913 1684 2036 1736 loco

339 1770 775 1842 prastereunda;
808 1785 937 1840 qua:
968 1785 1101 1824 sane
1114 1770 1304 1824 omitti
1329 1771 1545 1841 absque
1567 1772 1835 1842 scrupulo
1869 1775 2039 1842 pote-

340 1864 492 1923 rant,
553 1863 617 1913 ut
672 1862 804 1927 pote
870 1857 1197 1926 importune
1246 1857 1468 1912 intrusa
1515 1859 1584 1913 ad
1643 1859 2039 1913 ostentandam

336 1947 762 2020 quodammodo
812 1946 1213 2012 eruditionem,
1255 1947 1718 2019 quandoquidem
1750 1948 1812 2002 in
1842 1964 1931 2012 eo,
1971 1948 2040 2001 de

342 2053 458 2107 quo
485 2035 567 2088 ibi
597 2035 808 2105 agitur,
838 2051 1033 2104 opere,
1083 2051 1290 2106 nempe
1341 2036 1638 2092 Adelboldi
1676 2036 1928 2107 episcopi
1955 2037 2040 2091 Ul-

341 2123 717 2193 trajectensis,
749 2139 918 2192 supra
951 2140 982 2176 a
1013 2123 1176 2177 nobis
1207 2123 1507 2194 descripto,
1567 2141 1672 2180 nec
1695 2125 1933 2179 verbum
1972 2125 2042 2178 de
2119 2149 2138 2162 ν

349 2235 368 2259 α
405 2210 734 2282 virginitate
791 2210 1117 2264 voluntaria
1148 2231 1175 2262 »
1227 2228 1258 2264 a
1295 2211 1348 2266 8.
1407 2213 1646 2267 Henrico
1673 2232 1702 2263 (ι
1754 2212 1815 2267 in
1845 2212 2044 2266 matri-

348 2299 542 2353 monio
573 2315 702 2352 cum
732 2299 1080 2367 Cunegunde
1133 2300 1378 2370 conjuge
1417 2300 1590 2366 culta,
1625 2321 1652 2351 »
1680 2316 1925 2371 usquam
1949 2315 2042 2352 re-

347 2387 624 2457 periatur.
660 2387 987 2457 Optandum
1018 2404 1153 2440 sane
1182 2393 1331 2442 esset
1359 2393 1424 2442 ut
1455 2404 1614 2442 sacra
1643 2389 1831 2443 omnis
1864 2389 2046 2441 eccle-

349 2475 572 2530 siastica
603 2474 840 2529 historia
869 2480 982 2528 tam
1026 2475 1208 2530 ﬁrmis
1265 2476 1653 2531 fundamentis
1701 2477 2051 2530 consolidata

354 2564 726 2631 stabiliretur,
757 2563 828 2617 ad
867 2563 1196 2618 odiosorum
1253 2565 1576 2618 criticorum
1607 2565 1877 2636 obloquia
1907 2581 2052 2636 pras-

351 2650 634 2704 cludenda
662 2655 717 2704 et
744 2650 972 2721 penitus
1019 2651 1448 2721 exstinguenda.
1498 2654 1621 2707 Jam
1654 2669 1688 2706 a
1716 2657 1876 2707 tanto
1905 2657 2050 2706 tem-

351 2755 492 2809 pore
529 2739 745 2809 experti
774 2743 908 2792 sunt
936 2739 1146 2793 eruditi
1191 2740 1508 2806 acatholici,
1539 2739 1600 2794 in
1628 2741 1736 2794 hoc
1765 2748 1962 2794 nostro
1981 2741 2052 2794 de

357 2827 508 2882 Actis
537 2829 874 2882 Sanctorum
906 2843 1079 2897 opere
1127 2828 1393 2881 veritates
1436 2827 1732 2882 historicas
1761 2834 1879 2882 tam
1901 2843 2055 2882 accu-

355 2932 481 2969 rare
540 2915 788 2970 discerni
836 2915 906 2968 ab
967 2915 1039 2968 iis
1091 2932 1219 2986 qua:
1261 2915 1370 2968 levi
1421 2917 1682 2986 populari
1728 2916 2050 2982 traditione,

357 3003 537 3057 nimia
567 3003 806 3056 subinde
836 3002 1107 3056 facilitate
1147 3003 1394 3058 admissa
1422 3009 1574 3070 sunt,
1606 3009 1668 3058 ut
1694 3011 1903 3058 nostra:
1935 3004 2051 3057 sin-
2084 3002 2124 3053 C

358 3090 576 3144 ceritati
609 3090 785 3144 ﬁdere
817 3096 939 3143 tuto
986 3090 1225 3160 possint,
1277 3107 1382 3144 nos
1433 3107 1550 3145 non
1602 3097 1817 3147 temere
1847 3092 2054 3146 admis-

360 3193 524 3232 suros
579 3193 708 3248 quae
772 3177 968 3231 solidis
1021 3177 1307 3232 historicis
1357 3179 1743 3234 fundamentis
1807 3181 2057 3236 stabilita

361 3282 478 3320 non
509 3267 639 3320 sint.
701 3267 922 3320 Maneat
969 3264 1147 3335 igitur
1199 3266 1258 3319 in
1313 3281 1417 3320 sua
1472 3267 1826 3337 possessione
1865 3275 2056 3322 sancta

362 3359 547 3406 mater
575 3354 862 3408 Catholica
891 3353 1157 3413 Ecclesia,
1189 3358 1244 3406 et
1301 3369 1495 3407 rarum
1546 3355 1914 3410 continentiae
1942 3356 2055 3409 vir-

325 3439 568 3510 ginalis
619 3446 704 3496 tot
754 3441 907 3495 inter
956 3442 1248 3495 illecebras
1303 3443 1653 3512 exemplum,
1711 3460 1810 3496 seu
1867 3445 2057 3514 potius

362 3529 567 3583 divina:
599 3529 799 3599 gratias
839 3530 1175 3584 miraculum
1217 3531 1385 3601 quale
1412 3531 1614 3585 eodem
1668 3534 1874 3586 saeculo
1904 3533 2060 3586 exhi-

361 3617 566 3671 buitin
586 3619 788 3688 Anglia
822 3619 878 3672 S.
909 3619 1222 3686 Eduardus,
1269 3619 1532 3673 ﬁdelibus
1581 3619 1697 3674 suis
1726 3620 1859 3675 ﬁliis
1906 3622 2058 3676 exal-

363 3709 485 3759 tare
515 3721 580 3757 ac
605 3706 915 3772 praedicare
946 3721 1060 3757 non
1083 3706 1320 3759 desinat.

460 3795 548 3847 80.
609 3793 705 3846 His
763 3792 841 3844 ita
896 3793 1166 3846 adversus
1231 3794 1682 3849 iilustrissimnm
1730 3801 1788 3850 et
1843 3797 2061 3851 clarissi

365 3896 548 3944 mum,
579 3881 861 3949 nobisque
913 3881 1418 3935 aestimatissimum
1472 3883 1654 3937 virum
1702 3885 1957 3938 modeste
1997 3903 2062 3938 ac

367 3969 488 4022 sine
527 3969 700 4022 ullius
729 3969 1041 4022 oti‘ensione
1075 3969 1365 4036 discussis,
1408 3973 1814 4042 probatisque;
1843 3973 2062 4044 ignosci

367 4057 511 4111 mihi
576 4060 821 4127 postulo,
879 4057 925 4110 si
979 4058 1103 4126 pari
1163 4059 1553 4112 moderatione
1613 4077 1729 4113 non
1779 4061 2062 4130 excipiam

372 4168 392 4194 ι
422 4146 559 4214 otia,
585 4167 613 4194 »
649 4145 858 4199 rectius
913 4145 1140 4207 dixeris,
1193 4147 1434 4200 sommia
1463 4170 1485 4196 «ι
1551 4149 1997 4218 Gundlingiana,
2034 4170 2060 4199 »

367 4249 498 4304 quas
518 4233 844 4304 germanice
891 4249 1132 4303 procusa
1171 4234 1342 4287 audio
1384 4251 1534 4288 anno
1593 4240 1749 4303 1706,
1781 4253 2056 4307 quorum-
2091 4270 2131 4322 Ι)

369 4339 480 4393 que
511 4322 940 4394 compendium,
985 4323 1056 4377 ab
1109 4323 1293 4377 aulico
1348 4331 1666 4393 acceptum,
1702 4342 1814 4379 non
1846 4327 2060 4397 absque

369 4413 662 4466 stomacho
702 4413 891 4482 legere
943 4412 1128 4482 potui,
1175 4417 1386 4466 tantam
1438 4413 1902 4467 inverecundiam
1934 4432 2066 4468 exe-

371 4505 576 4566 cratus,
647 4500 1018 4570 miratusque,
1069 4501 1126 4554 in
1185 4501 1306 4570 ipsa
1373 4501 1616 4555 Saxonia
1659 4519 1693 4555 a
1745 4504 2066 4572 professore

371 4589 612 4655 Saxone,
645 4588 714 4642 de
755 4587 1157 4656 augustissimo
1210 4590 1486 4644 Saxonico
1545 4590 1821 4661 principe,
1869 4601 2069 4647 contra

373 4677 789 4746 apertissimam
819 4678 992 4731 tidem
1048 4678 1400 4741 historicam,
1447 4681 1926 4734 constantissimis
1983 4687 2068 4735 tot

374 4767 715 4820 saeculorum
761 4766 1106 4820 testimoniis
1183 4766 1486 4832 ﬁrmatam,
1546 4773 1662 4822 tam
1728 4769 2068 4824 immodesta

375 4857 684 4907 scommata
755 4853 912 4922 vulgi
965 4853 1144 4908 oculis
1203 4854 1398 4924 lingua
1468 4857 1772 4910 vernacula
1816 4859 2070 4928 exposita

375 4942 568 5011 fuisse,
604 4959 733 5013 quae
782 4945 886 5017 vel
921 4943 1080 5014 ipsis,
1133 4946 1332 4998 saltem
1387 4947 1651 5014 cordatis,
1710 4948 2066 5016 Lutheranis,

376 5047 543 5087 exosa
589 5032 952 5098 crediderim,
996 5038 1187 5104 utpote
1219 5034 1417 5104 putida
1469 5034 1766 5106 ﬁgmenta,
1811 5051 1926 5090 non
1959 5037 2070 5092 nisi

376 5122 627 5176 Vulcano
666 5120 858 5190 digna.
894 5122 1078 5176 Audet
1102 5121 1208 5187 vir,
1244 5127 1307 5175 ut
1347 5123 1540 5186 audio,
1575 5139 1689 5176 non
1741 5123 2068 5178 illitteratus

377 5231 405 5258 α
441 5209 558 5264 otio
591 5229 620 5259 ι
650 5225 752 5264 suo
773 5209 950 5274 abuti,
1010 5215 1075 5264 ut
1105 5210 1164 5264 in
1213 5212 1466 5265 caelestes
1511 5215 1817 5282 Augustos,
1850 5214 2067 5268 calamo

374 5315 490 5354 non
542 5299 676 5352 satis
718 5297 1012 5368 castigato,
1077 5299 1392 5353 calumnias
1441 5305 1686 5365 evomat,
1751 5315 2068 5372 eorumque

372 5387 750 5442 castissimum
781 5387 1138 5458 conjugium,
1180 5387 1398 5457 spurcis
1449 5388 1741 5442 nonnullis
1771 5390 2067 5444 sarcasmis

370 5477 767 5542 commaculet,
834 5476 1253 5531 sanctissimum
1283 5478 1690 5546 Imperatorem
1744 5477 2068 5531 describens

372 5585 398 5613 «
435 5569 498 5618 ut
527 5564 820 5618 hominem
848 5565 1200 5635 morbidum,
1242 5567 1636 5637 impotentem,
1693 5569 1823 5631 etc.,
1875 5566 2062 5619 virum

2124 530 2343 584 callida:
2400 530 2664 600 precibus
2719 531 2998 602 probrosa
3050 528 3331 588 facilitate
3390 533 3803 590 conce’dentem.

2125 619 2386 674 Sanctam
2416 635 2549 672 vero
2586 620 2997 690 Cunegundem
3041 622 3212 674 variis
3269 622 3537 675 conviciis
3565 623 3803 692 proscin-

2127 707 2232 776 dit,
2265 713 2322 761 et
2377 707 2512 760 satis
2573 713 2767 776 aperte
2816 709 3132 762 adulteram
3192 711 3480 780 proponit,
3514 709 3813 766 damnabili

2129 796 2511 867 quorumdam
2574 813 2975 866 ephcupnrum
3034 798 3443 863 familiaritate,
3495 799 3716 853 absente
3755 798 3814 851 in

2131 883 2588 954 expeditionibus
2617 882 2832 936 bellicis
2863 883 3092 948 marito,
3127 900 3307 950 usam,
3347 906 3368 932 ι
3401 890 3506 937 etc.

2204 1019 2292 1070 81.
2342 1016 2561 1082 Mirare,
2621 1015 2876 1083 obsecro,
2917 1036 2944 1066 α
3003 1015 3118 1070 otia
3175 1015 3612 1088 Cundlingiana,
3644 1038 3665 1061 ››
3707 1013 3821 1068 otia

2136 1121 2311 1170 mera,
2340 1104 2498 1174 jocos
2524 1103 2808 1172 scurriles,
2853 1104 3030 1158 aniles
3056 1110 3292 1175 satyras,
3355 1122 3619 1158 vocemus
3651 1119 3822 1172 nugas

2137 1200 2192 1247 et
2218 1209 2412 1262 gerras
2441 1193 2645 1247 Siculis
2690 1192 3018 1260 inaniores;
3053 1196 3251 1265 quales
3301 1201 3450 1248 certe
3502 1193 3825 1247 fatebuntur

2137 1279 2346 1333 eruditi
2376 1295 2594 1345 omnes,
2628 1281 2837 1351 quibus
2867 1282 2988 1335 haec
3021 1281 3337 1345 scribimus,
3372 1281 3545 1336 etiam
3596 1281 3824 1334 acatboo

2140 1367 2254 1434 lici,
2287 1368 2439 1437 apud
2487 1385 2631 1438 quos
2670 1368 2727 1422 id
2777 1386 2960 1439 genus
3013 1370 3406 1423 cantiunculas
3466 1369 3827 1422 commisera-

2141 1455 2294 1508 tione
2325 1455 2514 1524 potius
2545 1471 2718 1526 quam
2741 1456 2946 1526 plausu
2994 1456 3167 1526 digna
3225 1457 3637 1522 existimamus,
3669 1471 3828 1526 aeque

2143 1559 2206 1597 ac
2237 1543 2602 1596 novissimam
2637 1544 2870 1596 alterius
2905 1544 3210 1598 Lutherani
3241 1545 3446 1599 thesim
3483 1545 3830 1608 historicam,

2144 1630 2259 1684 imo
2289 1630 2554 1684 fabellam
2603 1629 3037 1701 ineptissimam,
3096 1631 3392 1698 videlicet;
3430 1651 3458 1684 α
3490 1632 3834 1702 Conjugium

2067 1721 2108 1775 Β
2145 1720 2200 1775 8.
2236 1719 2461 1773 Henrici
2491 1721 2858 1790 Imperatoris
2913 1737 3041 1774 cum
3088 1726 3281 1774 sancta
3311 1722 3677 1792 Cunegund‘e,
3717 1737 3838 1775 non

2145 1807 2304 1860 omni
2328 1812 2590 1878 tempore
2629 1809 2803 1862 fuisse
2835 1808 3173 1878 virgineum.
3209 1830 3234 1860 ιι
3269 1809 3415 1873 Quid
3445 1817 3530 1863 est
3575 1809 3836 1874 delirare,

2146 1897 2193 1948 si
2224 1897 2330 1950 hoc
2357 1912 2472 1949 non
2505 1901 2588 1950 est
2617 1899 2644 1950 ?
2672 1901 2789 1963 Ast,
2821 1897 3008 1967 inquit
3028 1898 3144 1962 ille,
3170 1897 3512 1952 documenta
3543 1897 3838 1968 reperiun-

2149 1989 2262 2049 tur,
2287 2000 2350 2036 ex
2383 1985 2593 2054 quibus
2651 1990 2891 2051 constet,
2948 1986 3206 2055 publicas
3253 2002 3448 2056 preces
3504 1985 3738 2039 indictas
3768 1985 3843 2038 ad

2147 2071 2569 2141 impetrandam
2618 2077 2742 2125 toro
2799 2073 3134 2127 Henriciano
3189 2073 3640 2127 foecuuditatem.
3695 2072 3846 2135 Quid

2149 2164 2272 2212 tum
2303 2164 2496 2229 postea
2525 2160 2552 2212 ?
2572 2159 2734 2229 Quid,
2771 2161 2818 2212 si
2844 2160 2901 2213 id
2928 2161 3076 2214 ultro
3121 2161 3424 2214 admittant
3447 2161 3848 2230 fateanturque

2153 2247 2600 2317 Bambergenses
2629 2247 2657 2301 ?
2686 2249 2800 2302 Cur
2828 2248 2885 2302 id
2920 2249 3104 2319 magis
3130 2249 3193 2305 S.
3235 2249 3481 2316 Henrici,
3534 2266 3703 2320 quam
3730 2250 3846 2302 alio

2149 2340 2412 2406 tempore
2445 2337 2685 2390 vetitum
2714 2337 2742 2388 ?
2771 2343 2853 2392 An
2886 2338 3108 2408 uspiam
3144 2339 3283 2405 legit
3337 2339 3477 2408 ipse,
3507 2339 3854 2392 castissime-

2152 2440 2283 2478 rum
2338 2427 2651 2495 conjugum
2710 2426 3123 2480 continentiam
3175 2428 3346 2496 vulgo
3407 2433 3600 2480 notam
3652 2427 3852 2492 fuisse,

2155 2513 2302 2584 quod
2337 2519 2565 2567 sanctus
2588 2515 2707 2584 ipse
2743 2515 3029 2579 Henricus,
3073 2515 3193 2586 jam
3251 2515 3422 2569 morti
3454 2516 3768 2585 proximus,
3795 2516 3853 2570 id

2155 2603 2408 2672 primum
2436 2603 2720 2672 patefecit,
2756 2619 2988 2657 uxorem
3021 2604 3299 2674 virginem
3334 2605 3669 2676 propinquis
3701 2605 3862 2658 resti-

2157 2691 2372 2744 tuens?
2405 2693 2722 2761 lmpostura
2755 2691 2866 2745 alia
2908 2692 3078 2746 aliam
3135 2693 3314 2746 trudit
3343 2708 3355 2746 :
3386 2693 3536 2746 eruit
3559 2694 3653 2747 ille
3683 2693 3862 2746 nimi-

2158 2794 2290 2832 rum
2372 2779 2718 2833 documenta
2774 2780 3119 2846 anthentica,
3205 2781 3415 2850 quibus
3477 2781 3867 2835 demonstrari

2159 2866 2358 2937 possit,
2391 2883 2458 2920 ex
2503 2869 2592 2922 SS.
2637 2867 2876 2922 Henrico
2935 2873 2991 2922 et
3047 2869 3397 2938 Cunegunda
3458 2872 3632 2924 tiliam
3665 2876 3868 2925 natam

2161 2955 2356 3021 fuisse,
2394 2957 2614 3010 Novum
2660 2962 3010 3026 portentum,
3065 2958 3182 3011 imo
3248 2959 3502 3028 lepidum
3553 2959 3866 3027 ferculum,

2164 3060 2279 3097 non
2308 3043 2448 3097 mihi
2478 3045 2572 3097 sed
2607 3064 2632 3095 α
2663 3045 2846 3098 otioso
2879 3046 3244 3116 Gundlingio,
3293 3069 3313 3094 ι
3341 3045 3518 3116 probe
3549 3046 3874 3100 mastican—

2165 3132 2411 3197 dum,ut
2443 3132 2496 3186 id
2544 3129 2744 3186 saltem
2793 3149 2859 3187 ex
2917 3135 3238 3188 contribule
3288 3151 3389 3187 suo
3441 3135 3634 3198 discat,
3688 3135 3879 3205 impo-

2165 3225 2379 3275 tentem
2411 3237 2525 3274 non
2554 3221 2727 3276 fuisse
2784 3223 3208 3277 sanctissimum
3255 3224 3692 3293 Imperatorem,
3729 3241 3879 3295 qua-

2165 3311 2277 3364 lem
2311 3310 2433 3379 ipse
2462 3310 2776 3380 procaciter
2805 3311 3047 3382 efﬁngit.

2235 3446 2322 3498 82.
2360 3443 2572 3497 lliustri
2595 3443 2686 3496 isti
2707 3444 2767 3497 in
2821 3444 3017 3515 paucis
3065 3447 3301 3497 servata:
3356 3442 3416 3496 in
3447 3443 3720 3513 conjugio
3753 3443 3882 3498 vir-

2165 3531 2422 3602 ginitatis
2449 3533 2713 3602 prodigio
2734 3534 2904 3586 affine
2947 3539 3032 3586 est
3064 3532 3205 3586 illud
3234 3532 3388 3602 quod
3433 3532 3605 3587 habet
3631 3537 3881 3603 Anony-

2166 3637 2294 3675 mus
2333 3636 2456 3691 cap.
2485 3625 2544 3674 21
2579 3637 2592 3686 ;
2627 3621 2696 3675 de
2726 3621 2787 3678 S.
2853 3621 3077 3676 Henrici
3111 3621 3413 3691 zelotypia,
3455 3621 3814 3692 probataque
3848 3641 3885 3676 a

2168 3713 2361 3763 sancta
2414 3725 2593 3762 uxore
2650 3725 2752 3779 per
2831 3710 3136 3764 candentes
3199 3725 3456 3763 vomeres
3514 3709 3882 3774 innocentia,

2169 3797 2322 3867 quod
2353 3797 2475 3867 pari
2511 3798 2713 3862 ferme,
2749 3803 2809 3850 ut
2852 3797 3135 3868 superius,
3199 3803 3481 3867 prastenso
3526 3804 3885 3867 argumento

2169 3902 2203 3939 a
2234 3886 2528 3940 malevolis
2553 3885 2747 3938 arrodi
2804 3889 2993 3954 posset
3043 3901 3111 3939 ex
3141 3885 3484 3956 scriptorum
3549 3890 3884 3940 coaetaneu-

2171 3991 2299 4028 rum
2349 3974 2597 4028 silentio.
2651 3974 2858 4027 Verum
2920 3973 3210 4026 enimvero
3261 3974 3485 4044 pridem
3533 3974 3686 4028 istud
3736 3975 3890 4028 satis

2172 4062 2535 4117 vindicarunt
2564 4061 2826 4115 laudatus
2873 4049 3022 4130 saepe
3085 4062 3435 4114 Hofmannus
3465 4061 3525 4114 in
3556 4061 3890 4116 Annalibus

2177 4148 2714 4217 Bambergensibus,
2737 4148 2845 4202 col.
2880 4151 2947 4202 5'2
2987 4153 3045 4202 et
3074 4151 3162 4213 53,
3223 4154 3393 4219 atque
3447 4148 3885 4212 Henschenius,

2174 4239 2352 4294 diem
2387 4236 2590 4301 Martii,
2654 4237 2715 4290 in
2767 4237 3190 4290 Commentario
3221 4237 3434 4306 praevio
3486 4236 3556 4290 ad
3599 4235 3653 4289 S.
3692 4236 3894 4290 Cune-

2172 4324 2381 4394 gundis
2411 4327 2547 4378 Acta
2576 4328 2677 4390 $12,
2708 4324 2780 4378 ad
2817 4341 2985 4396 quos,
3021 4341 3088 4378 ne
3145 4332 3334 4379 actum
3383 4340 3573 4394 agam,
3604 4325 3891 4389 lectores,

2179 4419 2237 4466 et
2257 4428 2374 4483 pra;
2403 4412 2623 4466 caeteris
2659 4412 3093 4482 Gundlingium,
3153 4413 3483 4466 castissima:
3534 4413 3895 4482 lmperatri-

2176 4501 2254 4555 cis
2281 4503 2464 4555 ferum
2499 4508 2832 4570 mastygem,
2861 4502 3114 4556 remitto.
3157 4501 3216 4555 ld
3246 4502 3480 4554 unicum
3505 4501 3562 4554 in
3595 4517 3661 4553 ea
3691 4500 3894 4555 histo-

2177 4590 2263 4644 ria
2305 4606 2336 4643 a
2371 4589 2786 4642 morosioribus
2834 4589 3150 4643 desiderari
3197 4594 3414 4658 posset,
3463 4589 3618 4658 quod
3646 4593 3888 4644 certum

2177 4687 2404 4749 tempus
2436 4678 2724 4748 designari
2751 4682 3016 4748 nequeat,
3050 4677 3128 4731 uti
3184 4693 3288 4730 nec
3346 4678 3502 4732 locus
3551 4677 3611 4731 in
3640 4694 3763 4747 quo
3791 4694 3896 4732 res

2178 4786 2243 4822 ea
2265 4766 2586 4837 contigerit.
2640 4767 2992 4821 Hofmannus
3034 4765 3314 4836 triumphi
3374 4767 3707 4837 palmstram
3743 4766 3900 4820 desi-

2177 4862 2314 4927 gnat
2349 4856 2720 4926 Bambergam
2778 4855 2982 4925 ipsam,
3032 4854 3221 4909 Sancti
3253 4855 3550 4924 utriusque
3599 4854 3896 4909 delicium

2177 4961 2392 5000 annum
2420 4961 2554 4998 vero
2586 4947 2742 5000 1017.
2777 4943 2929 5012 quod
2959 4958 3090 4996 eum
3139 4943 3398 5014 suspicor
3433 4959 3502 4996 ex
3532 4959 3898 4998 monumen-

2175 5035 2246 5088 tis
2272 5033 2786 5102 Bambergensibus
2801 5031 3064 5086 alicunde
3086 5032 3318 5086 eruisse.
3347 5037 3432 5086 An
3457 5032 3698 5101 prmfato
3724 5048 3900 5088 anno

2179 5122 2371 5175 omnia
2399 5120 2690 5191 aptissime
2718 5124 3056 5190 congruant,
3117 5135 3182 5173 ex
3242 5119 3575 5195 deducendo
3613 5119 3901 5189 proxime

2176 5211 2304 5264 vitae
2334 5211 2388 5266 S.
2420 5209 2645 5265 Henrici
2690 5207 3062 5278 chronologio
3112 5208 3311 5263 ordine
3342 5208 3532 5278 colligi
3563 5213 3902 5279 utcumque

2179 5300 2388 5369 poterit
2419 5315 2432 5365 ;
2463 5299 2630 5353 nobis
2661 5297 2870 5352 sufficit
2912 5313 3033 5351 rem
3085 5298 3267 5367 ipsam
3314 5297 3374 5350 in
3429 5297 3902 5352 controversiam

2178 5404 2290 5441 non
2321 5389 2465 5442 adeo
2521 5387 2685 5442 facile
2733 5386 3132 5452 revocandam,
3165 5386 3327 5456 cujus
3379 5391 3493 5439 tam
3543 5385 3903 5440 authentica

2178 5482 2572 5543 monumenta,
2603 5480 2745 5530 teste
2787 5474 3130 5542 Hofmanno,
3191 5474 3251 5528 in
3305 5475 3456 5528 hunc
3507 5489 3692 5543 usque
3727 5475 3902 5530 diem

2175 5569 2500 5638 supersunt,
2560 5580 2689 5635 quae
2738 5579 2868 5618 cum
2925 5567 3222 5634 tantopere
3264 5562 3592 5634 impugnari
3641 5579 3770 5618 non
3803 5565 3901 5618 vi-
