3940 6330
147 356 212 408 53

3589 364 3655 418 531

149 479 337 544 deam,
371 477 514 532 satis
542 476 616 532 sit
664 476 944 549 Legenda:
974 477 1146 533 ﬁdem
1200 477 1259 532 in
1294 479 1399 533 hac
1458 482 1625 533 etiam
1682 487 1842 550 parte
1882 481 1928 532 A
1956 496 2086 534 cum
2140 481 2471 535 Heverendo
2529 481 2593 535 D.
2620 480 2854 535 custode
2911 482 3407 553 perlustraverim;
3471 500 3658 556 neque

151 567 492 621 vindicasse.

221 659 312 712 83.
350 657 474 711 Non
503 655 583 711 ita
618 655 1101 726 acquiescendum
1133 656 1329 710 censui
1362 656 1646 727 superiori
1690 656 1843 727 capi-

150 746 249 799 tali
299 744 735 809 concertationi,
766 745 835 798 de
895 744 1234 798 intemerata
1285 745 1583 815 utriusque
1614 746 1849 799 sanctis-

148 834 283 887 simi
340 832 613 903 conjugis
650 837 867 886 servata
924 832 984 886 in
1032 832 1399 887 matrimonio
1455 834 1844 898 continentia;

152 938 328 991 quam
360 937 491 974 cum
524 920 796 991 speciosis
827 922 1161 975 Kmlerianis
1200 922 1412 976 cavillis
1472 923 1849 993 aliquousque

151 1009 382 1080 impeti,
418 1011 619 1062 saltem
653 1009 951 1079 suggillari
982 1026 1145 1079 posse
1185 1011 1562 1077 adverterem,
1607 1027 1704 1064 seu
1754 1028 1848 1065 ve-

153 1098 231 1151 ris
262 1114 367 1151 seu
409 1098 709 1168 praetensis
749 1097 864 1152 illis
894 1099 1157 1170 precibus
1189 1116 1291 1169 pro
1351 1100 1604 1169 conjugii
1635 1101 1849 1154 facun-

147 1186 349 1251 ditata,
411 1191 535 1240 tum
596 1201 731 1239 vero
788 1192 937 1241 recta
996 1186 1207 1256 aliqua,
1258 1188 1305 1240 si
1357 1189 1577 1258 superis
1633 1187 1845 1258 placet!

148 1275 312 1345 prole
345 1273 559 1328 alicubi
591 1272 902 1339 insinuata,
936 1274 1078 1328 nihil
1135 1276 1687 1345 praetermittendum
1743 1294 1850 1346 pu-

148 1363 261 1415 tavi
318 1362 390 1415 ad
414 1361 734 1416 obturanda
782 1377 896 1415 non
953 1363 1135 1416 solum
1221 1363 1700 1417 heterodoxorum
1753 1364 1849 1417 sed

146 1456 205 1503 et
234 1449 631 1509 audaciorum,
667 1449 1090 1502 Catholicorum
1123 1450 1561 1519 obloquentium
1596 1467 1715 1517 ora,
1750 1468 1850 1505 nec

146 1538 308 1608 prius
366 1537 561 1590 destiti
616 1552 786 1604 quam
843 1537 1059 1590 fontem
1112 1538 1349 1590 omnino
1401 1538 1741 1591 detexissem
1781 1555 1847 1593 ex

146 1642 263 1695 quo
294 1630 416 1679 tam
465 1626 642 1694 varia,
698 1632 815 1679 tam
855 1624 1098 1693 diversa,
1156 1630 1272 1679 tam
1331 1642 1533 1695 parum
1593 1642 1848 1679 connexa

146 1714 516 1783 proﬂuxisse,
549 1715 772 1785 liquido
818 1714 1046 1768 demum
1102 1714 1613 1783 deprehenderem.
1666 1716 1846 1779 Quem

145 1802 201 1855 in
224 1804 410 1856 tinem
439 1802 722 1856 tabularia
764 1801 978 1863 omnia,
1014 1806 1255 1871 regesta,
1291 1801 1638 1872 nec1'ologia,
1671 1804 1848 1857 libros

149 1891 413 1944 chorales
456 1890 889 1959 Bambergensis
947 1889 1200 1943 ecclesiae
1260 1890 1446 1943 excuti
1502 1891 1714 1957 curavi,
1758 1907 1849 1944 ex-

146 1980 484 2050 ploraturus
539 1978 722 2033 sicubi
772 1982 889 2031 tam
939 1978 1164 2032 enormi
1227 1978 1528 2033 calumniae
1585 1979 1646 2033 in
1695 1980 1846 2034 anti-

144 2067 454 2137 quioribus
490 2066 719 2137 scriptis
748 2083 885 2120 ansa
905 2066 1279 2136 praeberetur.
1313 2069 1497 2136 Atque
1515 2066 1607 2121 hic
1632 2068 1844 2133 denuo,

144 2172 248 2225 pro
282 2154 503 2225 insigni
536 2172 639 2208 suo
665 2156 724 2209 in
755 2155 810 2209 S.
845 2155 1150 2208 Henricum
1172 2154 1388 2221 studio,
1416 2171 1650 2226 operam
1706 2171 1844 2225 gna-

145 2245 295 2297 viter
322 2244 570 2298 contulit
599 2243 765 2297 toties
806 2243 1067 2297 laudatus
1100 2245 1164 2297 Β.
1201 2245 1260 2297 Ρ.
1323 2244 1528 2297 Hector
1586 2244 1849 2298 Nicolaus

148 2333 339 2397 Pottu,
371 2348 438 2385 ex
471 2333 634 2400 cujus
659 2331 881 2399 litteris,
915 2332 1019 2385 hoc
1050 2347 1199 2385 anno
1238 2334 1370 2385 l723
1402 2332 1470 2385 ad
1532 2348 1622 2386 me
1677 2332 1843 2397 datis,

147 2436 269 2474 rem
300 2420 701 2489 patentissima
730 2420 1090 2489 explanatam
1123 2419 1250 2473 faxo
1310 2420 1615 2490 intelligas,
1676 2426 1846 2492 atque

147 2509 273 2563 luce
334 2509 657 2563 meridiana
725 2508 931 2561 clarius
1009 2506 1350 2577 perspicias,
1438 2524 1662 2562 merum
1736 2510 1844 2579 tig-

149 2602 415 2649 mentum
450 2595 520 2649 de
566 2596 831 2666 precibus
886 2610 991 2665 pro
1037 2595 1405 2649 fcecunditate
1452 2595 1841 2662 circumferri;

152 2708 171 2732 .
201 2684 429 2754 prolem
454 2706 474 2731 ι
504 2700 638 2737 vero
664 2684 921 2753 «regiam
948 2702 974 2733 »
993 2688 1123 2736 tunc
1138 2698 1256 2736 non
1278 2683 1460 2754 magis
1487 2700 1661 2754 quam
1676 2684 1846 2738 modo

147 2772 433 2826 exstitisse
462 2772 523 2825 in
566 2787 759 2826 rerum
795 2777 1019 2825 natura.
1046 2773 1187 2826 Rem
1219 2787 1325 2841 ego
1359 2788 1613 2838 omnem,
1671 2779 1847 2842 prout

146 2866 308 2931 gesta
332 2866 437 2921 est,
483 2860 787 2931 ipsiusmet
816 2859 1063 2913 Pottuvii
1094 2859 1279 2913 verbis
1308 2860 1460 2913 nude
1492 2865 1549 2913 et
1603 2860 1845 2915 candide

146 2963 495 3019 proponam.

216 3037 307 3090 84.
350 3036 456 3090 Ubi
513 3051 580 3089 ex
628 3035 832 3089 litteris
890 3033 1031 3088 meis
1052 3034 1300 3104 objectas
1353 3034 1669 3089 calumnias
1707 3052 1843 3105 per-
1876 3038 1916 3091 C
1953 3034 2208 3088 Salvator
2238 3032 2457 3087 mundi.

146 3122 417 3193 cepisset,
446 3123 508 3176 in
539 3124 661 3177 haec
713 3122 836 3192 ipsa
884 3123 1056 3177 verba
1107 3123 1441 3192 respondit:
1507 3145 1528 3171 ι
1586 3123 1847 3192 Acceptis

150 3210 493 3281 penultimis
525 3211 657 3265 Rev.
694 3214 791 3279 V.,
820 3210 1007 3280 prima
1037 3226 1164 3264 mea
1185 3226 1322 3263 cura
1365 3210 1495 3276 fuit,
1553 3210 1845 3281 inquirere

148 3298 205 3351 in
228 3297 556 3351 orationem
580 3313 752 3367 quam
786 3297 1019 3367 quidem
1062 3298 1329 3351 malevoli
1356 3298 1733 3368 compositam
1790 3306 1847 3354 et

146 3385 547 3455 presseriptam
580 3384 825 3455 tingunt,
860 3385 1037 3454 ipsius
1066 3385 1123 3440 S.
1155 3385 1381 3440 Henrici
1402 3387 1588 3456 jussu,
1639 3389 1710 3442 ad
1742 3387 1847 3441 im-

149 3472 494 3543 plorandam
525 3477 581 3529 et
621 3473 1044 3543 impetrandam
1074 3474 1328 3544 conjugii
1376 3474 1465 3528 sui
1506 3475 1845 3531 foscundita-

149 3570 289 3626 tem,
326 3566 392 3614 ut
438 3560 654 3615 scilicet
681 3561 786 3615 hac
823 3561 1047 3614 ratione
1075 3560 1416 3632 impugnare
1475 3564 1695 3632 possint
1724 3565 1847 3634 ejus

150 3655 207 3702 et
230 3653 446 3703 sancte
474 3648 735 3718 conjugis
788 3652 1127 3719 perpetuam
1173 3649 1591 3705 castimoniam.
1652 3653 1851 3708 Inveni

148 3737 209 3791 in
227 3736 492 3791 custodia
523 3737 772 3791 ecclesiae
816 3737 1136 3807 Imperialis
1178 3738 1390 3793 librum
1434 3740 1846 3811 perantiquum

147 3826 351 3897 utique
382 3825 678 3896 scriptum,
711 3830 773 3880 ut
802 3825 996 3880 omnia
1025 3826 1189 3897 signa
1240 3827 1574 3893 ostendunt,
1621 3828 1849 3884 vivente

146 3915 339 3968 adhuc
411 3918 604 3968 sancto
674 3914 1042 3985 imperatore.
1102 3916 1368 3970 Formam
1427 3916 1560 3970 libri
1617 3917 1847 3972 exhibet

147 4005 348 4057 charta
386 4003 624 4057 acclusa.
659 4003 885 4058 Extima
931 4004 1249 4074 tegumenti
1296 4021 1429 4074 pars
1454 4005 1706 4060 anterior
1756 4023 1845 4062 re-

147 4094 464 4163 praesentat
521 4090 768 4161 efﬁgiem
821 4092 1003 4146 sancti
1058 4093 1211 4147 Petri
1237 4094 1524 4163 Apostoli;
1565 4096 1848 4164 posterior

148 4180 334 4234 sancti
395 4178 592 4245 Pauli;
648 4179 874 4250 paginas
912 4185 1045 4235 sunt
1100 4197 1164 4235 ex
1211 4197 1581 4252 pergameno.
1627 4184 1847 4240 Titulus

149 4269 285 4323 libri
338 4273 446 4333 est,
518 4269 775 4322 LIBELLUS
830 4271 1154 4325 GRADUALIS.
1255 4270 1467 4325 Deinde
1543 4279 1843 4343 ponuntur

150 4354 461 4413 Gradualia
493 4355 817 4427 incipiendo
846 4358 916 4411 ab
948 4359 1230 4413 Adventu.
1271 4360 1511 4423 Quando
1541 4361 1842 4416 devenitur

150 4446 219 4499 ad
253 4444 496 4510 Pascha,
548 4450 842 4515 ponuntur
871 4445 1107 4500 Litaniae
1145 4447 1345 4501 eadem
1374 4448 1556 4501 forma
1586 4454 1643 4503 et
1663 4450 1848 4520 ﬁgura

151 4534 479 4588 litterarum
515 4534 834 4604 descriptae,
895 4550 1068 4605 quam
1090 4535 1286 4589 charta
1335 4537 1556 4595 acclusa
1597 4538 1844 4593 exhibet.

152 4624 216 4677 In
246 4622 366 4677 illis
396 4621 630 4676 Litaniis
667 4628 974 4695 postquam
995 4624 1142 4677 facta
1172 4623 1371 4678 fuisset
1412 4626 1693 4679 invocatio
1742 4644 1847 4697 pro

150 4727 385 4767 summo
416 4711 712 4777 Pontiﬁce,
764 4714 1111 4784 lmperatore
1159 4713 1417 4778 Henrico,
1467 4714 1849 4787 Chunigunde

154 4800 382 4871 regina,
421 4800 486 4854 ﬁt
511 4800 686 4854 etiam
716 4816 820 4871 pro
878 4802 1231 4855 nobilissima
1282 4802 1443 4870 prole
1499 4803 1696 4872 regali.
1741 4805 1849 4859 Sed

156 4888 532 4945 manifestum
592 4894 679 4943 est
736 4890 887 4959 quod
934 4906 998 4943 ex
1052 4891 1154 4944 hac
1184 4890 1542 4945 invocatione
1565 4892 1850 4946 calumnia

156 4977 387 5032 nullum
432 4976 641 5031 habeat
690 4977 1016 5046 przesidium
1053 4994 1064 5030 :
1104 5001 1123 5023 η
1164 4978 1314 5047 quod
1347 4993 1478 5031 mox
1527 4978 1700 5048 paulo
1724 4977 1853 5031 ube-

155 5066 297 5130 rius,
350 5065 421 5119 ad
481 5066 631 5118 mala
681 5066 1059 5135 garrientium
1115 5082 1215 5119 ora
1273 5066 1706 5135 comprimenda
1755 5065 1852 5119 de-

161 5154 596 5207 monstrabitur.
634 5153 825 5223 Pergit
850 5155 1089 5224 epistola
1123 5170 1136 5208 :

222 5241 310 5292 85.
347 5260 374 5285 σι
437 5238 666 5292 Nullam
715 5238 881 5291 aliam
942 5239 1262 5292 orationem
1312 5253 1417 5308 pro
1497 5237 1855 5309 impetranda

157 5325 527 5381 fmcunditate
548 5326 806 5396 conjugii
832 5327 1173 5380 sanctissimi
1209 5328 1573 5395 Imperatoris
1606 5326 1857 5397 reperire

158 5414 343 5483 potui.
405 5414 635 5468 etiamsi
696 5414 1000 5468 secundam
1054 5419 1275 5483 partem
1325 5414 1642 5479 Gradualis,
1700 5413 1858 5467 varia

160 5501 405 5556 Missalia
427 5506 485 5555 et
515 5500 824 5566 Breviaria,
858 5509 1116 5572 tempore
1140 5503 1196 5557 S.
1253 5501 1481 5556 Henrici
1512 5502 1743 5571 scripta,
1801 5508 1857 5555 et

167 5590 357 5658 aliqua
388 5593 517 5658 post
542 5587 724 5658 ipsius
765 5590 982 5643 felicem
1012 5592 1335 5653 transitum,
1396 5590 1693 5659 diligenter
1745 5607 1858 5643 una

1960 570 2021 623 D.
2079 571 2414 640 Eppenauer
2469 569 2529 623 in
2581 570 2767 623 Monte
2800 571 2853 625 S.
2914 570 3202 625 Michaelis
3233 572 3549 642 quidquam
3576 589 3657 627 re-

1958 657 2143 728 perire
2177 658 2378 728 potuit.
2411 679 2437 706 »
2484 659 2560 712 En
2590 658 2767 727 igitur
2789 659 3060 712 refectam
3093 659 3483 730 undequaque
3524 660 3651 715 uni-

1957 762 2080 799 cam
2104 751 2189 798 tot
2246 746 2543 799 tictionum
2592 746 3020 816 scaturiginem,
3067 747 3226 800 nullo
3270 748 3500 818 negotio
3550 764 3649 803 ex-

1957 834 2342 904 purgandam.
2386 834 2579 903 Majori
2640 834 2884 887 candore
2915 851 2979 887 ac
3011 834 3334 888 sinceritate
3388 852 3476 889 res
3536 840 3657 890 tota

1955 921 2158 975 referri
2187 921 2406 991 nequit,
2450 938 2623 991 quam
2668 938 2732 975 ex
2761 922 3015 991 epistolis
3063 921 3444 975 familiaribus
3502 923 3661 977 ultro

1956 1010 2213 1080 citroque
2291 1009 2536 1079 scriptis,
2596 1026 2840 1080 quarum
2894 1011 3064 1063 verba
3124 1011 3485 1079 exponimus.
3549 1010 3650 1063 Vix

1958 1098 2223 1168 equidem
2261 1097 2456 1152 induci
2485 1114 2716 1167 possum
2750 1104 2814 1151 ut
2842 1099 2913 1152 ad
2949 1098 3127 1168 ipsius
3184 1098 3363 1152 sancti
3428 1098 3655 1152 Henrici

1957 1191 2180 1240 aetatem
2202 1187 2438 1240 citatum
2469 1187 2721 1239 codicem
2752 1187 3040 1256 pertinere
3073 1186 3418 1252 existimem,
3444 1202 3653 1256 quam-

1956 1274 2038 1326 vis
2068 1273 2231 1328 facile
2259 1274 2558 1327 admittam
2587 1290 2654 1327 ex
2686 1274 3005 1344 antiquiori
3037 1275 3230 1345 aliquo
3279 1275 3648 1344 descriptum,

1956 1361 2074 1415 imo
2109 1378 2341 1431 precum
2374 1362 2668 1428 formulas,
2721 1362 3011 1430 praedictis
3064 1361 3293 1415 Litaniis
3341 1362 3401 1414 in
3444 1361 3653 1431 quibus

1956 1449 2041 1503 rei
2072 1450 2239 1503 cardo
2278 1449 2536 1515 vertitur,
2599 1450 2858 1514 insertas,
2918 1449 3123 1503 Sancto
3171 1451 3296 1519 ipso
3344 1450 3516 1518 longe
3556 1464 3648 1501 ve-

1956 1537 2226 1592 tustiores
2270 1553 2391 1591 esse
2446 1537 2695 1603 credam,
2745 1542 2801 1589 et
2856 1538 2912 1590 iu
2963 1538 3311 1591 Germanicis
3378 1535 3649 1597 ecclesiis,

1956 1630 2078 1680 tum
2111 1625 2476 1696 praecedenti,
2512 1640 2642 1678 cum
2692 1625 3064 1695 sequentibus
3115 1625 3337 1679 saeculis
3395 1624 3649 1691 usitatas,

1959 1719 2021 1768 ut
2061 1714 2230 1767 modo
2267 1729 2462 1784 preces
2494 1713 2620 1767 alite
2659 1718 2792 1766 sunt
2818 1714 2889 1766 ab
2923 1712 3226 1766 universali
3290 1713 3549 1767 Romana
3596 1717 3653 1765 et

1959 1803 2028 1856 ab
2057 1802 2180 1855 aliis
2209 1802 2460 1855 ecclesiis
2488 1806 2749 1872 receptae.
2790 1801 3125 1855 Rectissime
3156 1806 3347 1855 autem
3408 1800 3652 1854 advertit

1959 1890 2253 1945 Pottuvius
2282 1890 2504 1944 nullum
2533 1888 2591 1943 in
2620 1889 2690 1942 iis
2732 1888 2995 1942 formulis
3024 1888 3353 1959 praesidium
3406 1889 3651 1958 vulgatae

1955 1979 2262 2033 calumnia:
2293 1994 2611 2049 superesse.
2643 1978 3009 2047 quantumvis
3064 1977 3197 2031 inde
3250 1976 3506 2046 argutari
3566 1976 3645 2028 vi-

1957 2068 2202 2121 deantur
2232 2066 2585 2121 Henricianee
2630 2065 2981 2119 castimoniae
3014 2065 3469 2134 impugnatores,
3527 2064 3650 2134 qui-
3729 2129 3734 2135 _

1954 2155 2061 2209 bus
2090 2154 2183 2207 hic
2223 2155 2372 2207 ultro
2432 2154 2813 2224 suggerimus,
2870 2154 3028 2207 nullo
3060 2152 3415 2207 dissimulato
3466 2152 3644 2221 apice,

1954 2243 2236 2315 quidquid
2259 2244 2345 2296 vel
2380 2241 2747 2295 remotissimi
2800 2240 3140 2311 spargendis
3197 2239 3649 2309 exornandisque

1957 2330 2261 2384 calumniis
2347 2329 2667 2383 fomentum
2731 2328 3021 2399 praebuit:
3079 2327 3345 2399 quocirca
3402 2327 3649 2381 Litanias

1953 2420 2123 2490 ipsas,
2149 2434 2450 2489 quousque
2480 2417 2631 2488 typis
2668 2417 2876 2471 nostris
2932 2417 2987 2469 id
3020 2416 3143 2470 ﬁeri
3166 2416 3374 2486 potuit,
3426 2415 3516 2469 hic
3546 2431 3648 2469 ex—

1952 2508 2281 2579 pendimus,
2319 2505 2581 2576 sequenti
2612 2507 2972 2576 paragrapho
3003 2505 3383 2574 explicandas.

2114 2595 2365 2649 LETAN.
2406 2595 2501 2648 AD
2538 2594 2710 2648 MISS.
2755 2594 2824 2647 ΙΝ
2868 2594 2983 2647 DIE
3019 2593 3144 2647 SCO
3185 2591 3471 2646 PASCHE.

2024 2685 2111 2737 86.
2153 2684 2258 2737 Xec
2296 2698 2494 2750 vmcrr,
2532 2682 2640 2736 Xec
2679 2697 2906 2735 necxar.

1949 2772 2064 2840 ch
2093 2770 2357 2839 imperat.

1955 2856 2169 2911 Exaudi
2211 2873 2342 2927 xpe.
2401 2856 2637 2911 Summo
2672 2854 2931 2926 pontiﬁci
2986 2858 3044 2909 et
3104 2852 3415 2908 universali
3480 2868 3645 2923 papm

1954 2945 2095 2999 uita.

2798 3033 2882 3086 Tu
2914 3031 3077 3084 illum
3110 3029 3338 3085 adiuua.

2795 3121 2879 3174 Tu
2917 3119 3080 3173 illum
3121 3118 3351 3173 adiuua.

2798 3209 2881 3262 Tu
2920 3208 3085 3261 illum
3125 3207 3356 3261 adiuua.

1953 3299 2053 3352 Sce
2089 3297 2337 3352 Andrea.
2794 3297 2877 3350 Tu
2915 3295 3078 3349 illum
3118 3295 3349 3349 adiuua.

1953 3388 2167 3443 Exaudi
2199 3404 2327 3459 xpe.
2798 3386 3061 3441 Heiurico
3089 3403 3119 3440 a
3141 3387 3212 3440 do
3235 3389 3506 3440 coronato
3528 3400 3646 3438 ma-

2023 3494 2137 3548 gno
2169 3482 2228 3531 et
2248 3476 2483 3547 paciﬁca
2522 3475 2855 3546 imperatori
2883 3474 3002 3527 vita
3031 3479 3089 3527 et
3114 3474 3371 3527 victoria.

1952 3566 2298 3636 Redemptor
2327 3564 2551 3618 mundi.
2797 3564 2881 3616 Tu
2919 3562 3084 3615 illum
3126 3560 3337 3615 adiuua

1951 3656 2052 3709 Sce
2091 3654 2350 3708 MICHAEL.
2797 3653 2879 3704 Tu
2920 3651 3085 3704 illum
3125 3650 3335 3704 adiuua

1952 3743 2053 3798 Sce
2092 3742 2378 3798 Gabrihel.
2799 3741 2883 3795 Tu
2921 3739 3084 3792 illum
3122 3738 3353 3793 adiuua.

1952 3831 2055 3886 Sce
2094 3829 2408 3901 Raphahel.
2800 3829 2885 3882 Tu
2924 3826 3088 3881 illum
3126 3826 3362 3881 adiuua.

1952 3919 2054 3975 Sce
2090 3918 2397 3973 Johannes.
2804 3917 2889 3969 Tu
2927 3915 3091 3969 illum
3133 3914 3361 3968 adiuua.

1953 4008 2053 4061 Sce
2091 4006 2397 4075 Stephano.
2802 4005 2885 4058 Tu
2924 4003 3089 4057 illum
3128 4003 3357 4056 adiuua.

1952 3122 2053 3176 Sce
2092 3123 2253 3176 Petre

1952 3210 2052 3264 Sce
2088 3209 2281 3263 Paule.

1956 4094 2170 4149 Exaudi
2193 4109 2320 4164 xpe.
2797 4090 3191 4161 Chunigundee
3202 4090 3417 4160 reginae.
3431 4090 3580 4144 salus
3596 4093 3654 4143 et

1955 4199 2059 4324 Sc;l
2068 4187 2286 4324 1thilaria.
2806 4267 2885 4319 Tu
2925 4265 3083 4319 illam
3124 4264 3354 4318 adiuua.

2804 4354 2889 4406 Tu
2928 4352 3087 4405 illam
3124 4351 3356 4405 adiuua.

2802 4442 2881 4493 Tu
2922 4439 3078 4493 illam
3118 4439 3349 4493 adiuua.

2808 4527 3187 4583 Nobilissimaa
3202 4528 3349 4597 proli
3365 4527 3541 4598 regali
3562 4544 3651 4581 sa-

1958 4358 2062 4412 Sca
2100 4354 2488 4425 Radagundis.

1958 4446 2059 4500 Sca
2097 4442 2423 4499 Gerdrudis.

1956 4532 2171 4586 Exaudi
2204 4547 2329 4601 Xpe.

2031 4622 2115 4673 Ius
2138 4624 2194 4673 et
2222 4618 2361 4672 uita.

1957 4709 2057 4764 Sce
2097 4709 2375 4763 Clemens.

1960 4798 2059 4851 Sce
2102 4796 2243 4851 Uite.

1960 4886 2060 4940 Sce
2100 4885 2433 4939 Pantaleon.

1966 4972 2177 5027 Exaudi
2211 4990 2337 5043 xpe.

2036 5060 2175 5114 uita.

1958 5151 2064 5205 Sce
2106 5149 2353 5203 Maurici.

1965 5240 2065 5293 Sce
2108 5238 2444 5292 LANDBERTE.

1968 5328 2069 5381 Sce
2108 5327 2347 5379 Gereon.

1972 5414 2185 5469 Exaudi
2212 5430 2339 5482 xpe.

2044 5502 2187 5555 tioni
2212 5504 2275 5556 N.
2308 5502 2459 5555 salus
2482 5507 2537 5553 et
2564 5502 2703 5554 uita.

1976 5595 2077 5646 See
2116 5590 2401 5644 Siluester.

2808 4708 2892 4761 Tu
2931 4707 2992 4760 ill
3032 4707 3265 4761 adiuua.

2809 4796 2891 4849 Tu
2932 4794 2989 4847 ill
3033 4794 3263 4849 adiuua.

2812 4884 2895 4937 Tu
2934 4883 2996 4937 ill
3034 4883 3260 4937 adiuua.

2812 4973 2872 5024 Ν.
2900 4972 3118 5025 ductori
3161 4972 3396 5041 paciﬁco
3419 4970 3568 5024 salus
3596 4974 3652 5022 et

2817 5149 2895 5201 Tu
2938 5148 3100 5201 illum
3139 5147 3364 5201 adiuua.

2813 5238 2895 5290 Tu
2934 5236 3097 5289 illum
3136 5235 3365 5288 adiuua.

2812 5325 2892 5378 Tu
2934 5324 3095 5377 illum
3136 5323 3363 5375 adiuua.

2824 5412 2886 5465 N.
2914 5427 3018 5480 epo
3032 5416 3089 5463 et
3116 5416 3331 5462 cuncta:
3346 5425 3660 5479 congrega-

2824 5588 2903 5640 1‘u
2947 5586 3105 5639 illum
3148 5585 3377 5640 adiuua.
