3940 6326
274 343 340 393 Iiii
1577 347 1630 399 5.
1688 343 1971 398 HENHICI
2015 342 2488 398 lMl'ERATURIS
3713 341 3779 392 336

274 463 374 518 Sce
417 461 676 520 Martiae.
1125 465 1204 519 Tu
1244 464 1406 520 illum
1446 464 1677 520 adiuna.

277 552 492 607 Exaudi
527 568 658 623 xpe.
1124 553 1680 625 omnibusjudicibus
1700 558 1756 608 et
1767 559 1969 608 cuncto

346 640 618 695 exercitui
643 640 986 712 xpianorum
1018 641 1138 696 uita
1165 647 1222 696 et
1248 641 1506 696 uictoria.

277 731 378 783 Sce
416 727 662 798 Georgii.
1125 731 1204 783 Tu
1245 729 1372 783 illos
1411 730 1638 784 adiuua.

277 819 378 871 Sce
418 819 857 873 Emmeramme.
1127 819 1211 872 Tu
1249 817 1378 872 illos
1418 819 1650 873 adiuua.

251 905 382 960 .Sce
423 905 776 961 Sebastiano.
1130 907 1211 960 Tu
1251 906 1380 960 illos
1419 907 1650 962 adiuua.

278 992 384 1045 ch
420 1008 612 1059 Vixcn‘,
651 994 758 1046 ch
798 1008 1026 1057 necum,
1068 993 1184 1048 ch
1224 1007 1402 1046 IMPER.

282 1079 396 1131 Rex
439 1094 658 1149 regum.
1128 1084 1241 1152 ch
1279 1083 1477 1136 uincit.
1518 1099 1645 1153 xpc.
1688 1086 1907 1153 regnat.

281 1166 473 1219 Gloria
499 1173 710 1222 nostra.
1123 1172 1236 1241 ch
1276 1171 1426 1224 uinc.
1470 1187 1601 1240 xpc.
1649 1187 1769 1240 reg.

283 1254 666 1309 Misericordia
694 1262 909 1311 nostra.
1130 1260 1244 1329 ch
1281 1259 1434 1313 uinc.
1477 1275 1602 1329 xpc.
1647 1275 1764 1329 reg.

279 1341 418 1410 Spes
458 1348 670 1396 nostra.
1130 1348 1243 1416 ch
1283 1348 1434 1401 uinc.
1477 1364 1602 1418 xpc.
1645 1363 1765 1416 reg.

281 1429 571 1484 Auxilium
594 1437 878 1487 nostrum.
1126 1436 1240 1504 ch
1279 1436 1430 1488 unic.
1475 1451 1598 1505 xpc.
1642 1451 1758 1504 reg.

289 1517 532 1571 Victoria
573 1525 786 1575 nostra.
1129 1523 1244 1593 ch
1284 1523 1432 1577 uiuo.
1476 1539 1598 1593 xpc.
1645 1539 1761 1592 reg.

286 1605 421 1673 Lux,
447 1607 558 1668 uia,
595 1609 806 1662 ueritas
845 1613 1054 1662 nostra.
1629 1612 1742 1681 ch
1812 1611 1975 1664 niuc.

287 1693 580 1749 Fortitudo
611 1701 666 1750 et
693 1696 914 1751 iustitia
941 1703 1150 1752 nostra.
1529 1722 1538 1728 -
1644 1700 1775 1769 ch.
1821 1700 1972 1754 uinc.

287 1782 596 1836 Prudentia
625 1789 682 1837 et
709 1785 1091 1855 temperantia
1123 1791 1334 1840 nostra.
1644 1788 1774 1857 ch.
1818 1788 1971 1843 ninc.

290 1869 570 1924 Liberatio
599 1877 657 1925 et
677 1872 998 1942 redemptio
1027 1880 1236 1928 nostra.
1647 1879 1779 1949 ch.
1824 1877 1976 1933 uinc.

291 1961 460 2012 Arma
494 1967 687 2014 nostra
717 1960 1113 2016 inuictissima.

289 2047 477 2100 Murus
509 2049 579 2101 ῆι*
628 2049 1108 2120 inexpugnabilis.
1659 2055 1790 2124 ch.
1825 2054 1974 2108 uinc.

296 2134 552 2188 Defensio
581 2140 637 2189 et
668 2137 934 2190 exaltatio
959 2143 1170 2192 nostra.
1651 2144 1782 2212 ch.
1825 2143 1976 2196 uinc.

295 2223 407 2291 Ipsi
438 2223 543 2276 soli
570 2225 877 2293 imperium
903 2227 1084 2296 gloria
1122 2232 1178 2280 et
1218 2231 1465 2298 potestas
1503 2245 1604 2299 per
1631 2229 1978 2284 immortalia

363 2311 477 2364 scla
506 2313 754 2366 sclorum
783 2329 894 2367 am.

295 2399 409 2469 Ipsi
439 2400 546 2453 soli
575 2400 716 2468 laus,
748 2401 933 2456 honor
962 2407 1018 2456 et
1047 2403 1306 2458 iubilatio
1338 2421 1440 2474 per
1467 2405 1693 2460 inﬁnita
1722 2406 1838 2460 scla
1892 2424 1978 2460 se-

367 2488 627 2541 culorum
655 2505 843 2543 amen.

293 2575 408 2642 Ipsi
439 2576 545 2628 soli
575 2576 775 2640 uirtus,
811 2579 1083 2632 fortitudo
1119 2584 1177 2634 et
1200 2579 1436 2634 victoria
1467 2597 1568 2652 per
1626 2583 1820 2636 omnia
1868 2585 1983 2636 scla

363 2665 608 2718 sclorum
636 2683 821 2719 amen.

293 2754 397 2804 Xpn
428 2770 552 2806 AVDI
601 2770 726 2808 nos.
775 2756 906 2808 Ten.

298 2841 473 2896 KYltlE
516 2858 752 2896 uersos
766 2886 779 2898 .

1645 1968 1777 2036 ch.
1823 1966 1975 2020 uinc.

471 2944 498 3014 ξ
531 2947 615 2999 ΙΧ.
652 2949 738 3000 Ed:
765 2949 1001 3002 Litauiis
1031 2950 1509 3016 Bambcrgensibus
1543 2953 1811 3006 incassum

983 3021 1300 3086 suggillata.

364 3105 452 3157 87.
479 3104 663 3158 Habes
687 3105 859 3160 modo
890 3106 1014 3160 orbi
1045 3107 1364 3176 expositum
1396 3116 1452 3162 et
1475 3109 1786 3163 revelatum
1832 3127 1980 3181 pra:-

294 3194 522 3245 tensum
552 3191 873 3262 iniquitatis
898 3195 1254 3264 mysterium,
1279 3196 1432 3266 quod
1462 3197 1522 3250 in
1556 3197 1790 3252 Litaniis
1813 3200 1978 3254 Bam-

295 3278 666 3349 bergensibus
716 3279 892 3334 latere
917 3281 1128 3334 frustra
1184 3282 1292 3336 sibi
1348 3290 1754 3352 persuaserunt
1796 3286 1979 3339 conti-

295 3366 505 3422 nentiee
534 3367 884 3422 Henricianze
912 3386 1028 3423 non
1056 3370 1248 3424 minus
1269 3387 1443 3442 quam
1473 3372 1662 3426 omnis
1716 3374 1980 3429 castimo-

297 3456 424 3520 niae,
460 3456 519 3511 in
550 3458 810 3512 Romana
828 3458 1092 3512 Ecclesia:
1118 3464 1416 3530 tantopere
1445 3460 1761 3524 aestimatae,
1790 3479 1980 3516 osores

298 3545 582 3599 malevoli.
637 3545 861 3600 Redditi
916 3551 1050 3601 sunt
1096 3548 1448 3603 characteres
1499 3565 1719 3612 omnes,
1777 3552 1980 3605 saltem

295 3633 481 3703 quoad
512 3633 636 3688 ﬁeri
665 3635 874 3704 potuit,
928 3640 1056 3705 post
1103 3638 1406 3691 exclusase
1458 3637 1837 3708 typographia
1876 3640 1982 3693 ab—

294 3721 675 3787 brevationes,
709 3739 850 3793 quas
874 3723 932 3778 in
960 3741 1038 3778 aes
1079 3725 1332 3779 incidere
1366 3742 1556 3796 operte
1585 3729 1836 3796 pretium
1892 3729 1982 3782 vi-

301 3826 425 3863 sum
457 3825 572 3864 non
595 3815 700 3878 est,
730 3827 862 3866 cum
893 3827 956 3865 ex
984 3813 1051 3866 iis
1075 3813 1474 3868 controversia:
1519 3821 1690 3886 caput
1746 3816 1982 3871 minime

297 3897 560 3966 pendeat.
585 3898 828 3955 Libellus
858 3900 965 3954 iste
996 3901 1284 3970 gradualis
1331 3903 1610 3974 oblongus
1653 3910 1756 3973 est,
1798 3922 1981 3976 angu-

298 3985 489 4039 stioris
531 3986 754 4054 formae,
810 3989 1097 4044 tantillum
1165 3992 1487 4060 superantis
1541 3994 1837 4048 columnas
1893 3996 1983 4050 hic

295 4073 655 4145 compositas,
688 4075 896 4146 quibus
945 4079 1346 4133 verba'omnia
1377 4081 1690 4136 secundum
1741 4082 1982 4152 syllabas

297 4168 353 4217 et
404 4163 586 4218 lineas
628 4164 882 4218 adhibita
929 4170 1084 4235 sunt,
1143 4167 1302 4221 nullo
1361 4168 1522 4239 apice
1569 4171 1828 4241 neglecto
1885 4177 1983 4225 aut

297 4252 662 4323 transposito.
702 4255 837 4308 Tres
866 4254 1045 4308 ferme
1075 4257 1326 4326 pagellas
1377 4257 1580 4328 implet
1610 4264 1726 4313 tota
1778 4277 1847 4314 ea
1893 4261 1978 4314 Li-
2012 4295 2051 4346 υ

298 4342 470 4405 lania,
521 4347 605 4395 tot
635 4343 1097 4412 suppositiouum
1129 4350 1186 4398 et
1240 4346 1656 4401 calumniarum
1707 4348 1978 4413 materia;

297 4445 470 4499 quam
501 4430 662 4483 nobis
699 4431 768 4484 ad
807 4432 980 4484 libelli
1013 4448 1276 4486 normam
1329 4433 1581 4488 dividere
1638 4452 1758 4490 non
1797 4435 1980 4500 licuit,

299 4517 434 4572 satis
487 4517 594 4570 fuit
654 4523 835 4571 totam
885 4520 1132 4574 ﬁdeliter
1193 4528 1649 4591 repraesentasse,
1723 4522 1984 4579 [lubricis

297 4605 649 4675 capitalibus,
685 4609 747 4659 ut
768 4607 936 4677 vulgo
969 4609 1301 4678 loquuntur,
1331 4612 1388 4664 in
1418 4612 1601 4681 prima
1633 4612 1774 4665 facie
1803 4610 1983 4665 nitide

298 4693 554 4763 depictus
583 4699 666 4746 est
711 4695 1016 4764 praedictus
1073 4696 1290 4764 titulus,
1337 4699 1602 4753 [.qust
1653 4700 1981 4766 (insonans,

298 4781 500 4835 litteris
552 4782 846 4837 hodiernae
891 4785 1089 4839 forma:
1139 4802 1252 4840 non
1325 4789 1568 4842 multum
1630 4786 1984 4842 absimilibus

297 4872 581 4940 praeterii.
616 4872 676 4926 G.
734 4875 856 4928 Aet
908 4875 967 4928 D.
1023 4874 1244 4928 Titulus
1291 4875 1531 4930 interior
1569 4875 1756 4929 rubris
1812 4876 1983 4930 etiam

301 4949 646 5029 majusculis.
681 4965 989 5032 utcumque
1033 4963 1182 5034 typis
1238 4964 1444 5017 nostris
1489 4963 1846 5034 exprimitur.
1897 4964 1986 5017 Sic

298 5045 504 5100 litterae
533 5045 782 5100 initiales
813 5063 1010 5100 omnes
1039 5048 1293 5102 miniatee
1324 5055 1476 5114 sunt,
1515 5049 1596 5102 uti
1635 5054 1692 5102 et
1737 5051 1796 5114 Χ,
1847 5065 1986 5120 quo-

299 5134 650 5205 tiescumque
680 5136 925 5189 recurrit
966 5136 1171 5190 Christi
1196 5137 1508 5191 Servatoris
1557 5153 1789 5203 nomen,
1823 5138 1985 5207 cujus

301 5239 736 5294 monogramma
809 5225 945 5279 satis
1002 5230 1198 5278 notum
1258 5241 1378 5278 esse
1429 5229 1719 5295 putamus.
1795 5226 1982 5280 Fidem

299 5328 400 5364 nos
429 5312 653 5383 integre
712 5312 1004 5380 liberasse,
1058 5313 1256 5368 testari
1313 5318 1585 5383 poterunt
1631 5315 1982 5385 quicumque

298 5401 717 5469 autographum
750 5400 939 5471 ipsum
971 5402 1299 5471 Bamberga:
1320 5400 1601 5470 inspicere
1625 5405 1682 5454 et
1719 5417 1849 5455 cum
1881 5402 1986 5455 hac

299 5487 549 5540 editione
580 5491 833 5542 conferre
865 5490 1273 5558 dign-abutitur.

369 5579 454 5628 88.
494 5578 663 5629 Porro
694 5578 920 5633 schema
949 5579 1016 5631 ad
1054 5595 1139 5630 me
1193 5578 1612 5644 transmissum,
1668 5584 1838 5650 atque
1896 5579 1984 5633 hic

2003 469 2046 518 Λ
2084 465 2233 536 typis
2276 479 2565 531 excusum,
2625 470 2743 519 tam
2775 463 2956 534 rigide
2988 479 3090 535 per
3130 462 3355 534 singula
3412 462 3652 530 excussi,
3718 467 3782 518 ut

2083 554 2224 607 nihil
2252 554 2528 607 intactum
2558 551 2890 623 reliquerim
2925 552 3064 622 quin
3099 553 3153 606 id
3180 552 3457 606 continuo
3515 553 3778 607 Bamber-

2083 643 2353 712 gensibus
2409 641 2735 712 objicerem.
2791 641 3080 711 Imprimis
3137 641 3371 696 Litanite
3442 641 3583 708 istae,
3643 642 3776 696 licet

2087 731 2415 799 Bambergaa
2437 729 2746 783 bodiedum
2773 735 3088 793 asservalae,
3123 746 3226 800 pro
3257 728 3541 784 istiusmet
3595 731 3776 784 eccle-

2083 818 2180 872 siae
2207 835 2313 873 usu
2342 817 2566 888 scriptu:
2623 834 2728 869 non
2790 817 3074 882 videntur,
3137 817 3251 880 ubi,
3319 819 3522 888 procul
3574 819 3774 882 dubio,

2083 905 2289 960 additae
2319 912 2509 960 essent
2537 905 2948 975 appellationes
2985 906 3304 960 t'undatoris
3334 912 3392 960 et
3418 906 3771 960 fundatricis.

2085 995 2364 1048 Praeterea
2401 1010 2517 1048 non
2556 1000 2705 1048 recte
2754 994 3016 1064 signatur
3069 995 3329 1059 Sanctus,
3377 1015 3403 1045 (ι
3463 995 3777 1066 imperator

2084 1100 2116 1136 a
2142 1083 2255 1137 Deo
2283 1088 2605 1149 coronatus,
2633 1103 2655 1132 ι
2692 1082 2830 1136 dum
2859 1082 3092 1136 interim
3135 1082 3475 1152 Cunegundi
3534 1083 3776 1154 simplex

2083 1171 2296 1241 reginae
2372 1171 2570 1225 titulus
2627 1170 2954 1242 apponitur,
3025 1169 3494 1241 quandoquidem
3558 1177 3782 1226 constet

2086 1259 2282 1313 ambos
2312 1259 2512 1313 eodem
2543 1259 2634 1313 die
2666 1277 2699 1313 a
2731 1260 3028 1314 Benedicto
3083 1260 3186 1314 PP.
3239 1261 3378 1323 Vill,
3411 1276 3563 1313 anno
3623 1263 3778 1324 toto},

2091 1348 2282 1401 Romae
2311 1348 2565 1402 Caesareo
2593 1346 2917 1401 diademate
2940 1347 3210 1417 impostio
3267 1347 3667 1417 inauguratos.
3703 1353 3779 1401 At

2089 1453 2221 1490 vero
2268 1435 2477 1490 Kueleri
2543 1437 2797 1504 palmare
2846 1443 3250 1504 argumentum
3319 1452 3422 1506 pro
3479 1437 3780 1491 existentia

2094 1548 2112 1572 α
2153 1523 2523 1578 nobilissimae
2551 1523 2728 1594 prolis
2756 1524 2986 1594 regalis,
3015 1547 3035 1572 »
3070 1524 3254 1577 acrius
3276 1524 3608 1595 intorquere
3663 1542 3781 1579 non

2092 1611 2301 1678 destiti,
2325 1611 2432 1664 hoc
2461 1612 2640 1665 ferme
2667 1611 2989 1678 ratiocinio,
3014 1612 3084 1666 ad
3137 1612 3457 1680 hominem,
3499 1618 3562 1667 ut
3591 1612 3777 1678 aiunt,

2090 1700 2357 1754 adversus
2414 1700 2858 1769 Bambergenses
2935 1699 3320 1752 concludens:
3383 1701 3508 1754 Non
3586 1697 3780 1752 minus

2089 1792 2306 1841 certum
2337 1786 2523 1855 est,in
2566 1786 2638 1839 iis
2671 1785 2903 1841 Litaniis
2952 1787 3132 1840 Deum
3189 1786 3442 1840 invocari
3492 1803 3594 1858 pro
3629 1806 3657 1838 α
3688 1805 3778 1840 sa-

2090 1875 2205 1929 lute
2227 1880 2283 1929 et
2313 1875 2425 1928 vita
2456 1874 2825 1928 nobilissimas
2855 1876 3030 1945 prolis
3084 1876 3310 1945 regalis,
3344 1897 3371 1924 ››
3424 1892 3598 1946 quam
3651 1893 3771 1930 cer-

2086 1968 2211 2018 tum
2243 1966 2315 2018 sit
2343 1963 2598 2017 invocari
2627 1979 2729 2033 pro
2755 1963 2867 2017 vita
2897 1968 2953 2017 et
3009 1963 3244 2018 victoria
3272 1964 3324 2018 S.
3366 1963 3615 2032 Henrici,
3670 1980 3778 2034 pro

2089 2053 2269 2106 salute
2291 2057 2349 2106 et
2391 2051 2506 2106 vita
2535 2052 2596 2106 S.
2637 2051 3068 2122 Chuniguudae;
3099 2057 3270 2123 atque
3291 2053 3398 2107 hoc
3457 2053 3773 2107 secundum

2089 2140 2240 2210 apud
2269 2155 2367 2192 vos
2393 2124 2780 2193 indubitatum
2810 2143 2912 2205 est,
2952 2139 3154 2209 quidni
3181 2138 3360 2208 igitur
3399 2144 3455 2193 et
3477 2140 3727 2210 primum
3749 2141 3778 2195 ἶ)

2088 2229 2288 2283 Preces
2307 2243 2410 2298 pro
2443 2226 2780 2296 conjugibus
2817 2231 2882 2280 ut
2913 2227 3055 2280 vivis
3081 2226 3298 2281 ibidem
3328 2227 3400 2282 ad
3435 2229 3612 2282 Deum
3643 2228 3776 2282 fun-

2087 2316 2320 2380 duntur,
2352 2315 2540 2369 vivere
2576 2314 2769 2385 itaque
2786 2314 2959 2369 etiam
2989 2316 3240 2386 oportuit
3301 2337 3329 2367 (ι
3361 2315 3778 2371 nobilissimam

2089 2405 2307 2474 prolem
2337 2404 2607 2474 regalem,
2643 2423 2668 2453 υ
2699 2408 2756 2457 et
2804 2419 2932 2474 quae
2982 2403 3114 2458 inde
3175 2404 3382 2459 Καθιετὶ
3429 2405 3781 2459 consectaria

2089 2497 2240 2546 sunt.
2265 2493 2393 2546 Haec
2423 2491 2676 2545 exercitii
2707 2491 2911 2561 gratia,
2963 2491 3046 2544 uti
3101 2493 3410 2562 loquimur,
3436 2509 3468 2546 a
3517 2508 3606 2547 me
3645 2509 3778 2562 pro-

2089 2581 2272 2650 posita
2299 2579 2522 2634 erudite
2563 2580 2828 2633 enodavit
2875 2585 2930 2632 et
2985 2579 3240 2633 dissolvit
3293 2580 3609 2645 Pottuvius,
3671 2579 3779 2633 tri-

2089 2669 2194 2722 bus
2225 2667 2690 2738 responsionibus
2738 2667 2817 2720 sic
2865 2669 3059 2720 omnia
3101 2667 3417 2735 elucidans,
3472 2672 3533 2722 ut
3576 2667 3785 2722 habeat

2092 2757 2345 2810 Kmlerus
2375 2755 2585 2826 quibus
2611 2755 2948 2826 acquiescat.
2973 2755 3154 2808 Verba
3175 2754 3298 2824 ejus
3323 2755 3566 2808 tideliter
3604 2755 3781 2810 etiam

2092 2844 2286 2899 reddo.

2162 2935 2250 2986 89.
2286 2954 2305 2980 α
2333 2930 2390 2984 Si
2411 2931 2666 2985 Kcelerus
2699 2947 2763 2984 ex
2812 2930 2997 2986 verbis
3047 2931 3398 2985 Litaniarum
3454 2948 3583 3003 qua:
3613 2949 3780 3003 repe-

2017 3015 2057 3068 C
2087 3019 2318 3073 riuutur
2337 3018 2398 3071 in
2427 3018 2696 3073 Graduali
2733 3019 3141 3089 manuscripto.
3197 3020 3558 3073 Noaiussuu:
3625 3035 3778 3076 PROLI

2088 3122 2278 3160 aeoALi
2315 3121 2474 3160 SALUS
2518 3121 2582 3160 nr
2635 3122 2775 3172 VITA,
2824 3106 2944 3159 vult
2979 3105 3210 3170 inferre,
3281 3122 3347 3160 ex
3408 3107 3780 3161 matrimonio

2089 3202 2414 3250 sanctorum
2485 3194 2712 3249 Henrici
2769 3211 2833 3247 ac
2910 3193 3275 3264 Cunegundis
3329 3194 3534 3249 saltem
3598 3195 3782 3250 tiliam

2089 3283 2260 3338 fuisse
2291 3283 2565 3352 genitam,
2597 3299 2714 3336 non
2757 3287 2903 3336 recte
2939 3282 3127 3336 infert.
3165 3303 3191 3331 ››
3229 3283 3308 3336 En
3346 3283 3779 3354 responsionem

2089 3371 2334 3442 primam
2371 3389 2382 3425 :
2423 3391 2451 3422 (ι
2481 3371 2623 3436 Quia
2650 3370 3050 3425 verosimiliter
3078 3371 3309 3427 Litanias
3341 3371 3465 3426 istae
3493 3372 3612 3442 jam
3645 3378 3782 3426 ante

2093 3467 2350 3529 tempora
2373 3460 2428 3513 S.
2463 3459 2688 3513 Henrici
2725 3460 2961 3513 fuerunt
2993 3459 3054 3512 in
3103 3477 3208 3513 usu
3246 3459 3307 3514 in
3339 3461 3585 3514 ecclesiis
3636 3463 3775 3516 Ger-

2090 3548 2314 3613 maniae,
2363 3553 2637 3618 tanquam
2692 3547 2953 3601 formulae
3026 3564 3358 3602 communes
3421 3549 3783 3620 supplicandi

2087 3653 2193 3707 pro
2224 3636 2514 3702 Pontiﬁce,
2551 3638 2917 3705 lmperatore,
2955 3635 3338 3706 Imperatrice,
3363 3642 3468 3691 etc.
3505 3639 3627 3692 Non
3648 3638 3782 3708 qni-

2091 3726 2222 3779 dem
2246 3725 2578 3791 difﬁtemur,
2607 3725 2732 3778 illas
2764 3730 2926 3778 aetate
2957 3725 3010 3779 S.
3061 3724 3284 3779 Henrici
3317 3725 3628 3795 descriptas
3658 3725 3784 3780 sive

2090 3817 2342 3868 exaratas
2399 3814 2600 3879 fuisse;
2660 3812 2715 3867 id
2783 3813 2938 3866 enim
2981 3819 3096 3866 tam
3149 3814 3335 3883 lignra
3385 3815 3782 3869 characterum

2089 3900 2188 3955 illo
2229 3907 2488 3972 tempore
2521 3900 2746 3968 usitata,
2777 3916 2952 3971 quam
2981 3900 3263 3970 expressio
3294 3901 3598 3956 nominum
3638 3905 3787 3958 Hen-

2091 3989 2193 4043 rici
2214 3994 2270 4044 et
2299 3988 2685 4059 Cunegundis,
2720 4005 2824 4058 pro
2875 3988 3081 4059 quibus
3137 3994 3414 4059 tanquam
3446 3990 3582 4044 vivis
3639 4008 3786 4062 sup-

2091 4079 2357 4149 plicatur,
2385 4077 2550 4131 nobis
2603 4077 2946 4147 persuadet:
2977 4076 3073 4130 sed
3129 4078 3315 4130 solum
3355 4077 3598 4132 dicimus
3658 4079 3791 4133 illas

2091 4172 2222 4236 post
2272 4166 2620 4221 creationem
2688 4165 2939 4220 ecclesias
2998 4165 3450 4236 Bambergensis,
3533 4184 3601 4220 ex
3670 4169 3790 4223 alio

2092 4255 2404 4324 exemplari
2428 4253 2738 4323 descriptas
2768 4269 2869 4307 seu
2926 4258 3311 4325 transumptas
3367 4253 3560 4320 fuisse,
3619 4253 3785 4308 addi-

2091 4343 2161 4397 tis
2184 4349 2318 4396 tunc
2347 4341 2676 4395 nominibus
2725 4341 2952 4396 Henrici
2983 4346 3038 4396 et
3086 4341 3477 4412 Cunegundis,
3507 4341 3788 4412 tanquam

2095 4437 2222 4484 actu
2261 4430 2648 4500 regnantium.
2692 4431 2888 4500 Neque
2935 4431 3113 4500 gratis
3178 4431 3235 4484 id
3295 4431 3565 4496 dicimus;
3648 4432 3790 4500 quia

2095 4525 2246 4573 totus
2281 4519 2527 4572 Libellus
2556 4518 2848 4588 gradualis
2880 4519 3056 4588 (cujus
3087 4518 3215 4572 duas
3245 4525 3378 4571 sunt
3407 4523 3617 4587 partes,
3669 4534 3791 4573 una

2094 4607 2376 4673 hiemalis,
2412 4607 2588 4661 altera
2632 4607 2847 4674 aestiva)
2884 4615 2967 4661 est
3015 4607 3332 4678 descriptus
3381 4623 3448 4661 ex
3492 4610 3786 4678 exempla-

2096 4697 2250 4751 ribus
2276 4696 2336 4750 in
2368 4696 2619 4750 ecclesiis
2673 4696 2929 4751 adhiberi
2960 4695 3156 4750 solitis.
3210 4695 3408 4750 Merito
3461 4695 3639 4766 igitur
3691 4713 3789 4751 as-

2095 4785 2356 4852 serimus,
2387 4784 2562 4838 etiam
2604 4785 2874 4849 Litanias,
2919 4801 3048 4856 qua:
3095 4788 3228 4838 sunt
3275 4801 3406 4854 pars
3463 4784 3787 4850 Gradualis,

2093 4873 2264 4929 fuisse
2295 4879 2428 4928 tunc
2476 4873 2602 4927 aliis
2651 4872 2896 4927 ecclesiis
2953 4889 3308 4940 communes,
3341 4878 3397 4926 et
3430 4889 3497 4926 ex
3548 4873 3786 4929 illarum

2094 4961 2519 5031 exemplaribus
2561 4961 2911 5030 desumptas.
2979 4960 3180 5030 Igitur.
3216 4977 3285 5015 ex
3329 4961 3442 5014 illis
3472 4976 3587 5014 non
3627 4968 3790 5016 recte

2096 5047 2356 5112 infertur,
2409 5065 2477 5102 ex
2507 5047 2874 5102 matrimonio
2917 5053 3240 5102 sanctorum
3285 5048 3509 5103 Henrici
3557 5054 3614 5101 et
3672 5050 3789 5104 Cn-

2097 5137 2374 5204 negundis
2432 5136 2792 5206 progenitam
2843 5152 2963 5188 esse
2993 5137 3195 5190 saltem
3252 5135 3451 5201 tiliam,
3485 5135 3584 5206 qui
3649 5145 3792 5192 sunt

2094 5225 2342 5278 formula
2361 5224 2721 5278 solummodo
2748 5225 3090 5277 communis.
3128 5244 3154 5275 »
3732 5237 3743 5244 '

2165 5316 2251 5368 90.
2275 5312 2542 5382 Apposite
2581 5317 2745 5382 urget
2787 5312 3081 5365 Pottnvius
3101 5318 3159 5366 et
3179 5312 3360 5382 magis
3379 5313 3550 5366 etiam
3599 5313 3788 5370 instat

2094 5401 2202 5455 hoc
2240 5401 2408 5455 modo
2443 5416 2456 5454 :
2494 5423 2514 5449 ι
2549 5401 2712 5464 Quod
2739 5400 2783 5452 si
2817 5401 3124 5454 contendas
3174 5401 3424 5456 Litanias
3479 5401 3616 5454 istas
3664 5418 3792 5458 non

2095 5507 2214 5544 esse
2247 5491 2578 5560 desumptas
2612 5507 2678 5544 ex
2706 5489 2831 5542 aliis
2888 5491 3324 5558 exemplaribus,
3361 5490 3458 5544 sed
3501 5506 3606 5560 pro
3658 5490 3795 5562 ipsa

2095 5579 2325 5632 ecclesia
2361 5577 2762 5647 Bambergensi
2793 5578 2981 5648 primo
3021 5578 3195 5632 fuisse
3245 5579 3614 5648 compositas,
3679 5582 3785 5634 de—
