3940 6314
137 340 191 388 57
1775 338 1966 392 ACTA.
3564 334 3628 383 58

136 475 254 514 mus
283 461 339 516 id
373 461 458 514 ita
495 476 637 527 esse,
668 458 818 531 quod
871 461 1063 512 tamen
1108 472 1225 512 non
1256 456 1488 528 probas;
1523 456 1620 511 sed
1644 456 1723 511 sie
1752 473 1819 511 ex
1849 462 1896 514 Α
1932 475 2129 529 scopos
2185 465 2517 530 praesentes,
2590 456 2674 512 uti
2718 457 2893 511 refert
2970 455 3254 510 Ditmarus
3327 453 3629 525 episcopus

135 548 263 619 ipsis
351 548 591 603 Litauiis
674 546 913 601 ostendo
990 550 1212 601 senetos
1296 546 1590 616 eonjuges,
1667 551 1823 612 tunc,

133 639 355 707 quando
413 637 646 692 Litaniae
687 636 912 705 scriptae
969 636 1222 701 fuerunt,
1251 650 1367 687 non
1398 634 1660 688 habuisse
1689 650 1824 703 pro-

134 727 254 779 lem.
288 728 439 790 Quia
476 726 524 780 si
581 725 929 791 habuissent,
963 724 1022 777 iu
1064 723 1299 778 Litaniis
1350 726 1433 778 vel
1495 740 1822 795 expressum

133 814 325 868 fuisset
384 832 594 868 nomen
653 814 844 885 prolis,
905 814 1053 869 sicut
1125 828 1382 883 expresse
1442 812 1550 866 fuit
1616 828 1825 865 nomen

136 903 359 957 Henrici
396 904 859 969 ctCunegundis,
914 903 1002 956 vel
1057 903 1255 956 saltem
1290 901 1570 955 iudicatus
1630 900 1827 955 fuisset

133 1007 310 1056 sexus,
336 1008 413 1045 an
478 992 549 1045 sit
578 992 732 1045 ﬁlius
762 992 844 1044 vel
877 991 1013 1044 ﬁlia.
1074 992 1234 1053 Nam,
1296 990 1441 1043 sicut
1491 991 1547 1042 in
1578 990 1828 1043 formula

132 1080 567 1150 supplicationis
596 1097 701 1150 pro
721 1086 913 1133 saneto
958 1080 1197 1133 Henrico
1226 1079 1466 1132 dicitur:
1504 1097 1531 1129 ι(
1561 1079 1639 1132 Tu
1663 1079 1823 1131 illum

131 1170 358 1238 adjuva,
380 1189 408 1219 io
431 1170 491 1222 in
515 1170 930 1239 supplicatione
949 1184 1051 1238 pro
1070 1175 1261 1222 sancta
1277 1168 1657 1238 tlunegunde:
1693 1188 1718 1216 α
1744 1168 1821 1220 Tu

131 1257 282 1310 illam
308 1258 539 1327 adjuva,
565 1276 591 1306 υ
618 1258 713 1322 ita,
747 1256 794 1310 si
824 1262 959 1311 tune
989 1257 1294 1312 exstitisset
1322 1258 1436 1310 lilia
1467 1257 1694 1325 regalis.
1727 1258 1824 1310 de-

130 1346 343 1398 buisset
368 1345 518 1398 diei:
550 1365 577 1393 «ς
610 1345 691 1398 'l‘u
721 1345 876 1399 illam
898 1346 1121 1414 adjuva.
1152 1364 1175 1397 ι
1197 1347 1339 1400 Cum
1369 1345 1554 1398 solum
1580 1351 1827 1413 ponatur

129 1450 227 1502 per
241 1433 761 1487 abbreviatiouem:
790 1452 816 1483 (ι
835 1433 1014 1487 Tuill.
1039 1433 1260 1503 adjuva,
1280 1455 1306 1481 ››
1350 1434 1498 1504 quod
1520 1456 1537 1479 ι(
1566 1434 1645 1487 ill.
1676 1456 1694 1481 ι
1723 1450 1826 1487 nec

128 1521 287 1575 illum
349 1538 455 1575 nec
514 1521 666 1575 illam
718 1521 1020 1591 signiﬁcat,
1078 1522 1174 1575 sed
1233 1527 1318 1574 est
1369 1522 1698 1576 indill'erens
1752 1522 1824 1574 ad

127 1615 475 1681 utrumque;
547 1611 773 1680 signum
826 1615 909 1663 est
977 1610 1129 1680 quod
1189 1615 1322 1663 tunc
1382 1627 1495 1663 non
1549 1611 1826 1664 exstiterit

126 1696 261 1757 ﬁlia,
342 1713 531 1768 neque
602 1697 775 1752 etiam
849 1697 1021 1752 ﬁlius.
1096 1699 1282 1753 Manet
1344 1700 1495 1769 quod
1575 1699 1646 1752 sit
1701 1701 1823 1752 for-

126 1786 280 1838 mula
313 1785 659 1850 communis,
694 1801 823 1855 qua:
852 1786 1103 1839 masculo
1156 1802 1316 1856 aeque
1340 1802 1404 1840 ac
1432 1787 1663 1840 feminae
1686 1804 1823 1840 eon-

125 1872 313 1926 venire
357 1872 560 1942 possit.
613 1874 991 1927 Couﬁrmatur
1052 1873 1109 1928 id
1168 1890 1236 1927 ex
1289 1876 1660 1945 sequentibus
1710 1876 1823 1928 for-

128 1962 296 2015 mulis
352 1960 692 2015 earumdem
751 1961 1120 2026 Litauiarum,
1154 1962 1253 2015 ubi
1308 1964 1541 2033 ponitur
1591 1966 1652 2017 N.
1698 1980 1826 2033 quae

126 2054 251 2103 sunt
285 2049 556 2104 formula:
576 2064 911 2103 communes
931 2052 1290 2121 supplicandi
1320 2068 1420 2121 pro
1452 2053 1824 2122 quibuscum-

127 2154 235 2208 que
266 2137 532 2205 ducibus,
569 2137 875 2208 episcopis,
914 2161 932 2184 ι
970 2145 1076 2192 etc.

192 2228 281 2279 9t.
318 2246 345 2274 ς
389 2225 628 2294 Deinde,
669 2249 696 2275 ››
750 2226 936 2297 pergit
999 2229 1199 2281 eodem
1259 2232 1455 2280 tenore
1515 2228 1825 2293 Pottuvius,

129 2336 153 2362 ε
183 2315 417 2368 etiamsi
445 2314 788 2384 supplicatio
813 2331 916 2384 pro
951 2330 1293 2369 xomussma
1332 2330 1502 2369 Paete
1538 2332 1737 2371 REGALI
1767 2317 1828 2370 in

129 2404 358 2457 Litaniis
405 2403 704 2468 habeatur,
734 2404 885 2457 unde
915 2405 1118 2473 probas
1173 2405 1343 2474 quod,
1378 2406 1536 2474 prole
1563 2420 1675 2458 non
1704 2405 1827 2457 exi-

126 2498 327 2557 stente,
357 2491 699 2562 supplicatio
729 2491 827 2544 illa
854 2492 1027 2545 fuerit
1058 2492 1375 2557 decantata,
1408 2499 1463 2545 et
1494 2509 1607 2546 non
1639 2493 1827 2563 potius

126 2581 180 2633 iu
207 2581 320 2634 isto
342 2596 476 2633 casu
522 2578 775 2633 omissa?
806 2580 988 2645 Certe,
1025 2583 1285 2650 quamvis
1316 2580 1375 2633 in
1418 2580 1541 2635 istis
1593 2581 1826 2634 Litaniis

124 2669 374 2722 formula
436 2666 872 2737 supplicationis
907 2683 1009 2737 pro
1043 2668 1410 2737 lmperatrice
1449 2669 1747 2734 habeatur,
1780 2669 1826 2722 si

124 2762 315 2810 tamen
347 2757 669 2826 Imperator
697 2755 954 2809 nondum
994 2763 1141 2809 esset
1170 2756 1527 2825 conjugatus,
1568 2763 1667 2811 aut
1697 2774 1824 2810 eva-

123 2846 285 2899 deret
310 2845 536 2909 viduus,
592 2844 841 2898 formula
870 2844 1299 2915 supplicationis
1330 2860 1434 2913 pro
1467 2846 1827 2916 lmperatrice

124 2934 276 2987 haud
307 2932 485 2986 dubie
516 2932 576 2985 in
608 2938 850 3001 utroque
880 2947 1010 2985 casu
1044 2932 1426 2987 omitteretur.
1462 2934 1562 2999 Ita,
1605 2933 1827 2989 etiamsi

124 3022 372 3075 formula
422 3036 527 3090 pro
576 3019 931 3073 nobilissima
962 3023 1125 3089 prole
1155 3022 1333 3090 regali
1372 3022 1431 3074 in
1467 3022 1697 3076 Litauiis
1728 3040 1825 3093 po-

124 3115 317 3174 natur,
353 3108 518 3178 prole
546 3112 740 3162 tamen
791 3108 1114 3173 deﬁciente,
1154 3111 1378 3163 videtur
1431 3110 1679 3165 formula
1730 3112 1829 3165 illa

125 3200 180 3253 in
214 3196 621 3253 decantatione
656 3195 1002 3251 Litaniarum
1039 3198 1210 3251 fuisse
1263 3198 1490 3252 omissa.
1527 3199 1643 3252 Nisi
1681 3200 1827 3254 forte

127 3289 324 3341 fuisset
355 3285 551 3355 aliqua
598 3286 924 3355 conjectura
982 3291 1080 3340 aut
1136 3286 1411 3341 indicium
1444 3288 1828 3341 fmcunditatis

123 3376 415 3446 conjugii:
459 3382 595 3429 tunc
654 3375 806 3429 enim
856 3376 1055 3430 ﬁdeles
1086 3377 1299 3431 subditi
1340 3381 1560 3446 optare,
1595 3380 1827 3450 Deoque

124 3465 451 3535 supplicare
477 3464 683 3529 solent,
717 3471 782 3517 ut
828 3466 1044 3518 fructus
1096 3465 1155 3519 iu
1186 3466 1389 3521 arbore
1423 3473 1480 3519 et
1508 3482 1737 3536 gemma
1768 3467 1828 3522 in

123 3555 347 3607 concha
396 3557 757 3606 maturescat.
795 3554 1109 3607 Potuerunt
1157 3561 1347 3607 autem
1382 3555 1829 3624 Bambergenses

124 3642 181 3696 id
210 3656 448 3711 sperare
480 3644 535 3694 et
587 3640 792 3694 merito
824 3642 1115 3712 apprecari
1163 3647 1277 3696 tam
1324 3642 1647 3713 insignibus
1695 3661 1826 3697 con-

119 3732 377 3802 jugibus,
432 3746 679 3800 quorum
732 3737 922 3784 votum
970 3731 1339 3784 continentia:
1386 3732 1748 3801 ignorabant.
1801 3756 1819 3779 »

122 3820 350 3875 Addere
400 3818 566 3872 liceat
596 3818 749 3889 quod
782 3818 1031 3888 proxime
1076 3819 1357 3873 formula:
1390 3837 1417 3869 ‹‹
1476 3819 1538 3873 Ν.
1602 3820 1826 3873 ductori

124 3909 361 3979 paeitico
387 3908 540 3960 salus
593 3912 649 3960 et
697 3906 855 3960 vita»
893 3908 1046 3962 haud
1078 3908 1248 3961 dubie
1284 3910 1682 3978 praetereunda
1731 3910 1820 3976 sit,

124 4000 344 4051 Caesare
378 3995 504 4065 ipso
555 3995 897 4048 exercitibus
952 3996 1295 4065 imperante.
1337 3998 1426 4051 Sic
1457 4000 1692 4051 alteram
1722 4016 1824 4067 pro

124 4086 227 4138 loci
248 4084 534 4154 Episcopo
556 4088 612 4137 et
637 4083 884 4152 primam
906 4100 1009 4153 pro
1040 4086 1297 4140 Romano
1326 4086 1615 4153 Pontilice,
1651 4102 1821 4140 nemo

121 4172 455 4222 decantatas
504 4169 871 4224 somniaverit
910 4174 1181 4227 alterutra
1226 4176 1357 4228 sede
1409 4181 1659 4228 vacante.
1710 4176 1819 4228 Ilo-

119 4256 405 4325 diernam,
463 4262 521 4311 et
576 4259 699 4328 jam
741 4262 825 4313 tot
879 4261 1070 4314 swculi
1149 4270 1503 4317 constantem
1563 4265 1891 4350 Ecclesiae”

122 4345 347 4413 praxim
402 4350 662 4400 consulat
720 4349 992 4414 Kmlerus,
1042 4356 1097 4404 et
1152 4368 1280 4421 qua:
1333 4353 1423 4406 hic
1491 4353 1638 4406 dicta
1690 4360 1822 4406 sunt

123 4433 423 4487 verissima.
451 4450 573 4489 esse
606 4437 930 4507 perspiciet.

190 4526 279 4575 92.
337 4524 462 4577 Non
486 4521 581 4576 hic
608 4524 788 4578 hteret
838 4527 1164 4591 Pottuvius;
1218 4528 1310 4581 sed
1361 4530 1537 4582 altera
1584 4546 1820 4601 respou-

122 4610 282 4663 sione
313 4626 410 4663 seu
443 4617 783 4680 argumento
827 4612 999 4668 instat
1030 4613 1090 4667 in
1145 4616 1296 4669 hunc
1328 4618 1591 4670 modum:
1633 4641 1651 4665 ι(
1689 4618 1821 4671 Sine

126 4704 262 4751 nota
282 4698 626 4752 sanctissimi
676 4716 738 4753 ac
767 4701 1205 4770 prudentissimi
1235 4705 1600 4774 Imperatoris
1623 4728 1649 4755 ››
1684 4707 1821 4775 (1]ωο

126 4786 433 4855 praedicata
486 4803 617 4841 cum
670 4789 1013 4860 Gundlingio
1072 4808 1186 4844 non
1258 4794 1490 4861 negabit
1542 4795 1819 4861 Kmlerus)

126 4902 145 4922 ς
188 4875 366 4929 asseri
422 4892 538 4929 non
570 4880 761 4946 potest
789 4879 941 4948 quod
993 4896 1061 4932 ex
1100 4896 1201 4933 suo
1259 4881 1528 4951 conjugio
1562 4882 1823 4952 genuerit

125 4965 326 5017 saltem
356 4965 556 5019 tiliam.
616 4965 711 5018 Vel
744 4966 897 5019 enim
929 4967 1088 5022 illam
1145 4970 1344 5039 genuit
1372 4975 1500 5023 ante
1533 4972 1816 5026 fundatio-

126 5068 259 5106 nem
302 5053 665 5123 episcopatus
698 5055 1149 5127 Bambergensis,
1183 5058 1269 5111 vel
1308 5064 1435 5128 post
1465 5060 1653 5114 illam:
1681 5077 1820 5115 neu-

126 5145 277 5194 trum
305 5141 431 5193 sine
487 5146 626 5193 nota
660 5142 1025 5211 Imperatoris
1080 5144 1254 5197 asseri
1301 5150 1503 5214 potest.
1538 5147 1823 5216 Imprimis

126 5246 240 5283 non
273 5234 459 5300 potest
488 5229 602 5283 dici
628 5231 778 5300 quod
804 5232 1069 5300 genuerit
1095 5238 1225 5286 ante
1243 5234 1658 5301 laudationem,
1693 5251 1821 5305 qua:

126 5320 363 5390 contigit
392 5336 545 5373 anno
594 5336 643 5373 vi
678 5322 765 5374 vel
814 5338 884 5375 vn
914 5328 1045 5391 post
1099 5323 1490 5378 millesimum.
1525 5324 1824 5394 Colligitur

126 5406 181 5461 id
238 5424 304 5462 ex
378 5409 724 5463 allocutione
772 5410 825 5464 S.
883 5412 1129 5478 Henrici,
1195 5428 1368 5483 quam
1426 5413 1483 5465 in
1542 5417 1823 5467 conventu

130 5498 591 5559 Francofurtensi
624 5499 823 5553 habuit
851 5500 920 5554 ad
974 5502 1030 5554 S.
1068 5501 1409 5571 Willigisum
1446 5501 1821 5572 archiepisco-

132 5602 263 5655 pum
313 5587 713 5657 Moguntin'im
746 5592 800 5639 et
853 5594 1084 5642 caeteros
1114 5589 1570 5660 archiepiscopos
1618 5595 1674 5644 et
1702 5591 1821 5661 epi-

1938 547 2436 617 Merseburgensis,
2512 546 2812 600 historicus
2871 545 3247 615 synehronus,
3327 543 3473 597 libro
3531 559 3625 607 vn,

1936 649 2067 704 pag.
2098 637 2195 688 67:
2231 657 2249 682 α
2288 634 2369 688 0b
2398 631 2991 701 recompensationem
3019 631 3294 695 futuram,
3331 630 3633 700 inquiebat

1936 728 2163 775 sanctus
2196 724 2528 792 Imperator,
2560 721 2846 775 Christum
2867 720 3167 783 ,hasi'edem
3199 718 3380 788 elegi;
3411 721 3547 788 quia
3572 718 3631 770 iu

1937 811 2131 865 sobole
2155 811 2497 881 acquirenda
2532 810 2689 864 nulla
2710 826 2838 879 spes
2862 814 3119 861 remanet
3149 807 3312 860 mihi.
3352 829 3376 857 υ
3404 806 3564 870 Quod
3586 804 3630 857 si

1940 907 1995 961 S.
2049 907 2320 961 Henricus
2368 912 2499 960 ante
2549 906 2946 959 fundationem
3004 903 3365 975 episcopatus
3428 901 3628 971 genuit

1936 997 2137 1056 ﬁliam.
2187 997 2473 1066 quomodo
2502 1012 2633 1048 eum
2686 995 2919 1047 veritate
2961 994 3147 1047 dicere
3199 992 3403 1063 potuit,
3436 990 3541 1044 sibi
3574 991 3631 1043 in

1937 1084 2283 1156 aequirenda
2338 1084 2533 1138 sobole
2586 1084 2805 1136 nullam
2837 1096 3132 1135 remanere
3176 1079 3378 1149 spem!
3437 1079 3631 1132 Nonne

1939 1175 2252 1225 conventus
2292 1174 2524 1225 Patrum
2557 1175 2779 1240 poterat
2806 1169 2891 1222 illi
2918 1183 3235 1239 opponere:
3271 1186 3298 1216 ιι
3331 1166 3631 1229 Quomodo

1939 1260 2096 1313 nulla
2125 1277 2251 1328 spes
2296 1259 2657 1330 acquirendae
2704 1258 2913 1311 sobolis
2944 1257 3003 1310 in
3036 1254 3302 1325 prtesenti
3337 1253 3633 1307 matrimo-

1938 1347 2033 1399 nio
2067 1346 2170 1400 tibi
2201 1352 2479 1416 superest,
2512 1346 2610 1417 qui
2663 1345 2859 1414 paucis
2908 1343 3059 1397 hisce
3092 1341 3276 1404 anuis,
3328 1341 3537 1410 quibus
3570 1340 3628 1391 in

1941 1438 2305 1491 matrimonio
2336 1436 2544 1503 vixisti,
2576 1435 2751 1490 tiliam
2780 1432 3072 1504 genuisti?
3110 1454 3131 1479 ι
3168 1432 3307 1486 Male
3336 1430 3514 1499 igitur
3542 1427 3626 1481 di-

1938 1527 2139 1596 gnitati
2193 1526 2372 1579 sancti
2424 1524 2785 1594 Imperatoris
2823 1520 3085 1587 consulit,
3147 1519 3244 1590 qui
3287 1517 3631 1589 procreatio-

1939 1631 2070 1669 nem
2143 1615 2349 1670 sobolis
2424 1619 2556 1668 ante
2637 1611 3031 1666 fundationem
3117 1608 3475 1680 episcopatus
3548 1607 3630 1658 illi

1936 1704 2160 1774 afﬂigit.

2009 1795 2095 1845 93.
2133 1812 2159 1839 ‹‹
2193 1789 2404 1844 Deinde
2437 1789 2651 1859 absque
2702 1786 2957 1857 ejusdem
3010 1783 3201 1839 Sancti
3230 1780 3632 1853 prostitutione

1937 1879 2110 1933 etiam
2140 1878 2314 1932 asseri
2372 1894 2486 1931 non
2516 1882 2721 1947 potest,
2790 1874 3043 1945 genitam
3082 1873 3193 1943 ipsi
3248 1871 3421 1926 fuisse
3455 1871 3632 1925 ﬁliam

1937 1974 2064 2038 post
2092 1968 2485 2021 fundationem
2516 1966 2890 2036 episcopatus.
2943 1964 3041 2017 Ille
3072 1961 3237 2016 claris
3269 1965 3326 2015 et
3353 1958 3633 2029 expressis

1937 2055 2138 2115 verbis.
2174 2072 2367 2109 coram
2387 2054 2758 2109 celeberrimo
2788 2057 3075 2107 conventu
3103 2051 3437 2121 priesulum,
3474 2064 3632 2100 asse-

1937 2150 2113 2208 verat,
2163 2144 2269 2198 sibi
2312 2144 2373 2197 in
2424 2142 2772 2214 acquirenda
2812 2141 3008 2207 sobole
3062 2139 3279 2193 nullam
3335 2153 3631 2207 superesse

1937 2249 2095 2303 spem
2124 2249 2135 2285 :
2171 2231 2299 2303 quis
2329 2246 2466 2301 ergo
2497 2231 2620 2283 sine
2672 2234 2807 2283 nota
2838 2235 2954 2282 tam
3002 2227 3274 2298 sapientis
3304 2230 3360 2279 et
3388 2225 3631 2278 circum-

1937 2321 2114 2391 specti
2184 2320 2547 2390 Imperatoris
2598 2319 2750 2373 dicet
2812 2318 2977 2372 illum
3050 2314 3442 2376 nihilominus,
3508 2318 3637 2382 post

1937 2408 2413 2463 asseverationem
2468 2407 2611 2461 adeo
2666 2407 3005 2472 solemnem,
3064 2418 3391 2474 procreasse
3417 2401 3634 2456 ﬁliam?

1940 2497 2058 2551 Nisi
2082 2497 2260 2567 igitur
2291 2496 2474 2551 valida
2505 2495 2648 2549 ratio
2680 2496 2970 2561 alferatur,
3003 2493 3187 2564 qualis
3218 2508 3334 2545 nou
3376 2490 3631 2553 affertur,

1937 2586 2109 2655 exigit
2151 2586 2399 2655 dignitas
2455 2584 2598 2638 tanti
2655 2582 3020 2653 Imperatoris
3052 2586 3113 2634 ut
3141 2580 3440 2633 credamus
3469 2578 3631 2632 illum

1940 2691 2134 2728 verum
2168 2676 2391 2739 dixisse,
2448 2674 2584 2727 dum
2625 2670 2867 2725 solemni
2897 2668 3312 2724 contestatione
3344 2683 3631 2721 assevera-

1938 2764 2017 2816 vit
2047 2763 2259 2815 uullaui
2293 2762 2352 2814 in
2399 2760 2744 2831 acquirenda
2766 2759 2960 2813 sobole
2991 2756 3097 2812 sibi
3129 2771 3427 2810 remanere
3449 2771 3629 2825 spem.

1938 2852 2071 2915 Quis
2103 2859 2295 2905 autem
2325 2850 2409 2903 illi
2457 2865 2618 2918 spem
2668 2864 2895 2902 omnem
2938 2844 3193 2900 ademit?
3221 2844 3357 2909 Quis
3400 2843 3509 2897 nisi
3538 2844 3635 2897 ille

1938 2941 2182 3009 ipsemet
2233 2938 2552 2992 voluntario
2613 2942 2741 2991 voto
2802 2935 3189 3000 continentiae,
3249 2933 3310 2986 in
3356 2933 3631 2986 honorem

1890 3023 1901 3072 ἒ
1940 3028 2041 3081 Dei
2087 3028 2315 3090 emisso,
2353 3034 2460 3079 eta
2511 3025 2822 3079 castissima
2859 3024 3104 3093 conjuge
3158 3020 3506 3075 ratihabito?
3540 3021 3637 3074 Po-

1939 3121 2085 3171 terat
2110 3116 2298 3169 dicere
2325 3130 2452 3168 cum
2493 3115 2695 3184 Iephte
2740 3112 2884 3183 (Jud.
2913 3129 2971 3177 ιι,
3002 3115 3119 3178 35);
3152 3131 3180 3161 ‹‹
3222 3109 3437 3180 Aperui
3481 3108 3633 3162 enim

1940 3221 2003 3258 os
2034 3220 2225 3257 meum
2243 3204 2311 3256 ad
2349 3202 2673 3269 Dominum,
2708 3206 2764 3256 et
2801 3200 2956 3254 aliud
2991 3200 3174 3254 facere
3206 3214 3320 3252 non
3353 3203 3569 3267 potero,
3610 3221 3629 3242 υ

1939 3310 2111 3364 quam
2159 3298 2497 3363 perpetuam
2546 3307 2769 3344 servate
2809 3288 3237 3343 continentiam.
3303 3286 3445 3350 Quid
3479 3285 3634 3339 aliud

1938 3382 2188 3436 inuuuut
2218 3382 2389 3435 verba
2438 3380 2770 3433 immediate
2820 3376 3137 3448 sequentia,
3172 3377 3241 3430 ab
3279 3376 3634 3443 Imperatore

1938 3469 1997 3524 in
2046 3475 2325 3524 conventu
2376 3469 2625 3538 prolata:
2663 3486 2689 3517 α
2726 3468 2787 3519 Et
2834 3465 2990 3535 quod
3021 3464 3377 3535 praecipuum
3434 3460 3633 3527 habui,

1937 3575 2001 3612 ac
2028 3558 2311 3628 meipsum
2342 3572 2470 3609 cum
2501 3555 2671 3608 modo
2708 3552 2998 3624 acquisitis
3046 3569 3145 3606 seu
3176 3549 3533 3622 acquirendi,
3566 3549 3625 3602 in

1938 3646 2277 3700 sacriﬁcium
2310 3644 2458 3700 Patri
2514 3642 2771 3713 ingenito
2795 3644 2914 3713 jam
2968 3641 3185 3695 dudum
3230 3645 3444 3694 secreto
3478 3654 3630 3692 meu-

1938 3735 2007 3789 tis
2039 3734 2248 3789 obtuli:
2272 3756 2297 3783 ››
2333 3734 2493 3804 quid,
2524 3732 2782 3803 inquam,
2818 3730 2975 3785 aliud
3005 3729 3255 3783 iunuunt
3304 3728 3473 3783 verba
3516 3727 3630 3790 illa,

1935 3840 2108 3893 quam
2140 3828 2333 3877 votum
2357 3820 2647 3883 castitatis,
2692 3836 2806 3891 quo
2867 3818 3255 3872 sanctissimus
3297 3818 3635 3885 Imperator,

1928 3912 2091 3981 juxta
2119 3908 2966 3973 consiliumSalvatoris{.llaltli.
3002 3924 3116 3972 xix,
3157 3908 3257 3971 l2),
3292 3924 3315 3957 α
3359 3922 3416 3958 se
3446 3904 3634 3975 ipsum

1934 4000 2194 4054 castravit
2218 4005 2453 4069 propter
2477 4013 2717 4066 regnum
2744 3998 3039 4059 cmlorum,
3073 4017 3093 4043 ι
3122 3999 3176 4047 et
3203 3994 3630 4048 inclinationem

1934 4089 2295 4160 relinquendi
2330 4088 2437 4141 sibi
2479 4086 2725 4140 similem
2759 4090 2887 4156 post
2935 4102 3014 4149 se,
3050 4086 3163 4138 Deo
3190 4084 3249 4137 iu
3291 4082 3630 4137 sacriﬁcium

1933 4178 2159 4245 obtulit,
2197 4194 2405 4247 magno
2438 4175 2761 4229 Abrahamo
2796 4175 2855 4227 iu
2904 4189 2971 4227 eo
3003 4172 3441 4242 comparandus,
3479 4172 3631 4242 quod

1932 4268 2036 4321 iste
2060 4272 2289 4338 paratus
2319 4264 2509 4329 fuerit,
2546 4266 2802 4316 Isaacum
2858 4262 3061 4327 tilium,
3119 4260 3226 4313 sibi
3260 4259 3483 4328 pridem
3530 4275 3629 4312 ua-

1932 4358 2076 4421 tum,
2106 4353 2427 4415 immolare,
2472 4352 2561 4405 hie
2590 4367 2722 4404 vero
2781 4366 2937 4420 spem
2986 4348 3088 4403 ﬁlii
3119 4354 3176 4401 et
3217 4346 3462 4401 hteredis
3526 4347 3630 4399 sibi

1930 4442 2222 4502 nascituri,
2254 4443 2455 4495 intima
2491 4439 2698 4494 mentis
2753 4438 3073 4503 devotione,
3124 4436 3413 4492 Altissimo
3459 4436 3630 4489 sacri-

1931 4530 2221 4583 licaverit?
2251 4554 2271 4576 ι

2001 4619 2087 4673 94.
2121 4618 2296 4670 Hasce
2344 4616 2709 4688 quaastiones,
2771 4614 2907 4669 satis
2937 4615 3191 4669 concisas
3249 4631 3313 4667 ac
3341 4613 3628 4685 stringen-

1929 4710 2031 4771 tes,
2067 4705 2138 4758 ad
2189 4705 2477 4759 Koelerum
2510 4704 2800 4757 universas
2846 4702 3211 4768 remittimus,
3245 4707 3308 4756 ut
3335 4702 3395 4755 iu
3426 4700 3624 4771 proxi-

1931 4795 2039 4847 mis
2072 4794 2326 4847 thesibus
2360 4793 2476 4846 suis
2532 4792 2813 4847 historicis
2860 4796 2992 4861 apta
3041 4807 3312 4860 responsa
3363 4790 3629 4861 suppedi-

1930 4888 2028 4936 tet.
2070 4883 2259 4953 Neque
2318 4888 2512 4935 tamen
2541 4880 2634 4935 hic
2688 4879 2896 4935 desinit
2936 4880 3247 4946 Pottuvius,
3306 4880 3468 4949 cujus
3515 4880 3637 4933 haec

1931 4970 2094 5025 tertia
2147 4970 2444 5040 responsio
2475 4974 2576 5023 est.
2628 4990 2653 5018 «ς
2689 4970 2744 5021 Si
2774 4970 2830 5022 S.
2892 4968 3163 5022 Henricus
3209 4967 3410 5036 genuit
3458 4966 3635 5022 ﬁliam

1930 5064 1987 5113 et
2014 5059 2234 5113 curavit
2285 5075 2388 5129 pro
2441 5075 2506 5111 ea
2537 5058 2792 5127 publicas
2845 5058 2905 5110 in
2954 5057 3187 5110 ecclesia
3232 5054 3636 5123 Bambergeusi

1932 5147 2149 5201 institui
2174 5164 2396 5218 preces,
2443 5147 2524 5200 uti
2577 5146 2832 5199 Kcelerus
2871 5161 2938 5199 ex
2996 5144 3231 5199 Litaniis
3281 5143 3466 5197 citatis
3506 5159 3637 5212 pro-

1930 5236 2067 5290 bare
2090 5237 2230 5289 velle
2263 5235 2508 5300 videtur;
2536 5232 2828 5288 moraliter
2858 5233 3209 5303 impossibile
3248 5236 3333 5285 est
3376 5232 3632 5301 potuisse

1931 5323 1989 5377 in
2048 5324 2287 5387 mundo,
2347 5328 2402 5377 et
2442 5322 2727 5393 imprimis
2786 5322 3136 5391 Bambergue,
3196 5318 3626 5391 persuasionem

1930 5413 2309 5468 universalem
2339 5412 2704 5477 invalescere,
2738 5412 2883 5465 sicut
2942 5410 3127 5481 reipsa
3155 5408 3416 5474 invaluit,
3476 5410 3629 5480 quod

1934 5502 2113 5556 sancti
2162 5502 2437 5556 Henricus
2466 5506 2523 5554 et
2572 5499 2938 5570 Cunegundis
2986 5497 3047 5551 in
3098 5513 3200 5550 suo
3258 5496 3630 5552 matrimonio

1936 5590 2271 5659 virginalem
2331 5588 2739 5644 continentiam
2803 5592 3076 5657 perpetuo
3135 5587 3505 5642 servaverint.
3573 5587 3627 5639 Si
