3940 6314
281 358 346 410 59
1580 354 1634 409 S.
1680 353 1958 409 HENRICI
2003 350 2483 408 IMPERATORIS
3724 351 3793 402 60

283 477 439 535 enim
486 477 746 534 Kmlerus
786 481 899 531 tam
952 492 1122 546 sagax
1173 481 1258 530 est
1296 479 1360 531 ut
1415 481 1544 547 post
1589 474 1985 546 septingentos
2020 478 2064 529 Α
2103 473 2354 529 illustres
2403 472 2771 528 continentia!
2824 472 3105 559 imagines
3166 472 3234 528 ad
3272 474 3486 527 cultum
3519 477 3574 528 et
3603 472 3792 526 imita-

295 582 478 621 annos
506 583 572 621 ex
601 565 712 620 illis
745 565 980 620 Litaniis
1003 565 1278 620 odoretur
1297 564 1547 619 sobolem
1574 564 1810 634 regiam.
1846 579 1988 634 quo-

289 655 458 711 modo
487 653 952 723 Bambergenses,
987 653 1084 724 qui
1126 653 1374 708 Litanias
1424 653 1550 706 illas
1576 657 1835 722 tempore
1859 668 1987 704 san-

285 745 364 798 cti
391 742 612 798 Henrici
639 742 1035 802 decantaruut,
1069 749 1124 796 et
1148 742 1314 795 annis
1345 741 1778 812 insequentibus
1807 756 1990 811 usque

285 841 355 889 ad
399 837 522 889 haec
551 839 835 903 tempora,
865 832 924 886 in
972 833 1188 887 Libello
1239 832 1496 903 graduali
1527 831 1856 902 descriptas,
1890 847 1988 901 po-

284 939 386 977 nes
417 937 475 974 se
531 922 913 984 retinuerunt,
961 920 1168 990 saepius
1215 919 1605 990 inspexerunt,
1651 924 1708 972 et
1736 918 1863 972 aliis
1907 917 1991 970 in-

288 1010 612 1080 spiciendas
651 1009 1066 1075 exhibuerunt;
1105 1009 1412 1077 quomodo,
1465 1006 1724 1077 inquam,
1764 1006 1848 1059 illi
1881 1022 1994 1059 om-

289 1116 392 1153 nes
422 1099 562 1152 nihil
593 1114 846 1168 unquam
866 1097 934 1150 de
970 1096 1070 1150 tali
1101 1096 1220 1150 ﬁlia
1249 1097 1592 1166 cogitarunt,
1645 1099 1743 1148 aut
1789 1094 1991 1148 exinde

289 1185 683 1257 collegerunt?
726 1187 1049 1239 Fueruntne
1107 1200 1307 1236 omnes
1363 1199 1466 1251 per
1525 1189 1740 1252 septem
1786 1182 1993 1235 saecula

290 1276 434 1329 adeo
466 1273 701 1343 stupidi,
745 1277 807 1326 ut
855 1273 1046 1326 nullus
1076 1277 1304 1341 caperet
1346 1271 1702 1341 mysterium,
1735 1270 1795 1323 in
1848 1269 1992 1324 Lita-

293 1361 404 1415 niis
431 1359 807 1423 reconditum,
838 1359 991 1427 quod
1033 1373 1184 1411 nunc
1226 1357 1456 1410 tandem
1487 1356 1744 1410 Koelerus
1777 1357 1990 1411 mundo

289 1450 540 1502 revelat?
598 1449 665 1500 Et
710 1447 756 1500 si
807 1446 1276 1515 Bambergenses,
1329 1450 1586 1516 tempore
1626 1445 1680 1500 S.
1736 1444 1984 1510 Henrici,

289 1537 466 1591 ﬁliam
514 1537 636 1607 ejus
690 1539 993 1600 noverunt,
1044 1539 1101 1588 et
1129 1549 1232 1605 pro
1263 1549 1330 1587 ea
1382 1533 1609 1605 publice
1646 1533 1707 1586 in
1755 1533 1990 1587 Litaniis

291 1626 506 1697 precati
531 1627 684 1692 sunt,
732 1624 1023 1694 quomodo
1053 1628 1111 1676 et
1159 1621 1390 1693 quando
1438 1627 1750 1692 potuerunt
1801 1621 1988 1675 delabi

291 1714 351 1767 in
379 1729 502 1778 eam
530 1711 982 1785 persuasionem,
1009 1716 1070 1765 ut
1116 1710 1415 1764 crederent
1459 1710 1555 1765 SS.
1599 1709 1901 1763 Henricum
1935 1714 1990 1763 et
2022 1748 2058 1800 Β

293 1801 707 1873 Cunegundem
736 1799 795 1854 in
851 1817 951 1854 suo
990 1799 1258 1870 conjugio
1313 1798 1435 1870 pari
1464 1815 1734 1852 consensu
1791 1815 1990 1868 perpe-

292 1896 451 1944 tuam
479 1904 727 1955 servasse
749 1888 1162 1942 continentiam
1181 1887 1209 1942 ?
1236 1908 1263 1937 »

366 1980 453 2030 95.
506 1977 874 2045 lmportunus
925 1974 1196 2045 quaesitor
1255 1977 1339 2028 est
1384 1973 1700 2028 Pottuvius.
1764 1993 1791 2023 «
1845 1973 1992 2036 Quo-

293 2065 484 2130 modo,
509 2063 716 2134 inquit,
754 2063 825 2116 ad
852 2062 1006 2116 idem
1052 2061 1410 2116 sentiendum
1446 2066 1627 2114 totum
1662 2060 1992 2129 imperium,

295 2159 352 2207 et
374 2157 524 2206 totus
563 2152 674 2205 late
722 2151 1078 2206 Christianus
1125 2151 1279 2204 orbis
1337 2150 1527 2204 induci
1584 2149 1806 2220 potuit?
1835 2150 1991 2212 Quo-

299 2241 469 2295 modo
513 2239 918 2294 celeberrimus
947 2239 1085 2293 ordo
1131 2240 1194 2292 D.
1246 2237 1536 2292 Benedicti
1582 2239 1635 2292 S.
1684 2239 1994 2307 Cunegun-

300 2329 452 2395 dem,
484 2339 611 2398 post
643 2328 867 2382 obitum
914 2327 969 2382 S.
1027 2325 1273 2392 Henrici,
1309 2327 1377 2380 ad
1410 2325 1736 2380 emnohium
1782 2325 1995 2380 Confu-

300 2417 496 2487 giense
535 2416 785 2487 suscepit
815 2420 876 2469 ut
903 2415 1209 2486 virginem,
1247 2431 1303 2467 se
1328 2415 1598 2484 deinceps
1628 2414 1811 2485 ipsam
1857 2431 1994 2467 con-

299 2510 516 2559 stanter
564 2511 625 2559 ut
675 2505 851 2558 talem
906 2503 1108 2557 habuit
1161 2507 1216 2556 et
1262 2503 1460 2568 coluit,
1510 2503 1557 2555 si
1609 2502 1785 2568 scivit,
1841 2501 1996 2571 quod

301 2593 519 2648 nescire
561 2609 680 2647 non
712 2592 920 2662 potuit,
951 2591 1108 2645 illam
1140 2590 1200 2644 in
1237 2607 1339 2645 suo
1382 2591 1650 2661 conjugio
1681 2591 1851 2645 fuisse
1885 2606 1998 2643 ma-

301 2687 446 2736 trem
475 2681 607 2735 ﬁlize
633 2680 879 2750 regalis?
899 2681 1020 2743 Quo
1045 2681 1270 2739 saeculo.
1307 2685 1363 2732 ct
1393 2679 1538 2733 circa
1577 2694 1747 2749 quem
1780 2693 1996 2732 annum

305 2769 585 2823 memoria
599 2769 732 2823 ﬁliae
755 2767 922 2822 istius
940 2767 1263 2821 oblitterata
1283 2767 1410 2830 fuit,
1437 2773 1494 2821 et
1515 2768 1635 2836 ejus
1658 2768 1780 2821 loco
1803 2773 1999 2821 exorta

301 2856 595 2928 persuasio
640 2861 710 2910 de
767 2855 1033 2925 virginali
1091 2855 1446 2910 continentia
1501 2856 1593 2910 SS.
1643 2857 1999 2926 conjugum?

307 2948 380 3000 Ex
431 2944 708 3014 rescripto
741 2943 980 3015 Eugenii
1038 2944 1111 2997 111
1142 2947 1362 2997 constat
1403 2944 1611 2997 saeculo
1655 2960 1730 2998 xu
1795 2943 1850 2996 id
1875 2943 1997 3013 jam

305 3033 480 3089 fuisse
519 3032 821 3094 creditum,
883 3036 938 3086 et
981 3032 1251 3102 legitimis
1307 3031 1647 3086 testimoniis
1703 3032 1998 3085 conﬁrma-
2029 3021 2069 3075 C

308 3125 452 3187 tum,
497 3119 555 3174 S.
599 3117 924 3186 Henricum,
955 3118 1016 3172 in
1063 3123 1187 3172 toro
1216 3117 1388 3172 etiam
1437 3118 1694 3187 legitimo
1724 3120 1996 3188 positum,

308 3207 697 3278 integritatem
728 3207 1076 3261 castimoniae
1103 3223 1286 3278 usque
1340 3215 1413 3260 ad
1479 3206 1654 3260 ﬁnem
1703 3206 1831 3260 vita;
1862 3223 2000 3260 con-

310 3311 588 3350 servasse:
623 3295 671 3348 si
727 3295 934 3349 sasculo
981 3294 1313 3349 immediate
1351 3295 1708 3364 praacedente
1754 3295 1808 3350 S.
1861 3296 2000 3349 Hen-

310 3383 463 3438 ricus
491 3384 552 3438 in
582 3400 683 3437 suo
716 3383 984 3453 conjugio
1015 3383 1192 3438 ﬁliam
1226 3382 1446 3453 genuit,
1503 3388 1559 3437 et
1583 3399 1688 3453 pro
1719 3399 1786 3437 ea
1817 3384 1874 3436 in
1910 3385 2000 3437 Li-

310 3471 482 3526 taniis
513 3471 740 3543 publice
763 3471 1145 3542 supplicatum
1176 3471 1304 3536 fuit,
1339 3472 1468 3541 quis
1500 3471 1608 3525 sibi
1637 3474 1998 3541 persuadeat,

310 3561 562 3631 potuisse
591 3565 708 3614 tam
754 3559 926 3630 brevi,
948 3567 1204 3631 tempore
1249 3559 1582 3614 memoriam
1633 3560 2004 3614 nobilissimae

313 3648 491 3720 prolis
523 3647 730 3718 regalis
761 3647 912 3716 apud
940 3663 1138 3700 omnes
1188 3646 1397 3717 perire,
1429 3651 1487 3701 et
1543 3647 1814 3702 fecundos
1869 3665 2004 3702 con-

308 3738 477 3808 juges
524 3735 722 3790 haberi
754 3752 858 3806 pro
886 3735 1244 3806 virginibus?
1287 3735 1519 3790 Etiamsi
1565 3735 1625 3789 in
1655 3737 1847 3806 aliquo
1879 3754 2009 3790 con-

308 3823 475 3896 jugio
509 3825 667 3877 nulla
699 3838 970 3894 umquam
1019 3827 1288 3893 appareat
1325 3822 1566 3891 soboles,
1620 3823 1879 3877 homines
1923 3830 2008 3878 ta-

316 3929 452 3968 men
479 3912 787 3966 difﬁculter
815 3912 1168 3966 inducuntur
1195 3911 1267 3964 ad
1299 3911 1669 3978 credendum,
1694 3913 1842 3983 quod
1869 3915 2010 3968 tales

317 4001 588 4072 conjuges
643 4001 802 4070 prole
833 4004 1065 4054 careant
1112 4015 1175 4053 ex
1226 3999 1434 4053 virtute
1483 4006 1778 4070 perpetuae
1835 4001 2010 4055 conli-

318 4088 559 4155 nentizn;
609 4089 707 4142 sed
765 4087 821 4142 id
895 4086 1225 4142 adscribunt
1291 4087 1575 4142 sterilitati
1627 4093 1864 4154 naturas,
1918 4094 2014 4142 aut

319 4176 445 4231 aliis
475 4176 901 4248 impedimentis
923 4175 1299 4230 naturalibus.
1331 4176 1501 4230 Multo
1535 4176 1726 4231 minus
1753 4176 2014 4231 homines

322 4265 634 4337 propinqui
655 4264 806 4319 tetati
848 4264 940 4320 SS.
983 4265 1293 4334 conjugum
1317 4263 1608 4318 scivissent
1636 4281 1694 4318 se
1726 4265 1917 4318 induci
1945 4266 2012 4320 ad
2044 4302 2084 4356 Β

320 4353 662 4408 credendam
697 4357 1036 4424 perpetuam
1075 4368 1272 4407 eorum
1307 4353 1738 4420 continentiam,
1771 4353 1816 4405 si
1841 4353 1924 4406 illi
1956 4353 2014 4406 in

323 4458 425 4495 suo
449 4441 715 4511 conjugio
749 4441 1130 4511 suscepissent
1158 4441 1353 4503 ﬁliam,
1389 4441 1542 4510 quod
1591 4442 1789 4512 utique
1828 4440 2015 4495 homi-

324 4545 445 4594 nes,
475 4528 631 4583 aetati
661 4529 757 4583 isti
787 4529 927 4583 adeo
953 4528 1168 4583 vicinos
1196 4530 1370 4583 latere
1399 4545 1516 4582 non
1549 4531 1849 4599 potuisset.

396 4620 482 4671 96.
522 4641 540 4664 ι
581 4618 815 4670 Necesse
849 4622 935 4670 est
984 4616 1162 4686 igitur
1191 4617 1377 4678 fateri,
1435 4619 1650 4687 legatos
1680 4617 2019 4688 apostolicos

327 4707 396 4760 ab
431 4705 683 4774 Eugenio
723 4705 819 4765 111,
847 4704 920 4758 ad
949 4704 1353 4775 inquirendam
1385 4706 1466 4760 rei
1496 4706 1790 4761 veritatem
1813 4707 2018 4759 saeculo

325 4810 397 4848 xu
450 4793 822 4863 Bambergam
856 4793 1077 4859 missos,
1131 4793 1215 4848 uti
1259 4800 1317 4848 et
1360 4793 1572 4848 multos
1610 4793 1905 4864 religiosos
1957 4809 2021 4848 ac

326 4882 598 4936 discretos
651 4883 804 4935 viros
857 4898 976 4936 non
1027 4883 1276 4953 potuisse
1335 4882 1526 4937 induci
1579 4882 1648 4936 ad
1680 4883 2018 4937 credendam

327 4976 384 5024 et
413 4970 794 5024 attestandam
841 4971 1238 5040 integritatem
1282 4971 1632 5025 castimoniae
1689 4971 1742 5026 S.
1795 4972 2023 5026 Henrici

331 5076 509 5132 usque
537 5059 596 5112 in
647 5060 819 5113 ﬁnem
861 5061 1013 5128 vitae,
1044 5060 1091 5114 si
1122 5062 1207 5114 vel
1251 5062 1312 5115 in
1354 5060 1720 5115 matrimonio
1775 5077 1877 5114 suo
1925 5076 2022 5130 ge-

329 5149 546 5204 nuisset
573 5149 772 5214 ﬁliam,
805 5150 891 5202 vel
935 5149 982 5202 si
1031 5150 1101 5203 de
1149 5149 1246 5203 illa
1293 5149 1621 5218 integritate
1670 5148 2025 5206 castimonia;

331 5255 448 5291 non
516 5237 853 5292 habuissent
905 5237 1136 5303 indicia,
1197 5237 1526 5290 testimonia
1582 5242 1639 5292 et
1689 5243 2027 5306 argumenta

333 5332 485 5380 certa
537 5343 601 5378 ac
662 5326 898 5379 minime
954 5332 1244 5396 suspecta;
1278 5326 1335 5379 in
1384 5325 1595 5395 quibus
1631 5325 1814 5396 pietas
1863 5325 2025 5379 Chri-

333 5414 517 5468 stiana
549 5421 738 5484 posset
791 5415 996 5468 merito
1039 5415 1462 5485 conquiescere,
1497 5411 1579 5468 ‘et
1604 5413 1886 5468 memoria
1910 5419 2028 5468 tam

333 5502 574 5555 illustris
619 5504 867 5573 exempli
913 5520 1043 5557 cum
1072 5503 1276 5556 solatio
1318 5502 1430 5555 frui
1504 5503 1609 5557 Sed
1639 5519 1766 5556 cum
1791 5502 2028 5555 humani

335 5591 559 5660 generis
614 5591 793 5645 hostis
841 5592 1237 5662 indignissime
1294 5593 1439 5647 ferat
1495 5591 1553 5644 in
1611 5590 1852 5645 Ecclesia
1888 5591 2028 5645 adeo

2098 563 2314 616 tionem
2343 563 2529 632 palam
2559 560 2826 633 proponi,
2860 557 3018 614 actus
3050 561 3209 615 rabie
3239 566 3296 614 et
3315 560 3551 622 invidia,
3591 557 3798 612 nititur

2097 652 2326 704 easdem
2372 650 2533 704 tetris
2592 649 2877 704 coloribus
2934 651 3258 716 obscurare,
3322 649 3467 702 sicut
3504 648 3641 702 olim
3689 662 3799 716 per

2098 738 2467 794 iconoclastas
2521 738 2729 793 Christi
2779 744 2837 792 et
2884 739 3223 793 Sanctorum
3275 737 3554 807 imagines
3585 752 3651 790 ex
3685 736 3796 804 ho-ﬂ

2099 827 2321 881 minum
2375 826 2551 880 oculis
2591 825 2792 880 tullere
2823 831 3060 879 conatus
3102 825 3228 886 fuit,
3259 841 3328 878 ne
3359 824 3472 888 isti,
3501 839 3567 877 ex
3591 838 3794 876 earum

2097 921 2348 986 aspectu,
2411 915 2482 968 ad
2539 913 2818 967 imitanda
2876 914 3106 984 egregia
3170 913 3510 968 Sanctorum
3560 911 3795 965 illorum

2099 1002 2240 1056 facta
2297 1003 2693 1056 excitarentur.
2746 1021 2772 1051 υ
2835 1001 2907 1056 Os
2962 1001 3200 1055 durum!
3263 1001 3341 1054 mi
3403 1000 3641 1065 Koslere,
3693 999 3794 1054 sed

2099 1091 2249 1161 quod
2284 1095 2344 1144 tu
2373 1091 2432 1144 in
2463 1090 2713 1144 medium
2748 1094 2961 1144 temere
3009 1089 3315 1160 projecisti,
3368 1088 3582 1143 caeteris
3613 1103 3788 1158 argu-

2099 1179 2305 1232 mentis
2329 1180 2448 1249 jam
2480 1179 2706 1233 abunde
2746 1178 3009 1250 superius
3057 1177 3273 1233 dilutis.
3327 1179 3403 1232 Te
3457 1193 3636 1231 unum
3669 1175 3794 1229 haec

2091 1268 2281 1338 jacula
2337 1267 2573 1333 feriunt,
2627 1272 2798 1338 teque
2855 1267 2994 1321 adeo
3024 1272 3226 1337 petunt
3267 1280 3645 1336 quaecumque
3682 1265 3795 1317 hoc

2096 1359 2214 1410 toto
2259 1355 2617 1427 paragrapho
2673 1357 2960 1426 disputata
3001 1359 3160 1409 sunt:
3220 1361 3342 1408 tute
3393 1356 3502 1408 hoc
3561 1352 3793 1415 intristi,

2095 1443 2198 1498 tibi
2220 1460 2391 1497 omne
2419 1443 2777 1497 exedendum
2808 1449 2921 1510 est;
2950 1442 3117 1497 nobis
3169 1446 3470 1513 supersunt
3503 1440 3801 1511 praecipua

2099 1533 2437 1587 sanctissimi
2525 1532 2895 1602 Imperatoris
2962 1535 3122 1602 gesta
3193 1531 3615 1599 chronologice,
3690 1545 3800 1599 pro

2097 1625 2293 1675 nostro
2329 1620 2610 1688 instituto,
2634 1614 2964 1689 digerenda'.

2099 1728 2212 1795 §X.
2273 1728 2553 1794 Praecipua
2603 1727 2657 1781 S.
2719 1728 2937 1780 Henrici
2967 1730 3119 1791 gesta
3169 1725 3244 1778 ad
3291 1730 3585 1792 temporum
3643 1725 3804 1790 ordig

2169 1813 2290 1851 nem
2326 1803 2594 1860 revoca-ta,
2629 1813 2662 1848 a
2692 1800 2849 1864 regni
2880 1799 3160 1867 principio
3209 1796 3283 1849 ad
3319 1795 3612 1862 fundatam
3640 1797 3803 1849 eccle-

2172 1873 2309 1922 siam
2334 1868 2793 1935 Bumbergensem.

2173 1977 2259 2028 97.
2293 1974 2428 2037 Quas
2461 1979 2591 2026 ante
2622 1977 2910 2042 susceptas
2966 1972 3130 2041 regni
3163 1970 3414 2024 habenas
3444 1969 3804 2024 sanctissimo

2101 2062 2451 2132 Imperatore
2497 2064 2654 2129 gesta
2701 2065 2851 2128 sunt,
2885 2074 3016 2113 cum
3047 2074 3153 2112 nec
3184 2059 3322 2112 Vitas
3353 2056 3657 2128 scriptores
3695 2073 3805 2110 nec

2105 2150 2393 2204 Ditmarus
2448 2153 2546 2202 aut
2600 2148 2698 2201 alii
2747 2147 3210 2207 memoraverint,
3282 2147 3492 2200 frustra
3541 2163 3572 2200 a
3636 2146 3806 2200 nObis

2104 2253 2305 2291 eorum
2357 2237 2498 2290 ordo
2530 2236 2887 2307 requiratur;
2937 2235 3005 2289 ab
3055 2235 3276 2289 Ottonis
3326 2236 3397 2288 111
3437 2234 3592 2288 obitu
3627 2235 3808 2288 series

2104 2330 2299 2379 nostra
2330 2324 2650 2379 deducitur.
2685 2325 2880 2394 Neque
2937 2339 3070 2377 vero
3100 2324 3325 2392 singula
3354 2323 3686 2394 scrupulose
3716 2323 3808 2377 di-

2104 2413 2392 2474 scutimus,
2423 2411 2520 2465 sed
2569 2413 2858 2483 praecipua
2911 2427 3012 2465 seu
3043 2411 3356 2464 illustriora
3409 2417 3466 2464 et
3494 2411 3563 2464 ad
3595 2409 3809 2464 sancti-

2106 2507 2282 2556 tatem
2321 2506 2666 2570 caaterasque
2698 2517 2785 2554 res
2817 2501 2990 2554 totius
3022 2500 3184 2571 regni
3211 2499 3515 2569 etimperii
3545 2503 3808 2569 tempore

2107 2593 2291 2656 gestas
2349 2587 2680 2658 spectantia,
2745 2603 2988 2659 quasque
3038 2605 3071 2641 a
3131 2587 3446 2643 notissimae
3500 2587 3641 2640 Vita:
3703 2603 3810 2642 seu

2108 2677 2298 2746 potius
2327 2676 2497 2746 elogii
2527 2678 2902 2747 compilatore
2948 2680 3250 2746 Anonymo
3282 2693 3346 2729 ex
3395 2680 3553 2746 parte
3579 2691 3808 2729 memo-

2107 2771 2229 2819 rata
2254 2765 2488 2836 quidem
2520 2770 2671 2829 sunt,
2697 2770 2782 2818 ast
2818 2765 2901 2818 ita
2949 2765 3255 2818 commixta
3289 2769 3349 2818 ut
3390 2781 3676 2833 nusquam
3701 2781 3814 2834 ap-

2107 2857 2307 2924 pareat
2333 2869 2447 2924 quo
2481 2868 2630 2906 anno
2661 2853 2943 2922 alﬁgenda
2974 2853 3105 2916 sint,
3152 2857 3382 2906 auctore
3434 2853 3501 2906 ad
3537 2851 3657 2905 haec
3687 2858 3809 2908 tam

2109 2957 2313 3012 parum
2356 2944 2592 3005 attento,
2631 2944 2712 3007 ut,
2743 2941 2843 2995 ubi
2875 2957 3089 2994 annum
3133 2940 3422 3010 exprimit,
3464 2940 3816 3009 plerumque

2109 3046 2142 3083 a
2196 3034 2349 3083 recta
2380 3028 2754 3099 chronologia
2781 3029 3038 3092 deﬁecta,
3083 3028 3414 3098 exemplum
3450 3027 3523 3080 sit
3560 3027 3621 3080 in
3653 3027 3812 3096 ipso-

2110 3123 2228 3172 met
2250 3118 2368 3188 jam
2402 3116 2567 3171 dictae
2595 3117 2735 3170 Vitae
2766 3115 3068 3186 principio,
3099 3130 3274 3186 quam
3305 3117 3364 3168 in
3393 3114 3542 3168 hunc
3572 3113 3810 3167 modum

2111 3206 2362 3261 orditur:
2414 3208 2576 3258 Anno
2602 3205 2674 3259 ab
2726 3205 3116 3258 incarnatione
3152 3201 3382 3257 Domini
3414 3219 3494 3269 ui,
3543 3202 3610 3254 ab
3661 3201 3813 3256 Urbe

2110 3293 2335 3348 condita
2364 3309 2601 3360 unccul,
2645 3292 2850 3347 Ottone
2902 3307 3085 3361 puero
3144 3291 3344 3344 Romen
3393 3289 3674 3354 defuncto,
3709 3304 3812 3341 va-

2110 3386 2272 3436 cante
2304 3380 2468 3450 regni
2497 3379 2658 3446 solio,
2689 3396 2819 3434 cum
2849 3379 2918 3433 de
2977 3378 3238 3449 principe
3277 3376 3642 3447 subrogando
3673 3392 3813 3446 age-

2114 3475 2290 3536 retur,
2328 3470 2589 3524 omnium
2620 3474 2770 3535 vota,
2799 3473 2946 3522 nutu
2979 3467 3197 3534 divino,
3249 3466 3317 3520 ad
3358 3481 3492 3518 eum
3521 3463 3813 3518 inclinan-

2111 3563 2226 3625 tur,
2262 3558 2361 3630 qui
2391 3562 2526 3611 tunc
2554 3557 2614 3611 in
2645 3571 2824 3626 regno
2853 3555 3173 3610 habebatur
3192 3553 3541 3625 potissimus.
3579 3572 3602 3602 ι
3637 3553 3819 3607 Aber-

2114 3652 2244 3701 rant
2304 3645 2398 3700 hie
2449 3647 2802 3699 characteres
2869 3659 3050 3714 prope
3108 3658 3336 3697 omnes:
3413 3657 3600 3711 neque
3657 3641 3814 3695 enim

2118 3751 2267 3789 anno
2327 3735 2450 3788 1001
2510 3736 2772 3788 mortuus
2825 3737 2908 3785 est
2973 3731 3102 3787 Otto
3135 3731 3228 3796 lll,
3283 3730 3381 3784 sed
3427 3731 3593 3794 l00‘2,
3625 3744 3820 3800 neque

2118 3828 2241 3877 erat
2291 3838 2476 3876 annus
2507 3821 2668 3877 Urbis
2719 3820 2961 3874 condita:
3023 3823 3178 3874 1752.
3239 3819 3335 3872 sed
3392 3833 3528 3872 vero
3569 3816 3822 3870 similius

2122 3913 2286 3976 1754;
2311 3925 2498 3980 neque
2529 3911 2724 3964 Romae
2773 3913 3038 3962 mortuus
3065 3909 3197 3962 Otto
3232 3906 3356 3974 iste,
3407 3905 3506 3959 sed
3556 3907 3822 3960 Paternae

2121 4016 2224 4055 seu
2253 3998 2499 4066 Paterni,
2541 4003 2723 4052 castro
2771 3996 3096 4067 Campaniae
3146 3997 3440 4062 Romanac,
3483 3993 3542 4048 in
3601 3993 3823 4048 ditione

2124 4087 2386 4142 Ecclesiae
2440 4091 2612 4157 atque
2664 4087 2725 4140 in
2783 4085 3074 4140 maritimo
3131 4089 3336 4148 tractu,
3394 4082 3454 4136 in
3503 4097 3604 4135 ora
3644 4081 3825 4135 maris

2121 4176 2420 4248 Tyrrheni,
2479 4175 2577 4229 ubi
2628 4175 2765 4229 alias
2821 4174 2954 4227 villa
2981 4171 3149 4227 Plinii
3202 4170 3465 4241 junioris,
3508 4174 3651 4224 teste
3681 4170 3823 4223 Hol-

2125 4265 2328 4329 stenio,
2363 4262 2644 4334 quidquid
2675 4261 2772 4315 alii
2804 4278 2833 4314 a
2855 4261 2969 4314 situ
2997 4259 3287 4314 tantillum
3314 4259 3635 4313 deﬁectant.

2196 4355 2284 4406 98.
2312 4355 2358 4405 A
2389 4350 2487 4405 tali
2534 4349 2768 4404 exordio
2824 4348 2962 4420 quid
2994 4348 3054 4402 in
3084 4348 3285 4402 ordine
3319 4347 3388 4402 ad
3445 4344 3824 4417 digerendam

2127 4455 2320 4493 rerum
2372 4438 2578 4492 seriem
2626 4437 2844 4507 sperari
2889 4437 3089 4507 possit,
3141 4435 3306 4489 facile
3339 4434 3710 4504 intelligitur:
3761 4433 3825 4488 id

2125 4528 2290 4582 nobis
2317 4526 2676 4598 potissimum
2720 4542 2870 4580 curas
2901 4526 3004 4579 erit
3053 4530 3114 4577 ut
3160 4524 3373 4576 salvam
3419 4538 3614 4576 rerum
3678 4523 3828 4575 veri-

2126 4621 2301 4672 tatem
2334 4617 2391 4670 in
2433 4621 2671 4682 rectum,
2705 4615 2897 4686 quoad
2928 4613 3053 4668 ﬁeri
3084 4612 3314 4683 poterit,
3347 4610 3603 4665 ordinem
3648 4611 3826 4664 chro-

2128 4703 2472 4774 mologicum
2516 4703 2864 4774 redigamus,
2913 4700 3142 4769 adjectis
3197 4713 3631 4769 nonnumquam
3663 4704 3721 4752 et
3755 4699 3832 4753 ad

2125 4793 2388 4864 proprios
2421 4792 2595 4846 etiam
2650 4792 2786 4846 hinc
2813 4791 2946 4844 inde
2975 4804 3154 4842 annos
3195 4787 3468 4843 revocatis
3515 4785 3832 4855 largissimi

2127 4883 2188 4937 in
2236 4881 2497 4936 ecclesias
2536 4885 2594 4934 et
2641 4878 2986 4934 monasteria
3018 4877 3382 4947 Imperatoris
3420 4875 3834 4930 donationibus

2131 4976 2187 5025 et
2219 4969 2558 5041 privilegiis,
2608 4983 2858 5039 quorum
2912 4982 3042 5021 cum
3093 4967 3213 5036 jam
3269 4965 3578 5034 scriptores
3633 4964 3833 5033 plures

2133 5059 2523 5125 meminerint,
2556 5058 2720 5112 nobis
2759 5074 2828 5110 ea
2848 5057 3033 5111 obiter
3059 5055 3315 5125 attigisse
3364 5052 3665 5107 suffecerit.
3708 5052 3831 5106 Cae-

2132 5165 2307 5202 sarem
2349 5147 2443 5202 isti
2484 5147 2732 5217 profusas
2766 5147 2944 5200 ferme
2993 5142 3324 5200 liberalitati
3354 5159 3387 5195 a
3425 5139 3586 5211 regni
3609 5140 3834 5210 princi-

2134 5236 2230 5307 pio
2255 5236 2567 5290 intendisse
2603 5234 2858 5288 invenies
2903 5233 3051 5302 apud
3099 5230 3487 5286 Mabillonium
3544 5227 3604 5281 in
3642 5230 3836 5281 Anna-

2135 5323 2284 5378 libus
2305 5323 2766 5377 Benedictinisad
2787 5337 3003 5374 annum
3036 5321 3189 5383 1002,
3213 5334 3342 5388 pag.
3380 5319 3497 5382 l59,
3544 5331 3704 5369 num.
3739 5319 3832 5381 26,

2137 5413 2274 5466 dum
2331 5409 2864 5478 aream‘quamdam
2905 5407 3057 5460 intra
3114 5422 3305 5460 muros
3362 5405 3516 5458 urbis
3563 5403 3833 5458 Ratisbo-

2140 5499 2330 5554 nensis
2381 5497 2674 5552 Altahensi
2733 5497 3080 5551 monasterio
3135 5494 3321 5561 dedit;
3381 5499 3439 5547 et.
3497 5493 3665 5563 plura
3719 5493 3837 5546 alia

2142 5590 2362 5658 majora
2419 5585 2696 5641 beneﬁcia
2743 5585 2928 5640 eidem
2976 5583 3323 5638 monasterio
3372 5580 3637 5652 prazstitit
3666 5581 3835 5634 annis
