3940 6340
156 337 208 388 61
312 392 315 395 ,
1804 338 1878 393 Al;

3593 341 3662 395 62

153 456 547 528 sequentibus,
596 474 844 530 quorum
902 447 1218 530 diplomata
1267 460 1494 516 exhibet
1558 464 1853 518 Gretserus
1890 464 2107 519 Α1004
2136 463 2525 536 consignatur,
2561 468 2622 519 ut
2678 478 2749 519 ex
2799 462 3125 517 clarissimis
3172 461 3372 517 eurum
3412 464 3663 518 textibus

156 547 218 601 ad
245 548 467 602 calcem
500 548 902 619 vulgatissimae
930 550 1092 618 Vitas,
1124 568 1157 603 a
1203 566 1333 621 pag.
1394 553 1481 605 ὃὸ.
1515 552 1625 605 Νο0
1654 550 1861 605 desunt

159 637 510 691 ﬁenricianas
542 638 950 691 muniﬁcentiae
998 644 1338 709 argumenta
1367 639 1516 709 apud
1570 639 1857 693 Hundium

156 715 218 775 iu
247 740 351 776 sua
384 716 1142 797 MetropoliSalisburgensi,
1199 732 1262 780 ut
1308 728 1455 794 vide,
1507 744 1638 798 pag.
1676 730 1774 783 140
1806 734 1862 782 01

156 812 326 865 alibi:
364 813 506 875 Qua:
535 814 604 865 ad
639 816 1001 884 Westpbaliae
1034 832 1131 869 seu
1162 815 1420 870 Saxoniae
1451 822 1637 887 partes
1687 818 1861 871 redu-

157 890 361 954 cuntur
395 902 449 955 8.
515 901 742 956 llenrici
777 903 1071 972 privilegia
1102 909 1158 956 et
1204 903 1563 972 donationes,
1597 907 1653 958 in
1685 922 1861 959 annos

158 1006 417 1058 quosque
448 1006 583 1042 suos
616 990 847 1043 uberius
877 997 932 1045 et
970 992 1300 1061 diligentius
1346 993 1634 1047 distribuit
1665 999 1861 1047 et.ac-

158 1083 345 1130 curate
379 1078 657 1147 explicuit
687 1084 877 1132 noster
933 1080 1196 1134 Nicolaus
1250 1082 1491 1136 Schaten
1526 1083 1585 1135 in
1622 1083 1861 1136 Annali-

159 1166 256 1218 bus
288 1166 883 1233 Paderbornensibus,
917 1168 1015 1221 lib.
1049 1186 1121 1237 ιν,
1152 1185 1185 1222 8
1242 1186 1374 1239 pag.
1409 1173 1532 1235 362,
1591 1170 1743 1241 quod
1774 1171 1866 1223 hic

160 1254 437 1307 indicasse
471 1256 611 1308 satis
649 1262 732 1309 est
766 1273 777 1309 :
826 1257 946 1310 Vita
975 1258 1036 1312 S.
1102 1257 1416 1312 Meinwerci
1470 1259 1614 1312 dona
1673 1257 1866 1329 potius

158 1342 276 1412 ipsa
304 1359 485 1413 quam
518 1344 896 1399 instrumenta
926 1350 1245 1399 enumerat.
1305 1347 1429 1400 Alia
1467 1363 1664 1401 rursus
1694 1347 1867 1401 habet

160 1431 427 1484 laudatus
457 1432 841 1498 Mabillonius,
875 1450 1002 1503 pag.
1044 1437 1135 1489 161
1173 1454 1189 1502 ;
1219 1451 1321 1488 nos
1344 1435 1635 1504 praeﬁxam
1660 1435 1864 1489 seriem

158 1519 545 1573 exordiamur.

229 1610 318 1660 99.
356 1608 442 1661 Ad
501 1614 613 1662 tres
642 1609 859 1679 primos
889 1610 1052 1682 regni
1110 1612 1163 1666 S.
1222 1612 1444 1666 Henrici
1494 1628 1672 1666 annos
1712 1613 1865 1683 quod

163 1695 393 1759 attinet,
424 1696 486 1749 in
532 1696 604 1750 iis
660 1703 955 1769 tantopere
1013 1700 1387 1754 laborandum
1430 1690 1703 1767 nouerit,
1736 1718 1864 1755 cum

163 1802 250 1839 res
308 1802 379 1839 eo
425 1790 684 1856 tempore
744 1793 929 1856 gestas
976 1788 1109 1841 satis
1160 1790 1418 1858 apposite
1460 1790 1779 1844 distinxerit
1808 1794 1865 1843 et

164 1874 521 1927 ordinaverit
561 1875 824 1928 laudatus
876 1892 1046 1946 supra
1099 1877 1522 1947 Ultrajectensis
1568 1878 1865 1949 episcopus

162 1962 538 2027 Adelboldus,
567 1979 759 2016 rerum
791 1979 971 2033 prope
1000 1965 1259 2019 omnium
1281 1965 1439 2019 testis
1464 1967 1722 2020 oculatus
1755 1983 1767 2032 ;
1803 1970 1867 2019 ut

162 2050 254 2104 hic
284 2051 638 2105 audiendum
672 2053 907 2106 omnino
953 2069 1069 2106 non
1101 2059 1298 2123 putem
1328 2054 1573 2108 Alberici
1619 2053 1867 2108 Chroni-

163 2155 289 2203 con,
323 2139 466 2193 dum
494 2139 552 2192 in
584 2140 708 2209 ipso
734 2142 874 2203 solo,
908 2142 1226 2195 tacentibus
1264 2142 1692 2208 vetustioribus,
1723 2142 1867 2195 mira

165 2226 306 2295 tingi
338 2227 531 2296 potius
557 2244 731 2298 quam
773 2245 901 2282 vere
949 2230 1171 2283 narrari
1224 2230 1487 2284 videntur
1532 2231 1599 2284 ad
1651 2247 1868 2284 annum

172 2318 305 2369 1003
365 2315 436 2368 de
486 2317 703 2369 Windis
757 2334 852 2371 seu
916 2318 1153 2373 Winidis
1208 2319 1436 2389 populis
1491 2319 1871 2373 idololatrisa

168 2403 225 2457 S.
272 2403 518 2458 Henrico
551 2420 653 2473 per
678 2404 733 2458 id
756 2410 981 2476 tempus
1002 2406 1337 2476 subjugatis,
1365 2424 1610 2477 quorum
1639 2406 1870 2476 regibus

171 2491 511 2561 hujusmodi
550 2493 888 2548 anecdotum
943 2496 1223 2566 applicat:
1264 2518 1283 2544 α
1320 2495 1435 2549 Hos
1462 2498 1703 2566 populos
1729 2496 1873 2549 Hen-

173 2580 325 2634 ricus
352 2580 690 2634 tributarios
728 2581 879 2648 fecit,
914 2582 992 2636 ita
1032 2588 1098 2637 ut
1137 2584 1210 2637 in‘
1240 2584 1505 2637 omnibus
1549 2584 1873 2637 solemnita~

167 2669 321 2723 tibus
350 2669 561 2738 quibus
593 2671 993 2737 coronabatur,
1026 2677 1271 2742 quatuor
1301 2688 1464 2744 reges
1493 2688 1690 2726 eorum
1716 2674 1870 2726 lebe-

167 2764 307 2824 tem,
343 2774 460 2827 quo
493 2774 690 2811 carnes
721 2759 1155 2825 condiebantur,
1178 2760 1239 2814 in
1278 2761 1533 2814 humeris
1564 2761 1699 2827 suis,
1733 2762 1872 2814 duo-

165 2848 271 2900 bus
304 2847 583 2913 vectibus,
616 2863 720 2917 per
775 2850 1021 2901 annulos
1078 2855 1325 2920 quatuor
1381 2849 1651 2916 inductis,
1680 2851 1750 2904 ad
1784 2866 1873 2902 co-

166 2935 411 3005 quinam
460 2934 823 2989 vectitarent.
886 2958 906 2983 -
970 2937 1132 2991 Fides
1183 2938 1254 2991 sit
1306 2954 1482 3008 penes
1557 2944 1869 2992 auctorem.

165 3025 408 3077 Saniora
438 3024 606 3093 longe
641 3029 775 3077 sunt
806 3040 935 3094 quas
970 3025 1319 3080 Adelboldus
1375 3026 1684 3097 diligenter
1713 3042 1873 3080 com-
1906 3014 1946 3068 Ο

166 3118 473 3174 memorat,
538 3128 628 3165 res
686 3128 883 3165 omnes
957 3115 1137 3168 sancti
1196 3115 1567 3184 Imperatoris
1613 3120 1873 3169 accurate

166 3200 502 3269 complexus
534 3199 603 3253 ab
636 3199 801 3253 obitu
856 3200 1166 3254 decessoris
1220 3202 1441 3257 Ottonis
1483 3204 1555 3257 III
1586 3218 1768 3273 usque
1802 3202 1871 3256 ad

166 3290 387 3343 bellum
434 3288 818 3355 Slavonicum,
862 3294 989 3359 post
1040 3291 1286 3360 primam
1334 3291 1395 3344 in
1432 3291 1655 3345 Italiam
1695 3307 1873 3361 expe-

171 3378 455 3431 ditionem
495 3377 551 3431 S.
585 3377 811 3431 Henrici
838 3382 974 3432 Acta
1004 3395 1357 3449 percensens,
1394 3396 1523 3449 quas
1554 3379 1774 3433 utinam
1804 3379 1875 3433 ad

172 3466 350 3519 linem
385 3481 568 3535 usque
611 3465 756 3533 vitae,
816 3467 1014 3520 eadem
1045 3468 1314 3521 methodo
1363 3473 1417 3520 et
1442 3468 1551 3521 ﬁde
1579 3468 1872 3537 perducta,

173 3554 243 3607 ad
270 3570 376 3607 nos
406 3553 741 3607 transmissa
792 3554 1032 3609 fuissent
1066 3553 1076 3608 !
1112 3556 1207 3609 Vel
1271 3555 1378 3609 hoc
1428 3556 1736 3610 dolendum
1768 3562 1873 3620 est,

175 3643 331 3714 quod
362 3642 427 3696 in
452 3649 726 3713 apparatu
752 3645 821 3698 ad
846 3644 1180 3714 praedictum
1226 3644 1441 3698 bellum
1489 3645 1877 3715 fragmentum

174 3737 443 3787 nostrum
474 3731 718 3785 deﬁciat.

251 3822 374 3875 100.
412 3820 537 3874 Νο11
570 3835 702 3873 eum
741 3818 954 3873 fontem
985 3820 1269 3873 consuluit
1318 3820 1695 3885 Hofmannus,
1740 3819 1878 3873 dum

176 3910 232 3963 in
259 3908 577 3964 Annalibus
603 3908 720 3961 suis
780 3908 1286 3978 Bambergensibus
1328 3925 1360 3961 a
1402 3909 1503 3963 col.
1538 3912 1603 3963 35
1630 3909 1882 3979 plurima

172 3993 542 4047 commiscuit
569 4011 601 4048 a
643 3996 875 4049 veritate
927 4001 982 4049 et
1036 4004 1193 4051 recta
1234 3997 1601 4065 chronologia
1650 4013 1881 4067 prorsus

174 4081 390 4146 aliena,
424 4099 552 4154 quas
585 4099 651 4137 ex
682 4084 799 4137 sola
854 4084 1158 4139 collatione
1205 4101 1334 4139 011111
1393 4085 1691 4141 Adelboldi
1717 4086 1880 4139 dictis

176 4170 414 4239 penitus
473 4173 913 4237 convelluntur;
975 4189 1137 4244 aeque
1195 4191 1259 4228 ac
1313 4174 1513 4228 ﬁctitia
1539 4175 1590 4229 8.
1656 4174 1877 4227 Henrici

176 4259 385 4313 electio
420 4277 452 4311 a
479 4266 696 4329 septem
728 4261 961 4331 Imperii
1014 4262 1383 4328 Electoribus,
1420 4280 1485 4316 eo
1529 4268 1792 4333 tempore
1824 4267 1875 4315 et
1908 4298 1951 4350 Β

180 4347 378 4401 multis
411 4348 583 4402 etiam
614 4356 744 4418 post
764 4351 927 4403 annis
959 4350 1019 4404 in
1051 4352 1351 4407 Germania
1395 4352 1637 4405 necdum
1682 4351 1878 4421 cogni-

174 4436 268 4503 tis,
297 4452 432 4506 qua:
466 4453 568 4491 nos
599 4438 691 4492 hic
724 4439 845 4492 aliis
906 4440 1266 4494 discutienda
1293 4444 1349 4494 et
1387 4441 1687 4495 refutanda
1710 4439 1882 4493 relin-

177 4526 438 4595 quimus.
471 4527 646 4581 Paulo
695 4528 1008 4581 accuratior
1062 4533 1145 4582 est
1174 4529 1234 4582 in
1262 4528 1330 4581 iis
1360 4529 1722 4583 recensendis
1754 4545 1884 4599 qua:

182 4614 251 4667 ad
310 4614 906 4671 muniﬁcentissimam
961 4618 1212 4672 ecclesia:
1268 4618 1702 4688 Bambergensis
1759 4617 1881 4671 fun-

181 4703 477 4757 dationem
508 4720 541 4756 a
566 4706 670 4758 col.
705 4706 772 4757 40
811 4707 1020 4769 retulit,
1078 4710 1143 4759 ut
1198 4706 1348 4759 infra
1396 4706 1653 4776 pluribus
1679 4721 1887 4775 expen-

182 4794 405 4847 demus.
442 4793 529 4846 Ad
556 4792 936 4848 Adelboldum
979 4796 1355 4865 regredimur,
1389 4795 1448 4847 in
1498 4796 1660 4865 cujus
1687 4809 1884 4847 narra-

184 4883 344 4935 tione
374 4882 664 4952 praacipue
718 4882 1134 4937 observandum
1164 4885 1315 4953 quod
1375 4884 1549 4937 trium
1601 4897 1885 4936 annorum

183 4971 390 5041 spatio,
424 4987 632 5042 nempe
665 4971 827 5024 annis
888 4975 1043 5037 1002,
1104 4975 1234 5028 1003
1284 4978 1339 5027 01
1401 4974 1533 5027 1001
1589 4973 1889 5027 contrahat

184 5076 315 5130 quae
345 5060 444 5114 alii
472 5075 604 5114 cum
631 5060 909 5127 Ditmaro,
935 5063 1003 5116 ab
1054 5063 1523 5128 amanuensibus,
1576 5061 1685 5115 nisi
1714 5062 1885 5115 vehe-

184 5153 407 5203 menter
433 5148 620 5216 fallor,
660 5154 948 5220 corrupto,
983 5150 1049 5203 ad
1081 5154 1347 5221 quatuor,
1376 5150 1431 5204 id
1489 5156 1574 5204 est
1605 5166 1785 5221 usque
1817 5150 1887 5205 ad

182 5253 395 5290 annum
424 5238 558 5291 1005
589 5237 903 5290 extendunt
931 5253 945 5301 ;
993 5238 1141 5307 apud
1191 5254 1334 5307 quos
1385 5238 1572 5307 prima
1600 5238 1699 5291 illa
1718 5254 1886 5307 expe-

182 5326 324 5380 ditio
355 5326 572 5389 Italica,
594 5342 624 5379 a
654 5326 710 5380 S.
730 5325 970 5379 Henrico
1000 5331 1280 5397 suscepta,
1316 5328 1452 5381 dum
1483 5326 1689 5379 misera
1717 5326 1889 5397 Papia

187 5415 241 5469 in
272 5416 492 5469 favillas
519 5430 703 5484 prope
748 5415 972 5467 redacta
1029 5421 1136 5479 est,
1195 5431 1345 5468 anno
1402 5418 1535 5469 1005
1586 5431 1887 5486 perperam

184 5503 513 5569 innectitur,
556 5518 687 5575 quas
717 5502 787 5556 ab
813 5503 1146 5571 Adelboldo,
1181 5505 1632 5575 Chronograpbo
1669 5505 1888 5559 Saxone

189 5599 241 5646 et
297 5593 619 5648 Annalibus
694 5593 1215 5648 Hildesemensibus
1277 5593 1679 5648 dissertissime
1735 5610 1887 5646 anno

1969 553 2262 607 evidenter
2280 554 2725 619 demonstratur,
2756 552 3115 623 probantque
3147 552 3319 607 etiam
3347 552 3416 606 ad
3437 554 3666 606 oculum

1969 640 2335 696 solennitates
2381 642 2654 696 festorum
2709 646 2825 694 toto
2892 641 3079 710 primo
3135 643 3299 711 regni
3346 640 3403 695 8.
3440 640 3665 695 Henrici

1969 730 2217 784 triennio
2246 732 2677 795 celebratorum,
2723 746 2851 801 qua:
2884 730 2971 783 vel
3014 745 3077 783 ex
3112 728 3237 799 ipso
3270 728 3526 783 Ditmaro
3560 744 3663 798 pa-

1970 818 2110 872 riter
2135 824 2436 873 eruuntur.

2048 910 2164 962 101.
2192 907 2445 965 interim
2502 906 2623 977 ipse
2655 906 2733 960 sic
2790 907 2998 960 librum
3046 921 3215 959 suum
3256 910 3477 959 sextum
3512 903 3667 958 ordi-

1971 1003 2109 1051 tur:
2145 1016 2172 1045 ‹‹
2222 998 2358 1051 Post
2413 997 2769 1049 salutiferam
2823 996 3178 1049 intemeratas
3238 993 3481 1063 Virginis
3540 1009 3669 1064 par-

1970 1088 2117 1148 tum,
2182 1088 2575 1137 consummata
2626 1082 2931 1136 millenarii
3013 1082 3163 1135 linea
3220 1081 3447 1134 numeri
3498 1086 3554 1133 et
3611 1080 3669 1133 in

1973 1171 2172 1241 quinto
2198 1171 2501 1224 cardinalis
2542 1171 2756 1224 ordinis
2801 1172 2944 1236 loco,
2976 1187 3040 1223 ac
3070 1171 3129 1224 in
3161 1170 3419 1238 ejusdem
3451 1173 3669 1239 quartze

1972 1259 2136 1313 initio
2166 1259 2540 1313 hebdomadte
2590 1259 2647 1313 in
2691 1258 2998 1313 Februario
3055 1274 3269 1323 mense,
3316 1258 3416 1327 qui
3460 1274 3667 1327 purga-

1974 1348 2156 1401 torius
2186 1347 2411 1413 dicitur,
2462 1348 2677 1401 clarum
2742 1363 2909 1400 mane
2940 1347 3127 1400 illuxit
3180 1347 3406 1410 saeculo,
3442 1350 3498 1399 et
3529 1347 3671 1399 Hen-

1974 1438 2127 1490 ricus
2151 1436 2344 1490 divina
2396 1437 2580 1506 gratia
2634 1452 2749 1499 rex,
2783 1441 3203 1489 antecessorum
3263 1450 3496 1488 suorum
3550 1450 3667 1487 nte-

1975 1541 2108 1578 vum
2139 1525 2371 1594 cupiens
2397 1524 2729 1589 emundare,
2782 1523 3004 1593 sibique
3055 1524 3280 1576 veniam
3306 1550 3318 1561 ~
3339 1536 3671 1591 promerere

1977 1620 2270 1674 aeternam.
2307 1612 2596 1684 dispositis
2652 1613 2963 1666 secundum
3019 1611 3227 1665 suimet
3279 1611 3551 1680 placitum
3599 1610 3669 1661 ad

1900 1740 1936 1792 Β
1978 1704 2082 1756 hoc
2164 1702 2587 1773 pertinentibus
2658 1700 2892 1767 cunctis,
2962 1698 3212 1770 perrexit
3293 1699 3363 1751 ad
3438 1698 3673 1752 domum

1976 1806 2157 1856 suam,
2193 1790 2291 1843 ubi
2354 1806 2412 1843 se
2467 1789 2837 1859 corporaliter
2881 1803 3107 1857 semper
3154 1786 3369 1839 solebat
3415 1786 3670 1850 reticere,

1975 1885 2031 1933 et
2057 1879 2153 1932 ubi
2192 1878 2513 1933 desiderato
2548 1878 2643 1931 diu
2676 1878 2949 1931 alimento
2983 1876 3278 1945 paululum
3342 1874 3673 1926 reﬁceretur

1975 1967 2035 2020 in
2057 1972 2298 2033 mente;
2366 1981 2800 2035 convocansque
2839 1965 2909 2017 ad
2956 1981 3014 2017 se
3072 1980 3271 2017 omnes
3326 1961 3492 2031 regni
3547 1961 3670 2030 pri-

1976 2061 2177 2121 mates,
2224 2055 2383 2109 dedit
2464 2053 2854 2124 episcopatum
2911 2057 3119 2105 sancta-3
3186 2047 3672 2118 Merseburgensis

1976 2144 2227 2197 ecclesiae
2294 2144 2585 2212 capellano
2648 2139 2855 2195 suimet
2934 2140 3241 2211 Wigberto.
3276 2162 3301 2184 ››
3352 2136 3545 2207 Pergit
3605 2153 3673 2190 ea

1976 2232 2226 2287 indicare
2262 2232 2543 2284 Ditmarus
2574 2247 2702 2301 quae
2722 2247 2848 2300 cap.
2905 2233 2934 2283 3
2974 2234 3031 2282 et
3060 2228 3093 2282 4
3124 2231 3404 2281 memorat
3439 2230 3671 2293 Anony-

1981 2336 2124 2387 mus,
2162 2318 2304 2372 nulli
2354 2318 2541 2372 ordini
2594 2318 2816 2382 allixus,
2873 2332 2939 2371 ex
2998 2316 3158 2386 cujus
3215 2330 3385 2368 sensu
3424 2310 3674 2383 praemit-

1976 2410 2151 2463 tenda
2209 2413 2293 2461 est
2340 2409 2394 2463 S.
2454 2406 2677 2462 Henrici
2734 2412 3021 2477 reportata
3081 2406 3151 2459 de
3202 2404 3379 2458 Slavis
3440 2399 3675 2455 victoria

1978 2497 2328 2551 restitutioni
2359 2497 2610 2550 ecclesia
2639 2494 3145 2565 Merseburgensis,
3174 2498 3236 2545 ut
3278 2496 3408 2562 pote
3448 2505 3578 2562 quas
3609 2504 3672 2541 ex

1979 2586 2351 2640 celeberrimo
2385 2591 2511 2639 voto
2542 2585 2683 2637 facta
2719 2584 2808 2649 sit,
2866 2588 2995 2636 ante
3043 2599 3166 2635 eam
3212 2580 3507 2634 victoriam
3536 2593 3672 2630 con-

1979 2680 2163 2745 cepto,
2218 2674 2286 2728 de
2338 2691 2450 2744 quo
2518 2672 2728 2725 mirum
2776 2678 2861 2724 est
2917 2671 3234 2724 Ditmarum
3293 2667 3499 2721 clarius
3560 2681 3674 2718 non

1980 2762 2327 2825 meminisse,
2384 2777 2734 2832 quamquam
2780 2760 2849 2814 ad
2906 2759 3048 2813 illud
3110 2757 3362 2814 alludere
3416 2754 3675 2807 videatur

1978 2853 2159 2907 tribus
2208 2851 2426 2905 ultimis
2484 2848 2655 2921 elogii
2699 2848 2962 2919 superius
3014 2846 3133 2901 dati
3187 2843 3498 2899 versiculis.
3560 2843 3674 2896 118-

1981 2958 2092 3012 que
2136 2942 2259 3011 ipso
2302 2940 2400 2993 illo
2455 2956 2605 2993 anno
2660 2940 2816 3005 1001,
2867 2943 2965 2990 8111
3012 2936 3156 2990 forte
3221 2931 3586 3005 praecedenti,
3615 2934 3677 2983 ut

1986 3030 2083 3084 alii
2123 3033 2392 3089 statuunt,
2460 3028 2693 3082 obtenta
2748 3032 2833 3081 est
2890 3025 3166 3096 praedicta
3214 3022 3468 3088 victoria,
3500 3034 3674 3092 quam

1987 3117 2322 3173 instauratio
2381 3117 2489 3170 ista
2528 3114 3011 3181 Merseburgensis
3068 3113 3319 3167 ecclesia:
3379 3111 3676 3165 subsecuta

1985 3209 2074 3262 sit.
2108 3207 2196 3261 Sic
2225 3206 2296 3260 ad
2326 3205 2538 3260 dictum
2567 3220 2781 3258 annum
2827 3204 2959 3257 1001
3016 3202 3269 3273 loquitur
3321 3202 3678 3255 Hcrmannus

1985 3298 2317 3350 Contractus
2348 3312 2364 3346 :
2397 3316 2421 3343 (ι
2458 3292 2730 3347 Henricus
2756 3308 2855 3346 rex
2887 3291 3106 3345 Italiam
3162 3294 3380 3359 petens,
3414 3286 3521 3340 sibi
3551 3301 3677 3339 eam

1985 3384 2213 3455 subjicit
2244 3400 2256 3437 :
2290 3382 2517 3453 Papiam
2546 3381 2669 3451 ipsa
2700 3381 2789 3435 die
2811 3396 2924 3450 qua
2959 3383 3262 3433 coronatus
3320 3380 3420 3439 est,
3462 3376 3679 3429 irrum-

1984 3489 2144 3544 pens,
2170 3471 2357 3542 gladio
2404 3476 2460 3523 et
2487 3470 2619 3538 igne
2668 3467 3029 3538 perdomuit:
3074 3466 3225 3520 unde
3281 3465 3340 3518 in
3371 3462 3677 3518 Saxoniani

1985 3560 2228 3623 rediens,
2281 3557 2595 3613 Bohemian
2643 3562 2700 3610 et
2754 3555 3075 3609 Bolezlaum
3126 3553 3329 3608 ducem
3381 3552 3679 3606 Slavorum

1987 3665 2115 3703 cum
2149 3652 2268 3701 tota
2296 3651 2464 3717 gente
2495 3644 2837 3714 subjugavit.
2875 3664 2901 3695 ››

2063 3739 2182 3793 102.
2245 3737 2367 3791 Non
2448 3732 2949 3801 dissimulaverim,
3030 3735 3213 3786 totam
3278 3730 3437 3784 illam
3490 3744 3614 3798 cap.
3645 3728 3680 3781 -1

1991 3828 2323 3881 adornatam
2353 3822 2639 3894 Anonymi
2673 3816 3079 3882 narrationem,
3114 3825 3199 3875 tot
3254 3820 3413 3874 miris
3450 3824 3684 3889 porten-

1993 3916 2062 3971 tis
2092 3915 2403 3986 palliatam,
2437 3928 2734 3982 nunquam
2798 3911 2939 3965 mihi
2985 3910 3284 3981 placuisse,
3322 3925 3388 3963 eo
3439 3922 3684 3978 praeser-

1990 4005 2117 4070 tim,
2152 4001 2556 4074 urgentissimo
2582 4001 2643 4054 in
2668 4000 2755 4054 his
2803 3999 3087 4070 adjunctis
3140 4003 3503 4068 argumento,
3532 3993 3685 4065 quod

1995 4092 2300 4157 Ditmarus,
2352 4106 2541 4143 rerum
2597 4087 2857 4142 omnium
2915 4093 3036 4141 tum
3093 4092 3381 4156 gestarum
3433 4082 3687 4138 oculatus

1989 4180 2147 4234 testis
2168 4185 2224 4232 et
2262 4179 2524 4248 scriptor,
2586 4174 3065 4245 Merseburgensis
3108 4173 3359 4229 ecclesias
3412 4188 3529 4225 suae
3571 4171 3686 4223 rui-

1992 4286 2143 4331 nam,
2211 4268 2494 4321 bonorum
2550 4266 2673 4335 ejus
2722 4264 3155 4328 alienationem,
3213 4278 3275 4314 ac
3324 4261 3556 4314 demum
3588 4273 3688 4328 per

1989 4360 2042 4413 8.
2077 4356 2383 4411 Henricum
2432 4352 2902 4407 restaurationem
2962 4355 3078 4403 tam
3138 4348 3375 4403 sollicite
3424 4352 3480 4401 et
3519 4363 3688 4399 accu—

1996 4452 2114 4500 rate
2148 4460 2492 4509 memorans,
2516 4442 2584 4495 de
2612 4446 2693 4494 tot
2723 4440 3031 4505 miraculis,
3060 4438 3140 4492 ibi
3180 4454 3213 4491 a
3235 4436 3371 4491 Vitas
3413 4435 3690 4506 scriptore

1994 4533 2369 4603 conglobatis,
2428 4546 2542 4584 non
2622 4528 2964 4595 meminerit,
3024 4542 3307 4598 nusquam
3368 4526 3569 4579 solitus
3624 4541 3687 4577 ea

1995 4622 2221 4676 silentio
2267 4619 2555 4673 involvere
2589 4634 2717 4689 quas
2774 4618 2843 4671 ad
2902 4623 3016 4671 tam
3074 4616 3269 4670 eximii
3318 4614 3694 4669 benefactoris

1996 4708 2082 4761 sui
2111 4707 2353 4778 gloriam
2385 4706 2705 4761 conducere
2743 4722 2908 4775 posse
2955 4704 3297 4760 existimavit
3330 4720 3343 4769 ;
3403 4708 3465 4758 ut
3498 4701 3689 4773 prodi-

1996 4795 2090 4867 gio
2144 4795 2332 4849 simile
2383 4793 2690 4849 dicendum
2738 4794 2810 4847 sit
2860 4799 2979 4847 tam
3036 4794 3313 4847 illustrem
3374 4791 3688 4853 victoriam,

1997 4884 2043 4938 si
2069 4884 2148 4937 sic
2176 4888 2344 4955 parta
2364 4889 2469 4946 est,
2497 4884 2568 4936 ab
2618 4899 2684 4936 eo
2719 4882 3066 4953 praeteritam
3099 4880 3294 4935 fuisse.
3332 4880 3399 4935 Ut
3450 4878 3686 4934 candide

1996 4974 2177 5028 dicam
2251 4973 2404 5043 quod
2462 4972 2693 5025 sentio:
2754 4970 3012 5041 suspicor
3064 4974 3456 5040 Anonymum,
3502 4969 3688 5021 virum

1997 5063 2235 5128 bonum,
2323 5061 2598 5114 nonnulla
2668 5060 2737 5114 ad
2812 5060 2866 5114 8.
2939 5060 3244 5114 Henricum
3313 5056 3690 5119 transtulisse,

1998 5166 2129 5221 quae
2157 5151 2302 5204 forte
2332 5150 2399 5203 ad
2434 5149 2577 5203 alios
2607 5147 2935 5218 pertinent;
2972 5154 3073 5203 aut
3116 5148 3286 5201 certis
3338 5144 3691 5215 temporibus

2000 5244 2243 5309 aptasse,
2289 5254 2416 5310 quae
2490 5237 2626 5308 ipsis
2684 5254 2801 5292 non
2876 5237 3249 5291 conveniunt.
3336 5235 3495 5289 Certe
3551 5234 3695 5288 mihi

2000 5343 2319 5398 numquam
2383 5326 2627 5381 suaserit
2676 5326 3172 5391 historiunculum,
3235 5324 3303 5377 de
3356 5323 3543 5377 Sancti
3583 5340 3696 5377 me-

2000 5415 2203 5471 ritisin
2228 5415 2442 5470 trutina
2471 5415 2732 5486 expensis
2776 5431 2949 5486 quam
2980 5414 3150 5467 habet
3205 5428 3328 5481 cap.
3357 5415 3425 5467 28
3459 5428 3472 5465 :
3506 5428 3695 5482 neque

2000 5505 2184 5575 magis
2209 5506 2390 5575 placet
2421 5504 2530 5557 alia
2560 5504 2629 5558 de
2676 5501 3091 5557 claudicatione
3144 5500 3414 5564 narratio,
3460 5517 3528 5555 ex
3559 5516 3691 5572 apo-

2000 5594 2219 5665 grapho
2251 5590 2655 5663 Bambergensi
2698 5608 2820 5661 cap.
2872 5591 2978 5644 24:
3012 5606 3141 5661 quae
3192 5590 3409 5658 omnia,
3447 5594 3509 5643 ut
3540 5588 3694 5644 mitis
