3940 6340
231 355 298 408 63

1535 355 1588 409 S.
1635 355 1923 410 llENRlCl
1966 356 2444 416 IMPERATORIS

3671 357 3734 409 6i

235 477 376 533 sime
403 477 618 546 dicam,
665 493 867 532 censeo
897 492 1016 532 non
1061 480 1178 531 tam
1208 476 1372 530 facile
1419 493 1453 530 a
1499 475 1634 532 viris
1681 477 1926 531 cordalis
1955 479 1999 531 Λ
2039 497 2226 533 smnm
2285 479 2615 550 susciperet,
2687 478 2838 532 unde
2905 477 2960 532 S.
3013 478 3285 532 Henricus
3339 479 3736 548 Hungarorum

234 571 292 620 et
313 566 553 620 eruditis
571 565 944 621 admittenda.

309 657 428 710 103.
481 655 669 709 Redeo
717 655 786 710 ad
847 654 1162 709 Ditmarnm
1207 652 1264 708 in
1297 669 1412 726 quo
1456 658 1582 724 post
1630 653 1753 724 jam
1784 653 1930 707 dicta

237 743 498 814 sequitur
527 743 714 796 brevis
747 742 1009 796 hiemalis
1049 741 1330 812 expeditio
1359 742 1420 795 in
1467 741 1789 813 inquietum
1827 743 1928 796 Bo-

234 833 496 896 leslanm,
553 830 820 885 admissio
867 830 927 884 in
992 829 1236 900 gratiam
1291 830 1516 884 llenrici
1575 829 1822 898 rebellis,
1877 835 1932 884 et

234 919 423 973 fratris
493 919 774 972 Brunonis
837 918 970 988 fuga
1040 918 1111 972 ad
1159 919 1220 972 S.
1308 919 1660 988 Stephanum
1737 935 1928 989 regem

241 1007 539 1077 Hnngaria:
572 1007 876 1071 sororium,
926 1006 1087 1076 cujus
1132 1006 1536 1060 intercessione
1583 1007 1643 1060 in
1687 1007 1930 1078 gratiam

238 1093 474 1148 demum
525 1094 804 1148 admissus
855 1099 955 1146 est.
1007 1094 1162 1148 Hisce
1211 1096 1496 1148 connectit
1543 1111 1671 1165 quae
1708 1095 1778 1149 ad
1809 1096 1932 1149 Clu-

237 1198 346 1242 sas,
377 1181 516 1236 etin
556 1182 778 1248 reliqua
829 1181 1224 1249 Longobardia
1255 1199 1288 1234 a
1333 1181 1539 1234 Sancto
1587 1187 1746 1251 gesta
1775 1187 1926 1248 sunt,

239 1283 486 1337 eumque
537 1285 635 1337 per
685 1269 1079 1322 Alemanniam
1123 1275 1180 1320 et
1221 1268 1492 1320 Alsatiam
1541 1268 1602 1320 in
1630 1267 1926 1321 Saxoniam

239 1356 476 1422 reducit,
529 1356 778 1409 Boleslao
825 1357 1116 1420 infestum,
1167 1371 1337 1424 quem
1385 1361 1519 1408 tunc
1555 1355 1708 1408 haud
1756 1355 1928 1410 dubie

237 1444 386 1498 bello
413 1459 711 1514 aggressus
740 1450 843 1510 est,
898 1460 1014 1498 non
1065 1461 1134 1497 eo
1165 1448 1356 1497 tamen
1387 1443 1455 1496 de
1486 1459 1602 1514 quo
1642 1444 1764 1514 jam
1793 1443 1930 1498 dixi-

237 1547 365 1585 mus
393 1531 726 1586 meminisse
771 1535 1136 1604 Anonymum
1195 1547 1318 1602 cap.
1366 1533 1416 1585 4.
1451 1532 1644 1585 Melius
1671 1533 1841 1600 longe
1875 1538 1930 1585 et

238 1620 417 1674 fusius
469 1621 892 1691 expeditionem
952 1627 1179 1674 enarrat
1243 1622 1501 1674 laudatus
1563 1621 1845 1675 Ditmarns
1897 1639 1930 1675 a

238 1725 367 1780 pag.
401 1713 522 1764 378.
547 1711 731 1780 Atque
769 1711 892 1764 haec
938 1710 1136 1763 omnia
1170 1709 1483 1764 rectissime
1514 1709 1582 1762 ab
1613 1709 1926 1764 Adelboldo

237 1797 479 1868 aliisque
539 1797 722 1851 citatis
801 1813 950 1851 anno
1035 1798 1171 1851 1004
1242 1801 1402 1866 gesta
1469 1797 1815 1861 referuntur,
1865 1804 1929 1851 ut

237 1883 480 1954 proinde
519 1885 578 1938 in
607 1885 862 1938 Ditmaro
893 1883 1291 1955 agnoscendus
1320 1885 1392 1937 sit
1417 1900 1596 1953 error,
1647 1884 1929 1955 quidquid

241 1973 514 2026 Baronins
571 1980 627 2027 et
682 1975 1024 2028 recentiores
1097 1973 1306 2042 passim
1359 1973 1412 2027 ei
1471 1974 1532 2026 in
1617 1975 1723 2028 hac
1770 1977 1929 2043 parte

238 2060 598 2126 adhaereant;
657 2079 771 2132 quo
821 2068 984 2132 pacto
1028 2062 1243 2116 tollitur
1311 2061 1722 2116 inextricabilis
1773 2060 1931 2115 difﬁ—

239 2151 418 2202 cultas
461 2149 523 2202 in
573 2149 642 2203 iis
694 2155 824 2219 apte
869 2149 1290 2219 distinguendis
1355 2165 1483 2220 quae
1531 2149 1756 2204 duobus
1808 2149 1932 2202 istis

239 2237 400 2290 annis
429 2239 564 2291 1004-
594 2243 650 2292 et
685 2240 838 2292 1005.
875 2256 907 2291 a
945 2239 998 2292 S.
1056 2239 1297 2292 Henrico
1327 2243 1552 2308 peracta
1583 2243 1719 2291 sunt
1749 2253 1762 2304 ;
1797 2253 1930 2290 nam

240 2326 722 2397 Chronographus
775 2327 922 2380 Saxo
978 2327 1050 2380 ad
1097 2343 1314 2380 annum
1373 2327 1505 2380 1005
1564 2326 1711 2380 nihil
1764 2327 1934 2380 habet

237 2414 817 2483 praeterinvasionem
843 2413 1092 2468 Poloniae
1115 2415 1172 2466 in
1196 2430 1311 2484 quo
1342 2435 1362 2460 ι
1389 2415 1534 2482 proh
1565 2413 1730 2467 dolor
1749 2411 1760 2466 l
1779 2415 1932 2467 mul-

238 2509 325 2556 tos
354 2503 683 2572 perdiderit,
715 2519 846 2556 cum
877 2503 1124 2556 exercitu
1163 2518 1354 2556 secum
1399 2502 1657 2555 deferens
1695 2517 1936 2571 corpora

239 2593 446 2645 ducum
485 2597 842 2646 mortuorum
892 2591 1026 2644 inde
1075 2607 1351 2644 reversus.
1391 2611 1416 2644 υ
1469 2589 1788 2644 Chronicon
1811 2591 1932 2645 Hil-

238 2681 569 2734 desemense
602 2699 668 2734 eo
697 2695 850 2733 anno
909 2681 1042 2733 1005
1097 2685 1312 2742 narrat,
1343 2679 1558 2748 Regem
1591 2697 1619 2729 α
1669 2677 1729 2732 in
1754 2678 1931 2749 parti-

241 2769 344 2822 bus
370 2769 629 2822 Saxonise
660 2769 730 2823 ad
777 2773 1004 2836 tempus
1050 2766 1508 2836 Quadragesimte
1565 2766 1868 2830 habitasse,
1907 2787 1930 2814 ι

241 2858 450 2910 Pascha
497 2873 629 2910 vero
701 2856 1048 2926 Aquisgrani
1120 2857 1453 2921 celebrasse,
1521 2855 1731 2925 quibus
1789 2856 1936 2910 adde

242 2961 370 3015 quae
415 2945 589 2997 tradit
643 2945 762 2996 Vita
832 2945 889 2998 S.
970 2943 1304 3008 Meinwerci,
1357 2929 1506 3012 ‘cap.
1539 2949 1594 3010 '2,
1653 2959 1792 2997 num
1849 2947 1933 3008 11,

1961 1753 2000 1806 Β

2039 567 2292 638 Apostoli
2345 583 2556 622 nomen
2603 568 2948 638 promeritus
2996 569 3086 620 sit.
3147 569 3224 621 Eu
3309 567 3476 620 verba
3531 567 3736 621 lnchov

2041 657 2142 710 feri
2172 673 2184 710 :

2117 747 2232 799 105.
2269 763 2296 795 (ί

2041 839 2206 898 runt;
2242 833 2459 902 (iysela:
2499 831 2926 902 pulchritudine
2979 849 3078 902 per
3131 831 3365 885 nuntios
3407 837 3463 885 et
3497 832 3741 901 pictores

2041 927 2289 990 accepta,
2348 927 2578 989 captum
2633 919 3008 990 Stephanum,
3059 920 3180 989 ejus
3237 920 3586 973 connubium
3641 935 3738 972 ex-

2043 1009 2289 1078 petiisse.
2321 1009 2458 1072 Qua:
2491 1014 2680 1061 tamen
2740 1013 3041 1077 aspernata
3079 1007 3167 1073 sit,
3203 1007 3313 1061 nisi
3369 1008 3586 1078 abjecto
3611 1007 3738 1061 ido-

2043 1099 2226 1150 lorum
2280 1097 2454 1162 cultu,
2499 1095 2722 1150 Christo
2799 1111 3010 1148 nomen
3091 1095 3354 1149 dedisset.
3441 1095 3740 1164 Accepisse

2040 1185 2426 1238 conditionem
2489 1185 2888 1252 Hungarovum
2965 1199 3181 1254 regem,
3256 1183 3392 1236 dum
3461 1183 3740 1237 venustis-

2039 1271 2182 1325 sima
2245 1273 2437 1342 puella
2495 1271 2798 1340 potiretur,
2863 1288 2991 1324 mox
3076 1288 3206 1326 cum
3264 1277 3380 1324 toto
3427 1287 3608 1340 regno
3669 1272 3742 1325 ad

2040 1359 2247 1414 Christi
2279 1375 2437 1413 sacra
2484 1360 2867 1424 accedentem,
2923 1359 3198 1430 Stephani
3258 1375 3466 1413 nomen
3499 1360 3737 1414 tulisse:

2043 1448 2346 1502 Henricum
2413 1463 2562 1508 vero.
2625 1448 2778 1516 quod
2831 1447 3035 1501 tradita
3118 1462 3316 1502 sorore
3382 1447 3743 1502 conversioni

2041 1535 2225 1604 gentis
2283 1551 2514 1603 operam
2563 1534 2802 1599 navarit,
2853 1537 3252 1605 Hungarorum
3300 1537 3627 1604 apostolum
3661 1537 3744 1591 di-

2039 1627 2192 1677 ctum
2217 1640 2360 1678 esse.
2414 1623 2517 1677 Cui
2571 1623 2776 1676 fabulae
2835 1623 2986 1676 inter
3038 1623 3181 1676 alios
3233 1623 3444 1678 assensi
3479 1624 3744 1679 videntur

2040 1712 2390 1782 Sigebertns,
2438 1711 2704 1765 Albertus
2765 1711 3088 1776 Krantzius,
3145 1711 3392 1765 Joannes
3441 1712 3741 1781 Cuspinia-

2039 1815 2185 1866 nus;
2218 1815 2336 1853 non
2401 1799 2938 1865 animadvertentes,
2995 1811 3071 1852 ex‘
3116 1798 3454 1854 Christianis
3512 1798 3738 1869 pridem

2037 1888 2396 1958 parentibus,
2460 1892 2516 1941 et
2572 1886 2767 1940 divino
2825 1885 3049 1940 monitu
3091 1887 3441 1956 appellatum
3496 1885 3736 1954 Stepha-

2039 1992 2197 2043 num,
2231 1975 2287 2030 id
2329 1991 2508 2046 genus
2565 1975 2888 2045 pactionem
2934 1975 3129 2045 procul
3183 1975 3469 2040 habuisse,
3505 1978 3561 2026 et
3589 1975 3738 2028 Hen-

2039 2065 2218 2118 ricum
2249 2065 2424 2130 ultro,
2469 2063 2732 2117 adamata
2773 2061 2898 2131 ejus
2953 2063 3183 2126 virtute,
3239 2063 3439 2116 favrsse
3487 2065 3602 2114 tam
3636 2077 3740 2130 op-

2036 2157 2286 2224 portuno
2351 2151 2744 2216 matrimonio,
2793 2151 2944 2223 quod
2997 2152 3066 2204 ad
3121 2150 3415 2221 religionis
3465 2149 3526 2203 in
3569 2154 3740 2220 gente

2032 2243 2152 2310 jam
2211 2257 2481 2294 conversa
2539 2240 2958 2294 incrementum
3029 2241 3178 2294 haud
3247 2255 3450 2308 parum
3505 2240 3738 2292 faceret.

2038 2331 2399 2398 Quamquam
2445 2327 2686 2382 dubium
2761 2343 2876 2380 non
2948 2326 3040 2393 sit,
3110 2327 3178 2380 ad
3245 2327 3438 2397 plures
3479 2326 3740 2380 nondum

2040 2417 2260 2470 Christo
2328 2416 2563 2470 devotos
2647 2415 3048 2479 traducendos,
3137 2416 3350 2486 Gyselae
3435 2414 3744 2484 fratrisque

2039 2503 2265 2558 Henrici
2292 2505 2562 2575 pietatem
2592 2509 2648 2558 et
2677 2505 2882 2570 zelum,
2935 2503 3140 2574 ingens
3199 2509 3560 2556 momentum
3591 2502 3746 2572 adje-

2040 2592 2196 2656 cisse,
2231 2599 2297 2646 ut
2353 2593 2462 2646 hoc
2501 2591 2754 2662 propter,
2803 2597 2859 2645 et
2907 2591 2998 2645 hic
3028 2591 3268 2661 apostoli
3313 2593 3742 2660 Hungarorum,

2041 2685 2098 2734 et
2125 2680 2226 2734 illa
2274 2679 2567 2749 adjutricis
2625 2678 2974 2734 fidelissime
3033 2694 3244 2732 nomen
3285 2677 3436 2731 tueri
3483 2681 3676 2747 queat.
3721 2703 3740 2725 ν

2043 2769 2117 2821 Ex
2155 2768 2283 2832 hoc,
2332 2773 2396 2821 ut
2426 2767 2614 2822 obiter
2658 2772 2870 2833 notem,
2922 2766 3163 2837 aliisque
3193 2765 3450 2837 ejusdem
3491 2765 3746 2819 historian

2041 2855 2178 2910 locis
2207 2855 2520 2910 refellenda
2546 2860 2697 2922 sunt,
2743 2871 2874 2926 quae
2903 2855 3198 2908 Albericus
3228 2855 3298 2908 ad
3354 2870 3570 2908 annum
3609 2857 3746 2908 1010

2040 2942 2253 3012 reginae
2281 2942 2416 2997 huic
2446 2943 2643 2997 Giselse
2681 2943 2868 3014 turpia
2893 2947 2948 2996 et
2997 2943 3230 2997 infanda
3283 2941 3540 2996 atfricare
3571 2957 3746 2995 ausus

2369 744 2478 798 Alii
2533 760 2763 814 quoque
2817 743 3006 798 minus
3063 743 3418 797 considerate
3497 743 3738 812 scripse-

241 3049 372 3101 pag.
402 3034 524 3098 515,
553 3032 620 3084 de
677 3031 987 3086 Schatenns
1020 3047 1050 3084 a
1105 3047 1234 3102 pag.
1296 3037 1416 3085 372.
1481 3031 1768 3101 Quidquid
1805 3049 1938 3085 vero
1969 3025 2010 3080 C
2049 3038 2151 3084 est.

243 3125 514 3190 praeterea
541 3134 690 3172 anno
750 3121 884 3172 10οΰ
911 3137 942 3171 a
971 3119 1026 3174 S.
1085 3119 1322 3172 Henrico
1384 3123 1606 3188 gestum
1647 3119 1840 3184 fuerit,
1883 3119 1940 3174 id

241 3212 457 3262 certum
499 3209 744 3274 videtur,
797 3207 1142 3278 principium
1207 3208 1360 3261 citati
1405 3207 1532 3261 libri
1587 3209 1726 3261 sexti
1769 3207 1939 3278 plane

241 3303 572 3367 corruptum
600 3314 740 3361 esse,
790 3302 852 3350 ut
882 3312 949 3349 ex
993 3297 1238 3365 ipsomet
1299 3297 1552 3350 Ditmaro
1597 3297 1744 3350 infra
1789 3297 1939 3350 evin-

241 3401 367 3439 cere
392 3385 747 3439 conabimur.

317 3473 436 3528 104.
495 3471 859 3527 Praemittunt
913 3472 1162 3526 Annales
1222 3487 1322 3526 seu
1373 3471 1693 3526 Chronicon
1755 3472 1940 3526 Hilde-

243 3575 503 3613 semense
560 3559 630 3614 ad
680 3575 895 3612 annum
947 3559 1109 3613 MIV:
1146 3578 1174 3610 α
1227 3560 1291 3613 Et
1349 3559 1538 3612 Bruno
1590 3560 1766 3613 frater
1785 3559 1938 3629 regis

245 3647 316 3712 IfS.
382 3648 628 3717 Henrici)
705 3648 942 3701 obtentu
1013 3647 1241 3700 domnae
1297 3646 1462 3700 Gist
1545 3645 1740 3700 matris
1816 3648 1938 3715 ejus

241 3735 542 3806 acquisivit
571 3735 836 3806 gratiam,
883 3757 905 3784 ι
937 3753 1050 3806 quo
1080 3737 1248 3804 plane
1277 3735 1450 3788 modo
1481 3735 1654 3789 etiam
1685 3735 1939 3806 loquitur

239 3824 469 3878 laudata
513 3825 567 3878 S.
627 3823 943 3878 Meinwerci
997 3813 1120 3876 Vita
1177 3823 1302 3877 loco
1357 3824 1546 3876 citato.
1582 3823 1750 3878 Recte
1795 3824 1936 3891 haec,

243 3911 466 3983 opinor,
501 3911 608 3965 isto
649 3927 800 3965 anno
849 3911 1218 3972 collocantur.
1261 3918 1318 3964 at
1373 3915 1574 3965 contra
1620 3911 1939 3978 Adelboldi,

242 4005 297 4054 et
355 3999 600 4054 aliorum
652 3999 1016 4064 sententiam,
1053 4018 1080 4050 α
1135 3999 1370 4053 obtentu
1435 4000 1599 4054 Gislae
1652 4000 1871 4065 matris,
1909 4019 1934 4053 ››

242 4087 394 4158 quod
429 4086 538 4158 ipsi
569 4087 757 4157 potius
790 4109 810 4134 ι
866 4087 1065 4141 Giselae
1122 4087 1303 4140 sorori
1335 4106 1364 4140 υ
1417 4087 1692 4154 tribuunt,
1741 4095 1938 4158 nuptae

241 4177 296 4229 S.
352 4175 642 4245 Stephano
681 4174 804 4245 regi
867 4175 1194 4245 Hnngaria'.
1271 4176 1430 4246 cujus
1480 4176 1938 4246 desponsationis

242 4263 682 4318 determinatam
757 4279 974 4317 annum
1062 4265 1272 4317 frustra
1360 4263 1514 4334 apud
1589 4265 1934 4335 synchronos

241 4352 542 4423 scriptores
621 4351 857 4422 quaesivi
943 4351 1238 4405 hactenus.
1317 4353 1664 4408 Consulendi
1743 4353 1937 4424 itaque

243 4442 400 4494 fuere
461 4441 712 4494 Annales
787 4439 1148 4492 ecclesiastici
1231 4439 1393 4492 istius
1461 4441 1622 4511 regni
1653 4457 1686 4494 a
1739 4445 1936 4496 nostro

242 4527 537 4582 Melchiore
593 4528 875 4592 Inchofer,
942 4530 1202 4598 superius
1273 4529 1516 4596 laudato,
1591 4528 1934 4591 concinnati,

242 4617 344 4670 sed
375 4615 584 4687 quibus
637 4616 994 4687 acquiescere
1052 4631 1164 4668 non
1195 4615 1374 4683 licuit,
1410 4633 1541 4670 cum
1570 4616 1650 4670 ibi
1698 4615 1940 4687 scriptor

243 4710 456 4759 asserat
485 4703 920 4758 matrimonium
950 4709 1302 4758 contractum
1353 4705 1525 4759 fuisse
1574 4721 1726 4759 anno
1780 4707 1936 4772 1005,

245 4794 404 4862 regni
437 4793 712 4864 Stephani
749 4791 1038 4860 vicesimo,
1093 4811 1218 4863 qua:
1272 4811 1404 4848 cum
1459 4793 1758 4848 Adelboldi
1792 4794 1938 4847 alio-

243 4897 488 4952 rumque
540 4881 870 4936 narratione
920 4881 1226 4936 convenire
1284 4897 1644 4952 nequaquam
1680 4888 1934 4950 possunt,

245 4976 306 5024 ut
367 4970 561 5042 potius
645 4969 947 5024 dicendum
996 4971 1070 5023 sit
1141 4971 1387 5025 Giselam
1473 4969 1660 5034 istam,
1726 4971 1937 5038 Sancti,

244 5075 518 5127 sororem,
553 5063 616 5112 ut
676 5057 979 5112 minimum
1038 5075 1186 5112 anno
1223 5061 1357 5112 1004
1406 5059 1458 5112 S.
1511 5057 1780 5127 Stephani
1813 5059 1936 5112 tha-

245 5149 460 5203 lamum
519 5147 780 5202 subiisse.
842 5147 1016 5218 Magis
1068 5149 1294 5217 placent
1347 5163 1474 5218 quae
1533 5146 1760 5200 adducit
1821 5149 1941 5200 lau-

243 5237 407 5291 datus
465 5237 727 5292 lnchofer
781 5235 850 5289 ad
914 5235 1289 5290 emolliendus
1362 5235 1620 5288 duriores
1678 5234 1938 5289 nonnihil

244 5323 668 5379 enuntiationes
725 5324 1068 5395 scriptorum
1113 5326 1548 5390 Germanorum,
1624 5323 1938 5377 identidem

243 5411 652 5468 inculcantium
720 5413 1054 5484 praedictam
1129 5412 1372 5467 Giselam
1425 5427 1541 5465 non
1600 5412 1725 5465 aliis
1761 5411 1939 5481 pactis

245 5505 303 5552 et
325 5499 749 5556 conditionibus
772 5501 896 5572 regi
949 5500 1260 5569 Hungariae.
1305 5516 1652 5566 concessam,
1685 5517 1856 5572 quam
1891 5501 1938 5555 si

245 5589 290 5640 is
323 5588 628 5657 repudiato
675 5589 1013 5658 paganismo
1073 5587 1392 5642 Christiana
1435 5605 1594 5641 sacra
1651 5594 1706 5642 et
1753 5589 1934 5659 bapti-

1965 4307 2006 4360 D

2123 3122 2240 3175 106.
2279 3122 2349 3175 Ut
2387 3119 2456 3174 de
2503 3119 2790 3190 praedictis
2845 3120 3010 3174 annis
3059 3119 3280 3174 duobus
3341 3120 3474 3173 100:1
3515 3128 3572 3172 et
3609 3122 3744 3173 1005

2048 3213 2402 3278 postremum
2435 3208 2640 3274 dicam,
2693 3208 2894 3262 vellem
2927 3225 2993 3262 ea
3021 3225 3156 3262 vera
3205 3224 3325 3262 esse
3355 3225 3486 3278 qua:
3518 3223 3633 3261 non
3661 3208 3746 3261 ita

2047 3296 2270 3366 pridem
2327 3295 2584 3352 Struvius
2639 3296 2969 3350 inlaudato
3023 3312 3196 3366 supra
3251 3297 3640 3366 Syntagmate,
3672 3296 3742 3349 ad

2047 3385 2516 3452 solvendum,cui
2557 3402 2616 3438 se
2668 3385 2950 3454 imparem
2996 3385 3238 3450 videbat,
3299 3385 3515 3438 nodum
3557 3384 3634 3436 ita
3661 3401 3750 3436 co-

2045 3473 2285 3542 pulavit,
2313 3477 2451 3527 tom.
2486 3475 2529 3538 I,
2561 3489 2693 3543 pag.
2743 3475 2846 3526 379
2881 3489 2893 3525 :
2939 3491 2966 3522 ι(
2995 3471 3134 3525 Hinc
3161 3470 3495 3540 compositis
3525 3470 3584 3524 in
3615 3473 3750 3524 Ger-

2046 3560 2239 3613 mania
2267 3559 2458 3625 rebus,
2491 3577 2643 3612 anno
2691 3559 2814 3614 ΜΝ
2856 3559 2926 3613 ab
2985 3557 3136 3611 Italis
3197 3562 3459 3612 evocatus
3510 3557 3746 3611 illorum

2045 3653 2258 3702 terram
2309 3647 2563 3714 intravit,
2629 3650 2685 3700 et
2767 3646 2896 3700 licet
2955 3646 3144 3700 aditus
3193 3645 3372 3715 probe
3435 3645 3752 3699 custodiret

2051 3735 2390 3802 Harduinns,
2427 3737 2708 3788 Veronam
2755 3733 2945 3802 venit;
2975 3735 3106 3788 inde
3147 3733 3395 3788 Brixiam
3449 3751 3626 3804 usque
3675 3735 3748 3787 ad

2051 3823 2282 3894 Papiam
2309 3823 2704 3894 progrediens,
2737 3823 2831 3876 ubi
2893 3823 2963 3876 ab
3001 3823 3160 3875 omni
3199 3823 3414 3893 populo
3471 3823 3750 3877 benevole

2046 3917 2338 3982 susceptus
2398 3917 2453 3964 et
2486 3927 2634 3964 anno
2666 3910 2760 3963 MV
2805 3911 3099 3963 communi
3154 3926 3430 3964 consensu
3462 3909 3524 3964 in
3549 3926 3748 3980 regem

2052 4001 2225 4054 Italia:
2285 4004 2371 4054 est
2437 4005 2758 4052 coronatus.
2817 3999 2958 4052 Hinc
3019 3998 3210 4053 sedato
3263 4002 3319 4052 et
3377 3997 3752 4066 Papiensium

2046 4093 2244 4143 contra
2275 4089 2583 4142 Germanos
2632 4092 2920 4140 commoto
2971 4087 3241 4154 tumultu,
3283 4086 3343 4140 in
3384 4086 3750 4141 Germaniam

2045 4178 2155 4232 fuit
2205 4191 2487 4231 reversus.
2535 4199 2554 4223 »
2603 4176 2848 4244 Diceres,
2895 4181 3078 4228 totum
3147 4175 3266 4229 fere
3315 4175 3608 4229 biennium
3661 4179 3750 4227 te-

2047 4265 2237 4320 nuisse
2283 4264 2531 4333 primam
2577 4263 2734 4318 illam
2767 4281 2801 4316 a
2845 4264 2899 4318 S.
2948 4263 3187 4318 Henrico
3235 4271 3554 4333 susceptam
3583 4279 3752 4332 expe-

2045 4353 2346 4420 ditionem,
2381 4369 2512 4423 qnaa
2541 4357 2757 4419 tamen,
2779 4351 3016 4406 testibus
3033 4351 3349 4407 Adelboldo
3381 4357 3438 4406 et
3471 4351 3752 4416 Ditmaro,

2049 4440 2384 4496 brevissima
2427 4439 2577 4495 fuit:
2625 4455 2760 4494 nam
2809 4445 3038 4494 sanctus
3105 4442 3424 4508 Imperator
3468 4438 3748 4509 majorem

2048 4527 2467 4583 hebdomadam
2509 4543 2688 4597 usque
2719 4532 2786 4581 ad
2839 4527 3049 4581 Pascha
3082 4527 3149 4580 ad
3199 4526 3394 4580 Clusas
3441 4526 3748 4596 transegit.

2049 4635 2112 4671 ac
2139 4617 2312 4672 rebus
2341 4614 2514 4671 celeri
2563 4631 2732 4669 cursu
2779 4615 3064 4681 confectis,
3133 4619 3265 4684 post
3317 4614 3749 4668 coronationem

2049 4711 2103 4760 et
2123 4707 2317 4760 turbas
2345 4704 2667 4776 Papienses,
2708 4726 2729 4753 ι
2797 4705 3124 4758 Pentecoste
3183 4707 3376 4755 sancta
3429 4702 3524 4772 pia
3568 4701 3748 4755 animi

2049 4795 2348 4848 devotione
2385 4793 2782 4846 celebrata.....
2833 4791 3099 4861 injuriam
3132 4807 3164 4844 a
3208 4791 3458 4844 Boleslao
3491 4791 3596 4844 sibi
3629 4790 3752 4844 illa-

2049 4888 2164 4937 tam
2205 4889 2404 4936 tenens
2435 4885 2628 4936 mente
2659 4880 2989 4950 repositam,
3043 4879 3352 4949 repatriare
3401 4879 3750 4934 festinat.....

2050 4969 2195 5024 etin
2225 4970 2420 5040 vigilia
2466 4971 2521 5024 S.
2573 4969 2808 5024 Joannis
2861 4969 3173 5038 (Baptistae)
3225 4968 3572 5036 colloquium
3616 4983 3750 5023 cum

2051 5058 2457 5112 Alsatiensibns
2505 5058 2831 5114 habnit.....
2881 5059 3011 5112 Post
3069 5057 3190 5111 haec
3229 5073 3327 5110 rex
3395 5056 3752 5125 Moguntiam

2048 5146 2252 5212 venit;
2289 5145 2483 5216 ibique
2527 5146 2692 5199 solito
2737 5145 2966 5214 pietatis
3041 5145 3266 5212 affectu,
3346 5145 3750 5214 Apostolorum

2050 5233 2306 5288 solennia
2372 5235 2671 5288 celebriter
2729 5232 3002 5303 peregit;
3057 5251 3082 5284 ν
3137 5233 3270 5287 inde
3326 5234 3386 5286 in
3446 5233 3748 5287 Saxoniam

2049 5323 2317 5378 adversus
2389 5323 2706 5377 Boleslaum
2769 5321 3072 5390 profectus,
3123 5328 3184 5376 ut
3239 5337 3304 5375 ex
3371 5325 3490 5374 tota
3555 5337 3750 5375 rerum

2049 5412 2194 5466 serie
2249 5411 2561 5465 clarissime
2617 5411 2782 5465 detur
2855 5409 3121 5481 intelligi,
3171 5409 3417 5481 primam
3471 5409 3628 5464 illam
3687 5410 3750 5465 in

2051 5499 2507 5570 Longobardiam
2565 5499 2962 5554 excursionem
3011 5515 3046 5552 a
3091 5499 3341 5553 discessu
3399 5515 3462 5552 ex
3520 5500 3754 5554 Bavaria

2049 5590 2140 5643 vix
2169 5589 2302 5642 totis
2339 5588 2523 5642 tribus
2555 5586 2846 5640 mensibus
2875 5587 3144 5642 tenuisse.
