3940 6318
192 299 260 343 us
1858 303 2051 357 ACTA.
2324 371 2328 376 ι
3644 314 3711 364 (ili

270 421 395 472 107.
446 420 631 473 Minus
667 419 931 490 displicet
979 419 1128 490 quod
1183 419 1263 473 ait
1314 420 1463 474 idem
1522 421 1779 475 Struvius
1827 439 1892 476 ex
1922 427 1969 478 Α
2006 423 2286 492 synodum
2310 425 2796 493 Tremoniensem,
2847 426 2916 480 de
2947 443 3061 497 qua
3105 429 3226 497 jam
3279 431 3415 483 satis
3461 430 3712 486 diximus

194 506 500 570 Sigeberto
523 507 593 560 ad
641 523 856 560 annum
910 509 1066 561 10033.
1100 527 1125 556 ‹‹
1184 513 1412 560 mortuo
1469 509 1674 562 Ottone
1732 511 1896 574 duce,

194 594 468 647 ducatum
533 595 918 665 Lotharingitr
965 597 1159 649 comiti
1191 596 1512 661 lio-lefrido,
1543 598 1663 650 lilio
1722 599 1899 651 Gode-

196 683 330 735 fridi
364 684 756 737 Ardennensis
786 706 810 731 »
846 684 1248 750 commissum;
1309 684 1368 738 in
1422 701 1537 754 quo
1594 686 1900 756 scriptores

193 769 296 823 alii
353 772 491 824 satis
541 772 913 826 conveniunt.
973 777 1046 827 At
1097 776 1274 844 quod,
1359 778 1559 828 eodem
1608 776 1902 846 Sigeberto

197 866 518 929 praeeunte,
571 860 750 914 refert
805 877 956 914 anno
1011 863 1168 928 1010,
1230 868 1459 930 gentem
1521 865 1901 934 Ungarorum,

197 950 478 1001 hactenus
513 948 848 1002 idololatrim
879 949 1152 1016 deditam,
1174 966 1302 1003 cum
1331 967 1432 1004 suo
1465 967 1596 1020 rege
1620 952 1901 1022 baptismo

199 1042 337 1089 tunc
369 1036 622 1106 primum
657 1036 962 1102 initiatam,
983 1037 1133 1107 quod
1159 1042 1243 1090 tot
1272 1039 1366 1090 alii
1421 1055 1549 1091 cum
1583 1039 1902 1093 Hofmanno

198 1140 508 1194 perperam
543 1125 721 1177 secuti
757 1130 906 1192 sunt,
940 1126 1000 1179 ad
1030 1126 1291 1196 superius
1333 1126 1613 1180 dictorum
1671 1144 1902 1194 sensum

198 1212 444 1266 omnino
495 1212 892 1281 explicandum
925 1219 1030 1268 est.
1091 1215 1168 1266 De
1229 1213 1562 1285 episcopatu
1623 1215 1902 1269 Bamber-

199 1301 369 1368 gensi
402 1301 472 1355 ad
501 1303 642 1356 duos
674 1303 932 1372 proxime
971 1307 1272 1373 sequentes
1303 1320 1484 1357 annos
1515 1305 1685 1375 paulo
1740 1320 1902 1358 accu-

199 1390 390 1442 ratior
436 1389 762 1460 disquisitio
817 1390 1166 1444 instituatur.
1227 1393 1344 1446 Huc
1373 1393 1605 1462 proprie
1659 1393 1906 1462 pertinet

199 1475 921 1544 synndus’l‘remoniensis,
947 1479 1015 1532 de
1032 1494 1141 1548 qua
1172 1478 1482 1545 Ditmarus,
1508 1496 1638 1549 pag.
1675 1483 1776 1534 380
1819 1481 1903 1549 (ex

205 1563 497 1634 principio
527 1569 733 1618 caetera
765 1564 941 1620 ferme
981 1567 1214 1636 colliges
1249 1584 1261 1621 :
1291 1567 1306 1638 ξ)
1333 1586 1359 1616 ‹‹
1391 1569 1579 1621 Posita
1608 1573 1691 1621 est
1733 1568 1903 1621 etiam

204 1653 437 1715 inloco,
483 1652 583 1722 qui
637 1653 1045 1706 ’l‘lirosmunini
1089 1653 1317 1720 dicitur,
1373 1671 1582 1723 magna
1631 1656 1902 1725 synodus,
1939 1693 1976 1745 Β

201 1740 304 1793 ubi
339 1753 442 1794 rex
493 1741 867 1811 coepiscopis,
914 1742 1410 1814 prtesentibusque
1472 1744 1708 1810 cunctis,
1777 1745 1904 1813 plu-

202 1827 351 1879 rima
389 1832 624 1897 questus
661 1833 742 1878 est
772 1835 978 1880 sancta!
1021 1829 1282 1882 Ecclesia!
1358 1833 1778 1895 convenientia,
1850 1838 1907 1886 ct

202 1915 506 1969 communi
531 1915 867 1969 eorumdem
925 1917 1163 1970 concilio
1211 1919 1333 1970 haec
1377 1919 1576 1972 statuit
1636 1919 1905 1989 deinceps

203 2003 528 2073 prohiberi,
585 2009 641 2057 et
715 2004 930 2073 optimo
988 2021 1151 2058 novae.
1224 2006 1599 2060 institutionis
1655 2008 1902 2072 decreto,

201 2106 443 2153 gravem
481 2095 845 2160 peccatorum
877 2091 1089 2144 suimet
1127 2092 1407 2146 sarcinam
1443 2094 1706 2161 relevari,
1753 2111 1904 2147 anno

207 2178 522 2232 Dominicae
584 2179 994 2232 lncarnationis
1061 2195 1152 2243 MV,
1207 2197 1357 2232 anno
1416 2187 1605 2235 autem
1680 2182 1902 2234 Domini

207 2266 438 2319 Henrici
463 2267 508 2320 ll
541 2265 836 2336 regnantis
862 2272 1089 2336 quarto,
1123 2267 1182 2320 in
1211 2268 1299 2320 die
1342 2269 1483 2322 Non.
1515 2269 1672 2322 Julii.
1707 2291 1729 2318 ι
1783 2271 1902 2322 No—

203 2354 366 2408 mina
417 2355 843 2425 episcoporum,
898 2360 955 2408 et
1009 2371 1137 2426 quae.
1194 2355 1273 2408 ibi
1331 2357 1592 2410 ordinata
1642 2363 1777 2410 sunt
1835 2374 1900 2411 ex

201 2448 401 2496 nostro
432 2443 623 2497 codice
679 2459 788 2496 ms.
844 2445 1128 2514 supplevit
1160 2444 1497 2513 Leibnitius,
1555 2449 1655 2499 aut
1710 2446 1901 2516 potius

201 2532 650 2585 amanuensium
711 2532 834 2602 ejus
917 2532 1146 2602 aliquis,
1223 2533 1384 2602 cujus
1481 2534 1897 2588 inadvertentia

202 2619 422 2672 factum
459 2625 522 2672 ut
551 2619 745 2672 relicta
785 2618 857 2672 sit
880 2619 1086 2688 prioris
1120 2619 1389 2673 editionis
1411 2623 1628 2690 notula,
1667 2643 1689 2670 σ
1741 2623 1900 2676 deest

199 2707 500 2760 decretum
531 2705 733 2776 synodi
787 2707 1231 2773 Tremoniensjs,
1265 2727 1292 2756 η
1348 2708 1446 2761 ubi
1503 2711 1726 2764 decreta
1776 2711 1899 2780 ipsa

198 2795 399 2848 omnia
455 2795 787 2848 immediate
845 2796 1136 2865 praemissa
1192 2801 1342 2849 sunt.
1417 2797 1499 2850 Sit
1537 2799 1658 2852 hinc
1712 2800 1897 2868 prima

200 2883 345 2936 Vitas.
386 2883 442 2937 S.
475 2883 700 2937 Henrici
721 2883 1013 2954 periodus.

201 2989 228 3052 Ξ
292 2988 382 3042 XI.
433 2991 792 3059 Episcopatus
845 2990 1252 3057 Bambcrgeusis
1324 3008 1357 3045 a
1395 2995 1597 3047 sanctis
1654 2993 1899 3047 Henrico

686 3083 742 3131 et
767 3078 1098 3145 Cimegunde
1121 3079 1408 3144 fundatas.

278 3167 403 3218 108.
446 3164 544 3218 Hic
575 3165 740 3218 nobis
757 3166 1000 3218 occurrit
1023 3166 1538 3236 sanctissimijuxta
1565 3183 1627 3219 ac
1659 3167 1899 3222 muniti-

199 3253 519 3306 centissimi
550 3254 917 3323 Imperatoris
942 3261 1380 3308 monumentum
1418 3255 1589 3322 longe
1619 3260 1896 3324 praestan-

200 3342 511 3406 tlssimum,
547 3357 705 3395 novae
743 3341 993 3394 ecclesia!
1039 3342 1380 3395 cathedralis
1424 3359 1457 3396 a
1513 3342 1899 3397 fundamentis

200 3432 420 3481 erectio
450 3436 506 3482 et
539 3429 982 3500 locupletissima
1003 3430 1236 3492 dotatio,
1269 3431 1473 3483 Sancto
1515 3429 1626 3500 ipsi
1683 3431 1897 3485 funda-

203 3517 312 3570 tori
349 3533 464 3570 non
526 3518 760 3570 minima
821 3533 1109 3583 curarum,
1172 3518 1586 3584 molestiarum,
1649 3519 1786 3589 quin
1844 3524 1900 3573 et

198 3606 486 3659 bellorum
527 3606 794 3671 materia;
851 3606 987 3660 dum
1018 3621 1050 3658 a
1096 3605 1376 3676 proximis
1435 3605 1716 3677 episcopis
1755 3609 1897 3661 Her-

199 3693 489 3764 bipolensi
519 3700 576 3747 et
605 3693 968 3764 Eystetteusi,
998 3695 1067 3748 ad
1099 3710 1261 3748 novre
1293 3695 1553 3748 dimcesis
1605 3697 1748 3748 tines
1791 3696 1894 3750 de-

197 3781 615 3849 terminandos,
647 3798 846 3846 graves
886 3784 1133 3836 subortaa
1167 3788 1299 3836 sunt.
1337 3783 1720 3853 difﬁcultates,
1771 3787 1895 3838 tum

196 3884 334 3922 vero
384 3886 414 3922 a
497 3869 870 3922 sanctissima!
951 3870 1211 3940 conjugis
1281 3871 1571 3941 germanis
1624 3871 1896 3925 fratribus

196 3957 351 4020 odia,
386 3956 638 4018 invidize.
669 3957 909 4017 insidiae.
970 3959 1120 4012 bella
1176 3959 1348 4012 etiam
1395 3963 1682 4012 commota
1739 3965 1892 4024 sunt,

196 4047 349 4117 quod
385 4043 885 4116 opulentissimum
931 4046 1362 4116 patrimonium,
1393 4046 1509 4100 imo
1539 4051 1594 4099 et
1623 4046 1726 4100 dos
1773 4047 1896 4118 ipsa

195 4134 414 4186 sororis
439 4133 777 4204 Cuuegundi
809 4135 1115 4203 assignata,
1147 4151 1318 4206 quam
1352 4135 1424 4188 ad
1473 4151 1532 4189 se
1579 4135 1892 4190 redituram

2011 511 2372 583 paragrapho
2408 514 2775 582 prmcedenti,
2832 513 3119 586 reliquum
3176 516 3314 569 anni
3367 517 3692 588 impensum

2011 600 2366 670 intelligatur
2414 600 2633 654 bellicis
2685 603 2955 656 adversus
3007 604 3326 657 Boleslaum
3378 606 3704 671 conatibus,

2010 702 2153 755 quos
2201 687 2350 740 inter
2432 688 2734 743 intellectis
2792 689 3055 743 Balduini
3120 691 3398 744 Flandrise
3477 693 3704 745 comitis

2012 774 2431 843 molitionibus,
2509 793 2651 847 quas
2715 777 2982 831 describit
3039 778 3328 832 Ditmarus
3389 796 3519 850 pag.
3581 783 3704 843 383,

2011 879 2169 916 arma
2225 864 2483 934 sequenti
2573 865 2834 935 proxime
2921 883 3071 920 anno
3126 869 3292 934 1006,
3359 873 3423 921 ut
3471 873 3710 922 testatur

2010 951 2357 1022 Sigebertus,
2390 953 2448 1006 in
2489 969 2621 1006 eum
2670 953 2930 1022 verterit,
2962 955 3062 1009 ubi
3112 971 3240 1026 quae
3272 955 3495 1010 duobus
3543 957 3709 1010 annis

2015 1041 2149 1093 1006
2204 1045 2260 1094 et
2338 1043 2491 1095 1007.
2545 1049 2704 1111 gesta
2777 1053 2911 1096 sunt
2975 1043 3145 1096 simul
3231 1043 3356 1097 istic
3424 1045 3710 1098 connectit

2016 1129 2319 1194 Ditmarus,
2383 1131 2580 1184 eadem
2635 1131 2847 1201 pagina
2890 1132 3078 1184 denuo
3133 1147 3429 1185 resumens
3476 1149 3605 1203 qua:
3637 1134 3707 1185 ad

2013 1232 2228 1270 annum
2315 1218 2436 1286 jam
2522 1219 2734 1270 dictum
2830 1221 2963 1272 1006
3065 1218 3374 1289 pertinent.
3470 1219 3709 1272 Jacobus

2015 1305 2290 1373 Meyerus,
2322 1306 2377 1358 in
2428 1307 2744 1359 Annalibus
2779 1306 3079 1369 Flandriae,
3109 1307 3416 1375 diligenter
3466 1314 3522 1360 et
3550 1323 3709 1360 accu-

2016 1398 2134 1446 rate
2196 1393 2496 1463 descripsit
2552 1410 2680 1463 quia
2726 1395 2784 1446 in
2845 1394 2994 1447 bello
3048 1395 3156 1447 isto
3213 1395 3530 1460 Flandrico,
3590 1411 3706 1448 non

2015 1481 2214 1534 eodem
2245 1498 2472 1552 semper
2501 1498 2690 1535 rerum
2733 1499 3015 1547 successu,
3040 1501 3071 1534 a
3101 1483 3172 1536 S.‘
3210 1483 3450 1536 Henrico
3500 1484 3706 1537 adver-

2017 1587 2111 1622 sus
2159 1571 2426 1624 comitem
2511 1577 2771 1624 nostrum
2850 1571 3192 1624 Balduinum
3267 1576 3486 1624 tentata
3549 1578 3703 1637 sunt,

2018 1659 2296 1728 explicata
2342 1661 2465 1728 ejus
2507 1658 2798 1712 occasione
2846 1664 2901 1712 et
2955 1659 3239 1728 adjunctis
3269 1658 3398 1711 aliis
3446 1659 3708 1727 pluribus

2018 1747 2154 1798 satis
2206 1745 2463 1804 curiosis,
2524 1762 2655 1817 qua:
2695 1745 2829 1798 alibi
2910 1762 3027 1799 non
3080 1746 3220 1800 adeo
3261 1745 3524 1799 distincte
3563 1763 3703 1799 enu-

2015 1835 2195 1888 cleata.
2222 1835 2588 1905 reperiuntur
2620 1851 2632 1889 :
2669 1835 2860 1904 ipsum
2882 1834 3083 1888 vidcsis
3129 1834 3293 1888 annis
3354 1836 3509 1897 1005,
3575 1837 3705 1889 1006

2015 1929 2071 1976 et
2104 1921 2284 1976 1007:
2345 1921 2510 1975 nobis
2543 1922 2679 1975 satis
2737 1927 2824 1975 est
2879 1922 3106 1990 singula
3161 1923 3230 1976 ad
3279 1923 3542 1992 proprios
3587 1927 3700 1976 cal-

2013 2011 2172 2064 culos
2203 2026 2520 2074 revocasse,
2569 2009 2638 2064 ad
2669 2013 2818 2081 quod
2878 2026 2983 2064 nos
3013 2010 3105 2063 hic
3128 2009 3289 2078 juvat
3346 2010 3708 2065 Mabillonius

2012 2114 2143 2169 pag.
2181 2101 2299 2163 185,
2331 2099 2466 2152 dum
2500 2115 2565 2152 ex
2596 2099 2907 2169 diplomate
2940 2098 3074 2152 anni
3122 2100 3251 2152 1006
3290 2099 3543 2153 ostendit
3598 2099 3707 2154 ha-

2013 2186 2193 2238 bitum
2227 2202 2294 2238 eo
2353 2185 2478 2256 ipso
2531 2203 2682 2240 anno
2723 2188 2874 2240 inter
2897 2186 2952 2240 S.
3017 2187 3320 2241 Henricum
3373 2194 3428 2241 et
3509 2205 3704 2254 regem

2014 2275 2262 2328 Francia:
2304 2275 2661 2340 Rotbertum,
2713 2274 3083 2346 colloquium,
3118 2291 3231 2346 quo
3263 2275 3535 2329 labefacta
3563 2293 3706 2330 non-

2011 2362 2152 2414 nihil
2224 2361 2477 2415 amicitia
2548 2363 2940 2432 rediutegrata
3014 2367 3116 2417 est.
3211 2363 3482 2417 Videatur
3555 2363 3705 2418 idem

2011 2451 2369 2505 Mabillouius
2389 2467 2524 2521 pag.
2559 2454 2678 2519 188,
2711 2468 2871 2507 nom.
2897 2454 2964 2505 88
2996 2456 3052 2506 et
3098 2454 3186 2518 89,
3235 2453 3505 2521 placitum
3557 2454 3708 2523 regis

2008 2554 2336 2593 memorans
2365 2556 2468 2610 pro
2501 2539 2706 2593 Italicis
2729 2540 3112 2594 monasteriis.

2082 2630 2202 2682 110.
2261 2629 2577 2682 Ditmarum
2645 2628 2833 2682 denuo
2900 2629 3216 2699 sequimur.
3282 2628 3433 2698 apud
3507 2643 3703 2698 quem,

2009 2735 2035 2766 α
2067 2716 2378 2787 pacificatis
2425 2721 2561 2770 tunc
2606 2717 2865 2786 partibus
2910 2717 3018 2781 his,
3069 2715 3334 2786 generale
3396 2716 3705 2770 concilium

2005 2805 2063 2858 iu
2104 2805 2399 2859 Francfort
2459 2820 2491 2857 a
2538 2805 2692 2875 Rege
2748 2803 3005 2874 ponitur,
3039 2825 3060 2852 ι
3098 2803 3156 2858 in
3186 2819 3301 2875 quo
3342 2803 3706 2875 episcopatus

2008 2893 2440 2964 Bambergensis
2459 2892 2559 2947 diu
2597 2898 2728 2946 ante
2759 2893 3032 2946 meditata
3086 2892 3368 2946 institutio
3417 2898 3476 2946 et
3533 2895 3702 2946 variae

2006 2982 2366 3036 difﬁcultates
2411 2981 2474 3034 in
2544 2997 2612 3036 eo
2689 2981 2932 3035 concilio
2988 2981 3219 3052 agitatae
3296 2981 3502 3052 cuique
3573 2983 3706 3034 satis

2007 3068 2189 3141 obviae
2229 3072 2392 3123 sunt:
2445 3068 2501 3122 id
2555 3067 2647 3122 hic
2691 3067 2969 3138 qumritur
3027 3067 3410 3137 potissimum,
3468 3073 3703 3137 gestane

2009 3173 2075 3210 ea
2097 3157 2292 3210 omnia
2317 3157 2431 3211 sint
2459 3173 2611 3209 anno
2648 3158 2800 3220 1006,
2837 3171 2910 3209 an
2963 3157 3119 3223 1007,
3154 3156 3211 3209 in
3270 3173 3384 3227 quo
3442 3160 3702 3209 auctores

2008 3261 2168 3316 asque
2195 3261 2257 3297 ac
2286 3245 2346 3298 in
2387 3245 2574 3313 primo
2603 3245 2794 3297 Sancti
2847 3244 2997 3297 bello
3048 3245 3241 3298 Italico
3285 3245 3532 3298 maxime
3583 3244 3699 3298 dis-

2007 3333 2256 3386 sidentes
2285 3332 2537 3386 invenio.
2593 3331 2845 3385 Ditmaro
2878 3347 2968 3384 res
3021 3347 3151 3385 suas
3194 3347 3310 3383 non
3368 3332 3502 3384 satis
3530 3331 3700 3385 chro-

2008 3420 2270 3492 nologice
2329 3420 2743 3489 distinguente,
2806 3419 3082 3472 Barouius
3132 3419 3211 3471 sic
3271 3434 3484 3472 annum
3539 3421 3700 3472 1006.

2006 3509 2208 3580 incipit
2235 3524 2248 3562 :
2282 3531 2304 3556 ι
2340 3511 2504 3562 Anno
2536 3507 2744 3561 Christi
2778 3507 3177 3576 Redemptoris
3203 3505 3507 3560 millesimo
3538 3515 3695 3561 sexto

2006 3599 2289 3665 Indictiv,
2331 3597 2650 3651 celebratur
2677 3596 2737 3650 in
2796 3595 3101 3650 Germania
3149 3596 3406 3666 synodus
3458 3596 3698 3650 Franco-

2006 3687 2330 3752 fordieusis,
2386 3686 2444 3740 in
2477 3703 2591 3757 qua
2643 3685 2792 3740 inter
2841 3685 2949 3739 alia
3013 3685 3089 3738 ibi
3139 3687 3445 3738 tractatum
3489 3690 3573 3738 est
3631 3686 3699 3739 de

2005 3777 2241 3831 ecclesia
2267 3775 2671 3845 Bambergensi
2717 3774 2990 3843 erigenda
3019 3775 3079 3827 in
3117 3773 3445 3828 cathedram
3477 3774 3697 3844 episco-

2002 3867 2214 3936 palem.
2245 3864 2380 3933 Agit
2431 3864 2500 3918 de
2530 3879 2596 3916 ea
2621 3863 2882 3934 pluribus
2932 3861 3241 3926 Ditmarus,
3279 3879 3304 3914 ι
3325 3868 3430 3915 etc.
3458 3863 3551 3916 His
3596 3877 3697 3932 op-

2003 3953 2169 4023 ponit
2217 3953 2425 4022 Pagius
2485 3952 2550 4004 ad
2606 3951 2872 4004 eumdem
2931 3965 3145 4004 annum
3195 3949 3411 4003 litteras
3463 3950 3697 4004 Joannis

2005 4045 2172 4113 Papae
2234 4047 2390 4096 tomo
2441 4041 2510 4096 ΙΧ
2556 4039 2942 4094 Conciliorum
2996 4039 3278 4106 recitatas,
3336 4037 3398 4091 iu
3455 4055 3696 4108 quarum

2003 4132 2118 4186 line
2150 4131 2359 4200 legitur
2393 4145 2405 4184 :
2437 4148 2465 4180 α
2518 4128 2802 4198 Scriptum
2851 4143 2952 4198 per
2987 4143 3192 4181 manus
3220 4126 3369 4181 Petri
3404 4126 3613 4180 notarii
3644 4132 3700 4179 et

196 4229 590 4292 speraverant,
612 4223 869 4293 prodige,
917 4227 980 4276 ut
1027 4223 1134 4293 ipsi
1189 4222 1590 4294 loquebantur,
1639 4223 1886 4278 ditaudis
1921 4245 1964 4299 ι)
2004 4219 2285 4274 scriniarii
2333 4219 2392 4273 S.
2429 4217 2494 4272 Β.
2550 4219 2632 4283 Ε.,
2691 4217 2750 4270 in
2795 4232 2990 4271 mense
3034 4217 3226 4281 Junio,
3281 4215 3581 4270 ludict.v:
3640 4215 3696 4269 id

195 4311 602 4364 canonicorum
652 4311 1182 4381 monachorumque
1223 4311 1769 4382 congregationibus
1799 4313 1890 4366 di-

194 4401 552 4470 lapidaretur
588 4416 600 4452 :
661 4415 790 4470 quae
838 4415 1139 4471 quousque
1192 4400 1562 4468 invaluerint,
1593 4401 1713 4454 suis
1745 4401 1892 4454 intra

195 4489 337 4542 locis
390 4486 681 4541 insinuare
739 4504 852 4541 non
886 4488 1412 4558 praetermittemus.
1462 4491 1534 4542 At.
1570 4489 1724 4542 enim
1772 4489 1893 4543 haec

196 4576 396 4630 omnia
479 4574 767 4645 superavit
852 4575 907 4629 S.
991 4576 1217 4630 Henrici
1268 4577 1586 4631 castissima
1664 4578 1888 4646 religio,

198 4667 534 4718 inconcussa
590 4663 791 4732 pietas,
862 4668 917 4716 et
972 4665 1268 4735 explorata
1327 4664 1506 4718 animi
1591 4665 1887 4720 fortitudo.

195 4752 408 4823 quibus
431 4759 687 4805 armatus
707 4751 1012 4806 virtutibus
1043 4759 1100 4807 et
1147 4753 1433 4806 dimcesim
1474 4752 1729 4805 ecclesiae.
1771 4768 1889 4806 suae.

198 4839 605 4910 Bambergeusi
677 4839 997 4907 vindicavit,
1075 4845 1132 4893 et
1208 4840 1564 4911 ingratorum
1629 4839 1888 4894 affinium

193 4936 454 4993 conatus,
508 4929 552 4982 si
588 4943 702 4982 non
759 4929 964 4982 merita
1015 4929 1250 4994 ultione,
1309 4930 1508 4982 saltem
1568 4928 1891 4982 Christiana

196 5017 503 5071 tolerantia
583 5016 953 5087 compescuit.
1034 5017 1452 5072 Fundatiouem
1548 5017 1755 5088 ipsam,
1825 5023 1891 5070 ut

195 5105 548 5176 praecipuum
581 5107 772 5176 operis
811 5105 899 5159 sui
929 5111 1355 5175 argumentum,
1389 5106 1587 5160 multis
1607 5104 1889 5175 capitibus

194 5193 596 5263 complectitur
646 5194 789 5249 Vitae
824 5193 1068 5264 scriptor
1097 5210 1441 5265 anonymus,
1473 5194 1570 5247 sed
1631 5209 1696 5248 ex
1747 5209 1884 5265 quo.

197 5287 258 5336 ut
284 5298 460 5352 supra
489 5281 715 5337 abunde
750 5283 1003 5353 exposui,
1036 5282 1107 5338 ad
1155 5282 1619 5353 chronologicam
1679 5283 1887 5336 seriem

194 5371 335 5426 nihil
361 5386 716 5443 magnopere
737 5371 948 5440 elicias,
981 5377 1046 5426 ut
1068 5371 1210 5426 adeo
1234 5373 1354 5426 haec
1375 5371 1606 5426 aliunde
1636 5371 1889 5426 eruenda

193 5467 248 5515 et
276 5460 672 5532 componenda
700 5460 789 5516 sit.

269 5552 387 5608 109.
429 5549 582 5607 Ordo
628 5565 820 5608 rerum
879 5550 1028 5624 apud
1075 5550 1394 5608 Ditmarum
1429 5550 1605 5624 exigit
1637 5554 1698 5607 ut
1759 5554 1890 5624 post

2005 4315 2108 4375 est,
2157 4308 2365 4379 inquit,
2424 4322 2574 4360 anno
2635 4305 2840 4360 Christi
2898 4320 3032 4357 nvu.
3102 4302 3258 4366 Quod
3327 4302 3695 4372 privilegium

2001 4413 2246 4468 magnus
2301 4395 2708 4464 Episcoporum
2741 4407 3016 4446 numerus
3072 4391 3130 4444 in
3189 4396 3404 4460 synodo
3460 4391 3698 4444 Franco-

2002 4486 2198 4539 nofurt
2245 4483 2440 4538 habita
2491 4481 2844 4536 unanimiter
2903 4480 3229 4545 laudarunt,
3260 4484 3318 4533 et
3337 4479 3455 4532 suis
3476 4479 3694 4534 suberi-

2002 4573 2292 4644 ptionibus
2324 4570 2790 4630 corroborarunt,
2843 4569 2987 4622 utin
3016 4569 3128 4624 ﬁne
3163 4568 3378 4623 laudati
3430 4569 3692 4639 rescripti

2001 4659 2297 4731 apostolici
2350 4659 2539 4728 legere
2592 4663 2693 4712 est.
2727 4657 2913 4722 Quare
2959 4658 3173 4725 subdit,
3214 4656 3521 4711 concilium
3555 4657 3694 4710 illud

1999 4766 2116 4804 non
2155 4750 2260 4802 hoc
2307 4764 2480 4814 anno,
2531 4753 2596 4802 ut
2648 4747 2922 4801 Baronius
2970 4747 3213 4817 putavit,
3270 4746 3364 4800 sed
3429 4747 3691 4817 sequenti

2000 4841 2435 4907 congregatum,
2462 4855 2488 4885 ω
2521 4841 2624 4889 etc.

2072 4927 2190 4981 111.
2258 4925 2380 4977 Non
2431 4923 2577 4977 male
2606 4940 2710 4993 pro
2741 4923 2932 4994 aliqua
2990 4927 3149 4994 parte
3201 4922 3510 4978 Baronium
3571 4939 3690 4976 cor-

1999 5015 2142 5069 rexit
2178 5013 2405 5085 Pagius.
2449 5013 2505 5066 in
2552 5013 2664 5065 alia
2720 5028 2836 5066 non
2891 5013 3080 5066 minus
3135 5013 3257 5081 ipse
3292 5012 3690 5083 corrigendos.

1999 5102 2279 5168 Quoniam
2341 5103 2510 5156 ambo
2581 5100 2649 5155 ad
2707 5101 2922 5162 omnia,
2983 5101 3279 5154 occasione
3332 5100 3692 5169 episcopatus

1998 5192 2160 5246 istius
2191 5190 2439 5260 longiori
2456 5195 2712 5260 tempore
2749 5194 3006 5256 tractata,
3040 5205 3154 5242 non
3204 5187 3339 5241 satis
3387 5187 3691 5242 attendisse

1998 5280 2290 5346 videntur;
2342 5283 2588 5349 sumpta,
2645 5277 2755 5331 nisi
2792 5278 3156 5332 vehementer
3203 5275 3389 5341 fallor,
3449 5292 3514 5328 ex
3566 5277 3692 5332 Dit-

1998 5386 2160 5425 maro
2240 5369 2427 5440 prima
2483 5366 2929 5438 perturbationis
2974 5379 3132 5428 ansa,
3192 5363 3291 5434 qui
3349 5363 3410 5417 in
3472 5380 3688 5420 annum

1998 5457 2423 5531 quodammodo
2470 5471 2649 5510 unum
2689 5455 3072 5524 eumdemque
3135 5451 3411 5522 confudit,
3463 5470 3591 5525 quae
3632 5455 3689 5508 in

1999 5548 2142 5604 duos
2203 5545 2454 5602 diversos
2503 5542 2816 5600 certissime
2875 5539 3244 5597 distrahenda
3300 5546 3451 5598 sunt.
3510 5541 3688 5613 Synoo
