3940 6316
291 320 358 376 67
1591 319 1644 372 S.
1691 314 1978 373 HENRICI
2021 313 2494 373 IMPERATORIS
3241 347 3246 354 ε
3729 320 3801 372 68

297 447 437 501 dum
510 445 1041 501 Francot'urtensem
1103 443 1352 514 aliquam
1423 458 1574 496 anno
1645 443 1779 496 1006
1839 442 2066 495 recteA
2104 439 2304 494 matris
2356 439 2617 494 Ecclesia:
2676 443 3047 510 augmentum
3108 441 3404 494 annullare
3450 457 3578 495 cum
3630 443 3803 512 nugi-

291 534 650 605 consignavit
713 533 974 587 laudatus
1037 531 1332 595 Baronius,
1400 535 1598 600 utpote
1655 545 1826 600 quam
1885 530 1985 582 illo

291 640 444 678 anno
492 623 626 677 satis
679 627 937 675 accurate
981 620 1266 674 describit.
1326 619 1629 686 Ditmarus,
1690 619 1988 674 admiran-

234 740 238 744 -
288 713 420 766 dam
451 713 608 766 illam
641 710 820 764 sancti
851 709 1077 762 Henrici
1108 724 1244 778 erga
1275 709 1466 761 Patres
1497 707 1723 761 concilii
1775 707 1985 761 demis-

291 801 511 854 sionem
544 798 748 852 merito
807 797 1106 865 extollens,
1137 803 1199 850 ut
1225 796 1321 866 qui
1348 812 1406 848 se
1464 796 1534 849 ad
1568 812 1765 850 eorum
1812 795 1985 866 pedes

292 887 686 959 prostraverit,
745 887 971 956 aliaque
1054 885 1176 956 pari
1219 884 1543 938 humilitate
1629 884 1983 955 praestiterit,

290 994 421 1047 quae
448 976 524 1030 ibi
559 975 753 1030 lectori
785 975 950 1028 obvia
998 973 1239 1027 diximus
1275 990 1287 1026 :
1325 973 1381 1026 in
1436 989 1503 1026 eo
1544 973 1750 1027 defecit
1813 974 1984 1026 Baro-

289 1065 421 1118 nius
451 1064 600 1134 quod
637 1065 870 1117 alteram
904 1061 1182 1132 synodum
1213 1060 1667 1131 praetermiserit,
1702 1061 1769 1114 ad
1810 1076 1982 1129 quam

287 1154 452 1224 prior
481 1153 642 1224 quasi
688 1152 1096 1224 praeparatoria
1140 1152 1252 1205 dici
1301 1156 1507 1221 potest.
1559 1150 1764 1220 Pagius
1820 1150 1983 1202 vicis-

288 1243 424 1310 sim,
457 1259 522 1296 ex
571 1243 814 1311 allegato
843 1240 1077 1296 Joannis
1134 1242 1238 1294 PP.
1270 1239 1607 1308 diplomate,
1667 1254 1782 1292 non
1833 1239 1981 1292 male

287 1329 567 1400 pugnavit
620 1345 722 1399 pro
783 1328 995 1399 synodo
1048 1328 1183 1381 anni
1245 1330 1400 1392 1007,
1488 1327 1584 1380 sed
1671 1326 1980 1379 Baronium

285 1432 587 1487 perperam
645 1417 872 1486 arguit;
936 1415 1097 1486 quasi
1140 1415 1336 1468 omnia
1381 1414 1586 1468 eodem
1626 1430 1778 1467 anno
1818 1429 1981 1467 com-

283 1506 469 1575 posita
506 1505 637 1570 sint,
703 1521 830 1574 qua:
891 1505 958 1557 ad
1011 1503 1265 1574 praedicti
1334 1503 1689 1573 episcopatus
1745 1502 1981 1556 erectio-

283 1610 418 1648 nem
477 1592 832 1663 explananda
881 1597 1270 1645 occurrerunt.
1331 1591 1522 1644 Valeat
1594 1591 1700 1653 hic,
1758 1591 1804 1643 si
1878 1607 1979 1643 us-

286 1698 481 1752 quam,
541 1681 849 1750 parcemia;
925 1680 1211 1750 distingue
1272 1685 1549 1750 tempora,
1617 1684 1674 1732 et
1745 1695 1977 1732 concor-

286 1769 449 1823 dabis
496 1770 825 1838 scripturas,
861 1785 1001 1839 quas
1040 1767 1208 1821 citato
1271 1772 1426 1821 tomo
1475 1768 1538 1821 I.\'
1588 1767 1976 1822 Conciliorum

285 1857 449 1910 nobis
481 1856 711 1910 exhibet
753 1856 1050 1910 Labbeus:
1111 1856 1233 1909 sola
1289 1872 1481 1910 rerum
1522 1861 1716 1910 exacta
1782 1857 1976 1910 distin-

285 1945 396 1999 ctio
444 1945 886 1998 controversiam
945 1949 1123 1997 totam
1177 1944 1486 1998 elucidabit
1535 1949 1591 1998 et
1668 1943 1816 1998 forte
1883 1945 1974 1999 di-

282 2033 479 2087 rimet.

356 2125 475 2176 112.
508 2120 637 2175 Tria
686 2119 810 2174 istic
868 2120 1252 2174 instrumenta
1304 2119 1630 2173 referuntur
1661 2121 1766 2174 hoc
1816 2120 1973 2174 ordi-

280 2225 351 2264 ne
393 2226 406 2262 :
447 2228 473 2259 α
520 2208 709 2263 Primo
769 2209 892 2262 loco
949 2209 1264 2262 Concilium
1324 2208 1824 2262 Francofordiense
1904 2210 1972 2263 de

283 2296 520 2350 ecclesia
597 2295 998 2365 Bambergensi
1071 2295 1133 2348 in
1190 2296 1522 2349 cathedram
1587 2295 1970 2365 episcopalem

284 2385 574 2456 erigenda,
622 2385 968 2438 celebratum
1031 2400 1182 2438 anno
1239 2384 1465 2438 Domini
1520 2385 1661 2438 MV].
1705 2389 1965 2454 tempore

282 2474 516 2528 Joannis
576 2475 676 2528 PP.
737 2475 894 2539 XVII,
929 2498 953 2520 υ
1007 2491 1120 2545 quo
1186 2476 1369 2526 totum
1425 2477 1719 2543 acceptum
1777 2479 1859 2526 est
1907 2491 1968 2526 ex

286 2563 562 2616 Ditmaro.
588 2562 838 2616 Alterum
875 2561 1322 2616 instrumentum
1362 2562 1486 2614 loco
1521 2577 1635 2614 non
1677 2577 1778 2614 suo
1807 2577 1968 2630 repo-

280 2650 458 2714 nitur,
491 2666 594 2703 nec
625 2665 820 2703 verum
858 2649 1088 2702 titulum
1146 2649 1375 2719 praefert
1405 2665 1417 2702 :
1449 2672 1467 2695 α
1522 2652 1655 2702 Acta
1713 2649 1964 2718 ejusdem

284 2736 795 2791 Francol’ordiensis
817 2737 1055 2792 Concilii
1088 2753 1152 2790 ex
1187 2737 1471 2790 tabulario
1498 2737 1746 2789 ecclesizr.
1803 2738 1964 2791 Bam-

279 2826 590 2892 bergensis.
625 2845 652 2876 ››
711 2825 870 2890 Quod
943 2826 1363 2895 subsequitura
1421 2825 1673 2894 diploma
1735 2825 1967 2880 Joannis

281 2915 386 2968 PP.
419 2915 548 2978 XV],
585 2933 610 2965 ι
652 2915 720 2968 ad
748 2915 966 2983 justum
1001 2929 1190 2967 rerum
1225 2912 1432 2966 seriem
1459 2913 1687 2966 videtur
1719 2913 1964 2966 secundo

2096 530 2294 597 gerula
2345 529 2630 600 legatione
2679 529 3161 599 praesumpsit...“
3198 529 3256 584 Si
3309 531 3538 599 quando
3595 537 3794 584 autem

2096 617 2399 687 episcopus
2455 618 2649 671 venire
2708 623 2765 670 et
2818 618 3096 687 promissa
3151 617 3423 688 dignatur
3479 619 3795 688 suscipere,

2095 710 2357 775 paratum
2389 721 2478 758 me
2532 706 2600 760 ad
2650 720 2822 759 omne
2853 706 3007 776 quod
3053 706 3212 760 vobis
3267 707 3483 760 bonum
3542 706 3792 774 videtur,

2094 795 2290 863 procul
2325 793 2499 848 dubio
2540 793 2870 848 inveniet.»
2921 793 3194 864 Sequitur
3249 795 3585 864 protestatio
3649 797 3800 849 Hen-

2097 883 2198 935 rici
2228 882 2480 953 episcopi
2518 883 2746 936 nomine
2805 882 2995 936 facta:
3057 907 3081 927 ‹‹
3133 883 3332 936 Finitis
3375 883 3584 936 talibus
3641 885 3797 936 allo-

2093 970 2264 1041 quiis,
2320 971 2684 1041 Bernigerus,
2739 971 3012 1024 antistitis
3045 971 3275 1026 Henrici
3318 971 3799 1038 Wirciburgensis

2092 1059 2419 1129 capellanus
2459 1060 2750 1114 surrexit:
2802 1064 3041 1130 propter
3076 1060 3344 1113 timorem
3407 1059 3556 1130 regis
3611 1061 3800 1113 senio-

2090 1164 2210 1201 rem
2245 1164 2412 1200 suum
2463 1148 2575 1202 huc
2627 1164 2744 1202 non
2777 1149 3018 1216 venisse,
3063 1154 3118 1202 et
3140 1149 3550 1202 detrimentum
3607 1150 3793 1202 eccle-

2091 1237 2188 1289 sia:
2216 1236 2377 1290 sibia
2430 1237 2548 1290 Deo
2603 1237 2948 1303 commissae,
2981 1237 3040 1290 in
3073 1238 3268 1307 aliquo
3316 1238 3439 1291 fieri
3493 1254 3798 1308 nunquam

2087 1324 2347 1378 laudasse
2403 1329 2663 1391 testatur,
2720 1331 2777 1379 et
2863 1326 3122 1380 obsecrat
3180 1331 3415 1380 cunctos
3464 1332 3784 1396 praesentes

2088 1428 2192 1482 per
2233 1412 2442 1466 Christi
2473 1428 2747 1479 amorem,
2772 1430 2843 1468 ne
2874 1413 3007 1467 talia
3039 1413 3182 1477 ﬁeri,
3220 1413 3451 1467 absente
3491 1431 3583 1482 eo,
3627 1415 3789 1468 futu-

2088 1506 2210 1554 tum
2253 1499 2362 1553 sibi
2401 1501 2695 1572 exmplum
2747 1507 3098 1572 paterentur.
3165 1501 3464 1572 Privilegia
3527 1502 3786 1571 ejusdem

2087 1589 2166 1642 ibi
2209 1589 2322 1641 alta
2378 1605 2510 1642 voce
2573 1589 2903 1644 recitantur.
2943 1610 2969 1641 »
3011 1590 3121 1645 Sed
3173 1591 3292 1643 haec
3341 1589 3484 1644 nihil
3533 1591 3787 1643 obfuisse

2015 1721 2052 1774 Β
2090 1677 2203 1746 jam
2237 1677 2505 1742 diximus,
2540 1693 2652 1748 quo
2683 1678 2874 1732 minus
2911 1695 3008 1732 rex
3063 1684 3284 1731 sanctos
3340 1677 3486 1732 votis
3534 1679 3651 1731 suis
3682 1695 3791 1748 po-

2091 1765 2342 1820 tiretur:
2428 1767 2576 1820 unde
2653 1767 3020 1838 postmodum
3053 1791 3078 1812 «
3171 1766 3444 1820 Henricus
3523 1766 3786 1835 antistes,

2087 1854 2298 1908 auxilio
2329 1854 2628 1908 confratris
2659 1855 2744 1908 sul
2775 1854 3084 1922 Heriberti,
3133 1853 3256 1925 regi
3290 1855 3532 1924 gratiam
3563 1860 3620 1908 et
3670 1854 3788 1908 im-

2085 1943 2394 2012 pletionem
2425 1943 2529 1996 sibi
2559 1943 2831 2013 placitam
2857 1943 3174 2012 acquisivit.
3209 1962 3236 1994 ι)

2159 2032 2277 2085 114.
2314 2030 2656 2088 Ηωοοῐηηίε
2679 2033 2764 2085 vel
2821 2048 2971 2085 anno
3027 2033 3159 2086 1006
3215 2037 3475 2095 exeunte,
3530 2031 3616 2084 vel
3672 2032 3787 2085 sub

2081 2119 2432 2190 principium
2460 2120 2596 2173 anni
2633 2121 2764 2174 1007
2793 2124 3074 2173 transacta
3097 2136 3218 2172 esse
3251 2124 3498 2190 oportet,
3546 2121 3786 2190 quando

2087 2227 2113 2258 ‹‹
2151 2207 2600 2278 gloriosissimus
2677 2223 2773 2260 rex
2833 2207 3126 2273 Henricus,
3203 2207 3320 2261 voti
3399 2223 3631 2278 compos
3700 2209 3784 2262 ef-

2083 2297 2378 2361 fectus,....
2401 2296 2544 2350 duos
2578 2312 2609 2350 e
2641 2296 2950 2365 capellanis
2979 2295 3116 2357 suis,
3137 2296 3463 2350 Albericum
3515 2296 3785 2351 videlicet

2083 2389 2137 2438 et
2185 2384 2552 2447 Ludovicum,
2618 2383 2905 2453 adjunctis
3001 2384 3229 2438 Henrici
3296 2385 3780 2455 \‘l’irciburgensis

2081 2472 2331 2543 episcopi
2387 2472 2614 2538 litteris,
2669 2475 2909 2528 Romam
2970 2489 3148 2543 usque
3214 2472 3441 2538 direxit,
3491 2481 3781 2543 quatenus

2079 2561 2172 2615 hic
2200 2562 2345 2614 bene
2392 2562 2638 2630 incepta,
2685 2561 2744 2613 in
2779 2561 2984 2615 melius
3048 2561 3394 2632 proﬁcerent
3432 2562 3778 2616 auctoritate

2083 2651 2352 2704 Romana.
2385 2672 2410 2697 ››
2449 2650 2692 2702 Narrant
2721 2648 2842 2702 haec
2875 2653 3206 2718 Anonymus
3237 2649 3296 2703 in
3330 2650 3453 2703 Vita
3486 2649 3773 2720 pluribus,

2078 2754 2204 2808 cap.
2294 2740 2376 2803 10,
2431 2743 2486 2790 et
2562 2737 3009 2792 instrumentum
3098 2739 3533 2808 Bambergense,
3614 2740 3774 2808 quod

2076 2826 2308 2896 proprie
2362 2827 2444 2878 rei
2493 2825 2819 2894 adimpletae
2875 2824 3076 2879 relatio
3132 2824 3241 2879 dici
3307 2831 3509 2896 potest,
3543 2825 3604 2878 in
3654 2842 3775 2895 qua

2074 2914 2266 2984 potius
2331 2929 2459 2966 vera
2518 2920 2774 2967 actorum
2832 2914 3152 2968 substantia
3216 2929 3388 2984 quam
3440 2919 3769 2983 temporum

280 3001 402 3055 loco
435 3002 827 3072 reponendum
878 3002 1050 3055 fuisse
1085 3018 1146 3054 ex
1197 3001 1405 3071 quibus
1444 3001 1536 3053 hic
1594 3007 1778 3054 rectus
1829 3001 1969 3054 ordo
1999 3004 2038 3058 C
2078 3003 2252 3054 series
2281 3001 2533 3071 exposita
2565 3007 2667 3067 est,
2726 3001 2908 3072 ipsam
2940 3002 3000 3055 in
3051 3003 3206 3055 hunc
3258 3003 3493 3056 modum
3544 3004 3770 3074 concipi

278 3089 674 3144 conficeretur.
711 3089 1069 3160 'Speraverat
1124 3090 1178 3144 S.
1223 3089 1500 3144 Henricus
1553 3088 1961 3142 emolliendum

280 3194 310 3230 a
369 3194 426 3230 se
504 3177 808 3232 Henricum
892 3178 1410 3247 Wirciburgensem
1490 3177 1843 3246 episcopum,
1903 3181 1964 3230 ut

276 3267 720 3320 commutatione
770 3266 962 3337 aliqua
1017 3267 1184 3334 facta,
1225 3283 1257 3319 a
1315 3265 1544 3319 dimcesi
1583 3281 1684 3318 sua
1742 3270 1964 3335 partem

279 3354 444 3407 avelli
474 3355 708 3422 sineret,
743 3369 871 3424 qua!
907 3353 1310 3423 Bambergensi
1339 3353 1685 3407 tribueretur
1717 3369 1730 3407 :
1767 3369 1962 3405 verum

277 3444 384 3496 iste
452 3441 594 3497 alias
653 3443 1009 3496 conditiones
1073 3445 1416 3512 apposuerat
1465 3442 1666 3496 Sancto
1723 3439 1964 3494 minime

277 3536 490 3602 gratas,
517 3536 592 3598 et,
617 3547 689 3584 ne
721 3531 788 3584 ad
821 3531 1094 3584 indictam
1154 3530 1432 3600 synodum
1491 3534 1686 3582 venire
1732 3545 1961 3599 cogere-

277 3623 389 3685 tur,
423 3619 560 3682 alio,
604 3617 896 3672 Coloniam
931 3618 1156 3686 opinor,
1190 3618 1258 3670 ad
1311 3617 1365 3671 S.
1409 3618 1769 3672 Heribertum
1830 3633 1964 3687 pro-

277 3707 522 3776 fugerat,
553 3705 630 3758 sic
675 3710 736 3759 ut
793 3721 859 3759 eo
915 3706 1148 3759 absente
1201 3711 1358 3774 gesta
1412 3705 1527 3759 sint
1585 3706 1780 3759 omnia
1837 3722 1965 3775 quae

280 3794 565 3848 Ditmarus
598 3793 677 3846 ibi
734 3798 1168 3860 commemorat,
1224 3799 1278 3846 et
1312 3809 1374 3846 ex
1411 3792 1618 3862 quibus
1665 3791 1964 3846 manifeste

275 3883 444 3937 datur
497 3881 760 3951 intelligi,
814 3881 872 3934 in
922 3898 989 3934 eo
1036 3881 1224 3952 primo
1273 3881 1510 3934 concilio
1561 3880 1617 3934 id
1677 3880 1964 3950 praecipue

277 3977 487 4036 actum,
533 3976 598 4024 ut
676 3971 817 4024 nihil
875 3970 1133 4024 obstante
1211 3969 1438 4024 Henrici
1494 3968 1965 4039 Wirciburgensis

276 4059 765 4128 tergiversatione,
847 4059 1078 4112 ecclesia
1139 4058 1574 4128 Bambergensis
1644 4058 1702 4111 in
1778 4057 1962 4110 cathe-

279 4149 496 4201 dralem
522 4147 856 4217 erigeretur,
889 4147 1049 4216 cujus
1078 4168 1100 4194 ι
1135 4163 1272 4200 cura
1311 4146 1609 4217 pastoralis
1679 4145 1961 4199 Eherardo

276 4242 412 4289 tunc
443 4235 789 4290 Cancellario
821 4253 852 4288 a
885 4236 1035 4305 Rege
1069 4234 1525 4288 committeretur
1579 4257 1602 4279 »
1637 4233 1694 4287 id
1731 4233 1884 4304 quod
1927 4250 1959 4286 a

277 4324 527 4378 Concilio
577 4324 844 4393 obtinuit,
872 4330 1166 4395 precunte
1224 4325 1527 4393 Tagmone,
1575 4342 1601 4372 α
1635 4327 1692 4376 et
1744 4322 1960 4375 cunctis

275 4413 652 4482 praesentibus
700 4414 821 4483 ejus
879 4429 1199 4466 sermonem
1258 4417 1390 4465 tunc
1444 4411 1860 4464 afﬁrmantibus
1907 4417 1966 4464 et

277 4500 760 4554 subscribentibus
795 4517 807 4554 :
843 4519 870 4551 ι)
904 4500 982 4553 sic
1011 4507 1203 4553 tamen
1235 4505 1296 4552 ut
1327 4499 1595 4552 liberardi
1654 4498 1959 4564 ordinatio,

277 4605 405 4659 quae.
438 4588 518 4642 ibi
541 4605 571 4641 a
602 4587 854 4642 Ditmaro
872 4587 1257 4657 subjungitur,
1287 4587 1353 4641 ad
1379 4593 1713 4658 sequentem
1747 4601 1960 4640 annum

275 4676 593 4730 diti’erentia
610 4675 700 4728 sit.

349 4768 466 4819 H3.
521 4765 800 4819 Audiatur
854 4763 1031 4817 sancti
1082 4763 1261 4833 ipsius
1314 4765 1681 4833 Imperatoris
1737 4763 1957 4817 oratio:

278 4853 415 4909 «0b
475 4853 582 4906 hoc
656 4852 1023 4906 serenissima
1094 4851 1386 4906 vestrimet
1456 4855 1710 4921 (Patrum
1787 4853 1962 4905 totius

256 4941 495 5011 synodi)
527 4941 828 5010 interpello
863 4940 1154 5010 pietatem,
1199 4956 1271 4993 ne
1320 4939 1575 4995 absentia
1622 4941 1744 5008 ejus
1791 4941 1958 5008 (Hen-

271 5031 372 5083 rici
429 5029 951 5099 Wircihurgensis),
1007 5029 1106 5099 qui
1164 5045 1270 5099 per
1325 5045 1416 5083 me
1473 5029 1656 5082 voluit
1706 5029 1967 5082 obtinere

271 5118 424 5188 quod
458 5118 599 5172 mihi
657 5135 771 5171 non
813 5117 972 5170 licuit
1029 5118 1162 5171 huic
1208 5119 1538 5184 concedere,
1596 5116 1958 5188 propositum

273 5208 577 5262 voluntatis
631 5223 773 5261 mete
845 5212 1020 5276 queat
1069 5207 1397 5276 impedire:
1458 5223 1589 5260 cum
1647 5206 1707 5259 in
1756 5204 1958 5259 baculo

274 5295 398 5364 ejus
451 5301 663 5349 mutuae
729 5294 1181 5348 confirmationis
1239 5295 1406 5365 signo
1460 5295 1754 5357 clarescat,
1809 5293 1961 5348 hunc

271 5397 385 5435 non
414 5389 650 5453 propter
692 5383 1018 5446 Dominum,
1048 5383 1142 5437 sed
1178 5384 1250 5438 ob
1282 5383 1576 5454 dignitatis
1631 5383 1960 5436 nullatenus

271 5470 654 5540 adipiscendae
685 5473 940 5527 dolorem
971 5471 1204 5542 fugisse.
1237 5473 1458 5527 Moveat
1487 5470 1746 5525 omnium
1788 5472 1959 5526 corda

273 5559 664 5628 praesentium,
731 5560 883 5631 quod
946 5577 1050 5630 per
1094 5561 1470 5616 ambitionem
1518 5576 1680 5614 suam
1749 5564 1973 5614 sanctae'

2075 3093 2338 3158 oportere
2372 3088 2658 3144 existimo.
2698 3089 3039 3158 Compositis
3069 3089 3219 3143 inter
3251 3089 3306 3143 S.
3346 3089 3650 3143 Henricum
3708 3097 3771 3144 et.

2077 3177 2388 3230 antistitem
2423 3177 2940 3247 \‘l'irciburgensem
2968 3178 3396 3244 controversiis,
3452 3178 3624 3248 legati
3647 3179 3773 3248 jam

2076 3265 2210 3320 dicti
2241 3267 2479 3320 Romam
2505 3265 2661 3319 missi
2685 3272 2840 3334 sunt,
2870 3271 2931 3319 ut
2961 3271 3197 3320 testatur
3225 3266 3480 3320 Pontifex
3511 3284 3523 3320 :
3584 3287 3611 3317 α
3660 3268 3772 3321 Pro

2075 3371 2188 3424 qua
2210 3355 2430 3408 ratione
2471 3355 2742 3408 Henricus
2774 3355 2819 3408 ll
2881 3355 3318 3424 glorississimus
3378 3371 3472 3408 rex
3529 3356 3773 3410 nuntios

2075 3458 2203 3495 suos
2231 3443 2296 3496 ad
2322 3457 2427 3495 nos
2457 3441 2680 3505 direxit,
2727 3441 2825 3511 qui
2857 3442 3016 3493 nobis
3064 3441 3187 3493 haec
3242 3441 3436 3494 omnia
3487 3440 3767 3506 dicerent,

2075 3537 2129 3584 et
2156 3547 2257 3584 nos
2309 3547 2413 3600 pro
2463 3530 2568 3583 hac
2614 3529 2746 3583 sede
2800 3528 3189 3582 confirmanda
3249 3529 3704 3598 interpellarent.
3741 3553 3764 3578 ι

2079 3621 2321 3688 Legatur
2370 3618 2542 3672 Bulla)
2592 3617 2905 3671 Pontiﬁcis:
2954 3617 3258 3687 reliquum,
3316 3633 3382 3669 ex
3449 3634 3563 3688 qua
3611 3624 3777 3687 patet

2075 3707 2318 3777 benigne
2348 3707 2573 3759 auditos
2608 3705 2802 3770 fuisse,
2824 3721 3063 3775 remque
3117 3721 3347 3759 omnem
3396 3706 3624 3759 Joannis
3656 3708 3767 3761 PP.

2072 3796 2409 3848 auctoritate
2441 3794 2899 3855 corroboratam;
2934 3792 3186 3862 diploma
3230 3809 3364 3846 vero
3425 3794 3765 3863 expeditum

2077 3900 2229 3953 «per
2260 3899 2463 3936 manus
2523 3881 2672 3935 Petri
2706 3882 2915 3935 notarii
2969 3887 3024 3934 et
3084 3882 3341 3935 scrinarii
3397 3881 3450 3935 S.
3500 3884 3562 3935 H.
3598 3883 3653 3936 Ε.
3709 3885 3770 3936 in

2076 3989 2272 4026 mense
2301 3971 2471 4026 Junio
2503 3971 2701 4024 lndict.
2737 3987 2788 4036 γ,
2821 3993 2848 4019 ››
2873 3976 3044 4041 atque
3067 3969 3208 4023 adeo
3245 3987 3394 4024 anno
3439 3973 3595 4038 1007,
3648 3989 3771 4042 quo

2075 4060 2308 4114 demum
2339 4059 2533 4113 haberi
2554 4059 2749 4113 debuit
2793 4061 3045 4129 synodus
3102 4059 3197 4112 illa
3258 4059 3768 4127 l-‘rancofurtensis,

2075 4150 2144 4203 de
2169 4165 2282 4219 qua
2309 4147 2757 4201 instrumentum
2792 4149 3210 4218 Bambergense
3241 4149 3569 4202 meminisse
3625 4149 3768 4203 dixi-

2073 4253 2200 4290 mus
2239 4252 2252 4289 ἒ

2149 4327 2265 4378 H5.
2293 4343 2319 4373 «
2373 4326 2537 4376 Anno
2590 4322 2902 4377 Dominicaa
2967 4323 3380 4378 Incarnationis
3464 4341 3596 4385 Mt'll,
3663 4325 3760 4379 In-

2071 4411 2203 4464 dict.
2238 4428 2290 4478 v,
2320 4411 2440 4464 Kal.
2479 4411 2829 4477 Novembris,
2862 4416 3136 4478 regnante
3193 4412 3452 4482 piissimo
3502 4429 3564 4466 ac
3611 4431 3766 4468 sere-

2073 4500 2309 4553 nissimo
2361 4499 2604 4553 Henrico
2661 4501 2932 4567 secundo,
2969 4517 3120 4554 anno
3168 4501 3330 4569 regni
3379 4503 3467 4554 sui
3527 4519 3598 4560 vi.
3653 4519 3765 4572 pro

2071 4591 2218 4641 statu
2255 4593 2312 4641 et
2335 4592 2643 4658 augmento
2674 4594 2881 4642 sanctas
2924 4588 3123 4641 matris
3190 4589 3467 4652 Ecclesiae,
3509 4590 3568 4643 in
3634 4593 3764 4645 loco

2073 4676 2486 4730 Franconofurt
2513 4677 2680 4739 dicto,
2743 4693 2954 4747 magna
3020 4676 3270 4746 synodus
3327 4677 3522 4731 habita
3565 4683 3646 4731 est
3705 4685 3768 4734 et

2070 4764 2396 4818 celebrata:
2462 4786 2487 4814 »
2532 4781 2649 4820 non
2698 4767 2841 4836 jam,
2887 4771 2947 4818 ut
3002 4765 3243 4818 innuere
3290 4765 3520 4819 videtur
3562 4767 3765 4836 scripti

2071 4861 2283 4920 auctor,
2325 4854 2395 4908 ad
2451 4854 2739 4923 agendum
2789 4853 2859 4906 de
2909 4852 3269 4923 episcopatus
3323 4854 3764 4924 Bambergensis

2072 4943 2377 5009 erectione,
2417 4942 2532 5008 sed,
2566 4943 2716 5012 quod
2777 4946 3124 5011 praepostere
3179 4941 3499 4995 observavit
3539 4946 3768 5013 Anony-

2072 5045 2219 5094 mus,
2253 5047 2380 5100 cap.
2424 5034 2506 5094 t2,
2543 5035 2606 5082 ut
2641 5051 2660 5076 ι
2727 5029 2913 5082 debita
2943 5045 3071 5082 cum
3127 5031 3492 5084 veneratione
3530 5031 3759 5100 privile-

2071 5117 2228 5186 gium
2259 5119 2366 5171 hoc
2391 5117 2546 5172 Sedis
2573 5117 2913 5188 Apostolicae
2947 5118 3348 5188 susciperetur.
3387 5137 3411 5171 ι
3461 5119 3549 5173 Sic
3591 5119 3769 5176 habet

2069 5207 2321 5260 clausula
2351 5207 2502 5276 apud
2544 5205 2828 5260 Labbeum
2866 5223 2937 5260 ια
2993 5207 3155 5270 Quod
3213 5207 3477 5260 videlicet
3529 5209 3761 5278 privile-

2069 5294 2226 5364 gium
2300 5293 2652 5347 venerabiles
2735 5296 2928 5348 Patres
2992 5296 3052 5348 in
3148 5296 3470 5365 supradicta
3544 5299 3762 5366 synodo

2071 5383 2484 5436 Franconofurt
2512 5381 2724 5450 habita,
2758 5383 3009 5450 generali
3069 5383 3307 5437 concilio
3363 5384 3760 5455 consistentes,

2069 5487 2293 5525 summa
2322 5470 2691 5524 veneratione
2762 5471 3004 5540 legendo
3050 5472 3440 5541 suscipientes,
3496 5477 3552 5526 et
3605 5477 3761 5545 Apo-

2070 5561 2283 5614 stolicae
2335 5558 2660 5615 auctoritati
2741 5557 3095 5626 obedientes,
3163 5559 3384 5614 devotis
3468 5563 3761 5617 mentibus
