3940 6360
138 309 195 363 69
1074 388 1085 397 ἢ
1794 306 1991 365 ACTA.
3580 312 3649 366 70

140 438 546 494 subscribendo
576 437 973 502 laudaverunt,
1025 436 1526 506 communiterque
1557 434 1831 490 corrobo-
1865 436 1912 489 A
1952 434 2229 504 episcopi,
2283 439 2339 489 et
2373 434 2610 489 Ditmari
2648 434 2828 507 ipsius
2883 438 3295 492 successionem
3354 438 3528 493 refert
3576 439 3648 493 ad

138 533 417 581 raverunt.
456 548 484 575 n
518 527 853 596 Sequuntur
882 524 1118 579 nomina
1148 526 1544 595 episcoporum
1579 522 1837 594 quinque

140 622 189 668 et
215 615 480 685 triginta,
548 632 692 686 quos
722 614 873 668 inter
919 614 1195 667 omissum
1245 612 1501 684 suspicor
1531 611 1838 665 Henricum

141 704 678 773 Wirciburgensem,
710 701 811 773 qui
858 702 1212 755 tricesimum
1268 707 1488 754 sextum
1530 715 1836 753 numerum

140 792 471 861 compleret,
527 796 671 861 quot
721 790 774 843 ei
826 790 1069 845 concilio
1139 789 1437 859 episcopos
1513 788 1839 842 interfuisse

139 879 473 950 pronuntiat
501 878 788 948 Legenda,
822 878 990 931 citato
1016 894 1138 948 cap.
1176 880 1260 931 l2.
1310 881 1495 946 Atque
1522 892 1589 930 eo
1641 876 1840 930 ordine

143 968 206 1021 ad
235 969 422 1037 justos
450 968 700 1020 calculos
739 971 999 1020 revocata
1030 966 1292 1019 existimo
1331 982 1460 1035 qua:
1517 966 1588 1018 ad
1633 964 1838 1019 funda-

143 1055 355 1109 tionem
385 1062 444 1109 et
470 1054 971 1109 conﬁrmationem
1004 1054 1154 1108 sedis
1219 1053 1655 1122 Bambergensis
1684 1057 1841 1123 gesta

145 1150 195 1196 et
220 1148 510 1197 transacta
556 1149 708 1207 sunt,
747 1158 1012 1213 quaeque,
1047 1143 1093 1196 si
1128 1159 1158 1195 a
1190 1142 1363 1211 Pagio
1383 1141 1610 1211 juniore
1640 1140 1841 1193 obser-

145 1238 267 1284 vata
291 1230 556 1299 fuissent,
598 1230 658 1284 in
711 1230 995 1284 Breviario
1040 1229 1379 1284 Pontiﬁcum
1428 1229 1841 1296 Romanorum,

144 1325 277 1373 tom.
311 1320 381 1387 Il,
412 1334 543 1389 pag.
570 1321 697 1384 285,
732 1318 856 1371 falsi
912 1317 1273 1388 arguendum
1332 1332 1448 1370 non
1502 1320 1626 1369 erat
1671 1316 1838 1368 Bam-

144 1408 424 1477 bergense
454 1408 925 1472 instrumentum,
980 1406 1048 1459 de
1078 1421 1191 1476 quo
1211 1405 1332 1475 jam
1366 1403 1502 1457 satis
1547 1402 1793 1457 diximus
1824 1418 1838 1468 ;

144 1502 195 1548 et
222 1511 288 1548 ex
317 1511 436 1565 quo
459 1495 749 1565 Anonymi
779 1499 948 1564 caput
998 1494 1060 1547 10
1113 1497 1407 1562 acceptum
1466 1490 1710 1557 videtur,
1745 1494 1844 1544 aut

144 1585 258 1636 vice
296 1599 476 1637 versa.

212 1674 333 1725 H6.
370 1670 459 1724 Sic
507 1670 803 1724 conciliari
846 1686 1010 1740 posse
1042 1669 1330 1736 existimo,
1382 1684 1508 1738 quae
1536 1667 1677 1720 alias
1732 1666 1841 1720 im-

142 1758 471 1829 plexissima
515 1763 667 1827 sunt,
726 1762 1027 1828 Anonymo
1058 1758 1116 1811 in
1169 1756 1588 1825 chronologicis
1619 1771 1843 1825 semper

140 1848 443 1902 titubante.
506 1847 776 1916 Agnoscit
807 1847 899 1901 hic
955 1846 1185 1917 quidem
1237 1845 1496 1915 geminas
1557 1844 1839 1913 synodos;

144 1941 215 2001 at,
258 1935 400 1987 dum
432 1934 679 2003 primam
708 1935 830 1987 vult
857 1934 1085 2002 esseide
1144 1949 1258 2003 qua
1312 1932 1432 2002 agit
1492 1932 1841 1985 instrumen-

144 2031 265 2077 tum
308 2024 754 2092 Bambergense,
789 2037 1018 2075 necesse
1054 2027 1137 2075 est
1170 2020 1451 2090 synodum
1486 2024 1841 2091 praeparato-

146 2111 309 2173 riam,
366 2111 431 2163 in
481 2126 595 2180 qua
667 2109 721 2163 S.
788 2111 1060 2163 Henricus
1129 2108 1287 2162 litem
1344 2124 1506 2162 suam
1572 2109 1844 2162 adversus

146 2201 481 2269 episcopum
518 2197 1033 2267 Wirciburgensem
1091 2196 1275 2263 evicit,
1336 2196 1588 2250 habitam
1640 2195 1840 2249 eodem

146 2303 296 2341 anno
355 2287 512 2353 1007,
572 2285 722 2339 circa
782 2285 1067 2339 Kalendas
1117 2285 1472 2350 Novembris,
1559 2300 1671 2354 quo
1723 2285 1844 2353 jam

146 2375 496 2445 supponitur
533 2390 566 2426 a
624 2389 821 2426 mense
867 2373 1038 2427 Junio
1085 2373 1319 2426 obtenta
1375 2390 1409 2426 a
1469 2373 1689 2425 Joanne
1736 2373 1841 2424 PP.

148 2465 515 2534 episcopatus
542 2462 725 2532 ipsius
755 2462 1134 2528 conﬁrmatio,
1178 2477 1306 2532 qua!
1339 2478 1453 2532 quo
1485 2467 1649 2531 pacto
1684 2476 1842 2513 com-

146 2552 329 2606 binari
365 2556 583 2621 queant
607 2566 843 2621 prorsus
901 2567 1015 2605 non
1045 2550 1229 2604 video.
1285 2551 1427 2604 Fuse
1476 2550 1545 2604 de
1600 2550 1705 2602 hac
1762 2565 1842 2615 re,

144 2642 325 2695 ferme
358 2641 429 2694 ad
461 2656 727 2693 normam
759 2643 1033 2705 nostram,
1091 2640 1208 2708 agit
1257 2639 1609 2693 Hofmannus
1654 2654 1686 2691 a
1732 2640 1840 2692 col.

145 2730 231 2795 40,
293 2730 397 2783 sed
452 2728 667 2782 nodum
699 2728 852 2781 hunc
877 2728 1156 2781 intactum
1214 2728 1406 2781 nescio
1456 2743 1528 2780 an
1596 2726 1846 2780 studiose

144 2816 496 2887 praeterierit
543 2832 556 2868 :
614 2817 924 2869 annolOO7
975 2815 1397 2870 ordinationem
1440 2815 1709 2869 Eberardi
1758 2831 1845 2867 re-

146 2911 229 2958 cte
259 2905 629 2975 consignans:
682 2903 961 2974 quidquid
997 2905 1283 2957 Ditmarus
1313 2921 1428 2957 uno
1469 2909 1653 2958 tractu
1710 2919 1845 2957 con-

146 2999 339 3047 nectat
392 2992 721 3063 inseratque
777 2992 972 3046 omnia
1016 2993 1231 3063 synodo

147 3083 371 3136 ratione
421 3098 513 3135 res
569 3096 742 3149 supra
800 3081 871 3135 ab
926 3097 991 3134 eo
1039 3081 1304 3135 confusas
1357 3081 1651 3135 diximus:
1713 3097 1849 3134 nam

147 3169 486 3241 hujusmodi
542 3168 1028 3222 consecrationem
1114 3169 1384 3239 praeviam
1480 3171 1844 3239 episcopatus

145 3259 325 3329 ipsius
364 3275 399 3311 a
430 3256 702 3310 Pontiﬁce
755 3256 1245 3310 conﬁrmationem
1294 3257 1543 3326 exigere,
1599 3257 1659 3309 in
1718 3273 1849 3310 con-

145 3348 292 3400 fesso
324 3361 447 3398 esse
474 3345 640 3415 plane
675 3344 920 3398 arbitror
953 3361 966 3397 :
999 3344 1161 3398 facile
1196 3345 1425 3399 interim
1464 3344 1671 3414 patiar,
1733 3344 1845 3398 dis-

146 3434 478 3488 tinctiorem
511 3432 580 3487 ab
611 3432 721 3485 alio
758 3432 1103 3486 solutionem
1132 3432 1352 3487 adduci.
1387 3433 1559 3485 Porro
1592 3448 1721 3502 quae
1778 3432 1849 3485 ad

147 3524 490 3593 Opulentam
544 3520 896 3574 dotationem
955 3526 1011 3574 et
1051 3521 1414 3590 splendorem
1474 3520 1639 3574 dicta:
1684 3519 1850 3573 toties

150 3609 587 3679 Bambergensis
632 3608 882 3662 ecclesiae
939 3624 972 3661 a
1014 3608 1215 3663 Sancto
1266 3610 1468 3662 collata
1526 3614 1677 3677 sunt,
1731 3623 1847 3662 non

147 3699 439 3753 incuriose
466 3701 725 3751 recenset
776 3696 1152 3761 Hofmannus,
1212 3698 1317 3751 col.
1370 3698 1467 3762 43;
1519 3696 1681 3765 cujus
1713 3697 1849 3751 ﬁdei

145 3787 373 3857 reliqua
396 3786 715 3848 committo,
749 3801 876 3855 quae
920 3785 989 3839 de
1018 3786 1273 3854 ejusdem
1307 3784 1645 3839 ofticialibus
1676 3791 1847 3855 atque

143 3875 379 3946 imperii
427 3873 766 3927 electoribus
841 3889 1078 3943 operose
1149 3880 1306 3928 extra
1386 3890 1504 3927 rem
1591 3880 1847 3928 nostram

147 3963 462 4034 congessit.

146 4070 178 4140 §
215 4071 338 4124 xu.

147 4144 306 4207 ρεηςί
368 4140 447 4193 ad
520 4144 820 4206 susceptam
904 4141 1081 4194 Roma
1162 4142 1377 4209 imperii

147 4212 439 4266 Benedicto
470 4212 571 4265 PP.
620 4211 783 4264 VIII.

412 4070 717 4123 Prosecutio
798 4084 833 4121 a
900 4069 1226 4122 constabilia
1283 4070 1505 4123 ecclesia
1574 4069 1846 4122 Bamber-

1475 4156 1731 4193 coronam
1814 4156 1848 4193 α

224 4322 351 4372 H7.
388 4318 549 4371 Hunc
578 4317 1001 4387 paragraphum
1033 4317 1229 4372 ordior
1256 4333 1289 4370 a
1317 4317 1596 4371 solutione
1619 4316 1849 4371 alterius

149 4405 571 4460 intricatissimi
601 4404 759 4470 nodi,
795 4420 859 4458 ex
922 4422 1037 4475 quo
1088 4422 1275 4476 nuper
1326 4405 1466 4473 dixi,
1511 4406 1849 4461 Ditmariani

151 4492 429 4547 Chronici
474 4492 822 4562 apograpba,
882 4497 1007 4546 tum
1060 4508 1191 4546 mss.
1251 4496 1373 4546 tum
1433 4493 1604 4559 edita,
1668 4494 1850 4564 aperti

152 4580 371 4634 erroris
422 4580 781 4646 revincenda,
820 4580 878 4633 in
929 4586 1137 4634 attacto
1180 4580 1304 4635 istic
1335 4582 1568 4651 capitali
1610 4588 1845 4653 puncto,

153 4669 313 4739 quod
342 4673 507 4738 gesta
546 4668 600 4722 S.
644 4669 868 4723 Henrici
917 4670 986 4723 ab
1025 4669 1360 4735 Adelboldo,
1396 4671 1848 4741 Chronographo

148 4758 393 4820 Saxone,
470 4756 785 4810 Annalibus
900 4757 1422 4812 Hildesemensibus
1484 4760 1848 4830 antiquisque

150 4845 279 4898 aliis
314 4860 467 4897 anno
526 4845 660 4897 1004
720 4844 1035 4899 rectissime
1066 4846 1292 4911 innexa,
1324 4863 1357 4899 a
1416 4848 1669 4901 Ditmaro
1724 4848 1849 4901 istic

147 4934 253 4986 sub
290 4933 421 4987 libri
472 4933 613 4987 sexti
656 4933 1005 5004 principium
1060 4936 1129 4990 ad
1196 4936 1572 5006 posteriorem
1630 4953 1846 4990 annum

151 5024 285 5075 1005
316 5022 565 5091 longiori
609 5022 841 5092 quidem
898 5023 1092 5093 pbrasi
1148 5024 1243 5078 sed
1295 5024 1684 5078 disertissimis
1727 5030 1847 5078 ter—

147 5111 323 5164 minis
352 5116 738 5165 revocentur:
773 5112 829 5165 id
878 5128 992 5182 qua
1042 5111 1267 5167 ratione
1321 5129 1391 5167 ex
1436 5113 1685 5183 ipsomet
1718 5114 1843 5167 Dit-

146 5199 291 5252 mari
352 5198 634 5253 Chronico
692 5199 1141 5270 demonstretur,
1194 5202 1280 5254 vel
1343 5201 1578 5255 unicum
1638 5218 1840 5254 exem—

147 5289 339 5357 plum,
398 5292 461 5341 ut
512 5294 721 5341 caetera
778 5288 869 5342 hic
928 5305 1041 5342 non
1124 5289 1464 5359 expendam,
1543 5290 1842 5361 perspicue

147 5376 389 5430 evincet.
438 5375 721 5430 Laudatus
772 5376 1255 5448 Cbronographus
1308 5377 1451 5431 Saxo
1506 5394 1632 5431 cum
1694 5377 1838 5431 anti-

146 5468 275 5537 quis
333 5464 461 5519 aliis
533 5470 591 5519 et
664 5452 1079 5519 recentioribus
1161 5466 1394 5536 passim,
1452 5467 1628 5527 nullo,
1687 5466 1840 5537 quod

147 5555 343 5619 sciam,
394 5554 739 5624 refragante,
796 5553 1018 5608 obitum
1050 5553 1324 5625 Wigherti
1363 5554 1842 5624 Merseburgensis

1921 1175 1923 1178 ‹
1950 1140 2333 1206 visitantibus,

1949 539 2168 578 annum
2204 526 2358 577 1009.
2394 525 2578 577 Verba
2637 526 2760 595 ejus
2814 530 2946 579 sunt
2978 542 2991 579 :
3028 545 3053 575 ‹‹
3119 526 3402 596 Wipertus
3431 527 3646 580 Merse-

1945 611 2247 682 burgensis
2302 612 2606 682 episc0pus
2655 612 2818 678 obiit,
2874 614 2965 666 cui
3020 613 3379 667 Thietmarus
3426 630 3645 668 succes-

1950 699 2047 753 sit.
2085 720 2112 748 »
2164 700 2452 753 Ditmarus
2482 716 2616 753 vero
2662 701 2782 770 ipse
2827 716 2955 770 pag.
3000 703 3101 754 385
3134 702 3214 753 sic
3240 701 3411 755 habet
3443 717 3455 755 :
3491 723 3518 751 ‹‹
3550 702 3649 755 Hic

1948 787 2034 839 vir
2066 786 2404 841 venerabilis
2450 787 2814 857 (Wigbertus,
2878 805 2977 842 seu
3006 788 3343 853 Wicbertus)
3388 789 3647 859 quinque

1950 890 2129 927 annos
2177 873 2239 928 in
2292 874 2623 944 episcopatu
2698 879 2753 928 et
2802 892 2897 929 sex
2971 875 3358 929 hebdomadas
3410 880 3481 944 {et
3528 875 3649 929 dies

1948 962 2205 1032 quinque
2259 961 2404 1015 sedit
2442 979 2454 1015 :
2492 962 2762 1016 flebiliter
2815 978 2965 1034 smpe
2998 968 3226 1034 peracta
3265 963 3636 1031 confessione,

1951 1056 2007 1104 et
2034 1051 2105 1103 ab
2137 1050 2417 1120 episcopis
2450 1051 2687 1120 Wigone
2716 1050 2768 1104 ei
2801 1052 3067 1119 Henrico,
3108 1051 3169 1105 in
3202 1051 3474 1105 extremis
3515 1068 3645 1104 eum

2404 1144 2674 1209 percepta
2723 1140 3079 1204 remissione,
3137 1157 3189 1193 1x
3243 1141 3366 1193 Kal.
3413 1140 3646 1209 Aprilis,

1949 1227 2092 1281 feria
2122 1227 2308 1293 tertia,
2343 1226 2404 1281 in
2453 1227 2779 1298 Merseburg
2816 1228 2886 1282 de
2930 1229 3036 1282 hac
3066 1229 3190 1282 luce
3223 1228 3293 1281 ad
3333 1228 3647 1297 Christum,

1950 1321 2016 1370 ut
2048 1332 2235 1385 spero,
2261 1314 2393 1368 felix
2417 1315 2698 1384 migravit.
2734 1337 2760 1363 n

2027 1407 2146 1458 H8.
2205 1404 2345 1457 Cum
2400 1403 2490 1456 his
2554 1404 2747 1457 confer
2802 1419 2931 1473 quae
2961 1419 3025 1456 ex
3080 1402 3204 1473 ipso
3273 1403 3639 1458 recitavimus

1952 1492 2314 1562 paragrapho
2386 1492 2473 1557 10,
2542 1507 2701 1545 num.
2780 1493 2900 1558 101,
2971 1491 3072 1545 ubi
3133 1508 3395 1563 expresse
3447 1492 3649 1546 asserit

1956 1585 2227 1651 «quartae
2277 1579 2445 1633 initio
2492 1579 2864 1633 hebdomadas
2908 1580 2968 1632 in
3024 1580 3329 1633 Februario
3377 1580 3452 1649 (S.
3488 1582 3643 1635 Hen-

1953 1666 2156 1732 ricum)
2214 1666 2436 1720 dedisse
2484 1667 2874 1738 episc0patum
2924 1673 3131 1721 sanctas
3172 1668 3651 1738 Merseburgensis

1953 1755 2205 1808 ecclesiae
2243 1755 2540 1824 capellano
2574 1756 2784 1809 suimet
2818 1756 3128 1825 Wigberto,
3159 1776 3185 1807 ››
3230 1762 3285 1811 et
3328 1757 3479 1810 ultro
3525 1773 3653 1811 con-

1953 1844 2128 1909 ﬁcies,
2189 1859 2305 1896 non
2363 1843 2616 1913 potuisse
2674 1844 3027 1914 Wigbertum
3092 1846 3417 1898 cathedram
3486 1846 3643 1899 illam

1954 1931 2347 1985 conscendisse
2376 1947 2525 1985 anno
2586 1933 2738 1996 1005,
2773 1934 2820 1985 si
2858 1933 2988 1985 totis
3018 1933 3275 2003 quinque
3319 1933 3503 2001 annis,
3554 1951 3649 1988 sex

1953 2018 2428 2084 hebdomadibus,
2497 2025 2553 2073 et
2599 2019 2813 2090 [diebus
2878 2019 3133 2090 quinque
3191 2037 3317 2074 eam
3381 2023 3649 2088 tenuerit,

1954 2108 2213 2177 adeoque
2289 2106 2455 2160 initia
2502 2107 2625 2177 ejus
2695 2108 2930 2161 omnino
2990 2108 3334 2162 retrahenda
3383 2125 3506 2164 esse
3574 2110 3646 2163 ad

1954 2211 2208 2249 mensem
2283 2195 2656 2249 Februarium
2712 2196 2920 2265 prioris
2986 2196 3123 2249 anni
3174 2198 3327 2251 1004.
3385 2198 3465 2250 Ne
3520 2214 3653 2251 vero

1954 2285 2194 2339 dubium
2226 2284 2283 2336 in
2319 2284 2424 2337 hac
2463 2300 2523 2337 re
2572 2300 2867 2354 superesse
2909 2286 3105 2355 possit.
3140 2302 3262 2339 rem
3294 2287 3652 2356 apertissime

1954 2374 2142 2427 denuo
2171 2372 2378 2426 evincit
2409 2372 2694 2427 Ditmarus
2723 2373 2844 2444 ipse
2877 2390 3008 2444 pag.
3039 2374 3162 2440 422,
3207 2375 3312 2428 sub
3339 2376 3535 2442 tinem,
3567 2376 3656 2429 his

1953 2461 2142 2515 verbis
2200 2478 2212 2515 :
2276 2480 2303 2512 α
2358 2462 2464 2515 Iste
2512 2478 2695 2515 annus
2723 2479 2835 2533 quo
2887 2461 3041 2515 hunc
3097 2463 3380 2516 attitulavi
3440 2464 3654 2518 librum

1954 2548 2284 2615 (attitulavit
2324 2554 2512 2603 autem
2560 2566 2711 2604 anno
2761 2550 2916 2620 1018)
2971 2550 3282 2604 nativitatis
3340 2567 3483 2604 meas
3514 2567 3652 2621 qua-

1954 2638 2309 2707 dragesimus
2343 2639 2427 2691 vel
2458 2638 2630 2707 paulo
2665 2639 2938 2708 amplius;
2985 2638 3044 2692 in
3078 2654 3273 2692 mense
3306 2655 3440 2693 vero
3468 2640 3655 2710 Aprili

1956 2730 2012 2779 et
2054 2742 2086 2778 v
2128 2726 2251 2779 Kal.
2304 2725 2452 2791 Maii,
2488 2726 2743 2779 decimus
2786 2726 3165 2780 ordinationis
3215 2742 3357 2781 mem
3395 2727 3657 2781 introivit

1958 2830 2141 2867 annus
2189 2814 2544 2884 ;»adeoque
2594 2816 2912 2883 completus
2965 2820 3086 2868 erat
3118 2831 3323 2875 nonus,
3373 2816 3495 2886 ipso
3556 2816 3654 2869 illo

1958 2918 2153 2956 mense
2201 2902 2383 2973 Aprili
2426 2903 2745 2969 inchoatus,
2801 2908 3122 2974 postquam,
3184 2919 3339 2957 nono
3374 2905 3656 2959 Kalendas

1321 2992 1458 3045 anni
1522 2994 1675 3059 1006,
1735 3008 1849 3062 qua
1888 2991 1927 3045 C
1958 2991 2169 3062 Aprilis
2195 3008 2293 3045 seu
2326 3007 2455 3044 xxm
2504 2991 2688 3045 Martii
2738 3007 2804 3044 ex
2852 2992 2958 3045 hac
3006 2992 3123 3045 vita
3184 2992 3465 3045 novennio
3524 3000 3653 3051 ante

1959 3079 2263 3150 migrasset
2307 3078 2612 3149 praedictus
2665 3078 3007 3148 Wigbcrtus,
3062 3094 3127 3132 ex
3174 3094 3308 3149 quo,
3363 3095 3465 3150 per
3503 3079 3655 3133 idem

1957 3175 2327 3230 successionis
2373 3175 2535 3230 ﬁlum
2586 3176 2968 3240 ascendendo,
3015 3175 3226 3230 iterum
3275 3182 3470 3246 aperte
3519 3193 3654 3230 con-

1956 3264 2234 3335 sequitur,
2331 3264 2687 3334 Wigbertum
2745 3264 2956 3317 obiisse
3021 3280 3174 3318 anno
3267 3267 3426 3333 1009,
3491 3266 3648 3319 ordi-

1959 3357 2276 3423 natumque
2326 3352 2500 3406 fuisse
2559 3357 2678 3405 toto
2735 3357 2867 3405 ante
2899 3352 3315 3423 quinquennio,
3352 3369 3445 3407 an.
3486 3355 3651 3408 1004:

1958 3444 2013 3493 et
2042 3441 2193 3510 quod
2253 3442 2486 3494 demum
2534 3440 2668 3494 inde
2724 3440 3101 3505 concluditur,
3153 3441 3363 3494 librum
3421 3448 3643 3496 sextum

1958 3528 2222 3596 Ditmari,
2250 3529 2419 3593 male,
2444 3534 2507 3581 ut
2546 3528 2667 3598 ejus
2715 3528 2964 3582 termino
3024 3534 3171 3596 utar,
3228 3545 3381 3582 anno
3429 3530 3526 3583 illo
3557 3532 3655 3584 MV

1963 3638 1982 3664 α
2022 3616 2375 3670 attitulatum
2401 3637 2428 3664 ››
2461 3632 2604 3669 esse.
2634 3616 2727 3670 His
2754 3616 2833 3670 ita
2870 3616 3094 3686 positis,
3126 3617 3422 3688 praeﬁxam
3478 3619 3643 3673 nobis

1955 3708 2285 3774 temporum
2316 3705 2523 3759 seriem
2558 3720 2994 3775 prosequamur.

2031 3797 2150 3846 119.
2189 3793 2274 3846 Ad
2324 3809 2542 3846 annum
2606 3796 2732 3847 1007
2792 3794 2879 3847 vel
2940 3796 3074 3848 1008
3127 3794 3337 3864 passim
3412 3796 3658 3851 refertur

1958 3900 1987 3930 ‹
2020 3880 2160 3933 visio
2200 3882 2253 3935 S.
2306 3881 2549 3935 Henrico
2596 3881 2921 3935 Ratisbonaa
2971 3883 3041 3936 ad
3099 3884 3425 3954 sepulcrum
3478 3888 3655 3939 sancti

1959 3969 2282 4039 Wolfgangi
2323 3969 2531 4036 oblata,
2568 3991 2595 4018 ››
2621 3970 2690 4023 de
2716 3987 2829 4041 qua
2856 3971 3196 4041 Anonymus
3239 3988 3361 4043 cap.
3413 3976 3466 4036 2,
3514 3990 3655 4045 qna-

1955 4073 2067 4127 que
2099 4074 2237 4110 suus
2292 4058 2431 4111 olim
2464 4057 2525 4111 in
2569 4059 2827 4113 moribus
2874 4059 3168 4113 institutor
3213 4060 3434 4115 adstare
3496 4063 3653 4115 visus

1956 4151 2061 4213 est,
2124 4151 2179 4198 et
2233 4145 2564 4215 hujusmodi
2622 4147 2804 4201 verbis
2858 4150 3206 4218 compellare
3275 4165 3356 4202 :«
3415 4150 3646 4204 Intuere

1878 4272 1921 4325 Ι)
1960 4234 2266 4304 diligenter
2296 4235 2515 4290 litteras
2573 4236 2636 4289 in
2665 4252 2850 4302 muro,
2899 4238 2999 4307 qui
3030 4242 3114 4291 est
3137 4239 3297 4307 juxta
3362 4242 3650 4294 tumulum

1962 4338 2177 4391 meum,
2231 4323 2488 4394 scriptas.
2579 4325 2709 4378 Erat
2758 4330 2947 4378 autem
2987 4325 3087 4390 ibi,
3128 4326 3271 4379 sicut
3327 4327 3649 4391 videbatur,

1961 4410 2234 4481 scriptum
2268 4411 2629 4465 solummodo
2662 4412 2831 4467 POST
2883 4412 3024 4466 SEX.
3081 4432 3107 4464 ι)
3144 4414 3268 4468 Non
3313 4415 3649 4478 difﬁtemur,

1961 4514 2027 4551 eo
2087 4515 2237 4552 anno
2316 4501 2473 4567 1007,
2530 4504 2674 4553 teste
2750 4500 3201 4571 Chronographo
3273 4503 3514 4572 Saxone,
3593 4513 3650 4559 et

1962 4587 2212 4640 Ditmaro
2235 4585 2377 4656 ipso,
2425 4587 2471 4640 si
2500 4592 2923 4658 consequenter
2948 4590 3237 4661 loquatur,
3297 4593 3652 4648 Dominicam

1959 4674 2436 4728 resurrectionem
2481 4674 2542 4729 in
2593 4691 2659 4729 ea
2688 4676 2913 4731 civitate
2966 4678 3281 4733 celebrasse
3311 4680 3367 4735 S.
3419 4682 3646 4736 Heinri-

1959 4778 2109 4825 cum,
2145 4778 2257 4832 quo
2288 4767 2545 4833 tempore
2572 4765 2793 4819 celebre
2827 4766 3160 4821 vaticinium
3196 4774 3448 4838 potuerit
3482 4770 3650 4825 intel-

1959 4851 2174 4920 ligare:
2208 4856 2264 4904 at
2294 4868 2392 4906 sua
2430 4870 2730 4925 perperam
2794 4855 2887 4909 hic
2940 4856 3220 4926 disposuit
3276 4858 3462 4913 bonus
3510 4862 3652 4914 Ano-

1958 4955 2182 5008 nymus,
2245 4940 2343 5010 qui
2404 4942 2606 4994 melius
2655 4941 2723 4995 ad
2788 4941 2979 5011 ipsum
3038 4960 3301 5013 regnum,
3361 4963 3530 5017 quam
3584 4948 3650 5001 ad

1956 5027 2187 5096 imperii
2217 5044 2486 5082 coronam
2554 5029 2917 5099 respexisset;
2971 5047 3102 5085 nam
3157 5032 3305 5086 hanc
3364 5036 3651 5105 suscipere

1958 5115 2195 5169 liberum
2230 5116 2469 5169 Henrico
2500 5116 2628 5170 fuit.
2678 5117 2815 5171 dum
2847 5118 3045 5172 voluit.
3082 5119 3383 5183 Caeterum,
3431 5126 3651 5175 utcum-

1956 5220 2066 5274 que
2096 5204 2426 5258 vaticinium
2481 5204 2740 5275 accipias,
2801 5206 2859 5259 in
2907 5207 3031 5277 ipsa
3078 5208 3198 5261 Vita
3262 5208 3395 5261 satis
3427 5210 3650 5279 exposi-

1954 5299 2076 5346 tum
2119 5300 2224 5355 est,
2253 5299 2310 5347 et
2349 5310 2452 5364 pro
2484 5293 2563 5347 rei
2596 5295 2883 5365 exigentia
2913 5296 3242 5365 probatum,
3291 5302 3354 5349 ut
3395 5297 3488 5350 hic
3517 5300 3647 5353 usui

1953 5382 2148 5435 venire
2193 5387 2444 5452 nequeat
2499 5390 2903 5451 argumentum
2946 5400 3103 5437 mere
3152 5384 3504 5453 negativum,
3534 5403 3648 5457 quo

1953 5470 2268 5524 Leibnitius
2320 5470 2530 5542 aliique
2604 5478 2944 5542 perpetuam
3022 5471 3323 5543 utriusque
3384 5475 3650 5546 conjugis

1951 5556 2005 5627 S.
2046 5556 2269 5611 Henrici
2330 5562 2387 5612 et
2434 5558 2801 5628 Cunegundis
2854 5561 3131 5612 servatam
3181 5557 3240 5613 in
3281 5560 3650 5617 matrimonio
