3940 6360
320 336 380 385 71
873 285 882 294 ι
1623 330 1678 379 S.
1725 327 2006 383 llENlthl
2051 325 2522 382 IMPERATORIS
3753 331 3822 377 71'.

323 451 703 524 virginitatem
775 451 1116 520 impugnare
1172 449 1292 503 ausi
1335 454 1484 516 sunt,
1534 449 1684 520 quod
1727 449 2013 504 Ditmarus
2045 453 2086 504 A
2129 465 2254 503 rum
2287 448 2392 502 sibi
2424 447 2748 502 coenobium
2801 449 3177 518 locupletasse
3209 448 3676 504 liberalissimum
3707 449 3820 504 im-

325 548 422 596 aut
451 540 546 594 alii
594 539 868 592 comtanei
893 554 1008 591 non
1042 539 1176 592 satis
1215 553 1477 608 expresse
1518 539 1640 607 ejus
1693 539 1776 592 rei
1807 539 2010 592 memi-

321 632 510 686 nerint
543 648 556 685 :
586 632 680 686 sed
717 645 841 684 eam
870 629 987 699 jam
1049 628 1180 682 satis
1207 628 1550 682 vindicatam
1600 629 2008 682 existimamus.

323 720 654 775 Praedictum
697 719 974 772 visionem
1017 717 1310 787 ignorasse
1345 717 1683 783 Ditmarum,
1719 717 1858 770 nihil
1895 716 2006 770 mi-

321 825 448 862 rum
499 813 603 872 est,
661 807 842 878 ipsam
872 806 1012 859 alias
1053 790 1290 859 minime
1350 805 1681 871 taciturum,
1717 804 1814 875 qui
1847 803 2006 856 simi—

323 897 433 950 lem
459 896 592 949 alibi
619 895 922 952 contigisse
952 899 1166 956 narrat,
1211 909 1312 946 nec
1343 893 1410 945 ab
1463 893 1792 963 liujusmodi
1849 907 2008 946 reve-

321 983 631 1038 lationibus
684 983 966 1034 ullatenus
996 982 1283 1048 abhorret,
1323 985 1384 1030 ut
1433 997 1498 1033 ex
1547 981 1664 1032 sola
1719 996 1850 1049 pag.
1908 981 2008 1032 387

321 1071 549 1126 abunde
579 1069 910 1141 perspicies.

397 1161 512 1213 t20.
543 1159 624 1212 Ad
659 1172 872 1210 annum
931 1156 1064 1209 l008
1097 1159 1312 1224 spectat
1345 1154 1558 1208 bellum
1599 1153 1846 1207 Metcnse
1907 1168 2008 1207 seu

319 1247 668 1308 Trevirense,
713 1246 783 1298 de
832 1261 946 1315 quo
980 1245 1056 1297 ita
1090 1243 1158 1296 ad
1191 1241 1342 1296 hunc
1391 1257 1604 1294 annum
1655 1242 2009 1310 Chronogra-

321 1337 469 1407 phus
494 1336 636 1389 Saxo
667 1351 680 1400 ;
719 1355 746 1382 ‹‹
795 1333 1092 1389 Adalberto
1131 1331 1370 1386 clericus
1401 1330 1613 1400 reginae
1646 1331 1838 1390 frater,
1889 1329 2010 1398 regi

321 1425 503 1478 factus
549 1423 929 1490 adversarius,
985 1420 1433 1474 abominationes
1467 1420 1671 1473 multas
1715 1419 2012 1472 concitavit

321 1519 516 1566 contra
562 1527 733 1564 omne
788 1512 880 1579 jus
911 1515 964 1560 et
993 1510 1108 1566 fas;
1156 1508 1428 1562 Trevirim
1462 1506 1692 1559 sibimet
1720 1522 1846 1559 eum
1895 1506 2011 1559 suis

322 1601 660 1669 sequacibus
699 1598 1066 1667 mancipavit.
1101 1596 1292 1665 sicque
1328 1595 1600 1660 discessit,
1637 1595 1820 1662 Quod,
1880 1611 2008 1647 cum

2121 543 2468 608 peratorem,
2503 553 2631 607 quae.
2677 537 2868 591 omnia
2927 537 3217 592 luculenm
3251 538 3562 608 diplomate
3608 537 3822 592 confir-

2123 626 2300 680 mavit
2330 641 2421 678 an.
2483 627 2642 693 1015,
2701 631 2764 678 ut
2807 625 2935 680 vide
2989 627 3137 696 apud
3182 628 3444 681 eumdem
3483 627 3820 681 Bruschium

2121 715 2290 768 citata
2323 715 2527 786 pagina
2559 730 2736 769 versa.

2198 805 2315 858 12?.
2377 825 2404 854 «τ
2471 820 2595 858 uix.
2656 805 2772 858 Rex
2835 803 3196 858 Nativitatem
3255 803 3460 858 Christi
3519 803 3822 872 Salzburg.

2121 892 2330 946 Pascha
2383 908 2518 945 vero
2563 891 2931 962 Augustburg
2979 891 3217 962 peregit,
3266 912 3286 938 ιι
3321 892 3492 944 verba
3523 897 3654 944 sunt
3699 893 3822 946 An-

2119 980 2336 1034 nalium
2395 980 2924 1034 Hildesemensium.
2969 979 3448 1049 Chronographus
3494 979 3637 1034 Saxo
3667 983 3824 1032 totus

2121 1073 2206 1122 est
2231 1068 2288 1121 in
2321 1067 2705 1122 describendis
2750 1067 2886 1120 anni
2923 1066 3084 1120 istius
3112 1066 3553 1132 calamitatibus;
3588 1065 3826 1119 insolita

2120 1173 2326 1228 nempe
2383 1172 2662 1227 aquarum
2723 1155 3033 1219 refusione,
3091 1154 3388 1224 sanguinis
3443 1155 3638 1223 guttis,
3676 1170 3810 1224 qum

2121 1245 2420 1299 Dominica
2475 1245 2803 1298 Palmarum
2861 1242 3214 1296 vestimentis
3243 1242 3542 1296 hominum
3575 1243 3824 1295 instilla-

2119 1333 2335 1399 verint;
2393 1333 2462 1384 de
2494 1332 2791 1385 obscurato
2817 1332 2952 1397 sole,
2995 1335 3052 1384 et
3078 1330 3356 1384 incendiis
3388 1329 3652 1396 insolitis,
3687 1345 3825 1400 quae

2121 1421 2316 1474 omnia
2360 1419 2682 1490 pestilentia
2713 1425 2766 1473 et
2797 1418 3114 1473 mortalitas
3154 1435 3354 1488 graves
3412 1424 3618 1472 secutae
3677 1419 3822 1471 sint.

2125 1510 2200 1563 De
2233 1514 2437 1562 cmtero
2471 1508 2540 1561 iis
2597 1508 2901 1578 praeteritis
2962 1523 3090 1578 quae
3120 1507 3184 1560 ad
3223 1507 3276 1560 S.
3321 1507 3625 1560 llenrieum
3684 1523 3825 1576 spe-

2122 1601 2298 1660 ctant,
2335 1597 2572 1649 Ditmari
2605 1597 2658 1648 in
2693 1596 3081 1666 episcopatum
3151 1596 3672 1663 Merseburgensem
3705 1611 3828 1647 sue-

321 1703 416 1740 rex
465 1685 854 1754 comperisset,
912 1683 1219 1736 suasillico
1268 1683 1459 1752 copias
1513 1685 1786 1748 colligens
1832 1683 2008 1735 adve-
2045 1721 2082 1774 Β
2123 1685 2459 1748 cessionem,
2511 1685 2580 1737 de
2630 1700 2744 1754 qua
2791 1684 3120 1754 nuperrime
3207 1683 3476 1748 diximus,
3556 1691 3825 1736 accurate

321 1776 424 1838 nit,
461 1774 836 1842 l.otharingos
867 1772 972 1825 sibi
1003 1771 1330 1825 resistentes
1379 1771 1591 1824 Palatio
1623 1771 1865 1832 obsedit,
1923 1787 2007 1822 se-

321 1863 501 1916 decim
545 1861 934 1915 bebdomadas
963 1861 1172 1914 ibidem
1227 1860 1455 1914 faciens.
1519 1883 1546 1908 ››
1599 1861 1732 1914 Belli
1782 1877 2008 1912 causam

323 1955 600 2004 memorat
643 1948 954 2014 Ditmarus,
983 1964 1111 2018 pag.
1147 1949 1250 2002 384
1280 1965 1292 2001 :
1337 1967 1362 1996 «
1399 1949 1509 2001 Rex
1560 1954 1752 2001 autem
1787 1953 1848 2000 ut
1905 1948 2010 2000 hoc

320 2039 559 2100 audivit,
589 2037 796 2108 prioris
836 2053 948 2090 non
982 2038 1309 2102 immemor,
1342 2036 1398 2089 in
1434 2051 1709 2104 germano
1752 2035 2006 2104 ejusdem

317 2127 618 2182 Tliiedriro
670 2141 785 2180 non
845 2125 1254 2195 prmueditatm
1295 2125 1738 2184 constitutionis,
1773 2139 2006 2176 uxorem

318 2215 602 2278 dilectam,
635 2220 984 2284 ca'terosque
1037 2213 1245 2266 suimet
1289 2213 1618 2279 familiares,
1685 2214 1754 2266 de
1787 2213 2006 2283 episeo-

317 2309 448 2374 patu
484 2303 686 2356 eodem
735 2301 1099 2372 impetrando
1150 2301 1439 2368 sollicitos,
1473 2301 1707 2372 sprevit,
1739 2307 1795 2354 et
1827 2301 2007 2355 Mein-

316 2391 514 2458 gardo,
549 2391 808 2461 Willigisi
858 2389 1278 2460 archiprmsnlis
1307 2389 1687 2444 camerario...
1742 2389 2006 2443 eumdem

317 2480 486 2535 dedit.
513 2481 755 2550 Propter
781 2479 886 2532 hoc
909 2479 1162 2532 subdolae
1185 2478 1574 2549 generationis
1613 2479 1773 2531 turor
1803 2493 2008 2530 accen-

315 2568 516 2635 ditur;
549 2587 576 2614 »
635 2566 728 2618 ubi
759 2565 851 2619 hic
883 2565 1168 2619 Ditmarus
1226 2570 1282 2618 et
1327 2565 1462 2618 alibi
1506 2563 1715 2633 smptus
1755 2563 2009 2616 insinuat

315 2658 672 2721 ingratorum
707 2655 762 2706 S.
797 2653 1168 2724 Cunegundis
1223 2653 1464 2707 fratrum
1517 2653 1572 2706 in
1606 2652 1657 2706 ς,
1699 2651 2003 2705 Henricum

315 2745 534 2810 odium,
568 2744 714 2814 quod
749 2745 804 2796 in
838 2742 1118 2810 ecclesias,
1151 2747 1204 2794 et
1237 2744 1482 2796 maxime
1526 2741 2005 2810 Bambergenscm

313 2833 580 2904 profusus
637 2833 958 2895 videretur;
1022 2848 1084 2884 ea
1143 2831 1314 2885 nimis
1347 2831 1613 2900 religiose
1646 2831 2004 2900 dispergens,

315 2921 522 2992 quibus
571 2921 675 2989 ipsi
724 2920 885 2974 avide
915 2919 1233 2984 inhiabant,
1266 2919 1406 2972 adeo
1452 2925 1516 2972 ut
1547 2919 1806 2983 Henrico,
1846 2918 2004 2972 fratri

2123 1778 2304 1836 notat,
2366 1772 2456 1824 cui
2485 1777 2540 1825 et
2571 1772 3089 1826 Paderbornensem
3147 1771 3197 1825 S.
3238 1772 3550 1826 Meinwerci
3595 1771 3828 1825 institu-

2120 1861 2337 1914 tionem
2370 1861 2684 1930 adjungere
2739 1864 2983 1930 poterat,
3014 1875 3141 1928 qute
3184 1859 3242 1912 in
3310 1859 3473 1912 dictis
3501 1860 3824 1913 Annalibus

2121 1948 2642 2003 Hildesemensibus
2673 1953 2730 2002 et
2781 1949 2836 2002 in
2869 1949 2991 2018 ejus
3023 1949 3142 2001 Vita
3176 1947 3312 2000 satis
3357 1947 3719 2012 describitur,
3752 1947 3820 2001 in

2119 2053 2232 2107 qua
2260 2043 2316 2089 et.
2346 2037 2444 2090 illa
2474 2052 2577 2106 pro
2609 2036 2716 2089 hoc
2756 2051 2905 2089 anno
2937 2035 3130 2096 habes,
3192 2051 3320 2106 qua!
3384 2052 3413 2087 a
3456 2035 3510 2089 S.
3571 2035 3825 2088 Henrico

2131 2126 2403 2195 prteclare
2451 2130 2506 2178 et
2559 2124 2819 2194 largitate
2869 2125 3026 2194 regia
3079 2129 3238 2193 gesta
3290 2129 3442 2177 sunt.
3505 2124 3824 2188 Ditmarus,

2119 2231 2250 2286 pag.
2275 2217 2396 2279 388,
2433 2213 2605 2267 tradit
2652 2235 2680 2262 (ί
2720 2228 2914 2282 regem
2947 2213 3130 2266 varias
3180 2211 3618 2266 occidentalium
3649 2226 3822 2264 men-

2115 2311 2200 2358 tes
2265 2303 2554 2373 probasse,
2605 2307 2680 2366 et,
2713 2317 2786 2355 ne
2833 2302 2998 2355 solito
3045 2307 3563 2368 commoverentur,
3614 2300 3825 2354 sedare

2117 2396 2446 2458 tentasse,»
2503 2396 2566 2444 ut
2616 2396 2750 2462 pote
2792 2391 2952 2461 cujus
3007 2395 3348 2460 perpetuam
3385 2405 3582 2444 curam
3635 2389 3823 2443 fuisse.

2118 2479 2384 2544 ostendit,
2444 2479 2685 2532 subditis
2732 2479 3001 2533 omnibus
3083 2479 3473 2549 cujuscunque
3528 2493 3692 2531 sexus
3763 2483 3826 2531 et

2117 2568 2333 2622 ordinis
2385 2567 2738 2633 benefacere,
2798 2571 2854 2620 et
2910 2588 2932 2614 α
2987 2566 3054 2620 ad
3115 2566 3498 2620 iudeﬁcientis
3546 2582 3822 2620 coronam

2117 2656 2353 2712 honoris
2393 2657 2613 2710 sublato
2647 2655 2854 2709 timore
2880 2671 3212 2725 properare,
3279 2655 3345 2708 ad
3379 2671 3550 2725 quam
3583 2654 3828 2724 capien-

2117 2744 2245 2799 dam
2287 2745 2346 2798 in
2379 2744 2680 2798 itineribus
2726 2748 2781 2797 et
2818 2743 2947 2797 aliis
2981 2743 3410 2797 necessitatibus
3443 2743 3692 2796 maxime
3730 2743 3824 2795 la-

2114 2833 2340 2896 borans,
2382 2832 2593 2886 amicos
2623 2831 2755 2886 fecit
2789 2831 2896 2885 sibi
2926 2831 3210 2898 inimicos,
3236 2831 3390 2901 juste
3422 2831 3651 2884 eosdem
3679 2846 3824 2884 exo-

2115 2936 2210 2972 sus
2243 2937 2256 2972 :
2282 2939 2308 2970 »
2333 2921 2486 2990 quod
2521 2923 2608 2973 est
2638 2920 2845 2984 dicere,
2877 2919 3302 2990 persecutiones
3320 2934 3550 2989 passum
3575 2923 3824 2989 propter

316 3008 498 3070 alteri,
566 3006 803 3080 ducatus
861 3006 1131 3076 Bajoariai
1175 3005 1538 3074 abrogandus
1595 3005 1788 3069 fuerit,
1834 3021 2002 3074 quem
2037 3003 2075 3055 C
2117 3008 2574 3062 administratam
2601 3008 3096 3078 justitiam.,Alias
3121 3007 3293 3078 hujus
3315 3007 3452 3060 anni
3475 3005 3828 3060 donationes

314 3103 502 3150 tamen
539 3097 900 3165 postmodum
933 3111 1062 3149 cum
1109 3096 1284 3149 sancti
1326 3095 1476 3165 regis
1535 3095 1716 3164 gratia
1765 3095 2004 3164 recepit,

316 3184 550 3238 Adnecti
585 3185 673 3238 hic
721 3189 927 3255 potest,
987 3183 1138 3253 quod
1195 3183 1262 3236 ad
1318 3184 1492 3236 istum
1539 3197 1752 3236 annum
1787 3182 2007 3234 notavit.

317 3272 632 3340 Alberieus,
666 3291 692 3321 α
721 3271 986 3342 .lopiliam
1023 3272 1184 3341 juxta
1216 3271 1488 3324 Leodtum
1532 3289 1558 3322 »
1605 3270 1824 3324 dedisse
1856 3271 2004 3324 lien-

315 3360 434 3414 rico
467 3360 806 3414 Virdunensi
845 3359 1108 3430 episc0po
1152 3365 1408 3412 sanctum
1467 3359 1894 3429 imperatorem,
1947 3359 2004 3412 in

316 3447 581 3500 ecclesias
602 3461 827 3516 semper
858 3451 912 3499 et
944 3446 1156 3516 ubique
1189 3445 1545 3498 muniﬁcum.

390 3537 509 3589 121.
554 3535 746 3606 Neque
799 3550 932 3588 vero
963 3533 1244 3605 praeteriri
1279 3534 1370 3587 hic
1433 3536 1619 3602 potest
1651 3533 1853 3587 Montis
1882 3549 2004 3587 mo-

317 3624 627 3678 nachorum
685 3639 860 3693 prope
915 3621 1288 3688 Bambergam
1341 3621 1774 3674 celeberrimum
1817 3637 2004 3676 coeno-

317 3711 496 3778 bium,
552 3711 622 3764 de
650 3728 764 3783 quo
814 3709 1074 3782 pluribus
1106 3711 1163 3762 in
1191 3710 1313 3762 Vita
1343 3709 1403 3764 S.
1445 3709 1666 3762 Ottonis
1696 3710 1867 3762 locuti
1910 3727 2004 3764 su-

315 3814 462 3864 mus,
495 3800 602 3853 hoc
633 3799 832 3852 eodem
857 3813 1006 3851 anno
1039 3814 1070 3850 a
1101 3799 1294 3850 sancto
1322 3796 1687 3866 imperatore,
1715 3819 1741 3844 «
1770 3799 2005 3867 ejusque

314 3886 632 3940 eonthorali
662 3887 718 3940 S.
749 3885 1126 3954 Chunigunde
1169 3882 1506 3938 Palatinissa
1535 3887 1593 3936 et
1619 3881 2000 3952 imperatrice.

315 3975 373 4028 in
405 3975 684 4028 honorem
719 3973 772 4028 S.
823 3972 1110 4028 Michaelis
1147 3970 1488 4041 Archangeli
1535 3969 1857 4038 fundatum,
1891 3985 2006 4023 una

314 4077 444 4116 cum
497 4061 622 4132 ipso
677 4061 792 4114 fere
849 4060 1180 4130 episcopatu
1229 4057 1676 4126 :Bambergensi,
1731 4077 1758 4108 ιι
1817 4057 2006 4128 inquit

317 4151 622 4204 Bruschius
651 4149 718 4203 de
769 4147 1122 4204 Monasteriis
1167 4163 1296 4217 pag.
1339 4149 1438 4212 87;
1479 4145 1694 4200 addens
1737 4167 1763 4195 α
1793 4145 2001 4200 funda-

313 4239 485 4293 tionis
511 4239 816 4304 rationem,
849 4257 878 4290 ν»
919 4237 1066 4309 quod
1118 4242 1332 4304 sancto,
1371 4257 1396 4282 α
1448 4235 1508 4289 in
1539 4235 1826 4290 secretiori
1857 4251 1999 4306 quo-

313 4327 444 4381 dam
475 4327 680 4380 sacello
733 4325 990 4380 devotius
1045 4323 1353 4395 aliquando
1403 4323 1611 4391 oranti,
1672 4323 2000 4394 apparuerit

313 4415 546 4470 Michael
578 4413 972 4484 archangelus,
1028 4412 1128 4484 qui
1159 4411 1346 4466 femur
1373 4410 1522 4481 regis
1561 4416 1800 4480 tangens
1830 4410 2001 4479 (unde

313 4503 546 4558 claudus
572 4502 754 4556 factus
799 4517 920 4555 esse
977 4501 1210 4570 legitur,
1263 4499 1360 4571 qui
1393 4505 1580 4552 rectus
1621 4498 1782 4568 prius
1834 4499 2005 4552 inces-

313 4593 505 4662 serat),
540 4589 1022 4661 Evangeliumque
1075 4589 1326 4644 codicem
1355 4587 1728 4642 osculandum
1786 4589 1835 4639 ei
1872 4605 2000 4658 por-

313 4680 524 4750 rigens,
549 4679 608 4732 in
641 4679 762 4732 haec
781 4679 954 4732 verba
973 4694 1100 4732 eum
1133 4679 1453 4732 consolatus
1484 4677 1592 4730 sit:
1631 4697 1656 4724 ‹‹
1689 4677 1998 4741 Netimeas,

312 4770 487 4824 electe
519 4768 639 4836 Dei,
691 4767 960 4820 velociter
987 4783 1176 4838 surge,
1211 4773 1378 4838 atque
1410 4767 1517 4820 hoc
1564 4764 1792 4836 signum
1849 4764 2002 4833 pacis

312 4857 584 4911 divinitus
613 4856 718 4910 tibi
773 4857 1169 4910 transmissum
1199 4856 1443 4926 suscipe,
1498 4853 1714 4923 Deique
1784 4854 2000 4905 cultum

311 4951 542 4999 strenue
585 4959 903 5016 propagare
948 4959 1146 5014 perge.
1190 4946 1387 4998 Postea
1411 4959 1476 4996 ex
1507 4942 1711 5012 Apulia
1757 4940 1817 4993 in
1859 4941 1997 4994 Ger-

312 5033 564 5088 maniam
619 5033 880 5104 (feliciter
931 5033 1012 5087 ibi
1068 5033 1326 5087 confecto
1382 5031 1562 5101 bello).
1606 5029 1887 5094 redeunti,
1947 5033 2002 5081 et

313 5123 462 5193 apud
521 5122 854 5176 Cassiuense
909 5121 1323 5176 monasterium
1383 5136 1448 5174 ex
1494 5119 1709 5172 calculo
1769 5116 2000 5170 decum-

313 5210 490 5274 benti,
525 5231 550 5258 η
613 5214 716 5264 etc.
764 5209 1002 5264 Sudabit
1055 5210 1272 5264 atfatim
1328 5209 1427 5278 qui
1486 5205 1834 5260 Bruschiana
1879 5205 2001 5258 haec

314 5300 470 5354 omni
529 5304 658 5370 apta
723 5303 1030 5368 componat
1085 5313 1212 5351 cum
1267 5295 1501 5366 signatis
1559 5295 1726 5348 modo
1777 5293 2002 5347 coenobi

313 5395 472 5448 istius
505 5395 772 5449 exordiis.
810 5395 886 5448 De
928 5394 1338 5448 claudicatione
1369 5393 1424 5448 S.
1469 5392 1714 5460 Henrici,
1763 5393 2001 5462 ejusque

314 5484 712 5538 verosimihori
771 5499 938 5538 causa
962 5485 1081 5552 jam
1125 5483 1260 5535 satis
1303 5482 1516 5537 dictum
1557 5487 1686 5536 est:
1743 5481 1799 5534 id
1866 5497 2000 5534 sane

311 5572 658 5628 controverti
683 5572 910 5644 nequit,
947 5570 1182 5644 prmdiis
1213 5571 1409 5627 multis
1435 5587 1498 5627 ac
1539 5571 1854 5628 latifundiis
1899 5587 1996 5626 ca-

2117 3097 2242 3150 vide
2272 3097 2425 3166 apud
2455 3097 2798 3165 Gretserum,
2835 3113 2963 3167 pag.
3005 3099 3073 3150 69
3113 3101 3167 3149 et
3191 3100 3281 3163 7t,
3315 3095 3522 3165 quibus
3554 3095 3694 3148 alias
3727 3095 3832 3150 ad-

2109 3185 2302 3254 juugit
2352 3184 2671 3238 Chronicon
2728 3185 3004 3255 anonymi
3063 3184 3363 3239 crenobitaa
3451 3184 3828 3239 Schutterani

2118 3273 2186 3326 ab
2229 3272 2431 3326 abbate
2477 3274 2695 3326 Joanne
2743 3273 3353 3337 FridericoSehannat,
3387 3272 3444 3327 in
3498 3272 3829 3328 Vindemiae.

2115 3378 2232 3414 sum
2286 3362 2579 3416 litterariae
2637 3363 2974 3417 collectione
3047 3363 3256 3433 prima,
3295 3379 3486 3416 recens
3553 3363 3820 3432 vulgata.

2116 3449 2352 3520 quodin
2383 3467 2449 3503 eo
2482 3467 2676 3520 opere,
2712 3451 2912 3504 ordine
2953 3457 3222 3520 quartum
3277 3456 3624 3505 recensetur.

2191 3541 2308 3594 123.
2369 3541 2595 3594 Annum
2658 3541 2794 3593 1010
2851 3539 2928 3591 sic
3005 3539 3274 3592 describit
3321 3539 3818 3610 Chronographus

2115 3627 2328 3680 Saxo:
2388 3627 2685 3680 Iieinricus
2742 3643 2862 3693 rex,
2902 3627 2958 3679 in
3015 3625 3440 3697 expeditionem
3487 3644 3618 3681 suas
3673 3644 3814 3682 con-

2115 3716 2346 3768 trahens
2371 3714 2582 3786 copias,
2613 3715 2962 3769 Bolizlavum
2997 3715 3244 3769 Poloniae
3296 3715 3656 3786 quaesiturus,
3711 3718 3816 3771 sed

2115 3821 2229 3875 quo
2255 3805 2397 3858 velle
2451 3804 2692 3858 ducebat
2751 3803 2990 3857 minime
3044 3809 3446 3874 perventurus,
3502 3805 3657 3874 gravi
3717 3806 3816 3859 in-

2115 3899 2357 3962 gruente
2391 3892 2751 3962 aegritudine,
2812 3891 3000 3946 media
3065 3893 3370 3947 revertitur
3419 3893 3578 3947 via...
3630 3893 3820 3947 Theo-

2113 3981 2339 4036 doricus
2393 3979 2723 4035 Metensium
2784 3981 3104 4052 episcopus,
3160 3983 3350 4036 dotem
3410 3987 3468 4035 et
3529 3982 3818 4052 patrimo-

2114 4069 2274 4124 nium
2315 4069 2529 4140 reginas
2587 4069 2960 4140 Cunigundis,
3009 4085 3136 4141 quae
3170 4087 3330 4123 soror
3383 4075 3506 4124 erat
3536 4087 3658 4134 sua,
3698 4071 3818 4125 Ba-

2113 4158 2487 4227 venbergensi
2523 4158 2780 4211 Ecclesia!
2815 4159 3012 4212 dolens
3053 4158 3306 4230 delegari
3338 4175 3369 4212 a
3419 4173 3573 4228 rege,
3607 4165 3820 4213 contra

2117 4247 2306 4316 ipsum
2336 4245 2595 4300 rebellat.
2624 4265 2650 4293 »
2681 4247 2805 4299 Hmc
2835 4245 2958 4315 ipsa
3005 4247 3178 4316 paulo
3236 4245 3635 4300 lamentabiliu
3655 4263 3680 4297 s
3709 4247 3818 4301 de-

2115 4335 2273 4390 ducit
2305 4335 2612 4402 Ditmarus,
2637 4351 2774 4405 pag.
2815 4337 2940 4400 388,
2967 4335 3245 4389 nonnulla
3263 4335 3508 4388 miscens
3536 4339 3591 4387 et
3621 4339 3818 4388 trans-

2115 4440 2353 4494 ponens,
2378 4439 2508 4493 quas
2535 4425 2736 4477 vellem
2769 4425 2938 4493 paulo
2995 4423 3309 4477 accuratius
3343 4422 3637 4488 distincta;
3672 4437 3816 4477 nam

2114 4511 2222 4566 nisi
2246 4512 2490 4565 multum
2521 4511 2703 4578 fallar,
2737 4511 2948 4565 bellum
2972 4511 3242 4564 adversus
3277 4511 3618 4579 Boleslaum,
3650 4513 3816 4580 quod

2115 4600 2374 4671 sequenti
2413 4615 2542 4671 pag.
2580 4602 2680 4654 389
2727 4598 3114 4671 prosequitur,
3148 4599 3314 4652 alteri
3343 4599 3662 4652 Mosellana!
3715 4615 3815 4652 ex-

2111 4689 2567 4759 peditioni,quze
2597 4689 2666 4742 ad
2723 4704 2937 4742 annum
2995 4701 3178 4757 usque
3236 4688 3360 4740 1011
3425 4687 3629 4753 tenuit,
3679 4687 3818 4742 istic

2111 4777 2578 4849 praemittendum
2637 4781 2776 4843 crat,
2806 4777 2874 4830 de
2905 4791 3018 4847 qua
3057 4775 3126 4830 ad
3179 4775 3390 4828 dictum
3450 4790 3666 4829 annum
3711 4790 3816 4830 nx:

2113 4866 2194 4920 sic
2221 4867 2480 4938 loquitur
2509 4865 2994 4935 Chronographus
3033 4863 3175 4918 Saxo
3209 4879 3221 4918 :
3273 4885 3296 4913 α
3341 4864 3456 4918 ltex
3489 4863 3817 4919 Metensem

2111 4955 2311 5009 urbem
2360 4955 2814 5026 praedictumque
2843 4952 3258 5006 Theodericum
3311 4952 3642 5023 episcopum
3673 4955 3820 5006 tan-

2113 5041 2208 5095 diu
2234 5043 2476 5109 obsedit,
2510 5057 2806 5114 quousque
2861 5041 3147 5095 mediante
3197 5040 3438 5111 justitia,
3485 5057 3592 5110 pax
3655 5039 3822 5094 inter

2113 5147 2209 5184 eos
2235 5131 2517 5185 convenit.
2576 5152 2596 5178 ι
2655 5131 2848 5201 Neque
2887 5135 3081 5183 tamen
3112 5129 3386 5197 diftiteor,
3437 5127 3650 5182 resumi
3695 5145 3814 5200 po-

2110 5219 2287 5273 tuisse
2315 5235 2430 5273 non
2462 5219 2636 5273 semel
2662 5220 2844 5272 varias
2881 5217 3008 5272 illas
3029 5218 3422 5284 excursiones;
3452 5216 3664 5271 etenim
3697 5220 3820 5274 sub

2109 5307 2288 5362 totius
2309 5307 2652 5361 narrationis
2683 5307 2882 5372 tinem,
2913 5322 3045 5377 pag.
3079 5308 3202 5371 390,
3235 5307 3313 5360 sic
3376 5306 3549 5359 habet
3589 5305 3820 5362 Ditma-

2111 5412 2208 5449 rus
2250 5413 2262 5450 :
2295 5417 2322 5444 «
2355 5395 2472 5449 Rex
2504 5396 2712 5450 iterum
2764 5393 3141 5448 occidentales
3190 5393 3385 5448 invisit
3432 5393 3718 5462 regiones,
3750 5403 3818 5452 et

2109 5483 2444 5554 ﬂuctivagos
2475 5482 2864 5537 habitatorum
2907 5481 3127 5536 animos
3159 5480 3451 5552 spientim.
3483 5481 3644 5534 freno
3673 5481 3818 5535 edo-

2110 5587 2294 5640 mans,
2328 5571 2515 5627 natale
2571 5569 2798 5626 Domini
2855 5569 3052 5626 festiva
3083 5568 3440 5640 jucunditate
3487 5569 3545 5623 in
3613 5569 3808 5626 Palthi
