3940 6330
116 285 174 335 73

118 497 443 561 potuerunt,
480 493 574 547 sed
617 498 681 547 ut
711 494 1016 548 minimum
1036 494 1267 565 signant
1286 496 1457 551 tinem
1484 499 1619 551 anni
1654 503 1808 566 1011,

118 596 275 649 quem
334 597 470 634 mox
510 582 876 652 subsequitur
924 582 1203 637 dedicatio
1244 585 1493 637 ecclesias
1546 587 1812 640 Bamber-

56 664 59 669 ’
116 669 314 737 gensis.
349 670 436 723 Ad
470 686 684 723 annum
745 673 879 725 1010
938 687 1138 725 revoca
1187 672 1658 729 instaurationem
1691 691 1816 729 mo-

116 758 340 811 nasterii
399 758 455 813 S.
497 759 685 812 Marias
742 759 1083 827 Ratisbonae,
1127 760 1197 815 de
1247 777 1360 832 qua
1408 763 1527 832 agit
1564 764 1815 818 Mabillo-

115 847 234 899 nius
264 862 402 916 pag.
434 848 563 915 218,
597 863 757 901 num.

182 934 300 988 124.
340 936 519 988 Porro
567 934 998 988 celeberrimam
1049 952 1173 989 eam
1224 936 1648 992 dedicationem
1699 954 1817 993 non

115 1039 199 1075 an.
232 1025 395 1089 1011,
437 1028 503 1077 ut
542 1038 672 1076 cum
736 1022 976 1077 Baronio
1032 1024 1223 1093 plures
1276 1025 1522 1093 signant,
1587 1026 1683 1079 sed
1722 1043 1814 1083 an.

118 1113 243 1165 1012
276 1112 555 1165 accidisse
587 1111 831 1181 probant
885 1113 1367 1182 Chronographus
1414 1115 1577 1178 Saxo,
1618 1116 1815 1168 Anna-

116 1200 189 1252 les
230 1198 710 1265 Hildesemenses,
764 1202 820 1251 et
868 1204 1087 1253 veteres
1130 1199 1226 1252 alii
1278 1216 1407 1254 cum
1476 1202 1816 1265 Hol‘manno,

114 1286 390 1357 quidquid
439 1289 533 1343 hic
582 1292 864 1357 repugnet
909 1286 1078 1339 breve
1138 1287 1455 1341 Chronicon
1506 1291 1817 1344 Wirzibur-

112 1391 277 1444 gense
306 1374 806 1445 apudBaluzium.
843 1375 1102 1429 Notanda
1130 1391 1263 1429 vero
1308 1376 1520 1429 Struvii
1557 1377 1616 1429 in
1648 1377 1816 1431 rebus

115 1464 320 1516 nostris
356 1463 668 1533 imperitia,
711 1462 830 1532 qui,
886 1467 1188 1533 postquam
1218 1478 1348 1533 pag.
1383 1463 1487 1516 384
1535 1462 1820 1532 episcopa-

112 1557 198 1604 tus
229 1551 675 1621 Bambergensis
725 1550 1121 1603 fundationvm
1176 1566 1477 1621 perperam
1511 1550 1814 1604 firmatam.

113 1641 188 1692 ait
218 1656 253 1693 a
281 1642 501 1693 Joanne
553 1641 658 1694 PP.
717 1636 871 1703 XXII,
912 1640 1083 1709 paulo
1113 1645 1243 1709 post
1292 1640 1544 1709 ineptius
1576 1640 1771 1693 subdit
1804 1656 1815 1693 :

119 1750 135 1774 ι
171 1729 280 1781 Iste
338 1728 514 1781 etiam
562 1727 919 1799 episcopatus
994 1731 1274 1797 praesente
1333 1727 1634 1781 Benedicto
1702 1727 1820 1786 Vlll

114 1817 281 1886 Papa,
332 1820 566 1885 peracta
621 1814 821 1884 templi
873 1813 1108 1883 majoris
1156 1813 1602 1880 constructione,
1667 1829 1819 1867 anno

115 1905 494 1958 xxudemum
547 1903 655 1957 fuit
697 1907 1079 1956 consecratus.
1146 1922 1161 1949 ι
1222 1902 1418 1955 Melius
1479 1902 1670 1956 doceri
1718 1918 1817 1972 po-

112 1997 275 2057 terat,
321 1992 371 2045 si
422 1992 495 2045 ad
546 1990 783 2045 Ditmari
840 1990 1011 2043 verba
1076 2005 1203 2060 quas
1248 1990 1467 2051 recitat,
1526 1990 1819 2043 tantillum

113 2080 465 2134 attendisset.
517 2079 603 2134 Ita
680 2078 934 2148 loquitur
1035 2078 1181 2131 dicta
1257 2078 1375 2147 jam
1430 2094 1563 2148 pag.
1652 2080 1816 2132 390:

119 2192 131 2211 -
204 2170 445 2222 Peracta
501 2167 558 2221 in
616 2167 839 2221 civitate
887 2166 1340 2236 Bavenbergensi
1410 2166 1644 2220 ecclesia
1697 2183 1820 2219 ma—

108 2258 419 2325 jore,cum
476 2255 775 2309 natalitius
832 2255 998 2324 Regis
1059 2254 1180 2308 dies
1236 2257 1402 2317 esset,
1461 2257 1518 2307 et
1545 2255 1819 2323 xxxvjam

114 2343 417 2413 inciperet,
446 2360 483 2396 n
517 2344 705 2397 Nonas
738 2342 863 2396 Maii
902 2341 1088 2395 omnis
1140 2340 1421 2411 primatus
1478 2342 1548 2395 ad
1589 2342 1820 2395 dedica-

112 2432 323 2485 tionem
376 2430 546 2485 istius
604 2430 752 2484 aulaa
802 2430 1014 2483 ibidem
1063 2435 1465 2499 congregatur,
1525 2436 1579 2482 et
1610 2446 1821 2499 sponsa

114 2521 233 2574 haec
256 2518 475 2573 Christi
505 2534 609 2588 per
634 2534 837 2571 manus
891 2517 1125 2571 Joannis
1156 2517 1494 2587 patriarchae
1551 2516 1620 2569 de
1650 2517 1821 2586 Aqui-

112 2610 219 2663 leia
252 2614 311 2662 et
341 2607 590 2661 aliorum
647 2608 952 2677 plusquam
1010 2621 1114 2659 xxx
1161 2605 1559 2675 episcoporum
1588 2603 1820 2658 dedica-

112 2704 219 2750 tur.
267 2716 296 2748 »
358 2696 536 2750 Addit
574 2693 1079 2763 Cbronographus,
1116 2713 1137 2740 ε
1197 2708 1355 2745 xxxv:
1421 2692 1819 2762 episcoporum

114 2784 439 2839 ministerio
479 2787 886 2849 consecratam,
925 2804 944 2829 ι
973 2781 1179 2851 quibus
1212 2781 1579 2833 consentiunt
1635 2782 1822 2833 Anna-

112 2875 189 2927 les
211 2873 612 2926 Hildemenses
644 2888 659 2924 :
687 2872 747 2924 in
799 2869 889 2924 his
916 2886 1049 2923 vero
1110 2869 1376 2923 omnibus
1420 2885 1525 2921 nec
1582 2869 1820 2923 verbum

110 2962 264 3015 unde
296 2960 427 3031 quis
458 2960 691 3027 colligat
736 2957 1101 3011 Benedictum
1151 2973 1358 3027 papam
1391 2956 1442 3011 ei
1474 2956 1817 3011 dedicationi

112 3049 461 3116 interfuisse,
524 3048 622 3118 qui
704 3046 1085 3100 verosimilius
1142 3045 1384 3099 necdum
1446 3046 1655 3098 electus
1704 3048 1825 3099 erat

112 3138 251 3193 dum
317 3154 386 3190 ea
461 3135 799 3190 czeremonia
859 3140 1270 3205 perageretur:
1317 3138 1511 3186 utrum
1568 3149 1698 3185 vero
1764 3132 1825 3186 in

115 3225 488 3280 Germaniam
531 3224 639 3279 isto
664 3240 815 3278 anno
849 3222 1087 3289 venerit,
1122 3222 1271 3276 infra
1315 3222 1614 3292 explorare
1656 3237 1822 3275 cona-

116 3316 332 3369 bimur.

186 3406 311 3457 125.
376 3400 686 3471 Subjungit
741 3399 1072 3454 Ditmarus:
1127 3420 1149 3446 ι
1205 3400 1337 3453 Post
1392 3398 1515 3452 hasc
1574 3397 1824 3468 synodus

114 3491 200 3544 hic
224 3491 296 3544 ﬁt
324 3506 555 3559 magna,
588 3489 645 3542 in
693 3504 802 3559 qua
856 3487 1217 3543 Gevehardus
1272 3486 1703 3540 Ratisbonensis
1733 3502 1822 3540 ec-

113 3580 306 3633 clesias
356 3578 568 3649 praasul
610 3576 680 3631 ab
722 3575 1149 3645 archiepiscopo
1198 3574 1408 3629 suimet
1451 3574 1735 3644 arguitur,
1768 3577 1824 3628 et

113 3667 382 3722 Metensis
406 3666 653 3720 ecclesias
694 3665 903 3735 praesul
934 3665 974 3718 Τ
980 3663 1265 3717 hiedricus
1294 3679 1326 3717 a
1379 3679 1515 3733 rege
1566 3662 1821 3732 increpa-

114 3762 229 3823 tur,
264 3771 334 3809 eo
365 3753 522 3825 quod
553 3752 791 3823 epistola
845 3751 1245 3819 suimet,hunc
1289 3751 1500 3820 injuste
1533 3751 1684 3820 apud
1716 3752 1822 3804 Pa-

114 3860 248 3914 pam
286 3847 613 3896 accusaret:
644 3840 739 3894 sed
774 3841 893 3894 hmc
916 3840 1110 3893 omnia
1148 3844 1204 3894 et
1239 3839 1421 3893 multa
1450 3838 1560 3892 alia
1586 3839 1821 3892 consilio

114 3932 395 4003 prudenti
428 3936 559 3983 sunt
599 3929 827 3983 finita...
871 3928 1181 3997 Completis
1215 3928 1482 3981 omnibus
1533 3927 1594 3980 in
1624 3926 1821 3979 orien-

114 4022 210 4075 tali
248 4019 491 4074 Francia
526 4018 887 4082 utilitatibus,
944 4018 1063 4071 Rex
1117 4016 1640 4086 Merseburgensem
1668 4014 1821 4067 revi-

113 4112 186 4165 sit
214 4110 509 4164 civitatem
564 4124 628 4161 ac
668 4107 746 4160 ibi
802 4112 1055 4160 sanctam
1094 4107 1453 4160 Pentecostes
1484 4104 1818 4158 solemnita-

111 4206 227 4253 tem
261 4197 536 4262 celebrat,
575 4201 632 4249 et
670 4196 729 4248 in
760 4195 948 4266 primo
976 4210 1142 4247 mane
1201 4192 1516 4247 Dominicas
1536 4192 1670 4259 diei,
1706 4208 1818 4263 qua

115 4292 350 4341 sanctus
388 4284 687 4354 Apostolos
741 4283 981 4353 replevit
1040 4280 1303 4351 Spiritus,
1368 4283 1582 4351 Tagmo
1637 4281 1817 4333 archi-

114 4376 425 4446 episcopus
471 4370 753 4425 infirmari
818 4370 1007 4440 coepit,
1076 4369 1175 4440 qui
1220 4369 1392 4439 paulo
1438 4372 1566 4438 post
1612 4384 1644 4420 v
1694 4368 1824 4421 Idus

1776 292 1972 346 ACTA.

117 403 430 464 celebravit.
465 419 651 475 aqua:
696 405 891 459 omnia
947 422 1037 460 an.
1084 409 1220 461 1010
1260 407 1385 462 ﬁeri
1415 409 1652 463 omnino
1702 428 1813 464 non
1847 415 1891 466 A
1929 412 2220 481 Sanctum,
2290 431 2319 468 a
2422 416 2633 485 quibus
2717 433 2901 471 annus

1852 1691 1890 1743 Β

1848 2967 1885 3020 C

112 4463 273 4519 Junii
303 4477 423 4516 non
474 4460 636 4525 obiit,
684 4480 706 4509 ι
762 4459 952 4528 inquit
1004 4458 1154 4511 idem
1215 4458 1524 4521 Ditmarus,
1561 4477 1583 4505 α
1619 4456 1715 4509 sed
1757 4447 1854 4509 ad.

114 4552 431 4615 Christum,
493 4563 664 4618 quem
712 4562 940 4616 semper
978 4546 1207 4612 amavit,
1242 4546 1406 4599 laetus
1439 4543 1597 4597 abiit.
1635 4562 1662 4593 ι)
1699 4545 1826 4597 Haec

115 4638 317 4693 omnia
347 4638 441 4691 hic
466 4637 788 4690 sub-unum
848 4639 1215 4707 conspectum
1258 4633 1513 4702 exposita
1551 4632 1727 4699 volui,
1764 4636 1827 4684 ut

116 4724 485 4780 manifestius
528 4727 726 4793 pateat,
769 4721 1180 4775 dedicationem
1242 4720 1491 4773 ecclesiae
1551 4718 1827 4772 Bamber-

104 4814 315 4885 gensis
340 4817 558 4866 asserto
593 4827 623 4863 a
651 4809 817 4863 nobis
863 4825 953 4863 an.
1020 4810 1155 4862 1012
1186 4807 1513 4877 contigisse,
1565 4823 1678 4877 quo
1704 4821 1821 4859 cer-

120 4910 243 4955 tum
302 4905 390 4955 est
436 4900 786 4969 Tagmonem
832 4896 1059 4961 obiisse,
1113 4895 1354 4950 testibus
1412 4895 1620 4948 iterum
1651 4894 1824 4948 Chro-

119 4988 425 5061 nographo
471 4987 691 5041 Saxone
748 4989 804 5039 et
885 4984 1200 5038 Annalibus
1258 4981 1823 5047 Hildesemensibus;

106 5078 274 5148 quod
320 5075 568 5131 maxime
643 5072 1060 5127 observandum
1138 5075 1241 5139 est,
1303 5071 1633 5125 ostendatur
1682 5069 1828 5123 alius

127 5164 368 5220 Ditmari
422 5178 604 5227 error,
656 5161 754 5231 qui
814 5160 939 5230 jam
1004 5160 1265 5231 proxime
1330 5159 1536 5227 aiebat,
1574 5179 1601 5208 «
1635 5158 1829 5210 Natale

129 5253 355 5309 Domini
387 5251 447 5305 in
496 5248 683 5304 Palthi
720 5270 742 5297 ι
801 5264 900 5303 seu
934 5247 1141 5302 Palitbi
1175 5246 1487 5302 celebrasse
1533 5246 1587 5300 S.
1626 5244 1825 5299 Henri-

124 5358 255 5396 cum
304 5337 638 5394 immediate
686 5341 818 5390 ante
871 5334 1356 5389 consecrationem
1399 5332 1649 5386 ecclesiae.
1674 5334 1828 5385 Bam-

125 5427 446 5501 bergensis,
479 5440 612 5480 cum
649 5423 967 5479 distinctius
1008 5421 1533 5478 memorentcitati
1562 5420 1829 5489 Annales,

128 5520 273 5574 duos
330 5516 476 5572 alios
534 5512 758 5569 Natales
807 5511 1034 5567 Domini
1081 5508 1451 5566 intermedios
1520 5507 1831 5562 celebrasse

442 5602 722 5689 PATROL.
777 5619 949 5685 CXL.
1018 5610 1021 5613 ’

3552 305 3618 356 74

3009 418 3329 488 inchoatur,
3411 439 3621 493 nempe

1928 524 1949 550 ε
1998 519 2090 555 an.
2144 518 2240 556 uxr
2295 502 2356 556 in
2434 504 2895 571 Frankenavord,
2949 512 3005 561 et
3051 530 3069 555 ι
3123 526 3231 563 uxn
3288 514 3348 564 in
3402 514 3620 567 Thorn-

1922 590 2088 659 burg,
2126 610 2154 640 ι
2188 608 2300 661 quo
2345 592 2619 661 praedicta
2667 594 2946 648 dedicatio
2994 611 3123 650 vere
3181 598 3393 653 ibidem
3437 602 3621 655 consi-

1923 684 2151 749 gnatur.

2000 768 2118 821 126.
2170 768 2249 820 Ex
2305 767 2393 820 bis
2440 768 2629 822 denuo
2677 774 2854 840 patet,
2888 772 3040 840 quod
3091 789 3263 842 supra
3301 789 3418 828 non
3452 779 3624 832 semel

1925 854 2063 918 dixi,
2132 854 2201 907 in’
2247 855 2581 909 ordinandis
2642 858 2998 927 temporibus
3057 861 3297 914 Ditmari
3359 863 3625 918 chronica

1927 942 2256 995 cautissime
2295 944 2595 998 utendum.
2642 946 2717 999 De
2763 950 2951 999 cetero
3001 948 3251 1018 reliquos
3301 952 3480 1005 sancti
3511 953 3626 1006 im-

1925 1030 2208 1100 peratoris
2266 1031 2490 1085 labores
2540 1033 2599 1085 in
2668 1035 3084 1105 componendis
3152 1036 3322 1090 rebus
3373 1039 3624 1110 imperii,

1926 1119 2086 1189 cujus
2137 1122 2328 1188 partes
2395 1136 2594 1174 omnes
2650 1123 2955 1191 quotannis
3012 1124 3304 1179 lustrando
3361 1128 3627 1197 ignorare

1926 1224 2040 1261 non
2074 1212 2297 1277 poterat
2332 1227 2347 1273 ;
2381 1212 2436 1260 et
2464 1225 2600 1278 pace
2656 1227 2785 1263 cum
2845 1211 3045 1274 Slavis,
3097 1212 3336 1283 aliisque
3371 1215 3628 1269 hostibus

1926 1295 2279 1349 concilianda
2315 1296 2548 1350 sollicite
2598 1298 2909 1367 impensus,
2962 1299 3143 1353 fusius
3197 1310 3481 1356 memorat
3512 1304 3629 1357 lau-

1928 1384 2092 1437 datus
2143 1382 2309 1436 toties
2365 1384 2650 1439 Ditmarus
2687 1390 2805 1440 toto
2858 1387 3081 1457 reliquo
3134 1388 3283 1442 libro
3318 1395 3495 1456 sexto,
3528 1392 3627 1445 ubi

1928 1486 2058 1539 pag.
2119 1472 2219 1524 397
2295 1472 2617 1542 ingreditur
2691 1490 2781 1526 an.
2859 1477 3015 1542 lOl3,
3076 1493 3189 1546 quo
3246 1478 3627 1548 Epiphaniam

1930 1559 2129 1611 Alstidi
2179 1560 2487 1613 celebravit
2546 1562 2838 1628 Henricus,
2894 1563 3356 1619 Puriﬁcationem
3419 1571 3628 1620 sanctae

1936 1646 2034 1700 Dei
2065 1647 2364 1700 Genitricis
2396 1649 2451 1700 in
2485 1649 2853 1720 Magdeburg,
2886 1672 2913 1698 ‹‹
2946 1653 3213 1705 Paschale
3245 1670 3380 1707 vero
3420 1655 3625 1708 festum

1930 1750 2057 1787 cum
2081 1735 2433 1800 Meinwerco,
2470 1737 2577 1789 sibi
2633 1737 2942 1791 admodum
2996 1739 3283 1807 familiari,
3315 1742 3377 1795 in
3426 1742 3628 1795 Pathe-

1927 1820 2077 1874 bruu
2109 1822 2280 1891 digna
2327 1820 2693 1876 veneratione
2746 1824 2988 1894 peregit,
3034 1827 3403 1881 Pentecosten
3437 1833 3629 1882 autem

1929 1908 2298 1976 nobiscum,»
2314 1926 2521 1980 nempe
2553 1911 2610 1964 in
2633 1912 2960 1982 Merseburg
2985 1930 2997 1966 :
3033 1913 3092 1966 in
3113 1914 3276 1983 cujus
3294 1915 3491 1985 vigilia
3524 1918 3628 1970 Bo-

1928 1996 2194 2062 lezlavus,
2227 2013 2355 2049 cum
2387 1997 2687 2050 securitate
2720 1999 2984 2052 obsidum
3015 2001 3165 2069 apud
3213 2018 3271 2055 se
3298 2002 3627 2056 relictorum

1930 2083 2080 2137 venit
2113 2083 2395 2155 etzoptime
2410 2085 2754 2153 suscipitur;
2785 2087 2864 2139 sic
2885 2092 2949 2140 ut
2967 2092 3171 2141 tutaex
3186 2090 3629 2158 eaparteomnia

1927 2172 2164 2226 reddere
2197 2172 2441 2226 voluerit
2476 2174 2749 2227 Henricus
2784 2176 3119 2246 priusquam
3156 2178 3494 2232 meditatum
3520 2179 3631 2233 iter

1927 2261 2186 2314 Italicum
2242 2260 2664 2330 ingrederetur,
2696 2262 2762 2315 ad
2824 2264 2979 2333 quod
3026 2280 3128 2335 per
3176 2264 3232 2317 id
3281 2269 3510 2335 tempus
3539 2282 3630 2321 res

1930 2349 2394 2419 disponebantur.
2459 2351 2584 2402 Non
2662 2349 2767 2403 fuit
2817 2366 3001 2403 annus
3081 2352 3187 2405 iste
3254 2353 3631 2409 Fuldensibus

1929 2436 2173 2489 multum
2203 2436 2512 2506 propitius,
2540 2435 2754 2506 quippe
2786 2454 2900 2507 quo
2938 2460 2958 2485 α
3015 2440 3282 2508 Bronnag
3332 2441 3505 2495 abbas
3526 2442 3629 2495 de-

1926 2524 2182 2592 ponitur,
2216 2528 2272 2577 et
2301 2530 2436 2576 tunc
2467 2525 2575 2576 hoc
2626 2526 3059 2588 monasterium,
3109 2528 3487 2581 confratribus
3517 2530 3630 2583 late

1927 2611 2365 2677 discedentibus,
2427 2628 2457 2664 a
2488 2611 2666 2680 priori
2713 2617 2858 2665 statu
2907 2618 3195 2668 mutatur:
3224 2636 3244 2662 ι
3300 2631 3428 2684 quas
3458 2618 3629 2685 paulo

1930 2699 2148 2767 durius,
2174 2700 2295 2769 jam
2348 2698 2498 2752 dicto
2531 2715 2623 2752 an.
2661 2702 2815 2764 lOl3,
2850 2717 2877 2753 a
2931 2702 3378 2772 Chronographo
3409 2704 3630 2757 Saxone

1929 2787 2349 2857 exprimuntur,
2380 2787 2470 2840 his
2506 2788 2732 2841 verbis:
2765 2807 2790 2837 (ι
2846 2789 2956 2841 Rex
3012 2790 3320 2843 stultorum
3353 2791 3629 2861 deprava-

1926 2878 2017 2927 tus
2073 2875 2329 2941 consilio,
2382 2875 2675 2930 Fuldensis
2725 2876 3059 2930 monasterii
3106 2877 3255 2930 bona
3288 2878 3631 2933 mirabiliter

1928 2962 2186 3033 diripuit,
2224 2984 2243 3011 ι
2282 2969 2387 3017 etc.
2432 2964 2537 3019 Sed
2584 2964 2707 3017 haec
2761 2964 2955 3017 mitius
3008 2965 3287 3034 explicata
3331 2966 3633 3021 videantur

1934 3051 2258 3105 Mabillonio
2283 3067 2415 3121 pag.
2448 3055 2551 3104 252
2581 3068 2672 3105 an.
2700 3055 2785 3107 88.

2009 3143 2127 3193 127.
2180 3140 2375 3208 Pergit
2427 3140 2714 3194 Ditmarus
2748 3159 2764 3193 :
2800 3160 2825 3189 «
2883 3141 3001 3193 Rex
3032 3146 3224 3194 autem
3257 3142 3323 3196 ad
3372 3142 3631 3196 occiden-

1931 3226 2073 3281 tales
2120 3243 2366 3298 pergens
2411 3226 2700 3297 regiones,
2732 3228 2841 3281 iter
2887 3245 3052 3281 suum
3086 3229 3143 3282 in
3178 3230 3629 3300 Longobardiam

1934 3314 2235 3385 disposuit,
2295 3318 2352 3369 et
2424 3315 2635 3369 iterum
2687 3315 2756 3369 ad
2805 3332 2907 3369 nos
2987 3317 3323 3386 repedavit;
3386 3323 3441 3372 et
3497 3319 3631 3372 inde

1930 3420 1984 3456 XI
2048 3404 2169 3457 Kal.
2229 3403 2486 3458 Octobris
2544 3405 2855 3468 discedens,
2906 3420 3009 3473 per
3064 3405 3427 3458 Bavariorum
3488 3405 3632 3458 lines

1930 3494 2101 3559 atque
2133 3490 2468 3555 Suevorum,
2506 3506 2685 3558 usque
2738 3490 2805 3542 ad
2838 3489 3024 3542 locum
3058 3489 3157 3560 qui
3184 3490 3457 3544 dicitur...
3490 3506 3630 3560 pro-

1930 3576 2171 3646 peravit.
2233 3578 2349 3629 Huc
2406 3577 2683 3629 exercitus
2755 3576 3013 3647 undique
3065 3578 3320 3647 conﬂuit,
3392 3583 3448 3632 et
3500 3579 3629 3631 hinc

1930 3680 2112 3734 usque
2142 3665 2382 3718 Romam
2415 3664 2527 3717 Rex
2563 3664 2685 3716 sine
2716 3664 2873 3718 omni
2905 3666 3194 3736 scrupulo,
3219 3667 3416 3737 regina
3447 3666 3633 3720 comi-

1930 3757 2109 3817 tante,
2153 3752 2329 3805 venit.
2369 3773 2390 3800 ι
2466 3753 2797 3822 Sequuntur
2880 3770 3026 3807 nova
3100 3755 3339 3809 Boleslai
3395 3756 3631 3820 scelera,

1931 3844 1986 3894 et
2044 3841 2276 3893 occultm
2330 3840 2599 3893 adversus
2662 3841 2716 3894 S.
2792 3842 3096 3895 Henricum
3156 3843 3629 3907 machinationes,

1930 3945 2059 3999 quae
2088 3933 2283 3981 tamen
2316 3928 2551 3982 minime
2595 3929 2943 3999 impedivere
3000 3947 3114 4000 quo
3172 3931 3363 3983 minus
3394 3930 3633 3985 rebelles

1930 4017 2041 4070 sibi
2091 4016 2493 4085 Langobardos
2545 4016 2605 4069 in
2638 4017 2897 4071 ordinem
2939 4019 3237 4071 reduceret
3288 4035 3353 4072 ac
3400 4019 3633 4072 demum

1929 4104 1988 4157 in
2013 4104 2156 4158 urbe
2189 4104 2710 4173 imperialicorona
2759 4105 3152 4175 insigniretur.
3207 4107 3315 4160 Sed
3362 4107 3451 4160 his
3480 4123 3633 4175 prte-

1934 4192 2212 4246 mittenda
2235 4196 2387 4261 sunt,
2419 4193 2465 4245 si
2497 4209 2786 4263 quoquam
2819 4194 3132 4263 pertinent,
3166 4210 3290 4263 quas
3330 4195 3433 4248 sub
3458 4195 3633 4247 tinem

1934 4281 2065 4336 libri
2114 4282 2277 4349 sexti,
2332 4281 2500 4350 plane
2559 4281 2712 4335 aliud
2783 4297 2958 4349 agens
3002 4281 3294 4334 interserit
3350 4282 3636 4335 Ditmarus

1933 4385 2066 4439 pag.
2110 4370 2213 4423 399
2274 4368 2342 4422 de
2387 4369 2656 4435 adventu,
2707 4372 2771 4421 ut
2820 4368 2998 4439 aliqui
3057 4368 3405 4437 intelligunt,
3452 4370 3635 4423 Bene-

1936 4457 2072 4511 dicti
2111 4457 2228 4509 Vlll
2288 4456 2347 4509 in
2414 4456 2799 4521 Germaniam,
2850 4460 3087 4525 propter
3139 4455 3539 4521 intrusionem,
3574 4462 3639 4510 ut

1936 4549 2161 4614 putant,
2204 4543 2499 4611 cujusdam
2547 4543 2824 4612 Gregorii.
2859 4544 3008 4597 Audi
3058 4533 3284 4615 ipsum}
3326 4566 3348 4593 ι
3383 4546 3638 4614 Namque

1939 4630 2089 4698 Papa
2120 4628 2456 4681 Benedictus
2496 4628 2765 4699 Gregorio
2794 4629 3021 4683 cuidam
3074 4631 3133 4684 in
3186 4631 3461 4685 electione
3490 4647 3639 4700 pras-

1937 4715 2133 4771 valuit.
2164 4716 2247 4769 Ob
2297 4718 2407 4770 lzoc
2439 4717 2544 4770 iste
2605 4720 2893 4787 (quaeritur
2943 4721 3066 4788 quis
3103 4721 3146 4790 ?)
3180 4720 3249 4772 ad
3279 4719 3639 4773 Nativitatem

1940 4804 2289 4859 Dominicam
2338 4805 2399 4857 in
2451 4805 2658 4859 Palithi
2734 4806 2893 4860 venit
2958 4823 3088 4860 cum
3150 4807 3308 4861 omni
3361 4813 3641 4878 apparatu

1939 4893 2269 4962 apostolico,
2318 4893 2709 4964 expulsionem
2761 4910 2921 4947 suam
2977 4894 3242 4948 omnibus
3272 4895 3639 4965 lamentando

1940 4982 2320 5035 innotescens.
2366 5001 2392 5032 ι)
2455 4982 2527 5034 Ex
2560 4982 2648 5034 bis
2693 4981 2925 5052 collegit
2985 4982 3260 5036 Baronius
3306 4984 3373 5037 ad
3423 4998 3642 5035 annum

1943 5071 2097 5135 1012,
2143 5069 2531 5134 Benedictum,
2564 5070 2743 5123 Roma
2774 5086 2807 5122 a
2863 5070 3140 5140 Gregorio
3194 5071 3516 5140 expulsum,
3548 5069 3641 5121 fn—

1938 5157 2087 5227 gisse
2144 5157 2203 5211 in
2273 5157 2633 5211 Germaniam
2675 5157 2746 5211 ad
2798 5158 2851 5212 S.
2908 5158 3238 5223 Henricum,
3298 5172 3467 5227 opem
3518 5156 3642 5225 ejus

1939 5244 2422 5313 imploraturum;
2484 5243 2545 5297 in
2612 5260 2727 5314 quo
2776 5244 2966 5315 ipsum
3023 5246 3364 5299 recentiores
3441 5259 3641 5298 omnes

1939 5337 2258 5402 sequuntur
2286 5348 2416 5386 cum
2451 5332 2747 5386 Francisco
2794 5333 2968 5403 Pagio
3015 5331 3402 5386 recentissimo
3445 5331 3506 5384 in
3537 5347 3641 5386 suo

1942 5419 2229 5473 Breviario
2305 5419 2642 5474 Pontiﬁcum
2698 5423 2856 5473 tomo
2928 5420 2997 5485 II,
3058 5434 3192 5489 pag.
3225 5420 3352 5487 29l,
3414 5419 3644 5474 tametsi

1940 5512 2091 5563 recte
2150 5508 2423 5575 advertat,
2482 5506 2774 5561 neminem
2805 5522 2982 5561 unum
3014 5512 3270 5561 veterum
3325 5508 3644 5562 Germano-

3159 5623 3195 5681 3
