  <div class='ocr_page' id='page_1' title='image "/cluster/home/n/w/nwhite01/storage/ocr_20150623/140/umn.31951002477433x/057.png"; bbox 0 0 3940 6324; ppageno 0'>
   <div class='ocr_carea' id='block_1_1' title="bbox 335 282 3839 338">
    <p class='ocr_par' dir='ltr' id='par_1_1' title="bbox 335 282 3839 338">
     <span class='ocr_line' id='line_1_1' title="bbox 335 282 3839 338; baseline -0.002 0"><span class='ocrx_word' id='word_1_1' title='bbox 335 290 399 338; x_wconf 74' lang='lat'><strong>75</strong></span> <span class='ocrx_word' id='word_1_2' title='bbox 1629 284 1685 336; x_wconf 91' lang='lat' dir='ltr'><strong>S.</strong></span> <span class='ocrx_word' id='word_1_3' title='bbox 1731 283 2017 338; x_wconf 76' lang='lat' dir='ltr'><strong>HENRICI</strong></span> <span class='ocrx_word' id='word_1_4' title='bbox 2061 282 2535 338; x_wconf 71' lang='lat' dir='ltr'><strong>IMPERATORIS</strong></span> <span class='ocrx_word' id='word_1_5' title='bbox 3766 284 3839 332; x_wconf 73' lang='lat'><strong>76</strong></span> 
     </span>
    </p>
   </div>
   <div class='ocr_carea' id='block_1_2' title="bbox 329 403 3846 478">
    <p class='ocr_par' dir='ltr' id='par_1_2' title="bbox 329 403 3846 478">
     <span class='ocr_line' id='line_1_2' title="bbox 329 403 3846 478; baseline -0.001 -16"><span class='ocrx_word' id='word_1_6' title='bbox 329 424 459 462; x_wconf 90' lang='lat' dir='ltr'><strong>rum</strong></span> <span class='ocrx_word' id='word_1_7' title='bbox 512 407 854 478; x_wconf 88' lang='lat' dir='ltr'><strong>scriptorum</strong></span> <span class='ocrx_word' id='word_1_8' title='bbox 911 406 982 460; x_wconf 90' lang='lat' dir='ltr'><strong>de</strong></span> <span class='ocrx_word' id='word_1_9' title='bbox 1035 421 1100 459; x_wconf 91' lang='lat' dir='ltr'><strong>ea</strong></span> <span class='ocrx_word' id='word_1_10' title='bbox 1166 404 1456 460; x_wconf 81' lang='lat' dir='ltr'><strong>Benedicti</strong></span> <span class='ocrx_word' id='word_1_11' title='bbox 1499 403 1854 475; x_wconf 88' lang='lat' dir='ltr'><strong>expulsione,</strong></span> <span class='ocrx_word' id='word_1_12' title='bbox 1926 409 2025 458; x_wconf 92' lang='lat' dir='ltr'><strong>aut</strong></span> <span class='ocrx_word' id='word_1_13' title='bbox 2051 407 2097 458; x_wconf 80' lang='grc' dir='ltr'><strong>Α</strong></span> <span class='ocrx_word' id='word_1_14' title='bbox 2136 410 2359 475; x_wconf 88' lang='lat' dir='ltr'><strong>petrare</strong></span> <span class='ocrx_word' id='word_1_15' title='bbox 2397 406 2659 460; x_wconf 88' lang='lat' dir='ltr'><strong>voluisse.</strong></span> <span class='ocrx_word' id='word_1_16' title='bbox 2697 405 2807 459; x_wconf 87' lang='lat' dir='ltr'><strong>Nos</strong></span> <span class='ocrx_word' id='word_1_17' title='bbox 2849 405 2982 459; x_wconf 90' lang='lat' dir='ltr'><strong>hinc</strong></span> <span class='ocrx_word' id='word_1_18' title='bbox 3038 405 3281 458; x_wconf 84' lang='lat' dir='ltr'><strong>alteram&#39;</strong></span> <span class='ocrx_word' id='word_1_19' title='bbox 3325 405 3454 458; x_wconf 66' lang='lat' dir='ltr'><strong>vitae</strong></span> <span class='ocrx_word' id='word_1_20' title='bbox 3488 405 3846 476; x_wconf 87' lang='lat' dir='ltr'><strong>periocham,</strong></span> 
     </span>
    </p>
   </div>
   <div class='ocr_carea' id='block_1_3' title="bbox 333 494 1460 552">
    <p class='ocr_par' dir='ltr' id='par_1_3' title="bbox 333 494 1460 552">
     <span class='ocr_line' id='line_1_3' title="bbox 333 494 1460 552; baseline -0.004 0"><span class='ocrx_word' id='word_1_21' title='bbox 333 497 632 552; x_wconf 83' lang='lat' dir='ltr'><strong>schismate</strong></span> <span class='ocrx_word' id='word_1_22' title='bbox 659 512 724 549; x_wconf 91' lang='lat' dir='ltr'><strong>ea</strong></span> <span class='ocrx_word' id='word_1_23' title='bbox 753 511 921 548; x_wconf 88' lang='lat' dir='ltr'><strong>causa</strong></span> <span class='ocrx_word' id='word_1_24' title='bbox 947 499 1071 548; x_wconf 91' lang='lat' dir='ltr'><strong>orto</strong></span> <span class='ocrx_word' id='word_1_25' title='bbox 1111 494 1460 548; x_wconf 85' lang='lat' dir='ltr'><strong>meminisse.</strong></span> 
     </span>
    </p>
   </div>
   <div class='ocr_carea' id='block_1_4' title="bbox 405 581 2028 654">
    <p class='ocr_par' dir='ltr' id='par_1_4' title="bbox 405 581 2028 654">
     <span class='ocr_line' id='line_1_4' title="bbox 405 581 2028 654; baseline -0.004 -15"><span class='ocrx_word' id='word_1_26' title='bbox 405 587 532 640; x_wconf 82' lang='lat' dir='ltr'><strong>i28.</strong></span> <span class='ocrx_word' id='word_1_27' title='bbox 567 585 760 654; x_wconf 84' lang='lat' dir='ltr'><strong>Neque</strong></span> <span class='ocrx_word' id='word_1_28' title='bbox 789 583 843 636; x_wconf 89' lang='lat' dir='ltr'><strong>id</strong></span> <span class='ocrx_word' id='word_1_29' title='bbox 877 583 1087 636; x_wconf 90' lang='lat' dir='ltr'><strong>mirum</strong></span> <span class='ocrx_word' id='word_1_30' title='bbox 1145 598 1301 648; x_wconf 85' lang='lat' dir='ltr'><strong>sane,</strong></span> <span class='ocrx_word' id='word_1_31' title='bbox 1359 599 1489 636; x_wconf 90' lang='lat' dir='ltr'><strong>nam</strong></span> <span class='ocrx_word' id='word_1_32' title='bbox 1549 583 1659 636; x_wconf 86' lang='lat' dir='ltr'><strong>nisi</strong></span> <span class='ocrx_word' id='word_1_33' title='bbox 1714 597 1820 652; x_wconf 92' lang='lat' dir='ltr'><strong>ego</strong></span> <span class='ocrx_word' id='word_1_34' title='bbox 1850 581 2028 634; x_wconf 88' lang='lat' dir='ltr'><strong>vehe-</strong></span> 
     </span>
    </p>
   </div>
   <div class='ocr_carea' id='block_1_5' title="bbox 333 667 2029 738">
    <p class='ocr_par' dir='ltr' id='par_1_5' title="bbox 333 667 2029 738">
     <span class='ocr_line' id='line_1_5' title="bbox 333 667 2029 738; baseline -0.003 -12"><span class='ocrx_word' id='word_1_35' title='bbox 333 672 686 728; x_wconf 86' lang='lat' dir='ltr'><strong>mentissime</strong></span> <span class='ocrx_word' id='word_1_36' title='bbox 716 671 901 738; x_wconf 85' lang='lat' dir='ltr'><strong>fallor,</strong></span> <span class='ocrx_word' id='word_1_37' title='bbox 951 670 1433 724; x_wconf 82' lang='lat' dir='ltr'><strong>eminentissimus</strong></span> <span class='ocrx_word' id='word_1_38' title='bbox 1475 671 1757 725; x_wconf 88' lang='lat' dir='ltr'><strong>annalista</strong></span> <span class='ocrx_word' id='word_1_39' title='bbox 1782 667 2029 724; x_wconf 88' lang='lat' dir='ltr'><strong>Ditmari</strong></span> 
     </span>
    </p>
   </div>
   <div class='ocr_carea' id='block_1_6' title="bbox 332 759 2029 828">
    <p class='ocr_par' dir='ltr' id='par_1_6' title="bbox 332 759 2029 828">
     <span class='ocr_line' id='line_1_6' title="bbox 332 759 2029 828; baseline -0.002 -14"><span class='ocrx_word' id='word_1_40' title='bbox 332 777 562 816; x_wconf 84' lang='lat' dir='ltr'><strong>sensum</strong></span> <span class='ocrx_word' id='word_1_41' title='bbox 596 760 748 814; x_wconf 89' lang='lat' dir='ltr'><strong>haud</strong></span> <span class='ocrx_word' id='word_1_42' title='bbox 763 765 912 813; x_wconf 83' lang='lat' dir='ltr'><strong>recte</strong></span> <span class='ocrx_word' id='word_1_43' title='bbox 945 764 1234 812; x_wconf 83' lang='lat' dir='ltr'><strong>assecutus</strong></span> <span class='ocrx_word' id='word_1_44' title='bbox 1266 764 1349 812; x_wconf 89' lang='lat' dir='ltr'><strong>est</strong></span> <span class='ocrx_word' id='word_1_45' title='bbox 1381 775 1394 824; x_wconf 89' lang='lat'><strong>;</strong></span> <span class='ocrx_word' id='word_1_46' title='bbox 1427 764 1490 812; x_wconf 91' lang='lat' dir='ltr'><strong>ut</strong></span> <span class='ocrx_word' id='word_1_47' title='bbox 1505 759 1624 828; x_wconf 88' lang='lat' dir='ltr'><strong>jam</strong></span> <span class='ocrx_word' id='word_1_48' title='bbox 1658 764 1872 812; x_wconf 78' lang='lat' dir='ltr'><strong>taceam</strong></span> <span class='ocrx_word' id='word_1_49' title='bbox 1905 773 2029 811; x_wconf 90' lang='lat' dir='ltr'><strong>rem</strong></span> 
     </span>
    </p>
   </div>
   <div class='ocr_carea' id='block_1_7' title="bbox 335 846 2026 918">
    <p class='ocr_par' dir='ltr' id='par_1_7' title="bbox 335 846 2026 918">
     <span class='ocr_line' id='line_1_7' title="bbox 335 846 2026 918; baseline -0.004 -14"><span class='ocrx_word' id='word_1_50' title='bbox 335 865 565 904; x_wconf 88' lang='lat' dir='ltr'><strong>omnem</strong></span> <span class='ocrx_word' id='word_1_51' title='bbox 595 849 664 901; x_wconf 90' lang='lat' dir='ltr'><strong>de</strong></span> <span class='ocrx_word' id='word_1_52' title='bbox 706 848 1089 918; x_wconf 89' lang='lat' dir='ltr'><strong>qualicunque</strong></span> <span class='ocrx_word' id='word_1_53' title='bbox 1147 852 1275 918; x_wconf 88' lang='lat' dir='ltr'><strong>post</strong></span> <span class='ocrx_word' id='word_1_54' title='bbox 1317 847 1498 917; x_wconf 89' lang='lat' dir='ltr'><strong>Sergii</strong></span> <span class='ocrx_word' id='word_1_55' title='bbox 1547 849 1654 901; x_wconf 88' lang='lat' dir='ltr'><strong>PP.</strong></span> <span class='ocrx_word' id='word_1_56' title='bbox 1715 848 1782 901; x_wconf 89' lang='lat' dir='ltr'><strong>IV</strong></span> <span class='ocrx_word' id='word_1_57' title='bbox 1810 846 2026 900; x_wconf 87' lang='lat' dir='ltr'><strong>obitum</strong></span> 
     </span>
    </p>
   </div>
   <div class='ocr_carea' id='block_1_8' title="bbox 334 933 2027 1004">
    <p class='ocr_par' dir='ltr' id='par_1_8' title="bbox 334 933 2027 1004">
     <span class='ocr_line' id='line_1_8' title="bbox 334 933 2027 1004; baseline -0.005 -14"><span class='ocrx_word' id='word_1_58' title='bbox 334 937 656 1000; x_wconf 75' lang='lat' dir='ltr'><strong>schismate,</strong></span> <span class='ocrx_word' id='word_1_59' title='bbox 751 949 1047 1004; x_wconf 84' lang='lat' dir='ltr'><strong>perperam</strong></span> <span class='ocrx_word' id='word_1_60' title='bbox 1127 948 1220 986; x_wconf 90' lang='lat' dir='ltr'><strong>an.</strong></span> <span class='ocrx_word' id='word_1_61' title='bbox 1313 933 1448 986; x_wconf 86' lang='lat' dir='ltr'><strong>tOl2</strong></span> <span class='ocrx_word' id='word_1_62' title='bbox 1533 933 1803 986; x_wconf 89' lang='lat' dir='ltr'><strong>innexam</strong></span> <span class='ocrx_word' id='word_1_63' title='bbox 1887 946 2027 997; x_wconf 89' lang='lat' dir='ltr'><strong>esse,</strong></span> 
     </span>
    </p>
   </div>
   <div class='ocr_carea' id='block_1_9' title="bbox 336 1016 2030 1094">
    <p class='ocr_par' dir='ltr' id='par_1_9' title="bbox 336 1016 2030 1094">
     <span class='ocr_line' id='line_1_9' title="bbox 336 1016 2030 1094; baseline -0.004 -17"><span class='ocrx_word' id='word_1_64' title='bbox 336 1039 466 1094; x_wconf 62' lang='lat' dir='ltr'><strong>qua!</strong></span> <span class='ocrx_word' id='word_1_65' title='bbox 519 1021 816 1075; x_wconf 85' lang='lat' dir='ltr'><strong>referenda</strong></span> <span class='ocrx_word' id='word_1_66' title='bbox 867 1019 1091 1072; x_wconf 88' lang='lat' dir='ltr'><strong>videtur</strong></span> <span class='ocrx_word' id='word_1_67' title='bbox 1142 1019 1212 1074; x_wconf 89' lang='lat' dir='ltr'><strong>ad</strong></span> <span class='ocrx_word' id='word_1_68' title='bbox 1267 1024 1600 1090; x_wconf 83' lang='lat' dir='ltr'><strong>sequentem</strong></span> <span class='ocrx_word' id='word_1_69' title='bbox 1666 1021 1819 1084; x_wconf 85' lang='lat' dir='ltr'><strong>lOl3,</strong></span> <span class='ocrx_word' id='word_1_70' title='bbox 1869 1016 2030 1088; x_wconf 89' lang='lat' dir='ltr'><strong>cujus</strong></span> 
     </span>
    </p>
   </div>
   <div class='ocr_carea' id='block_1_10' title="bbox 333 1105 2030 1179">
    <p class='ocr_par' dir='ltr' id='par_1_10' title="bbox 333 1105 2030 1179">
     <span class='ocr_line' id='line_1_10' title="bbox 333 1105 2030 1179; baseline -0.005 -13"><span class='ocrx_word' id='word_1_71' title='bbox 333 1113 564 1166; x_wconf 90' lang='lat' dir='ltr'><strong>initium</strong></span> <span class='ocrx_word' id='word_1_72' title='bbox 597 1110 650 1179; x_wconf 91' lang='lat' dir='ltr'><strong>(a</strong></span> <span class='ocrx_word' id='word_1_73' title='bbox 693 1107 874 1162; x_wconf 84' lang='lat' dir='ltr'><strong>Natali</strong></span> <span class='ocrx_word' id='word_1_74' title='bbox 915 1107 1144 1161; x_wconf 88' lang='lat' dir='ltr'><strong>Domini</strong></span> <span class='ocrx_word' id='word_1_75' title='bbox 1200 1107 1540 1172; x_wconf 90' lang='lat' dir='ltr'><strong>inchoando)</strong></span> <span class='ocrx_word' id='word_1_76' title='bbox 1589 1107 1647 1160; x_wconf 93' lang='lat' dir='ltr'><strong>in</strong></span> <span class='ocrx_word' id='word_1_77' title='bbox 1699 1105 1907 1160; x_wconf 89' lang='lat' dir='ltr'><strong>Palithi</strong></span> <span class='ocrx_word' id='word_1_78' title='bbox 1939 1121 2030 1159; x_wconf 90' lang='lat' dir='ltr'><strong>ce-</strong></span> 
     </span>
    </p>
   </div>
   <div class='ocr_carea' id='block_1_11' title="bbox 335 1193 2030 1264">
    <p class='ocr_par' dir='ltr' id='par_1_11' title="bbox 335 1193 2030 1264">
     <span class='ocr_line' id='line_1_11' title="bbox 335 1193 2030 1264; baseline -0.004 -11"><span class='ocrx_word' id='word_1_79' title='bbox 335 1199 573 1253; x_wconf 89' lang='lat' dir='ltr'><strong>lebravit</strong></span> <span class='ocrx_word' id='word_1_80' title='bbox 621 1197 675 1250; x_wconf 91' lang='lat' dir='ltr'><strong>S.</strong></span> <span class='ocrx_word' id='word_1_81' title='bbox 731 1195 1024 1249; x_wconf 85' lang='lat' dir='ltr'><strong>Henricus.</strong></span> <span class='ocrx_word' id='word_1_82' title='bbox 1084 1195 1314 1248; x_wconf 87' lang='lat' dir='ltr'><strong>Notabis</strong></span> <span class='ocrx_word' id='word_1_83' title='bbox 1380 1194 1557 1264; x_wconf 83' lang='lat' dir='ltr'><strong>igitur</strong></span> <span class='ocrx_word' id='word_1_84' title='bbox 1603 1209 1670 1247; x_wconf 93' lang='lat' dir='ltr'><strong>eo</strong></span> <span class='ocrx_word' id='word_1_85' title='bbox 1735 1193 1858 1248; x_wconf 93' lang='lat' dir='ltr'><strong>loco</strong></span> <span class='ocrx_word' id='word_1_86' title='bbox 1920 1193 2030 1247; x_wconf 91' lang='lat' dir='ltr'><strong>alia</strong></span> 
     </span>
    </p>
   </div>
   <div class='ocr_carea' id='block_1_12' title="bbox 333 1280 2028 1358">
    <p class='ocr_par' dir='ltr' id='par_1_12' title="bbox 333 1280 2028 1358">
     <span class='ocr_line' id='line_1_12' title="bbox 333 1280 2028 1358; baseline -0.004 -17"><span class='ocrx_word' id='word_1_87' title='bbox 333 1302 569 1358; x_wconf 85' lang='lat' dir='ltr'><strong>prorsus</strong></span> <span class='ocrx_word' id='word_1_88' title='bbox 632 1283 826 1337; x_wconf 88' lang='lat' dir='ltr'><strong>omnia</strong></span> <span class='ocrx_word' id='word_1_89' title='bbox 881 1298 915 1336; x_wconf 90' lang='lat' dir='ltr'><strong>a</strong></span> <span class='ocrx_word' id='word_1_90' title='bbox 973 1283 1229 1335; x_wconf 90' lang='lat' dir='ltr'><strong>Ditmaro</strong></span> <span class='ocrx_word' id='word_1_91' title='bbox 1289 1281 1540 1348; x_wconf 85' lang='lat' dir='ltr'><strong>tractari,</strong></span> <span class='ocrx_word' id='word_1_92' title='bbox 1599 1280 1671 1334; x_wconf 90' lang='lat' dir='ltr'><strong>ad</strong></span> <span class='ocrx_word' id='word_1_93' title='bbox 1735 1281 2028 1335; x_wconf 85' lang='lat' dir='ltr'><strong>ecclesiam</strong></span> 
     </span>
    </p>
   </div>
   <div class='ocr_carea' id='block_1_13' title="bbox 335 1370 2028 1443">
    <p class='ocr_par' dir='ltr' id='par_1_13' title="bbox 335 1370 2028 1443">
     <span class='ocr_line' id='line_1_13' title="bbox 335 1370 2028 1443; baseline -0.004 -14"><span class='ocrx_word' id='word_1_94' title='bbox 335 1390 500 1429; x_wconf 87' lang='lat' dir='ltr'><strong>suam</strong></span> <span class='ocrx_word' id='word_1_95' title='bbox 573 1371 902 1443; x_wconf 84' lang='lat' dir='ltr'><strong>spectantia,</strong></span> <span class='ocrx_word' id='word_1_96' title='bbox 958 1370 1152 1440; x_wconf 88' lang='lat' dir='ltr'><strong>ibique</strong></span> <span class='ocrx_word' id='word_1_97' title='bbox 1210 1371 1378 1441; x_wconf 88' lang='lat' dir='ltr'><strong>plane</strong></span> <span class='ocrx_word' id='word_1_98' title='bbox 1429 1370 1621 1424; x_wconf 89' lang='lat' dir='ltr'><strong>obitur</strong></span> <span class='ocrx_word' id='word_1_99' title='bbox 1687 1384 1806 1424; x_wconf 90' lang='lat' dir='ltr'><strong>rem</strong></span> <span class='ocrx_word' id='word_1_100' title='bbox 1864 1370 2028 1423; x_wconf 88' lang='lat' dir='ltr'><strong>istam</strong></span> 
     </span>
    </p>
   </div>
   <div class='ocr_carea' id='block_1_14' title="bbox 336 1457 2028 1529">
    <p class='ocr_par' dir='ltr' id='par_1_14' title="bbox 336 1457 2028 1529">
     <span class='ocr_line' id='line_1_14' title="bbox 336 1457 2028 1529; baseline -0.004 -12"><span class='ocrx_word' id='word_1_101' title='bbox 336 1461 636 1524; x_wconf 88' lang='lat' dir='ltr'><strong>insinuari,</strong></span> <span class='ocrx_word' id='word_1_102' title='bbox 669 1473 799 1529; x_wconf 69' lang='lat' dir='ltr'><strong>qum</strong></span> <span class='ocrx_word' id='word_1_103' title='bbox 855 1457 1110 1527; x_wconf 79' lang='lat' dir='ltr'><strong>profecto</strong></span> <span class='ocrx_word' id='word_1_104' title='bbox 1166 1457 1332 1512; x_wconf 70' lang='lat' dir='ltr'><strong>aliter</strong></span> <span class='ocrx_word' id='word_1_105' title='bbox 1382 1459 1650 1528; x_wconf 87' lang='lat' dir='ltr'><strong>explicari</strong></span> <span class='ocrx_word' id='word_1_106' title='bbox 1681 1458 2028 1526; x_wconf 85' lang='lat' dir='ltr'><strong>merebatur,</strong></span> 
     </span>
    </p>
   </div>
   <div class='ocr_carea' id='block_1_15' title="bbox 337 1546 2028 1616">
    <p class='ocr_par' dir='ltr' id='par_1_15' title="bbox 337 1546 2028 1616">
     <span class='ocr_line' id='line_1_15' title="bbox 337 1546 2028 1616; baseline -0.004 -13"><span class='ocrx_word' id='word_1_107' title='bbox 337 1550 385 1603; x_wconf 92' lang='lat' dir='ltr'><strong>si</strong></span> <span class='ocrx_word' id='word_1_108' title='bbox 432 1548 768 1603; x_wconf 83' lang='lat' dir='ltr'><strong>Benedictus</strong></span> <span class='ocrx_word' id='word_1_109' title='bbox 820 1546 941 1616; x_wconf 91' lang='lat' dir='ltr'><strong>ipse</strong></span> <span class='ocrx_word' id='word_1_110' title='bbox 1000 1547 1150 1616; x_wconf 83' lang='lat' dir='ltr'><strong>Papa</strong></span> <span class='ocrx_word' id='word_1_111' title='bbox 1207 1546 1498 1616; x_wconf 86' lang='lat' dir='ltr'><strong>legitimus</strong></span> <span class='ocrx_word' id='word_1_112' title='bbox 1550 1547 1609 1600; x_wconf 92' lang='lat' dir='ltr'><strong>in</strong></span> <span class='ocrx_word' id='word_1_113' title='bbox 1668 1546 2028 1602; x_wconf 86' lang='lat' dir='ltr'><strong>Germaniam</strong></span> 
     </span>
    </p>
   </div>
   <div class='ocr_carea' id='block_1_16' title="bbox 2137 491 3421 563">
    <p class='ocr_par' dir='ltr' id='par_1_16' title="bbox 2137 491 3421 563">
     <span class='ocr_line' id='line_1_16' title="bbox 2137 491 3421 563; baseline -0.001 -16"><span class='ocrx_word' id='word_1_114' title='bbox 2137 493 2256 547; x_wconf 91' lang='lat' dir='ltr'><strong>imo</strong></span> <span class='ocrx_word' id='word_1_115' title='bbox 2286 493 2514 563; x_wconf 92' lang='lat' dir='ltr'><strong>imperii</strong></span> <span class='ocrx_word' id='word_1_116' title='bbox 2540 494 2660 563; x_wconf 86' lang='lat' dir='ltr'><strong>ejus</strong></span> <span class='ocrx_word' id='word_1_117' title='bbox 2694 492 2970 563; x_wconf 88' lang='lat' dir='ltr'><strong>epocham</strong></span> <span class='ocrx_word' id='word_1_118' title='bbox 3001 491 3421 546; x_wconf 85' lang='lat' dir='ltr'><strong>inchoabimus.</strong></span> 
     </span>
    </p>
   </div>
   <div class='ocr_carea' id='block_1_17' title="bbox 2139 599 3847 667">
    <p class='ocr_par' dir='ltr' id='par_1_17' title="bbox 2139 599 3847 667">
     <span class='ocr_line' id='line_1_17' title="bbox 2139 599 3847 667; baseline -0.002 -13"><span class='ocrx_word' id='word_1_119' title='bbox 2139 600 2166 665; x_wconf 89' lang='lat'><strong>§</strong></span> <span class='ocrx_word' id='word_1_120' title='bbox 2224 599 2364 654; x_wconf 86' lang='lat' dir='ltr'><strong>Xlll.</strong></span> <span class='ocrx_word' id='word_1_121' title='bbox 2421 601 2476 655; x_wconf 90' lang='lat' dir='ltr'><strong>S.</strong></span> <span class='ocrx_word' id='word_1_122' title='bbox 2543 601 2765 654; x_wconf 82' lang='lat' dir='ltr'><strong>Henrici</strong></span> <span class='ocrx_word' id='word_1_123' title='bbox 2824 601 2997 653; x_wconf 69' lang='lat' dir='ltr'><strong>Romae</strong></span> <span class='ocrx_word' id='word_1_124' title='bbox 3061 599 3359 665; x_wconf 81' lang='lat' dir='ltr'><strong>coronatio,</strong></span> <span class='ocrx_word' id='word_1_125' title='bbox 3417 603 3468 651; x_wconf 85' lang='lat' dir='ltr'><strong>et</strong></span> <span class='ocrx_word' id='word_1_126' title='bbox 3546 613 3666 667; x_wconf 71' lang='lat' dir='ltr'><strong>quae</strong></span> <span class='ocrx_word' id='word_1_127' title='bbox 3723 612 3847 650; x_wconf 86' lang='lat' dir='ltr'><strong>eam</strong></span> 
     </span>
    </p>
   </div>
   <div class='ocr_carea' id='block_1_18' title="bbox 2207 669 3849 739">
    <p class='ocr_par' dir='ltr' id='par_1_18' title="bbox 2207 669 3849 739">
     <span class='ocr_line' id='line_1_18' title="bbox 2207 669 3849 739; baseline -0.001 -16"><span class='ocrx_word' id='word_1_128' title='bbox 2207 675 2389 732; x_wconf 80' lang='lat' dir='ltr'><strong>secuta</strong></span> <span class='ocrx_word' id='word_1_129' title='bbox 2416 675 2561 734; x_wconf 82' lang='lat' dir='ltr'><strong>sunt,</strong></span> <span class='ocrx_word' id='word_1_130' title='bbox 2593 685 2762 739; x_wconf 84' lang='lat' dir='ltr'><strong>usque</strong></span> <span class='ocrx_word' id='word_1_131' title='bbox 2799 669 2873 722; x_wconf 83' lang='lat' dir='ltr'><strong>ad</strong></span> <span class='ocrx_word' id='word_1_132' title='bbox 2914 670 3209 735; x_wconf 71' lang='lat' dir='ltr'><strong>adventum</strong></span> <span class='ocrx_word' id='word_1_133' title='bbox 3265 669 3543 724; x_wconf 74' lang='lat' dir='ltr'><strong>Benedicti</strong></span> <span class='ocrx_word' id='word_1_134' title='bbox 3570 671 3674 724; x_wconf 92' lang='lat' dir='ltr'><strong>PP.</strong></span> <span class='ocrx_word' id='word_1_135' title='bbox 3716 669 3849 722; x_wconf 82' lang='lat' dir='ltr'><strong><em>V111</em></strong></span> 
     </span>
    </p>
   </div>
   <div class='ocr_carea' id='block_1_19' title="bbox 2209 739 2668 794">
    <p class='ocr_par' dir='ltr' id='par_1_19' title="bbox 2209 739 2668 794">
     <span class='ocr_line' id='line_1_19' title="bbox 2209 739 2668 794; baseline 0.002 -1"><span class='ocrx_word' id='word_1_136' title='bbox 2209 743 2268 793; x_wconf 83' lang='lat' dir='ltr'><strong>in</strong></span> <span class='ocrx_word' id='word_1_137' title='bbox 2299 739 2668 794; x_wconf 83' lang='lat' dir='ltr'><strong>Germaniam.</strong></span> 
     </span>
    </p>
   </div>
   <div class='ocr_carea' id='block_1_20' title="bbox 2213 843 3846 913">
    <p class='ocr_par' dir='ltr' id='par_1_20' title="bbox 2213 843 3846 913">
     <span class='ocr_line' id='line_1_20' title="bbox 2213 843 3846 913; baseline -0.002 -14"><span class='ocrx_word' id='word_1_138' title='bbox 2213 847 2336 899; x_wconf 81' lang='grc'><strong>130.</strong></span> <span class='ocrx_word' id='word_1_139' title='bbox 2411 847 2641 900; x_wconf 84' lang='lat' dir='ltr'><strong>Librum</strong></span> <span class='ocrx_word' id='word_1_140' title='bbox 2735 861 2901 898; x_wconf 91' lang='lat' dir='ltr'><strong>suum</strong></span> <span class='ocrx_word' id='word_1_141' title='bbox 2992 843 3302 913; x_wconf 87' lang='lat' dir='ltr'><strong>septimum</strong></span> <span class='ocrx_word' id='word_1_142' title='bbox 3403 844 3482 898; x_wconf 89' lang='lat' dir='ltr'><strong>sic</strong></span> <span class='ocrx_word' id='word_1_143' title='bbox 3546 843 3846 898; x_wconf 89' lang='lat' dir='ltr'><strong>exorditur</strong></span> 
     </span>
    </p>
   </div>
   <div class='ocr_carea' id='block_1_21' title="bbox 2139 932 3848 1001">
    <p class='ocr_par' dir='ltr' id='par_1_21' title="bbox 2139 932 3848 1001">
     <span class='ocr_line' id='line_1_21' title="bbox 2139 932 3848 1001; baseline 0.001 -16"><span class='ocrx_word' id='word_1_144' title='bbox 2139 932 2425 986; x_wconf 89' lang='lat' dir='ltr'><strong>Ditmarus</strong></span> <span class='ocrx_word' id='word_1_145' title='bbox 2458 949 2470 985; x_wconf 92' lang='lat'><strong>:</strong></span> <span class='ocrx_word' id='word_1_146' title='bbox 2519 955 2538 979; x_wconf 79' lang='grc' dir='ltr'>ι</span> <span class='ocrx_word' id='word_1_147' title='bbox 2567 933 2827 986; x_wconf 86' lang='lat' dir='ltr'><strong>Decursis</strong></span> <span class='ocrx_word' id='word_1_148' title='bbox 2857 949 2890 986; x_wconf 90' lang='lat' dir='ltr'><strong>a</strong></span> <span class='ocrx_word' id='word_1_149' title='bbox 2935 933 3228 987; x_wconf 90' lang='lat' dir='ltr'><strong>Dominica</strong></span> <span class='ocrx_word' id='word_1_150' title='bbox 3278 932 3669 986; x_wconf 81' lang='lat' dir='ltr'><strong>incarnatione</strong></span> <span class='ocrx_word' id='word_1_151' title='bbox 3709 936 3848 1001; x_wconf 89' lang='lat' dir='ltr'><strong>post</strong></span> 
     </span>
    </p>
   </div>
   <div class='ocr_carea' id='block_1_22' title="bbox 2141 1020 3847 1090">
    <p class='ocr_par' dir='ltr' id='par_1_22' title="bbox 2141 1020 3847 1090">
     <span class='ocr_line' id='line_1_22' title="bbox 2141 1020 3847 1090; baseline 0.001 -18"><span class='ocrx_word' id='word_1_152' title='bbox 2141 1020 2445 1074; x_wconf 90' lang='lat' dir='ltr'><strong>millenarii</strong></span> <span class='ocrx_word' id='word_1_153' title='bbox 2485 1020 2900 1090; x_wconf 89' lang='lat' dir='ltr'><strong>plenitudinem</strong></span> <span class='ocrx_word' id='word_1_154' title='bbox 2957 1020 3185 1074; x_wconf 90' lang='lat' dir='ltr'><strong>numeri</strong></span> <span class='ocrx_word' id='word_1_155' title='bbox 3243 1021 3410 1074; x_wconf 85' lang='lat' dir='ltr'><strong>annis</strong></span> <span class='ocrx_word' id='word_1_156' title='bbox 3457 1020 3755 1087; x_wconf 86' lang='lat' dir='ltr'><strong>tredecim,</strong></span> <span class='ocrx_word' id='word_1_157' title='bbox 3783 1025 3847 1073; x_wconf 88' lang='lat' dir='ltr'><strong>et</strong></span> 
     </span>
    </p>
   </div>
   <div class='ocr_carea' id='block_1_23' title="bbox 2138 1107 3846 1178">
    <p class='ocr_par' dir='ltr' id='par_1_23' title="bbox 2138 1107 3846 1178">
     <span class='ocr_line' id='line_1_23' title="bbox 2138 1107 3846 1178; baseline -0.001 -16"><span class='ocrx_word' id='word_1_158' title='bbox 2138 1110 2196 1162; x_wconf 90' lang='lat' dir='ltr'><strong>in</strong></span> <span class='ocrx_word' id='word_1_159' title='bbox 2225 1108 2622 1178; x_wconf 86' lang='lat' dir='ltr'><strong>subsequentis</strong></span> <span class='ocrx_word' id='word_1_160' title='bbox 2644 1109 2808 1162; x_wconf 91' lang='lat' dir='ltr'><strong>annis</strong></span> <span class='ocrx_word' id='word_1_161' title='bbox 2835 1109 3083 1161; x_wconf 88' lang='lat' dir='ltr'><strong>secundo</strong></span> <span class='ocrx_word' id='word_1_162' title='bbox 3121 1124 3317 1162; x_wconf 89' lang='lat' dir='ltr'><strong>mense</strong></span> <span class='ocrx_word' id='word_1_163' title='bbox 3371 1125 3435 1162; x_wconf 89' lang='lat' dir='ltr'><strong>ac</strong></span> <span class='ocrx_word' id='word_1_164' title='bbox 3474 1107 3846 1163; x_wconf 87' lang='lat' dir='ltr'><strong>hebdomada</strong></span> 
     </span>
    </p>
   </div>
   <div class='ocr_carea' id='block_1_24' title="bbox 2141 1196 3846 1265">
    <p class='ocr_par' dir='ltr' id='par_1_24' title="bbox 2141 1196 3846 1265">
     <span class='ocr_line' id='line_1_24' title="bbox 2141 1196 3846 1265; baseline 0 -17"><span class='ocrx_word' id='word_1_165' title='bbox 2141 1197 2328 1260; x_wconf 86' lang='lat' dir='ltr'><strong>tertia,</strong></span> <span class='ocrx_word' id='word_1_166' title='bbox 2357 1212 2506 1249; x_wconf 89' lang='lat' dir='ltr'><strong>anno</strong></span> <span class='ocrx_word' id='word_1_167' title='bbox 2544 1201 2733 1249; x_wconf 89' lang='lat' dir='ltr'><strong>autem</strong></span> <span class='ocrx_word' id='word_1_168' title='bbox 2787 1197 2947 1265; x_wconf 82' lang='lat' dir='ltr'><strong>regni</strong></span> <span class='ocrx_word' id='word_1_169' title='bbox 2982 1196 3105 1265; x_wconf 89' lang='lat' dir='ltr'><strong>ejus</strong></span> <span class='ocrx_word' id='word_1_170' title='bbox 3161 1197 3331 1249; x_wconf 91' lang='lat' dir='ltr'><strong>tertio</strong></span> <span class='ocrx_word' id='word_1_171' title='bbox 3383 1197 3624 1261; x_wconf 90' lang='lat' dir='ltr'><strong>decimo,</strong></span> <span class='ocrx_word' id='word_1_172' title='bbox 3662 1203 3718 1249; x_wconf 89' lang='lat' dir='ltr'><strong>et</strong></span> <span class='ocrx_word' id='word_1_173' title='bbox 3749 1197 3846 1249; x_wconf 87' lang='lat' dir='ltr'><strong>die</strong></span> 
     </span>
    </p>
   </div>
   <div class='ocr_carea' id='block_1_25' title="bbox 2142 1283 3845 1352">
    <p class='ocr_par' dir='ltr' id='par_1_25' title="bbox 2142 1283 3845 1352">
     <span class='ocr_line' id='line_1_25' title="bbox 2142 1283 3845 1352; baseline -0.001 -14"><span class='ocrx_word' id='word_1_174' title='bbox 2142 1283 2457 1348; x_wconf 90' lang='lat' dir='ltr'><strong>Dominica,</strong></span> <span class='ocrx_word' id='word_1_175' title='bbox 2489 1300 2553 1337; x_wconf 90' lang='lat' dir='ltr'><strong>ac</strong></span> <span class='ocrx_word' id='word_1_176' title='bbox 2583 1301 2632 1337; x_wconf 81' lang='lat' dir='ltr'><strong>vi</strong></span> <span class='ocrx_word' id='word_1_177' title='bbox 2662 1285 2781 1337; x_wconf 81' lang='lat' dir='ltr'><strong>Kal.</strong></span> <span class='ocrx_word' id='word_1_178' title='bbox 2812 1284 2950 1352; x_wconf 82' lang='lat' dir='ltr'><strong>(lege</strong></span> <span class='ocrx_word' id='word_1_179' title='bbox 2995 1299 3082 1337; x_wconf 81' lang='lat' dir='ltr'><strong>xvi</strong></span> <span class='ocrx_word' id='word_1_180' title='bbox 3132 1285 3254 1338; x_wconf 84' lang='lat' dir='ltr'><strong>Kal.</strong></span> <span class='ocrx_word' id='word_1_181' title='bbox 3289 1283 3393 1337; x_wconf 86' lang='lat' dir='ltr'><strong>sub</strong></span> <span class='ocrx_word' id='word_1_182' title='bbox 3432 1284 3541 1337; x_wconf 90' lang='lat' dir='ltr'><strong>litt.</strong></span> <span class='ocrx_word' id='word_1_183' title='bbox 3579 1285 3744 1338; x_wconf 88' lang='lat' dir='ltr'><strong>Dom.</strong></span> <span class='ocrx_word' id='word_1_184' title='bbox 3781 1285 3845 1351; x_wconf 75' lang='grc' dir='ltr'><strong>Ο)</strong></span> 
     </span>
    </p>
   </div>
   <div class='ocr_carea' id='block_1_26' title="bbox 2143 1371 3850 1442">
    <p class='ocr_par' dir='ltr' id='par_1_26' title="bbox 2143 1371 3850 1442">
     <span class='ocr_line' id='line_1_26' title="bbox 2143 1371 3850 1442; baseline -0.002 -15"><span class='ocrx_word' id='word_1_185' title='bbox 2143 1373 2345 1438; x_wconf 81' lang='lat' dir='ltr'><strong>Martii,</strong></span> <span class='ocrx_word' id='word_1_186' title='bbox 2371 1373 2642 1427; x_wconf 82' lang='lat' dir='ltr'><strong>Henricus</strong></span> <span class='ocrx_word' id='word_1_187' title='bbox 2681 1372 2780 1426; x_wconf 88' lang='lat' dir='ltr'><strong>Dei</strong></span> <span class='ocrx_word' id='word_1_188' title='bbox 2813 1372 2996 1442; x_wconf 90' lang='lat' dir='ltr'><strong>gratia</strong></span> <span class='ocrx_word' id='word_1_189' title='bbox 3034 1387 3130 1425; x_wconf 85' lang='lat' dir='ltr'><strong>rex</strong></span> <span class='ocrx_word' id='word_1_190' title='bbox 3175 1371 3441 1442; x_wconf 82' lang='lat' dir='ltr'><strong>inclytus,</strong></span> <span class='ocrx_word' id='word_1_191' title='bbox 3473 1388 3505 1425; x_wconf 90' lang='lat' dir='ltr'><strong>a</strong></span> <span class='ocrx_word' id='word_1_192' title='bbox 3554 1371 3850 1426; x_wconf 86' lang='lat' dir='ltr'><strong>senatori-</strong></span> 
     </span>
    </p>
   </div>
   <div class='ocr_carea' id='block_1_27' title="bbox 2139 1459 3850 1530">
    <p class='ocr_par' dir='ltr' id='par_1_27' title="bbox 2139 1459 3850 1530">
     <span class='ocr_line' id='line_1_27' title="bbox 2139 1459 3850 1530; baseline -0.001 -16"><span class='ocrx_word' id='word_1_193' title='bbox 2139 1460 2247 1514; x_wconf 89' lang='lat' dir='ltr'><strong>bus</strong></span> <span class='ocrx_word' id='word_1_194' title='bbox 2277 1460 2578 1514; x_wconf 90' lang='lat' dir='ltr'><strong>duodecim</strong></span> <span class='ocrx_word' id='word_1_195' title='bbox 2609 1460 2868 1523; x_wconf 86' lang='lat' dir='ltr'><strong>vallatus,</strong></span> <span class='ocrx_word' id='word_1_196' title='bbox 2919 1475 3166 1530; x_wconf 89' lang='lat' dir='ltr'><strong>quorum</strong></span> <span class='ocrx_word' id='word_1_197' title='bbox 3199 1475 3294 1513; x_wconf 85' lang='lat' dir='ltr'><strong>sex</strong></span> <span class='ocrx_word' id='word_1_198' title='bbox 3349 1460 3465 1514; x_wconf 90' lang='lat' dir='ltr'><strong>rasi</strong></span> <span class='ocrx_word' id='word_1_199' title='bbox 3492 1459 3690 1526; x_wconf 88' lang='lat' dir='ltr'><strong>barba,</strong></span> <span class='ocrx_word' id='word_1_200' title='bbox 3741 1459 3850 1513; x_wconf 89' lang='lat' dir='ltr'><strong>alii</strong></span> 
     </span>
    </p>
   </div>
   <div class='ocr_carea' id='block_1_28' title="bbox 2142 1546 3851 1618">
    <p class='ocr_par' dir='ltr' id='par_1_28' title="bbox 2142 1546 3851 1618">
     <span class='ocr_line' id='line_1_28' title="bbox 2142 1546 3851 1618; baseline 0.001 -17"><span class='ocrx_word' id='word_1_201' title='bbox 2142 1547 2360 1618; x_wconf 89' lang='lat' dir='ltr'><strong>prolixa</strong></span> <span class='ocrx_word' id='word_1_202' title='bbox 2391 1547 2628 1618; x_wconf 84' lang='lat' dir='ltr'><strong>mystice</strong></span> <span class='ocrx_word' id='word_1_203' title='bbox 2648 1546 2988 1601; x_wconf 85' lang='lat' dir='ltr'><strong>incedebant</strong></span> <span class='ocrx_word' id='word_1_204' title='bbox 3014 1563 3144 1600; x_wconf 92' lang='lat' dir='ltr'><strong>cum</strong></span> <span class='ocrx_word' id='word_1_205' title='bbox 3176 1547 3414 1616; x_wconf 88' lang='lat' dir='ltr'><strong>baculis,</strong></span> <span class='ocrx_word' id='word_1_206' title='bbox 3463 1564 3592 1602; x_wconf 91' lang='lat' dir='ltr'><strong>cum</strong></span> <span class='ocrx_word' id='word_1_207' title='bbox 3635 1549 3851 1602; x_wconf 88' lang='lat' dir='ltr'><strong>dilecta</strong></span> 
     </span>
    </p>
   </div>
   <div class='ocr_carea' id='block_1_29' title="bbox 335 1633 3851 1727">
    <p class='ocr_par' dir='ltr' id='par_1_29' title="bbox 335 1633 3851 1727">
     <span class='ocr_line' id='line_1_29' title="bbox 335 1633 3851 1727; baseline 0 -37"><span class='ocrx_word' id='word_1_208' title='bbox 335 1638 625 1708; x_wconf 88' lang='lat' dir='ltr'><strong>profectus</strong></span> <span class='ocrx_word' id='word_1_209' title='bbox 671 1635 906 1698; x_wconf 84' lang='lat' dir='ltr'><strong>fuisset;</strong></span> <span class='ocrx_word' id='word_1_210' title='bbox 936 1634 1091 1703; x_wconf 85' lang='lat' dir='ltr'><strong>quod</strong></span> <span class='ocrx_word' id='word_1_211' title='bbox 1147 1633 1298 1688; x_wconf 87' lang='lat' dir='ltr'><strong>haud</strong></span> <span class='ocrx_word' id='word_1_212' title='bbox 1350 1635 1522 1688; x_wconf 88' lang='lat' dir='ltr'><strong>dubie</strong></span> <span class='ocrx_word' id='word_1_213' title='bbox 1567 1651 1682 1689; x_wconf 87' lang='lat' dir='ltr'><strong>non</strong></span> <span class='ocrx_word' id='word_1_214' title='bbox 1724 1635 2032 1689; x_wconf 85' lang='lat' dir='ltr'><strong>tacuissent</strong></span> <span class='ocrx_word' id='word_1_215' title='bbox 2064 1673 2104 1727; x_wconf 76' lang='lat' dir='ltr'><strong>B</strong></span> <span class='ocrx_word' id='word_1_216' title='bbox 2144 1636 2353 1689; x_wconf 89' lang='lat' dir='ltr'><strong>suimet</strong></span> <span class='ocrx_word' id='word_1_217' title='bbox 2409 1635 2651 1706; x_wconf 88' lang='lat' dir='ltr'><strong>conjuge</strong></span> <span class='ocrx_word' id='word_1_218' title='bbox 2735 1635 3087 1704; x_wconf 86' lang='lat' dir='ltr'><strong>Cunegunda</strong></span> <span class='ocrx_word' id='word_1_219' title='bbox 3166 1636 3236 1689; x_wconf 90' lang='lat' dir='ltr'><strong>ad</strong></span> <span class='ocrx_word' id='word_1_220' title='bbox 3305 1636 3598 1689; x_wconf 88' lang='lat' dir='ltr'><strong>ecclesiam</strong></span> <span class='ocrx_word' id='word_1_221' title='bbox 3660 1636 3851 1690; x_wconf 88' lang='lat' dir='ltr'><strong>sancti</strong></span> 
     </span>
    </p>
   </div>
   <div class='ocr_carea' id='block_1_30' title="bbox 335 1720 2028 1794">
    <p class='ocr_par' dir='ltr' id='par_1_30' title="bbox 335 1720 2028 1794">
     <span class='ocr_line' id='line_1_30' title="bbox 335 1720 2028 1794; baseline -0.004 -14"><span class='ocrx_word' id='word_1_222' title='bbox 335 1723 816 1794; x_wconf 86' lang='lat' dir='ltr'><strong>Chrouographus</strong></span> <span class='ocrx_word' id='word_1_223' title='bbox 867 1722 1034 1788; x_wconf 87' lang='lat' dir='ltr'><strong>Saxo,</strong></span> <span class='ocrx_word' id='word_1_224' title='bbox 1067 1721 1306 1776; x_wconf 87' lang='lat' dir='ltr'><strong>Ditmari</strong></span> <span class='ocrx_word' id='word_1_225' title='bbox 1356 1720 1415 1775; x_wconf 91' lang='lat' dir='ltr'><strong>in</strong></span> <span class='ocrx_word' id='word_1_226' title='bbox 1468 1723 1660 1777; x_wconf 90' lang='lat' dir='ltr'><strong>multis</strong></span> <span class='ocrx_word' id='word_1_227' title='bbox 1689 1727 2028 1787; x_wconf 86' lang='lat' dir='ltr'><strong>contractor,</strong></span> 
     </span>
    </p>
   </div>
   <div class='ocr_carea' id='block_1_31' title="bbox 337 1809 2035 1880">
    <p class='ocr_par' dir='ltr' id='par_1_31' title="bbox 337 1809 2035 1880">
     <span class='ocr_line' id='line_1_31' title="bbox 337 1809 2035 1880; baseline -0.004 -12"><span class='ocrx_word' id='word_1_228' title='bbox 337 1818 394 1868; x_wconf 87' lang='lat' dir='ltr'><strong>et</strong></span> <span class='ocrx_word' id='word_1_229' title='bbox 473 1815 720 1867; x_wconf 84' lang='lat' dir='ltr'><strong>Annales</strong></span> <span class='ocrx_word' id='word_1_230' title='bbox 785 1810 1255 1875; x_wconf 81' lang='lat' dir='ltr'><strong>Hildesemenses,</strong></span> <span class='ocrx_word' id='word_1_231' title='bbox 1314 1825 1418 1863; x_wconf 90' lang='lat' dir='ltr'><strong>nec</strong></span> <span class='ocrx_word' id='word_1_232' title='bbox 1467 1809 1565 1863; x_wconf 91' lang='lat' dir='ltr'><strong>alii</strong></span> <span class='ocrx_word' id='word_1_233' title='bbox 1629 1811 1880 1880; x_wconf 63' lang='lat' dir='ltr'><strong>aequales</strong></span> <span class='ocrx_word' id='word_1_234' title='bbox 1937 1813 2035 1862; x_wconf 91' lang='lat' dir='ltr'><strong>aut</strong></span> 
     </span>
    </p>
   </div>
   <div class='ocr_carea' id='block_1_32' title="bbox 334 1897 2032 1970">
    <p class='ocr_par' dir='ltr' id='par_1_32' title="bbox 334 1897 2032 1970">
     <span class='ocr_line' id='line_1_32' title="bbox 334 1897 2032 1970; baseline -0.002 -16"><span class='ocrx_word' id='word_1_235' title='bbox 334 1901 592 1970; x_wconf 82' lang='lat' dir='ltr'><strong>proxime</strong></span> <span class='ocrx_word' id='word_1_236' title='bbox 623 1899 818 1953; x_wconf 86' lang='lat' dir='ltr'><strong>secuti.</strong></span> <span class='ocrx_word' id='word_1_237' title='bbox 866 1898 931 1951; x_wconf 92' lang='lat' dir='ltr'><strong>Ut</strong></span> <span class='ocrx_word' id='word_1_238' title='bbox 960 1901 1210 1951; x_wconf 91' lang='lat' dir='ltr'><strong>mentem</strong></span> <span class='ocrx_word' id='word_1_239' title='bbox 1241 1897 1568 1964; x_wconf 90' lang='lat' dir='ltr'><strong>edisseram,</strong></span> <span class='ocrx_word' id='word_1_240' title='bbox 1610 1903 1767 1951; x_wconf 84' lang='lat' dir='ltr'><strong>verte</strong></span> <span class='ocrx_word' id='word_1_241' title='bbox 1797 1897 2032 1951; x_wconf 89' lang='lat' dir='ltr'><strong>Ditmari</strong></span> 
     </span>
    </p>
   </div>
   <div class='ocr_carea' id='block_1_33' title="bbox 332 1984 2034 2057">
    <p class='ocr_par' dir='ltr' id='par_1_33' title="bbox 332 1984 2034 2057">
     <span class='ocr_line' id='line_1_33' title="bbox 332 1984 2034 2057; baseline -0.003 -16"><span class='ocrx_word' id='word_1_242' title='bbox 332 1987 507 2042; x_wconf 89' lang='lat' dir='ltr'><strong>verba</strong></span> <span class='ocrx_word' id='word_1_243' title='bbox 537 1985 810 2057; x_wconf 88' lang='lat' dir='ltr'><strong>quamdiu</strong></span> <span class='ocrx_word' id='word_1_244' title='bbox 843 1988 898 2037; x_wconf 87' lang='lat' dir='ltr'><strong>et</strong></span> <span class='ocrx_word' id='word_1_245' title='bbox 928 2000 1041 2054; x_wconf 88' lang='lat' dir='ltr'><strong>quo</strong></span> <span class='ocrx_word' id='word_1_246' title='bbox 1074 1984 1240 2038; x_wconf 90' lang='lat' dir='ltr'><strong>modo</strong></span> <span class='ocrx_word' id='word_1_247' title='bbox 1263 1985 1530 2049; x_wconf 90' lang='lat' dir='ltr'><strong>volueris,</strong></span> <span class='ocrx_word' id='word_1_248' title='bbox 1587 1984 1780 2038; x_wconf 88' lang='lat' dir='ltr'><strong>evolve</strong></span> <span class='ocrx_word' id='word_1_249' title='bbox 1831 1989 2034 2038; x_wconf 65' lang='lat' dir='ltr'><strong>caetera</strong></span> 
     </span>
    </p>
   </div>
   <div class='ocr_carea' id='block_1_34' title="bbox 336 2071 2032 2143">
    <p class='ocr_par' dir='ltr' id='par_1_34' title="bbox 336 2071 2032 2143">
     <span class='ocr_line' id='line_1_34' title="bbox 336 2071 2032 2143; baseline -0.002 -13"><span class='ocrx_word' id='word_1_250' title='bbox 336 2075 550 2141; x_wconf 86' lang='lat' dir='ltr'><strong>omnia,</strong></span> <span class='ocrx_word' id='word_1_251' title='bbox 595 2075 710 2127; x_wconf 88' lang='lat' dir='ltr'><strong>sive</strong></span> <span class='ocrx_word' id='word_1_252' title='bbox 751 2071 1132 2142; x_wconf 72' lang='lat' dir='ltr'><strong>praecedentia</strong></span> <span class='ocrx_word' id='word_1_253' title='bbox 1192 2071 1308 2126; x_wconf 87' lang='lat' dir='ltr'><strong>sive</strong></span> <span class='ocrx_word' id='word_1_254' title='bbox 1354 2073 1781 2143; x_wconf 90' lang='lat' dir='ltr'><strong>subsequentia,</strong></span> <span class='ocrx_word' id='word_1_255' title='bbox 1841 2076 1902 2126; x_wconf 92' lang='lat' dir='ltr'><strong>nt</strong></span> <span class='ocrx_word' id='word_1_256' title='bbox 1945 2073 2032 2126; x_wconf 88' lang='lat' dir='ltr'><strong>vel</strong></span> 
     </span>
    </p>
   </div>
   <div class='ocr_carea' id='block_1_35' title="bbox 334 2160 2029 2230">
    <p class='ocr_par' dir='ltr' id='par_1_35' title="bbox 334 2160 2029 2230">
     <span class='ocr_line' id='line_1_35' title="bbox 334 2160 2029 2230; baseline -0.001 -15"><span class='ocrx_word' id='word_1_257' title='bbox 334 2163 572 2217; x_wconf 87' lang='lat' dir='ltr'><strong>verbum</strong></span> <span class='ocrx_word' id='word_1_258' title='bbox 591 2161 890 2226; x_wconf 85' lang='lat' dir='ltr'><strong>extundas,</strong></span> <span class='ocrx_word' id='word_1_259' title='bbox 921 2175 1035 2230; x_wconf 88' lang='lat' dir='ltr'><strong>quo</strong></span> <span class='ocrx_word' id='word_1_260' title='bbox 1064 2160 1284 2225; x_wconf 87' lang='lat' dir='ltr'><strong>innuat,</strong></span> <span class='ocrx_word' id='word_1_261' title='bbox 1335 2166 1594 2214; x_wconf 89' lang='lat' dir='ltr'><strong>sanctum</strong></span> <span class='ocrx_word' id='word_1_262' title='bbox 1625 2160 2029 2230; x_wconf 87' lang='lat' dir='ltr'><strong>imperatorem</strong></span> 
     </span>
    </p>
   </div>
   <div class='ocr_carea' id='block_1_36' title="bbox 337 2248 2029 2318">
    <p class='ocr_par' dir='ltr' id='par_1_36' title="bbox 337 2248 2029 2318">
     <span class='ocr_line' id='line_1_36' title="bbox 337 2248 2029 2318; baseline -0.002 -13"><span class='ocrx_word' id='word_1_263' title='bbox 337 2249 629 2305; x_wconf 90' lang='lat' dir='ltr'><strong>Benedicti</strong></span> <span class='ocrx_word' id='word_1_264' title='bbox 659 2256 848 2317; x_wconf 85' lang='lat' dir='ltr'><strong>partes</strong></span> <span class='ocrx_word' id='word_1_265' title='bbox 907 2248 1192 2316; x_wconf 86' lang='lat' dir='ltr'><strong>suscipere</strong></span> <span class='ocrx_word' id='word_1_266' title='bbox 1221 2248 1504 2314; x_wconf 86' lang='lat' dir='ltr'><strong>debuisse,</strong></span> <span class='ocrx_word' id='word_1_267' title='bbox 1551 2254 1649 2302; x_wconf 91' lang='lat' dir='ltr'><strong>aut</strong></span> <span class='ocrx_word' id='word_1_268' title='bbox 1676 2248 1786 2318; x_wconf 91' lang='lat' dir='ltr'><strong>ipsi</strong></span> <span class='ocrx_word' id='word_1_269' title='bbox 1812 2249 1924 2302; x_wconf 88' lang='lat' dir='ltr'><strong>ulla</strong></span> <span class='ocrx_word' id='word_1_270' title='bbox 1971 2249 2029 2302; x_wconf 93' lang='lat' dir='ltr'><strong>in</strong></span> 
     </span>
    </p>
   </div>
   <div class='ocr_carea' id='block_1_37' title="bbox 335 2334 2033 2406">
    <p class='ocr_par' dir='ltr' id='par_1_37' title="bbox 335 2334 2033 2406">
     <span class='ocr_line' id='line_1_37' title="bbox 335 2334 2033 2406; baseline -0.002 -13"><span class='ocrx_word' id='word_1_271' title='bbox 335 2355 396 2393; x_wconf 89' lang='lat' dir='ltr'><strong>re</strong></span> <span class='ocrx_word' id='word_1_272' title='bbox 427 2335 771 2406; x_wconf 88' lang='lat' dir='ltr'><strong>patrocinari</strong></span> <span class='ocrx_word' id='word_1_273' title='bbox 804 2335 889 2388; x_wconf 88' lang='lat' dir='ltr'><strong>vel</strong></span> <span class='ocrx_word' id='word_1_274' title='bbox 922 2334 1192 2405; x_wconf 86' lang='lat' dir='ltr'><strong>opitulari</strong></span> <span class='ocrx_word' id='word_1_275' title='bbox 1225 2352 1238 2400; x_wconf 90' lang='lat'><strong>;</strong></span> <span class='ocrx_word' id='word_1_276' title='bbox 1273 2341 1371 2388; x_wconf 91' lang='lat' dir='ltr'><strong>aut</strong></span> <span class='ocrx_word' id='word_1_277' title='bbox 1416 2340 1607 2406; x_wconf 90' lang='lat' dir='ltr'><strong>postea</strong></span> <span class='ocrx_word' id='word_1_278' title='bbox 1639 2337 1877 2390; x_wconf 84' lang='lat' dir='ltr'><strong>Romam</strong></span> <span class='ocrx_word' id='word_1_279' title='bbox 1911 2352 2033 2406; x_wconf 84' lang='lat' dir='ltr'><strong>per-</strong></span> 
     </span>
    </p>
   </div>
   <div class='ocr_carea' id='block_1_38' title="bbox 333 2422 2031 2492">
    <p class='ocr_par' dir='ltr' id='par_1_38' title="bbox 333 2422 2031 2492">
     <span class='ocr_line' id='line_1_38' title="bbox 333 2422 2031 2492; baseline -0.003 -12"><span class='ocrx_word' id='word_1_280' title='bbox 333 2425 564 2489; x_wconf 85' lang='lat' dir='ltr'><strong>rexisse,</strong></span> <span class='ocrx_word' id='word_1_281' title='bbox 598 2428 660 2476; x_wconf 93' lang='lat' dir='ltr'><strong>ut</strong></span> <span class='ocrx_word' id='word_1_282' title='bbox 687 2423 873 2492; x_wconf 90' lang='lat' dir='ltr'><strong>ipsum</strong></span> <span class='ocrx_word' id='word_1_283' title='bbox 905 2437 1271 2492; x_wconf 89' lang='lat' dir='ltr'><strong>quocumque</strong></span> <span class='ocrx_word' id='word_1_284' title='bbox 1300 2423 1471 2476; x_wconf 92' lang='lat' dir='ltr'><strong>modo</strong></span> <span class='ocrx_word' id='word_1_285' title='bbox 1520 2423 1578 2475; x_wconf 92' lang='lat' dir='ltr'><strong>in</strong></span> <span class='ocrx_word' id='word_1_286' title='bbox 1633 2422 1836 2476; x_wconf 75' lang='lat' dir='ltr'><strong>sedem.</strong></span> <span class='ocrx_word' id='word_1_287' title='bbox 1863 2422 2031 2475; x_wconf 90' lang='lat' dir='ltr'><strong>resti—</strong></span> 
     </span>
    </p>
   </div>
   <div class='ocr_carea' id='block_1_39' title="bbox 332 2509 2028 2568">
    <p class='ocr_par' dir='ltr' id='par_1_39' title="bbox 332 2509 2028 2568">
     <span class='ocr_line' id='line_1_39' title="bbox 332 2509 2028 2568; baseline -0.003 -1"><span class='ocrx_word' id='word_1_288' title='bbox 332 2513 700 2568; x_wconf 85' lang='lat' dir='ltr'><strong>tueret.Utut</strong></span> <span class='ocrx_word' id='word_1_289' title='bbox 745 2509 1040 2563; x_wconf 89' lang='lat' dir='ltr'><strong>obscurius</strong></span> <span class='ocrx_word' id='word_1_290' title='bbox 1095 2510 1349 2563; x_wconf 90' lang='lat' dir='ltr'><strong>locutum</strong></span> <span class='ocrx_word' id='word_1_291' title='bbox 1408 2525 1638 2563; x_wconf 87' lang='lat' dir='ltr'><strong>censeas</strong></span> <span class='ocrx_word' id='word_1_292' title='bbox 1689 2509 2028 2568; x_wconf 88' lang='lat' dir='ltr'><strong>Ditmarum.</strong></span> 
     </span>
    </p>
   </div>
   <div class='ocr_carea' id='block_1_40' title="bbox 330 2585 2026 2666">
    <p class='ocr_par' dir='ltr' id='par_1_40' title="bbox 330 2585 2026 2666">
     <span class='ocr_line' id='line_1_40' title="bbox 330 2585 2026 2666; baseline -0.003 -11"><span class='ocrx_word' id='word_1_293' title='bbox 330 2585 630 2655; x_wconf 53' lang='lat' dir='ltr'><strong>aut&#39;nihil</strong></span> <span class='ocrx_word' id='word_1_294' title='bbox 698 2598 860 2662; x_wconf 86' lang='lat' dir='ltr'><strong>dixit,</strong></span> <span class='ocrx_word' id='word_1_295' title='bbox 932 2602 1033 2650; x_wconf 91' lang='lat' dir='ltr'><strong>aut</strong></span> <span class='ocrx_word' id='word_1_296' title='bbox 1089 2596 1224 2650; x_wconf 88' lang='lat' dir='ltr'><strong>satis</strong></span> <span class='ocrx_word' id='word_1_297' title='bbox 1267 2596 1554 2663; x_wconf 86' lang='lat' dir='ltr'><strong>indicavit,</strong></span> <span class='ocrx_word' id='word_1_298' title='bbox 1615 2599 1860 2666; x_wconf 81' lang='lat' dir='ltr'><strong>periste,</strong></span> <span class='ocrx_word' id='word_1_299' title='bbox 1912 2613 2026 2650; x_wconf 89' lang='lat' dir='ltr'><strong>non</strong></span> 
     </span>
    </p>
   </div>
   <div class='ocr_carea' id='block_1_41' title="bbox 333 2683 2024 2754">
    <p class='ocr_par' dir='ltr' id='par_1_41' title="bbox 333 2683 2024 2754">
     <span class='ocr_line' id='line_1_41' title="bbox 333 2683 2024 2754; baseline -0.004 -11"><span class='ocrx_word' id='word_1_300' title='bbox 333 2688 726 2752; x_wconf 85' lang='lat' dir='ltr'><strong>Benedictum,</strong></span> <span class='ocrx_word' id='word_1_301' title='bbox 753 2687 848 2739; x_wconf 88' lang='lat' dir='ltr'><strong>sed</strong></span> <span class='ocrx_word' id='word_1_302' title='bbox 883 2685 1220 2754; x_wconf 88' lang='lat' dir='ltr'><strong>Gregorium</strong></span> <span class='ocrx_word' id='word_1_303' title='bbox 1272 2685 1446 2738; x_wconf 87' lang='lat' dir='ltr'><strong>fuisse</strong></span> <span class='ocrx_word' id='word_1_304' title='bbox 1505 2683 1806 2754; x_wconf 88' lang='lat' dir='ltr'><strong>fugitivum</strong></span> <span class='ocrx_word' id='word_1_305' title='bbox 1841 2687 2024 2739; x_wconf 83' lang='lat' dir='ltr'><strong>istum.</strong></span> 
     </span>
    </p>
   </div>
   <div class='ocr_carea' id='block_1_42' title="bbox 337 2771 2027 2842">
    <p class='ocr_par' dir='ltr' id='par_1_42' title="bbox 337 2771 2027 2842">
     <span class='ocr_line' id='line_1_42' title="bbox 337 2771 2027 2842; baseline -0.002 -15"><span class='ocrx_word' id='word_1_306' title='bbox 337 2794 358 2822; x_wconf 77' lang='grc' dir='ltr'>ι</span> <span class='ocrx_word' id='word_1_307' title='bbox 391 2774 482 2827; x_wconf 90' lang='lat' dir='ltr'><strong>cui</strong></span> <span class='ocrx_word' id='word_1_308' title='bbox 514 2773 844 2826; x_wconf 88' lang='lat' dir='ltr'><strong>Benedictus</strong></span> <span class='ocrx_word' id='word_1_309' title='bbox 875 2771 1191 2841; x_wconf 42' lang='lat' dir='ltr'><strong>praeviiluit,</strong></span> <span class='ocrx_word' id='word_1_310' title='bbox 1230 2792 1251 2817; x_wconf 79' lang='grc' dir='ltr'>ι</span> <span class='ocrx_word' id='word_1_311' title='bbox 1288 2777 1484 2841; x_wconf 89' lang='lat' dir='ltr'><strong>utpote</strong></span> <span class='ocrx_word' id='word_1_312' title='bbox 1502 2771 1638 2842; x_wconf 80' lang='lat' dir='ltr'><strong>qui«</strong></span> <span class='ocrx_word' id='word_1_313' title='bbox 1673 2771 2027 2840; x_wconf 64' lang='lat' dir='ltr'><strong>praecarteris</strong></span> 
     </span>
    </p>
   </div>
   <div class='ocr_carea' id='block_1_43' title="bbox 330 2859 2026 2916">
    <p class='ocr_par' dir='ltr' id='par_1_43' title="bbox 330 2859 2026 2916">
     <span class='ocr_line' id='line_1_43' title="bbox 330 2859 2026 2916; baseline -0.001 -1"><span class='ocrx_word' id='word_1_314' title='bbox 330 2861 781 2916; x_wconf 87' lang='lat' dir='ltr'><strong>antecessoribus</strong></span> <span class='ocrx_word' id='word_1_315' title='bbox 871 2860 1117 2912; x_wconf 87' lang='lat' dir='ltr'><strong>maxime</strong></span> <span class='ocrx_word' id='word_1_316' title='bbox 1199 2859 1624 2912; x_wconf 89' lang='lat' dir='ltr'><strong>dominabatur.</strong></span> <span class='ocrx_word' id='word_1_317' title='bbox 1692 2880 1711 2905; x_wconf 77' lang='grc' dir='ltr'><strong>ι</strong></span> <span class='ocrx_word' id='word_1_318' title='bbox 1769 2860 1832 2912; x_wconf 89' lang='lat' dir='ltr'><strong>Et</strong></span> <span class='ocrx_word' id='word_1_319' title='bbox 1893 2875 2026 2913; x_wconf 88' lang='lat' dir='ltr'><strong>vero</strong></span> 
     </span>
    </p>
   </div>
   <div class='ocr_carea' id='block_1_44' title="bbox 2144 1723 3848 1794">
    <p class='ocr_par' dir='ltr' id='par_1_44' title="bbox 2144 1723 3848 1794">
     <span class='ocr_line' id='line_1_44' title="bbox 2144 1723 3848 1794; baseline 0.001 -18"><span class='ocrx_word' id='word_1_320' title='bbox 2144 1723 2314 1784; x_wconf 84' lang='lat' dir='ltr'><strong>Petri.</strong></span> <span class='ocrx_word' id='word_1_321' title='bbox 2351 1724 2502 1794; x_wconf 87' lang='lat' dir='ltr'><strong>Papa</strong></span> <span class='ocrx_word' id='word_1_322' title='bbox 2531 1729 2908 1794; x_wconf 88' lang='lat' dir='ltr'><strong>exspectante,</strong></span> <span class='ocrx_word' id='word_1_323' title='bbox 2939 1723 3115 1790; x_wconf 84' lang='lat' dir='ltr'><strong>venit,</strong></span> <span class='ocrx_word' id='word_1_324' title='bbox 3156 1728 3212 1776; x_wconf 88' lang='lat' dir='ltr'><strong>et</strong></span> <span class='ocrx_word' id='word_1_325' title='bbox 3238 1727 3547 1794; x_wconf 90' lang='lat' dir='ltr'><strong>antequam</strong></span> <span class='ocrx_word' id='word_1_326' title='bbox 3576 1724 3848 1778; x_wconf 87' lang='lat' dir='ltr'><strong>introdu-</strong></span> 
     </span>
    </p>
   </div>
   <div class='ocr_carea' id='block_1_45' title="bbox 2143 1811 3846 1881">
    <p class='ocr_par' dir='ltr' id='par_1_45' title="bbox 2143 1811 3846 1881">
     <span class='ocr_line' id='line_1_45' title="bbox 2143 1811 3846 1881; baseline 0.002 -18"><span class='ocrx_word' id='word_1_327' title='bbox 2143 1816 2388 1877; x_wconf 91' lang='lat' dir='ltr'><strong>ceretur,</strong></span> <span class='ocrx_word' id='word_1_328' title='bbox 2420 1812 2490 1865; x_wconf 87' lang='lat' dir='ltr'><strong>ab</strong></span> <span class='ocrx_word' id='word_1_329' title='bbox 2543 1812 2741 1864; x_wconf 88' lang='lat' dir='ltr'><strong>eodem</strong></span> <span class='ocrx_word' id='word_1_330' title='bbox 2794 1811 3203 1881; x_wconf 90' lang='lat' dir='ltr'><strong>interrogatus,</strong></span> <span class='ocrx_word' id='word_1_331' title='bbox 3246 1812 3292 1864; x_wconf 89' lang='lat' dir='ltr'><strong>si</strong></span> <span class='ocrx_word' id='word_1_332' title='bbox 3323 1811 3508 1866; x_wconf 76' lang='lat' dir='ltr'><strong>fidelis</strong></span> <span class='ocrx_word' id='word_1_333' title='bbox 3537 1814 3705 1866; x_wconf 88' lang='lat' dir='ltr'><strong>vellet</strong></span> <span class='ocrx_word' id='word_1_334' title='bbox 3729 1813 3846 1867; x_wconf 79' lang='lat' dir='ltr'><strong>Ro-</strong></span> 
     </span>
    </p>
   </div>
   <div class='ocr_carea' id='block_1_46' title="bbox 2141 1899 3845 1969">
    <p class='ocr_par' dir='ltr' id='par_1_46' title="bbox 2141 1899 3845 1969">
     <span class='ocr_line' id='line_1_46' title="bbox 2141 1899 3845 1969; baseline 0.001 -17"><span class='ocrx_word' id='word_1_335' title='bbox 2141 1914 2326 1952; x_wconf 65' lang='lat' dir='ltr'><strong>mana:</strong></span> <span class='ocrx_word' id='word_1_336' title='bbox 2359 1903 2632 1969; x_wconf 85' lang='lat' dir='ltr'><strong>patronus</strong></span> <span class='ocrx_word' id='word_1_337' title='bbox 2689 1915 2809 1952; x_wconf 89' lang='lat' dir='ltr'><strong>esse</strong></span> <span class='ocrx_word' id='word_1_338' title='bbox 2848 1903 2904 1952; x_wconf 93' lang='lat' dir='ltr'><strong>et</strong></span> <span class='ocrx_word' id='word_1_339' title='bbox 2959 1899 3226 1954; x_wconf 89' lang='lat' dir='ltr'><strong>defensor</strong></span> <span class='ocrx_word' id='word_1_340' title='bbox 3281 1899 3564 1962; x_wconf 71' lang='lat' dir='ltr'><strong>Ecclesiae,</strong></span> <span class='ocrx_word' id='word_1_341' title='bbox 3597 1900 3703 1954; x_wconf 91' lang='lat' dir='ltr'><strong>sibi</strong></span> <span class='ocrx_word' id='word_1_342' title='bbox 3735 1916 3845 1954; x_wconf 77' lang='lat' dir='ltr'><strong>au-</strong></span> 
     </span>
    </p>
   </div>
   <div class='ocr_carea' id='block_1_47' title="bbox 2139 1987 3846 2057">
    <p class='ocr_par' dir='ltr' id='par_1_47' title="bbox 2139 1987 3846 2057">
     <span class='ocr_line' id='line_1_47' title="bbox 2139 1987 3846 2057; baseline 0.002 -17"><span class='ocrx_word' id='word_1_343' title='bbox 2139 1990 2257 2040; x_wconf 83' lang='lat' dir='ltr'><strong>tem</strong></span> <span class='ocrx_word' id='word_1_344' title='bbox 2284 1987 2514 2057; x_wconf 90' lang='lat' dir='ltr'><strong>suisque</strong></span> <span class='ocrx_word' id='word_1_345' title='bbox 2539 1987 2955 2041; x_wconf 85' lang='lat' dir='ltr'><strong>successoribus</strong></span> <span class='ocrx_word' id='word_1_346' title='bbox 2984 2003 3088 2056; x_wconf 93' lang='lat' dir='ltr'><strong>per</strong></span> <span class='ocrx_word' id='word_1_347' title='bbox 3144 1987 3340 2040; x_wconf 90' lang='lat' dir='ltr'><strong>omnia</strong></span> <span class='ocrx_word' id='word_1_348' title='bbox 3367 1987 3574 2055; x_wconf 83' lang='lat' dir='ltr'><strong>ﬁdelis,</strong></span> <span class='ocrx_word' id='word_1_349' title='bbox 3629 1989 3846 2044; x_wconf 88' lang='lat' dir='ltr'><strong>devota</strong></span> 
     </span>
    </p>
   </div>
   <div class='ocr_carea' id='block_1_48' title="bbox 2139 2075 3849 2146">
    <p class='ocr_par' dir='ltr' id='par_1_48' title="bbox 2139 2075 3849 2146">
     <span class='ocr_line' id='line_1_48' title="bbox 2139 2075 3849 2146; baseline 0.001 -18"><span class='ocrx_word' id='word_1_350' title='bbox 2139 2075 2492 2146; x_wconf 84' lang='lat' dir='ltr'><strong>professione</strong></span> <span class='ocrx_word' id='word_1_351' title='bbox 2521 2075 2812 2144; x_wconf 86' lang='lat' dir='ltr'><strong>respondit</strong></span> <span class='ocrx_word' id='word_1_352' title='bbox 2847 2094 2862 2142; x_wconf 86' lang='lat'><strong>;</strong></span> <span class='ocrx_word' id='word_1_353' title='bbox 2918 2081 2974 2128; x_wconf 89' lang='lat' dir='ltr'><strong>et</strong></span> <span class='ocrx_word' id='word_1_354' title='bbox 3008 2079 3144 2129; x_wconf 90' lang='lat' dir='ltr'><strong>tunc</strong></span> <span class='ocrx_word' id='word_1_355' title='bbox 3191 2075 3261 2129; x_wconf 90' lang='lat' dir='ltr'><strong>ab</strong></span> <span class='ocrx_word' id='word_1_356' title='bbox 3311 2077 3510 2130; x_wconf 90' lang='lat' dir='ltr'><strong>eodem</strong></span> <span class='ocrx_word' id='word_1_357' title='bbox 3551 2077 3849 2130; x_wconf 86' lang='lat' dir='ltr'><strong>inunctio-</strong></span> 
     </span>
    </p>
   </div>
   <div class='ocr_carea' id='block_1_49' title="bbox 2141 2164 3845 2235">
    <p class='ocr_par' dir='ltr' id='par_1_49' title="bbox 2141 2164 3845 2235">
     <span class='ocr_line' id='line_1_49' title="bbox 2141 2164 3845 2235; baseline 0.001 -19"><span class='ocrx_word' id='word_1_358' title='bbox 2141 2179 2273 2216; x_wconf 87' lang='lat' dir='ltr'><strong>nem</strong></span> <span class='ocrx_word' id='word_1_359' title='bbox 2305 2167 2359 2216; x_wconf 90' lang='lat' dir='ltr'><strong>et</strong></span> <span class='ocrx_word' id='word_1_360' title='bbox 2386 2179 2656 2216; x_wconf 87' lang='lat' dir='ltr'><strong>coronam</strong></span> <span class='ocrx_word' id='word_1_361' title='bbox 2701 2178 2830 2215; x_wconf 91' lang='lat' dir='ltr'><strong>cum</strong></span> <span class='ocrx_word' id='word_1_362' title='bbox 2888 2164 3187 2216; x_wconf 90' lang='lat' dir='ltr'><strong>contectali</strong></span> <span class='ocrx_word' id='word_1_363' title='bbox 3229 2179 3333 2216; x_wconf 90' lang='lat' dir='ltr'><strong>sua</strong></span> <span class='ocrx_word' id='word_1_364' title='bbox 3380 2165 3644 2235; x_wconf 90' lang='lat' dir='ltr'><strong>suscepit.</strong></span> <span class='ocrx_word' id='word_1_365' title='bbox 3673 2165 3845 2218; x_wconf 86' lang='lat' dir='ltr'><strong>Prio-</strong></span> 
     </span>
    </p>
   </div>
   <div class='ocr_carea' id='block_1_50' title="bbox 2139 2251 3845 2322">
    <p class='ocr_par' dir='ltr' id='par_1_50' title="bbox 2139 2251 3845 2322">
     <span class='ocr_line' id='line_1_50' title="bbox 2139 2251 3845 2322; baseline 0.003 -20"><span class='ocrx_word' id='word_1_366' title='bbox 2139 2266 2260 2303; x_wconf 85' lang='lat' dir='ltr'><strong>rem</strong></span> <span class='ocrx_word' id='word_1_367' title='bbox 2290 2255 2480 2303; x_wconf 88' lang='lat' dir='ltr'><strong>autem</strong></span> <span class='ocrx_word' id='word_1_368' title='bbox 2509 2265 2778 2304; x_wconf 90' lang='lat' dir='ltr'><strong>coronam</strong></span> <span class='ocrx_word' id='word_1_369' title='bbox 2801 2267 2973 2320; x_wconf 87' lang='lat' dir='ltr'><strong>super</strong></span> <span class='ocrx_word' id='word_1_370' title='bbox 3001 2252 3175 2304; x_wconf 90' lang='lat' dir='ltr'><strong>altare</strong></span> <span class='ocrx_word' id='word_1_371' title='bbox 3221 2251 3502 2322; x_wconf 87' lang='lat' dir='ltr'><strong>Principis</strong></span> <span class='ocrx_word' id='word_1_372' title='bbox 3534 2255 3845 2320; x_wconf 82' lang='lat' dir='ltr'><strong>Apostolo-</strong></span> 
     </span>
    </p>
   </div>
   <div class='ocr_carea' id='block_1_51' title="bbox 2142 2339 3846 2411">
    <p class='ocr_par' dir='ltr' id='par_1_51' title="bbox 2142 2339 3846 2411">
     <span class='ocr_line' id='line_1_51' title="bbox 2142 2339 3846 2411; baseline 0.002 -19"><span class='ocrx_word' id='word_1_373' title='bbox 2142 2355 2266 2392; x_wconf 91' lang='lat' dir='ltr'><strong>rum</strong></span> <span class='ocrx_word' id='word_1_374' title='bbox 2296 2340 2566 2409; x_wconf 83' lang='lat' dir='ltr'><strong>suspendi</strong></span> <span class='ocrx_word' id='word_1_375' title='bbox 2595 2339 2884 2409; x_wconf 70' lang='lat' dir='ltr'><strong>prascepit.</strong></span> <span class='ocrx_word' id='word_1_376' title='bbox 2918 2340 3134 2394; x_wconf 90' lang='lat' dir='ltr'><strong>Eodem</strong></span> <span class='ocrx_word' id='word_1_377' title='bbox 3165 2339 3255 2394; x_wconf 85' lang='lat' dir='ltr'><strong>die</strong></span> <span class='ocrx_word' id='word_1_378' title='bbox 3301 2341 3454 2411; x_wconf 84' lang='lat' dir='ltr'><strong>Papa</strong></span> <span class='ocrx_word' id='word_1_379' title='bbox 3505 2342 3586 2394; x_wconf 90' lang='lat' dir='ltr'><strong>eis</strong></span> <span class='ocrx_word' id='word_1_380' title='bbox 3616 2358 3846 2396; x_wconf 82' lang='lat' dir='ltr'><strong>ccenam</strong></span> 
     </span>
    </p>
   </div>
   <div class='ocr_carea' id='block_1_52' title="bbox 2137 2427 3848 2499">
    <p class='ocr_par' dir='ltr' id='par_1_52' title="bbox 2137 2427 3848 2499">
     <span class='ocr_line' id='line_1_52' title="bbox 2137 2427 3848 2499; baseline 0.002 -19"><span class='ocrx_word' id='word_1_381' title='bbox 2137 2429 2206 2480; x_wconf 89' lang='lat' dir='ltr'><strong>ad</strong></span> <span class='ocrx_word' id='word_1_382' title='bbox 2243 2427 2582 2482; x_wconf 77' lang='lat' dir='ltr'><strong>Lateranum</strong></span> <span class='ocrx_word' id='word_1_383' title='bbox 2636 2427 2772 2481; x_wconf 87' lang='lat' dir='ltr'><strong>fecit</strong></span> <span class='ocrx_word' id='word_1_384' title='bbox 2817 2429 3130 2496; x_wconf 90' lang='lat' dir='ltr'><strong>copiosam.</strong></span> <span class='ocrx_word' id='word_1_385' title='bbox 3161 2449 3182 2476; x_wconf 73' lang='grc' dir='ltr'>ι</span> <span class='ocrx_word' id='word_1_386' title='bbox 3236 2428 3374 2492; x_wconf 68' lang='lat' dir='ltr'><strong>Quae</strong></span> <span class='ocrx_word' id='word_1_387' title='bbox 3430 2445 3599 2499; x_wconf 89' lang='lat' dir='ltr'><strong>porro</strong></span> <span class='ocrx_word' id='word_1_388' title='bbox 3656 2432 3848 2483; x_wconf 71' lang='lat' dir='ltr'><strong>turbas</strong></span> 
     </span>
    </p>
   </div>
   <div class='ocr_carea' id='block_1_53' title="bbox 2136 2514 3848 2586">
    <p class='ocr_par' dir='ltr' id='par_1_53' title="bbox 2136 2514 3848 2586">
     <span class='ocr_line' id='line_1_53' title="bbox 2136 2514 3848 2586; baseline 0.004 -18"><span class='ocrx_word' id='word_1_389' title='bbox 2136 2519 2330 2568; x_wconf 89' lang='lat' dir='ltr'><strong>octavo</strong></span> <span class='ocrx_word' id='word_1_390' title='bbox 2368 2515 2578 2568; x_wconf 90' lang='lat' dir='ltr'><strong>abhinc</strong></span> <span class='ocrx_word' id='word_1_391' title='bbox 2607 2514 2700 2568; x_wconf 91' lang='lat' dir='ltr'><strong>die</strong></span> <span class='ocrx_word' id='word_1_392' title='bbox 2750 2515 2942 2570; x_wconf 63' lang='lat' dir='ltr'><strong>Romae</strong></span> <span class='ocrx_word' id='word_1_393' title='bbox 2973 2521 3031 2569; x_wconf 90' lang='lat' dir='ltr'><strong>et</strong></span> <span class='ocrx_word' id='word_1_394' title='bbox 3067 2532 3100 2569; x_wconf 88' lang='lat' dir='ltr'><strong>a</strong></span> <span class='ocrx_word' id='word_1_395' title='bbox 3157 2516 3367 2586; x_wconf 89' lang='lat' dir='ltr'><strong>quibus</strong></span> <span class='ocrx_word' id='word_1_396' title='bbox 3413 2518 3692 2581; x_wconf 54' lang='lat' dir='ltr'><strong>excitatas,</strong></span> <span class='ocrx_word' id='word_1_397' title='bbox 3722 2536 3848 2574; x_wconf 91' lang='lat' dir='ltr'><strong>non</strong></span> 
     </span>
    </p>
   </div>
   <div class='ocr_carea' id='block_1_54' title="bbox 2137 2602 3848 2673">
    <p class='ocr_par' dir='ltr' id='par_1_54' title="bbox 2137 2602 3848 2673">
     <span class='ocr_line' id='line_1_54' title="bbox 2137 2602 3848 2673; baseline 0.004 -18"><span class='ocrx_word' id='word_1_398' title='bbox 2137 2607 2216 2656; x_wconf 90' lang='lat' dir='ltr'><strong>est</strong></span> <span class='ocrx_word' id='word_1_399' title='bbox 2278 2603 2450 2672; x_wconf 86' lang='lat' dir='ltr'><strong>hujus</strong></span> <span class='ocrx_word' id='word_1_400' title='bbox 2517 2602 2624 2656; x_wconf 92' lang='lat' dir='ltr'><strong>loci</strong></span> <span class='ocrx_word' id='word_1_401' title='bbox 2693 2602 3015 2656; x_wconf 83' lang='lat' dir='ltr'><strong>describere</strong></span> <span class='ocrx_word' id='word_1_402' title='bbox 3067 2618 3080 2656; x_wconf 72' lang='grc' dir='ltr'>ε</span> <span class='ocrx_word' id='word_1_403' title='bbox 3140 2604 3482 2673; x_wconf 88' lang='lat' dir='ltr'><strong>compendio</strong></span> <span class='ocrx_word' id='word_1_404' title='bbox 3558 2623 3659 2659; x_wconf 90' lang='lat' dir='ltr'><strong>sua</strong></span> <span class='ocrx_word' id='word_1_405' title='bbox 3707 2608 3848 2662; x_wconf 88' lang='lat' dir='ltr'><strong>inde</strong></span> 
     </span>
    </p>
   </div>
   <div class='ocr_carea' id='block_1_55' title="bbox 2135 2691 3846 2766">
    <p class='ocr_par' dir='ltr' id='par_1_55' title="bbox 2135 2691 3846 2766">
     <span class='ocr_line' id='line_1_55' title="bbox 2135 2691 3846 2766; baseline 0.004 -23"><span class='ocrx_word' id='word_1_406' title='bbox 2135 2691 2349 2762; x_wconf 84' lang='lat' dir='ltr'><strong>accepit</strong></span> <span class='ocrx_word' id='word_1_407' title='bbox 2396 2691 2876 2762; x_wconf 84' lang='lat' dir='ltr'><strong>Chronographus</strong></span> <span class='ocrx_word' id='word_1_408' title='bbox 2930 2691 3093 2756; x_wconf 86' lang='lat' dir='ltr'><strong>Saxo,</strong></span> <span class='ocrx_word' id='word_1_409' title='bbox 3149 2693 3554 2762; x_wconf 82' lang='lat' dir='ltr'><strong>imperatorem</strong></span> <span class='ocrx_word' id='word_1_410' title='bbox 3605 2695 3846 2766; x_wconf 86' lang='lat' dir='ltr'><strong>Papiam</strong></span> 
     </span>
    </p>
   </div>
   <div class='ocr_carea' id='block_1_56' title="bbox 2137 2779 3847 2846">
    <p class='ocr_par' dir='ltr' id='par_1_56' title="bbox 2137 2779 3847 2846">
     <span class='ocr_line' id='line_1_56' title="bbox 2137 2779 3847 2846; baseline 0.003 -14"><span class='ocrx_word' id='word_1_411' title='bbox 2137 2780 2415 2833; x_wconf 89' lang='lat' dir='ltr'><strong>reducens</strong></span> <span class='ocrx_word' id='word_1_412' title='bbox 2465 2779 2534 2832; x_wconf 90' lang='lat' dir='ltr'><strong>ad</strong></span> <span class='ocrx_word' id='word_1_413' title='bbox 2572 2779 3046 2833; x_wconf 85' lang='lat' dir='ltr'><strong>resurrectionem</strong></span> <span class='ocrx_word' id='word_1_414' title='bbox 3074 2779 3318 2846; x_wconf 90' lang='lat' dir='ltr'><strong>Domini,</strong></span> <span class='ocrx_word' id='word_1_415' title='bbox 3369 2782 3460 2834; x_wconf 89' lang='lat' dir='ltr'><strong>cui</strong></span> <span class='ocrx_word' id='word_1_416' title='bbox 3512 2782 3847 2838; x_wconf 89' lang='lat' dir='ltr'><strong>Chronicon</strong></span> 
     </span>
    </p>
   </div>
   <div class='ocr_carea' id='block_1_57' title="bbox 2137 2867 3844 2937">
    <p class='ocr_par' dir='ltr' id='par_1_57' title="bbox 2137 2867 3844 2937">
     <span class='ocr_line' id='line_1_57' title="bbox 2137 2867 3844 2937; baseline 0.003 -17"><span class='ocrx_word' id='word_1_417' title='bbox 2137 2867 2439 2922; x_wconf 86' lang='lat' dir='ltr'><strong>Casinense</strong></span> <span class='ocrx_word' id='word_1_418' title='bbox 2472 2867 2568 2920; x_wconf 89' lang='lat' dir='ltr'><strong>lib.</strong></span> <span class='ocrx_word' id='word_1_419' title='bbox 2593 2884 2670 2933; x_wconf 73' lang='lat' dir='ltr'><strong>ll,’</strong></span> <span class='ocrx_word' id='word_1_420' title='bbox 2697 2882 2743 2920; x_wconf 92' lang='lat' dir='ltr'><strong>c.</strong></span> <span class='ocrx_word' id='word_1_421' title='bbox 2777 2869 2864 2934; x_wconf 88' lang='lat'><strong>31,</strong></span> <span class='ocrx_word' id='word_1_422' title='bbox 2914 2867 3098 2937; x_wconf 88' lang='lat' dir='ltr'><strong>ipsam</strong></span> <span class='ocrx_word' id='word_1_423' title='bbox 3148 2867 3464 2922; x_wconf 84' lang='lat' dir='ltr'><strong>Romanam</strong></span> <span class='ocrx_word' id='word_1_424' title='bbox 3515 2872 3844 2925; x_wconf 89' lang='lat' dir='ltr'><strong>coronatio-</strong></span> 
     </span>
    </p>
   </div>
   <div class='ocr_carea' id='block_1_58' title="bbox 329 2946 3840 3025">
    <p class='ocr_par' dir='ltr' id='par_1_58' title="bbox 329 2946 3840 3025">
     <span class='ocr_line' id='line_1_58' title="bbox 329 2946 3840 3025; baseline 0.001 -21"><span class='ocrx_word' id='word_1_425' title='bbox 329 2950 778 3004; x_wconf 88' lang='lat' dir='ltr'><strong>Tusculanorum</strong></span> <span class='ocrx_word' id='word_1_426' title='bbox 837 2946 1110 2999; x_wconf 90' lang='lat' dir='ltr'><strong>comitum</strong></span> <span class='ocrx_word' id='word_1_427' title='bbox 1176 2946 1476 2999; x_wconf 89' lang='lat' dir='ltr'><strong>notissima</strong></span> <span class='ocrx_word' id='word_1_428' title='bbox 1543 2961 1646 3015; x_wconf 89' lang='lat' dir='ltr'><strong>per</strong></span> <span class='ocrx_word' id='word_1_429' title='bbox 1697 2946 1757 2999; x_wconf 88' lang='lat' dir='ltr'><strong>id</strong></span> <span class='ocrx_word' id='word_1_430' title='bbox 1804 2951 2032 3017; x_wconf 87' lang='lat' dir='ltr'><strong>tempus</strong></span> <span class='ocrx_word' id='word_1_431' title='bbox 2064 2949 2105 3004; x_wconf 89' lang='lat' dir='ltr'><strong><em>C</em></strong></span> <span class='ocrx_word' id='word_1_432' title='bbox 2143 2971 2273 3008; x_wconf 79' lang='lat' dir='ltr'><strong>nem</strong></span> <span class='ocrx_word' id='word_1_433' title='bbox 2307 2955 2507 3025; x_wconf 74' lang='lat' dir='ltr'><strong>afﬁgit,</strong></span> <span class='ocrx_word' id='word_1_434' title='bbox 2551 2955 2699 3025; x_wconf 84' lang='lat' dir='ltr'><strong>quod</strong></span> <span class='ocrx_word' id='word_1_435' title='bbox 2753 2954 2872 3024; x_wconf 82' lang='lat' dir='ltr'><strong>jam</strong></span> <span class='ocrx_word' id='word_1_436' title='bbox 2917 2955 3053 3009; x_wconf 69' lang='lat' dir='ltr'><strong>alibi</strong></span> <span class='ocrx_word' id='word_1_437' title='bbox 3095 2971 3128 3008; x_wconf 85' lang='lat' dir='ltr'><strong>a</strong></span> <span class='ocrx_word' id='word_1_438' title='bbox 3178 2956 3342 3009; x_wconf 78' lang='lat' dir='ltr'><strong>nobis</strong></span> <span class='ocrx_word' id='word_1_439' title='bbox 3389 2958 3697 3014; x_wconf 68' lang='lat' dir='ltr'><strong>refutatum</strong></span> <span class='ocrx_word' id='word_1_440' title='bbox 3729 2967 3840 3015; x_wconf 67' lang='lat' dir='ltr'><strong>est.</strong></span> 
     </span>
    </p>
   </div>
   <div class='ocr_carea' id='block_1_59' title="bbox 330 3033 2030 3106">
    <p class='ocr_par' dir='ltr' id='par_1_59' title="bbox 330 3033 2030 3106">
     <span class='ocr_line' id='line_1_59' title="bbox 330 3033 2030 3106; baseline -0.001 -17"><span class='ocrx_word' id='word_1_441' title='bbox 330 3035 590 3106; x_wconf 89' lang='lat' dir='ltr'><strong>potentia</strong></span> <span class='ocrx_word' id='word_1_442' title='bbox 641 3033 912 3087; x_wconf 84' lang='lat' dir='ltr'><strong>facillime</strong></span> <span class='ocrx_word' id='word_1_443' title='bbox 974 3034 1147 3086; x_wconf 88' lang='lat' dir='ltr'><strong>etiam</strong></span> <span class='ocrx_word' id='word_1_444' title='bbox 1211 3033 1383 3086; x_wconf 90' lang='lat' dir='ltr'><strong>armis</strong></span> <span class='ocrx_word' id='word_1_445' title='bbox 1453 3033 1766 3102; x_wconf 61' lang='lat' dir='ltr'><strong>praevalere</strong></span> <span class='ocrx_word' id='word_1_446' title='bbox 1819 3035 2030 3104; x_wconf 89' lang='lat' dir='ltr'><strong>potuit,</strong></span> 
     </span>
    </p>
   </div>
   <div class='ocr_carea' id='block_1_60' title="bbox 331 3120 2033 3194">
    <p class='ocr_par' dir='ltr' id='par_1_60' title="bbox 331 3120 2033 3194">
     <span class='ocr_line' id='line_1_60' title="bbox 331 3120 2033 3194; baseline 0 -17"><span class='ocrx_word' id='word_1_447' title='bbox 331 3124 600 3178; x_wconf 89' lang='lat' dir='ltr'><strong>adversus</strong></span> <span class='ocrx_word' id='word_1_448' title='bbox 653 3121 890 3174; x_wconf 91' lang='lat' dir='ltr'><strong>minoris</strong></span> <span class='ocrx_word' id='word_1_449' title='bbox 936 3127 1085 3174; x_wconf 78' lang='lat' dir='ltr'><strong>notae</strong></span> <span class='ocrx_word' id='word_1_450' title='bbox 1161 3120 1455 3175; x_wconf 89' lang='lat' dir='ltr'><strong>hominem</strong></span> <span class='ocrx_word' id='word_1_451' title='bbox 1513 3121 1873 3192; x_wconf 87' lang='lat' dir='ltr'><strong>Gregorium,</strong></span> <span class='ocrx_word' id='word_1_452' title='bbox 1934 3123 2033 3194; x_wconf 91' lang='lat' dir='ltr'><strong>qui</strong></span> 
     </span>
    </p>
   </div>
   <div class='ocr_carea' id='block_1_61' title="bbox 333 3208 1658 3280">
    <p class='ocr_par' dir='ltr' id='par_1_61' title="bbox 333 3208 1658 3280">
     <span class='ocr_line' id='line_1_61' title="bbox 333 3208 1658 3280; baseline -0.001 -16"><span class='ocrx_word' id='word_1_453' title='bbox 333 3219 565 3264; x_wconf 89' lang='lat' dir='ltr'><strong>externa</strong></span> <span class='ocrx_word' id='word_1_454' title='bbox 629 3208 839 3263; x_wconf 88' lang='lat' dir='ltr'><strong>auxilia</strong></span> <span class='ocrx_word' id='word_1_455' title='bbox 917 3209 1226 3279; x_wconf 88' lang='lat' dir='ltr'><strong>implorare</strong></span> <span class='ocrx_word' id='word_1_456' title='bbox 1311 3209 1658 3280; x_wconf 90' lang='lat' dir='ltr'><strong>compulsus,</strong></span> 
     </span>
    </p>
   </div>
   <div class='ocr_carea' id='block_1_62' title="bbox 331 3296 1145 3353">
    <p class='ocr_par' dir='ltr' id='par_1_62' title="bbox 331 3296 1145 3353">
     <span class='ocr_line' id='line_1_62' title="bbox 331 3296 1145 3353; baseline -0.004 0"><span class='ocrx_word' id='word_1_457' title='bbox 331 3299 534 3353; x_wconf 90' lang='lat' dir='ltr'><strong>Sancto</strong></span> <span class='ocrx_word' id='word_1_458' title='bbox 561 3296 860 3352; x_wconf 90' lang='lat' dir='ltr'><strong>exauditus</strong></span> <span class='ocrx_word' id='word_1_459' title='bbox 889 3313 1007 3351; x_wconf 88' lang='lat' dir='ltr'><strong>non</strong></span> <span class='ocrx_word' id='word_1_460' title='bbox 1056 3296 1145 3350; x_wconf 87' lang='lat' dir='ltr'><strong>sit.</strong></span> 
     </span>
    </p>
   </div>
   <div class='ocr_carea' id='block_1_63' title="bbox 407 3384 2032 3457">
    <p class='ocr_par' dir='ltr' id='par_1_63' title="bbox 407 3384 2032 3457">
     <span class='ocr_line' id='line_1_63' title="bbox 407 3384 2032 3457; baseline 0.001 -17"><span class='ocrx_word' id='word_1_461' title='bbox 407 3389 528 3441; x_wconf 67' lang='lat'><strong>429.</strong></span> <span class='ocrx_word' id='word_1_462' title='bbox 577 3385 759 3439; x_wconf 84' lang='lat' dir='ltr'><strong>Verbo</strong></span> <span class='ocrx_word' id='word_1_463' title='bbox 797 3385 1002 3450; x_wconf 89' lang='lat' dir='ltr'><strong>dicam,</strong></span> <span class='ocrx_word' id='word_1_464' title='bbox 1032 3401 1149 3438; x_wconf 91' lang='lat' dir='ltr'><strong>non</strong></span> <span class='ocrx_word' id='word_1_465' title='bbox 1182 3384 1251 3438; x_wconf 89' lang='lat' dir='ltr'><strong>de</strong></span> <span class='ocrx_word' id='word_1_466' title='bbox 1302 3385 1577 3440; x_wconf 89' lang='lat' dir='ltr'><strong>electione</strong></span> <span class='ocrx_word' id='word_1_467' title='bbox 1616 3387 1904 3457; x_wconf 71' lang='lat' dir='ltr'><strong>pontificis</strong></span> <span class='ocrx_word' id='word_1_468' title='bbox 1933 3395 2032 3442; x_wconf 90' lang='lat' dir='ltr'><strong>aut</strong></span> 
     </span>
    </p>
   </div>
   <div class='ocr_carea' id='block_1_64' title="bbox 333 3472 2029 3543">
    <p class='ocr_par' dir='ltr' id='par_1_64' title="bbox 333 3472 2029 3543">
     <span class='ocr_line' id='line_1_64' title="bbox 333 3472 2029 3543; baseline 0.001 -15"><span class='ocrx_word' id='word_1_469' title='bbox 333 3475 404 3528; x_wconf 93' lang='lat' dir='ltr'><strong>de</strong></span> <span class='ocrx_word' id='word_1_470' title='bbox 434 3474 734 3528; x_wconf 69' lang='lat' dir='ltr'><strong>schismate</strong></span> <span class='ocrx_word' id='word_1_471' title='bbox 765 3489 831 3526; x_wconf 87' lang='lat' dir='ltr'><strong>ea</strong></span> <span class='ocrx_word' id='word_1_472' title='bbox 850 3489 1019 3526; x_wconf 87' lang='lat' dir='ltr'><strong>causa</strong></span> <span class='ocrx_word' id='word_1_473' title='bbox 1065 3480 1262 3526; x_wconf 89' lang='lat' dir='ltr'><strong>exorto</strong></span> <span class='ocrx_word' id='word_1_474' title='bbox 1289 3472 1368 3526; x_wconf 90' lang='lat' dir='ltr'><strong>ibi</strong></span> <span class='ocrx_word' id='word_1_475' title='bbox 1420 3474 1540 3543; x_wconf 90' lang='lat' dir='ltr'><strong>agit</strong></span> <span class='ocrx_word' id='word_1_476' title='bbox 1597 3474 1902 3542; x_wconf 89' lang='lat' dir='ltr'><strong>Ditmarus,</strong></span> <span class='ocrx_word' id='word_1_477' title='bbox 1933 3477 2029 3530; x_wconf 88' lang='lat' dir='ltr'><strong>sed</strong></span> 
     </span>
    </p>
   </div>
   <div class='ocr_carea' id='block_1_65' title="bbox 334 3557 2032 3631">
    <p class='ocr_par' dir='ltr' id='par_1_65' title="bbox 334 3557 2032 3631">
     <span class='ocr_line' id='line_1_65' title="bbox 334 3557 2032 3631; baseline 0.002 -17"><span class='ocrx_word' id='word_1_478' title='bbox 334 3577 402 3616; x_wconf 86' lang='lat' dir='ltr'><strong>ea</strong></span> <span class='ocrx_word' id='word_1_479' title='bbox 431 3557 702 3631; x_wconf 86' lang='lat' dir='ltr'><strong>expendit</strong></span> <span class='ocrx_word' id='word_1_480' title='bbox 751 3561 1114 3630; x_wconf 89' lang='lat' dir='ltr'><strong>potissimum</strong></span> <span class='ocrx_word' id='word_1_481' title='bbox 1164 3577 1293 3630; x_wconf 69' lang='lat' dir='ltr'><strong>quae</strong></span> <span class='ocrx_word' id='word_1_482' title='bbox 1345 3561 1588 3615; x_wconf 83' lang='lat' dir='ltr'><strong>Romani</strong></span> <span class='ocrx_word' id='word_1_483' title='bbox 1640 3563 1945 3617; x_wconf 78' lang='lat' dir='ltr'><strong>Pontiﬁces</strong></span> <span class='ocrx_word' id='word_1_484' title='bbox 1976 3570 2032 3618; x_wconf 90' lang='lat' dir='ltr'><strong>et</strong></span> 
     </span>
    </p>
   </div>
   <div class='ocr_carea' id='block_1_66' title="bbox 330 3647 2028 3718">
    <p class='ocr_par' dir='ltr' id='par_1_66' title="bbox 330 3647 2028 3718">
     <span class='ocr_line' id='line_1_66' title="bbox 330 3647 2028 3718; baseline 0.002 -17"><span class='ocrx_word' id='word_1_485' title='bbox 330 3649 386 3703; x_wconf 91' lang='lat' dir='ltr'><strong>S.</strong></span> <span class='ocrx_word' id='word_1_486' title='bbox 429 3649 705 3702; x_wconf 85' lang='lat' dir='ltr'><strong>Henricus</strong></span> <span class='ocrx_word' id='word_1_487' title='bbox 732 3648 792 3700; x_wconf 91' lang='lat' dir='ltr'><strong>in</strong></span> <span class='ocrx_word' id='word_1_488' title='bbox 855 3647 1112 3701; x_wconf 68' lang='lat' dir='ltr'><strong>Ecclesiae</strong></span> <span class='ocrx_word' id='word_1_489' title='bbox 1153 3654 1525 3716; x_wconf 88' lang='lat' dir='ltr'><strong>augmentum</strong></span> <span class='ocrx_word' id='word_1_490' title='bbox 1579 3653 1634 3702; x_wconf 91' lang='lat' dir='ltr'><strong>et</strong></span> <span class='ocrx_word' id='word_1_491' title='bbox 1664 3650 2028 3718; x_wconf 86' lang='lat' dir='ltr'><strong>splendorem</strong></span> 
     </span>
    </p>
   </div>
   <div class='ocr_carea' id='block_1_67' title="bbox 331 3736 2028 3806">
    <p class='ocr_par' dir='ltr' id='par_1_67' title="bbox 331 3736 2028 3806">
     <span class='ocr_line' id='line_1_67' title="bbox 331 3736 2028 3806; baseline 0 -18"><span class='ocrx_word' id='word_1_492' title='bbox 331 3736 589 3789; x_wconf 89' lang='lat' dir='ltr'><strong>certatim</strong></span> <span class='ocrx_word' id='word_1_493' title='bbox 656 3736 1086 3800; x_wconf 88' lang='lat' dir='ltr'><strong>contulerunt;</strong></span> <span class='ocrx_word' id='word_1_494' title='bbox 1155 3750 1226 3786; x_wconf 82' lang='lat' dir='ltr'><strong>en</strong></span> <span class='ocrx_word' id='word_1_495' title='bbox 1297 3736 1493 3787; x_wconf 89' lang='lat' dir='ltr'><strong>ultima</strong></span> <span class='ocrx_word' id='word_1_496' title='bbox 1585 3737 1756 3789; x_wconf 88' lang='lat' dir='ltr'><strong>verba</strong></span> <span class='ocrx_word' id='word_1_497' title='bbox 1821 3737 2028 3806; x_wconf 86' lang='lat' dir='ltr'><strong>quibus</strong></span> 
     </span>
    </p>
   </div>
   <div class='ocr_carea' id='block_1_68' title="bbox 331 3821 2024 3878">
    <p class='ocr_par' dir='ltr' id='par_1_68' title="bbox 331 3821 2024 3878">
     <span class='ocr_line' id='line_1_68' title="bbox 331 3821 2024 3878; baseline 0.001 -2"><span class='ocrx_word' id='word_1_498' title='bbox 331 3822 538 3876; x_wconf 90' lang='lat' dir='ltr'><strong>librum</strong></span> <span class='ocrx_word' id='word_1_499' title='bbox 598 3828 818 3876; x_wconf 89' lang='lat' dir='ltr'><strong>sextum</strong></span> <span class='ocrx_word' id='word_1_500' title='bbox 866 3821 1191 3875; x_wconf 90' lang='lat' dir='ltr'><strong>concludit:</strong></span> <span class='ocrx_word' id='word_1_501' title='bbox 1242 3842 1263 3869; x_wconf 78' lang='grc' dir='ltr'>ι</span> <span class='ocrx_word' id='word_1_502' title='bbox 1332 3822 1604 3875; x_wconf 90' lang='lat' dir='ltr'><strong>Henricus</strong></span> <span class='ocrx_word' id='word_1_503' title='bbox 1662 3823 1873 3877; x_wconf 84' lang='lat' dir='ltr'><strong>etenim</strong></span> <span class='ocrx_word' id='word_1_504' title='bbox 1931 3841 2024 3878; x_wconf 83' lang='lat' dir='ltr'><strong>rex</strong></span> 
     </span>
    </p>
   </div>
   <div class='ocr_carea' id='block_1_69' title="bbox 331 3909 2025 3977">
    <p class='ocr_par' dir='ltr' id='par_1_69' title="bbox 331 3909 2025 3977">
     <span class='ocr_line' id='line_1_69' title="bbox 331 3909 2025 3977; baseline 0.001 -13"><span class='ocrx_word' id='word_1_505' title='bbox 331 3911 624 3964; x_wconf 84' lang='lat' dir='ltr'><strong>ecclesiam</strong></span> <span class='ocrx_word' id='word_1_506' title='bbox 684 3909 913 3962; x_wconf 85' lang='lat' dir='ltr'><strong>adauxit</strong></span> <span class='ocrx_word' id='word_1_507' title='bbox 973 3914 1225 3962; x_wconf 88' lang='lat' dir='ltr'><strong>nostram</strong></span> <span class='ocrx_word' id='word_1_508' title='bbox 1281 3910 1478 3962; x_wconf 73' lang='lat' dir='ltr'><strong>multis</strong></span> <span class='ocrx_word' id='word_1_509' title='bbox 1532 3909 1891 3977; x_wconf 87' lang='lat' dir='ltr'><strong>utilitatibus,</strong></span> <span class='ocrx_word' id='word_1_510' title='bbox 1940 3912 2025 3966; x_wconf 91' lang='lat' dir='ltr'><strong>in-</strong></span> 
     </span>
    </p>
   </div>
   <div class='ocr_carea' id='block_1_70' title="bbox 329 3996 2022 4069">
    <p class='ocr_par' dir='ltr' id='par_1_70' title="bbox 329 3996 2022 4069">
     <span class='ocr_line' id='line_1_70' title="bbox 329 3996 2022 4069; baseline 0.002 -19"><span class='ocrx_word' id='word_1_511' title='bbox 329 3999 533 4068; x_wconf 90' lang='lat' dir='ltr'><strong>primis</strong></span> <span class='ocrx_word' id='word_1_512' title='bbox 561 3997 752 4051; x_wconf 86' lang='lat' dir='ltr'><strong>divino</strong></span> <span class='ocrx_word' id='word_1_513' title='bbox 785 4002 1085 4067; x_wconf 88' lang='lat' dir='ltr'><strong>apparatu,</strong></span> <span class='ocrx_word' id='word_1_514' title='bbox 1145 4000 1200 4049; x_wconf 89' lang='lat' dir='ltr'><strong>et</strong></span> <span class='ocrx_word' id='word_1_515' title='bbox 1229 3997 1297 4050; x_wconf 92' lang='lat' dir='ltr'><strong>de</strong></span> <span class='ocrx_word' id='word_1_516' title='bbox 1329 3996 1600 4050; x_wconf 89' lang='lat' dir='ltr'><strong>omnibus</strong></span> <span class='ocrx_word' id='word_1_517' title='bbox 1651 3998 1826 4051; x_wconf 87' lang='lat' dir='ltr'><strong>curtis</strong></span> <span class='ocrx_word' id='word_1_518' title='bbox 1853 4015 2022 4069; x_wconf 85' lang='lat' dir='ltr'><strong>quam</strong></span> 
     </span>
    </p>
   </div>
   <div class='ocr_carea' id='block_1_71' title="bbox 327 4084 2026 4153">
    <p class='ocr_par' dir='ltr' id='par_1_71' title="bbox 327 4084 2026 4153">
     <span class='ocr_line' id='line_1_71' title="bbox 327 4084 2026 4153; baseline 0.001 -14"><span class='ocrx_word' id='word_1_519' title='bbox 327 4086 388 4140; x_wconf 89' lang='lat' dir='ltr'><strong>in</strong></span> <span class='ocrx_word' id='word_1_520' title='bbox 419 4085 687 4153; x_wconf 84' lang='lat' dir='ltr'><strong>Turingia</strong></span> <span class='ocrx_word' id='word_1_521' title='bbox 721 4090 777 4138; x_wconf 90' lang='lat' dir='ltr'><strong>et</strong></span> <span class='ocrx_word' id='word_1_522' title='bbox 835 4084 1078 4138; x_wconf 89' lang='lat' dir='ltr'><strong>Saxonia</strong></span> <span class='ocrx_word' id='word_1_523' title='bbox 1127 4084 1349 4152; x_wconf 85' lang='lat' dir='ltr'><strong>habuit,</strong></span> <span class='ocrx_word' id='word_1_524' title='bbox 1408 4085 1550 4138; x_wconf 87' lang='lat' dir='ltr'><strong>duas</strong></span> <span class='ocrx_word' id='word_1_525' title='bbox 1601 4085 1763 4138; x_wconf 90' lang='lat' dir='ltr'><strong>nobis</strong></span> <span class='ocrx_word' id='word_1_526' title='bbox 1793 4087 2026 4142; x_wconf 89' lang='lat' dir='ltr'><strong>tradidit</strong></span> 
     </span>
    </p>
   </div>
   <div class='ocr_carea' id='block_1_72' title="bbox 327 4172 2018 4242">
    <p class='ocr_par' dir='ltr' id='par_1_72' title="bbox 327 4172 2018 4242">
     <span class='ocr_line' id='line_1_72' title="bbox 327 4172 2018 4242; baseline 0.001 -15"><span class='ocrx_word' id='word_1_527' title='bbox 327 4173 594 4228; x_wconf 84' lang='lat' dir='ltr'><strong>familias.</strong></span> <span class='ocrx_word' id='word_1_528' title='bbox 622 4173 986 4242; x_wconf 83' lang='lat' dir='ltr'><strong>Evangelium</strong></span> <span class='ocrx_word' id='word_1_529' title='bbox 1017 4187 1155 4224; x_wconf 90' lang='lat' dir='ltr'><strong>auro</strong></span> <span class='ocrx_word' id='word_1_530' title='bbox 1195 4177 1248 4225; x_wconf 89' lang='lat' dir='ltr'><strong>et</strong></span> <span class='ocrx_word' id='word_1_531' title='bbox 1305 4172 1499 4226; x_wconf 89' lang='lat' dir='ltr'><strong>tabula</strong></span> <span class='ocrx_word' id='word_1_532' title='bbox 1547 4179 1812 4226; x_wconf 87' lang='lat' dir='ltr'><strong>ornatum</strong></span> <span class='ocrx_word' id='word_1_533' title='bbox 1853 4175 2018 4229; x_wconf 90' lang='lat' dir='ltr'><strong>ebur-</strong></span> 
     </span>
    </p>
   </div>
   <div class='ocr_carea' id='block_1_73' title="bbox 326 4262 2014 4333">
    <p class='ocr_par' dir='ltr' id='par_1_73' title="bbox 326 4262 2014 4333">
     <span class='ocr_line' id='line_1_73' title="bbox 326 4262 2014 4333; baseline 0.001 -17"><span class='ocrx_word' id='word_1_534' title='bbox 326 4278 454 4328; x_wconf 90' lang='lat' dir='ltr'><strong>nea,</strong></span> <span class='ocrx_word' id='word_1_535' title='bbox 474 4267 530 4316; x_wconf 89' lang='lat' dir='ltr'><strong>et</strong></span> <span class='ocrx_word' id='word_1_536' title='bbox 556 4262 786 4315; x_wconf 90' lang='lat' dir='ltr'><strong>calicem</strong></span> <span class='ocrx_word' id='word_1_537' title='bbox 813 4277 1052 4314; x_wconf 90' lang='lat' dir='ltr'><strong>aureum</strong></span> <span class='ocrx_word' id='word_1_538' title='bbox 1087 4266 1258 4332; x_wconf 90' lang='lat' dir='ltr'><strong>atque</strong></span> <span class='ocrx_word' id='word_1_539' title='bbox 1289 4265 1643 4330; x_wconf 90' lang='lat' dir='ltr'><strong>gemmatum</strong></span> <span class='ocrx_word' id='word_1_540' title='bbox 1669 4277 1794 4315; x_wconf 91' lang='lat' dir='ltr'><strong>cum</strong></span> <span class='ocrx_word' id='word_1_541' title='bbox 1824 4265 2014 4333; x_wconf 88' lang='lat' dir='ltr'><strong>patina</strong></span> 
     </span>
    </p>
   </div>
   <div class='ocr_carea' id='block_1_74' title="bbox 326 4349 2023 4422">
    <p class='ocr_par' dir='ltr' id='par_1_74' title="bbox 326 4349 2023 4422">
     <span class='ocr_line' id='line_1_74' title="bbox 326 4349 2023 4422; baseline 0.003 -20"><span class='ocrx_word' id='word_1_542' title='bbox 326 4354 382 4403; x_wconf 91' lang='lat' dir='ltr'><strong>et</strong></span> <span class='ocrx_word' id='word_1_543' title='bbox 410 4351 632 4416; x_wconf 84' lang='lat' dir='ltr'><strong>tistula;</strong></span> <span class='ocrx_word' id='word_1_544' title='bbox 674 4350 810 4403; x_wconf 91' lang='lat' dir='ltr'><strong>item</strong></span> <span class='ocrx_word' id='word_1_545' title='bbox 867 4365 1062 4403; x_wconf 89' lang='lat' dir='ltr'><strong>cruces</strong></span> <span class='ocrx_word' id='word_1_546' title='bbox 1110 4349 1252 4402; x_wconf 89' lang='lat' dir='ltr'><strong>duas</strong></span> <span class='ocrx_word' id='word_1_547' title='bbox 1301 4353 1356 4402; x_wconf 84' lang='lat' dir='ltr'><strong>et</strong></span> <span class='ocrx_word' id='word_1_548' title='bbox 1385 4349 1614 4419; x_wconf 88' lang='lat' dir='ltr'><strong>capulas</strong></span> <span class='ocrx_word' id='word_1_549' title='bbox 1672 4365 1739 4402; x_wconf 85' lang='lat' dir='ltr'><strong>ex</strong></span> <span class='ocrx_word' id='word_1_550' title='bbox 1787 4361 2023 4422; x_wconf 90' lang='lat' dir='ltr'><strong>argento</strong></span> 
     </span>
    </p>
   </div>
   <div class='ocr_carea' id='block_1_75' title="bbox 323 4436 2021 4506">
    <p class='ocr_par' dir='ltr' id='par_1_75' title="bbox 323 4436 2021 4506">
     <span class='ocr_line' id='line_1_75' title="bbox 323 4436 2021 4506; baseline 0.002 -16"><span class='ocrx_word' id='word_1_551' title='bbox 323 4437 520 4503; x_wconf 86' lang='lat' dir='ltr'><strong>factas,</strong></span> <span class='ocrx_word' id='word_1_552' title='bbox 555 4443 611 4490; x_wconf 90' lang='lat' dir='ltr'><strong>et</strong></span> <span class='ocrx_word' id='word_1_553' title='bbox 641 4453 916 4506; x_wconf 90' lang='lat' dir='ltr'><strong>magnum</strong></span> <span class='ocrx_word' id='word_1_554' title='bbox 957 4436 1190 4490; x_wconf 90' lang='lat' dir='ltr'><strong>calicem</strong></span> <span class='ocrx_word' id='word_1_555' title='bbox 1239 4453 1301 4490; x_wconf 87' lang='lat' dir='ltr'><strong>ex</strong></span> <span class='ocrx_word' id='word_1_556' title='bbox 1336 4437 1535 4490; x_wconf 90' lang='lat' dir='ltr'><strong>eodem</strong></span> <span class='ocrx_word' id='word_1_557' title='bbox 1585 4439 1837 4504; x_wconf 89' lang='lat' dir='ltr'><strong>metallo,</strong></span> <span class='ocrx_word' id='word_1_558' title='bbox 1892 4457 2021 4496; x_wconf 91' lang='lat' dir='ltr'><strong>cum</strong></span> 
     </span>
    </p>
   </div>
   <div class='ocr_carea' id='block_1_76' title="bbox 323 4524 2022 4596">
    <p class='ocr_par' dir='ltr' id='par_1_76' title="bbox 323 4524 2022 4596">
     <span class='ocr_line' id='line_1_76' title="bbox 323 4524 2022 4596; baseline 0.003 -18"><span class='ocrx_word' id='word_1_559' title='bbox 323 4525 521 4594; x_wconf 88' lang='lat' dir='ltr'><strong>patina</strong></span> <span class='ocrx_word' id='word_1_560' title='bbox 545 4525 710 4578; x_wconf 88' lang='lat' dir='ltr'><strong>simul</strong></span> <span class='ocrx_word' id='word_1_561' title='bbox 755 4529 813 4577; x_wconf 90' lang='lat' dir='ltr'><strong>et</strong></span> <span class='ocrx_word' id='word_1_562' title='bbox 849 4524 1038 4577; x_wconf 83' lang='lat' dir='ltr'><strong>tistula</strong></span> <span class='ocrx_word' id='word_1_563' title='bbox 1066 4524 1240 4578; x_wconf 88' lang='lat' dir='ltr'><strong>dedit.</strong></span> <span class='ocrx_word' id='word_1_564' title='bbox 1284 4524 1570 4594; x_wconf 79' lang='lat' dir='ltr'><strong>Quidquid</strong></span> <span class='ocrx_word' id='word_1_565' title='bbox 1593 4525 1661 4596; x_wconf 85' lang='lat' dir='ltr'><strong>in</strong></span> <span class='ocrx_word' id='word_1_566' title='bbox 1695 4527 1922 4596; x_wconf 69' lang='lat' dir='ltr'><strong>prmdiis</strong></span> <span class='ocrx_word' id='word_1_567' title='bbox 1953 4531 2022 4583; x_wconf 89' lang='lat' dir='ltr'><strong>ab</strong></span> 
     </span>
    </p>
   </div>
   <div class='ocr_carea' id='block_1_77' title="bbox 319 4611 2022 4684">
    <p class='ocr_par' dir='ltr' id='par_1_77' title="bbox 319 4611 2022 4684">
     <span class='ocr_line' id='line_1_77' title="bbox 319 4611 2022 4684; baseline 0.004 -20"><span class='ocrx_word' id='word_1_568' title='bbox 319 4611 818 4666; x_wconf 89' lang='lat' dir='ltr'><strong>intercessorsibus</strong></span> <span class='ocrx_word' id='word_1_569' title='bbox 850 4613 988 4665; x_wconf 88' lang='lat' dir='ltr'><strong>meis</strong></span> <span class='ocrx_word' id='word_1_570' title='bbox 1041 4613 1364 4680; x_wconf 90' lang='lat' dir='ltr'><strong>neglectum</strong></span> <span class='ocrx_word' id='word_1_571' title='bbox 1397 4619 1536 4678; x_wconf 82' lang='lat' dir='ltr'><strong>erat,</strong></span> <span class='ocrx_word' id='word_1_572' title='bbox 1595 4621 1882 4684; x_wconf 63' lang='lat' dir='ltr'><strong>praecepto</strong></span> <span class='ocrx_word' id='word_1_573' title='bbox 1927 4634 2022 4670; x_wconf 88' lang='lat' dir='ltr'><strong>re-</strong></span> 
     </span>
    </p>
   </div>
   <div class='ocr_carea' id='block_1_78' title="bbox 321 4698 2020 4768">
    <p class='ocr_par' dir='ltr' id='par_1_78' title="bbox 321 4698 2020 4768">
     <span class='ocr_line' id='line_1_78' title="bbox 321 4698 2020 4768; baseline 0.004 -16"><span class='ocrx_word' id='word_1_574' title='bbox 321 4704 652 4764; x_wconf 85' lang='lat' dir='ltr'><strong>novarat;»</strong></span> <span class='ocrx_word' id='word_1_575' title='bbox 709 4703 775 4752; x_wconf 89' lang='lat' dir='ltr'><strong>ut</strong></span> <span class='ocrx_word' id='word_1_576' title='bbox 827 4699 903 4752; x_wconf 86' lang='lat' dir='ltr'><strong>ita</strong></span> <span class='ocrx_word' id='word_1_577' title='bbox 927 4703 983 4752; x_wconf 89' lang='lat' dir='ltr'><strong>et</strong></span> <span class='ocrx_word' id='word_1_578' title='bbox 1041 4698 1210 4768; x_wconf 87' lang='lat' dir='ltr'><strong>hujus</strong></span> <span class='ocrx_word' id='word_1_579' title='bbox 1265 4700 1513 4753; x_wconf 72' lang='lat' dir='ltr'><strong>ecclesia:</strong></span> <span class='ocrx_word' id='word_1_580' title='bbox 1566 4716 1680 4753; x_wconf 90' lang='lat' dir='ltr'><strong>non</strong></span> <span class='ocrx_word' id='word_1_581' title='bbox 1714 4703 1898 4756; x_wconf 90' lang='lat' dir='ltr'><strong>solum</strong></span> <span class='ocrx_word' id='word_1_582' title='bbox 1930 4721 2020 4758; x_wconf 90' lang='lat' dir='ltr'><strong>re-</strong></span> 
     </span>
    </p>
   </div>
   <div class='ocr_carea' id='block_1_79' title="bbox 323 4785 2017 4858">
    <p class='ocr_par' dir='ltr' id='par_1_79' title="bbox 323 4785 2017 4858">
     <span class='ocr_line' id='line_1_79' title="bbox 323 4785 2017 4858; baseline 0.004 -20"><span class='ocrx_word' id='word_1_583' title='bbox 323 4791 624 4848; x_wconf 83' lang='lat' dir='ltr'><strong>staurator,</strong></span> <span class='ocrx_word' id='word_1_584' title='bbox 704 4785 801 4840; x_wconf 90' lang='lat' dir='ltr'><strong>sed</strong></span> <span class='ocrx_word' id='word_1_585' title='bbox 879 4791 935 4840; x_wconf 91' lang='lat' dir='ltr'><strong>et</strong></span> <span class='ocrx_word' id='word_1_586' title='bbox 1016 4785 1286 4840; x_wconf 83' lang='lat' dir='ltr'><strong>fundator</strong></span> <span class='ocrx_word' id='word_1_587' title='bbox 1368 4787 1642 4858; x_wconf 90' lang='lat' dir='ltr'><strong>appellari</strong></span> <span class='ocrx_word' id='word_1_588' title='bbox 1711 4797 2017 4856; x_wconf 84' lang='lat' dir='ltr'><strong>mereatur,</strong></span> 
     </span>
    </p>
   </div>
   <div class='ocr_carea' id='block_1_80' title="bbox 1744 3227 2033 3267">
    <p class='ocr_par' dir='ltr' id='par_1_80' title="bbox 1744 3227 2033 3267">
     <span class='ocr_line' id='line_1_80' title="bbox 1744 3227 2033 3267; baseline 0.01 -3"><span class='ocrx_word' id='word_1_589' title='bbox 1744 3227 1943 3265; x_wconf 90' lang='lat' dir='ltr'><strong>verum</strong></span> <span class='ocrx_word' id='word_1_590' title='bbox 2001 3229 2033 3267; x_wconf 67' lang='grc' dir='ltr'><em>ἃ</em></span> 
     </span>
    </p>
   </div>
   <div class='ocr_carea' id='block_1_81' title="bbox 320 4874 2018 4944">
    <p class='ocr_par' dir='ltr' id='par_1_81' title="bbox 320 4874 2018 4944">
     <span class='ocr_line' id='line_1_81' title="bbox 320 4874 2018 4944; baseline 0.004 -17"><span class='ocrx_word' id='word_1_591' title='bbox 320 4874 804 4944; x_wconf 87' lang='lat' dir='ltr'><strong>quemadmodum</strong></span> <span class='ocrx_word' id='word_1_592' title='bbox 867 4880 921 4928; x_wconf 89' lang='lat' dir='ltr'><strong>et</strong></span> <span class='ocrx_word' id='word_1_593' title='bbox 977 4875 1482 4937; x_wconf 84' lang='lat' dir='ltr'><strong>Paderbornensis,</strong></span> <span class='ocrx_word' id='word_1_594' title='bbox 1525 4891 1697 4944; x_wconf 87' lang='lat' dir='ltr'><strong>quam</strong></span> <span class='ocrx_word' id='word_1_595' title='bbox 1758 4877 1864 4931; x_wconf 89' lang='lat' dir='ltr'><strong>hoc</strong></span> <span class='ocrx_word' id='word_1_596' title='bbox 1919 4895 2018 4933; x_wconf 89' lang='lat' dir='ltr'><strong>eo-</strong></span> 
     </span>
    </p>
   </div>
   <div class='ocr_carea' id='block_1_82' title="bbox 317 4959 2017 5030">
    <p class='ocr_par' dir='ltr' id='par_1_82' title="bbox 317 4959 2017 5030">
     <span class='ocr_line' id='line_1_82' title="bbox 317 4959 2017 5030; baseline 0.003 -17"><span class='ocrx_word' id='word_1_597' title='bbox 317 4959 450 5013; x_wconf 91' lang='lat' dir='ltr'><strong>dem</strong></span> <span class='ocrx_word' id='word_1_598' title='bbox 483 4975 573 5012; x_wconf 88' lang='lat' dir='ltr'><strong>an.</strong></span> <span class='ocrx_word' id='word_1_599' title='bbox 612 4961 745 5013; x_wconf 84' lang='lat' dir='ltr'><strong>l0l3</strong></span> <span class='ocrx_word' id='word_1_600' title='bbox 777 4959 1051 5030; x_wconf 88' lang='lat' dir='ltr'><strong>opulento</strong></span> <span class='ocrx_word' id='word_1_601' title='bbox 1094 4959 1312 5029; x_wconf 71' lang='lat' dir='ltr'><strong>praedio</strong></span> <span class='ocrx_word' id='word_1_602' title='bbox 1337 4967 1546 5029; x_wconf 65' lang='lat' dir='ltr'><strong>praeter</strong></span> <span class='ocrx_word' id='word_1_603' title='bbox 1574 4962 1682 5015; x_wconf 90' lang='lat' dir='ltr'><strong>alia</strong></span> <span class='ocrx_word' id='word_1_604' title='bbox 1723 4964 2017 5030; x_wconf 88' lang='lat' dir='ltr'><strong>donatam,</strong></span> 
     </span>
    </p>
   </div>
   <div class='ocr_carea' id='block_1_83' title="bbox 319 5046 2015 5117">
    <p class='ocr_par' dir='ltr' id='par_1_83' title="bbox 319 5046 2015 5117">
     <span class='ocr_line' id='line_1_83' title="bbox 319 5046 2015 5117; baseline 0.003 -16"><span class='ocrx_word' id='word_1_605' title='bbox 319 5046 456 5101; x_wconf 88' lang='lat' dir='ltr'><strong>dum</strong></span> <span class='ocrx_word' id='word_1_606' title='bbox 513 5047 715 5101; x_wconf 82' lang='lat' dir='ltr'><strong>Werlis</strong></span> <span class='ocrx_word' id='word_1_607' title='bbox 769 5047 1157 5112; x_wconf 88' lang='lat' dir='ltr'><strong>decumberet,</strong></span> <span class='ocrx_word' id='word_1_608' title='bbox 1221 5049 1482 5117; x_wconf 87' lang='lat' dir='ltr'><strong>pluribus</strong></span> <span class='ocrx_word' id='word_1_609' title='bbox 1537 5049 1662 5102; x_wconf 86' lang='lat' dir='ltr'><strong>aliis</strong></span> <span class='ocrx_word' id='word_1_610' title='bbox 1725 5051 2015 5106; x_wconf 81' lang='lat' dir='ltr'><strong>beneﬂciis</strong></span> 
     </span>
    </p>
   </div>
   <div class='ocr_carea' id='block_1_84' title="bbox 316 5133 2012 5209">
    <p class='ocr_par' dir='ltr' id='par_1_84' title="bbox 316 5133 2012 5209">
     <span class='ocr_line' id='line_1_84' title="bbox 316 5133 2012 5209; baseline 0.003 -20"><span class='ocrx_word' id='word_1_611' title='bbox 316 5133 681 5200; x_wconf 89' lang='lat' dir='ltr'><strong>cumulavit;</strong></span> <span class='ocrx_word' id='word_1_612' title='bbox 725 5139 780 5188; x_wconf 89' lang='lat' dir='ltr'><strong>et</strong></span> <span class='ocrx_word' id='word_1_613' title='bbox 816 5135 869 5188; x_wconf 90' lang='lat' dir='ltr'><strong>S.</strong></span> <span class='ocrx_word' id='word_1_614' title='bbox 930 5135 1265 5188; x_wconf 85' lang='lat' dir='ltr'><strong>Bernwardo</strong></span> <span class='ocrx_word' id='word_1_615' title='bbox 1337 5136 1672 5190; x_wconf 70' lang='lat' dir='ltr'><strong>HildeSiensi</strong></span> <span class='ocrx_word' id='word_1_616' title='bbox 1747 5139 2012 5209; x_wconf 88' lang='lat' dir='ltr'><strong>episcopo</strong></span> 
     </span>
    </p>
   </div>
   <div class='ocr_carea' id='block_1_85' title="bbox 316 5221 2010 5297">
    <p class='ocr_par' dir='ltr' id='par_1_85' title="bbox 316 5221 2010 5297">
     <span class='ocr_line' id='line_1_85' title="bbox 316 5221 2010 5297; baseline 0.004 -21"><span class='ocrx_word' id='word_1_617' title='bbox 316 5223 650 5277; x_wconf 89' lang='lat' dir='ltr'><strong>comitatum</strong></span> <span class='ocrx_word' id='word_1_618' title='bbox 703 5221 990 5292; x_wconf 88' lang='lat' dir='ltr'><strong>integrum</strong></span> <span class='ocrx_word' id='word_1_619' title='bbox 1047 5223 1214 5275; x_wconf 90' lang='lat' dir='ltr'><strong>solita</strong></span> <span class='ocrx_word' id='word_1_620' title='bbox 1263 5223 1368 5278; x_wconf 90' lang='lat' dir='ltr'><strong>sibi</strong></span> <span class='ocrx_word' id='word_1_621' title='bbox 1436 5225 1698 5294; x_wconf 89' lang='lat' dir='ltr'><strong>largitate</strong></span> <span class='ocrx_word' id='word_1_622' title='bbox 1749 5229 2010 5297; x_wconf 90' lang='lat' dir='ltr'><strong>contulit,</strong></span> 
     </span>
    </p>
   </div>
   <div class='ocr_carea' id='block_1_86' title="bbox 316 5309 2012 5379">
    <p class='ocr_par' dir='ltr' id='par_1_86' title="bbox 316 5309 2012 5379">
     <span class='ocr_line' id='line_1_86' title="bbox 316 5309 2012 5379; baseline 0.005 -17"><span class='ocrx_word' id='word_1_623' title='bbox 316 5325 559 5379; x_wconf 90' lang='lat' dir='ltr'><strong>quarum</strong></span> <span class='ocrx_word' id='word_1_624' title='bbox 608 5309 983 5364; x_wconf 88' lang='lat' dir='ltr'><strong>donationum</strong></span> <span class='ocrx_word' id='word_1_625' title='bbox 1051 5310 1429 5364; x_wconf 88' lang='lat' dir='ltr'><strong>instrumenta</strong></span> <span class='ocrx_word' id='word_1_626' title='bbox 1470 5314 1646 5366; x_wconf 84' lang='lat' dir='ltr'><strong>refert</strong></span> <span class='ocrx_word' id='word_1_627' title='bbox 1699 5313 2012 5371; x_wconf 85' lang='lat' dir='ltr'><strong>Schatenus</strong></span> 
     </span>
    </p>
   </div>
   <div class='ocr_carea' id='block_1_87' title="bbox 313 5398 2012 5471">
    <p class='ocr_par' dir='ltr' id='par_1_87' title="bbox 313 5398 2012 5471">
     <span class='ocr_line' id='line_1_87' title="bbox 313 5398 2012 5471; baseline 0.005 -22"><span class='ocrx_word' id='word_1_628' title='bbox 313 5402 509 5450; x_wconf 89' lang='lat' dir='ltr'><strong>noster</strong></span> <span class='ocrx_word' id='word_1_629' title='bbox 536 5414 568 5450; x_wconf 92' lang='lat' dir='ltr'><strong>a</strong></span> <span class='ocrx_word' id='word_1_630' title='bbox 596 5413 728 5468; x_wconf 87' lang='lat' dir='ltr'><strong>pag.</strong></span> <span class='ocrx_word' id='word_1_631' title='bbox 761 5398 882 5451; x_wconf 67' lang='lat'><strong>402.</strong></span> <span class='ocrx_word' id='word_1_632' title='bbox 917 5398 1140 5452; x_wconf 90' lang='lat' dir='ltr'><strong>Diceres</strong></span> <span class='ocrx_word' id='word_1_633' title='bbox 1185 5404 1441 5452; x_wconf 88' lang='lat' dir='ltr'><strong>sanctum</strong></span> <span class='ocrx_word' id='word_1_634' title='bbox 1493 5399 1898 5471; x_wconf 87' lang='lat' dir='ltr'><strong>imperatorem</strong></span> <span class='ocrx_word' id='word_1_635' title='bbox 1930 5409 2012 5459; x_wconf 89' lang='lat' dir='ltr'><strong>tot</strong></span> 
     </span>
    </p>
   </div>
   <div class='ocr_carea' id='block_1_88' title="bbox 314 5483 2006 5557">
    <p class='ocr_par' dir='ltr' id='par_1_88' title="bbox 314 5483 2006 5557">
     <span class='ocr_line' id='line_1_88' title="bbox 314 5483 2006 5557; baseline 0.007 -21"><span class='ocrx_word' id='word_1_636' title='bbox 314 5483 423 5554; x_wconf 91' lang='lat' dir='ltr'><strong>piis</strong></span> <span class='ocrx_word' id='word_1_637' title='bbox 453 5485 850 5552; x_wconf 77' lang='lat' dir='ltr'><strong>largitionibus</strong></span> <span class='ocrx_word' id='word_1_638' title='bbox 873 5501 1207 5557; x_wconf 89' lang='lat' dir='ltr'><strong>prosperum</strong></span> <span class='ocrx_word' id='word_1_639' title='bbox 1255 5487 1364 5540; x_wconf 90' lang='lat' dir='ltr'><strong>iter</strong></span> <span class='ocrx_word' id='word_1_640' title='bbox 1387 5487 1642 5543; x_wconf 87' lang='lat' dir='ltr'><strong>Italicum</strong></span> <span class='ocrx_word' id='word_1_641' title='bbox 1669 5505 1702 5544; x_wconf 91' lang='lat' dir='ltr'><strong>a</strong></span> <span class='ocrx_word' id='word_1_642' title='bbox 1754 5491 1865 5545; x_wconf 90' lang='lat' dir='ltr'><strong>Deo</strong></span> <span class='ocrx_word' id='word_1_643' title='bbox 1898 5492 2006 5548; x_wconf 91' lang='lat' dir='ltr'><strong>im-</strong></span> 
     </span>
    </p>
   </div>
   <div class='ocr_carea' id='block_1_89' title="bbox 2143 3043 3842 3116">
    <p class='ocr_par' dir='ltr' id='par_1_89' title="bbox 2143 3043 3842 3116">
     <span class='ocr_line' id='line_1_89' title="bbox 2143 3043 3842 3116; baseline 0.004 -20"><span class='ocrx_word' id='word_1_644' title='bbox 2143 3043 2332 3113; x_wconf 67' lang='lat' dir='ltr'><strong>Papiaa</strong></span> <span class='ocrx_word' id='word_1_645' title='bbox 2362 3044 2538 3112; x_wconf 91' lang='lat' dir='ltr'><strong>igitur</strong></span> <span class='ocrx_word' id='word_1_646' title='bbox 2584 3043 2932 3096; x_wconf 77' lang='lat' dir='ltr'><strong>confirmatis</strong></span> <span class='ocrx_word' id='word_1_647' title='bbox 2981 3049 3273 3114; x_wconf 90' lang='lat' dir='ltr'><strong>utcunque</strong></span> <span class='ocrx_word' id='word_1_648' title='bbox 3334 3044 3842 3116; x_wconf 83' lang='lat' dir='ltr'><strong>Langobardorum</strong></span> 
     </span>
    </p>
   </div>
   <div class='ocr_carea' id='block_1_90' title="bbox 2143 3130 3844 3196">
    <p class='ocr_par' dir='ltr' id='par_1_90' title="bbox 2143 3130 3844 3196">
     <span class='ocr_line' id='line_1_90' title="bbox 2143 3130 3844 3196; baseline 0.005 -13"><span class='ocrx_word' id='word_1_649' title='bbox 2143 3131 2366 3196; x_wconf 88' lang='lat' dir='ltr'><strong>animis,</strong></span> <span class='ocrx_word' id='word_1_650' title='bbox 2410 3130 2470 3183; x_wconf 91' lang='lat' dir='ltr'><strong>in</strong></span> <span class='ocrx_word' id='word_1_651' title='bbox 2518 3131 2816 3184; x_wconf 86' lang='lat' dir='ltr'><strong>Saxoniam</strong></span> <span class='ocrx_word' id='word_1_652' title='bbox 2862 3132 3182 3185; x_wconf 85' lang='lat' dir='ltr'><strong>remeavit:</strong></span> <span class='ocrx_word' id='word_1_653' title='bbox 3235 3139 3358 3186; x_wconf 90' lang='lat' dir='ltr'><strong>tum</strong></span> <span class='ocrx_word' id='word_1_654' title='bbox 3420 3135 3490 3188; x_wconf 88' lang='lat' dir='ltr'><strong>de</strong></span> <span class='ocrx_word' id='word_1_655' title='bbox 3541 3138 3844 3191; x_wconf 89' lang='lat' dir='ltr'><strong>monachis</strong></span> 
     </span>
    </p>
   </div>
   <div class='ocr_carea' id='block_1_91' title="bbox 2141 3219 3844 3290">
    <p class='ocr_par' dir='ltr' id='par_1_91' title="bbox 2141 3219 3844 3290">
     <span class='ocr_line' id='line_1_91' title="bbox 2141 3219 3844 3290; baseline 0.004 -18"><span class='ocrx_word' id='word_1_656' title='bbox 2141 3219 2575 3272; x_wconf 84' lang='lat' dir='ltr'><strong>Corbeiensibus</strong></span> <span class='ocrx_word' id='word_1_657' title='bbox 2597 3235 2662 3271; x_wconf 91' lang='lat' dir='ltr'><strong>ea</strong></span> <span class='ocrx_word' id='word_1_658' title='bbox 2682 3219 3049 3288; x_wconf 87' lang='lat' dir='ltr'><strong>adjiciuntur,</strong></span> <span class='ocrx_word' id='word_1_659' title='bbox 3080 3237 3229 3290; x_wconf 74' lang='lat' dir='ltr'><strong>quae,</strong></span> <span class='ocrx_word' id='word_1_660' title='bbox 3262 3227 3327 3275; x_wconf 91' lang='lat' dir='ltr'><strong>ut</strong></span> <span class='ocrx_word' id='word_1_661' title='bbox 3352 3227 3409 3276; x_wconf 90' lang='lat' dir='ltr'><strong>et</strong></span> <span class='ocrx_word' id='word_1_662' title='bbox 3467 3223 3844 3280; x_wconf 85' lang='lat' dir='ltr'><strong>Fuldensium</strong></span> 
     </span>
    </p>
   </div>
   <div class='ocr_carea' id='block_1_92' title="bbox 2139 3307 3843 3379">
    <p class='ocr_par' dir='ltr' id='par_1_92' title="bbox 2139 3307 3843 3379">
     <span class='ocr_line' id='line_1_92' title="bbox 2139 3307 3843 3379; baseline 0.005 -19"><span class='ocrx_word' id='word_1_663' title='bbox 2139 3322 2269 3360; x_wconf 88' lang='lat' dir='ltr'><strong>cum</strong></span> <span class='ocrx_word' id='word_1_664' title='bbox 2301 3307 2503 3359; x_wconf 90' lang='lat' dir='ltr'><strong>Sancto</strong></span> <span class='ocrx_word' id='word_1_665' title='bbox 2549 3307 2983 3372; x_wconf 72' lang='lat' dir='ltr'><strong>controversias,</strong></span> <span class='ocrx_word' id='word_1_666' title='bbox 3041 3309 3192 3362; x_wconf 88' lang='lat' dir='ltr'><strong>malo</strong></span> <span class='ocrx_word' id='word_1_667' title='bbox 3250 3311 3398 3379; x_wconf 90' lang='lat' dir='ltr'><strong>apud</strong></span> <span class='ocrx_word' id='word_1_668' title='bbox 3445 3311 3843 3368; x_wconf 85' lang='lat' dir='ltr'><strong>Mabillonium</strong></span> 
     </span>
    </p>
   </div>
   <div class='ocr_carea' id='block_1_93' title="bbox 2139 3395 3838 3469">
    <p class='ocr_par' dir='ltr' id='par_1_93' title="bbox 2139 3395 3838 3469">
     <span class='ocr_line' id='line_1_93' title="bbox 2139 3395 3838 3469; baseline 0.006 -21"><span class='ocrx_word' id='word_1_669' title='bbox 2139 3395 2198 3448; x_wconf 92' lang='lat' dir='ltr'><strong>in</strong></span> <span class='ocrx_word' id='word_1_670' title='bbox 2231 3395 2548 3448; x_wconf 83' lang='lat' dir='ltr'><strong>Annalibus</strong></span> <span class='ocrx_word' id='word_1_671' title='bbox 2590 3395 3085 3448; x_wconf 84' lang='lat' dir='ltr'><strong>Benedictinorum</strong></span> <span class='ocrx_word' id='word_1_672' title='bbox 3131 3397 3266 3466; x_wconf 89' lang='lat' dir='ltr'><strong>legi,</strong></span> <span class='ocrx_word' id='word_1_673' title='bbox 3326 3415 3498 3469; x_wconf 85' lang='lat' dir='ltr'><strong>quam</strong></span> <span class='ocrx_word' id='word_1_674' title='bbox 3521 3399 3613 3455; x_wconf 82' lang='lat' dir='ltr'><strong>hic</strong></span> <span class='ocrx_word' id='word_1_675' title='bbox 3651 3418 3687 3455; x_wconf 86' lang='lat' dir='ltr'><strong>a</strong></span> <span class='ocrx_word' id='word_1_676' title='bbox 3740 3421 3838 3460; x_wconf 90' lang='lat' dir='ltr'><strong>me</strong></span> 
     </span>
    </p>
   </div>
   <div class='ocr_carea' id='block_1_94' title="bbox 2140 3483 2714 3553">
    <p class='ocr_par' dir='ltr' id='par_1_94' title="bbox 2140 3483 2714 3553">
     <span class='ocr_line' id='line_1_94' title="bbox 2140 3483 2714 3553; baseline -0.002 -16"><span class='ocrx_word' id='word_1_677' title='bbox 2140 3483 2439 3553; x_wconf 90' lang='lat' dir='ltr'><strong>operosius</strong></span> <span class='ocrx_word' id='word_1_678' title='bbox 2469 3483 2714 3536; x_wconf 89' lang='lat' dir='ltr'><strong>recitari.</strong></span> 
     </span>
    </p>
   </div>
   <div class='ocr_carea' id='block_1_95' title="bbox 2213 3571 3842 3642">
    <p class='ocr_par' dir='ltr' id='par_1_95' title="bbox 2213 3571 3842 3642">
     <span class='ocr_line' id='line_1_95' title="bbox 2213 3571 3842 3642; baseline 0.006 -16"><span class='ocrx_word' id='word_1_679' title='bbox 2213 3575 2330 3626; x_wconf 77' lang='grc'><strong>131.</strong></span> <span class='ocrx_word' id='word_1_680' title='bbox 2365 3573 2480 3626; x_wconf 86' lang='lat' dir='ltr'><strong>Huc</strong></span> <span class='ocrx_word' id='word_1_681' title='bbox 2513 3571 2744 3642; x_wconf 88' lang='lat' dir='ltr'><strong>propius</strong></span> <span class='ocrx_word' id='word_1_682' title='bbox 2793 3576 3007 3642; x_wconf 90' lang='lat' dir='ltr'><strong>spectat</strong></span> <span class='ocrx_word' id='word_1_683' title='bbox 3062 3573 3213 3642; x_wconf 88' lang='lat' dir='ltr'><strong>quod</strong></span> <span class='ocrx_word' id='word_1_684' title='bbox 3245 3580 3439 3628; x_wconf 88' lang='lat' dir='ltr'><strong>narrat</strong></span> <span class='ocrx_word' id='word_1_685' title='bbox 3489 3577 3694 3632; x_wconf 88' lang='lat' dir='ltr'><strong>Glaber</strong></span> <span class='ocrx_word' id='word_1_686' title='bbox 3725 3583 3842 3635; x_wconf 80' lang='lat' dir='ltr'><strong>Ro-</strong></span> 
     </span>
    </p>
   </div>
   <div class='ocr_carea' id='block_1_96' title="bbox 2139 3658 3837 3736">
    <p class='ocr_par' dir='ltr' id='par_1_96' title="bbox 2139 3658 3837 3736">
     <span class='ocr_line' id='line_1_96' title="bbox 2139 3658 3837 3736; baseline 0.006 -24"><span class='ocrx_word' id='word_1_687' title='bbox 2139 3658 2408 3727; x_wconf 88' lang='lat' dir='ltr'><strong>dulphus,</strong></span> <span class='ocrx_word' id='word_1_688' title='bbox 2470 3659 2732 3712; x_wconf 70' lang='lat' dir='ltr'><strong>Historias</strong></span> <span class='ocrx_word' id='word_1_689' title='bbox 2779 3676 2896 3712; x_wconf 62' lang='lat' dir='ltr'><strong>suae</strong></span> <span class='ocrx_word' id='word_1_690' title='bbox 2942 3661 3039 3713; x_wconf 89' lang='lat' dir='ltr'><strong>lib.</strong></span> <span class='ocrx_word' id='word_1_691' title='bbox 3083 3677 3121 3727; x_wconf 82' lang='grc' dir='ltr'><strong>ι,</strong></span> <span class='ocrx_word' id='word_1_692' title='bbox 3158 3664 3360 3730; x_wconf 75' lang='lat' dir='ltr'><strong>cap.5,</strong></span> <span class='ocrx_word' id='word_1_693' title='bbox 3413 3663 3482 3716; x_wconf 84' lang='lat' dir='ltr'><strong>de</strong></span> <span class='ocrx_word' id='word_1_694' title='bbox 3531 3682 3705 3736; x_wconf 88' lang='lat' dir='ltr'><strong>pomo</strong></span> <span class='ocrx_word' id='word_1_695' title='bbox 3737 3685 3837 3722; x_wconf 82' lang='lat' dir='ltr'><strong>seu</strong></span> 
     </span>
    </p>
   </div>
   <div class='ocr_carea' id='block_1_97' title="bbox 2137 3747 3842 3818">
    <p class='ocr_par' dir='ltr' id='par_1_97' title="bbox 2137 3747 3842 3818">
     <span class='ocr_line' id='line_1_97' title="bbox 2137 3747 3842 3818; baseline 0.008 -20"><span class='ocrx_word' id='word_1_696' title='bbox 2137 3747 2308 3816; x_wconf 81' lang='lat' dir='ltr'><strong>globo</strong></span> <span class='ocrx_word' id='word_1_697' title='bbox 2341 3763 2534 3812; x_wconf 87' lang='lat' dir='ltr'><strong>aureo,</strong></span> <span class='ocrx_word' id='word_1_698' title='bbox 2593 3747 2861 3817; x_wconf 88' lang='lat' dir='ltr'><strong>pretiosis</strong></span> <span class='ocrx_word' id='word_1_699' title='bbox 2904 3750 3145 3818; x_wconf 90' lang='lat' dir='ltr'><strong>gemmis</strong></span> <span class='ocrx_word' id='word_1_700' title='bbox 3173 3752 3542 3818; x_wconf 91' lang='lat' dir='ltr'><strong>circumdato,</strong></span> <span class='ocrx_word' id='word_1_701' title='bbox 3576 3761 3632 3806; x_wconf 80' lang='lat' dir='ltr'><strong>et</strong></span> <span class='ocrx_word' id='word_1_702' title='bbox 3669 3773 3842 3812; x_wconf 92' lang='lat' dir='ltr'><strong>cruce</strong></span> 
     </span>
    </p>
   </div>
   <div class='ocr_carea' id='block_1_98' title="bbox 2136 3836 3843 3911">
    <p class='ocr_par' dir='ltr' id='par_1_98' title="bbox 2136 3836 3843 3911">
     <span class='ocr_line' id='line_1_98' title="bbox 2136 3836 3843 3911; baseline 0.008 -25"><span class='ocrx_word' id='word_1_703' title='bbox 2136 3850 2310 3888; x_wconf 90' lang='lat' dir='ltr'><strong>aurea</strong></span> <span class='ocrx_word' id='word_1_704' title='bbox 2363 3836 2826 3904; x_wconf 84' lang='lat' dir='ltr'><strong>supereminente</strong></span> <span class='ocrx_word' id='word_1_705' title='bbox 2873 3842 3099 3905; x_wconf 91' lang='lat' dir='ltr'><strong>ornato,</strong></span> <span class='ocrx_word' id='word_1_706' title='bbox 3152 3841 3302 3907; x_wconf 86' lang='lat' dir='ltr'><strong>quod</strong></span> <span class='ocrx_word' id='word_1_707' title='bbox 3359 3845 3627 3911; x_wconf 88' lang='lat' dir='ltr'><strong>tanquam</strong></span> <span class='ocrx_word' id='word_1_708' title='bbox 3666 3861 3843 3900; x_wconf 84' lang='lat' dir='ltr'><strong>mun-</strong></span> 
     </span>
    </p>
   </div>
   <div class='ocr_carea' id='block_1_99' title="bbox 2137 3922 3840 3994">
    <p class='ocr_par' dir='ltr' id='par_1_99' title="bbox 2137 3922 3840 3994">
     <span class='ocr_line' id='line_1_99' title="bbox 2137 3922 3840 3994; baseline 0.007 -19"><span class='ocrx_word' id='word_1_709' title='bbox 2137 3922 2282 3975; x_wconf 76' lang='lat' dir='ltr'><strong>dalm</strong></span> <span class='ocrx_word' id='word_1_710' title='bbox 2331 3923 2603 3992; x_wconf 72' lang='lat' dir='ltr'><strong>potentias</strong></span> <span class='ocrx_word' id='word_1_711' title='bbox 2652 3923 2976 3994; x_wconf 85' lang='lat' dir='ltr'><strong>symbolum</strong></span> <span class='ocrx_word' id='word_1_712' title='bbox 3025 3925 3079 3978; x_wconf 92' lang='lat' dir='ltr'><strong>S.</strong></span> <span class='ocrx_word' id='word_1_713' title='bbox 3139 3926 3380 3981; x_wconf 85' lang='lat' dir='ltr'><strong>Henrico</strong></span> <span class='ocrx_word' id='word_1_714' title='bbox 3410 3929 3683 3984; x_wconf 90' lang='lat' dir='ltr'><strong>obtulerit</strong></span> <span class='ocrx_word' id='word_1_715' title='bbox 3722 3931 3840 3988; x_wconf 86' lang='lat' dir='ltr'><strong>Be-</strong></span> 
     </span>
    </p>
   </div>
   <div class='ocr_carea' id='block_1_100' title="bbox 2135 4009 3841 4084">
    <p class='ocr_par' dir='ltr' id='par_1_100' title="bbox 2135 4009 3841 4084">
     <span class='ocr_line' id='line_1_100' title="bbox 2135 4009 3841 4084; baseline 0.01 -24"><span class='ocrx_word' id='word_1_716' title='bbox 2135 4009 2390 4062; x_wconf 89' lang='lat' dir='ltr'><strong>nedictus</strong></span> <span class='ocrx_word' id='word_1_717' title='bbox 2419 4011 2548 4076; x_wconf 89' lang='lat' dir='ltr'><strong>PP.,</strong></span> <span class='ocrx_word' id='word_1_718' title='bbox 2580 4010 2701 4080; x_wconf 90' lang='lat' dir='ltr'><strong>ipse</strong></span> <span class='ocrx_word' id='word_1_719' title='bbox 2731 4027 2865 4065; x_wconf 85' lang='lat' dir='ltr'><strong>vero</strong></span> <span class='ocrx_word' id='word_1_720' title='bbox 2894 4035 2914 4058; x_wconf 73' lang='grc' dir='ltr'><strong><em>α</em></strong></span> <span class='ocrx_word' id='word_1_721' title='bbox 2951 4016 3212 4084; x_wconf 83' lang='lat' dir='ltr'><strong>protinus</strong></span> <span class='ocrx_word' id='word_1_722' title='bbox 3264 4018 3486 4071; x_wconf 86' lang='lat' dir='ltr'><strong>miserit</strong></span> <span class='ocrx_word' id='word_1_723' title='bbox 3509 4019 3572 4072; x_wconf 88' lang='lat' dir='ltr'><strong>ad</strong></span> <span class='ocrx_word' id='word_1_724' title='bbox 3607 4020 3841 4077; x_wconf 89' lang='lat' dir='ltr'><strong>Clunia-</strong></span> 
     </span>
    </p>
   </div>
   <div class='ocr_carea' id='block_1_101' title="bbox 2133 4099 3838 4174">
    <p class='ocr_par' dir='ltr' id='par_1_101' title="bbox 2133 4099 3838 4174">
     <span class='ocr_line' id='line_1_101' title="bbox 2133 4099 3838 4174; baseline 0.01 -25"><span class='ocrx_word' id='word_1_725' title='bbox 2133 4113 2300 4150; x_wconf 89' lang='lat' dir='ltr'><strong>cense</strong></span> <span class='ocrx_word' id='word_1_726' title='bbox 2382 4099 2788 4152; x_wconf 89' lang='lat' dir='ltr'><strong>monasterium</strong></span> <span class='ocrx_word' id='word_1_727' title='bbox 2849 4101 3182 4169; x_wconf 85' lang='lat' dir='ltr'><strong>Galliarum,</strong></span> <span class='ocrx_word' id='word_1_728' title='bbox 3241 4106 3390 4174; x_wconf 87' lang='lat' dir='ltr'><strong>quod</strong></span> <span class='ocrx_word' id='word_1_729' title='bbox 3458 4107 3630 4161; x_wconf 87' lang='lat' dir='ltr'><strong>etiam</strong></span> <span class='ocrx_word' id='word_1_730' title='bbox 3691 4115 3838 4166; x_wconf 89' lang='lat' dir='ltr'><strong>tunc</strong></span> 
     </span>
    </p>
   </div>
   <div class='ocr_carea' id='block_1_102' title="bbox 2049 4185 3839 4272">
    <p class='ocr_par' dir='ltr' id='par_1_102' title="bbox 2049 4185 3839 4272">
     <span class='ocr_line' id='line_1_102' title="bbox 2049 4185 3839 4272; baseline 0.009 -35"><span class='ocrx_word' id='word_1_731' title='bbox 2049 4220 2089 4272; x_wconf 71' lang='grc' dir='ltr'>υ</span> <span class='ocrx_word' id='word_1_732' title='bbox 2131 4185 2407 4254; x_wconf 87' lang='lat' dir='ltr'><strong>temporis</strong></span> <span class='ocrx_word' id='word_1_733' title='bbox 2436 4185 2750 4241; x_wconf 86' lang='lat' dir='ltr'><strong>habebatur</strong></span> <span class='ocrx_word' id='word_1_734' title='bbox 2798 4188 3292 4258; x_wconf 79' lang='lat' dir='ltr'><strong>religiosissimum</strong></span> <span class='ocrx_word' id='word_1_735' title='bbox 3347 4200 3706 4260; x_wconf 73' lang='lat' dir='ltr'><strong>ceaterorum,</strong></span> <span class='ocrx_word' id='word_1_736' title='bbox 3741 4201 3839 4254; x_wconf 91' lang='lat' dir='ltr'><strong>cui</strong></span> 
     </span>
    </p>
   </div>
   <div class='ocr_carea' id='block_1_103' title="bbox 2127 4271 3836 4350">
    <p class='ocr_par' dir='ltr' id='par_1_103' title="bbox 2127 4271 3836 4350">
     <span class='ocr_line' id='line_1_103' title="bbox 2127 4271 3836 4350; baseline 0.006 -21"><span class='ocrx_word' id='word_1_737' title='bbox 2127 4278 2184 4329; x_wconf 93' lang='lat' dir='ltr'><strong>et</strong></span> <span class='ocrx_word' id='word_1_738' title='bbox 2231 4273 2341 4327; x_wconf 90' lang='lat' dir='ltr'><strong>alia</strong></span> <span class='ocrx_word' id='word_1_739' title='bbox 2386 4274 2534 4328; x_wconf 90' lang='lat' dir='ltr'><strong>dona</strong></span> <span class='ocrx_word' id='word_1_740' title='bbox 2595 4275 2844 4344; x_wconf 91' lang='lat' dir='ltr'><strong>plurima</strong></span> <span class='ocrx_word' id='word_1_741' title='bbox 2900 4271 3219 4332; x_wconf 76' lang='lat' dir='ltr'><strong>contulerat</strong></span> <span class='ocrx_word' id='word_1_742' title='bbox 3270 4289 3770 4350; x_wconf 88' lang='lat' dir='ltr'><strong>ornamentorum,</strong></span> <span class='ocrx_word' id='word_1_743' title='bbox 3808 4310 3836 4338; x_wconf 78' lang='grc'>»</span> 
     </span>
    </p>
   </div>
   <div class='ocr_carea' id='block_1_104' title="bbox 2132 4359 3837 4444">
    <p class='ocr_par' dir='ltr' id='par_1_104' title="bbox 2132 4359 3837 4444">
     <span class='ocr_line' id='line_1_104' title="bbox 2132 4359 3837 4444; baseline 0.009 -32"><span class='ocrx_word' id='word_1_744' title='bbox 2132 4359 2320 4430; x_wconf 92' lang='lat' dir='ltr'><strong>inquit</strong></span> <span class='ocrx_word' id='word_1_745' title='bbox 2344 4360 2555 4415; x_wconf 91' lang='lat' dir='ltr'><strong>ibidem</strong></span> <span class='ocrx_word' id='word_1_746' title='bbox 2608 4362 2872 4416; x_wconf 89' lang='lat' dir='ltr'><strong>laudatus</strong></span> <span class='ocrx_word' id='word_1_747' title='bbox 2919 4365 3142 4419; x_wconf 86' lang='lat' dir='ltr'><strong>Glaber.</strong></span> <span class='ocrx_word' id='word_1_748' title='bbox 3175 4372 3248 4421; x_wconf 82' lang='lat' dir='ltr'><strong>At</strong></span> <span class='ocrx_word' id='word_1_749' title='bbox 3303 4369 3348 4421; x_wconf 91' lang='lat' dir='ltr'><strong>si</strong></span> <span class='ocrx_word' id='word_1_750' title='bbox 3382 4385 3511 4423; x_wconf 86' lang='lat' dir='ltr'><strong>vera</strong></span> <span class='ocrx_word' id='word_1_751' title='bbox 3543 4379 3676 4426; x_wconf 92' lang='lat' dir='ltr'><strong>sunt</strong></span> <span class='ocrx_word' id='word_1_752' title='bbox 3701 4390 3837 4444; x_wconf 58' lang='lat' dir='ltr'><strong>quae</strong></span> 
     </span>
    </p>
   </div>
   <div class='ocr_carea' id='block_1_105' title="bbox 2135 4447 3836 4527">
    <p class='ocr_par' dir='ltr' id='par_1_105' title="bbox 2135 4447 3836 4527">
     <span class='ocr_line' id='line_1_105' title="bbox 2135 4447 3836 4527; baseline 0.008 -25"><span class='ocrx_word' id='word_1_753' title='bbox 2135 4447 2398 4518; x_wconf 89' lang='lat' dir='ltr'><strong>Legenda</strong></span> <span class='ocrx_word' id='word_1_754' title='bbox 2432 4450 2609 4503; x_wconf 92' lang='lat' dir='ltr'><strong>tradit</strong></span> <span class='ocrx_word' id='word_1_755' title='bbox 2638 4465 2760 4520; x_wconf 90' lang='lat' dir='ltr'><strong>cap.</strong></span> <span class='ocrx_word' id='word_1_756' title='bbox 2821 4454 2910 4518; x_wconf 88' lang='lat'><strong>26,</strong></span> <span class='ocrx_word' id='word_1_757' title='bbox 2947 4469 3060 4507; x_wconf 90' lang='lat' dir='ltr'><strong>non</strong></span> <span class='ocrx_word' id='word_1_758' title='bbox 3098 4471 3242 4526; x_wconf 91' lang='lat' dir='ltr'><strong>opus</strong></span> <span class='ocrx_word' id='word_1_759' title='bbox 3301 4457 3410 4511; x_wconf 81' lang='lat' dir='ltr'><strong>fuit</strong></span> <span class='ocrx_word' id='word_1_760' title='bbox 3437 4475 3502 4512; x_wconf 86' lang='lat' dir='ltr'><strong>ea</strong></span> <span class='ocrx_word' id='word_1_761' title='bbox 3534 4461 3836 4527; x_wconf 84' lang='lat' dir='ltr'><strong>missione,</strong></span> 
     </span>
    </p>
   </div>
   <div class='ocr_carea' id='block_1_106' title="bbox 2131 4537 3840 4616">
    <p class='ocr_par' dir='ltr' id='par_1_106' title="bbox 2131 4537 3840 4616">
     <span class='ocr_line' id='line_1_106' title="bbox 2131 4537 3840 4616; baseline 0.011 -29"><span class='ocrx_word' id='word_1_762' title='bbox 2131 4551 2284 4601; x_wconf 92' lang='lat' dir='ltr'><strong>cum,</strong></span> <span class='ocrx_word' id='word_1_763' title='bbox 2340 4542 2406 4589; x_wconf 93' lang='lat' dir='ltr'><strong>ut</strong></span> <span class='ocrx_word' id='word_1_764' title='bbox 2451 4537 2511 4589; x_wconf 90' lang='lat' dir='ltr'><strong>in</strong></span> <span class='ocrx_word' id='word_1_765' title='bbox 2566 4538 2712 4609; x_wconf 11' lang='lat' dir='ltr'><strong>Vita,</strong></span> <span class='ocrx_word' id='word_1_766' title='bbox 2745 4539 3052 4608; x_wconf 88' lang='lat' dir='ltr'><strong>videbitur,</strong></span> <span class='ocrx_word' id='word_1_767' title='bbox 3123 4543 3452 4599; x_wconf 85' lang='lat' dir='ltr'><strong>Cluniacum</strong></span> <span class='ocrx_word' id='word_1_768' title='bbox 3511 4552 3840 4616; x_wconf 83' lang='lat' dir='ltr'><strong>perrexerit</strong></span> 
     </span>
    </p>
   </div>
   <div class='ocr_carea' id='block_1_107' title="bbox 2129 4623 3834 4703">
    <p class='ocr_par' dir='ltr' id='par_1_107' title="bbox 2129 4623 3834 4703">
     <span class='ocr_line' id='line_1_107' title="bbox 2129 4623 3834 4703; baseline 0.01 -29"><span class='ocrx_word' id='word_1_769' title='bbox 2129 4623 2504 4692; x_wconf 84' lang='lat' dir='ltr'><strong>sanctusipse</strong></span> <span class='ocrx_word' id='word_1_770' title='bbox 2533 4623 2869 4695; x_wconf 87' lang='lat' dir='ltr'><strong>imperator,</strong></span> <span class='ocrx_word' id='word_1_771' title='bbox 2926 4633 2982 4680; x_wconf 86' lang='lat' dir='ltr'><strong>et</strong></span> <span class='ocrx_word' id='word_1_772' title='bbox 3029 4644 3147 4684; x_wconf 89' lang='lat' dir='ltr'><strong>non</strong></span> <span class='ocrx_word' id='word_1_773' title='bbox 3197 4632 3381 4685; x_wconf 87' lang='lat' dir='ltr'><strong>solum</strong></span> <span class='ocrx_word' id='word_1_774' title='bbox 3443 4633 3696 4703; x_wconf 89' lang='lat' dir='ltr'><strong>globum,</strong></span> <span class='ocrx_word' id='word_1_775' title='bbox 3731 4641 3834 4692; x_wconf 83' lang='lat' dir='ltr'><strong>sed</strong></span> 
     </span>
    </p>
   </div>
   <div class='ocr_carea' id='block_1_108' title="bbox 2126 4715 3835 4794">
    <p class='ocr_par' dir='ltr' id='par_1_108' title="bbox 2126 4715 3835 4794">
     <span class='ocr_line' id='line_1_108' title="bbox 2126 4715 3835 4794; baseline 0.01 -32"><span class='ocrx_word' id='word_1_776' title='bbox 2126 4723 2396 4763; x_wconf 90' lang='lat' dir='ltr'><strong>coronam</strong></span> <span class='ocrx_word' id='word_1_777' title='bbox 2450 4727 2682 4766; x_wconf 90' lang='lat' dir='ltr'><strong>auream</strong></span> <span class='ocrx_word' id='word_1_778' title='bbox 2735 4715 3052 4782; x_wconf 85' lang='lat' dir='ltr'><strong>obtulerit;</strong></span> <span class='ocrx_word' id='word_1_779' title='bbox 3103 4717 3218 4772; x_wconf 91' lang='lat' dir='ltr'><strong>imo</strong></span> <span class='ocrx_word' id='word_1_780' title='bbox 3257 4726 3313 4774; x_wconf 92' lang='lat' dir='ltr'><strong>et</strong></span> <span class='ocrx_word' id='word_1_781' title='bbox 3373 4721 3485 4775; x_wconf 92' lang='lat' dir='ltr'><strong>alia</strong></span> <span class='ocrx_word' id='word_1_782' title='bbox 3537 4725 3701 4794; x_wconf 90' lang='lat' dir='ltr'><strong>plura</strong></span> <span class='ocrx_word' id='word_1_783' title='bbox 3758 4726 3835 4780; x_wconf 92' lang='lat' dir='ltr'><strong>de</strong></span> 
     </span>
    </p>
   </div>
   <div class='ocr_carea' id='block_1_109' title="bbox 2127 4795 3833 4880">
    <p class='ocr_par' dir='ltr' id='par_1_109' title="bbox 2127 4795 3833 4880">
     <span class='ocr_line' id='line_1_109' title="bbox 2127 4795 3833 4880; baseline 0.011 -33"><span class='ocrx_word' id='word_1_784' title='bbox 2127 4795 2334 4865; x_wconf 90' lang='lat' dir='ltr'><strong>quibus</strong></span> <span class='ocrx_word' id='word_1_785' title='bbox 2366 4797 2680 4852; x_wconf 88' lang='lat' dir='ltr'><strong>meminere</strong></span> <span class='ocrx_word' id='word_1_786' title='bbox 2718 4802 2902 4854; x_wconf 72' lang='lat' dir='ltr'><strong>amba:</strong></span> <span class='ocrx_word' id='word_1_787' title='bbox 2924 4803 2978 4856; x_wconf 92' lang='lat' dir='ltr'><strong>S.</strong></span> <span class='ocrx_word' id='word_1_788' title='bbox 3023 4803 3280 4859; x_wconf 90' lang='lat' dir='ltr'><strong>0dilonis</strong></span> <span class='ocrx_word' id='word_1_789' title='bbox 3333 4807 3472 4861; x_wconf 69' lang='lat' dir='ltr'><strong>Vitas</strong></span> <span class='ocrx_word' id='word_1_790' title='bbox 3505 4825 3535 4861; x_wconf 90' lang='lat' dir='ltr'><strong>a</strong></span> <span class='ocrx_word' id='word_1_791' title='bbox 3591 4811 3833 4880; x_wconf 86' lang='lat' dir='ltr'><strong>majori-</strong></span> 
     </span>
    </p>
   </div>
   <div class='ocr_carea' id='block_1_110' title="bbox 2123 4883 3830 4967">
    <p class='ocr_par' dir='ltr' id='par_1_110' title="bbox 2123 4883 3830 4967">
     <span class='ocr_line' id='line_1_110' title="bbox 2123 4883 3830 4967; baseline 0.011 -32"><span class='ocrx_word' id='word_1_792' title='bbox 2123 4883 2230 4937; x_wconf 88' lang='lat' dir='ltr'><strong>bus</strong></span> <span class='ocrx_word' id='word_1_793' title='bbox 2285 4885 2494 4938; x_wconf 88' lang='lat' dir='ltr'><strong>nostris</strong></span> <span class='ocrx_word' id='word_1_794' title='bbox 2540 4888 2706 4941; x_wconf 80' lang='lat' dir='ltr'><strong>editae</strong></span> <span class='ocrx_word' id='word_1_795' title='bbox 2757 4892 2774 4942; x_wconf 85' lang='lat' dir='ltr'><strong>l</strong></span> <span class='ocrx_word' id='word_1_796' title='bbox 2838 4890 3148 4947; x_wconf 79' lang='lat' dir='ltr'><strong>Januarii:</strong></span> <span class='ocrx_word' id='word_1_797' title='bbox 3208 4898 3264 4946; x_wconf 90' lang='lat' dir='ltr'><strong>et</strong></span> <span class='ocrx_word' id='word_1_798' title='bbox 3346 4896 3534 4964; x_wconf 90' lang='lat' dir='ltr'><strong>prima</strong></span> <span class='ocrx_word' id='word_1_799' title='bbox 3593 4898 3830 4967; x_wconf 87' lang='lat' dir='ltr'><strong>quidem</strong></span> 
     </span>
    </p>
   </div>
   <div class='ocr_carea' id='block_1_111' title="bbox 2123 4974 3831 5044">
    <p class='ocr_par' dir='ltr' id='par_1_111' title="bbox 2123 4974 3831 5044">
     <span class='ocr_line' id='line_1_111' title="bbox 2123 4974 3831 5044; baseline 0.011 -21"><span class='ocrx_word' id='word_1_800' title='bbox 2123 4987 2256 5041; x_wconf 89' lang='lat' dir='ltr'><strong>pag.</strong></span> <span class='ocrx_word' id='word_1_801' title='bbox 2295 4974 2357 5026; x_wconf 85' lang='lat' dir='ltr'><strong>l8</strong></span> <span class='ocrx_word' id='word_1_802' title='bbox 2389 4978 2447 5026; x_wconf 90' lang='lat' dir='ltr'><strong>et</strong></span> <span class='ocrx_word' id='word_1_803' title='bbox 2483 4975 2570 5041; x_wconf 84' lang='lat'><strong>26,</strong></span> <span class='ocrx_word' id='word_1_804' title='bbox 2633 4977 2916 5044; x_wconf 89' lang='lat' dir='ltr'><strong>posterior</strong></span> <span class='ocrx_word' id='word_1_805' title='bbox 2971 4994 3104 5034; x_wconf 89' lang='lat' dir='ltr'><strong>vero</strong></span> <span class='ocrx_word' id='word_1_806' title='bbox 3157 4997 3316 5037; x_wconf 91' lang='lat' dir='ltr'><strong>num.</strong></span> <span class='ocrx_word' id='word_1_807' title='bbox 3353 4986 3384 5036; x_wconf 86' lang='lat'><strong>6</strong></span> <span class='ocrx_word' id='word_1_808' title='bbox 3427 5000 3489 5037; x_wconf 89' lang='lat' dir='ltr'><strong>ac</strong></span> <span class='ocrx_word' id='word_1_809' title='bbox 3526 4987 3613 5040; x_wconf 83' lang='lat' dir='ltr'><strong>2t.</strong></span> <span class='ocrx_word' id='word_1_810' title='bbox 3652 4987 3730 5040; x_wconf 92' lang='lat' dir='ltr'><strong>De</strong></span> <span class='ocrx_word' id='word_1_811' title='bbox 3759 5004 3831 5043; x_wconf 84' lang='lat' dir='ltr'><strong>ea</strong></span> 
     </span>
    </p>
   </div>
   <div class='ocr_carea' id='block_1_112' title="bbox 2121 5059 3830 5136">
    <p class='ocr_par' dir='ltr' id='par_1_112' title="bbox 2121 5059 3830 5136">
     <span class='ocr_line' id='line_1_112' title="bbox 2121 5059 3830 5136; baseline 0.011 -25"><span class='ocrx_word' id='word_1_812' title='bbox 2121 5059 2583 5129; x_wconf 89' lang='lat' dir='ltr'><strong>peregrinatione</strong></span> <span class='ocrx_word' id='word_1_813' title='bbox 2641 5062 2785 5116; x_wconf 91' lang='lat' dir='ltr'><strong>nihil</strong></span> <span class='ocrx_word' id='word_1_814' title='bbox 2845 5074 3167 5122; x_wconf 89' lang='lat' dir='ltr'><strong>memorant</strong></span> <span class='ocrx_word' id='word_1_815' title='bbox 3210 5070 3514 5136; x_wconf 87' lang='lat' dir='ltr'><strong>Ditmarus,</strong></span> <span class='ocrx_word' id='word_1_816' title='bbox 3567 5074 3830 5130; x_wconf 84' lang='lat' dir='ltr'><strong>Chrono-</strong></span> 
     </span>
    </p>
   </div>
   <div class='ocr_carea' id='block_1_113' title="bbox 2121 5147 3830 5223">
    <p class='ocr_par' dir='ltr' id='par_1_113' title="bbox 2121 5147 3830 5223">
     <span class='ocr_line' id='line_1_113' title="bbox 2121 5147 3830 5223; baseline 0.012 -26"><span class='ocrx_word' id='word_1_817' title='bbox 2121 5147 2376 5216; x_wconf 89' lang='lat' dir='ltr'><strong>grapbus</strong></span> <span class='ocrx_word' id='word_1_818' title='bbox 2425 5148 2565 5202; x_wconf 90' lang='lat' dir='ltr'><strong>Saxo</strong></span> <span class='ocrx_word' id='word_1_819' title='bbox 2631 5157 2731 5204; x_wconf 88' lang='lat' dir='ltr'><strong>aut</strong></span> <span class='ocrx_word' id='word_1_820' title='bbox 2805 5156 3054 5223; x_wconf 67' lang='lat' dir='ltr'><strong>mquales</strong></span> <span class='ocrx_word' id='word_1_821' title='bbox 3127 5158 3246 5223; x_wconf 90' lang='lat' dir='ltr'><strong>alii,</strong></span> <span class='ocrx_word' id='word_1_822' title='bbox 3307 5175 3502 5215; x_wconf 89' lang='lat' dir='ltr'><strong>verum</strong></span> <span class='ocrx_word' id='word_1_823' title='bbox 3574 5177 3639 5215; x_wconf 91' lang='lat' dir='ltr'><strong>ex</strong></span> <span class='ocrx_word' id='word_1_824' title='bbox 3700 5164 3830 5220; x_wconf 85' lang='lat' dir='ltr'><strong>Vita</strong></span> 
     </span>
    </p>
   </div>
   <div class='ocr_carea' id='block_1_114' title="bbox 2119 5233 3824 5318">
    <p class='ocr_par' dir='ltr' id='par_1_114' title="bbox 2119 5233 3824 5318">
     <span class='ocr_line' id='line_1_114' title="bbox 2119 5233 3824 5318; baseline 0.012 -32"><span class='ocrx_word' id='word_1_825' title='bbox 2119 5233 2176 5288; x_wconf 93' lang='lat' dir='ltr'><strong>S.</strong></span> <span class='ocrx_word' id='word_1_826' title='bbox 2208 5235 2522 5290; x_wconf 83' lang='lat' dir='ltr'><strong>Meinwerci</strong></span> <span class='ocrx_word' id='word_1_827' title='bbox 2553 5236 2608 5290; x_wconf 90' lang='lat' dir='ltr'><strong>id</strong></span> <span class='ocrx_word' id='word_1_828' title='bbox 2642 5254 2758 5292; x_wconf 93' lang='lat' dir='ltr'><strong>non</strong></span> <span class='ocrx_word' id='word_1_829' title='bbox 2790 5239 3102 5312; x_wconf 86' lang='lat' dir='ltr'><strong>incongrue</strong></span> <span class='ocrx_word' id='word_1_830' title='bbox 3155 5246 3383 5316; x_wconf 89' lang='lat' dir='ltr'><strong>collegit</strong></span> <span class='ocrx_word' id='word_1_831' title='bbox 3435 5247 3824 5318; x_wconf 82' lang='lat' dir='ltr'><strong>Mabillonius,</strong></span> 
     </span>
    </p>
   </div>
   <div class='ocr_carea' id='block_1_115' title="bbox 2117 5321 3823 5396">
    <p class='ocr_par' dir='ltr' id='par_1_115' title="bbox 2117 5321 3823 5396">
     <span class='ocr_line' id='line_1_115' title="bbox 2117 5321 3823 5396; baseline 0.012 -22"><span class='ocrx_word' id='word_1_832' title='bbox 2117 5321 2424 5376; x_wconf 82' lang='lat' dir='ltr'><strong>Annalium</strong></span> <span class='ocrx_word' id='word_1_833' title='bbox 2457 5323 2557 5378; x_wconf 91' lang='lat' dir='ltr'><strong>lib.</strong></span> <span class='ocrx_word' id='word_1_834' title='bbox 2585 5339 2672 5392; x_wconf 76' lang='grc' dir='ltr'><strong>ιν,</strong></span> <span class='ocrx_word' id='word_1_835' title='bbox 2731 5341 2858 5396; x_wconf 87' lang='lat' dir='ltr'><strong>pag.</strong></span> <span class='ocrx_word' id='word_1_836' title='bbox 2891 5329 3015 5396; x_wconf 71' lang='grc'><strong>241,</strong></span> <span class='ocrx_word' id='word_1_837' title='bbox 3075 5329 3174 5385; x_wconf 90' lang='lat' dir='ltr'><strong>ubi</strong></span> <span class='ocrx_word' id='word_1_838' title='bbox 3226 5348 3340 5387; x_wconf 92' lang='lat' dir='ltr'><strong>non</strong></span> <span class='ocrx_word' id='word_1_839' title='bbox 3406 5335 3573 5389; x_wconf 90' lang='lat' dir='ltr'><strong>video</strong></span> <span class='ocrx_word' id='word_1_840' title='bbox 3624 5341 3823 5395; x_wconf 88' lang='lat' dir='ltr'><strong>curad</strong></span> 
     </span>
    </p>
   </div>
   <div class='ocr_carea' id='block_1_116' title="bbox 2118 5413 3825 5495">
    <p class='ocr_par' dir='ltr' id='par_1_116' title="bbox 2118 5413 3825 5495">
     <span class='ocr_line' id='line_1_116' title="bbox 2118 5413 3825 5495; baseline 0.012 -35"><span class='ocrx_word' id='word_1_841' title='bbox 2118 5423 2333 5462; x_wconf 90' lang='lat' dir='ltr'><strong>annum</strong></span> <span class='ocrx_word' id='word_1_842' title='bbox 2370 5413 2502 5464; x_wconf 79' lang='grc' dir='ltr'><strong>10ιό</strong></span> <span class='ocrx_word' id='word_1_843' title='bbox 2562 5419 2786 5466; x_wconf 85' lang='lat' dir='ltr'><strong>revocet</strong></span> <span class='ocrx_word' id='word_1_844' title='bbox 2845 5431 2974 5486; x_wconf 52' lang='lat' dir='ltr'><strong>quas.</strong></span> <span class='ocrx_word' id='word_1_845' title='bbox 3026 5420 3476 5489; x_wconf 73' lang='lat' dir='ltr'><strong>verosim‘llime,</strong></span> <span class='ocrx_word' id='word_1_846' title='bbox 3534 5424 3580 5477; x_wconf 90' lang='lat' dir='ltr'><strong>si</strong></span> <span class='ocrx_word' id='word_1_847' title='bbox 3615 5441 3719 5495; x_wconf 90' lang='lat' dir='ltr'><strong>per</strong></span> <span class='ocrx_word' id='word_1_848' title='bbox 3761 5428 3825 5482; x_wconf 88' lang='lat' dir='ltr'><strong>id</strong></span> 
     </span>
    </p>
   </div>
   <div class='ocr_carea' id='block_1_117' title="bbox 2118 5497 3817 5580">
    <p class='ocr_par' dir='ltr' id='par_1_117' title="bbox 2118 5497 3817 5580">
     <span class='ocr_line' id='line_1_117' title="bbox 2118 5497 3817 5580; baseline 0.014 -32"><span class='ocrx_word' id='word_1_849' title='bbox 2118 5502 2344 5566; x_wconf 81' lang='lat' dir='ltr'><strong>tempus</strong></span> <span class='ocrx_word' id='word_1_850' title='bbox 2369 5497 2513 5552; x_wconf 86' lang='lat' dir='ltr'><strong>facta</strong></span> <span class='ocrx_word' id='word_1_851' title='bbox 2567 5505 2717 5568; x_wconf 87' lang='lat' dir='ltr'><strong>sunt,</strong></span> <span class='ocrx_word' id='word_1_852' title='bbox 2779 5501 2849 5556; x_wconf 87' lang='lat' dir='ltr'><strong>ad</strong></span> <span class='ocrx_word' id='word_1_853' title='bbox 2905 5521 3120 5561; x_wconf 89' lang='lat' dir='ltr'><strong>annum</strong></span> <span class='ocrx_word' id='word_1_854' title='bbox 3157 5508 3291 5562; x_wconf 69' lang='grc'><strong>1014</strong></span> <span class='ocrx_word' id='word_1_855' title='bbox 3338 5511 3648 5580; x_wconf 86' lang='lat' dir='ltr'><strong>pertinent,</strong></span> <span class='ocrx_word' id='word_1_856' title='bbox 3677 5514 3817 5570; x_wconf 87' lang='lat' dir='ltr'><strong>dum</strong></span> 
     </span>
    </p>
   </div>
  </div>
