3940 6336
124 299 169 346 Π
1772 300 1810 351 Α

3182 338 3185 339 ν
3543 309 3611 359 78

120 430 309 484 nempe
334 430 442 485 per
475 415 866 486 Burgundiam
901 416 963 469 in
1010 416 1308 483 Alsatiam,
1340 421 1397 472 et
1448 418 1581 472 inde
1630 438 1657 468 «
1694 434 1799 489 per
1835 422 1881 474 A
1911 435 2070 473 mum
2100 421 2296 474 Natale
2330 420 2561 474 Domini
2588 421 2775 492 Papiae
2813 422 3147 489 celebrasse,
3182 447 3208 472 »
3251 426 3381 480 inde
3420 427 3623 507 ipsum/

123 502 380 557 Leodium
415 508 474 557 et
503 504 780 558 Trevirim
818 525 840 553 ι
891 504 1197 559 transitum
1250 505 1447 561 fecerit
1503 512 1565 561 ut
1626 508 1803 562 habet

124 590 275 643 citato
308 591 497 661 capite
533 594 893 662 Anonymus.

188 680 302 733 132.
337 679 562 739 Referri
595 685 886 734 merentur
915 696 1043 751 qua:
1074 679 1154 735 ibi
1188 681 1360 736 tradit
1389 682 1750 737 Mabillonius
1785 700 1799 737 :

128 771 500 838 uAnonymus
531 774 750 835 auctor,
804 768 902 839 qui
957 769 1170 823 librum
1231 770 1455 840 scripsit
1504 772 1573 825 de
1628 773 1800 827 rebus

123 856 281 925 gestis
309 855 465 910 beati
498 857 815 911 Meinwerci
842 857 1341 921 Paderbornensis,
1375 859 1526 913 haud
1560 860 1801 913 obscure

122 943 395 1014 signiﬁcat
443 945 749 998 Henricum
788 945 1193 1016 imperatorem
1227 946 1287 1000 in
1334 947 1516 1000 reditu
1545 963 1609 1000 ex
1662 946 1801 1001 urbe

127 1032 293 1086 Roma
323 1038 455 1102 post
483 1050 644 1087 suam
677 1034 1127 1099 coronationem,
1164 1050 1298 1087 cum
1356 1035 1567 1088 domno
1625 1034 1801 1088 Mein-

124 1135 287 1173 werco
345 1120 616 1190 episcopo
644 1121 955 1192 paucisque
1009 1121 1389 1175 familiaribus
1446 1122 1513 1176 ad
1572 1122 1801 1177 Clunia-

120 1224 271 1262 ceuse
314 1209 757 1279 monasterium,
808 1226 912 1280 pro
970 1226 1089 1264 sua:
1146 1209 1439 1279 religionis
1473 1211 1692 1264 fervore
1746 1215 1801 1264 et

118 1297 217 1350 situ
242 1298 353 1351 loci
385 1298 632 1352 maxime
674 1298 1057 1364 nominatum,
1093 1298 1416 1363 divertisse,
1482 1298 1799 1353 deducente

115 1386 289 1439 forsan
334 1386 575 1440 Odilone
604 1386 827 1453 abbate,
859 1386 958 1457 qui
990 1386 1179 1456 ipsum
1208 1386 1267 1440 in
1306 1385 1407 1440 illo
1440 1385 1646 1440 itinere
1704 1403 1796 1440 co-

114 1473 342 1526 mitatus
370 1473 586 1540 fuerat;
618 1474 888 1545 visusque
939 1489 1005 1527 ea
1034 1473 1435 1544 comprobasse
1466 1491 1613 1545 quae,
1647 1474 1799 1529 fama

115 1562 411 1629 referente,
443 1561 511 1615 de
543 1578 703 1616 sacro
733 1562 830 1616 illo
860 1562 1117 1616 cmnobio
1169 1567 1466 1633 acceperat
1493 1578 1505 1615 :
1559 1567 1797 1633 tumque

110 1665 374 1702 coronam
408 1666 643 1704 auream
697 1649 1192 1719 pretiosissimam,
1244 1651 1314 1704 ad
1365 1651 1610 1717 Missam,
1665 1668 1794 1722 quae
1826 1691 1866 1745 Β

110 1736 171 1789 de
201 1736 491 1791 Cathedra
511 1738 565 1792 S.
603 1738 756 1792 Petri
784 1739 1127 1809 appellatur,
1161 1739 1457 1806 obtulisse,
1485 1746 1561 1805 et,
1595 1740 1791 1804 frater-

109 1826 276 1878 nitate
338 1826 755 1880 monachorum
824 1826 1122 1880 humiliter
1191 1827 1366 1897 petita
1424 1832 1482 1880 et
1538 1833 1787 1897 accepta,

111 1914 366 1967 omnium
396 1913 633 1967 fratrum
694 1913 1061 1984 precibus-se
1092 1915 1546 1969 commendasse.
1581 1934 1609 1966 η
1665 1918 1793 1970 Haec

108 2007 154 2053 et
182 2002 377 2070 plura,
410 2002 481 2055 de
512 2002 637 2054 aliis
666 2001 955 2055 beneﬁciis
985 2003 1172 2057 eidem
1217 2004 1477 2058 caenobio
1509 2020 1542 2057 a
1589 2004 1792 2059 Sancto

106 2091 343 2155 collatis,
399 2090 772 2160 abductisque
821 2090 954 2144 inde
986 2091 1284 2145 monachis
1338 2108 1440 2162 pro
1494 2092 1793 2146 condendo

107 2177 455 2231 monasterio
515 2177 989 2247 Abdiughoﬁ'ensi
1032 2178 1156 2232 vide
1226 2178 1290 2232 ad
1349 2179 1502 2232 diem
1558 2196 1590 2231 v
1640 2179 1797 2232 Junii

105 2280 220 2335 cap.
254 2266 309 2320 4.
347 2282 405 2319 n.
428 2267 516 2329 26,
560 2281 690 2336 pag.
732 2268 864 2330 52];
898 2267 1020 2319 haec
1048 2282 1154 2319 nos
1184 2267 1356 2336 p'iulo
1407 2267 1638 2337 longius
1691 2268 1793 2319 ah-

106 2353 313 2408 duxere
336 2353 409 2407 ab
438 2353 511 2407 iis
553 2369 682 2423 qum
710 2358 842 2422 post
874 2355 1304 2407 coronationem
1361 2355 1636 2408 Romanae
1685 2355 1796 2424 ipsi

108 2442 365 2496 Ecclesiae
396 2442 639 2496 indulsit
659 2457 853 2495 recens
876 2444 1251 2512 inauguratus
1289 2447 1597 2510 Augustus,
1635 2459 1794 2513 quae-

107 2531 293 2601 quein
330 2530 491 2599 Pagii
526 2529 808 2584 Breviario
848 2532 1124 2600 explicata
1176 2530 1350 2584 habes
1397 2547 1429 2583 a
1458 2546 1590 2600 pag.
1647 2533 1749 2584 293
1780 2547 1792 2583 :

108 2620 312 2689 quibus
336 2618 484 2672 adde
507 2619 618 2671 alia
665 2617 1048 2672 liberalissimi
1094 2619 1330 2675 Caesaris
1380 2618 1586 2687 placita
1642 2619 1796 2688 apud

106 2708 397 2762 laudatum
465 2706 857 2761 Mabillonium
886 2722 1016 2776 pag.
1063 2708 1164 2760 237
1215 2711 1272 2759 et
1323 2709 1462 2773 239;
1514 2711 1685 2777 atque
1732 2723 1799 2761 ea

107 2796 339 2850 demum
371 2812 500 2866 quae
531 2812 633 2865 pro
680 2795 883 2849 dilecta
912 2794 1148 2848 ecclesia
1206 2795 1611 2864 Bambergensi
1652 2811 1798 2849 enu-

110 2889 287 2938 merat
319 2884 680 2938 Hofmannus
710 2884 814 2936 col.
847 2884 935 2937 49.

1910 508 1966 561 in
1995 508 2263 578 Apuliam
2316 509 2576 575 deducit;
2634 510 2726 564 cui
2766 510 3014 565 subactae
3064 513 3364 567 Ismaelem
3399 514 3607 585 praefe-

1910 601 2103 648 cerat:
2186 600 2310 649 tum
2367 595 2434 650 ad
2496 596 2744 650 Montem
2804 598 3104 667 Casinum,
3162 600 3261 654 ubi
3311 617 3343 654 a
3392 602 3606 655 calculo

1910 682 2180 737 liberatus
2228 684 2425 751 fuerit;
2485 702 2548 738 ac
2597 686 2851 751 demum,
2899 703 3060 741 num.
3110 691 3200 757 23,
3286 710 3310 739 ;‹
3367 691 3604 745 Romam

1908 786 2037 825 cum
2072 772 2305 826 domina
2333 774 2739 843 Chunigunda,
2776 791 2904 829 cum
2938 776 3236 846 triumpho
3269 794 3478 848 magno
3508 778 3604 832 in—

1907 864 2084 913 trasse
2115 860 2214 927 ait,
2247 861 2343 915 ubi
2374 877 2407 914 a
2450 861 2615 916 beato
2684 863 2990 917 Benedicto
3048 866 3202 934 Papa
3250 865 3496 936 benigne
3549 871 3606 920 et

1904 946 2220 1001 honoriﬁce
2243 952 2651 1017 susceptus...”
2705 950 2947 1003 solemni
2993 950 3419 1018 benedictione,
3468 969 3600 1008 cum

1908 1035 2156 1088 universi
2186 1036 2388 1105 populi
2444 1036 2829 1091 inaestimabili
2874 1040 3247 1093 exsultatione
3298 1041 3359 1094 in
3416 1042 3600 1095 Cmsa-

1905 1137 2025 1175 rem
2089 1127 2145 1176 et
2196 1123 2607 1193 imperatorem
2685 1131 3043 1180 consecratus
3100 1127 3191 1180 sit.
3229 1151 3253 1172 »
3318 1128 3599 1182 Nimirum

1906 1210 2156 1263 confusze
2187 1211 2279 1264 hic
2311 1215 2444 1265 sunt
2469 1211 2617 1265 bime
2667 1213 3052 1282 expeditiones
3107 1213 3316 1268 Italicas
3345 1216 3401 1271 S.
3449 1217 3600 1270 Hen-

1904 1297 2029 1362 rici,
2062 1313 2271 1368 nempe
2321 1299 2439 1352 haec
2465 1315 2579 1370 qua
2609 1300 2729 1353 sola
2786 1302 3077 1355 coronatio
3126 1302 3285 1356 brevi
3344 1308 3600 1372 tempore

1905 1392 2136 1457 paracta
2166 1391 2270 1453 est,
2305 1403 2435 1441 cum
2469 1387 2581 1441 alia
2607 1389 2741 1459 palo
2786 1389 2970 1443 fusius
3015 1390 3165 1444 infra
3219 1391 3549 1461 explicanda
3582 1411 3594 1444 :

1907 1474 2059 1545 quod
2090 1474 2253 1528 facile
2285 1475 2616 1532 advertisset
2640 1476 2902 1547 scriptor,
2936 1476 2983 1530 si
3013 1478 3395 1532 coronationis
3422 1479 3595 1539 diem,

1908 1578 2111 1633 nempe
2140 1579 2229 1616 xxv
2259 1563 2570 1631 Februarii,
2590 1565 2912 1634 expressius
2946 1566 3257 1636 signasset;
3283 1566 3411 1637 quis
3442 1567 3594 1620 enim

1906 1650 2067 1704 facile
2122 1651 2410 1722 concipiat
2436 1652 2489 1706 S.
2527 1652 2833 1706 Henricum
2866 1654 3061 1707 Natale
3119 1654 3346 1708 Domini
3408 1655 3597 1724 Papias

1907 1738 2237 1802 celebrasse,
2275 1740 2410 1794 inde
2434 1740 2768 1810 subjugasse
2795 1742 3087 1811 Apuliam,
3115 1749 3287 1813 atque
3318 1743 3378 1797 in
3409 1743 3596 1797 Monte

1906 1827 2107 1881 Casino
2161 1844 2379 1897 aegrum
2440 1829 2797 1895 decubuisse,
2858 1830 3097 1884 Romam
3158 1816 3391 1886 interim
3464 1832 3597 1885 satis

1904 1916 2240 1985 tempestive
2273 1917 2524 1987 attigisse
2559 1924 2621 1971 ut
2663 1918 2811 1971 dicto
2872 1918 2960 1972 die
2991 1935 3080 1973 xxv
3136 1920 3428 1973 Februarii
3480 1921 3592 1974 im-

1904 2003 2247 2073 peratoriam
2311 2004 2812 2074 inaugurationem
2870 2007 3198 2076 susciperet.
3274 2009 3399 2061 Non
3461 2008 3593 2061 satis

1907 2095 2035 2160 apta
2054 2092 2414 2157 temporibus
2445 2092 2561 2145 suis
2584 2092 2777 2147 isthmc
2807 2093 2989 2147 divisa
3028 2099 3180 2161 sunt,
3242 2112 3369 2165 quae
3421 2095 3595 2149 etiam

1908 2178 2099 2231 omnia
2131 2179 2242 2232 huc
2272 2180 2413 2233 falso
2461 2180 2742 2233 revocavit
2774 2180 3114 2234 Hofmanrus
3145 2183 3251 2235 col.
3323 2186 3390 2237 50
3436 2185 3597 2253 cujus

1907 2282 1972 2319 ea
2002 2266 2223 2320 facilius
2275 2267 2581 2334 admisero,
2634 2285 2763 2338 quae
2812 2268 3021 2324 ibidem
3069 2270 3243 2324 refert
3270 2287 3431 2326 num.
3488 2277 3594 2337 79;

1906 2360 2027 2407 tum
2061 2371 2193 2407 vero
2220 2356 2479 2425 sequenti
2513 2357 2582 2410 de
2635 2356 2963 2426 compositis
3021 2374 3125 2428 per
3168 2358 3290 2412 haec
3343 2364 3601 2430 tempora

1907 2458 2036 2496 cum
2068 2443 2401 2497 Gundecaro
2435 2444 2772 2513 Eystetteusi
2823 2444 2892 2499 de
2923 2445 3134 2500 ﬁnibus
3164 2447 3599 2516 Bamhergeusis

1907 2531 2158 2585 ecclesiae
2191 2533 2619 2586 controversiis.

1981 2622 2099 2673 135.
2135 2622 2265 2673 Post
2296 2620 2466 2674 citata
2513 2621 2771 2690 proxime
2808 2622 3044 2676 Ditmari
3094 2624 3287 2693 verba,
3345 2625 3457 2677 alia
3516 2626 3600 2680 in-

1908 2712 2287 2774 terseruntur,
2340 2724 2469 2778 quas
2516 2713 2843 2778 temporum
2894 2710 3100 2764 seriem
3165 2710 3427 2764 nonnihil
3477 2716 3599 2765 tur-

1908 2796 2044 2849 bare
2123 2800 2374 2866 possent,
2428 2796 2538 2849 nisi
2587 2812 2654 2850 ex
2718 2796 2984 2850 distincto
3041 2798 3363 2852 charactere
3413 2800 3599 2869 posito

1909 2899 2040 2954 pag.
2109 2884 2213 2937 402
2279 2888 2568 2938 constaret
2600 2890 2860 2938 sanctum
2926 2884 3332 2955 imperatorem
3391 2888 3603 2941 Pascha

177 2974 301 3026 133.
367 2972 563 3041 Neque
616 2986 743 3023 vero
797 2970 1201 3040 praetereunda
1256 2974 1389 3023 sunt
1444 2986 1573 3041 quae
1627 2970 1800 3024 habet
1835 2964 1873 3017 C
1911 2972 2225 3026 celebrasse
2264 2971 2325 3025 in
2379 2972 2709 3042 Merseburg
2738 2989 2829 3027 an.
2889 2976 3046 3034 1015,
3078 2989 3192 3043 quo
3235 2974 3431 3044 vigilia
3487 2977 3599 3030 Re-

110 3059 422 3122 Ditmarus,
453 3057 523 3111 ad
579 3072 745 3126 quem
783 3057 991 3111 iterum
1027 3058 1220 3124 redeo,
1272 3057 1342 3112 de
1400 3059 1662 3112 instituto
1698 3074 1801 3127 per

107 3146 156 3200 S.
199 3146 516 3200 Henricum
543 3147 873 3215 episcopatu
918 3145 1186 3200 Robiensi
1235 3146 1573 3217 priusquam
1633 3147 1798 3201 Italia

107 3235 425 3288 excederet.
465 3254 491 3281 α
526 3234 590 3287 In
612 3234 701 3287 his
738 3234 1018 3304 partibus,
1070 3234 1279 3305 inquit,
1336 3235 1523 3289 Caesar
1582 3234 1797 3304 episco-

106 3328 328 3392 patum,
359 3320 512 3391 quod
538 3326 660 3375 erat
679 3322 909 3376 tertium
938 3322 1127 3376 devoti
1158 3322 1347 3392 operis
1376 3322 1465 3375 sui
1496 3339 1803 3375 ornamen-

104 3417 249 3473 tum,
306 3410 371 3463 iu
419 3409 590 3463 Bobia
645 3410 894 3478 civitate,
952 3411 1051 3463 ubi
1107 3410 1459 3464 Christicolae
1524 3410 1703 3464 sancti
1751 3415 1805 3464 et

103 3497 445 3552 confessoris
469 3497 665 3567 inclyti
696 3498 1083 3552 Columbanus
1108 3503 1165 3551 et
1211 3499 1402 3552 Attale.
1433 3498 1805 3567 corporaliter

104 3586 500 3658 requiescunt,
544 3586 841 3640 communi
886 3586 1125 3640 consilio
1159 3590 1215 3640 et
1262 3586 1492 3640 licentia
1537 3602 1807 3654 compro-

106 3674 441 3729 vincialium
518 3674 921 3745 episcoporum
978 3674 1325 3740 construxit;
1382 3674 1517 3744 quia
1583 3690 1808 3727 summa

107 3762 435 3826 necessitas,
471 3765 545 3826 et,
580 3776 709 3832 qum
740 3778 867 3815 eam
891 3762 1186 3832 praecellit,
1222 3762 1430 3815 Christi
1463 3760 1708 3815 charitas
1735 3762 1807 3815 ad

108 3851 214 3905 hoc
235 3850 554 3919 instigavit.
589 3850 689 3904 Hic
716 3865 846 3903 cum
873 3850 1119 3903 maxima
1152 3849 1532 3919 prosperitate
1558 3853 1614 3902 et
1673 3848 1807 3917 glo-

107 3940 190 3994 ria
217 3939 466 4010 Alpinas
495 3943 729 4008 superat
758 3937 1143 4002 difﬁcultates,
1187 3955 1250 3991 ac
1283 3942 1495 3990 nostra;
1553 3936 1810 4008 regionis

107 4029 249 4083 adiit
282 4026 643 4095 serenitates,
676 4027 811 4098 quia
840 4026 989 4080 aeris
1019 4032 1075 4081 et
1122 4025 1515 4079 habitatorum
1566 4024 1810 4096 qualita-

112 4122 194 4171 tes
221 4114 451 4171 nostris
473 4130 584 4169 non
616 4114 963 4169 concordant
994 4114 1274 4184 partibus.
1304 4134 1327 4163 ι
1361 4113 1519 4167 Mitto
1561 4128 1691 4183 quae
1721 4111 1812 4165 hic

114 4205 380 4260 odiosius
415 4202 474 4257 in
509 4202 910 4290 Lougobardos
941 4202 1196 4292 aliosque
1228 4206 1459 4292 torquet
1493 4201 1809 4292 Ditmarus;
1841 4240 1884 4292 Β

111 4295 251 4348 satis
293 4293 372 4346 sit
402 4292 556 4346 hunc
586 4283 802 4345 annum
852 4291 987 4345 1014
1040 4307 1170 4344 cum
1230 4290 1355 4359 ipso
1406 4289 1695 4343 absolvere
1758 4294 1815 4342 et

110 4384 361 4436 alterum
404 4380 698 4443 inchoare,
749 4379 836 4433 his
866 4378 1096 4432 verbis:
1165 4398 1191 4429 α
1244 4379 1564 4448 Imperator
1621 4381 1813 4429 autem

110 4468 467 4525 trauscensis
504 4468 761 4538 Alpibus,
818 4466 1134 4536 ceterisque
1166 4465 1559 4535 adjacentibus
1589 4464 1816 4535 provin-

109 4560 210 4612 ciis
278 4556 533 4627 regendo
587 4556 851 4621 decursis,
915 4556 1107 4609 Natale
1141 4554 1366 4608 Domini
1397 4553 1706 4608 celebravit
1754 4552 1813 4605 in

111 4646 345 4711 Palithi,
383 4650 439 4699 et
464 4649 593 4714 post
623 4645 742 4697 haec
772 4643 839 4697 ad
871 4642 1202 4712 Merseburg
1232 4642 1483 4707 veniens,
1541 4640 1813 4695 Boleslavi

115 4736 295 4789 ﬁdem
320 4739 381 4788 et
408 4732 686 4786 auxilium
706 4731 822 4785 suis
849 4730 1100 4783 innotuit
1124 4730 1410 4795 ﬁdelibus,
1437 4736 1495 4783 et
1520 4736 1581 4783 ut
1619 4728 1689 4782 ab
1734 4729 1815 4781 eis

116 4824 184 4877 ad
212 4821 669 4883 excusationem,
702 4824 802 4872 aut
846 4818 1077 4872 indictae
1106 4818 1189 4873 rei
1241 4818 1725 4881 emendationem,
1769 4815 1816 4868 is

116 4916 441 4970 vocaretur,
499 4906 796 4961 unanimes
842 4907 1041 4976 poscit.
1074 4926 1095 4953 ι
1137 4910 1322 4977 Atque
1364 4907 1484 4959 haic
1532 4921 1599 4958 eo
1652 4909 1817 4974 pacto

114 5007 272 5053 recte
306 4996 583 5067 disposita
613 5000 748 5048 sunt
783 4999 839 5047 et
868 4994 1035 5048 annis
1062 4994 1179 5046 suis
1220 4999 1347 5063 apte
1396 4993 1627 5058 innexa,
1688 5007 1818 5062 quae

116 5088 187 5141 ab
216 5085 510 5157 aliquibus
531 5099 648 5137 non
705 5098 909 5152 parum
957 5082 1285 5148 turbantur,
1318 5087 1442 5136 tum
1491 5079 1620 5134 aliis
1678 5096 1819 5133 cou-

118 5175 244 5229 fusa
279 5180 337 5227 et
366 5171 695 5226 commixta.

191 5264 316 5316 134.
353 5263 417 5315 In
446 5274 649 5314 eorum
684 5273 925 5312 numero
956 5257 1317 5312 collocandus
1344 5261 1429 5310 est
1478 5256 1568 5310 hic
1624 5260 1821 5309 auctor

124 5352 265 5405 Vitae
292 5350 347 5405 S.
384 5346 725 5411 Mcinwerci,
753 5346 852 5416 qui
885 5361 1007 5417 cap.
1057 5347 1113 5414 4,
1146 5360 1308 5400 num.
1342 5348 1431 5406 22,
1491 5360 1821 5398 memorans

121 5456 146 5486 α
176 5438 231 5491 S.
295 5435 625 5499 Henricum,
679 5431 950 5501 subjectis
980 5431 1249 5485 omnibus
1289 5434 1348 5485 et
1377 5431 1435 5483 iu
1469 5429 1820 5484 deditionem

124 5524 376 5579 reductis
404 5537 532 5594 quas
582 5518 863 5574 rebellare
906 5523 1265 5575 tentaverant
1321 5517 1583 5587 urbibus,
1639 5515 1823 5587 proxi-

1911 3059 2276 3112 surrectionis
2298 3058 2498 3113 incidit
2518 3059 2576 3113 in
2601 3077 2631 3111 v
2656 3060 2786 3113 Idus
2810 3061 3042 3130 Aprilis,
3078 3061 3150 3113 ab
3169 3060 3290 3131 ipso
3340 3078 3602 3132 expresse

1911 3146 2200 3217 signatum
2228 3164 2241 3213 ;
2274 3148 2542 3202 Paschate
2572 3146 2863 3202 incidente
2898 3148 2959 3201 in
2993 3165 3045 3202 1v
3071 3149 3203 3202 Idus
3226 3166 3327 3203 seu
3359 3151 3509 3205 diem
3566 3169 3598 3206 χ

1912 3237 2169 3305 ejusdem
2201 3235 2459 3289 mensis:
2498 3256 2519 3283 ο
2574 3235 2635 3288 in
2692 3236 2863 3290 Ctena
2915 3240 3107 3290 autem
3164 3237 3418 3305 Domini,
3451 3258 3480 3291 »
3529 3239 3607 3293 ait

1914 3325 2223 3388 Ditmarus,
2254 3340 2312 3377 se
2350 3344 2372 3370 ι
2407 3324 2655 3377 chrisma
2693 3323 2754 3377 in
2783 3324 2906 3393 ejus
2936 3325 3242 3393 praesentia
3297 3326 3603 3397 indignum

1915 3410 2289 3465 benedixisse.
2329 3433 2348 3457 ι
2384 3410 2475 3465 Sic
2506 3427 2609 3481 pro
2639 3427 2706 3464 eo
2740 3426 2888 3463 anno
2921 3398 3599 3480 Chronographus'Saxo:

1919 3520 1940 3544 ι
1978 3498 2253 3552 Henricus
2284 3499 2600 3568 imperator
2634 3500 2695 3551 in
2752 3498 3010 3551 Walbike
3065 3498 3220 3552 diem
3278 3500 3604 3554 Palmamm

1917 3602 2111 3655 agens,
2167 3586 2399 3639 nuntios
2452 3587 2521 3639 de
2579 3587 2736 3638 Italia
2788 3586 2896 3638 sibi
2954 3585 3012 3638 in
3069 3593 3421 3640 sacramenta
3470 3605 3602 3642 con-

1918 3674 2163 3743 strinxit,
2195 3679 2250 3727 et
2305 3674 2438 3728 inde
2468 3674 2774 3743 digressus,
2811 3674 3140 3743 Mersehurg
3190 3675 3458 3729 Paschale
3526 3677 3606 3730 fe-

1871 3792 1879 3800 -
1920 3767 2068 3814 stum
2100 3762 2342 3831 peregit,
2379 3761 2477 3814 ubi
2511 3761 2792 3815 Bolizlavo
2833 3761 3026 3814 omnia
3056 3777 3318 3831 munera,
3349 3778 3476 3833 quae
3522 3764 3607 3816 illi

1922 3849 2173 3913 miserat,
2198 3849 2514 3902 simulcum
2542 3849 2727 3918 gratia
2777 3849 2984 3919 perdit,
3040 3849 3178 3902 dum
3226 3849 3391 3902 illum
3452 3850 3604 3919 lega-

1920 3935 2075 3988 tione
2135 3934 2382 4004 superha
2410 3933 2681 3987 infestum
2711 3933 3034 3987 reddidit.»
3088 3936 3215 3987 Haec
3261 3935 3410 3988 viam
3458 3942 3607 3989 ster-

1923 4028 2070 4075 nunt
2095 4022 2161 4076 ad
2198 4022 2466 4092 repetitas
2497 4022 2862 4075 excursiones
2893 4027 2951 4075 et
2991 4021 3140 4075 bella
3192 4023 3378 4077 rarius
3438 4025 3612 4077 inter-

1924 4116 2090 4181 rupta
2124 4128 2248 4164 cum
2320 4111 2571 4164 Boleslao
2623 4116 2759 4163 tunc
2817 4110 3021 4163 acriter
3072 4115 3250 4179 gesta,
3292 4111 3352 4163 iu
3402 4113 3611 4181 quibus

1924 4200 2079 4253 vario
2114 4204 2291 4253 marte
2322 4204 2643 4268 pugnatum
2672 4203 2775 4263 est,
2825 4204 2887 4251 ut
2932 4198 3059 4251 istic
3098 4204 3153 4251 et
3195 4198 3344 4267 apud
3397 4201 3610 4253 Ditma-

1925 4303 2051 4340 rum
2085 4287 2266 4340 fusius
2299 4285 2408 4356 legi
2452 4290 2665 4357 potest;
2696 4302 2824 4338 cum
2858 4285 2925 4338 ad
2975 4292 3238 4338 nostrum
3286 4287 3610 4341 institutum

1924 4391 2038 4427 non
2072 4374 2253 4443 magis
2295 4374 2622 4443 pertineant
2649 4389 2822 4443 quam
2880 4377 3238 4426 recurrentes
3268 4373 3454 4427 denuo
3515 4375 3612 4427 de-

1926 4462 2216 4533 plorandas
2252 4477 2381 4515 cum
2413 4460 2850 4515 Corheiensibus
2882 4459 3177 4513 monachis
3220 4460 3615 4515 contentiones

1925 4550 2076 4619 apud
2105 4550 2421 4603 Ditmarum
2465 4565 2594 4619 pag.
2626 4550 2752 4615 403,
2787 4548 2855 4601 ad
2884 4563 3024 4617 quas
3079 4547 3405 4602 excitandas
3461 4565 3612 4603 non-

1922 4639 2141 4692 nullam
2169 4643 2388 4706 partem
2425 4636 2689 4689 habuisse
2744 4635 2797 4690 S.
2833 4635 3247 4698 Meinwercum,
3300 4637 3614 4691 Paderbor-

1924 4741 2157 4780 nensem
2190 4725 2543 4795 episcopum,
2576 4725 2747 4794 paulo
2771 4722 3091 4777 distinctius
3132 4724 3448 4794 exploravit
3505 4727 3616 4779 Ma-

1924 4814 2195 4868 billonius
2265 4813 2448 4867 citatis
2494 4812 2811 4865 Annalibus
2881 4811 2952 4864 ad
3004 4811 3155 4864 hunc
3211 4827 3427 4875 annum
3483 4828 3613 4883 pag.

1925 4902 2049 4967 2-12,
2080 4917 2194 4971 quo
2227 4900 2467 4954 lectores
2505 4898 2872 4952 remittimus.

2002 4992 2119 5043 136.
2154 4989 2498 5060 Sequentem
2547 5002 2761 5040 annum
2796 4987 2928 5040 1016
2983 4984 3212 5038 inchoat
3269 4985 3620 5057 Chronogra-

1926 5078 2120 5148 phus:
2166 5078 2544 5147 «Imperator
2591 5074 2845 5128 Natalem
2904 5072 3127 5128 Domini
3183 5072 3242 5126 in
3286 5074 3620 5127 Patelbrun-

1928 5181 2060 5219 nem
2111 5164 2326 5218 festivis
2382 5162 2605 5233 peregit
2666 5160 2934 5232 gaudiis:
2988 5158 3239 5229 posthaec
3287 5161 3620 5229 Popponem

1934 5252 2222 5322 [.uilpoldi
2254 5251 2590 5307 Marchionis
2621 5249 2827 5316 ﬁlium,
2887 5253 2943 5302 et
3006 5247 3482 5316 Baveubergensis
3529 5265 3623 5303 ec-

1931 5342 2115 5395 clesiae
2161 5339 2563 5411 praepositum,
2595 5335 2917 5392 Trevirensi
2973 5335 3303 5404 praefecerat
3348 5335 3498 5390 urbi.
3562 5339 3626 5391 Et

1931 5444 2060 5481 cum
2104 5427 2151 5480 is
2182 5427 2252 5480 ab
2304 5424 2694 5480 Erchenbaldo
2763 5418 3141 5492 Mogontiensi
3196 5421 3625 5494 archiepiscopo

1925 5516 2088 5587 jussu
2123 5514 2360 5568 Caesaris
2405 5518 2461 5567 et
2490 5511 2718 5566 licentia
2768 5504 3140 5563 Virdunensis
3192 5509 3447 5582 episcopi
3504 5512 3625 5583 (qui
