3940 6352
343 325 408 376 79
1637 321 1691 374 S.
1738 317 2031 374 IIENRICI
2076 316 2549 372 IMI'ERATORIS
3761 321 3825 372 80

341 446 559 516 primus
590 444 795 497 horum
821 441 877 495 in
914 441 1113 495 ordine
1139 432 1510 510 confratrum)
1562 442 1876 496 consecrari
1935 441 2026 495 dc-
2055 444 2099 494 A
2139 440 2268 494 dem
2299 441 2420 510 ejus
2452 454 2629 493 unum
2663 437 2944 491 facturum
2993 438 3482 493 monasterium.»
3519 441 3652 506 Pag.
3679 441 3776 494 414
3812 458 3824 494 :

341 533 588 596 buisset;
622 546 652 582 a
678 529 1009 584 Thiederico
1051 529 1280 583 Metensi
1321 529 1598 598 antistite,
1624 546 1689 582 eo
1724 529 1875 599 quod
1912 547 1939 582 a
1971 545 2029 580 se

333 621 543 689 justius
575 621 695 672 haec
721 617 1006 671 ordinatio
1036 617 1161 670 ﬁeri
1193 617 1442 685 deberet,
1485 618 1711 671 assidua
1761 619 2029 670 acclama-

340 710 517 770 tione,
550 707 867 776 humilique
891 706 1164 781 petitione
1186 706 1241 758 id
1265 706 1545 759 incassum
1574 706 1985 777 prohibebatur
2011 720 2026 758 :

340 811 475 849 nam
532 795 846 862 imperator
912 795 1083 860 hunc,
1133 795 1343 865 scripta
1409 795 1920 858 demonstrantcm,
1974 797 2028 846 et

340 882 600 936 banuoid
625 882 1078 947 interdicentem,
1113 899 1228 936 non
1261 883 1566 947 exaudivit,
1601 888 1658 935 et
1695 883 2024 935 unctionem

337 970 782 1038 fecitcompleri.
820 989 846 1020 )›
881 970 1038 1023 Adde
1084 969 1172 1023 his
1224 971 1408 1023 varias
1466 970 1790 1040 principum
1842 969 2026 1038 parti-

337 1057 616 1111 cularium
647 1057 954 1110 discordias
986 1063 1084 1110 aut
1131 1059 1304 1110 armis
1359 1063 1458 1110 aut
1508 1058 1688 1111 amica
1742 1055 2025 1126 composi-

335 1146 492 1199 tione
532 1145 763 1214 sopitas,
815 1152 869 1198 et
899 1150 1203 1215 perpetuas
1243 1145 1458 1198 inimici
1505 1161 1730 1215 semper
1785 1143 2024 1198 Boleslai

336 1233 713 1302 incursiones,
748 1234 817 1287 de
848 1234 1056 1303 quibus
1090 1234 1377 1286 Ditmarus
1406 1249 1585 1304 usque
1621 1233 1690 1287 ad
1723 1247 1854 1302 pag.
1897 1233 2020 1285 406.

337 1319 529 1374 Eidem
575 1327 848 1390 prmterea
904 1337 1053 1374 anno
1111 1321 1393 1391 afligenda
1439 1326 1569 1374 sunt
1625 1337 1753 1392 quae
1809 1320 2023 1374 ibidem

339 1408 637 1478 subjungit
663 1409 731 1461 de
760 1429 786 1456 ‹‹
818 1409 1077 1477 proxima
1109 1409 1435 1462 Palmarum
1470 1408 1829 1478 jucunditate
1863 1428 1890 1456 »
1951 1408 2021 1461 ab

333 1497 679 1565 imperatore
749 1516 774 1546 «
835 1513 961 1550 cum
1020 1498 1283 1563 Henrico,
1342 1496 1656 1549 venerabili
1705 1497 2018 1550 Wircibur-

336 1583 499 1653 geusi
531 1584 794 1653 episcopo
823 1585 1122 1653 completa,
1181 1601 1244 1637 ac
1292 1600 1451 1637 coma
1503 1584 1729 1636 Domini
1787 1591 1844 1638 et
1891 1601 2022 1654 pas-

339 1671 514 1731 sione.
550 1677 668 1724 tum
707 1672 956 1724 Paschali
987 1671 1237 1742 tripudio
1265 1671 1675 1724 honorabiliter
1705 1671 1765 1724 in
1805 1672 2018 1724 Baven-

337 1758 479 1828 berg
502 1758 764 1828 peractis,
799 1778 826 1806 »
871 1764 981 1811 etc.
1026 1760 1170 1828 Lege
1193 1774 1322 1828 qua:
1357 1758 1564 1812 ibidem
1591 1763 1919 1812 attexuntur
1949 1761 2018 1814 de

337 1845 642 1916 Rudolpho
677 1847 1020 1916 Burgundio:
1051 1862 1181 1916 rege
1213 1847 1400 1900 Sancti
1441 1847 1738 1914 avunculo,
1782 1863 2024 1916 regnum

338 1949 506 1986 suum
555 1949 659 2002 per
720 1934 1085 1986 donationem
1146 1934 1195 1986 ei
1251 1934 1529 1999 tradente,
1585 1935 1734 2004 quod
1791 1934 2025 1988 biennio

336 2026 482 2091 post,
527 2021 825 2074 accedente
859 2037 1160 2091 procerum
1215 2037 1514 2084 consensu,
1564 2021 1673 2075 fuit
1733 2022 2028 2075 conﬁrma-

336 2114 493 2174 tum;
520 2110 656 2162 item
685 2114 918 2161 eventus
947 2109 1086 2161 alios
1116 2109 1286 2161 etiam
1319 2109 1684 2178 Anglicanos,
1719 2125 1862 2180 quos
1885 2126 2022 2163 enu-

335 2211 556 2250 merare
589 2213 701 2250 non
727 2200 906 2249 vacat.
940 2197 1021 2250 Ad
1055 2198 1110 2251 S.
1168 2197 1472 2250 Henricum
1530 2197 1678 2251 redit
1735 2198 2024 2251 Ditmarus

335 2301 468 2355 pag.
500 2287 622 2350 4l2,
657 2285 736 2339 ita
762 2285 1049 2339 scribens:

410 2375 566 2426 i37.«
614 2378 772 2428 Anno
826 2373 1134 2426 Dominicze
1195 2373 1610 2427 Incarnationis
1665 2373 1837 2445 [uxvu
1898 2375 2019 2427 Kal.

331 2460 614 2532 Junuarii]
649 2462 962 2530 imperator
998 2477 1027 2512 a
1081 2460 1308 2527 Palitlii,
1341 2461 1440 2513 ubi
1469 2462 1775 2516 celebravit
1829 2463 2025 2515 Natale

338 2550 583 2616 Domini,
627 2550 842 2617 exiens,
874 2550 929 2603 in
963 2549 1170 2602 Alstidi
1213 2549 1588 2619 Epiphaniam
1652 2549 1878 2603 Domini
1930 2566 2021 2603 so-

333 2637 603 2690 lemniter
632 2639 871 2707 peregit.
907 2659 935 2685 »
963 2638 1140 2690 Paulo
1171 2635 1408 2690 inferius
1437 2653 1449 2690 :
1487 2659 1512 2685 ‹‹
1540 2637 1733 2690 Nuntii
1774 2639 1842 2691 de
1863 2638 2020 2692 Italia

331 2724 442 2778 huc
464 2726 753 2779 venientes
778 2725 1202 2792 gradulabundi
1234 2725 1302 2778 ad
1351 2742 1450 2778 sua
1483 2726 1758 2792 redeunt;
1798 2745 1824 2776 »
1855 2725 1893 2779 ii
1919 2726 2023 2780 for-

331 2819 477 2866 tasse
533 2814 697 2884 quia
751 2814 1052 2868 Benedicto
1100 2815 1207 2867 PP.
1270 2814 1391 2866 VIII
1441 2813 1738 2868 attulerint
1780 2835 1808 2863 «
1867 2816 2023 2868 aurei

332 2901 589 2970 capitalis
642 2902 981 2967 ornamenti,
1038 2901 1279 2954 invicem
1363 2901 1658 2970 gemmati,
1719 2923 1739 2949 »
1805 2903 2020 2973 reginas

2144 549 2171 577 «
2204 530 2525 598 Imperator
2551 533 2741 580 autem
2769 526 3027 591 audiens,
3059 526 3432 579 contectalem
3463 541 3623 578 suam
3655 525 3829 577 levius

2140 617 2371 684 habere,
2429 620 2484 669 et
2548 621 2741 669 votum
2789 613 2988 668 fecisse
3049 614 3312 676 Domino,
3375 619 3562 681 grates
3615 612 3828 666 Christo

2139 705 2408 775 persolvit
2437 721 2504 757 ex
2535 704 2747 757 animo.
2780 724 2807 750 »
2839 703 3015 755 Paulo
3039 702 3187 756 infra
3228 719 3241 756 :
3279 723 3306 751 ‹‹
3339 702 3527 756 Caesar
3576 717 3706 753 vero
3761 701 3828 752 ad

2139 793 2420 846 orientem
2446 793 2702 854 tendens,
2736 790 3161 861 imperatricem
3197 791 3263 844 ad
3314 806 3373 843 se
3412 790 3473 842 in
3525 789 3665 852 loco,
3729 788 3829 858 qui

2138 881 2637 937 Patherbrnnnum
2695 879 2920 945 dicitur,
2968 878 3161 932 venire
3216 879 3402 949 jubet.
3462 878 3599 931 Inde
3660 877 3829 929 ambo

2135 985 2318 1039 usque
2341 968 2408 1021 ad
2451 967 2798 1037 Magdeburg
2828 966 3086 1036 profecti.
3122 985 3150 1017 »
3182 967 3266 1020 Ad
3305 966 3416 1019 alia
3449 965 3656 1019 deinde
3708 963 3832 1017 loca

2135 1055 2306 1109 simul
2331 1055 2570 1126 profecti
2597 1060 2746 1116 sunt,
2806 1055 3005 1116 donec,
3041 1076 3068 1104 α
3125 1070 3378 1122 regressa
3441 1052 3828 1124 imperatrice,

2134 1144 2468 1213 cmterisque
2491 1142 2905 1212 compluribus,
2936 1141 3130 1212 ipse,»
3175 1144 3507 1211 imperator,
3544 1162 3572 1189 «
3620 1147 3832 1194 turma-

2133 1229 2235 1282 tim
2285 1229 2593 1300 processit;
2630 1249 2657 1277 »
2712 1243 2921 1298 nempe
2965 1244 3095 1281 cum
3140 1227 3364 1298 ingenti
3405 1227 3655 1280 exercitu
3717 1228 3828 1280 Bo-

2134 1317 2308 1371 leslao
2340 1317 2670 1378 imminens,
2705 1332 2876 1387 quem
2909 1321 3032 1370 toto
3063 1315 3180 1369 fere
3201 1316 3422 1386 reliquo
3471 1332 3620 1369 anno
3675 1315 3830 1369 inse-

2131 1411 2294 1459 cutus
2318 1409 2418 1460 est.
2460 1407 2587 1458 Haec
2615 1407 2788 1475 paulo
2818 1405 3050 1458 uberius
3108 1404 3348 1458 deducta
3395 1403 3487 1457 hic
3537 1404 3717 1458 voluit
3767 1407 3832 1457 ut

2130 1492 2490 1547 manifestius
2517 1498 2726 1563 pateat,
2755 1509 2926 1563 quam
2951 1508 3063 1546 non
3085 1493 3221 1546 satis
3263 1508 3514 1562 congrue
3545 1492 3613 1545 ad
3675 1492 3831 1545 hunc

2131 1598 2344 1635 annum
2382 1585 2513 1635 1017
2547 1581 2904 1635 referendam
2959 1580 3247 1633 censuerit
3298 1581 3648 1634 Hofmannus
3679 1581 3828 1633 cele-

2129 1669 2438 1723 berrimam
2499 1669 2657 1722 illam
2716 1669 2765 1723 S.
2819 1668 3187 1738 Cunegundis
3235 1684 3338 1736 per
3382 1684 3639 1722 vomeres
3697 1684 3829 1720 can-

2138 1756 2335 1810 dentes
2389 1757 2810 1827 probationem,
2862 1772 2990 1827 qute
3046 1756 3208 1810 alteri
3259 1757 3464 1810 melius
3520 1757 3830 1809 convenire

2135 1845 2387 1917 potuisse
2453 1845 2693 1899 videtur.
2770 1845 2986 1899 Cetera
3058 1844 3184 1898 vide
3275 1845 3538 1915 superius
3620 1849 3676 1898 et
3753 1845 3828 1899 ad

2137 1950 2196 1987 ιιι
2229 1933 2434 1988 Martii.

2209 2023 2327 2075 139.
2391 2021 2459 2075 Ut
2514 2020 2738 2074 nullum
2787 2035 3001 2074 annum
3059 2020 3193 2074 vitae
3262 2037 3378 2074 suae
3425 2020 3834 2091 largitionibus

2137 2109 2353 2163 Ctesare
2386 2108 2575 2178 dignis
2600 2124 2839 2162 vacuum
2889 2125 3011 2162 esse
3051 2109 3230 2162 voluit
3280 2109 3335 2162 S.
3399 2109 3694 2175 Henricus,
3748 2111 3832 2163 sic

2135 2204 2192 2250 et
2219 2197 2372 2250 hunc
2400 2197 2458 2250 in
2507 2213 2618 2267 quo
2672 2211 2966 2250 versamur
3015 2196 3296 2249 illustrem
3355 2197 3622 2265 reddidit,
3681 2200 3831 2249 teste

2139 2286 2390 2338 Ditmaro
2420 2301 2550 2354 pag.
2594 2287 2715 2338 3l6.
2779 2284 2958 2338 Verba
3003 2284 3126 2353 ejus
3161 2285 3336 2338 recito
3371 2301 3384 2338 :
3421 2305 3448 2333 «
3498 2284 3832 2352 Insequenti

2136 2373 2431 2427 Dominica
2497 2373 2605 2433 die,
2665 2371 2721 2426 id
2753 2378 2836 2425 est
2892 2389 2949 2425 ιιι
3003 2373 3189 2425 Nonas
3246 2371 3584 2425 Novembris
3640 2371 3833 2426 Caesar

2134 2461 2422 2532 quoddam
2451 2461 2750 2530 praedium,
2803 2459 3051 2529 Bogalici
3086 2465 3368 2527 vocatum,
3395 2460 3548 2530 quod
3593 2463 3716 2512 tum
3757 2460 3831 2513 ab

2135 2549 2410 2602 Hatholdo
2443 2549 2622 2602 milite
2684 2547 2790 2601 sibi
2849 2549 3057 2618 placito
3113 2547 3410 2618 acquisivit
3467 2547 3831 2614 concamhio,

2133 2636 2514 2690 confratribus
2541 2636 2747 2688 nostris
2786 2636 2845 2688 in
2899 2636 3226 2705 Merseburg
3267 2635 3490 2688 Christo
3542 2635 3831 2688 famulan-

2132 2725 2285 2778 tibus
2317 2725 2493 2786 dedit,
2529 2729 2586 2777 et
2628 2725 2814 2777 locum
2845 2724 3153 2794 quemdam
3181 2724 3250 2776 ab
3298 2725 3537 2793 Hagero,
3569 2723 3831 2793 praedicti

2131 2812 2372 2865 senioris
2403 2828 2698 2882 germano,
2731 2812 2926 2865 decem
2965 2812 3190 2865 talentis
3248 2812 3462 2880 argenti
3521 2827 3830 2881 compara-

2128 2905 2275 2968 tum,
2327 2901 2656 2954 eorumdem
2735 2900 3074 2954 utilitatibus
3129 2901 3601 2960 accommodavit,
3673 2916 3830 2969 prte-

332 2988 765 3056 Saracenorum,
803 2989 998 3042 Romae
1029 2989 1212 3058 capite
1263 2989 1465 3058 plexm,
1508 3009 1528 3036 ι
1584 2977 1829 3059 partem,
1890 3007 2019 3059 quae
2051 2984 2091 3038 C
2128 2987 2423 3057 ceptisque
2474 2988 2684 3041 suimet
2763 2987 2981 3040 ﬁrmari
3033 2989 3326 3057 praecepit.
3384 2988 3520 3040 Tres
3595 3003 3830 3058 quoque

331 3077 488 3130 mille
517 3077 677 3130 libris
698 3077 1206 3145 computabuntur,
1238 3094 1264 3125 ι)
1296 3080 1358 3128 ut
1378 3076 1723 3144 precedenti
1751 3093 1883 3147 pag.
1918 3079 2012 3132 411

329 3164 482 3218 idem
529 3165 812 3217 Ditmarus
843 3168 1281 3217 memoraverat.
1318 3182 1345 3212 tt
1389 3165 1801 3218 Gratulabundi
1838 3187 1864 3214 »
1919 3183 2020 3220 au-

331 3257 444 3305 tem
476 3272 504 3299 ‹‹
561 3251 851 3305 redierent
895 3252 1104 3316 nuntii,
1139 3271 1165 3299 »
1222 3251 1374 3321 quod
1427 3252 1709 3320 postulata
1753 3253 2021 3308 adversus

331 3340 639 3394 Saracenos
663 3344 719 3392 et
764 3339 989 3393 Graecos
1023 3339 1232 3392 auxilia
1290 3339 1603 3393 addixisset
1635 3340 1842 3407 Caesar,
1891 3357 2019 3411 quae

329 3433 520 3481 tamen
553 3427 754 3497 quinto
784 3426 1015 3480 demum
1047 3431 1176 3496 post
1199 3442 1351 3479 anno
1382 3427 1733 3497 suppeditari
1763 3432 2018 3496 potuere.

332 3535 360 3563 «
384 3517 495 3569 Iter
523 3515 888 3585 imperatoris
920 3515 986 3568 ad
1022 3515 1374 3569 occidentem
1404 3515 1764 3585 dispositum,
1796 3517 1870 3569 ob
1914 3517 2018 3570 vias

330 3603 696 3673 asperitatem
759 3607 843 3655 est
893 3603 1155 3656 dilatum.
1223 3604 1540 3672 Imperator
1589 3603 1696 3657 hoc
1739 3604 1891 3673 quod
1953 3621 2015 3658 ex

329 3697 491 3761 parte
520 3690 780 3744 Bolislavi
811 3695 1058 3760 rogatus,
1093 3691 1316 3758 laudat;
1387 3691 1717 3744 convenisse
1756 3691 1824 3744 ad
1886 3708 2016 3746 eum

329 3778 617 3848 principes
646 3794 798 3845 suos,
832 3783 887 3831 et
916 3779 960 3831 si
993 3779 1129 3849 quid
1155 3778 1288 3832 boni
1337 3779 1506 3832 vellet
1562 3779 1670 3831 sibi
1723 3779 2014 3846 exhibere,

330 3882 456 3920 cum
491 3883 691 3919 eorum
750 3865 992 3921 concilio
1049 3867 1294 3920 libenter
1330 3866 1610 3936 acciperet
1645 3882 1657 3920 :
1709 3868 2019 3923 mittuntur

327 3955 570 4008 invicem
644 3955 853 4020 nuntii,
915 3961 971 4008 et
1029 3954 1273 4009 induciae
1326 3959 1638 4024 ponuntur.
1700 3976 1728 4004 »
1784 3957 2014 4012 Interim

332 4063 359 4090 «
390 4045 704 4113 Imperator
730 4042 1193 4097 Puriﬁcationem
1223 4048 1431 4097 sanctae
1466 4043 1564 4098 Dei
1595 4044 1889 4099 Genitricis
1921 4063 2018 4101 no-

325 4131 545 4185 biscum
602 4131 867 4185 celebrat.
915 4132 1170 4185 Postheec
1219 4131 1468 4202 episcopi
1529 4136 1583 4185 et
1641 4133 1877 4187 comites
1942 4137 2014 4190 ob

2131 3076 2393 3130 ecclesias
2422 3075 2480 3128 in
2516 3075 2668 3146 Lipzi
2701 3081 2754 3128 et
2785 3076 2842 3129 in
2877 3075 3137 3143 Olscinzi,
3169 3092 3233 3129 ac
3286 3076 3346 3128 in
3393 3075 3583 3130 Gusna
3611 3075 3833 3146 positas

2131 3163 2274 3217 mihi
2300 3163 2593 3216 concessit.
2619 3163 2682 3217 In
2712 3164 2818 3217 hoc
2856 3164 3077 3218 vernali
3103 3168 3363 3234 tempore
3396 3163 3548 3217 idem
3581 3179 3830 3219 aureum

2131 3252 2306 3304 altare
2337 3251 2408 3305 ad
2468 3252 2641 3305 decus
2690 3252 2939 3304 ecclesiae
2989 3251 3254 3305 fabricari
3295 3252 3547 3321 jusserat
3595 3257 3826 3317 nostrm,

2130 3339 2197 3393 ad
2226 3340 2376 3409 quod
2407 3355 2513 3410 ego
2542 3356 2604 3393 ex
2646 3339 2870 3410 antiqui
2919 3340 3113 3393 altaris
3169 3339 3350 3393 nostri
3407 3345 3640 3410 sumptu
3696 3342 3831 3394 auri

2127 3444 2225 3482 sex
2253 3428 2428 3481 libras
2461 3428 2609 3482 dedi.
2644 3449 2671 3477 »
2707 3429 2864 3482 Circa
2923 3428 3183 3482 medium
3251 3429 3621 3482 Decembrem
3654 3430 3829 3483 Bam-

2126 3517 2358 3586 bergam
2403 3515 2654 3586 primum
2709 3516 2970 3586 pervenit
3022 3517 3363 3586 Imperator,
3421 3517 3520 3570 ubi
3579 3537 3607 3565 «
3671 3518 3827 3572 Hen-

2126 3606 2329 3671 ricum,
2380 3605 2671 3675 quondam
2727 3604 3092 3658 Bavariorum
3133 3604 3360 3670 ducem,
3403 3610 3461 3658 et
3513 3608 3649 3659 tunc
3693 3611 3827 3660 octo

2126 3706 2309 3745 annos
2359 3696 2414 3745 et
2468 3708 2615 3762 pene
2669 3696 2756 3745 tot
2807 3706 3052 3757 menses,
3087 3707 3188 3744 sua
3239 3691 3564 3761 depositum
3626 3694 3822 3764 culpa,

2127 3780 2380 3850 pristinis
2426 3779 2676 3834 restituit
2725 3779 3038 3847 honoribus
3113 3778 3204 3833 die
3258 3780 3581 3847 Dominica;
3628 3803 3656 3831 ››
3709 3799 3830 3852 quo

2126 3872 2385 3938 tempore
2417 3884 2584 3921 nemo
2622 3867 2850 3934 dixerit,
2903 3867 3129 3920 Henrici
3185 3868 3346 3921 istius
3398 3883 3651 3922 sororem
3707 3871 3827 3925 Cu-

2124 3955 2439 4028 nigundem
2461 3955 2530 4009 ad
2562 3956 2960 4026 probationem
3005 3956 3195 4010 vocari
3240 3957 3510 4026 potuisse.
3558 3959 3629 4012 Ut
3687 3973 3827 4013 cum

2124 4044 2381 4098 Ditmaro
2410 4065 2438 4093 «
2464 4045 2884 4098 conclusionem
2913 4043 3050 4097 anni
3103 4043 3337 4110 faciam;
3364 4063 3390 4094 ι)
3447 4046 3620 4100 verbo
3679 4048 3831 4118 adji-

2125 4133 2270 4186 ciam
2302 4131 2794 4186 coutirmationem
2825 4129 2882 4186 a‘
2916 4132 3121 4186 Sancto
3174 4133 3506 4187 monasterii
3564 4135 3827 4190 Kemna-

326 4223 720 4288 contemptum
762 4219 1048 4284 Bolislavi,
1084 4235 1139 4271 se
1180 4218 1445 4286 fallentis,
1504 4219 1692 4273 tristes
1751 4221 2010 4276 advenie-
2044 4231 2086 4284 ι)
2125 4220 2337 4286 densis,
2374 4219 2590 4290 praadia
2617 4219 2865 4274 ecclesiae
2906 4220 3389 4274 Parderbornensi
3416 4222 3647 4290 donata,
3683 4225 3828 4278 alia-

324 4306 482 4372 bant,
533 4313 589 4360 et
641 4307 1003 4376 imperatoris
1047 4311 1301 4360 mentem
1361 4307 1570 4377 apertis
1629 4309 2013 4378 legationibus

321 4394 654 4448 incendunt.
689 4395 770 4448 Ibi
797 4400 932 4449 tunc
952 4396 1020 4449 de
1051 4395 1243 4450 futura
1273 4395 1632 4465 expeditione
1653 4402 1946 4453 tractatur.
1982 4420 2010 4448 »

323 4482 634 4536 Videantur
657 4487 777 4536 tota
796 4483 890 4535 illa
924 4499 1055 4553 pag.
1085 4483 1188 4537 413
1219 4484 1385 4554 plura
1415 4484 1468 4539 S.
1525 4484 1750 4539 Henrici
1794 4484 1856 4538 in
1906 4502 2007 4538 va-

323 4569 436 4622 rias
470 4569 735 4622 ecclesias
787 4569 1086 4636 beneficia,
1142 4586 1174 4624 a
1224 4571 1432 4641 quibus
1477 4572 1750 4626 nimirum
1790 4588 2008 4626 cessare

323 4673 434 4711 non
466 4663 716 4711 noverat.

391 4747 548 4799 138.‹‹
582 4745 802 4798 Palmas
834 4747 949 4800 Rex
975 4745 1224 4800 celebrat
1253 4747 1312 4801 in
1346 4748 1655 4818 Magontia,
1709 4751 1767 4801 et
1808 4746 1868 4800 in
1910 4749 2008 4802 In-

318 4832 565 4902 gelheim
597 4833 828 4899 Pascha,
863 4837 918 4887 et
949 4834 1009 4887 in
1065 4835 1155 4888 his
1183 4835 1444 4905 partibus
1479 4835 1664 4906 magis
1688 4835 2006 4890 honoriﬁce

318 4936 383 4974 ac
411 4922 748 4991 potestative
807 4939 1102 4993 nunquam
1155 4923 1280 4977 fuit.
1345 4925 1409 4977 Et
1454 4924 1589 4998 quia
1647 4923 1720 4976 ob
1785 4928 2005 4978 tantam

317 5009 740 5063 solemnitatem
791 5011 1038 5064 maxime
1083 5011 1295 5065 ibidem
1350 5009 1505 5063 ﬁniri
1552 5026 1668 5064 non
1715 5016 2002 5081 poterant,

315 5096 385 5150 ad
411 5096 757 5167 Aquisgrani
789 5098 1024 5167 ponitur
1053 5101 1384 5161 conventus,
1417 5101 1473 5150 et
1507 5101 1645 5150 tunc
1694 5097 1812 5151 illic
1873 5115 2003 5152 cum

314 5184 552 5239 consilio
583 5186 863 5240 I-Ieriberti
898 5186 1336 5257 aschipreesulis,
1375 5185 1766 5239 Thiedericum
1793 5187 2004 5240 Meten-

313 5289 436 5326 sem
455 5274 786 5344 episcopum
809 5279 864 5327 et
879 5274 1184 5328 Henricum
1211 5274 1443 5328 fratrem
1473 5273 1733 5342 placavit.
1784 5273 2004 5343 Regina

312 5366 502 5415 autem
544 5361 933 5432 Cunegundis,
967 5378 999 5414 a
1050 5360 1423 5415 Francoforde
1459 5377 1493 5414 a
1551 5362 1769 5416 Caesare
1815 5363 2001 5416 disce-

312 5447 474 5512 dens,
501 5464 630 5503 cum
658 5449 729 5503 ad
758 5451 968 5514 locum,
1003 5447 1100 5519 qui
1142 5448 1459 5518 Capungun
1511 5448 1740 5517 dicitur,
1789 5451 1996 5514 venire,

310 5534 658 5606 inﬁrmatur,
691 5542 749 5592 et
792 5537 876 5592 ibi
897 5541 1033 5592 tunc
1064 5536 1306 5591 Domino
1349 5537 1617 5607 promisit
1663 5554 1724 5594 se
1762 5539 1831 5594 ad
1877 5540 1997 5594 lau-

2123 4317 2234 4378 que
2264 4308 2585 4363 istiusmodi
2645 4324 2893 4379 quorum
2944 4308 3323 4364 instrumenta
3353 4310 3580 4365 exhibet
3649 4312 3830 4368 Scha-

2124 4403 2289 4451 tenus
2328 4413 2359 4451 a
2388 4412 2519 4467 pag.
2553 4399 2676 4452 422.

2197 4486 2315 4539 140.
2387 4485 2470 4539 Ad
2556 4502 2772 4539 annum
2832 4487 2967 4540 1018
3023 4485 3345 4556 ingressum
3407 4489 3624 4557 praebet
3704 4490 3831 4546 Dit-

2120 4589 2314 4627 marus
2365 4573 2502 4627 dum
2558 4590 2690 4644 pag.
2750 4575 2854 4627 418
2908 4573 2986 4626 ait
3041 4573 3471 4643 Imperatorem.
3517 4581 3647 4646 post
3683 4578 3828 4632 bre-

2120 4661 2404 4714 vissimam
2467 4677 2708 4729 moram,
2751 4680 2778 4712 (ι
2826 4660 2894 4714 ab
2943 4661 3270 4732 Baveuberg
3301 4662 3709 4734 discedentem,
3746 4670 3827 4722 ad

2123 4749 2440 4819 Wirciburg
2469 4749 2676 4820 primo,
2727 4749 2976 4818 denique
3025 4749 3096 4802 ad
3148 4750 3510 4805 Francofordi
3562 4754 3826 4824 venisse,

2114 4838 2446 4909 ibidemque
2527 4837 2886 4892 nativitatem
2952 4837 3311 4892 Dominicam
3400 4839 3612 4893 festivis
3679 4858 3824 4912 per-

2115 4927 2298 4996 egisse
2321 4926 2564 4996 gaudiis.
2604 4947 2624 4974 »
2681 4925 2816 4980 Inde
2857 4925 2928 4980 ad
2985 4924 3199 4979 librum
3247 4930 3508 4980 octavum
3568 4933 3624 4981 et
3680 4930 3824 4984 vitae

2115 5029 2279 5083 aeque
2310 5029 2374 5066 ac
2412 5012 2672 5068 Chronici
2705 5012 2792 5065 sui
2819 5011 3091 5066 ultimum
3118 5014 3424 5076 transiens,
3457 5015 3684 5069 orditur
3754 5019 3823 5072 in

2113 5101 2266 5154 hunc
2295 5101 2529 5154 modum
2567 5117 2578 5153 :
2611 5119 2637 5149 α
2669 5102 2834 5154 Anno
2873 5099 3183 5155 Dominicee
3217 5102 3633 5156 Iucarnationi’s
3667 5106 3822 5159 mil—

2112 5188 2313 5243 lesimo
2342 5177 2684 5253 xxn,ilndic.
2732 5191 2815 5255 11,
2845 5204 2993 5241 anno
3051 5194 3245 5243 autem
3295 5190 3524 5243 Domini
3575 5193 3821 5247 Henrici

2113 5277 2257 5346 Imp.
2290 5279 2436 5347 Aug.
2470 5261 2582 5345 xvi,
2625 5277 2857 5347 imperii
2895 5281 3087 5331 autem
3144 5293 3220 5342 vr,
3273 5278 3639 5333 Circumcisio
3694 5281 3820 5335 Do-

2111 5364 2325 5418 minica
2380 5370 2436 5418 et
2513 5365 2884 5434 Theophania
2959 5365 3021 5418 in
3090 5365 3364 5436 pradicta
3439 5366 3666 5422 civitate
3735 5371 3819 5425 ab

2110 5453 2311 5506 eodem
2341 5453 2747 5506 venerabiliter
2779 5452 3090 5522 colebatur,
3123 5458 3435 5525 posteaque
3484 5457 3648 5526 jussu
3699 5475 3815 5513 suo

2109 5544 2165 5595 et
2184 5539 2412 5594 assidua
2442 5539 2706 5594 Bolislavi
2744 5539 2904 5595 ducis
2960 5540 3398 5613 supplicatione,
3458 5542 3518 5597 in
3549 5543 3815 5615 quadam
