3940 6314
131 348 185 398 81

3569 344 3639 394 8'2

134 464 293 529 urbe,
331 464 603 520 Budissin
636 465 805 535 dicta,
837 481 869 519 a
907 466 1125 520 Gerone
1160 469 1215 519 et
1266 465 1562 538 Arnulpho
1608 465 1824 536 episco-
1856 468 1901 519 A
1938 467 2143 521 Sancto
2194 466 2491 537 subjnngit
2540 483 2552 521 :
2602 490 2622 515 ι
2681 468 2757 521 De
2822 468 3168 537 Imperatore
3226 470 3419 521 nostro
3494 465 3638 520 mihi

136 554 337 624 pis.....
402 570 518 624 pax
574 554 946 608 sacramentis
1000 554 1225 609 ﬁrmata
1278 557 1362 608 est
1401 571 1461 608 ιιι
1547 554 1669 608 Kal.
1731 554 1829 607 Fe-

134 642 372 707 bruarii,
428 659 545 696 non
604 648 667 696 ut
727 641 939 710 decuit,
1005 643 1103 697 sed
1146 646 1210 696 ut
1260 646 1395 696 tunc
1442 641 1569 696 ﬁeri
1621 642 1831 711 potuit,

132 729 443 800 electisque
527 729 821 784 obsidibus
908 729 1172 798 acceptis,
1249 728 1508 799 praedicti
1582 728 1833 781 seniores

133 820 345 872 reversi
370 824 524 873 sunt.
587 838 614 869 ι)
652 818 987 888 Ilujusmodi
1036 817 1254 872 iteratae
1301 817 1510 887 saepius
1553 833 1683 871 cum
1721 817 1830 869 Bo-

132 907 303 962 leslao
335 907 751 961 transactiones
793 910 1146 960 constantem
1187 922 1385 976 pacem
1418 906 1660 975 imperio
1715 921 1831 958 non

134 995 458 1060 reddidere,
517 999 579 1049 ut
643 996 994 1050 demonstrat
1046 994 1314 1065 deinceps
1354 994 1637 1064 pluribus,
1701 1010 1829 1063 qua:

134 1084 240 1138 huc
272 1100 390 1138 non
434 1083 747 1155 pertinent,
807 1082 887 1136 uti
916 1099 1017 1137 nec
1070 1083 1375 1152 gentilium
1425 1081 1829 1136 abominandae.

133 1172 590 1242 superstitiones,
625 1172 697 1225 ad
730 1188 867 1242 quas
901 1190 928 1222 ς(
957 1172 1143 1226 Caesar
1167 1170 1416 1241 graviter
1450 1169 1763 1239 suspirasse
1795 1189 1822 1221 ιο

134 1260 340 1313 dicitur
385 1276 519 1330 pag.
570 1261 693 1325 420,
748 1275 860 1330 qua
931 1258 1163 1313 demum
1230 1276 1297 1312 ea
1353 1257 1647 1327 subjungit
1698 1274 1828 1327 qua:

134 1364 318 1418 nuper
350 1346 676 1417 attigimus.
718 1348 919 1413 «1am,
981 1346 1169 1418 inquit
1201 1347 1486 1400 Ditmarus
1542 1346 1825 1399 declinam

131 1436 197 1489 ab
228 1434 340 1501 his,
383 1438 441 1487 et
491 1434 694 1504 loquar
738 1433 1102 1503 Imperatoris
1152 1433 1329 1486 nostri
1386 1432 1825 1503 prosperitatem

131 1538 317 1591 nuper
348 1521 456 1575 sibi
487 1527 763 1576 exortam.
797 1522 1122 1575 Avunculus
1167 1537 1416 1591 namque
1471 1537 1625 1585 suus,
1687 1523 1825 1574 Bur-

127 1611 491 1680 gundionum
544 1627 641 1664 rex
744 1610 1097 1680 Rudolphus,
1159 1625 1428 1663 coronam
1507 1613 1561 1662 et
1617 1609 1826 1662 suimet

127 1704 421 1769 sceptrum
453 1714 584 1753 cum
617 1714 789 1752 uxore
812 1715 915 1752 sua
940 1704 998 1752 et
1031 1697 1307 1767 privignis
1336 1714 1400 1751 ac
1449 1696 1823 1767 optimatibus

126 1786 412 1840 universis
470 1786 578 1839 sibi
638 1785 929 1852 concessit,

126 1874 511 1940 conﬁrmatio,
568 1880 870 1945 actumque
928 1878 1012 1927 est
1067 1873 1208 1926 illud
1277 1872 1689 1943 Mogontiw.....
1770 1876 1825 1925 et

123 1978 234 2016 xm
264 1963 382 2015 kal.
417 1962 629 2032 Aprilis
660 1978 867 2032 magna
897 1962 961 2015 ﬁt
1010 1961 1070 2015 in
1123 1960 1442 2031 Nuimagen
1490 1960 1757 2030 synodus.
1794 1981 1821 2007 ››

126 2052 327 2105 Cetera
358 2050 419 2103 in
452 2051 607 2104 fonte
634 2051 875 2121 legenda
905 2056 1057 2103 sunt.

199 2142 317 2194 141.
368 2139 450 2195 Ad
507 2140 683 2193 ﬁnem
714 2138 901 2208 operis
957 2153 1197 2207 vergens
1252 2136 1560 2202 Ditmarus,
1615 2136 1821 2207 gratis-

123 2228 337 2280 simum
386 2243 523 2296 erga
591 2228 870 2281 Cassarem
927 2225 1184 2279 animum
1216 2224 1413 2279 testari
1445 2241 1559 2278 non
1591 2223 1820 2289 desinit,

124 2332 250 2385 pag.
284 2315 389 2369 5'22
420 2314 671 2385 insignia
700 2314 810 2367 alia
843 2314 905 2368 in
936 2312 1231 2366 ecclesiam
1285 2327 1448 2365 suam
1492 2310 1699 2365 collata
1753 2310 1821 2363 ab

125 2420 189 2457 eo
246 2403 531 2457 beneﬁcia
616 2418 970 2457 enumerans.
1062 2424 1082 2449 «
1135 2401 1373 2470 Oportet
1419 2406 1611 2453 autem
1664 2404 1823 2453 tuam

126 2493 266 2547 scire
312 2492 589 2563 pietatem
646 2492 795 2561 regis
852 2489 1029 2543 nostri
1065 2494 1121 2543 et
1176 2489 1541 2557 Imperatoris
1596 2486 1823 2542 Henrici

128 2582 543 2635 multiformem
630 2578 1085 2633 benevolentiam
1175 2576 1425 2631 ecclesias
1510 2576 1820 2629 exhibitam

126 2676 358 2735 nostrae,
413 2670 482 2724 de
539 2686 651 2739 qua
704 2674 923 2738 partem
995 2667 1305 2737 quamdam
1353 2665 1613 2735 superius
1666 2681 1820 2718 com-

127 2758 432 2829 prehendi,
485 2758 759 2825 majorem
811 2773 943 2809 vero
999 2754 1136 2825 quia
1179 2753 1551 2807 indiscussam
1592 2752 1818 2821 reliqui,

126 2863 279 2901 nunc
300 2846 547 2899 scribere
603 2844 704 2898 tibi
757 2845 1037 2915 optimum
1092 2842 1241 2896 duxi.
1300 2842 1433 2894 Vide
1486 2846 1547 2893 ut
1594 2840 1821 2894 assidua

131 2934 525 2989 recordatione
582 2932 667 2986 tui
701 2932 775 2986 sit
818 2936 1137 2997 renovator,
1185 2936 1242 2984 et
1288 2930 1623 2983 iudeﬁciens
1670 2928 1822 2982 auxi-

126 3025 296 3077 liator
327 3021 625 3087 nostri,nt
688 3020 1038 3090 temporibus
1084 3020 1215 3077 illis,
1273 3018 1333 3071 in
1392 3018 1601 3087 quibus
1664 3017 1823 3070 deest

126 3128 252 3181 Spes
329 3110 573 3174 miseris,
662 3113 718 3162 et
774 3109 1025 3163 ecclesia:
1097 3105 1666 3175 Merseburgensi.....

126 3200 261 3270 quia
321 3205 548 3267 tempus
609 3213 721 3250 non
779 3201 863 3249 est
946 3195 1314 3265 singulariter
1374 3209 1641 3247 enarrare
1692 3208 1821 3261 qua:

130 3287 429 3358 preceptis
460 3286 717 3357 ejusdem
761 3285 1096 3339 conﬁrmata
1158 3284 1371 3353 poteris
1428 3282 1640 3349 videre,
1702 3281 1823 3333 haec

127 3378 245 3431 sola
274 3377 508 3445 assigno
543 3390 694 3444 quaz,
758 3373 1086 3426 auctoritate
1117 3371 1390 3435 carentia,
1448 3370 1821 3439 imposternm

128 3465 368 3518 forsitan
416 3464 673 3535 peritura
721 3464 896 3517 timeo
988 3463 1267 3531 :,Sanctas
1345 3459 1823 3513 victoriosissimae

129 3553 315 3607 crucis
382 3557 605 3623 partem
671 3568 799 3605 cum
868 3550 1071 3604 ceteris
1143 3550 1477 3604 Sanctorum
1542 3547 1819 3616 reliquiis,

130 3644 385 3694 etaltare
434 3656 696 3702 aureum,
742 3638 986 3709 gemmis
1030 3638 1342 3691 honoriﬁce
1390 3636 1739 3693 distinctum,
1769 3640 1825 3688 et

132 3729 383 3797 pixidem
438 3744 672 3781 auream
721 3727 1007 3797 lapidibus
1049 3725 1312 3796 pretiosis
1367 3728 1651 3786 ornatam,
1710 3724 1821 3776 col-

130 3818 543 3887 lectariumque
570 3832 699 3869 cum
754 3815 1030 3884 impensis
1076 3813 1342 3884 propriis,
1403 3804 1459 3866 et
1488 3813 1661 3865 etiam
1712 3828 1822 3864 no-

129 3908 258 3961 stris
288 3907 623 3960 decoratnm
654 3920 783 3958 cum
816 3904 1041 3958 duobus
1068 3902 1377 3957 thuribulis
1437 3918 1499 3954 ac
1551 3904 1823 3971 argenteo

129 3995 379 4057 bicareo,
415 3995 573 4063 larga
620 4009 791 4047 manu
816 3994 1003 4047 Caesar
1041 3997 1253 4045 nostra;
1276 3990 1434 4044 dedit
1480 3988 1818 4041 ecclesiae...

128 4084 232 4137 Sed
276 4082 413 4153 quia
445 4081 514 4135 de
566 4081 841 4136 melliﬂua
874 4080 1131 4150 ejusdem
1187 4078 1399 4148 pietate
1457 4076 1591 4128 satis
1638 4075 1823 4129 dicere

131 4186 501 4240 nequaquam
582 4169 823 4233 sufﬁcio,
878 4168 948 4222 de
991 4184 1095 4221 sua
1174 4164 1623 4231 conversatione,
1682 4164 1826 4216 sicut

130 4258 428 4329 proposui,
464 4257 772 4311 ordinatim
827 4256 1110 4326 explicare
1165 4254 1474 4307 studiosius
1532 4251 1759 4305 anhelo.
1800 4272 1819 4298 ι

130 4350 267 4411 Quae
333 4347 553 4399 utinam
632 4346 700 4399 ab
766 4345 890 4415 ipso
966 4342 1235 4414 explicari
1318 4339 1653 4410 potuissent,
1725 4338 1894 4416 quin

132 4439 308 4490 ﬁnem
356 4435 485 4489 vita:
537 4452 603 4487 eo
658 4451 805 4488 anno
888 4433 1021 4487 fecit
1080 4449 1091 4485 :
1152 4432 1257 4485 sub
1314 4430 1549 4493 exitum,
1600 4428 1824 4499 opinor,

133 4542 269 4578 nam
321 4525 474 4577 ultra
563 4522 956 4592 Septembrem
1034 4519 1360 4574 Chronicon
1434 4533 1603 4570 suum
1694 4530 1825 4587 per-

131 4613 312 4668 duxit.

208 4702 329 4755 142.
370 4700 438 4753 Ut
487 4698 724 4769 reliqua,
757 4698 825 4752 ad
878 4698 1030 4751 hunc
1064 4710 1279 4750 annum
1338 4694 1655 4764 spectantia
1696 4709 1830 4763 pau-

136 4787 215 4841 cis
241 4788 565 4847 decurram,
623 4801 752 4855 pag.
810 4786 914 4840 423
976 4785 1075 4852 ait,
1126 4803 1154 4834 α
1208 4784 1638 4852 Imperatorem,
1703 4784 1830 4850 post

139 4876 370 4945 longam
419 4872 893 4926 inhabitationem
948 4870 1010 4925 in
1070 4873 1425 4940 Neumagen,
1460 4888 1487 4919 ‹‹
1534 4867 1629 4921 ubi
1686 4884 1830 4920 non-

140 4964 296 5017 nulla
326 4962 597 5031 praeclare
650 4965 860 5015 statuta
882 4964 1034 5025 sunt,
1070 4977 1096 5011 α
1130 4957 1585 5023 descendentem,
1637 4956 1831 5009 solen-

141 5068 238 5105 nes
286 5050 670 5121 Rogationum
734 5050 854 5104 dies
900 5048 959 5102 in
1012 5047 1357 5118 Aquisgrani
1402 5046 1650 5099 studiose
1693 5045 1833 5097 cele-

143 5140 451 5194 brasse.....
513 5139 887 5193 Pentecosten
937 5137 994 5190 in
1051 5136 1390 5206 Ingelheim,
1449 5153 1475 5183 ι)
1510 5134 1663 5186 unde
1712 5156 1739 5179 ‹‹
1774 5131 1833 5184 in

147 5227 537 5299 Bnrgundiam
565 5226 917 5297 properavit;
954 5243 979 5275 ι
1013 5224 1352 5294 Imperatrix
1385 5239 1538 5289 vero,
1571 5220 1834 5274 ordinata

145 5318 197 5371 in
246 5319 520 5387 Capnnga
566 5314 681 5368 vita
731 5313 1066 5380 monastica,
1121 5314 1356 5367 fratrem
1404 5326 1571 5363 suum
1628 5309 1833 5362 ducem

149 5405 472 5467 Henricum,
502 5402 574 5456 de
627 5418 741 5472 quo
812 5417 984 5471 supra
1030 5417 1145 5454 non
1190 5400 1442 5461 semel,»
1511 5396 1835 5466 Ratisponae

150 5490 569 5547 inthronizavit.
620 5511 645 5538 η
699 5489 964 5544 Pluribus
1043 5488 1178 5542 hinc
1242 5486 1606 5550 intermixtis,
1662 5485 1834 5538 etiam

150 5582 213 5635 iis
242 5598 372 5653 qua:
418 5598 454 5634 a
496 5579 770 5633 'Boleslao
828 5580 1050 5649 patrata
1097 5579 1250 5643 sunt,
1308 5575 1431 5629 haec
1479 5574 1711 5627 demum
1767 5572 1837 5625 de

1004 1786 1421 1854 reiteraturque
1480 1783 1821 1837 sacramenti
1856 1804 1895 1857 Β

1759 3086 1890 3157 EtC

1945 571 2097 609 nunc
2152 572 2337 609 sermo
2394 555 2634 622 oriatur,
2683 554 2784 625 qui
2878 555 2947 609 de
3009 554 3193 608 invisa
3273 554 3633 624 expeditione

1945 644 2169 713 (opinor
2220 645 2598 714 Burgundica)
2632 659 2910 709 reversus,
2942 643 3021 697 nil
3045 643 3113 696 de
3165 642 3459 713 promissis
3510 658 3633 712 per-

1942 734 2109 802 cepit,
2148 734 2241 786 sed
2294 750 2496 803 parum
2539 733 2648 785 sibi
2705 732 3081 785 renitentibus
3126 730 3341 784 nocuit.
3403 752 3430 779 ››
3480 731 3632 785 Habe

1943 821 2114 875 verba
2148 821 2393 874 ultima:
2434 843 2453 868 ο
2494 822 2813 889 Imperator
2842 824 3035 872 noster
3094 834 3224 871 cum
3282 820 3349 873 de
3393 818 3483 872 his
3513 834 3634 872 om-

1943 910 2131 974 nibus,
2167 926 2283 962 non
2342 909 2589 962 multum
2658 908 2999 973 faventibus,
3044 908 3368 961 efﬁceretur
3422 913 3629 969 certus,

1939 1014 2120 1051 unum
2176 997 2236 1050 in
2294 996 2501 1051 Suevia
2539 996 2770 1066 regione
2810 996 3161 1066 colloquium
3218 995 3287 1049 de
3336 995 3633 1064 republica

1938 1085 2160 1150 habuit,
2213 1090 2271 1138 et
2320 1101 2450 1138 mox
2500 1101 2603 1153 per
2644 1085 2910 1138 Rhenum
2969 1083 3241 1137 sollicitus
3321 1083 3629 1136 descendit.

1939 1174 2197 1243 Namque
2228 1178 2626 1243 cooperatores
2650 1174 2774 1243 ejus
2821 1177 2875 1225 et
2913 1172 3075 1241 regni
3102 1172 3312 1225 suimet
3352 1172 3635 1225 columna:

1938 1262 2188 1315 maxima
2215 1266 2396 1331 parte,
2446 1260 2594 1330 proh
2648 1261 2833 1325 dolor,
2875 1260 3147 1324 cecidere,
3210 1260 3433 1329 sibique
3463 1275 3633 1329 grave

1938 1350 2161 1420 pondus
2213 1349 2519 1414 occultum,
2602 1348 2735 1401 ﬁdei
2799 1348 3158 1401 simulatores
3245 1347 3480 1401 occultis
3534 1363 3631 1401 re—

1935 1437 2134 1490 sistere
2187 1434 2407 1489 insidiis
2468 1450 2569 1503 per
2647 1439 2942 1487 extraneos
3023 1435 3307 1499 nituntur,
3383 1440 3447 1487 ut
3514 1450 3631 1487 non

1935 1524 2102 1578 liceat
2156 1523 2207 1577 ei
2263 1523 2524 1576 libertate
2567 1522 2905 1591 congruenti
2952 1521 3261 1593 imperare,
3315 1538 3632 1591 eorumque

1934 1612 2207 1681 injustam
2236 1612 2619 1664 temeritatem
2651 1610 2709 1663 in
2741 1610 2935 1680 aliquo
2960 1609 3269 1663 minorare.
3319 1631 3339 1657 ι
3370 1614 3553 1679 Atque
3584 1609 3628 1662 is

1935 1700 2201 1755 Chronici
2232 1699 2362 1753 ﬁnis
2392 1704 2493 1766 est,
2551 1715 2663 1769 quo
2723 1702 2781 1752 et
2827 1698 2971 1751 hanc
2996 1698 3136 1751 Vitae
3170 1698 3224 1751 S.
3284 1697 3508 1752 Henrici
3539 1713 3632 1766 pe-

1936 1789 2158 1843 riodum
2215 1788 2633 1849 concludimus,
2702 1786 2838 1840 alibi
2878 1786 3178 1856 quaesituri
3208 1801 3336 1856 quae
3366 1785 3436 1839 ad
3489 1785 3627 1838 reli-

1934 1894 2079 1949 quos
2107 1877 2235 1930 vitae
2267 1892 2451 1929 annos
2477 1875 2824 1929 ordinandos
2874 1875 3196 1929 conducent
3252 1890 3265 1927 :
3324 1874 3383 1926 in
3433 1890 3546 1943 quo
3573 1873 3629 1926 id

1934 1966 2238 2019 molestum
2272 1964 2518 2018 maxime
2569 1964 2719 2034 quod
2767 1963 3249 2033 Chronographns
3288 1962 3431 2017 Saxo
3487 1961 3630 2015 duos

1930 2054 2025 2108 hic
2056 2071 2235 2107 annos
2259 2055 2318 2107 in
2347 2069 2526 2105 unum
2565 2052 2840 2105 conﬁasse
2872 2051 3164 2117 videatur;
3196 2050 3347 2104 unde
3377 2048 3628 2103 turbatio

1934 2144 2005 2197 de
2064 2159 2176 2213 qua
2227 2141 2483 2212 proxime
2528 2140 2814 2209 agendum
2866 2139 2991 2194 erit.
3068 2139 3152 2193 Ad
3201 2136 3627 2192 indeﬁcientem

1930 2231 2120 2286 Sancti
2146 2230 2551 2284 liberalitatem
2589 2228 2880 2299 pertinent
2926 2227 3140 2282 tabulas
3195 2226 3348 2298 apud
3395 2226 3625 2280 Scliate-

1933 2334 2072 2371 num
2107 2335 2138 2370 a
2170 2334 2296 2387 pag.
2332 2317 2454 2370 438.

1928 2426 1961 2494 §
1990 2426 2121 2479 XIV.
2173 2424 2462 2490 Reliquum
2508 2425 2633 2475 vita:
2689 2422 2745 2475 S.
2782 2420 3027 2494 ﬁcarici
3064 2434 3234 2486 usque
3290 2417 3363 2471 ad
3413 2418 3625 2483 felicem

2528 2494 2733 2544 exitum
2771 2493 2952 2546 MXXI
2962 2492 3023 2544 V.

2005 2582 2119 2635 143.
2145 2580 2450 2634 Deﬁciente
2479 2578 2817 2647 hicprorsus
2843 2578 3115 2639 Ditmaro,
3150 2575 3428 2629 steriliora
3458 2580 3631 2628 erunt

1929 2685 2057 2739 qua!
2086 2669 2155 2722 de
2210 2669 2413 2720 ultima
2473 2666 2599 2718 vita:
2633 2666 2685 2719 S.
2756 2665 2977 2717 Henrici
3048 2664 3314 2733 periocha
3372 2662 3626 2715 ordinari

1930 2760 2239 2826 poterunt;
2288 2754 2461 2825 idque
2505 2754 2817 2808 dolendum
2872 2753 3179 2823 imprimis,
3262 2752 3625 2820 Chronogra—

1931 2845 2110 2912 phum
2154 2842 2433 2895 Saxonem
2467 2842 2571 2893 sub
2604 2840 2793 2909 ipsum
2853 2839 3205 2908 principium
3246 2843 3363 2891 toto
3398 2854 3549 2891 anno
3593 2854 3626 2890 a

1929 2947 2060 2983 vera
2091 2929 2461 3000 chronologia
2493 2930 2814 2992 deﬂectere,
2846 2929 2985 2981 dum
3034 2943 3100 2980 ea
3155 2942 3285 2995 quas
3340 2925 3628 2978 Ditmarns

1931 3023 2079 3072 recte
2113 3022 2169 3071 et
2219 3021 2372 3070 certo
2423 3032 2574 3069 anno
2638 3018 2772 3068 1018
2832 3014 3212 3083 consignavit,
3252 3013 3371 3083 ipse
3419 3012 3489 3065 ad
3546 3027 3628 3064 se-

1934 3109 2364 3176 quentem1019
2403 3119 2705 3174 perperam
2760 3104 3008 3169 reduxit,
3057 3108 3117 3155 ut
3193 3118 3256 3154 ex
3305 3100 3506 3171 primis
3565 3107 3619 3153 et

1936 3193 2153 3247 ultimis
2206 3194 2329 3261 ejus
2384 3191 2566 3245 verbis
2618 3192 2741 3261 jam
2791 3191 2920 3244 faxo
2979 3189 3288 3258 intelligas.
3338 3211 3364 3238 «
3414 3190 3618 3251 Caesar,

1930 3282 2203 3353 inquit,a
2236 3280 2565 3350 Bavenberg
2619 3295 2884 3350 pergens,
2938 3294 3041 3348 per
3099 3278 3417 3347 Wirciburg
3471 3277 3625 3331 venit

1934 3369 2429 3435 Franckenvorde,
2486 3368 2586 3421 ubi
2646 3368 2902 3420 Natalem
2972 3365 3198 3419 Domini
3247 3367 3404 3434 regio
3458 3381 3618 3418 more

1932 3459 2169 3529 peregit.
2236 3477 2262 3508 ››
2316 3458 2392 3509 Ita
2444 3456 2540 3509 ille
2584 3471 2869 3518 exerrans,
2939 3470 3071 3506 nam
3121 3453 3623 3507 Circumcisionem

1932 3547 2101 3599 etiam
2137 3544 2359 3598 Domini
2401 3548 2455 3596 et
2479 3543 2889 3613 Teophaniam,
2947 3558 3060 3594 non
3125 3557 3276 3594 anno
3330 3545 3463 3594 1019
3526 3540 3624 3594 sed

1940 3638 2066 3689 1017
2112 3632 2465 3687 Francofurti
2515 3631 2828 3685 celebrasse
2861 3637 3116 3682 sanctum
3190 3630 3621 3697 Imperatorem,

1932 3739 1998 3776 ex
2057 3723 2255 3775 ordine
2318 3724 2373 3774 et
2428 3722 2583 3774 ﬂuxu
2645 3734 2836 3773 rerum
2924 3722 3096 3787 atque
3180 3716 3625 3787 expressissimis

1935 3809 2175 3864 Ditmari
2226 3807 2489 3863 terminis
2535 3807 2897 3876 paragrapho
2962 3804 3305 3874 praecedenti
3369 3804 3623 3857 ostendi-

1935 3915 2089 3963 mus;
2122 3903 2176 3951 et
2229 3912 2447 3963 rursus,
2509 3912 2660 3965 saipe
2712 3895 3006 3947 laudatum
3066 3893 3385 3947 Ditmarum
3443 3897 3500 3946 et
3548 3893 3625 3946 vi-

1932 3986 2101 4040 vendi
2127 3993 2180 4040 et
2210 3983 2493 4039 scribendi
2524 3983 2698 4036 ﬁnem
2728 3981 2944 4047 fecisse,
3005 3986 3069 4034 ut
3098 3981 3247 4051 apud
3324 3981 3626 4051 scriptores

1934 4075 2147 4145 passim
2190 4089 2387 4127 omnes
2419 4072 2476 4125 in
2531 4071 2788 4124 confesso
2839 4074 2944 4133 est,
3002 4075 3199 4123 contra
3243 4085 3417 4139 quam
3474 4069 3626 4121 idem

1933 4163 2412 4233 Chronographus
2441 4161 2602 4223 Saxo,
2662 4159 2734 4213 ad
2793 4158 3007 4211 dictum
3049 4157 3157 4228 ipsi
3212 4173 3426 4210 annum
3494 4160 3625 4211 1019

1934 4253 1993 4305 in
2033 4252 2146 4305 ﬁne
2176 4250 2381 4304 subdat
2419 4268 2446 4299 ί(
2507 4248 2620 4301 Ρὶξε
2671 4245 2966 4300 memoriae,
2998 4246 3360 4298 'I‘hietmarns
3415 4245 3628 4315 episco-

1936 4358 2043 4411 pus
2066 4336 2544 4407 Merseburgensis
2573 4334 2839 4404 migravit
2860 4334 2928 4387 ad
2955 4332 3265 4388 Christum.
3307 4351 3332 4382 ι)
3356 4335 3428 4385 At
3472 4332 3627 4386 enim

1935 4444 2027 4483 res
2084 4431 2203 4481 tota
2249 4426 2401 4479 salva
2455 4423 2728 4493 persistit,
2788 4420 2836 4473 si
2886 4421 3008 4473 sola
3064 4422 3160 4473 ﬁat
3225 4421 3626 4474 transmutatio

1938 4530 2242 4579 annorum,
2310 4514 2454 4566 forte
2503 4510 2946 4564 amanuensium
3002 4509 3259 4563 socordia
3318 4525 3621 4579 perperam

1937 4605 2313 4674 signatorum,
2339 4599 2491 4670 quod
2541 4616 2603 4652 ex
2634 4599 2869 4652 confuso
2900 4597 3246 4666 praecedenti
3278 4614 3516 4663 canone,
3561 4598 3631 4652 de

1938 4709 2053 4763 quo
2094 4690 2350 4761 proxime
2380 4687 2769 4750 meminimus,
2810 4686 3146 4755 proﬂuxisse
3187 4686 3629 4741 existimandum

1938 4784 2041 4833 est.

2018 4868 2133 4921 144.
2166 4867 2266 4922 Ast
2299 4864 2378 4918 ibi
2431 4880 2592 4917 error
2641 4880 2754 4916 non
2804 4862 2968 4929 sistit,
3018 4862 3217 4916 eodem
3273 4863 3429 4918 enim
3460 4880 3631 4934 passu

1941 4955 2323 5026 procedendo,
2358 4969 2487 5023 quae
2519 4952 2591 5006 ad
2636 4967 2831 5004 verum
2889 4967 3104 5003 annum
3160 4952 3294 5005 1019
3351 4957 3633 5022 spectant,

1941 5046 2046 5098 sub
2102 5042 2394 5114 sequentis
2451 5040 2587 5094 anni
2638 5042 2774 5093 1020
2806 5040 2973 5093 titulo
3020 5040 3292 5093 collocata
3330 5045 3479 5105 sunt,
3514 5040 3632 5108 ipse

1946 5132 2220 5186 nimirum
2274 5128 2562 5184 Benedicti
2612 5129 2723 5181 PP.
2775 5128 2890 5181 VIII
2950 5127 3321 5196 Bambergam
3350 5128 3417 5180 ad
3453 5128 3632 5180 Caesa-

1942 5237 2063 5275 rem
2117 5221 2413 5284 adventus,
2449 5233 2619 5287 qnem
2672 5216 2986 5269 certissime
3016 5219 3235 5269 constat
3290 5230 3440 5267 anno
3500 5217 3633 5269 1019

1942 5309 2270 5379 contigisse,
2304 5310 2368 5360 nt
2413 5306 2627 5360 habent
2677 5304 2928 5358 Annales
2962 5303 3433 5369 Hildesemenses,
3465 5303 3635 5357 breve

1894 5390 2265 5451 'Chronicon
2340 5392 2816 5461 Wirciburgense,
2877 5393 3231 5444 Hermanuus
3300 5389 3636 5443 Contractus

1948 5484 2279 5538 Lambertus
2360 5480 2926 5549 Schafuaburgensis.
3043 5476 3326 5530 Marianus
3415 5478 3635 5543 Scotus,

1950 5572 2071 5625 Vita
2100 5570 2154 5625 S.
2190 5568 2506 5624 Meinwerci
2533 5568 2590 5621 in
2618 5567 2772 5621 Actis
2822 5583 2850 5619 v
2892 5563 3047 5620 Junii
3100 5580 3233 5635 pag.
3291 5568 3417 5633 538,
3476 5582 3634 5621 num.
