3940 6320
303 367 368 418 83
1603 365 1659 420 8.
1713 365 1992 421 HENRICI

2205 364 2502 420 BATOBIS
2883 335 2890 342 ’
3739 363 3810 418 84

304 490 394 554 8‘2,
445 493 500 542 et
544 485 765 544 veteres
811 487 1024 558 passim
1076 503 1206 543 cum
1261 489 1601 556 Hofmanno,
1655 506 1798 560 quos
1837 495 1990 544 recte
2019 491 2065 544 A
2104 488 2366 543 meminit
2430 493 2625 542 auctor

301 581 533 632 secutus
560 581 643 631 est
707 578 1006 643 Baronius,
1067 582 1264 631 contra
1307 578 1685 648 Sigebertum,
1775 577 1996 632 Alberi-

305 680 437 716 cum
463 669 521 718 et
560 664 858 733 pauciores
911 664 1070 727 alios,
1121 666 1455 736 sequacibus
1508 670 1701 719 tamen
1734 665 1851 719 suis
1883 681 1996 719 nou

304 761 580 806 carentes.
637 753 872 806 Interim
928 769 1057 823 quae
1121 759 1253 806 ante
1305 753 1777 823 augustissimum
1869 771 1999 808 con-

306 856 566 907 gressum
628 857 662 894 a
718 841 936 895 Caesare
1005 857 1072 895 eo
1124 857 1274 895 anno
1323 847 1482 912 gesta
1541 847 1674 895 sunt
1735 842 2001 896 adversus

311 929 666 982 Bernardum
758 929 1016 982 Saxoniaa
1114 929 1317 983 ducem
1399 931 1634 1000 exponit
1717 930 1998 984 Shatonns

309 1021 500 1070 noster
547 1032 612 1070 ex
672 1017 797 1071 Vita
845 1017 899 1071 8.
961 1017 1292 1082 Meinwerci,
1357 1034 1478 1088 cap.
1543 1022 1624 1084 11,
1687 1034 1844 1072 num.
1911 1023 1997 1084 81,

309 1105 412 1159 ubi
431 1105 620 1159 denuo
650 1106 767 1159 imo
798 1121 900 1176 per
929 1111 1106 1159 totam
1164 1123 1292 1160 eam
1356 1107 1678 1176 Legendam
1713 1107 2000 1160 observari

308 1196 493 1262 potest
562 1193 1010 1262 propensissima
1093 1194 1477 1263 Imperatricis
1556 1193 1618 1246 in
1703 1195 2001 1248 ecclesiam

309 1281 835 1335 Paderbornensem
899 1281 1296 1343 beneﬁcentia,
1354 1299 1386 1335 a
1460 1281 1690 1334 laudato
1727 1283 2003 1336 Schateno

310 1384 375 1421 ex
436 1367 843 1436 diplomatibus
885 1372 1351 1422 commonstrata.
1383 1369 1644 1422 Ceterum
1695 1374 1851 1422 extra
1879 1387 2006 1423 con-

309 1455 648 1509 troversiam
682 1455 973 1524 ponimus,
1005 1457 1218 1526 Papam
1276 1455 1644 1509 Benedictum
1678 1457 2007 1528 Bambergze

314 1561 345 1597 a
379 1545 439 1598 8.
509 1543 748 1596 Henrico
782 1548 1077 1614 exceptum
1119 1559 1271 1597 anno
1328 1560 1477 1614 saepe
1511 1544 1660 1598 dicto
1697 1547 1855 1611 1019,
1907 1561 2006 1599 cu-

310 1632 404 1701 jus
433 1631 760 1701 ingressum
790 1637 845 1684 et
902 1632 1212 1684 solenniter
1243 1636 1367 1684 acta
1431 1630 1696 1685 describit
1747 1631 2009 1702 Legenda

316 1737 442 1790 cap.
497 1722 587 1785 23,
629 1719 1030 1789 chronologice
1060 1721 1268 1774 iterum
1318 1719 1534 1785 infelix,
1563 1720 1712 1790 quod
1749 1719 2006 1788 ultimam

318 1808 510 1862 Sancti
565 1809 623 1861 in
692 1807 912 1862 Italiam
963 1809 1356 1862 excursionem
1401 1807 1670 1861 adventui
1721 1807 2008 1861 Benedicti

323 1897 427 1950 PP.
482 1894 542 1948 in
603 1895 966 1949 Germaniam
1017 1895 1352 1966 praemittat,
1428 1912 1558 1949 cum
1625 1900 1742 1950 toto
1833 1896 2014 1950 ferme

320 1982 568 2038 triennio
619 1983 992 2052 prmcesserit,
1040 1989 1102 2039 ut
1149 2001 1214 2037 ex
1285 1984 1655 2054 sequentibus
1718 1983 2014 2038 manifeste

320 2071 555 2141 patebit.
607 2071 744 2136 Quae
811 2077 1004 2126 autem
1061 2073 1122 2126 in
1191 2089 1258 2127 ea
1314 2073 1437 2126 Vita
1490 2077 1882 2126 memorantur
1926 2072 2016 2125 hic

324 2159 537 2213 anohis
560 2160 928 2214 describenda
979 2177 1095 2214 non
1148 2165 1311 2225 sunt;
1373 2162 1653 2215 nonnulla
1717 2160 1849 2214 hinc
1885 2159 2016 2214 inde

324 2247 472 2317 apud
510 2249 893 2302 Hofmannum
927 2249 1030 2302 col.
1053 2249 1119 2302 54
1150 2248 1428 2318 explicata
1455 2247 1728 2302 invenies.

399 2336 514 2389 145.
557 2337 647 2390 Sic
691 2336 886 2406 paucis
916 2337 1396 2407 Chronographus
1427 2336 1569 2391 Saxo
1605 2353 1616 2390 :
1660 2358 1681 2385 ι
1738 2334 2014 2389 Dominus

327 2426 477 2494 Papa
535 2424 872 2478 Benedictus
914 2439 1045 2478 cum
1111 2425 1351 2479 Henrico
1399 2427 1752 2496 lmpcratore
1794 2439 2015 2478 coenam

328 2511 705 2577 Dominicam,
748 2511 1052 2582 ipsumque
1111 2513 1378 2566 Paschale
1431 2513 1642 2566 festum
1696 2511 1755 2564 in
1809 2513 2016 2564 Baven-

317 2584 466 2669 'berg
537 2600 762 2653 decenti
810 2599 989 2653 fertur
1050 2601 1358 2653 excoluisse
1419 2600 1756 2667 ministerio,
1820 2599 2016 2669 ibique

330 2687 694 2757 Imperatoris
744 2705 808 2741 ac
838 2687 1162 2758 principum
1195 2688 1386 2742 debito
1433 2688 1840 2759 obsequiorum
1874 2687 2011 2753 ritu,

326 2772 642 2827 honorifice
695 2789 760 2826 ac
818 2773 1122 2843 multiplici
1156 2790 1328 2844 opum
1385 2774 1550 2843 copia
1598 2775 1860 2837 donatus,
1920 2774 2016 2826 do-

327 2861 544 2914 minam
592 2861 790 2915 mundi
838 2861 1079 2915 Romam
1131 2861 1383 2932 locuples
1424 2878 1487 2915 ac
1518 2878 1709 2931 sospes
1739 2861 1952 2914 revisit.
1987 2881 2014 2908 ››

330 2950 615 3013 Quamdiu
653 2949 983 3019 Bamberga:
1029 2952 1413 3003 commoratus
1469 2949 1560 3012 sit,
1603 2955 1702 3002 aut
1722 2965 1836 3018 quo
1878 2965 2018 3018 prae-

2706 487 2847 542 Vitze
2931 488 3118 559 primo
3193 487 3316 542 loco
3395 488 3588 542 datus.
3662 489 3812 542 Rem

2107 576 2378 646 adoptare
2447 576 2671 631 videtur
2745 575 3105 631 Mabillonius
3185 593 3318 648 pag.
3409 578 3533 642 301,
3593 577 3692 630 ubi
3738 592 3812 630 ex

2108 665 2276 719 citata
2307 665 2556 735 epitome
2609 664 2902 718 inducitur
2941 666 3002 720 8.
3050 665 3350 732 IIenricus,
3380 669 3656 734 tanquam
3707 664 3813 735 qui

2109 752 2523 806 monasterium
2553 752 2846 820 ingressus
2874 753 3026 808 hunc
3085 753 3399 807 Psalmistaa
3459 754 3813 807 versiculum

2109 841 2413 913 protulerit
2446 859 2457 895 :
2516 861 2543 892 α
2600 843 2724 895 ":Pc
2781 841 3009 912 requies
3042 857 3169 895 mea
3199 842 3256 895 in
3285 842 3558 896 seecqum
3590 841 3812 903 saeculi,

2109 929 2200 983 hic
2230 929 2498 983 habitabo
2527 972 2541 997 ,
2576 931 2847 1000 quoniam
2899 930 3048 999 elegi
3095 945 3242 985 eam.
3309 950 3332 980 ι
3385 935 3457 984 At
3511 930 3818 1000 professio-

2111 1033 2243 1070 nem
2271 1017 2525 1070 emisisse
2587 1016 2715 1071 istic
2753 1033 2872 1071 non
2933 1017 3172 1082 dicitur;
3207 1017 3302 1071 sed
3330 1019 3518 1071 solum
3574 1017 3811 1071 deside-

2110 1105 2262 1158 rium
2292 1105 2605 1159 ostendisse
2662 1104 3046 1159 mona‘sticum
3100 1105 3358 1159 habitum
3430 1104 3809 1175 suscipiendi,

2109 1193 2201 1247 cui
2259 1192 2576 1263 reposuerit
2656 1198 2881 1247 sanctus
2939 1194 3127 1248 Abbas
3174 1211 3186 1247 :
3236 1195 3499 1247 volumus
3555 1211 3694 1265 ergo
3755 1199 3818 1248 et

2113 1274 2501 1353 praecipimus,
2555 1286 2618 1335 ut
2664 1282 2735 1336 ad
2777 1282 3217 1352 gubernandum
3251 1282 3412 1336 tibia
3470 1283 3586 1336 Deo
3641 1298 3812 1336 com-

2117 1369 2354 1422 missum
2400 1369 2708 1439 imperium
2747 1371 2965 1425 redeas.
3008 1371 3166 1434 Quod
3203 1387 3269 1423 ex
3296 1370 3617 1424 obedientia
3656 1386 3820 1440 prae—

2118 1457 2265 1512 stitit
2305 1459 2644 1528 Imperator,
2687 1457 2954 1528 deinceps
2988 1458 3044 1510 in
3083 1458 3136 1512 8.
3171 1458 3539 1512 Benedictum
3568 1459 3820 1528 ejusque

2117 1545 2387 1602 Ordinem
2439 1545 2687 1616 amplius
2715 1545 2882 1599 solito
2912 1546 3165 1599 affectus.
3197 1547 3338 1600 Rem
3369 1561 3483 1599 non
3506 1545 3816 1616 impugno,

2120 1634 2228 1688 etsi
2258 1650 2384 1687 eam
2404 1635 2474 1688 ab
2505 1634 2630 1688 aliis
2651 1635 2918 1704 rejectam
2969 1634 3227 1688 noverim
3263 1649 3274 1687 :
3306 1633 3364 1688 id
3441 1633 3552 1688 dici
3604 1638 3821 1704 potest,

2123 1738 2337 1776 annum
2368 1726 2466 1776 aut
2497 1729 2724 1793 tempus
2779 1738 2894 1792 quo
2926 1737 2992 1776 ea
3030 1721 3335 1792 contigerit
3386 1721 3663 1776 hactenus
3725 1721 3824 1776 in-

2121 1815 2342 1864 certum
2374 1826 2518 1863 esse.

2197 1899 2314 1952 147.
2361 1900 2527 1951 Anno
2567 1897 2846 1968 ‘sequenti
2906 1899 3039 1951 1020
3109 1901 3262 1951 recte
3312 1898 3630 1966 afliguntur
3678 1913 3818 1968 quas

2123 1988 2319 2037 narrat
2339 1990 2535 2037 auctor
2564 1985 2703 2038 Vita:
2733 1985 2789 2038 8.
2823 1984 3137 2038 Meinwerci
3168 2001 3290 2056 cap.
3327 1989 3412 2052 12,
3471 2001 3602 2056 pag.
3659 1988 3764 2040 539
3804 2000 3820 2037 :

2127 2093 2149 2121 ι
2209 2071 2483 2142 Sequenti
2541 2087 2693 2125 anno
2748 2076 2876 2142 post
2919 2073 3114 2125 Natale
3173 2071 3420 2136 Domini,
3476 2073 3829 2142 Imperator,

2121 2165 2409 2215 commoto
2465 2161 2737 2226 exercitu,
2816 2159 3084 2214 comitem
3163 2159 3472 2230 quemdam
3551 2159 3828 2214 Ottouem

2123 2249 2315 2302 seaculi
2359 2248 2634 2318 dignitate
2689 2264 2807 2302 non
2872 2247 3177 2302 minimum
3252 2247 3713 2318 praepollentcm,
3760 2246 3829 2300 in

2122 2342 2304 2390 castro
2336 2336 2492 2407 quod
2523 2336 2730 2389 dicitur
2758 2336 3137 2402 Hamerstein,
3181 2335 3354 2389 situm
3423 2351 3595 2404 supra
3628 2336 3826 2388 Rheni

2126 2425 2300 2488 littus,
2377 2424 2619 2489 obsedit,
2685 2445 2704 2470 ››
2760 2431 2993 2494 propter
3063 2424 3184 2493 ejus
3247 2423 3402 2476 varia
3448 2423 3704 2477 facinora
3761 2423 3827 2476 in

2125 2513 2460 2582 episcopum
2493 2511 2894 2582 Moguntinum
2951 2517 3008 2565 et
3058 2513 3204 2565 alios
3236 2515 3584 2581 perpetrata,
3621 2516 3683 2564 ut
3736 2509 3832 2564 ibi

2123 2600 2306 2653 fusius
2363 2599 2669 2653 deductum
2741 2599 3016 2653 invenies.
3068 2599 3149 2652 Ad
3205 2598 3264 2652 id
3314 2599 3530 2653 bellum
3587 2604 3832 2652 vocatus

2124 2688 2179 2742 8.
2242 2686 2573 2742 Heribertus
2618 2687 2995 2756 Coloniensis,
3051 2703 3181 2740 cum
3251 2703 3310 2740 se
3369 2687 3441 2740 ob
3519 2687 3829 2740 molestam

2125 2775 2329 2829 febrim
2362 2791 2493 2828 cum
2531 2790 2644 2844 qua
2673 2774 3105 2828 conﬂictabatur
3134 2783 3478 2838 excusasset,
3528 2779 3584 2827 et
3623 2774 3828 2828 omnia

2127 2863 2358 2916 suborta
2392 2866 2542 2929 sunt,
2576 2878 2706 2932 quas
2744 2862 2928 2915 videri
2984 2867 3222 2932 possunt
3295 2867 3349 2914 et
3377 2863 3500 2915 loco
3533 2863 3727 2921 citato,
3761 2868 3828 2917 et

2125 2949 2186 3002 in
2217 2949 2339 3020 ipsa
2419 2950 2473 3004 S.
2535 2949 2816 3003 Heriberti
2847 2950 2968 3003 Vita
2997 2949 3068 3003 ad
3095 2965 3180 3002 XVI
3217 2949 3399 3002 Martii
3430 2965 3598 3020 pagg.
3626 2951 3731 3002 472
3765 2956 3828 3003 et

328 3039 440 3091 cise
465 3042 724 3108 tempore
750 3037 820 3090 ad
853 3036 1083 3106 propria
1130 3036 1467 3089 remeaverit
1519 3036 1774 3090 Pontifex
1818 3037 2010 3106 explo-
2053 3045 2094 3099 C
2126 3041 2249 3103 485,
2305 3042 2368 3090 ut
2407 3038 2476 3091 de
2528 3037 2618 3090 his
2664 3037 2802 3090 nihil
2848 3037 2939 3091 hic
2993 3037 3296 3091 dicendum
3347 3037 3610 3107 supersit.
3652 3038 3834 3092 Addit

330 3132 519 3180 ratum
557 3142 672 3178 non
727 3125 942 3193 habeo;
1035 3124 1302 3177 reducem
1371 3123 1544 3176 fuisse
1611 3128 1836 3193 oportet
1886 3129 2015 3178 ante

329 3229 584 3266 mensem
644 3211 1039 3275 Novembrem,
1097 3225 1227 3263 cum
1287 3209 1559 3262 Baronius
1609 3210 1864 3279 diploma
1948 3227 2016 3263 eo

331 3316 525 3354 mense
556 3299 880 3370 expeditum
908 3297 1190 3352 exhibeat.
1243 3296 1386 3362 Quid
1437 3314 1609 3367 porro
1640 3298 1822 3367 egerit
1873 3300 2018 3352 Hen-

330 3389 482 3441 ricus
536 3391 657 3440 toto
717 3387 940 3456 reliquo
1000 3385 1108 3439 isto
1159 3401 1326 3447 anno,
1373 3385 1691 3438 innumeris
1747 3386 2019 3440 monstris

330 3477 480 3547 apud
512 3474 1024 3544 Chronographum
1064 3473 1384 3537 nobilitato,
1439 3473 1643 3542 collige
1688 3490 1755 3527 ex
1802 3474 2020 3544 adjecta

330 3561 610 3633 Sigeherti
655 3561 929 3617 Chronico
985 3561 1057 3613 ad
1079 3575 1211 3612 eum
1287 3575 1501 3612 annum
1551 3582 1570 3606 ι
1625 3561 1874 3614 secunda
1926 3561 2019 3614 in-

331 3651 592 3706 cursione
642 3649 833 3703 hostili
875 3649 1155 3702 exercitus
1199 3648 1350 3714 regis
1405 3648 1630 3701 Henrici
1690 3649 1752 3702 in
1798 3649 2018 3703 Gauda-

328 3756 460 3794 vum
494 3739 668 3794 Nonis
698 3735 1023 3807 Augusti,»
1071 3752 1200 3807 quae
1249 3741 1380 3788 sunt
1434 3736 1720 3805 ipsissima
1775 3735 2021 3790 Alberici

327 3829 518 3892 verba,
554 3843 682 3880 cum
714 3825 971 3895 pluribus
1004 3825 1071 3877 de
1129 3823 1429 3894 Rudolpho
1489 3824 1833 3894 Bnrgundiae
1885 3841 2020 3895 rege

331 3932 395 3969 ex
428 3913 730 3984 'Sigeberto
761 3912 1080 3981 descriptis,
1129 3928 1259 3982 quae
1319 3917 1511 3965 tamen
1563 3913 1631 3965 ab
1689 3911 1813 3965 aliis
1866 3914 2018 3966 refu-

328 4008 544 4058 tantur.
595 4001 680 4055 Ad
738 3999 1122 4053 incursionem
1168 3999 1524 4053 Gandeusem
1583 4000 1732 4070 quod
1797 4001 2017 4065 attinet,

329 4106 452 4142 eam
483 4090 561 4142 ita
589 4087 829 4157 explicat
877 4087 1130 4156 Meyerus
1161 4086 1222 4139 in
1274 4087 1590 4140 Annalibus
1627 4105 1638 4140 :
1673 4109 1694 4135 ι
1748 4089 2022 4142 Henricus

330 4179 515 4232 Caesar
543 4175 750 4228 iterum
785 4175 1115 4228 Gandavum
1152 4191 1334 4242 usque
1374 4175 1638 4229 hostilem
1667 4175 1724 4229 in
1751 4177 2022 4231 Flandros

327 4265 460 4320 fecit
493 4263 889 4316 excursionem
949 4279 1141 4317 mense
1191 4267 1467 4333 Augusto,
1491 4263 1551 4316 in
1580 4280 1693 4334 qua
1724 4265 2017 4335 Epponem

328 4359 385 4407 et
414 4356 697 4409 Canonem
732 4357 969 4423 nepotes
1004 4351 1368 4423 Imperatoris
1408 4351 1740 4406 occubuisse
1789 4355 1934 4423 lego.
1985 4376 2013 4403 ››

329 4445 414 4495 An
434 4443 554 4496 haec
579 4441 647 4495 de
685 4440 740 4495 S.
775 4441 999 4495 Henrici
1032 4441 1335 4511 nepotibus
1375 4439 1510 4493 satis
1567 4447 1717 4495 certa
1773 4442 1887 4497 sint
1936 4442 2012 4496 fa-

326 4533 452 4585 teor
483 4545 575 4583 me
628 4529 939 4600 plurimum
971 4529 1254 4597 dubitare,
1314 4543 1502 4600 neque
1533 4529 1630 4583 ubi
1660 4529 1782 4584 haec
1811 4531 2016 4601 legerit

328 4620 582 4689 Meyerus
611 4618 900 4688 integrum
933 4623 1016 4671 est
1042 4620 1356 4686 explorare.

401 4709 519 4761 146.
583 4708 944 4761 Postremum
999 4705 1171 4772 hujus
1229 4705 1364 4758 anni
1389 4705 1698 4759 articulum
1753 4706 2012 4777 impleat,

327 4795 477 4865 quod
530 4793 823 4849 Albericus
853 4792 1060 4857 eidem,
1091 4791 1282 4845 nescio
1331 4807 1444 4862 quo
1497 4793 2013 4864 fundamentoﬁiu-

325 4882 503 4936 nectit
536 4898 548 4936 :
581 4901 608 4933 (ι
667 4883 744 4935 De
774 4880 1012 4935 Henrico
1073 4881 1421 4949 Imperatore
1455 4887 1743 4950 narratur,
1799 4887 1856 4937 et
1882 4883 2015 4937 scri-

325 4976 486 5042 ptum
536 4969 836 5040 reperitur,
871 4967 1028 5039 quod
1085 4967 1277 5021 abbati
1327 4968 1610 5022 Richardo
1673 4971 2017 5024 Virdunensi

323 5057 732 5129 professionem
769 5056 982 5120 fecerit,
1019 5061 1077 5109 et
1108 5056 1230 5126 ejus
1262 5056 1500 5110 consilio
1544 5075 1603 5111 se
1639 5062 1821 5112 totum
1853 5075 2013 5112 com-

325 5147 569 5212 miserit,
625 5145 820 5198 volens
863 5143 1116 5215 apud‘S.
1183 5142 1444 5197 Vitonem
1496 5146 1812 5198 monachus
1869 5145 2014 5212 ﬁeri,

325 5234 418 5288 sed
449 5239 674 5288 sanctus
731 5232 906 5285 abbas
961 5231 1272 5286 Bichardus
1321 5232 1527 5286 virtute
1575 5233 1916 5287 obedientiaa
1965 5235 2018 5287 ei

325 5322 595 5394 injunxit,
651 5337 723 5375 ne
782 5320 1092 5391 imperium
1149 5320 1462 5375 dimitteret
1483 5321 1738 5393 quandiu
1784 5321 2012 5387 viveret,

325 5418 382 5466 et
436 5412 515 5464 ita
593 5428 724 5464 eum
779 5411 851 5464 ad
886 5409 1194 5480 imperium
1266 5409 1502 5464 remisit.
1549 5433 1575 5459 ››
1635 5409 1832 5464 Simile
1875 5411 2013 5481 quid

326 5501 535 5570 legitur
556 5499 612 5551 in
659 5499 908 5570 epitome
961 5498 1100 5552 Vitas
1130 5515 1192 5552 ex
1227 5499 1493 5553 Menardo
1527 5502 1580 5552 et
1612 5498 2012 5570 Wasseburgio

327 5588 394 5640 δτι
437 5603 485 5638 v1
539 5587 714 5652 Junii,
754 5603 880 5656 pag.
918 5588 1071 5653 1003,
1104 5603 1262 5640 num.
1300 5590 1352 5654 6,
1394 5587 1462 5638 de
1505 5603 1616 5656 quo
1667 5591 1857 5642 tamen
1890 5606 2002 5643 non

2131 3125 2482 3178 Hofmannus
2546 3123 2651 3178 hoc
2720 3140 2870 3179 anno
2921 3125 3190 3194 (Annales
3251 3124 3674 3179 Hildesemense
3734 3141 3828 3178 se-

2129 3218 2397 3283 quentem
2438 3215 2656 3278 notant)
2708 3213 3031 3266 vehementi
3073 3217 3241 3266 terra;
3274 3217 3434 3267 motu
3489 3228 3828 3268 concussam

2130 3301 2442 3365 Bavariam,
2479 3305 2535 3372 et
2564 3300 2849 3371 praecipua
2879 3301 3034 3355 clade
3083 3299 3375 3354 ecclesiam
3434 3300 3828 3355 Basileensem

2130 3388 2444 3442 admodum
2497 3388 2940 3442 labefactatam:
3005 3390 3154 3459 quod
3211 3408 3239 3439 ει
3296 3389 3708 3443 detrimentum
3741 3407 3832 3444 re-

2130 3475 2338 3529 sarcire
2389 3475 2624 3545 cupiens
2717 3477 3010 3539 Henricus,
3069 3477 3333 3546 sequenti
3419 3493 3570 3530 anno
3657 3479 3822 3532 MXXI

2133 3564 2411 3617 Basileam
2469 3563 2649 3630 venit,
2709 3569 2767 3618 et
2818 3564 2994 3618 totius
3040 3565 3276 3618 ecclesia
3341 3565 3548 3618 malam
3609 3565 3677 3619 ad
3721 3581 3814 3619 xiv

2128 3668 2378 3723 passusa
2429 3651 2614 3706 Rheni
2663 3651 2789 3723 ripa
2837 3653 3151 3720 transtulit,
3203 3658 3260 3706 et
3298 3653 3606 3707 fortissimo
3649 3669 3818 3707 muro

2131 3741 2321 3795 ruenti
2349 3741 2547 3812 aggeri
2600 3742 2883 3812 opposito,
2932 3758 3058 3795 eam
3112 3741 3173 3795 in
3221 3743 3462 3796 formam
3505 3743 3689 3796 multo
3736 3759 3832 3797 ve-

2130 3829 2444 3884 nustiorem
2477 3833 2531 3882 et
2578 3829 2891 3883 firmiorem
2925 3829 3192 3896 restituit,
3227 3835 3282 3882 et
3302 3830 3489 3895 nonis,
3532 3831 3828 3884 Munstero

2130 3922 2296 3975 teste.
2348 3917 2681 3982 ditionibus,
2743 3917 2966 3988 populis
3019 3921 3074 3970 et
3133 3917 3329 3970 castris
3372 3918 3827 3974 cumulatissime

2131 4005 2417 4060 instruxit.
2461 4025 2488 4057 »
2548 4007 2752 4059 Eadem
2784 4005 3175 4059 munificentia
3214 4005 3620 4076 Bambergensi
3650 4009 3828 4062 eccle-

2132 4093 2228 4147 siae
2257 4099 2393 4147 tunc
2432 4092 2606 4147 etiam
2656 4093 3011 4163 prospexisse
3068 4093 3282 4148 ibidem
3341 4099 3620 4148 memorat
3666 4095 3830 4151 idem

2133 4181 2521 4246 Hofmannus;
2557 4181 3047 4252 quemadmodum
3105 4186 3160 4234 et
3187 4181 3501 4236 Schatenus
3531 4183 3832 4251 productis

2133 4269 2529 4323 instrumentis
2588 4269 2925 4340 comprobat
2979 4286 3108 4341 quae
3155 4269 3216 4323 in
3247 4270 3373 4324 Vita
3409 4270 3462 4324 8.
3508 4269 3835 4327 Meinwerci

2132 4357 2220 4410 vix
2253 4356 2549 4412 credibilia
2578 4357 2925 4411 viderentur.

2201 4452 2318 4504 148.
2355 4451 2523 4504 Redit
2550 4450 2624 4503 ad
2655 4450 2840 4520 justos
2865 4451 3112 4506 calculos
3157 4451 3637 4524 Chronographus
3678 4455 3833 4512 Saxo

2125 4538 2417 4591 nonnullis
2446 4535 2537 4590 hic
2575 4537 2713 4592 locis
2749 4539 3005 4598 mutilus,
3036 4540 3197 4610 cujus
3228 4543 3304 4594 rei
3348 4541 3602 4610 primum
3634 4547 3833 4613 speci—

2125 4641 2258 4678 men
2303 4629 2409 4693 est,
2451 4625 2607 4696 quod
2658 4641 2898 4696 annum,
2932 4643 3105 4698 quem
3151 4627 3272 4698 jam
3304 4627 3548 4699 ingressi
3595 4647 3826 4688 sumus.

2130 4716 2256 4768 1021
2289 4712 2367 4767 sic
2397 4712 2682 4783 inceptet:
2716 4733 2745 4765 ι(
2778 4715 3095 4785 Imperator
3145 4732 3250 4787 pro
3281 4732 3548 4770 concessa
3579 4717 3689 4772 sibi
3736 4721 3833 4774 di—

2122 4800 2334 4854 vinitus
2361 4801 2614 4863 victoria,
2665 4802 2843 4855 Deum
2876 4803 3115 4857 deorum
3152 4803 3460 4858 Dominum
3494 4805 3833 4863 collaudans

2125 4887 2427 4942 Saxoniam
2476 4893 2764 4958 properat,
2824 4890 3244 4945 solemnitatem
3301 4893 3626 4948 Palmarum
3677 4896 3825 4950 Wil-

2123 4976 2269 5030 beke
2296 4983 2649 5047 peracturus,
2680 4979 3004 5050 gaudiaque
3035 4980 3326 5036 Paschalia
3366 4982 3700 5054 Merseburg
3730 4984 3830 5039 de-

2123 5063 2243 5118 bita
2289 5065 2675 5120 celebraturus
2732 5065 3055 5121 devotione.
3112 5069 3227 5122 Hoc
3269 5067 3474 5123 itinere
3519 5071 3828 5126 venerabi-

2127 5151 2235 5204 lem
2263 5152 2623 5207 Heribertum
2654 5153 3144 5225 archiepiscopum
3177 5156 3450 5226 migrasse
3479 5157 3624 5212 felici
3648 5174 3828 5215 cursu

2125 5240 2412 5309 cognovit,
2444 5241 2614 5294 celeri
2655 5241 2956 5297 intimante
3002 5243 3314 5315 legato.....
3380 5247 3622 5300 Emensa
3678 5265 3824 5305 vero

2124 5327 2442 5396 Imperator
2522 5333 2810 5401 Augustus
2867 5331 3125 5386 inchoata
3181 5332 3291 5401 via,
3347 5333 3584 5398 cunctis,
3627 5340 3692 5390 ut
3735 5336 3822 5393 ita

2123 5415 2326 5483 dicam,
2352 5417 2594 5488 Europae.
2624 5418 2825 5488 primis
2855 5421 2925 5473 ad
2957 5436 3087 5474 eum
3127 5420 3566 5488 confluentibus,
3618 5423 3819 5480 diver-

2120 5520 2430 5577 serumque
2460 5507 2718 5575 gentium
2752 5507 3053 5564 missaticis
3085 5511 3154 5564 ad
3187 5511 3486 5590 imperiale
3541 5513 3667 5585 ejus
3698 5520 3812 5572 ob-

2123 5592 2384 5663 sequium
2418 5595 2671 5662 undique
2726 5598 3179 5666 properantibus,
3239 5606 3660 5656 sacrosanctum
3701 5606 3813 5659 Do-
