3940 6334
154 355 220 407 85
1818 363 1853 417 Α

3599 367 3667 419 86

156 472 387 528 minice
418 473 857 529 resurrectionis
882 472 1177 546 gaudium,
1227 478 1350 529 toto
1382 475 1501 546 jam
1532 476 1862 531 conridente
1893 482 1935 532 Α
1973 475 2098 530 bus.
2136 495 2164 527 ››
2196 476 2319 530 Non
2340 480 2529 545 potest
2552 476 2645 531 hic
2669 476 2909 532 indicari
2948 477 3251 533 concilium
3279 478 3430 533 aliud
3461 483 3667 549 praeter

158 562 402 629 mundo,
446 562 660 617 eximia
686 563 994 617 celebravit
1022 563 1232 633 gloria.
1269 563 1365 618 His
1395 563 1573 634 igitur
1595 564 1860 618 omnibus

155 650 572 704 convenienter
588 650 848 720 expletis,
876 651 1694 722 lmperator,Parthenopolim
1725 670 1859 722 pro-

153 739 357 806 fectus,
413 754 604 793 sacros
658 739 781 793 dies
833 740 1195 793 Pentecostes
1234 740 1384 809 apud
1416 740 1860 795 famosissimum

157 826 425 896 ejusdem
502 826 748 881 civitatis
823 826 1310 899 archiepiscopum
1376 828 1678 895 Geronem,
1743 844 1858 882 non

155 913 425 969 inferiori
482 914 828 984 gaudiorum
882 914 1190 986 dignasque
1247 915 1630 969 venerationis
1671 916 1859 969 studio

157 1001 578 1071 gloriosissime
635 1002 874 1074 peregit.
927 1003 1066 1057 Inde
1109 1007 1328 1057 curtem
1368 1004 1609 1072 regiam,
1659 1004 1861 1059 Alstidi

158 1089 395 1151 dictam,
442 1096 732 1160 repetens,
765 1090 1074 1160 habitoque
1106 1090 1250 1145 inibi
1296 1090 1583 1161 colloquio
1613 1108 1742 1145 cum
1773 1098 1858 1145 to-

159 1178 275 1230 tius
323 1183 559 1232 senatus
619 1179 918 1249 plebisque
947 1195 1246 1244 concursu,
1294 1178 1421 1249 pios
1450 1178 1680 1233 lenitate
1728 1196 1858 1249 per-

160 1265 471 1319 mulcendo
501 1266 794 1336 praedulci,
827 1282 1025 1321 severa
1040 1265 1387 1320 districtione
1420 1282 1542 1320 reos
1568 1267 1853 1322 terrendo.

158 1357 403 1425 totaque
460 1354 742 1407 industria
792 1354 1035 1424 patriam
1091 1354 1427 1419 muniendo,
1484 1355 1635 1408 intra
1688 1354 1859 1423 hujus

158 1441 470 1509 provinciae
500 1441 756 1495 civitates
784 1446 967 1494 totum
1012 1442 1173 1495 illum
1209 1458 1426 1495 annum
1455 1441 1696 1496 feliciter
1722 1458 1856 1511 pcr-

155 1529 336 1582 duxit.
377 1550 406 1578 n
443 1530 539 1583 Hic
569 1530 808 1594 sistitur,
866 1530 1022 1583 nullo
1070 1530 1266 1583 addito
1314 1530 1484 1582 verbo
1515 1530 1584 1583 de
1642 1545 1860 1600 praepa‘

153 1618 385 1671 ratione
415 1618 694 1671 exercitus
727 1618 795 1671 ad
836 1617 1261 1671 celeberrimam
1296 1617 1717 1689 expeditionem
1749 1619 1859 1671 Ita-

152 1706 323 1759 licam
356 1706 627 1759 adversus
676 1706 918 1770 Graecos,
953 1721 1200 1776 quorum
1260 1705 1321 1759 in
1370 1705 1558 1759 medio
1587 1706 1856 1760 Sanctum

150 1793 457 1847 constituit
486 1810 638 1847 anno
667 1793 949 1864 sequenti,
980 1799 1046 1847 ut
1077 1810 1208 1847 mox
1239 1794 1512 1848 dicemus.

226 1884 351 1936 149.
395 1905 415 1931 α
474 1880 765 1952 Sequitur,
818 1881 1006 1951 inquit
1044 1881 1338 1945 Baronius,
1384 1897 1569 1935 annus
1609 1882 1853 1937 Redem-

153 1971 335 2040 ptoris
372 1971 563 2026 ΜΧΧΙΙ
596 1970 794 2024 lndict.
855 1985 908 2035 v,
956 1986 1069 2040 quo
1095 1969 1370 2023 Henricus
1409 1970 1744 2041 Imperator,
1781 1972 1855 2024 le-

152 2057 506 2127 gationibus,
564 2061 629 2111 ut
675 2056 924 2110 vidimus
956 2056 1502 2125 Northmannorum,
1553 2062 1728 2128 atque
1785 2058 1854 2112 ab

150 2146 276 2217 ipso
298 2146 560 2201 Romano
591 2145 864 2200 Pontiﬁce
899 2145 1249 2211 cohortatus,
1282 2145 1343 2198 in
1375 2145 1595 2200 Italiam
1627 2162 1686 2199 se
1715 2161 1856 2199 con-

151 2234 286 2288 tulit
350 2234 626 2286 adversus
674 2233 915 2298 Graecos,
965 2249 1068 2286 sua
1107 2233 1229 2303 jam
1282 2233 1543 2303 potentia
1596 2234 1854 2289 Ecclesia:

155 2324 435 2377 Romana:
467 2320 776 2391 pavendos,
813 2320 1139 2374 tremendus
1198 2321 1317 2391 ipse
1349 2322 1607 2375 hostibus
1636 2322 1857 2391 potenti

152 2410 430 2474 exercitu,
465 2424 639 2479 quem
670 2408 932 2473 ducebat,
968 2429 990 2457 ι
1024 2413 1084 2462 ut
1113 2408 1240 2462 vide
1287 2409 1413 2463 istic
1448 2409 1630 2464 fusius
1659 2426 1854 2464 narra-

151 2504 298 2563 tum,
344 2496 701 2563 intermixta,
750 2511 879 2550 cum
912 2497 968 2551 8.
1003 2497 1325 2552 Humualdo
1374 2498 1657 2569 colloquio
1698 2498 1855 2551 aliis-

153 2602 267 2658 que
305 2591 433 2641 tum
464 2586 535 2640 ad
568 2584 807 2653 bellum,
842 2590 962 2639 tum
995 2584 1066 2638 ad
1120 2584 1483 2639 Casinensem
1514 2586 1568 2640 8.
1629 2585 1853 2641 Henrici

152 2672 765 2727 commemorationem
818 2670 1225 2742 spectantibus,
1285 2687 1355 2725 ex
1407 2670 1611 2726 Glabro
1644 2671 1855 2726 Rudol-

152 2761 269 2831 pho
290 2764 351 2814 et
384 2761 573 2814 Leone
617 2759 960 2813 Marsicano:
985 2759 1212 2813 brevius
1243 2775 1343 2812 nos
1372 2775 1440 2813 ex
1488 2759 1851 2829 Chronogra-

152 2849 293 2918 pho.
326 2848 430 2918 qui
478 2847 549 2901 ad
600 2847 867 2900 eumdem
900 2863 1114 2901 annum
1160 2847 1347 2901 denuo
1396 2847 1633 2901 mutilus
1682 2848 1756 2900 sis
1786 2848 1854 2901 de

153 2938 376 2992 Casare
431 2936 587 3006 loqui
640 2935 864 3006 incipit:
900 2957 927 2983 κ
964 2936 1279 3005 Imperator
1315 2936 1385 2989 de
1415 2936 1537 2988 loco
1574 2936 1634 2988 in
1665 2936 1854 2989 locum

153 3025 595 3095 proficiscendo,
646 3024 899 3094 primum
936 3023 1061 3077 urbi
1112 3022 1528 3089 munitissimae,
1558 3024 1739 3091 Trojae
1772 3023 1853 3075 vi-
1887 3026 1925 3075 Ο

154 3114 365 3167 delicet
394 3135 422 3161 »
458 3112 834 3181 (obsidionem
867 3112 1183 3165 accuratius
1223 3110 1492 3164 describit
1521 3111 1724 3165 Glaber
1756 3111 1850 3165 lib.

157 3220 235 3269 In,
270 3219 399 3271 cap.
442 3203 497 3270 l)
530 3222 551 3249 ι
578 3201 735 3270 cujus
759 3200 1042 3254 mmuibus
1070 3200 1389 3270 indigenas.
1418 3198 1857 3269 provincialium

155 3290 466 3361 legatione,
501 3288 708 3343 ditioui
738 3288 911 3358 regia:
940 3292 1285 3359 cognoverat
1333 3287 1593 3355 rebelles,
1625 3287 1854 3342 bellico-

156 3397 274 3433 sam
302 3378 525 3433 invexit
544 3376 745 3431 aciem.
773 3378 953 3441 Quam
988 3376 1121 3430 licet
1149 3375 1447 3430 obsidione
1500 3376 1672 3444 longa
1726 3391 1856 3429 suo-

156 3482 406 3537 rumque
426 3466 724 3520 sudore....
769 3466 1089 3531 devincens,
1138 3464 1469 3533 incolasque
1498 3463 1734 3532 hujusce
1761 3468 1859 3516 aut

159 3555 284 3609 neci
335 3553 570 3609 tradens
620 3559 720 3607 aut
769 3557 962 3623 captos
1010 3552 1267 3622 colligari
1323 3551 1683 3623 praecipiens,
1716 3568 1858 3622 quos

160 3648 326 3696 antea
379 3641 704 3695 contumaci
751 3639 941 3694 animo
990 3639 1099 3693 sibi
1128 3639 1492 3709 ingemuerat
1523 3638 1854 3705 renitentes,

161 3747 263 3784 suo
311 3729 685 3800 postmodum
715 3727 990 3796 dominio,
1024 3728 1137 3781 Deo
1168 3732 1530 3795 cooperante,
1575 3726 1860 3796 gaudebat

162 3818 520 3888 subjugatos.
552 3835 579 3867 »
600 3815 678 3870 Ad
693 3815 1169 3885 componendam,
1194 3814 1348 3886 quod
1373 3814 1464 3868 hic
1482 3814 1856 3868 intendimus,

161 3911 493 3974 temporum
521 3904 749 3968 seriem,
782 3904 836 3957 id
868 3919 982 3957 non
1018 3902 1326 3956 oscitanter
1355 3902 1643 3956 observari
1665 3902 1856 3966 velim,

163 3994 500 4066 praedictam
528 3992 709 4047 Troiae
742 3991 1124 4057 obsidionem,
1156 3990 1291 4045 totis
1312 3990 1495 4044 tribus
1524 3995 1581 4044 et
1613 3990 1859 4060 amplius

166 4079 483 4145 mensibus,
511 4083 653 4132 teste
683 4078 909 4144 Glabro,
940 4077 1228 4144 tenuisse;
1262 4082 1325 4131 ut
1356 4093 1469 4130 non
1501 4076 1635 4130 satis
1662 4091 1858 4147 prom-

165 4174 328 4240 ptum
388 4166 462 4221 sit
516 4165 711 4220 omnia
756 4164 1086 4219 combinare
1137 4181 1263 4236 quae
1306 4180 1458 4218 anno
1508 4169 1669 4234 gesta
1721 4162 1855 4216 scri-

167 4261 359 4326 ptores
401 4257 871 4309 commemorant.
927 4254 1137 4308 Demus
1191 4252 1413 4323 reliqua
1481 4268 1549 4307 ex
1605 4252 1911 4326 Chrono-r

234 4344 410 4414 apho.

167 4360 389 4486 $123.0
404 4452 427 4479 ι
462 4429 569 4485 Sed
624 4428 712 4483 his
762 4428 1235 4500 prosperitatibus
1263 4444 1378 4482 non
1420 4429 1620 4495 elatus,
1662 4444 1861 4482 verum

172 4520 270 4576 Dei
300 4517 694 4574 misericordia
719 4517 1013 4586 praeditus,
1046 4517 1376 4587 hujusmodi
1402 4517 1715 4575 victoriam.
1748 4533 1860 4570 non

172 4610 288 4665 suis
307 4609 409 4663 sed
443 4606 672 4662 Domini
693 4606 999 4661 virtutibus
1019 4605 1365 4671 adscribens,
1400 4607 1672 4661 Romanae
1701 4606 1863 4660 Sedis

172 4699 395 4769 apicem
425 4695 784 4750 acceleravit:
825 4694 925 4748 ubi
981 4694 1337 4765 aliquamdiu
1380 4700 1651 4758 moratus,
1704 4693 1866 4763 regni

176 4786 325 4841 illius
358 4784 733 4857 optimatibus
752 4799 889 4853 pace
912 4784 1212 4854 gratiaque
1232 4782 1322 4836 sui
1344 4781 1644 4849 redimitis,
1668 4780 1865 4835 nivosa

174 4873 403 4944 Alpium
459 4869 756 4924 cacumina
790 4869 969 4923 veloci
1001 4868 1418 4941 transgreditur
1473 4884 1663 4934 cursu,
1712 4872 1867 4921 tanta

179 4959 520 5016 mortalitate
552 4958 873 5027 subsecuta,
903 4974 1033 5028 qua:
1060 4957 1151 5011 vix
1185 4961 1282 5010 aut
1310 4956 1635 5010 nullatenus
1666 4972 1866 5009 vocum

180 5049 429 5115 nutibus,
498 5046 584 5102 vel
643 5047 815 5101 etiam
868 5046 1070 5101 officiis
1126 5044 1257 5116 styli
1321 5046 1506 5099 valeat
1556 5044 1862 5098 enucleari.

180 5137 356 5202 Quam
412 5135 676 5190 videlicet
720 5135 938 5189 cladem
966 5135 1280 5203 Imperator
1301 5136 1597 5202 Augustus
1628 5133 1871 5184 evadeus

181 5226 393 5279 caelitus
422 5222 823 5289 obumbratus,
846 5222 945 5277 sed
974 5238 1105 5277 raro
1130 5220 1310 5275 milite
1358 5220 1681 5285 comitatus,
1715 5236 1872 5272 exce-

182 5315 283 5384 ptis
313 5312 404 5367 his
434 5327 581 5383 quos
627 5310 735 5367 sibi
763 5314 947 5365 mater
976 5312 1204 5380 Europa
1244 5308 1596 5363 occurrendo
1625 5308 1871 5363 admise-

184 5408 280 5470 rat,
334 5400 705 5457 Germanicas
740 5398 1003 5470 pervenit
1031 5398 1100 5453 ad
1146 5413 1293 5462 oras,
1327 5412 1715 5467 magnumque
1747 5412 1872 5465 syn—

184 5492 334 5546 odale
363 5487 745 5560 colloquium,
775 5486 1194 5543 conﬂuentibus
1241 5485 1491 5557 undique
1518 5484 1871 5540 diversarum

188 5580 480 5650 regionum
535 5575 814 5649 episcopis
874 5575 930 5629 iu
984 5575 1241 5644 partibus
1272 5573 1471 5627 habuit
1508 5571 1875 5626 occidentali-

1968 563 2117 618 istud
2150 563 2306 635 quod
2323 563 2538 617 notavit
2565 565 2861 633 Baronius,
2888 581 3097 635 nempe
3122 566 3660 636 Seligenstadiense,

1966 651 2057 704 cui
2086 650 2134 704 si
2166 649 2428 704 interfuit
2454 651 2507 704 8.
2547 651 2838 721 Henricus,
2877 669 3104 706 necesse
3159 659 3246 707 est
3275 670 3408 708 eum
3440 654 3498 707 in
3527 654 3663 708 Ger-

1972 738 2220 792 maniam
2253 738 2486 792 rediisse
2518 745 2652 793 ante
2686 756 2942 794 mensem
2972 745 3317 810 Augustum,
3367 742 3472 795 sub
3502 742 3665 811 cujus

1969 825 2317 896 principium
2370 825 2628 880 habitum
2667 832 2772 893 est,
2806 834 2868 881 ut
2898 828 3026 883 vide
3058 830 3113 882 in
3164 830 3496 884 collectione
3532 830 3665 885 Lab-

1970 914 2167 976 beana,
2193 915 2300 968 col.
2335 915 2459 969 844.
2488 915 2631 978 Quid
2662 916 2757 970 SS.
2816 920 3004 970 Aureo
3054 922 3110 971 et
3148 918 3383 971 Justinus
3414 933 3479 971 eo
3515 934 3664 973 anno

1969 1001 2276 1056 contulerit
2329 1002 2587 1072 Sanctus,
2647 1004 2770 1057 vide
2800 1010 2956 1057 tomo
2988 1005 3059 1059 Ill
3092 1006 3267 1072 Junii,
3308 1021 3438 1076 pag.
3473 1009 3560 1060 78.
3597 1008 3665 1061 Ut

1969 1090 2243 1158 praedicta
2271 1090 2471 1145 omnia.
2501 1091 2570 1144 ad
2620 1092 2805 1161 justos
2836 1092 3081 1145 calculos
3139 1095 3393 1158 reducas,
3434 1109 3662 1147 necesse

1970 1183 2055 1232 est
2086 1178 2292 1243 dicere,
2328 1178 2675 1232 Caesarianas
2704 1180 2896 1247 copias
2926 1181 3030 1233 sub
3056 1182 3228 1234 tinem
3278 1181 3414 1234 anni
3444 1197 3660 1251 prece.

1970 1266 2158 1319 dentis
2186 1265 2245 1319 in
2296 1266 2515 1319 Italiam
2551 1267 2893 1336 prazmissas,
2929 1267 3166 1321 ducibus
3204 1270 3469 1338 Poppone
3519 1270 3660 1323 Tre-

1972 1353 2180 1406 virensi
2230 1358 2287 1406 et
2332 1353 2621 1423 Peligrino
2669 1354 2996 1407 Coloniensi
3028 1355 3329 1424 episcopis.
3366 1372 3509 1425 quos
3535 1373 3660 1409 san-

1969 1446 2091 1494 ctus
2121 1441 2457 1510 Imperator,
2490 1441 2667 1495 natali
2699 1442 2927 1495 Domini
2956 1442 3015 1496 in
3061 1442 3466 1497 Thorueburch
3501 1444 3656 1498 cele-

1970 1529 2154 1593 brato,
2216 1533 2280 1582 ut
2327 1534 2528 1583 notant
2570 1530 2817 1583 Annales
2876 1531 3343 1598 llildesemenses,
3378 1531 3482 1585 sub
3520 1532 3659 1584 anni

1969 1618 2140 1685 hujus
2170 1616 2520 1686 principium
2556 1618 2887 1672 subsecutus
2922 1618 3011 1672 sit.

1972 1738 1977 1743 -
2042 1708 2162 1759 151.
2200 1704 2338 1759 Falli
2367 1705 2457 1758 hic
2486 1705 2664 1775 igitur
2710 1705 2969 1759 existimo
2999 1707 3345 1761 Schatenum
3399 1711 3659 1761 nostrum

1967 1792 2102 1846 dum
2149 1793 2208 1846 in
2246 1793 2564 1847 Annalibus
2612 1795 2730 1846 suis
2764 1794 3326 1851 Paderbornensibus
3378 1795 3446 1849 ad
3506 1796 3659 1849 hunc

1967 1894 2184 1932 annum
2222 1878 2301 1932 ita
2329 1878 2557 1932 scribit:
2594 1902 2615 1928 ι
2650 1880 3027 1934 Memorabilis
3057 1882 3163 1935 hoc
3192 1898 3343 1935 anno
3375 1882 3660 1950 expeditio

1968 1966 2181 2033 Italica,
2245 1971 2486 2035 urgente
2563 1968 2867 2022 Benedicto
2922 1969 3193 2023 Pontiﬁce
3267 1985 3371 2040 per
3419 1970 3654 2039 legatos.

1968 2054 2147 2119 Quam
2193 2054 2253 2108 in
2282 2070 2404 2108 rem
2437 2055 2717 2125 synodum
2749 2056 3270 2127 Aquisgranensem
3304 2058 3373 2111 ab
3401 2059 3658 2126 Impera-

1967 2147 2085 2197 tore
2114 2147 2477 2198 convocatam
2532 2145 2765 2198 tradunt
2812 2160 2880 2199 ex
2914 2146 3230 2215 Sigeberto,
3265 2146 3657 2200 convenienti-

1963 2231 2068 2284 bus
2119 2247 2183 2285 ex
2240 2236 2357 2285 tota
2388 2232 2691 2286 Germania
2745 2233 3047 2303 episcopis.
3081 2235 3185 2289 Sed
3247 2250 3313 2288 ea
3374 2234 3658 2304 expeditio

1966 2335 2081 2372 non
2111 2318 2220 2373 nisi
2252 2320 2357 2373 sub
2389 2320 2603 2374 exitum
2634 2321 2770 2374 anni
2801 2327 3081 2391 suscepta,
3128 2339 3336 2393 magno
3365 2339 3657 2376 armorum

1964 2411 2262 2476 apparatu.
2300 2428 2321 2455 ι
2360 2408 2439 2460 De
2487 2423 2554 2461 ea
2601 2409 2818 2478 synodo
2859 2409 2995 2479 quid
3026 2411 3411 2463 statuendum‘
3436 2409 3508 2463 sit
3536 2426 3662 2464 nec-

1966 2494 2103 2549 dum
2136 2495 2316 2549 audeo
2356 2494 2651 2561 deﬁnire;
2691 2496 2832 2550 mihi
2862 2502 3083 2550 certum
3130 2497 3356 2552 videtur
3412 2514 3528 2552 non
3555 2515 3660 2569 po-

1966 2582 2142 2635 tuisse
2170 2583 2447 2636 Caesarem
2478 2583 2824 2654 Aquisgrani
2877 2585 3097 2638 hazrere
3124 2585 3231 2638 hoc
3263 2601 3435 2651 anno,
3487 2602 3659 2655 quem

1966 2668 2250 2739 expeditio
2300 2670 2492 2724 Italica
2520 2675 2605 2724 tot
2655 2671 2945 2725 mensibus
2994 2672 3317 2741 occupavit;
3373 2688 3661 2744 quemque

1970 2758 2294 2821 Beneventi,
2345 2773 2413 2811 ex
2461 2758 2773 2827 diplomate
2837 2758 2918 2812 ibi
2976 2760 3106 2813 dato
3161 2760 3331 2814 fuisse
3389 2761 3658 2814 scimusx

1968 2845 2151 2900 Martii
2207 2848 2356 2899 1022.
2400 2846 2575 2916 Magis
2620 2846 2678 2899 id
2724 2851 2944 2917 pugnat
2974 2849 3243 2901 adversus
3275 2835 3655 2913 ‘Schatenum,

1967 2935 2068 3004 qui
2096 2949 2247 2987 anno
2276 2935 2429 2998 1023,
2461 2934 2521 2987 in
2550 2950 2720 3005 quem
2753 2936 3173 3005 expeditionem
3222 2935 3456 2990 dilatam
3480 2936 3657 3004 cupit,

1967 3023 2244 3077 Caesarem
2278 3022 2442 3076 nobis
2499 3023 2730 3076 exhibet
2758 3023 3471 3093 quaternasdonationum
3500 3025 3659 3078 tabu-

1964 3112 2046 3164 las
2105 3110 2487 3164 Paderbornse
2534 3112 2986 3166 subscribentem
3044 3112 3337 3165 mensibus
3388 3111 3658 3166 Januario

1965 3203 2022 3252 et
2074 3197 2402 3265 Februario,
2464 3204 2525 3255 ut
2574 3199 2718 3253 adeo
2753 3200 2971 3253 italiam
3022 3199 3322 3269 pervenire
3363 3200 3659 3254 commode

1965 3302 2079 3340 non
2106 3287 2374 3356 potuerit,
2410 3288 2610 3340 saltem
2635 3287 2692 3340 in
2724 3289 3010 3357 Apuliam,
3044 3288 3152 3341 nisi
3183 3289 3287 3341 sub
3322 3288 3498 3341 tinem
3526 3289 3660 3343 Mar-

1965 3376 2028 3429 tii
2057 3381 2156 3428 aut
2192 3375 2544 3445 principium
2577 3376 2822 3445 Aprilis;
2872 3375 2971 3445 qui
2999 3375 3044 3428 si
3094 3376 3275 3429 tribus
3305 3382 3361 3429 et
3414 3375 3659 3444 amplius

1967 3462 2258 3517 mensibus
2290 3462 2347 3515 in
2390 3464 2509 3515 sola
2552 3463 2733 3531 Trojas
2785 3463 3081 3516 obsidione
3110 3467 3415 3532 occupatus
3463 3462 3657 3527 fuerit,

1967 3566 2137 3620 porro
2187 3549 2246 3602 in
2296 3550 2479 3603 Monte
2529 3549 2728 3602 Casino
2799 3550 3149 3617 decubuerit,
3203 3551 3399 3604 Romae
3452 3550 3659 3603 deinde

1971 3662 1989 3687 α
2027 3637 2360 3709 aliquandiu
2394 3643 2672 3705 moratus,
2708 3658 2736 3687 ›
2764 3638 2989 3708 concipi
3035 3639 3272 3692 omnino
3300 3654 3416 3691 non
3448 3643 3655 3708 potest,

1965 3730 2048 3780 tot
2072 3742 2163 3780 res
2200 3725 2442 3796 gessisse
2494 3727 2791 3790 Caesarem,
2825 3732 2882 3780 et
2920 3742 3115 3781 mense
3141 3726 3292 3780 Julio
3344 3726 3402 3779 in
3428 3726 3656 3780 Germa-

1965 3814 2121 3867 niam
2167 3813 2435 3867 reducem
2478 3813 2672 3883 fuisse,
2706 3814 2814 3868 nisi
2841 3814 3115 3868 miracula
3154 3814 3280 3885 quis
3308 3814 3503 3885 ﬁngat,
3532 3830 3661 3884 qua:

1967 3902 2077 3956 huc
2128 3917 2437 3966 accersere,
2472 3918 2698 3955 necesse
2728 3919 2846 3956 non
2878 3902 3158 3956 existimo.
3214 3902 3392 3956 Aliter
3417 3903 3661 3955 sentien-

1966 3990 2103 4044 dum
2134 3989 2360 4043 videtur
2407 3990 2480 4043 de
2529 3991 2827 4053 sanatione
2856 3991 3058 4044 calculi
3089 3990 3297 4044 ibidem
3320 4007 3427 4061 ope
3457 3992 3510 4045 S.
3556 3992 3661 4044 Be-

1968 4076 2180 4130 nedicti
2218 4076 2540 4145 impetrata,
2574 4094 2749 4147 quam
2797 4078 2900 4131 etsi
2928 4078 3267 4149 impugnare
3294 4093 3529 4146 prorsus
3560 4093 3661 4128 no-

1968 4165 2091 4230 lim,
2115 4165 2319 4218 vellem
2346 4171 2496 4219 certe
2527 4182 2561 4218 a
2601 4165 2974 4235 scriptoribus
3013 4165 3275 4219 unanimi
3307 4165 3490 4234 magis
3520 4180 3660 4216 con-

1969 4268 2168 4307 sensus
2205 4252 2424 4309 referri.

2052 4342 2166 4393 1ὕ2.
2200 4338 2487 4410 Anonymi
2515 4355 2637 4409 cap.
2673 4343 2762 4405 22,
2814 4341 2963 4410 apud
3012 4356 3117 4392 nos
3156 4355 3314 4393 num.
3348 4341 3436 4403 26,
3468 4338 3521 4391 8.
3561 4339 3664 4390 Be-

1976 4426 2231 4481 nedictus
2261 4426 2582 4480 medicinali
2616 4427 2784 4494 ferro,
2818 4428 2970 4497 quod
3022 4443 3195 4481 manu
3253 4427 3507 4493 tenebat,
3542 4442 3668 4496 par-

1975 4520 2093 4569 tem
2123 4514 2281 4567 illam
2317 4514 2592 4585 corporis,
2628 4514 2723 4569 ubi
2754 4516 3003 4569 calculus
3039 4516 3280 4586 jacebat,
3314 4514 3559 4585 aperuit,
3590 4518 3664 4579 et,

1977 4604 2169 4657 evulso
2218 4602 2465 4656 molliter
2494 4603 2732 4668 calculo,
2767 4603 2989 4657 hiatum
3021 4603 3271 4658 vulneris
3300 4602 3488 4656 subita
3525 4602 3671 4655 saui-

1977 4695 2093 4746 tate
2132 4690 2559 4759 redintegravit.
2612 4690 2719 4745 Sed
2748 4691 2856 4744 alia
2907 4693 3074 4762 plane
3105 4696 3190 4745 est
3245 4689 3445 4745 Leonis
3477 4687 3670 4743 Marsi-

1978 4779 2106 4833 cani
2163 4778 2441 4846 narratio;
2493 4778 2572 4832 sic
2606 4784 2800 4833 tamen
2849 4785 2913 4833 ut
2963 4786 3207 4850 utraque
3252 4777 3569 4839 conveniat,
3612 4775 3671 4828 in

1983 4867 2321 4921 vindicanda
2349 4866 2457 4920 hoc
2503 4867 2630 4937 ipso
2677 4868 2952 4922 miraculo
3002 4867 3252 4938 corporis
3299 4866 3353 4920 S.
3393 4863 3674 4919 Benedicti

1981 4958 2043 5010 in
2073 4972 2141 5011 eo
2192 4956 2605 5011 archicaenobio
2638 4956 2959 5027 praesentia.
2994 4957 3293 5011 Potissima
3324 4954 3502 5025 igitur
3538 4967 3672 5005 con-

1982 5045 2256 5100 troversia
2282 5045 2527 5099 Leonem
2557 5044 2711 5098 inter
2732 5045 2828 5099 lib.
2860 5060 2931 5111 ιι,
2959 5061 3084 5115 cap.
3111 5047 3179 5099 43
3220 5060 3284 5097 ac
3325 5044 3415 5108 44,
3461 5044 3517 5093 et
3542 5039 3675 5092 Gal-

1982 5133 2069 5187 los
2097 5133 2356 5203 aliosque
2408 5132 2729 5203 scriptores,
2792 5150 2901 5186 non
2964 5139 3081 5187 tam
3125 5133 3275 5185 circa
3317 5128 3677 5182 sanationem

1983 5221 2167 5291 ipsam
2198 5221 2361 5291 cujus
2391 5226 2729 5291 perpetuum
2770 5225 3207 5274 monumentum
3242 5214 3679 5271 adventantibus

1985 5309 2309 5380 quibusque
2354 5308 2609 5363 exhiberi
2658 5309 2909 5374 solitum,
2946 5308 3123 5361 oculis
3163 5305 3274 5375 ipsi
3304 5303 3514 5358 nostris
3542 5302 3680 5356 olim

1987 5397 2394 5467 spectavimus;
2429 5413 2603 5469 quam
2654 5398 2802 5451 circa
2854 5397 3122 5466 adjuncta
3176 5392 3438 5455 vertitur,
3493 5406 3680 5461 quaaa

1988 5486 2159 5541 variis
2198 5486 2350 5540 varie
2395 5491 2682 5551 exornata,
2717 5501 2785 5539 eo
2842 5488 3007 5554 pacto
3041 5481 3334 5536 nonnullis
3365 5479 3681 5535 redduntur

1985 5573 2173 5627 dubia.
2229 5575 2327 5627 Ast
2352 5590 2458 5643 ego
2501 5572 2591 5627 hic
2635 5573 2909 5626 arbitrum
2968 5586 3082 5623 non
3133 5584 3277 5639 ago;
3308 5568 3517 5639 quibus
3563 5568 3684 5621 hec
