3940 6336
270 357 334 406 87
1573 353 1627 404 S.
1675 349 1962 404 HENHICI
2008 346 2479 404 IMPERATORIS
3707 341 3792 393 88

270 487 505 528 noscere
533 471 757 526 animus
785 476 870 526 est
917 470 1146 526 videant
1193 469 1578 526 Mabillonium
1618 471 1676 523 in
1720 469 1955 524 Annali-
1986 473 2033 523 A
2073 474 2389 523 morantur.

273 564 379 615 bus
408 577 538 630 pag.
581 563 705 625 288,
748 575 908 614 num.
969 563 1053 627 15,
1085 563 1136 613 et
1165 561 1302 613 Acta
1353 559 1690 613 Sanctorum
1738 558 1964 612 Ordinis

275 655 432 702 tomo
465 650 551 712 VI,
582 654 741 718 parte
777 664 797 700 1
818 666 849 701 a
875 664 1007 718 pag.
1041 648 1144 702 452
1167 665 1180 714 ;
1207 647 1348 700 mihi
1371 647 1507 700 satis
1529 652 1614 700 est
1641 649 1760 700 haec
1792 663 1962 699 vero—

266 729 562 789 ‘simillime
615 734 920 806 contigisse
973 752 1122 789 anno
1147 736 1268 805 jam
1300 735 1445 788 dicto
1490 736 1644 789 1022.
1691 736 1765 788 De
1799 733 1966 788 donis

277 823 702 893 pretiosissimis
747 824 988 894 aliisque
1046 823 1362 894 insignibus
1393 823 1679 876 beneﬁciis
1709 840 1739 875 a
1769 829 1962 875 sancto

277 913 626 982 Imperatore
683 911 939 966 coenobio
990 911 1283 965 Casinensi
1335 927 1401 964 ea
1475 911 1766 964 occasione
1811 911 1968 978 larga

278 1015 481 1053 manus
512 999 751 1063 collatis,
809 1000 934 1052 vide
993 1001 1284 1052 laudatum
1313 997 1554 1051 Leonem
1594 998 1966 1050 Marsicannm

275 1087 417 1140 locis
444 1088 703 1158 proxime
751 1087 960 1140 citatis:
999 1103 1110 1156 quo
1159 1086 1330 1139 etiam
1388 1090 1602 1153 spectat
1647 1084 1968 1138 coenobium

281 1177 759 1241 Beneventanum,
831 1192 1081 1245 unquam
1145 1193 1176 1227 ει
1231 1175 1282 1228 S.
1366 1173 1602 1226 Henrico
1667 1173 1968 1226 fundatum

279 1267 378 1315 aut
403 1263 660 1334 dotatam
691 1263 818 1325 fuit,
845 1265 905 1315 ut
933 1261 1113 1330 aliqui
1141 1261 1359 1324 volunt,
1394 1276 1525 1312 nam
1558 1276 1622 1312 ex
1655 1260 1969 1328 diplomate

277 1350 429 1420 apud
453 1351 774 1418 Ugbellum,
795 1353 934 1402 tom.
961 1349 1216 1414 Vill,col.
1244 1352 1359 1412 115,
1383 1351 1565 1400 solum
1582 1353 1805 1401 constat
1832 1364 1969 1400 con-

279 1439 534 1492 ﬁrmasse
572 1438 839 1492 Sanctum
874 1436 1078 1490 fundos
1110 1443 1167 1490 et
1194 1437 1345 1489 bona
1393 1436 1587 1489 omnia
1641 1435 1694 1489 S.
1745 1435 1970 1505 SOphia‘.

281 1525 628 1578 monasterio
659 1530 826 1578 antea
853 1540 1118 1578 concessa
1150 1541 1162 1577 :
1196 1529 1367 1593 atque
1397 1523 1505 1576 hoc
1551 1527 1656 1588 est,
1689 1524 1841 1593 quod
1865 1526 1971 1577 da-

279 1619 402 1666 tum
424 1614 671 1666 diximus
703 1630 754 1666 vi
785 1613 914 1666 Idus
942 1613 1124 1666 Martii
1149 1629 1329 1665 nxxu.
1365 1612 1509 1676 Quid
1542 1612 1688 1664 initu
1721 1613 1804 1665 vel
1844 1613 1969 1664 red-

281 1701 368 1754 itu
413 1717 541 1754 cum
591 1701 646 1754 S.
683 1701 996 1754 Homualdo
1048 1698 1390 1767 transegerit
1419 1700 1473 1752 S.
1531 1699 1824 1766 Ilenricus,
1854 1702 1967 1750 tra-

283 1789 428 1842 dunt
486 1790 729 1842 Joannes
786 1788 1093 1842 Damianus
1146 1791 1203 1840 et
1250 1787 1632 1858 Hieronymus
1677 1786 1974 1854 Pragensis

284 1877 449 1929 relati
488 1876 558 1929 ad
582 1893 652 1928 v11
688 1875 998 1930 Februarii.
1791 1895 1793 1897 ί

360 1967 477 2018 153.
551 1965 690 2018 Hinc
739 1964 811 2017 ad
871 1962 1382 2032 Chronographum
1435 1962 1788 2028 revertimur,
1845 1977 1974 2015 cum

285 2068 398 2121 quo
445 2051 749 2120 incipimus
792 2067 1006 2104 annum
1066 2049 1225 2104 l0'23:
1264 2069 1290 2099 α
1343 2050 1618 2102 Henricus
1660 2050 1977 2118 Imperator

286 2139 454 2192 Albas
509 2139 760 2209 festaque
817 2138 1126 2202 Pasclialia,
1161 2137 1511 2207 principibus
1541 2139 1835 2192 turmatim
1875 2153 1977 2189 uu-

286 2226 460 2295 dique
485 2226 975 2290 concurrentibus,
1003 2225 1328 2295 Merseburg
1351 2225 1458 2277 rite
1495 2240 1795 2295 peragens,
1823 2224 1976 2295 quod

286 2331 500 2381 rarum,
557 2317 641 2368 vel
686 2316 911 2385 penitus
940 2315 1264 2369 inauditum
1321 2315 1562 2381 videtur,
1618 2320 1779 2368 terna
1809 2315 1978 2368 unius

288 2401 661 2471 ejusdemque
692 2401 894 2471 templi
926 2400 1286 2455 dedicatione
1317 2401 1688 2470 gratiﬁcatur.
1727 2422 1748 2449 ι
1775 2401 1836 2454 Id
1867 2417 1979 2470 qua

287 2488 511 2542 ratione
569 2489 962 2557 accipiendum
1020 2488 1110 2554 sit,
1176 2504 1361 2558 neque
1419 2489 1660 2558 explicat
1716 2488 1976 2558 scriptor,

287 2593 473 2646 neque
521 2593 626 2646 ego
671 2577 930 2646 pluribus
959 2576 1336 2646 quarendum
1365 2592 1591 2629 censeo.
1639 2576 1978 2647 Memorabi-

287 2666 396 2718 Iem
450 2664 588 2717 anni
637 2663 798 2718 istius
828 2680 1126 2717 occursum
1185 2664 1438 2732 suggerit
1470 2665 1792 2717 Clirouicou
1823 2664 1980 2735 Sige-

286 2752 459 2806 berti:
495 2773 521 2799 α
582 2753 856 2806 Henricus
887 2754 1204 2822 Imperator
1232 2759 1287 2806 et
1314 2752 1615 2806 Rotbertus
1660 2769 1756 2806 rex
1804 2754 1978 2806 Fran-

285 2856 481 2893 corum
512 2857 683 2909 super
733 2841 981 2894 Charum
1012 2840 1249 2893 ﬂuvium
1283 2841 1435 2910 apud
1486 2840 1745 2894 Evosium
1777 2857 1976 2894 conve-

289 2927 474 2990 niunt,
507 2929 575 2980 de
605 2934 752 2980 statu
790 2929 1073 2992 Ecclesiae,
1108 2928 1271 2997 regni
1312 2938 1366 2980 et
1396 2927 1625 2996 imperii
1653 2929 1973 2981 tractaturi:

289 3021 344 3068 et
372 3015 634 3068 condicto
662 3020 724 3067 ut
776 3031 947 3084 super
978 3016 1065 3068 liis
1111 3015 1516 3068 conﬁrmandis
1561 3015 1733 3069 etiam
1767 3017 1976 3084 Papam
2013 3017 2052 3070 C

291 3103 610 3156 Romanum
629 3101 798 3154 simul
831 3102 997 3154 ambo
1019 3101 1209 3172 Papia:
1241 3106 1563 3171 opportune
1591 3102 1980 3156 conxeuirent.

291 3192 606 3259 Imperator
647 3189 858 3258 Regem
911 3195 969 3243 et
997 3206 1150 3255 suos,
1185 3191 1392 3242 multos
1423 3191 1590 3242 etiam
1625 3189 1722 3259 qui
1762 3195 1984 3244 tantum

278 3278 358 3331 ad
393 3277 783 3331 demirandam
841 3276 1273 3345 imperatoriam
1305 3278 1661 3347 majestatem
1701 3293 1984 3331 convene-

290 3368 439 3433 rant,
494 3369 654 3419 tanta
709 3365 1051 3419 liberalitate
1100 3365 1352 3430 donavit,
1413 3369 1473 3418 ut
1522 3366 1728 3434 opibus
1782 3381 1983 3434 regum

289 3455 590 3508 Persarum
639 3456 695 3506 et
724 3455 973 3506 Arabum
1033 3458 1223 3523 posset
1273 3453 1590 3522 comparari
1619 3454 1984 3523 Imperatoris

290 3541 699 3595 muniﬁcentia.
758 3563 778 3588 ι
831 3541 968 3604 Quae
1029 3542 1224 3594 omnia
1264 3543 1434 3610 paulo
1485 3540 1663 3594 fusius
1719 3542 1986 3595 describit

291 3629 494 3685 Glaber
524 3629 857 3698 Rudolphus
889 3629 986 3682 lib.
1021 3645 1101 3695 III,
1155 3646 1279 3699 cap.
1320 3633 1374 3694 2,
1419 3645 1480 3682 ex
1509 3629 1717 3698 quibus
1752 3645 1852 3682 sua
1884 3630 1982 3683 de-

292 3716 538 3785 sumpsit
590 3714 883 3780 Bironius,
933 3732 1102 3786 quem
1163 3717 1336 3770 etiam
1387 3715 1516 3769 vide
1561 3731 1688 3784 quae
1746 3717 1806 3770 in
1855 3733 1986 3771 con-

292 3804 421 3858 cilio
481 3804 659 3871 (tomo
709 3804 794 3871 IX,
847 3804 1067 3857 collect.
1134 3804 1324 3867 Labb.,
1380 3805 1486 3858 col.
1523 3807 1652 3872 854)
1693 3815 1817 3858 acta
1861 3822 1981 3860 me-

2479 468 2552 522 De
2605 468 2888 522 constanti
2947 471 3002 521 et
3073 470 3351 538 perpetua
3422 465 3601 520 sancti
3660 467 3792 519 lm-

2073 558 2350 629 peratoris
2405 557 2466 610 in
2525 556 2733 612 Christi
2777 555 3024 610 famulos
3069 555 3466 619 beneﬁcentia,
3515 571 3584 608 ex
3631 569 3792 623 qua-

2074 646 2251 700 ternis
2299 646 2402 700 hoc
2431 661 2581 698 anno
2635 645 2912 714 expeditis
2941 643 3312 698 donationnm
3348 641 3574 707 tabulis,
3630 656 3794 712 quas

2033 735 2247 795 refert
2301 733 2630 796 Scbatenus,
2698 733 2819 802 jam
2875 748 3048 802 supra
3106 730 3506 784 meminimus:
3563 733 3797 800 praeter

2077 838 2216 892 quas
2266 820 2435 874 aliam
2484 822 2621 873 mihi
2659 820 2942 886 suggessit
2968 820 3230 872 laudatus
3263 834 3436 888 supra
3477 819 3796 872 Schanna-

2076 915 2187 975 tus,
2217 910 2528 979 diplomate
2555 909 2686 962 dato
2723 909 3101 977 B-ibenbergse
3151 907 3282 960 Kal.
3321 910 3466 976 Aug.
3492 922 3580 958 an.
3614 908 3791 967 1023,

2078 1014 2191 1067 quo
2233 996 2293 1050 in
2350 997 2592 1066 gratiam
2625 1013 2652 1046 α
2696 995 3032 1049 confessoris
3071 1021 3092 1042 ε-
3143 995 3226 1047 sui
3256 1017 3277 1042 ε
3332 993 3640 1048 Theobaldi
3671 993 3792 1046 ab-

2077 1085 2221 1138 batis
2247 1085 2339 1139 SS.
2368 1084 2615 1138 Udalrici
2634 1089 2690 1138 et
2719 1084 2886 1150 Aine,
2929 1106 2948 1131 ιο
2980 1085 3031 1136 ei
3081 1082 3340 1136 coenobio
3405 1082 3564 1148 favit,
3598 1097 3794 1152 quam

2079 1173 2602 1226 miriﬁcentissime.
2640 1173 2717 1226 Ad
2775 1178 3114 1242 postrenum
3148 1172 3284 1224 Vitae
3332 1170 3521 1225 Sancti
3555 1185 3796 1222 annum

2079 1260 2438 1314 clironotaxis
2460 1266 2654 1314 nostra
2682 1259 3030 1331 perducitur.

2153 1351 2271 1403 iiii.
2328 1350 2465 1413 Quae
2515 1365 2664 1402 anno
2727 1351 2859 1402 1024
2911 1353 3070 1418 gesta
3121 1351 3256 1400 sunt
3294 1345 3372 1400 sic
3400 1346 3596 1417 paucis
3625 1362 3801 1399 com-

2080 1439 2280 1508 plexus
2357 1442 2442 1490 est
2505 1437 3008 1507 Cbronograpbus:
3067 1455 3094 1485 «
3137 1435 3471 1505 [Imperator
3527 1435 3801 1488 natalem

2082 1523 2307 1577 Domini
2342 1523 2669 1593 Bavenberg
2695 1523 2932 1593 peregit.
2984 1521 3066 1575 Ibi
3096 1521 3263 1574 turba
3307 1525 3651 1575 convenerat
3686 1536 3801 1590 pa-

2084 1613 2329 1665 storibus
2386 1611 2678 1676 destituta,
2735 1611 2870 1681 quia
2919 1626 3118 1663 omnes
3147 1608 3410 1679 suspensi
3442 1609 3793 1679 manebant,

2083 1701 2243 1769 cujus
2289 1699 2664 1770 providentiae
2705 1715 2840 1752 cura
2879 1697 3164 1768 imperiali
3209 1701 3484 1768 potestate
3541 1697 3799 1751 commi—

2084 1793 2430 1842 terentur....
2478 1788 2664 1841 Caesar
2719 1787 2954 1840 diversis
2984 1786 3273 1840 doloribus
3299 1791 3533 1838 vexatus
3576 1785 3796 1840 eodem

2084 1875 2208 1929 loco
2266 1875 2463 1928 crebra
2501 1874 2836 1928 inﬁrmitate
2883 1873 3184 1927 diuturnas
3232 1873 3507 1943 protraxit
3565 1889 3793 1937 moras,

2083 1963 2508 2033 resumptisque
2556 1963 2790 2016 demum
2843 1961 3077 2026 viribus,
3132 1962 3303 2014 citato
3345 1976 3516 2014 cursu
3548 1963 3798 2015 Parthe-

2085 2051 2340 2122 nopolim
2371 2051 2454 2104 ire
2494 2050 2808 2119 proposuit.
2842 2049 3094 2103 Tandem
3127 2055 3254 2119 post
3298 2049 3529 2117 longam
3562 2050 3801 2104 delibe-

2085 2141 2369 2194 rationem
2402 2136 2672 2191 laboriosi
2704 2137 2945 2205 itineris,
2983 2137 3136 2191 diem
3167 2137 3497 2191 Palmarum
3541 2137 3602 2192 in
3632 2139 3793 2205 loco,

2086 2228 2186 2298 qui
2229 2227 2438 2281 dicitur
2465 2225 2712 2291 Alstede,
2770 2225 2966 2279 festive
3008 2225 3336 2280 celebravit.
3391 2225 3488 2280 Die
3519 2241 3652 2279 vero
3697 2243 3797 2279 re-

2084 2314 2518 2379 conciliationis,
2579 2315 2842 2383 exigente
2898 2313 3250 2368 inﬁrmitatis
3308 2314 3638 2386 gravedine,
3704 2331 3802 2368 re-

2087 2410 2242 2458 mota
2277 2421 2309 2456 a
2334 2419 2392 2457 se
2423 2419 2550 2472 quae
2582 2406 2919 2455 convenerat
2944 2401 3339 2467 multitudine,
3373 2402 3566 2473 paucis
3595 2402 3801 2455 comi-

2087 2492 2355 2554 tantibus,
2415 2491 2708 2558 Nieuburg
2749 2505 2969 2542 coenam
3028 2489 3382 2544 Dominicam
3436 2489 3688 2559 peregit;
3726 2489 3797 2543 in

2087 2586 2278 2633 sancto
2335 2595 2464 2633 vero
2512 2578 2775 2641 Sabbato,
2829 2581 3116 2631 contracto
3159 2578 3334 2631 totius
3392 2582 3621 2632 senatus
3650 2593 3800 2632 con-

2087 2675 2274 2730 ventu,
2327 2667 2626 2720 coutectali
2675 2683 2776 2719 sua
2807 2665 3146 2736 Cunigunda
3187 2667 3513 2731 comitante,
3553 2666 3798 2720 Parthee

2089 2757 2346 2827 nopolim
2379 2757 2554 2822 venit,
2583 2753 2680 2808 ubi
2709 2770 2840 2807 cum
2867 2754 3074 2823 grandi
3100 2754 3317 2807 honore
3347 2759 3640 2824 susceptus
3667 2759 3795 2820 est;

2091 2843 2399 2898 Dominicae
2456 2859 2682 2913 quoque
2739 2841 3166 2896 resurrectionis
3205 2842 3412 2911 gaudia
3451 2841 3660 2895 celebri
3690 2841 3802 2895 ho-

2087 2946 2228 2983 nore
2258 2930 2564 2999 transegit;
2597 2930 2804 2982 deinde
2835 2929 2904 2982 ab
2941 2929 3194 2982 antistite
3235 2929 3491 2999 ejusdem
3523 2928 3626 2981 loci
3660 2929 3800 2982 auri

2092 3019 2519 3089 sericorumque
2562 3017 2832 3071 varietate
2883 3017 3198 3087 plurimum
3231 3017 3497 3082 donatus,
3556 3017 3798 3070 Hatver-

2094 3107 2250 3160 stade
2296 3106 2451 3160 adiit.
2507 3107 2640 3159 Inde
2695 3105 3071 3159 nihilominus
3125 3104 3437 3160 Goslariam
3495 3103 3801 3174 profectus

2094 3199 2196 3260 est,
2234 3194 2330 3246 ubi
2355 3194 2555 3247 diebus
2614 3195 2808 3246 decem
2847 3194 3111 3264 peractis,
3157 3195 3226 3247 ad
3259 3193 3445 3246 locum
3477 3193 3800 3264 quemdam

2094 3284 2278 3335 Grona
2307 3282 2541 3345 dictum,
2583 3287 2868 3352 properat,
2912 3281 3106 3351 ibique
3135 3281 3268 3334 forti
3298 3281 3644 3350 mgritudine
3691 3283 3801 3337 de-

2092 3385 2340 3440 pressus,
2378 3376 2434 3422 et
2463 3386 2673 3423 amarae
2708 3369 2907 3423 mortis
2955 3371 3160 3439 poculo
3193 3369 3500 3434 debriatus,
3557 3370 3797 3425 vitalem

2091 3459 2278 3512 emisit
2305 3458 2588 3526 spiritum.
2623 3477 2650 3508 ι)
2707 3457 2844 3521 Quas
2895 3457 3108 3510 ibidem
3156 3463 3475 3528 sequuntur
3507 3459 3575 3512 de
3623 3459 3800 3513 moli-

2090 3545 2342 3599 tionibus
2375 3545 2655 3598 Brunonis
2707 3544 2958 3614 episcopi
3005 3545 3322 3615 Augustani
3364 3545 3535 3600 habes
3567 3561 3627 3599 in
3670 3547 3799 3600 Vita

2089 3650 2211 3702 cap.
2243 3636 2329 3698 32,
2363 3633 2452 3686 hic
2485 3632 2671 3702 primo
2709 3633 2830 3686 loco
2861 3633 3014 3686 inter
3057 3635 3351 3698 miracula,
3383 3634 3531 3688 infra
3581 3650 3648 3688 ex
3675 3638 3797 3689 An-

2090 3736 2297 3791 onymo
2353 3719 2751 3785 describenda;
2783 3736 2886 3772 nos
2927 3721 3262 3774 chronotaxi
3309 3721 3665 3776 Henriciauaa
3700 3739 3799 3777 co-

2089 3807 2346 3861 ronidem
2380 3806 2751 3876 imponimus.

1083 4123 1598 4188 ADELBOLDI
1676 4125 2095 4190 EPISCOPI
2181 4127 2988 4192 ULTltAJECTENSlS

1660 4374 2408 4446 FRAGMENTUM

297 4551 491 4650 DE
581 4551 1082 4656 REBUS
1171 4553 1694 4657 GESTIS
1791 4553 1896 4656 S.
1985 4555 2632 4657 HENRICI
2720 4549 3798 4666 IMPERATOBIS

1432 4745 1516 4785 EX
1569 4744 1915 4788 EDITIONE
1971 4744 2222 4788 JACOBI
2277 4743 2652 4789 GRETSERI.

1891 4877 2282 4885 .—-——-———_—.

365 4994 748 5076 fragmentum
775 4996 1093 5076 appelamus
1128 4998 1290 5076 Aquod
1316 5001 1432 5076 _v_i.r
1464 4999 1613 5076 binos
1654 5003 1898 5076 integros
1941 5005 2220 5076 regnantis
2263 5019 2354 5057 seu
2399 5006 2715 5072 imperantis
2761 5006 2816 5060 S.
2888 5009 3106 5063 Henrici
3153 5024 3322 5062 annos
3370 5011 3754 5076 complectatur
3777 5055 3792 5075 ,

296 5067 348 5149 et
377 5065 482 5149 tale
513 5064 694 5149 istud,
739 5081 805 5148 ea:
836 5081 938 5133 quo
967 5064 1250 5149 scriptdris
1301 5069 1606 5149 ﬁdem_,_rei_
1647 5064 1913 5149 historica?
1944 5064 2224 5149 versanda:
2258 5064 2537 5149 peritiam,
2581 5081 2632 5129 et
2687 5082 3000 5130 accuratam
3047 5079 3391 5146 diligentiam
3451 5064 3533 5134 iia
3575 5064 3795 5149 perspi:

297 5137 438 5218 eius,
481 5139 541 5188 ut
592 5137 792 5218 regiqui
835 5138 1514 5218 operis_jactul°(zm_si_itis
1543 5141 1850 5218 _deplorare
1887 5156 2000 5218 non
2041 5137 2275 5218 possisf
2299 5137 2637 5218 Frustranea
2692 5150 2803 5212 fuit
2829 5156 2831 5158 '
2859 5150 3031 5202 omnis
3101 5137 3288 5203 uestra
3339 5137 3684 5218 investigatio
3700 5137 3798 5206 ‘ad

295 5205 936 5288 pretiosumothesqurum
981 5209 1230 5288 alicuude
1273 5205 1670 5288 refodienduni,
1728 5215 1788 5264 ut
1815 5205 2064 5288 superius
2095 5215 2183 5288 §_6
2230 5217 2365 5269 satis
2409 5216 2613 5270 dictum
2669 5205 2768 5280 est,
2821 5218 2915 5270 ubi
2955 5218 3021 5272 de
3073 5227 3286 5274 auctore
3316 5221 3480 5288 plura
3523 5205 3794 5276 iuvenies-

297 5274 646 5357 Hichpaucis'
671 5276 970 5357 indicatum
999 5279 1162 5342 volui,
1214 5295 1323 5346 qm
1375 5274 1714 5357 potissimum
1743 5274 1953 5334 ratio—ne
1997 5274 2320 5357 pv-aidictum
2363 5274 2977 5355 fragmentum'partiti
3019 5292 3216 5355 simus;
3264 5274 3547 5346 mimirum
3591 5274 3793 5346 nonin

300 5346 504 5430 capita,
551 5346 663 5430 sed.
694 5349 959 5430 potius-in
982 5363 1178 5430 annos,
1204 5346 1496 5404 secundum
1521 5367 1652 5430 quos
1683 5366 1815 5430 opus
1861 5346 2017 5430 suum
2061 5346 2394 5430 distiumigsseq
2426 5346 2642 5410 videtur
2690 5346 2878 5411 auctor
2927 5360 3067 5430 ipse,
3110 5366 3171 5413 ut
3204 5346 3294 5415 ’ϐω
3345 5366 3628 5430 superstite
3666 5379 3790 5416 con-

299 5417 450 5497 temtu
479 5419 763 5497 manifeste
805 5417 1033 5497 patebit.
1086 5421 1236 5497 Hanc
1287 5436 1406 5497 uere
1459 5417 1672 5497 partem
1712 5417 1994 5497 Anonymi
2025 5427 2395 5497 compitalioni
2439 5431 2729 5494 praemitto,
2783 5434 2894 5481 tum
2924 5417 3068 5497 quod
3106 5446 3226 5484 vere
3265 5417 3523 5485 historica
3559 5423 3652 5488 ait.
3675 5430 3791 5487 tum

300 5484 468 5570 quod.
498 5501 634 5570 cum_
657 5484 1045 5570 commeritario
1065 5496 1246 5570 nostro
1304 5484 1694 5570 (auge—aptius
1725 5484 2033 5570 concordet;
2066 5484 2197 5570 adeo
2247 5501 2307 5549 ut
2353 5484 2523 5570 fer-me
2577 5484 2948 5552 dubiiaverim‘
2973 5505 3178 5554 atrum
3236 5515 3342 5555 non
3383 5484 3787 5570 rerpediret'ab

298 5567 361 5606 ea
417 5554 844 5624 chronologicam
876 5560 1014 5614 Vitae
1058 5561 1112 5615 S.
1167 5554 1614 5616 Henrici'seriem
1671 5563 1960 5617 inchoare:
2012 5554 2241 5620 ceterum
2289 5582 2323 5619 a
2353 5554 2655 5635 'Majorum
2707 5570 2973 5623 institutis
3022 5584 3072 5624 ei
3111 5554 3338 5640 placitis,
3385 5554 3563 5627 satius
