3940 6314
144 350 203 401 89
1802 356 1840 408 A

3583 360 3650 410 9U

126 471 245 536 fuit
274 486 387 525 non
430 473 693 527 recedere.
725 473 875 527 Hinc
923 487 1085 541 porro
1141 474 1475 543 principium
1504 477 1684 541 facere
1739 476 1908 528 cuivis
1940 472 2151 539 licebat,
2194 477 2290 543 qui
2337 480 2606 543 gestorum
2649 475 2832 529 ordini
2885 476 3066 541 potius
3117 491 3284 544 quam
3317 476 3651 543 Legendista:

141 545 449 605 confusioni
483 544 871 597 adhaerendum
927 547 1213 598 censuerit.
1246 547 1334 598 Ea:
1383 547 1492 599 solo
1554 546 1833 600 {tdclbotdi
1860 547 2101 615 prologo,
2160 546 2225 599 de
2266 547 2380 615 ejus
2412 547 2683 600 scribendi
2732 548 2940 615 peritia
2980 551 3030 600 et
3081 547 3385 601 eruditione
3419 554 3656 602 statuere

140 618 184 664 et
207 628 447 680 pronum
468 619 520 667 et
544 620 858 683 promptum
889 618 987 668 est.

638 702 977 757 AUCTORIS
1026 702 1449 757 PROCEMIUM.

210 791 255 842 l.
328 788 392 841 In
461 788 634 859 gestis
686 789 995 843 scribendis
1040 790 1154 843 duo
1223 797 1353 844 sunt
1427 790 1717 846 videnda:
1782 796 1842 846 ut

140 879 190 927 et
261 876 512 945 scriptor
594 878 889 930 veritatem
964 877 1024 930 in
1089 878 1405 947 prolatione
1473 884 1666 932 teneat
1716 896 1728 933 :
1788 883 1844 933 et

143 964 315 1015 lector
368 965 619 1016 fructum
696 964 757 1016 in
819 964 1057 1018 lectione
1121 966 1325 1034 capiat.
1412 966 1516 1020 Sed
1604 966 1844 1038 scriptor

144 1050 436 1104 veritatem
514 1057 710 1104 tenere
769 1052 988 1122 nequit,
1052 1053 1160 1107 nisi
1241 1054 1363 1107 haec
1429 1059 1679 1125 quatuor
1746 1060 1843 1110 aut

143 1142 410 1206 potenter
464 1138 818 1204 devitaverit,
879 1144 975 1192 aut
1033 1140 1394 1210 aliquatenus
1436 1158 1468 1194 a
1506 1147 1695 1195 mente
1745 1142 1842 1195 de-

145 1226 434 1293 posuerit:
468 1226 687 1289 odium,
715 1233 771 1280 et
804 1228 1088 1281 carnalem
1119 1228 1506 1295 dilectionem,
1542 1230 1841 1300 invidiam,

142 1320 192 1364 et
216 1313 564 1367 infernalem
594 1314 1005 1368 adulationem.
1037 1315 1239 1369 Odium
1266 1316 1439 1383 enim,
1489 1322 1543 1370 et
1571 1317 1843 1373 invidiam

145 1404 282 1453 liene
313 1407 476 1470 gesta
497 1406 594 1454 aut
618 1402 851 1455 omnino
876 1409 1082 1469 tacent,
1118 1410 1215 1457 aut
1259 1405 1496 1457 dicendo
1555 1410 1842 1459 transcur-

143 1494 292 1553 runt,
344 1494 446 1542 aut
507 1489 860 1543 calumniose
917 1495 1317 1545 transmutaut.
1368 1493 1407 1545 Ε
1448 1499 1643 1546 contra
1696 1495 1844 1547 male

140 1582 297 1646 gesta
352 1576 570 1642 dicunt,
611 1578 851 1630 dilatant
911 1586 967 1631 et
1021 1580 1389 1649 ampliﬁcant.
1440 1581 1695 1637 Cal-nalis
1744 1599 1842 1635 au-

137 1670 254 1718 tem
284 1662 517 1717 dilectio
556 1673 613 1718 et
642 1667 936 1719 infernalis
987 1668 1259 1734 adulatio,
1322 1686 1451 1739 quas
1510 1670 1656 1723 male
1688 1675 1846 1739 gesta

138 1758 289 1819 sunt,
319 1752 562 1807 scientes
592 1753 880 1824 ignorant,
932 1759 988 1808 et
1040 1754 1428 1826 ignorantiam
1486 1756 1840 1823 simulantes,

137 1840 439 1895 veritatem
468 1844 755 1896 occultant
787 1859 800 1908 ;
834 1843 976 1896 bene
1005 1849 1162 1914 gesta
1195 1850 1383 1898 autem
1435 1846 1658 1914 placere
1693 1862 1844 1915 quaa-

138 1934 348 1995 rentes,
384 1930 628 1999 spatiose
683 1932 895 1997 dicunt,
949 1936 1003 1985 et
1056 1932 1182 2002 plus
1235 1932 1391 2002 justo
1455 1933 1840 2003 magniﬁcant.
1876 1962 1914 2014 Β

136 2018 221 2070 Sic
270 2035 377 2088 per
432 2019 555 2072 haec
603 2024 871 2089 quatuor,
930 2024 1029 2073 aut
1080 2020 1139 2073 iu
1198 2019 1342 2074 bene
1396 2020 1591 2091 gestis,
1650 2021 1845 2074 autin

138 2107 285 2160 male
322 2106 520 2173 gestis
573 2110 776 2159 veritas
848 2108 1150 2174 evanescit,
1225 2108 1437 2161 falsitas
1499 2108 1844 2177 superducta

137 2195 328 2248 colore
372 2194 615 2247 nitescit.
677 2194 998 2264 Spiritualis
1046 2202 1236 2249 autem
1300 2196 1525 2250 dilectio
1593 2196 1845 2250 veritatis

137 2283 341 2347 amica,
367 2301 473 2337 nec
514 2284 661 2337 male
705 2289 863 2354 gesta
916 2284 1079 2351 celat,
1132 2301 1237 2338 nec
1290 2285 1434 2339 bene
1467 2290 1627 2356 gesta
1676 2300 1845 2355 pom-

138 2390 273 2442 pose
305 2372 539 2438 dilatat;
574 2371 755 2424 sciens
811 2374 944 2443 quia
992 2378 1049 2426 et
1096 2378 1255 2442 gesta
1306 2390 1455 2443 saepe
1506 2378 1749 2443 prosunt
1774 2373 1846 2426 ad

136 2460 554 2514 correctionem
586 2480 601 2525 ;
630 2466 685 2513 et
713 2461 858 2514 bene
884 2467 1043 2532 gesta
1077 2462 1403 2532 frequenter
1437 2462 1668 2527 obsunt,
1708 2461 1845 2515 dum

140 2550 430 2602 ducuntur
461 2548 523 2600 in
549 2548 876 2602 elationem.
930 2548 1125 2602 Melius
1174 2553 1257 2600 est
1307 2548 1460 2601 enim
1505 2548 1845 2601 adversitate

138 2643 393 2691 mentem
424 2637 750 2700 refraenare,
785 2653 957 2707 quam
1014 2635 1392 2707 prosperitate
1432 2636 1847 2690 contumaciter

138 2725 348 2779 intlari.
413 2725 610 2778 Lector
655 2730 849 2778 autem
898 2726 1145 2778 fructum
1199 2741 1400 2794 capere
1456 2741 1568 2778 non
1614 2724 1843 2793 poterit,

140 2814 246 2866 nisi
274 2816 375 2865 aut
403 2813 710 2882 diligenter
742 2813 1070 2879 attenderit,
1126 2817 1223 2866 aut
1270 2813 1494 2882 penitus
1546 2813 1845 2866 intellexe-

138 2902 229 2966 rit,
272 2918 377 2955 cur
404 2901 551 2955 bona
582 2900 767 2967 bonis,
827 2902 972 2955 mala
1016 2901 1180 2955 malis
1215 2918 1227 2967 ;
1261 2902 1413 2955 bona
1452 2902 1638 2968 malis,
1698 2902 1848 2955 mala

139 2990 303 3044 bonis
336 2989 627 3043 eveniant.

205 3081 258 3131 2.
290 3080 409 3132 Cur
464 3078 613 3131 bona
667 3076 829 3130 bonis
878 3077 1281 3143 concedantur,
1326 3077 1632 3149 dupliciter
1680 3077 1849 3132 intel-

140 3166 239 3238 ligi
274 3170 465 3236 potest
495 3180 507 3229 ;
541 3169 639 3216 aut
668 3164 819 3216 enim
845 3164 922 3217 sic
967 3164 1104 3217 boni
1136 3169 1288 3230 sunt,
1326 3170 1385 3219 ut
1440 3182 1541 3235 per
1573 3165 1848 3218 tentatio-

1872 689 1918 739 Α
1956 701 2135 773 tiqua.
2169 702 2353 766 Quare
2378 703 2649 773 praecedit
2699 703 2939 768 novitas,
2974 708 3036 757 ut
3091 712 3365 775 sequatur
3401 700 3653 776 antiqui-

1952 795 2061 844 tas.
2099 791 2347 844 Stultum
2390 797 2476 845 est
2523 808 2659 862 ergo
2691 792 2843 862 quod
2901 792 3192 863 praecedit,
3246 810 3515 863 spernere
3550 810 3563 860 ;
3599 798 3655 847 et

1953 878 2107 948 quod
2155 880 2430 949 sequitur,
2492 880 2762 950 quodque
2798 897 2828 932 a
2884 880 3229 948 praecedenti
3271 880 3445 934 habet
3477 885 3536 934 ut
3558 881 3650 946 sit,

1953 984 2069 1021 non
2117 967 2386 1038 recipere.
2439 968 2585 1022 Raro
2616 967 2767 1021 enim
2804 985 2836 1021 a
2879 967 3105 1022 sitiente
3142 966 3317 1037 {rivus
3352 969 3649 1039 quaeritur,

1952 1054 2087 1107 dum
2110 1055 2238 1108 fons
2283 1054 2545 1109 habetur.
2586 1056 2834 1109 Dicimus
2890 1056 3031 1122 haec,
3089 1072 3203 1110 non
3258 1062 3320 1110 ut
3351 1057 3655 1127 adjiciatur

1951 1142 2284 1213 antiquitas,
2318 1144 2415 1198 sed
2476 1150 2537 1197 ut
2587 1144 2897 1215 recipiatur
2962 1141 3205 1197 no'vitas.
3272 1145 3331 1197 In
3388 1145 3653 1198 omnibus

1952 1231 2165 1301 quippe
2208 1231 2523 1301 scripturis,
2583 1232 2629 1285 si
2683 1237 2767 1286 est
2826 1232 3045 1296 veritas,
3107 1238 3167 1286 et
3216 1234 3448 1299 utilitas,
3489 1250 3655 1303 teque

1952 1320 2099 1371 valet
2131 1319 2354 1372 novitas
2385 1325 2441 1372 et
2488 1320 2816 1391 antiquitas.
2874 1320 3143 1374 Fortassis
3186 1326 3269 1373 est
3321 1320 3418 1390 qui
3455 1321 3605 1374 dicat
3641 1336 3653 1372 :

1951 1406 2087 1470 Qum
2140 1407 2352 1461 utilitas
2404 1407 2463 1461 in
2521 1408 2694 1477 gestis
2746 1407 3003 1478 legendis
3048 1424 3165 1461 esse
3224 1408 3461 1461 valeat?
3514 1409 3654 1461 Huic

1950 1495 2383 1563 respondemus,
2421 1496 2555 1565 quia
2616 1495 2875 1566 quisquis
2906 1496 3137 1549 alterius
3186 1502 3347 1566 gesta
3406 1495 3566 1565 legit,
3607 1496 3654 1549 si

1951 1583 2101 1635 bona
2158 1589 2311 1647 sunt,
2360 1583 2577 1637 invenit
2625 1585 2779 1654 quod
2834 1590 3124 1654 sequatur,
3160 1584 3205 1637 si
3264 1585 3434 1649 mala,
3485 1585 3655 1638 habet

1954 1671 2101 1723 unde
2148 1676 2520 1726 exterreatur.
2572 1673 2736 1726 Gesta
2788 1688 3035 1744 namque
3094 1672 3325 1726 alterius
3358 1674 3569 1742 legere,
3595 1672 3655 1725 in

1952 1760 2243 1828 speculum
2265 1760 2342 1828 (3)
2374 1764 2457 1814 est
2474 1760 2772 1831 respicere.
2809 1760 2867 1815 Si
2900 1760 3041 1831 quid
3068 1761 3125 1814 in
3158 1778 3224 1814 eo
3277 1760 3451 1822 vides,
3501 1761 3653 1831 quod

1951 1846 2057 1900 tibi
2085 1847 2403 1917 displiceat,
2432 1848 2490 1902 in
2525 1854 2579 1902 te
2614 1849 2833 1918 corrige
2870 1866 2882 1903 :
2927 1849 2974 1902 si
3003 1849 3163 1920 quid,
3225 1850 3378 1920 quod
3412 1850 3650 1919 placeat,

1953 1933 2205 1989 imitare.
2270 1938 2463 1991 Cesset
2547 1938 2913 2007 przelocutio;
2998 1936 3429 2007 praelocutionis
3486 1953 3657 1991 causa

1955 2029 2252 2093 sequatur.

1954 2157 2189 2213 ANNUS
2222 2157 2493 2213 CHRISTI
2544 2158 2665 2217 Mli,
2716 2158 2770 2213 S.
2825 2158 3105 2213 HENRICI
3158 2158 3581 2213 IMPERANTIS
3612 2159 3654 2214 Ι.

2027 2283 2083 2337 4.
2123 2282 2420 2336 Millesimo
2449 2282 2697 2336 secundo
2718 2298 2868 2335 anno
2893 2282 2964 2336 ab
2995 2281 3389 2335 lncarnatione
3406 2280 3654 2335 Domini.

1961 2370 2271 2425 lndictione
2327 2370 2661 2425 duodecima
2715 2371 2807 2439 (4),
2870 2370 2999 2425 Otto
3083 2370 3284 2424 tertius
3346 2369 3660 2440 imperator

1956 2462 2266 2529 Augustus,
2300 2460 2578 2525 Paternaa,
2637 2459 2791 2529 quod
2847 2464 2931 2512 est
2984 2458 3277 2512 castellum
3337 2457 3656 2523 Romaniae,

1957 2548 2218 2602 moritur.
2276 2548 2369 2600 Vir
2410 2547 2544 2600 dum
2584 2548 2747 2618 juxta
2801 2546 3051 2617 corporis
3091 2547 3446 2617 speciositate
3494 2548 3658 2599 tlori-

1957 2636 2083 2703 dus,
2126 2651 2352 2690 morum
2386 2635 2666 2705 probitate
2722 2637 3029 2701 modestus,
3066 2641 3230 2688 tetate
3297 2635 3531 2704 quidem
3557 2634 3658 2703 ju-

1956 2724 2133 2791 venis,
2189 2725 2284 2777 sed
2329 2723 2581 2793 ingenua
2636 2723 2944 2792 capacitate
3016 2722 3232 2787 senilis,
3304 2722 3657 2793 benignitate

1956 2813 2255 2866 mirabilis.
2313 2814 2373 2865 In
2451 2814 2612 2881 cujus
2661 2811 2836 2881 gestis
2907 2810 3223 2864 scribendis
3274 2810 3409 2863 satis
3460 2809 3657 2863 avidus

1958 2918 2164 2970 essem,
2198 2902 2244 2954 si
2292 2906 2387 2955 aut
2454 2900 2786 2955 memoriter
2842 2905 3121 2968 tenerem,
3180 2904 3279 2952 aut
3355 2900 3654 2952 relatoreni

1958 2996 2175 3042 certum
2203 2989 2493 3043 haberem.
2555 2991 2667 3043 Hoc
2725 2992 2946 3041 tantum
2997 2988 3131 3054 scio,
3183 2987 3339 3059 quia,
3396 2988 3658 3057 quamvis

1959 3077 2019 3129 in
2076 3077 2348 3147 primaeva
2388 3082 2555 3131 aetate
2632 3078 2880 3146 plurima
2953 3076 3257 3146 pueriliter
3312 3075 3539 3146 egisset,
3600 3074 3658 3128 in

1959 3166 2239 3235 supremis
2293 3164 2876 3235 irreprchensibiliter
2908 3164 3148 3217 vivebat.
3185 3165 3365 3218 Deum
3409 3164 3658 3227 amabat,

140 3271 236 3307 nes
294 3253 468 3321 hujus
522 3250 715 3305 saeculi
768 3267 870 3304 nec
922 3252 1261 3321 probatione
1322 3270 1427 3307 nec
1505 3252 1845 3323 purgatione
1879 3244 1917 3298 C
1955 3254 2198 3307 amando
2230 3254 2486 3321 timebat,
2545 3253 2811 3307 omnibus
2869 3253 3148 3323 placebat,
3188 3250 3406 3306 nemini
3456 3252 3658 3320 displi-

142 3343 479 3412 indigeant:
522 3346 620 3394 aut
653 3357 719 3393 eo
755 3340 922 3393 modo
953 3340 1109 3405 boni,
1146 3351 1227 3407 ut,
1264 3341 1309 3394 si
1368 3357 1469 3412 per
1508 3342 1848 3395 tentationes

143 3433 530 3501 pulsarentur,
572 3429 826 3482 fortassis
880 3444 985 3499 pro
1049 3430 1281 3483 modulo
1322 3429 1701 3499 simplicitatis
1732 3446 1849 3482 suae

146 3521 652 3574 deteriorarentur.
700 3519 907 3572 Taliter
961 3524 1029 3589 (l)
1080 3535 1216 3589 ergo
1259 3535 1362 3573 nec
1410 3521 1467 3572 in
1517 3520 1636 3573 luto
1676 3519 1847 3589 hujus

147 3608 347 3662 mundi
378 3606 813 3661 conversatione
870 3606 1174 3675 {md-antur,
1211 3612 1271 3660 nt
1326 3623 1426 3676 per
1455 3622 1543 3671 ea,
1590 3622 1717 3676 quae
1750 3622 1845 3675 pa-

148 3696 388 3761 tiuntur,
424 3700 522 3747 ant
565 3695 634 3748 ad
666 3694 1075 3748 correctionem
1137 3694 1491 3761 invitentur;
1540 3700 1656 3760 aut,
1691 3695 1735 3748 si
1768 3712 1849 3747 re-

146 3784 416 3854 sipiscere
470 3783 692 3845 uolunt,
774 3781 1145 3851 intelligant;
1204 3782 1339 3853 quia
1397 3788 1452 3835 et
1507 3783 1621 3846 hic,
1682 3788 1735 3835 et
1789 3782 1847 3835 in

145 3874 406 3927 futurum
465 3872 616 3925 mala
674 3870 1006 3925 sustinendo
1059 3872 1318 3924 damnari
1380 3872 1643 3925 debeant.
1708 3873 1851 3926 Mala

148 3966 339 4013 autem
372 3959 539 4013 bonis
566 3958 874 4028 aliquando
913 3961 991 4027 ('2)
1028 3975 1139 4011 non
1183 3964 1240 4012 ut
1291 3966 1638 4026 mereantur,
1667 3960 1763 4013 sed
1792 3964 1851 4013 ut

146 4064 246 4117 per
277 4052 632 4101 tormentum
666 4053 945 4115 augeatur
991 4047 1072 4099 eis
1106 4048 1396 4111 meritum,
1433 4063 1535 4117 per
1580 4048 1849 4101 meritum

146 4136 532 4206 amplilicetur
588 4136 913 4204 praemium.
973 4135 1293 4206 Aliquando
1354 4153 1485 4189 vero
1518 4137 1655 4189 levis
1684 4138 1851 4208 culpa

147 4225 362 4291 subest,
393 4240 496 4293 pro
528 4240 642 4293 qua
673 4222 763 4276 hic
798 4223 994 4277 leviter
1041 4224 1411 4293 castigantur,
1462 4241 1531 4278 ne
1563 4225 1621 4279 in
1654 4226 1848 4280 futuro

149 4312 400 4366 deterius
440 4311 785 4364 crucientur.
833 4313 986 4366 Bona
1042 4329 1176 4365 vero
1238 4312 1399 4365 malis
1438 4314 1846 4379 conceduntur,

147 4407 207 4455 ut
234 4405 333 4453 aut
360 4400 437 4453 sic
466 4400 742 4470 pietatem
801 4400 898 4453 Dei
927 4408 1358 4470 recognoscant,
1395 4406 1450 4454 et
1490 4420 1523 4455 a
1562 4404 1849 4472 perversi-

148 4495 259 4543 tate
281 4505 386 4542 sua
421 4487 757 4558 recipiscant
791 4505 803 4554 ;
838 4493 933 4541 aut
974 4493 1293 4542 reservetur
1321 4489 1400 4542 eis
1462 4489 1519 4542 in
1556 4490 1845 4560 imprope-
1881 4523 1922 4575 Β

149 4577 320 4637 rium,
352 4576 504 4647 quod
558 4592 962 4647 recognoscere
1019 4579 1331 4631 noluerunt
1386 4579 1716 4650 largitorem
1746 4579 1845 4632 bo-

151 4681 376 4718 norum.

220 4756 269 4806 3.
330 4752 477 4818 Haec,
538 4767 667 4821 qua:
714 4750 1186 4821 prazscripsimus,
1246 4752 1306 4827 in
1355 4753 1622 4807 omnibus
1679 4754 1851 4824 gestis

151 4846 206 4893 et
261 4839 527 4910 scriptori
578 4845 635 4892 et
686 4840 884 4893 lectori
944 4857 1057 4893 non
1114 4840 1340 4894 inutilia
1387 4858 1506 4894 esse
1560 4846 1847 4911 putamus.

152 4928 367 4982 Scimus
416 4928 674 4997 insuper,
729 4934 786 4982 et
843 4928 1157 4999 saepissime
1231 4930 1512 4989 audimus,
1603 4930 1737 5001 quia
1793 4929 1852 4984 in

152 5018 418 5072 omnibus
483 5017 706 5087 scriptis
784 5017 1096 5088 antiquitas
1172 5018 1428 5072 delitiose
1503 5024 1849 5085 veneratur;

150 5106 366 5159 novitas
394 5105 688 5159 fastidiose
759 5106 1107 5177 repudiatur.
1157 5106 1263 5161 Sed
1320 5123 1448 5177 quae
1493 5107 1853 5176 recipiuntur

152 5200 209 5249 ut
226 5195 487 5266 antiqua,
514 5193 626 5248 nisi
660 5194 879 5264 primus
910 5200 1098 5248 essent
1154 5211 1317 5257 nova.
1368 5212 1485 5248 non
1545 5200 1733 5249 essent
1759 5212 1854 5249 an-

218 5302 287 5370 (l)
354 5301 685 5371 Legendum
740 5302 892 5357 haud
934 5301 1105 5357 dubie
1168 5303 1320 5366 tales,
1370 5317 1501 5354 cum
1558 5301 1631 5354 sit
1666 5305 1854 5355 rectus

154 5373 302 5426 verbi
333 5371 636 5438 foedantur.

218 5444 291 5512 (2)
324 5444 495 5496 Deest
523 5441 760 5503 verbum
792 5443 1080 5497 obveniant
1111 5441 1197 5495 vel
1232 5442 1504 5496 accidunt.

158 5584 188 5648 Ῡ
328 5512 544 5568 Alludit
575 5513 648 5567 ad
677 5513 923 5568 Terentii
965 5513 1250 5583 Adelphos
1291 5518 1394 5566 act.
1432 5514 1525 5578 Ill,
1576 5529 1744 5566 scena
1778 5530 1853 5580 Iv,

198 5625 211 5638 .
241 5604 270 5637 ὖ
315 5627 327 5637 .

1958 3343 2136 3407 cebat,
2172 3341 2280 3394 nisi
2311 3342 2456 3395 forte
2485 3341 2811 3395 infidelibus
2845 3356 2857 3394 :
2884 3340 3019 3410 quia
3040 3340 3302 3393 innatum
3331 3345 3415 3393 est
3473 3340 3656 3405 bonis,

1958 3430 2123 3483 malis
2174 3430 2493 3499 displicere,
2549 3434 2604 3482 et
2656 3430 2817 3482 bonis
2866 3432 3109 3497 placere.
3171 3428 3421 3482 Tandem
3477 3428 3661 3497 qualis

1960 3520 2081 3588 ejus
2103 3523 2359 3571 anteacta
2414 3517 2530 3570 vita
2588 3517 2806 3584 fuisset,
2865 3517 2921 3569 in
2958 3520 3138 3569 morte
3196 3515 3393 3586 ipsius,
3448 3514 3545 3585 qui
3578 3515 3660 3568 af-

1958 3607 2211 3668 fuerunt,
2275 3606 2468 3659 videre
2518 3609 2848 3674 potuerunt.
2909 3604 3245 3675 Quicunque
3303 3604 3456 3657 enim
3490 3603 3659 3657 inter-

1958 3695 2084 3762 fuit,
2120 3694 2177 3747 in
2209 3694 2507 3749 devotione
2540 3695 2661 3762 ejus
2698 3693 3020 3762 intelligere
3081 3692 3289 3763 potuit,
3348 3693 3486 3763 quia
3541 3708 3659 3745 non

1959 3784 2121 3849 obiit,
2159 3784 2251 3838 sed
2285 3784 2354 3838 ad
2412 3782 2760 3837 desiderium
2819 3799 2987 3835 suum
3043 3782 3331 3853 singulare
3374 3780 3656 3849 migravit.

1959 3875 2041 3926 Ad
2089 3879 2401 3926 creatorem
2453 3878 2711 3925 creatura
2782 3872 2966 3925 tidelis
2997 3888 3063 3925 ex
3119 3876 3246 3925 voto
3301 3870 3487 3923 redire
3535 3886 3661 3940 pro-

1960 3962 2198 4031 peravit.
2235 3962 2406 4029 Cujus
2455 3976 2566 4013 non
2618 3960 2825 4027 obitus,
2887 3960 2984 4012 sed
3045 3959 3317 4013 transitus
3372 3950 3655 4019 omnium,

1961 4049 2059 4120 qui
2112 4066 2264 4102 sana:
2318 4049 2526 4101 mentis
2585 4054 2766 4114 erant,
2828 4048 3012 4101 luctus
3070 4046 3366 4115 mirabilis,
3427 4047 3657 4117 plantus

1961 4144 2077 4191 erat
2118 4137 2488 4191 incredibilis.

2031 4229 2081 4280 ξ’).
2144 4228 2316 4280 Dolor
2366 4232 2513 4278 esset
2564 4224 2734 4279 etiam
2784 4223 3139 4287 insanabilis,
3202 4222 3311 4277 nisi
3375 4226 3664 4292 superstes

1960 4316 2013 4369 ei
2042 4315 2343 4369 exstitisset
2400 4314 2694 4367 Heinricus
2743 4314 2853 4366 dux
2885 4312 3189 4379 gloriosus,
3235 4314 3290 4364 et
3338 4309 3424 4363 vir
3453 4309 3524 4363 ad
3580 4325 3662 4362 re-

1960 4419 2139 4472 gnum
2168 4402 2591 4471 suscipiendum
2638 4406 2920 4453 strenuus.
2970 4400 3020 4453 ls
3077 4403 3211 4452 tunc
3246 4397 3522 4467 temporis
3554 4397 3659 4450 du-

1961 4496 2149 4545 catum
2178 4490 2235 4543 in
2281 4489 2607 4542 Bavariensi
2648 4504 2823 4557 regno
2888 4488 3132 4552 tenebat,
3189 4488 3469 4557 populum
3517 4486 3667 4557 paci'

1964 4580 2065 4633 tice
2095 4580 2349 4649 regebat,
2375 4593 2573 4647 pacem
2631 4576 3033 4647 ampliticabat,
3082 4575 3449 4630 ecclesiarum
3482 4575 3664 4629 facul-

1964 4672 2105 4721 tates
2132 4666 2395 4737 augebat,
2428 4667 2580 4736 leges
2611 4670 2667 4719 et
2700 4665 3005 4734 religiones
3056 4664 3483 4736 magniticabat.
3516 4665 3667 4718 Tan-

1964 4757 2092 4810 dem
2126 4755 2294 4809 sicin
2350 4756 2559 4809 ducatu
2586 4754 2740 4821 vixit,
2803 4755 2957 4824 quod
3015 4754 3282 4807 omnibus
3332 4752 3565 4822 placuit,
3604 4755 3668 4804 ut

1964 4844 2031 4897 de
2087 4844 2296 4897 ducatu
2350 4843 2813 4898 transduceretur
2870 4843 2939 4896 ad
3005 4859 3271 4914 regnum,
3331 4840 3401 4894 de
3464 4840 3667 4894 vexillo

1963 4932 2329 4985 extolleretur
2376 4932 2435 4986 in
2485 4932 2692 4986 solium
2752 4931 3182 4985 hereditarium.
3248 4928 3668 4985 Hereditarium

1964 5018 2205 5073 dicimus
2257 5036 2269 5084 ;
2323 5022 2473 5091 quia.
2548 5026 2611 5074 ut
2675 5020 2744 5073 ab
2809 5020 2915 5087 his,
2986 5019 3354 5090 genealogias
3421 5031 3669 5085 compu-

1964 5114 2084 5162 tare
2118 5116 2412 5175 noverant,
2442 5109 2784 5175 audivimus,
2822 5126 2855 5162 a
2910 5109 3114 5161 Karolo
3146 5124 3355 5177 magno
3406 5121 3474 5158 ex
3508 5108 3668 5174 parte

1965 5198 2141 5268 patris
2183 5197 2464 5252 decimam
2512 5198 2859 5267 septimam;
2912 5214 2975 5250 ex
3032 5201 3192 5266 parte
3261 5192 3476 5256 matris,
3511 5191 3668 5245 deci-

2035 5304 2107 5372 (4)
2165 5303 2352 5356 Voluit
2409 5303 2595 5357 dicere
2645 5304 2865 5357 decima
2913 5302 3161 5373 quinta;
3221 5301 3455 5373 fortasse
3505 5314 3665 5352 ama-

1966 5370 2197 5451 nueusis
2227 5375 2436 5451 aliquis
2451 5389 2567 5451 per
2594 5391 2661 5428 xv
2717 5370 3081 5451 descripserit
3107 5371 3261 5442 quod
3309 5370 3669 5451 alterinutaj

1963 5444 2181 5515 veritin
2204 5440 2387 5505 xu,iit
2415 5440 2621 5498 clarius
2673 5440 2995 5515 patebit’in
3042 5440 3194 5495 anno
3247 5440 3508 5512 sequenti
3567 5440 3666 5511 qui

1965 5513 2224 5586 signatur
2252 5515 2565 5569 lndictione
2602 5532 2636 5569 ι.
