3940 6318
295 366 354 419 9t
1604 365 1657 418 S.
1701 360 1986 418 HENRICI
2026 359 2499 416 IMPERATORIS
3732 362 3801 412 9'2

296 498 448 536 mam
479 486 694 536 sextam
729 480 935 534 lineam
973 480 1406 551 propagationis
1455 482 1700 536 tenebat.
1751 483 1993 553 Insuper
2029 482 2077 535 Α
2109 481 2301 545 licum,
2328 479 2572 549 majores
2619 483 2783 533 erant
2827 479 2886 534 in
2920 496 3120 551 regno,
3155 482 3347 536 Benno
3387 484 3507 537 Dux
3545 483 3603 536 in
3625 483 3803 537 Saxo-

294 570 496 624 tertius
518 570 646 625 Otto
673 569 746 639 (5)
775 574 903 639 post
933 568 1154 623 obitum
1194 570 1254 623 in
1288 570 1500 640 Regem
1545 570 1880 641 eligebatur,
1939 574 1995 622 et

293 658 404 730 ipsi
459 658 691 711 tertium
768 657 835 711 ad
884 657 1121 709 invicem
1172 658 1682 727 consanguinitatis
1753 657 1991 727 gradum

294 746 588 801 tenebant.
648 745 823 799 Mater
880 750 1069 798 autem
1130 761 1230 798 sua
1282 746 1525 800 Conradi
1564 746 1714 816 regis
1764 745 1838 815 (6)
1887 744 1996 798 fuit

295 834 433 888 ﬁlia.

367 925 414 976 6.
477 920 573 976 His
626 920 1076 975 antecessoribus
1146 925 1370 974 exortus
1418 936 1705 974 successor
1748 920 1993 989 ingenus

296 1008 548 1079 eligitur,
591 1012 647 1062 et
675 1014 735 1061 ut
768 1009 880 1063 Rex
915 1008 1032 1069 ﬁat,
1066 1008 1136 1062 ab
1167 1008 1434 1062 omnibus
1478 1008 1851 1062 desideratur.
1885 1007 1993 1062 Sed

295 1097 544 1166 qualiter
577 1098 645 1149 ad
691 1112 929 1166 regnum
983 1097 1053 1149 ab
1094 1096 1201 1162 his,
1240 1096 1338 1167 qui
1368 1113 1518 1150 sanas
1576 1096 1783 1149 mentis
1809 1099 1990 1163 erant,

294 1186 566 1239 invitatus
596 1185 767 1238 fuerit
802 1201 816 1250 ;
856 1185 1102 1255 qualiter
1138 1184 1311 1238 etiam
1354 1184 1570 1238 invidia
1599 1185 1850 1237 virorum
1888 1183 1991 1237 bo-

293 1288 505 1327 norum
562 1272 881 1326 comitatrix
915 1289 1016 1342 per
1056 1290 1185 1326 suos
1235 1273 1504 1326 satellites
1567 1272 1666 1342 [id]
1712 1271 1991 1342 impedire

295 1359 618 1425 tentaverit,
687 1375 791 1413 nec
855 1359 997 1413 mihi
1066 1358 1421 1412 fastidiosum
1475 1363 1562 1411 est
1612 1357 1820 1422 dicere,
1887 1374 1992 1411 nec

292 1448 493 1501 ceteris
524 1450 881 1517 superfluum
911 1447 1128 1501 audire.
1183 1446 1456 1500 Invidiam
1490 1444 1769 1498 bonorum
1813 1444 1990 1498 comi-

294 1536 553 1589 tatricem
584 1552 675 1588 me
703 1536 908 1589 dixisse
939 1552 1009 1588 ne
1065 1534 1286 1587 mireris
1316 1550 1330 1587 :
1371 1534 1507 1605 quia
1566 1533 1661 1586 ubi
1696 1532 1992 1586 abundant

295 1629 524 1677 strenue
580 1627 756 1692 gesta,
840 1623 1094 1676 abundat
1149 1626 1204 1674 et
1256 1622 1485 1675 invidia.
1549 1622 1706 1675 Unde
1758 1621 1989 1691 quidam

295 1710 675 1780 Philosophus
731 1709 1114 1779 interrogatus
1167 1727 1198 1762 a
1240 1709 1516 1779 discipulo
1574 1726 1677 1764 suo
1744 1709 1992 1779 qualiter

293 1798 482 1852 vivere
534 1802 747 1868 posset,
799 1803 864 1852 ut
918 1798 1263 1853 invidiorum
1320 1798 1673 1851 corrosiones
1745 1797 1996 1851 devitare

292 1887 529 1953 valeret,
562 1886 904 1957 respondit:
964 1886 1052 1939 Nil
1080 1886 1247 1951 bene,
1283 1886 1360 1939 nil
1417 1891 1664 1952 strenue,
1725 1886 1804 1939 nil
1856 1902 1995 1955 pru-

294 1977 498 2030 denter
528 1990 682 2045 agas,
704 1980 760 2028 et
783 1974 863 2028 ita
913 1978 967 2027 te
1010 1990 1176 2043 posse
1236 1974 1612 2028 detractiones
1668 1974 1994 2028 invidorum

297 2063 584 2118 declinare
615 2062 776 2116 scias.
809 2065 921 2116 Aut
964 2062 1142 2132 igitur
1172 2064 1378 2117 stultus
1430 2068 1569 2129 esto,
1634 2067 1692 2116 et
1718 2062 1995 2116 invidiam

298 2151 626 2217 declinato;
689 2156 788 2205 aut
838 2152 1151 2221 prudenter
1205 2152 1360 2222 agito
1419 2156 1474 2206 et
1520 2151 1798 2205 invidiam
1826 2150 1995 2204 susti-

296 2246 452 2295 neto.

369 2333 420 2381 7.
455 2327 660 2383 Ottone
690 2342 826 2398 ergo
857 2327 1273 2397 gloriosissimo
1325 2327 1677 2395 Imperatore
1708 2326 1993 2393 defuncto,

298 2415 590 2485 Cisalpini,
637 2415 736 2485 qui
794 2432 923 2469 cum
984 2432 1051 2469 eo
1109 2421 1290 2482 erant,
1331 2414 1792 2485 archiepiscopus
1843 2415 1999 2469 Colo-

296 2504 533 2569 niensis,
583 2504 832 2573 episcopi
894 2504 1272 2569 Leodicensis,
1322 2502 1700 2573 Augustensis
1752 2507 1808 2556 et
1850 2503 1996 2556 Con-

298 2592 647 2656 stantiensis,
681 2593 809 2646 Otto
848 2592 1000 2646 ﬁlius
1040 2592 1244 2660 Caroli,
1275 2592 1549 2646 Henricus
1604 2596 1661 2645 et
1688 2593 1999 2645 Juncman-

300 2698 405 2735 nus
460 2680 728 2747 Comites,
771 2686 828 2735 et
855 2680 1028 2734 ceteri
1058 2682 1426 2752 quamplures
1456 2680 1704 2735 ﬁdeliter
1742 2684 1992 2751 agentes,

297 2786 428 2824 cum
458 2769 705 2823 maxima
763 2767 1097 2823 difﬁcultate
1149 2774 1205 2823 et
1259 2768 1528 2838 periculis
1590 2768 1852 2838 pluribus
1896 2784 1999 2838 per

296 2860 598 2916 Veronam.
658 2872 760 2927 per
827 2858 1137 2920 Bavariam,
1198 2857 1436 2910 cadaver
1489 2856 1668 2927 ipsius
1720 2856 1993 2927 [reporta-

298 2946 455 3000 bant.
484 2945 702 3009 Quibus
763 2946 880 2998 Dux
933 2945 1321 2998 nobilissimus
1368 2960 1498 2998 cum
1556 2944 1837 2998 Bavaricis
1868 2945 1995 3016 Epi-

298 3032 480 3102 scopis
503 3038 561 3086 et
590 3031 907 3086 Comitibus
939 3032 1166 3085 obviam
1201 3032 1375 3097 venit,
1405 3048 1612 3101 corpus
1653 3033 1891 3086 senioris
1922 3031 1993 3103 (7)
2024 3034 2065 3088 C

299 3125 354 3175 et
384 3118 794 3189 consanguinei
839 3119 947 3183 sui,
990 3136 1102 3190 qua
1157 3119 1366 3185 decuit,
1423 3120 1786 3174 veneratione
1816 3137 1998 3174 susce-

300 3208 402 3279 pit,
440 3213 621 3262 totum
672 3208 1006 3274 exercitum,
1050 3224 1163 3279 qua
1207 3207 1404 3262 debuit
1456 3208 1797 3263 liberalitate
1843 3225 1995 3263 rece-

298 3297 384 3367 pit
406 3298 476 3365 (8)
504 3316 518 3364 ;
552 3312 654 3367 per
684 3301 895 3350 terram
926 3312 1105 3363 suam,
1142 3313 1256 3367 qua
1287 3297 1538 3366 oportuit
1594 3297 1998 3351 commoditate

299 3384 589 3439 conduxit.
623 3385 872 3439 Tandem
932 3385 1245 3456 Muneborg
1300 3386 1659 3456 perveniens,
1711 3385 1833 3455 ipse
1882 3386 2000 3439 suis

299 3473 555 3528 humeris
579 3488 787 3542 corpus
846 3473 1214 3543 Imperatoris
1268 3472 1325 3525 in
1377 3473 1661 3528 civitatem
1718 3472 1997 3540 subvexit,

298 3561 526 3633 pietatis
552 3562 875 3632 exemplum
907 3566 962 3615 et
992 3560 1361 3614 humanitatis
1420 3559 1695 3615 exhibens
1724 3560 1996 3626 debitum,

296 3649 610 3704 exercitum
639 3650 907 3711 diurnare
956 3648 1110 3714 fecit,
1141 3653 1200 3700 ut
1256 3653 1313 3700 et
1346 3647 1456 3717 ipsi
1508 3647 1578 3701 de
1627 3646 1895 3713 utilitate,
1946 3653 2004 3701 et

301 3738 689 3792 consolatione
736 3738 901 3808 regni
951 3739 1435 3809 colloquerentur,
1470 3744 1528 3791 et
1586 3736 1723 3807 equi
1778 3736 2003 3790 itineris

301 3825 656 3896 longitudine
696 3824 829 3879 fessi
860 3830 1270 3880 recrearentur.
1307 3825 1390 3879 Ibi
1448 3825 1770 3896 quibusque
1802 3824 2002 3877 melio-

302 3914 460 3967 ribus
492 3914 648 3983 regia
675 3914 827 3968 dona
878 3913 1109 3981 faciens,
1154 3913 1347 3983 junxit
1395 3913 1504 3966 sibi
1560 3929 1663 3983 per
1694 3912 2002 3967 amicitiam

302 4018 447 4072 quos
477 4002 845 4071 postmodum
865 4006 1230 4071 suscepturus
1261 4007 1382 4055 erat
1411 4001 1469 4054 in
1499 4000 1787 4054 militiam.

373 4093 425 4145 8.
463 4089 673 4143 Deinde
713 4105 844 4142 cum
901 4106 1137 4160 corpore
1183 4106 1362 4160 usque
1402 4094 1719 4159 Augustam
1768 4087 2003 4141 veniens

302 4176 363 4230 in
426 4177 659 4231 basilica
722 4179 775 4233 S.
833 4178 997 4245 Afrae,
1056 4178 1210 4248 juxta
1279 4179 1601 4249 sepulcrum
1652 4178 1707 4232 S.
1760 4176 2003 4232 Udalrici

304 4266 700 4321 decentissime
755 4267 983 4337 sepeliri
1029 4266 1396 4338 Imperatoris
1451 4265 1723 4321 interiora
1762 4266 1911 4328 fecit,
1946 4269 2001 4319 et

302 4370 406 4425 pro
438 4356 630 4409 anima
657 4356 780 4425 ejus
831 4355 1016 4409 eidem
1076 4354 1328 4410 ecclesiw
1371 4358 1600 4409 centum
1657 4370 1887 4408 mansos
1934 4369 1999 4407 ex

304 4443 537 4513 propria
563 4443 874 4497 hereditate
921 4444 1214 4497 concessit.
1274 4443 1357 4497 Ibi
1411 4442 1729 4497 valedicens
1776 4441 1997 4504 ceteris,

304 4529 425 4600 ipse
455 4531 524 4585 ad
557 4532 789 4602 propria
820 4532 1114 4586 remeavit.
1166 4533 1385 4602 Corpus
1450 4548 1583 4585 vero
1614 4529 1999 4601 Imperatoris,

304 4618 647 4689 Aquisgrani
694 4625 1075 4673 transvectum
1119 4620 1453 4688 honoriﬁce,
1488 4624 1549 4673 ut
1600 4620 1784 4673 adhuc
1822 4616 2003 4672 videri

302 4713 507 4778 potest,
545 4708 603 4763 in
651 4708 841 4763 medio
898 4710 1167 4763 ecclesia}.
1230 4710 1286 4765 S.
1353 4710 1541 4764 Maria:
1582 4708 1870 4777 sepultum
1895 4711 2000 4760 est.

303 4797 485 4861 Quam
531 4796 825 4851 ecclesiam
883 4797 1035 4852 idem
1091 4798 1535 4870 benignissimus
1594 4797 1912 4865 Imperator
1948 4799 2007 4848 et

306 4885 472 4939 unice
502 4884 715 4952 dilexit,
746 4891 803 4939 et
832 4886 1080 4956 plurima
1114 4887 1378 4941 facultate
1430 4885 1648 4940 ditavit.

377 4976 428 5026 9.
460 4975 616 5029 Tunc
647 4974 921 5045 temporis
980 4980 1107 5046 post
1158 4975 1487 5031 Heinricum
1540 4974 1751 5027 Ducem
1782 4972 2006 5043 magni-

380 5098 451 5165 (5)
477 5100 683 5152 Locum
699 5098 851 5153 hunc
891 5102 1224 5171 corruptum
1274 5095 2007 5171 esse,recteadverti_tGret-

307 5184 502 5235 serus;
565 5186 765 5224 verum
829 5170 965 5224 satis
1024 5168 1202 5241 patet,
1266 5169 1572 5239 legendum
1633 5171 1757 5236 post
1798 5168 2006 5223 Ottom‘s

308 5243 457 5293 tertii
484 5241 704 5294 obitum.

379 5309 452 5379 (6)
473 5312 686 5380 Nempe
721 5311 1083 5380 Burgundiee.

379 5378 457 5452 ('7),
485 5378 673 5436 Senibr
702 5398 805 5452 pro
838 5378 1097 5448 domino,
1131 5380 1286 5451 quod
1319 5378 1430 5442 hic,
1467 5378 2005 5452 _apurd__l_)itmarum

310 5454 369 5504 et
390 5451 531 5504 alios
587 5448 1119 5523 frequentissimum
1147 5448 1168 5451 ’
1190 5454 1295 5516 est,
1368 5448 1537 5504 unde
1570 5448 1847 5505 Gallicum
1898 5452 2004 5505 sei-

306 5536 492 5574 aneur.

306 5538 492 5574 (neur.

306 5538 339 5587 J
382 5592 457 5660 (8)
494 5593 653 5645 Forte
712 5596 920 5661 refecit,
966 5593 1155 5665 inquit
1200 5594 1511 5657 Gretserus,
1547 5590 1805 5667 quamvis
1835 5591 2004 5647 etiam

2107 567 2221 633 nia,
2248 568 2628 621 Herimannus
2668 568 2788 621 Dux
2828 567 2887 620 in
2918 569 3279 635 Alemannia,
3331 570 3718 625 Theodoricus
3744 570 3807 623 in

2105 654 2458 708 Lothariensi
2488 671 2686 725 regno,
2732 655 3063 710 Ekehardus
3123 657 3374 712 marchio
3422 658 3483 713 in
3511 658 3803 729 Toringia.

2107 744 2322 809 Benno,
2381 748 2443 797 ut
2481 744 2729 813 sapiens,
2783 760 2901 797 non
2970 744 3337 800 animabatur
3399 747 3470 801 ad
3537 763 3806 816 regnum,

2103 830 2285 886 sciens
2345 830 2671 885 Heinricum
2733 831 2924 902 vigere
2982 848 3102 902 prae
3155 834 3356 888 ceteris
3412 835 3484 889 ad
3540 835 3811 890 obtinen-

2103 919 2261 972 dum.
2294 919 2576 989 Sapientis
2627 919 2781 973 enim
2836 925 2922 973 est
2968 936 3235 991 spernere
3269 921 3329 976 in
3391 923 3479 977 his
3510 922 3813 993 appetitio-

2104 1023 2236 1060 nem
2266 1007 2327 1061 in
2356 1007 2566 1077 quibus
2625 1008 2729 1060 scit
2782 1007 2906 1061 ﬁeri
2960 1024 3079 1062 non
3134 1025 3298 1078 posse
3338 1011 3811 1065 consecutionem

2103 1094 2484 1148 Theodoricus
2509 1111 2738 1165 quoque
2770 1095 3094 1149 Heinricum
3132 1097 3339 1151 Ducem
3394 1098 3452 1151 in
3476 1114 3654 1167 regno
3683 1115 3811 1152 esse

2102 1184 2285 1236 sciens
2335 1183 2626 1248 heredem,
2683 1184 2862 1236 noluit
2917 1183 3169 1254 incipere
3230 1186 3382 1256 quod
3442 1202 3557 1240 non
3613 1191 3814 1256 posset

2102 1271 2286 1324 tiuire.
2321 1270 2703 1325 Herimannus
2752 1288 2882 1324 vero
2931 1272 3103 1325 homo
3157 1277 3379 1342 potens,
3422 1280 3477 1327 et
3508 1274 3565 1328 in
3600 1274 3809 1328 ceteris

2101 1358 2392 1425 prudens;
2462 1356 2521 1411 in
2576 1358 2686 1411 hoc
2762 1362 2952 1411 tamen
3006 1356 3231 1427 sapiens
3281 1376 3296 1422 ;
3351 1374 3409 1411 se
3466 1375 3629 1429 posse
3686 1374 3811 1411 cre—

2102 1444 2245 1499 didit
2310 1445 2464 1515 quod
2550 1446 2919 1516 postmodum
2992 1462 3051 1499 se
3127 1462 3244 1499 non
3303 1462 3469 1516 posse
3539 1447 3811 1517 probavit

2105 1533 2433 1586 Ekehardus
2472 1538 2663 1586 autem
2720 1534 2909 1587 nescio
2961 1550 3033 1586 an
3086 1533 3146 1587 in
3202 1533 3565 1603 adipiscendo
3621 1551 3807 1605 regno

2103 1637 2262 1691 spem
2344 1626 2561 1685 tenens,
2621 1639 2691 1675 an
2760 1622 3133 1675 rebellionem
3183 1622 3485 1682 meditans,
3545 1623 3604 1676 in
3648 1622 3818 1693 regia

2104 1715 2282 1775 curte,
2325 1726 2452 1781 quae
2485 1711 2781 1776 Poleda(9)
2803 1710 3033 1776 dicitur,
3065 1725 3167 1777 per
3203 1715 3426 1763 noctem
3459 1711 3530 1764 ab
3559 1710 3817 1764 inimicis

2105 1799 2220 1852 suis
2253 1799 2565 1869 egreditur,
2609 1798 2850 1853 viriliter
2870 1814 3134 1869 pugnans
3165 1798 3523 1853 interﬁcitur.
3557 1798 3815 1853 Reman-

2104 1889 2174 1942 sit
2196 1887 2489 1942 contentio
2518 1886 2668 1940 inter
2700 1887 3025 1942 Heinricum
3060 1888 3269 1940 Ducem
3326 1886 3815 1957 gloriosissimum

2105 1981 2160 2030 et
2188 1976 2597 2029 Herimannum
2632 1974 2814 2029 virum
2876 1975 3358 2045 potentissimum,
3410 1975 3506 2029 sed
3538 1975 3724 2029 brevis
3757 1981 3823 2029 et

2104 2064 2216 2117 cito
2249 2065 2423 2117 ﬁnem
2456 2062 2741 2117 habitura.
2791 2062 2924 2116 Erat
2970 2079 3221 2133 namque
3279 2065 3421 2117 alter
3450 2063 3613 2117 alteri
3643 2062 3819 2117 dissi-

2109 2151 2260 2206 milis
2294 2150 2592 2205 nobilitate
2649 2154 2705 2203 et
2762 2150 3062 2220 sapientia,
3119 2151 3387 2205 facultate
3441 2156 3498 2205 et
3557 2151 3823 2222 corporis

2105 2239 2407 2310 elegantia.

2183 2330 2266 2382 10.
2308 2328 2559 2380 lntrante
2592 2325 2766 2397 igitur
2794 2324 2962 2379 Junio
2999 2327 3119 2379 Dux
3180 2326 3494 2396 Heinricus,
3554 2328 3667 2381 Rex
3700 2328 3821 2382 cito

2106 2415 2354 2482 futurus,
2414 2415 2484 2468 de
2540 2414 2775 2468 Bavaria
2842 2418 2899 2467 et
2946 2413 3233 2469 Orientale
3292 2415 3527 2469 Francia
3574 2416 3823 2470 collecta

2106 2503 2474 2558 multitudine
2500 2519 2619 2557 non
2660 2502 2908 2571 modica,
2964 2518 3135 2572 super
3190 2503 3455 2558 Rhenum
3489 2505 3822 2559 Wormatim

2106 2592 2280 2657 venit,
2339 2591 2575 2661 cupiens
2632 2590 2713 2645 ibi
2767 2589 3030 2655 transire,
3063 2595 3119 2644 et
3142 2592 3491 2661 Moguntiam
3550 2592 3616 2646 ad
3649 2609 3818 2664 rega-

2104 2682 2219 2736 lem
2279 2679 2734 2735 benedictionem
2784 2678 3214 2749 percipiendam
3284 2681 3496 2734 venire.
3554 2680 3656 2735 Sed
3694 2682 3820 2737 Dux

2109 2769 2512 2833 Herimannus,
2580 2767 2844 2820 adunatis
2930 2768 3262 2821 Alemannis
3337 2773 3393 2822 et
3463 2769 3817 2838 quibusdam

2110 2856 2358 2921 Francis,
2392 2860 2447 2908 et
2502 2854 2931 2919 Alsatientibus,
2992 2855 3363 2909 Wormatiam
3394 2855 3464 2909 ad
3519 2856 3822 2910 contradi-

2107 2945 2353 2999 cendum
2404 2943 2707 2996 transitum
2782 2941 3088 3009 festinavit,
3142 2943 3337 3014 ibique
3402 2943 3646 2998 transire
3707 2960 3822 2999 nec

2108 3049 2287 3088 unum
2316 3030 2594 3102 permisit.
2629 3032 2696 3085 Et
2743 3030 2907 3085 facile
2934 3030 3197 3084 resistere
3244 3034 3486 3101 poterat,
3541 3031 3640 3101 qui
3671 3031 3823 3086 Rhe-

2108 3138 2245 3175 num
2305 3120 2629 3190 adjutorem
2688 3119 2954 3174 habebat.
3020 3120 3191 3173 Erant
3250 3125 3441 3174 autem
3483 3137 3611 3174 cum
3664 3121 3821 3175 Duce

2112 3208 2375 3263 Heinrico
2408 3207 2513 3261 viri
2541 3208 2788 3263 illustres
2821 3218 2877 3261 et
2933 3207 3369 3278 sapientissimi;
3422 3208 3821 3280 Archiepisco-

2107 3313 2215 3366 pus
2260 3296 2644 3363 Moguntinus,
2692 3295 3153 3366 archiepiscopus
3192 3296 3645 3367 Salzburgensis,
3679 3298 3818 3367 Epi-

2108 3401 2310 3455 scopus
2372 3384 2695 3449 Brixiensis,
2758 3382 3067 3455 Episcopus
3121 3382 3629 3453 Wirzeburgensis,
3681 3385 3815 3455 Epi-

2108 3489 2310 3543 scopus
2377 3470 2958 3543 Regenesburgensis,
3016 3469 3324 3540 Episcopus
3401 3471 3814 3541 Strasburgen-

2109 3562 2204 3628 sis,
2274 3560 2588 3632 Episcopus
2647 3560 3014 3623 Bataviensis,
3104 3559 3410 3630 Episcopus
3492 3560 3811 3622 Frisiensis,

2108 3651 2295 3704 Abbas
2372 3649 2686 3716 Fuldensis,
2759 3647 2933 3702 ceteri
2985 3647 3226 3702 Abbates
3283 3653 3338 3701 et
3388 3649 3636 3702 Comites
3690 3650 3819 3719 plu-

2110 3738 2263 3792 rimi.

2185 3830 2269 3880 Η.
2332 3827 2475 3880 Cum
2516 3824 2603 3878 his
2664 3826 2808 3893 Dux,
2862 3823 3058 3878 habito
3136 3824 3399 3892 consilio,
3451 3824 3700 3879 reditum
3758 3825 3819 3880 in

2113 3913 2408 3968 Bavariam
2444 3911 2750 3972 simulavit,
2809 3916 2866 3965 et
2923 3910 3085 3981 quasi
3139 3911 3445 3965 transitum
3485 3912 3816 3983 desperans,

2115 3998 2654 4056 Loresheim~venit.
2724 3999 2862 4053 Inde
2940 4000 3289 4070 Moguntiam
3345 3998 3640 4065 festinans,
3692 4000 3818 4054 sine

2112 4087 2525 4159 impedimento
2550 4086 2829 4140 transivit.
2874 4087 2954 4141 Ibi
2997 4092 3188 4140 octava
3219 4087 3350 4141 Idus
3404 4087 3557 4141 Junii
3614 4087 3674 4141 in
3706 4088 3817 4143 Re-

2111 4192 2241 4247 gem
2300 4174 2549 4245 eligitur,
2630 4175 2994 4240 acclamatur,
3053 4174 3427 4238 benedicitur,
3482 4181 3814 4230 coronatur.

2116 4265 2199 4319 lbi
2233 4263 2429 4319 Franci
2460 4268 2516 4316 et
2545 4263 2910 4319 Mnsellenses
2936 4262 3047 4333 (10)
3096 4262 3457 4328 conveniunt,
3494 4262 3663 4333 Regis
3691 4264 3817 4318 etii-

2111 4353 2357 4420 ciuntur,
2392 4356 2450 4405 et
2498 4350 2851 4420 majestatem
2901 4352 3024 4422 ejus
3075 4367 3141 4405 ex
3192 4350 3384 4405 debito
3443 4356 3813 4405 venerantur.

2111 4440 2418 4496 Celebratis
2448 4439 2624 4510 igitur
2643 4440 2846 4494 diebus
2879 4439 3261 4494 ordinationis
3292 4456 3429 4504 suas,
3479 4443 3536 4493 et
3581 4440 3819 4508 quibus-

2112 4546 2223 4601 que
2254 4528 2610 4583 venientibus
2639 4528 2698 4582 in
2729 4528 2995 4583 militiam
3043 4530 3338 4598 susceptis,
3375 4529 3487 4582 Rex
3545 4528 3820 4585 Rhenum

2112 4618 2323 4672 iterum
2355 4618 2600 4683 transiit,
2632 4634 2763 4672 cum
2814 4617 3061 4672 maxima
3087 4616 3457 4671 multitudine
3488 4632 3590 4687 per
3610 4617 3819 4672 Orien-

2114 4706 2286 4761 talem
2345 4706 2636 4761 Franciam
2690 4706 2748 4759 in
2781 4704 3177 4759 Alemanniam
3242 4707 3320 4758 ire
3378 4705 3726 4775 properavit,
3754 4711 3822 4761 ut

2114 4795 2515 4863 Herimannus,
2547 4794 2743 4849 audita
2777 4795 3163 4849 devastatione
3201 4798 3369 4847 terrae
3410 4809 3527 4847 suae
3555 4810 3585 4846 a
3630 4798 3823 4864 coepta

2114 4883 2424 4939 rebellione
2453 4884 2769 4944 desisteret,
2820 4886 2877 4936 et
2923 4886 3111 4950 caput,
3145 4886 3210 4935 ut
3262 4881 3453 4947 ceteri,
3494 4881 3669 4952 regias
3702 4898 3822 4937 ma-

2106 4971 2298 5041 jestati
2328 4972 2626 5026 subderet.
2671 4972 2732 5026 In
2780 4969 3133 5024 Alemanniis
3173 4969 3348 5041 igitur
3406 4970 3523 5024 Rex
3554 4970 3823 5041 pluribus

2115 5095 2359 5165 intelligi
2436 5094 2634 5166 possit,
2682 5094 2993 5149 exercitum
3036 5094 3376 5150 liberalitate
3424 5093 3821 5159 conciliatum,

2113 5168 2371 5237 adeoque
2403 5172 2695 5237 receptum
2727 5166 2919 5237 fuisse.

2186 5236 2259 5307 (9)
2289 5237 2519 5291 Celebre
2534 5235 2659 5290 iuit
2691 5253 2792 5303 per
2836 5235 2893 5291 id
2926 5240 3151 5304 tempus
3197 5235 3473 5306 palatium
3505 5253 3539 5289 a
3567 5236 3624 5291 S.
3680 5238 3825 5291 Hem-

2113 5310 2225 5362 rico
2250 5324 2398 5378 saepe
2457 5308 2901 5379 frequentatum,
2958 5312 3021 5362 ut
3060 5309 3185 5379 lege
3235 5309 3383 5377 apud
3418 5308 3735 5362 Ditmarum
3763 5313 3824 5364 et

2114 5379 2174 5434 in
2203 5379 2516 5433 Annalibus
2549 5378 3088 5435 Hildesemensibus.

2185 5449 2292 5519 (l0)
2325 5448 2586 5520 Intellige
2606 5450 2945 5511 Mosellanos,
2993 5465 3089 5503 seu
3142 5464 3241 5503 eos
3278 5446 3376 5519 qui
3423 5448 3492 5501 ad
3526 5448 3817 5505 Mosellam

2118 5520 2352 5574 fluvium
2375 5521 2654 5575 incolunt.
