3940 6314
145 355 205 407 93
1803 362 1994 417 ACTA.
3583 363 3650 416 9i

147 478 345 532 diebus
378 482 659 544 moratur,
726 480 922 534 nolens
978 485 1036 536 et
1096 482 1288 536 volens
1329 486 1538 536 terram
1590 481 1845 554 depopu~
1880 494 1919 544 Α
1960 500 2135 555 quem
2167 489 2425 558 tempore
2458 485 2698 539 ducatus
2727 484 2816 539 sui
2878 485 3025 540 ultra
3055 501 3255 539 omnes
3276 484 3509 539 comites
3564 502 3655 539 re-

150 568 313 621 tatur.

221 658 297 709 l2.
337 658 413 710 At.
448 657 809 710 Hermannus
841 656 953 725 (11)
985 655 1145 710 dune
1203 658 1431 723 mentis,
1466 662 1523 712 et
1566 662 1850 728 protervas

150 745 407 809 cervicis,
449 741 632 799 iratus
690 762 862 815 super
921 745 1263 816 Episcopum
1327 747 1847 816 Strasburgensem,

150 849 215 885 eo
244 834 407 902 quod
441 834 737 904 sapienter
790 833 991 904 egerit,
1024 838 1081 887 et
1110 840 1329 904 partem
1372 835 1668 888 meliorem
1728 836 1847 889 ele—

152 921 316 991 gerit,
352 922 558 991 juncto
601 921 712 975 sibi
756 922 988 975 Cunone
1028 938 1240 991 genero
1292 940 1416 988 suo,
1477 923 1849 993 Argentinam

154 1009 347 1075 adivit,
378 1015 436 1062 et
480 1010 761 1063 militibus
796 1009 1060 1080 Episcopi
1113 1026 1231 1063 non
1276 1011 1525 1064 ﬁdeliter
1582 1011 1845 1064 resisten-

154 1097 303 1151 tibus
337 1114 537 1151 muros
595 1098 837 1151 civitatis
866 1098 1056 1168 fregit,
1097 1098 1278 1168 spolia
1324 1115 1435 1152 non
1490 1099 1712 1153 modica
1760 1115 1849 1151 ce-

158 1186 251 1254 pit,
288 1186 594 1240 ecclesiam
642 1186 923 1240 violenter
950 1186 1204 1254 intravit,
1256 1193 1314 1240 et
1368 1188 1544 1257 impie
1602 1188 1847 1241 violavit.

160 1275 379 1327 Interea
407 1276 547 1341 Rex,
583 1274 680 1345 qui
732 1274 941 1328 eratin
966 1275 1326 1340 Alemannia,
1387 1275 1587 1346 Augiaa
1637 1275 1848 1329 nativi-

156 1367 326 1417 tatem
362 1364 416 1417 S.
449 1365 687 1418 Joannis
735 1364 1077 1432 celebrabat,
1113 1370 1170 1419 et
1203 1365 1494 1420 neminem
1529 1365 1757 1433 timens,
1792 1382 1851 1420 se

154 1456 422 1520 potenter
494 1452 787 1505 habebat:
841 1468 971 1505 cum
1025 1454 1357 1507 nunciatum
1406 1459 1555 1507 esset
1602 1455 1653 1507 ei
1700 1455 1850 1524 quod

157 1538 541 1593 Herimannus
563 1540 764 1593 obvius
794 1541 985 1593 venire
1028 1542 1214 1606 vellet,
1250 1546 1308 1595 et
1358 1558 1568 1612 pugnae
1606 1543 1851 1595 termino

154 1626 311 1680 litem
356 1627 559 1693 ﬁnire;
598 1628 879 1681 sententia
918 1628 1034 1682 haec
1063 1630 1205 1699 Regi
1258 1630 1499 1699 placuit;
1568 1632 1638 1684 ab
1668 1631 1853 1700 Augia

153 1715 446 1781 discessit;
505 1716 567 1769 in
616 1717 879 1786 quaedam
926 1722 1088 1788 prata
1133 1719 1490 1788 amplissima
1542 1724 1597 1772 et
1648 1720 1718 1773 ad
1753 1720 1850 1772 de-

154 1804 493 1858 certandum
553 1809 877 1874 opportuna
926 1805 1203 1876 pervenit.
1248 1807 1327 1860 lbi
1377 1808 1683 1861 adventum
1732 1808 1853 1861 Du-

155 1891 233 1943 cis
262 1898 571 1963 expectans
602 1898 657 1945 et
675 1894 1115 1964 pugnmjudicio
1148 1894 1258 1965 (Ιὲ)
1289 1895 1479 1949 subire
1517 1912 1630 1948 non
1698 1895 1851 1948 ret'u-

155 1984 301 2045 tans,
389 1980 797 2035 solennitatem
876 1983 1284 2053 Apostolorum
1341 1983 1664 2036 celebravit.
1746 1983 1854 2037 Sed

159 2068 566 2135 Herimannus,
620 2069 835 2122 salubri
890 2070 1128 2123 consilio
1174 2087 1325 2138 usus,
1382 2086 1681 2125 occurrere
1714 2070 1852 2140 Regi

158 2160 371 2222 renuit,
431 2161 490 2209 et
536 2156 641 2209 sibi
687 2157 916 2227 suisque
960 2157 1245 2211 salubrius
1289 2175 1412 2212 esse
1470 2163 1531 2225 ut
1583 2159 1851 2225 latitaret,

160 2260 334 2314 quam
368 2243 594 2297 obviam
625 2245 859 2310 veniret,
888 2246 1151 2300 credidit.

235 2335 318 2385 l3.
358 2332 500 2401 Regi
535 2348 671 2402 ergo
705 2333 785 2385 sic
832 2334 1207 2403 praestolanti,
1261 2335 1494 2404 quidam
1554 2351 1665 2388 non
1721 2350 1853 2406 pro-

160 2419 303 2473 vida:
346 2421 557 2473 mentis
588 2422 798 2475 dabant
827 2423 1151 2489 consilium,
1186 2430 1250 2477 ut
1281 2425 1675 2479 Constantiam
1724 2425 1851 2491 iret,

158 2513 213 2561 et
239 2508 321 2561 ibi
349 2509 720 2575 Herimanno,
762 2511 913 2580 quod
968 2512 1026 2564 in
1062 2513 1376 2581 Argeutina
1406 2518 1848 2576 commeruerat,

160 2603 643 2666 recompensaret.
685 2598 943 2667 EpiscOpi
974 2600 1129 2653 enim
1171 2600 1459 2653 Curiensis
1489 2608 1545 2655 et
1576 2602 1855 2654 Constan-

161 2683 384 2750 tiensis,
419 2701 549 2738 cum
582 2685 927 2739 Herimanno
961 2692 1142 2750 erant,
1179 2705 1295 2741 non
1317 2693 1543 2742 tantum
1592 2689 1755 2742 illum
1788 2705 1856 2741 ex

161 2772 331 2825 corde
389 2772 457 2825 ad
516 2788 759 2842 regnum
822 2774 1119 2844 eligentes,
1178 2782 1458 2846 quantum
1507 2776 1854 2830 vicinitatem

160 2860 285 2930 ejus
316 2860 609 2925 timentes,
638 2868 695 2915 et
724 2862 791 2916 de
824 2864 1071 2917 termino
1118 2864 1288 2934 litigii
1334 2866 1677 2919 dubitantes.
1744 2866 1852 2920 Sed

164 2950 303 3014 Rex,
341 2954 402 3002 ut
428 2956 551 3003 erat
575 2950 867 3021 providus,
902 2958 958 3004 et
1013 2952 1081 3006 de
1113 2953 1368 3006 dominio
1402 2954 1657 3023 ejusdem
1713 2954 1855 3007 civi-

164 3038 294 3089 tatis
327 3054 583 3104 secnrus,
615 3039 727 3092 illis
765 3040 969 3093 leniter
999 3046 1055 3094 et
1085 3042 1291 3095 blande
1342 3043 1632 3112 respondit
1666 3059 1678 3097 :
1736 3044 1855 3097 Ab-

161 3126 253 3189 sit,
280 3130 343 3178 ut
377 3143 479 3195 pro
533 3128 860 3181 Herimanni
893 3130 1116 3182 insania
1148 3130 1206 3183 in
1244 3132 1406 3184 illum
1458 3137 1855 3202 retorqueatur

162 3214 497 3281 vindicta,a
556 3232 669 3285 quo
722 3216 861 3269 mihi
940 3217 1105 3286 regni
1162 3223 1246 3271 est
1303 3236 1567 3273 concessa
1624 3236 1851 3273 corona.

164 3302 441 3355 Fortassis
469 3304 573 3355 etsi
624 3319 725 3373 pro
756 3304 1070 3374 Argentina
1112 3307 1496 3361 Constantiam
1552 3314 1853 3373 vastarem,

162 3406 279 3443 non
316 3391 461 3443 mihi
492 3391 766 3444 damnum
806 3392 1145 3459 minuerem,
1202 3394 1297 3448 sed
1338 3395 1712 3465 duplicarem.
1762 3397 1853 3449 ln-

161 3494 334 3548 super
368 3480 514 3533 male
537 3485 828 3548 comparat
860 3497 1122 3550 regnum,
1153 3483 1250 3552 qui
1286 3483 1344 3535 in
1376 3485 1499 3553 ejus
1553 3484 1857 3553 adeptione

162 3566 375 3619 animm
406 3568 700 3637 postponit
731 3568 1157 3623 detrimentum.
1212 3572 1514 3624 Coronavit
1562 3587 1651 3624 me
1712 3573 1859 3625 Deus

163 3670 278 3707 non
312 3655 381 3707 ad
432 3654 771 3709 violationes
821 3657 1216 3721 Ecclesiarum,
1258 3658 1354 3711 sed
1409 3660 1479 3712 ad
1540 3658 1858 3729 puniendos

165 3744 475 3796 violatores
502 3760 719 3797 earum.
756 3744 858 3798 Diu
890 3744 1068 3815 igitur
1112 3746 1171 3800 in
1201 3747 1378 3817 pratis
1408 3752 1740 3817 exspectans
1804 3753 1859 3801 et

164 3831 231 3886 ad
260 3831 556 3898 ultimum,
590 3832 773 3885 sciens
806 3850 917 3886 non
959 3841 1288 3900 venturum,
1326 3835 1455 3889 inde
1480 3836 1754 3901 discessit,
1803 3842 1859 3889 et

164 3936 267 3989 per
289 3921 716 3982 Alemanniam,
751 3928 937 3975 curtes
979 3923 1085 3992 (l3)
1122 3925 1287 3977 Ducis
1327 3924 1539 3995 ubique
1583 3925 1857 3979 vastando

163 4008 247 4060 ire
280 4007 481 4079 ccepit.

247 4097 329 4149 14·
394 4096 649 4149 Tandem
704 4113 1023 4168 pauperum
1075 4099 1292 4151 clamor
1331 4099 1541 4151 nimius
1591 4099 1856 4164 excrevit,

166 4190 223 4236 et
252 4178 433 4254 usque
458 4185 524 4237 ad
551 4185 697 4255 regis
728 4202 892 4239 aures
921 4188 1197 4256 pervenit.
1229 4188 1408 4251 Quem
1442 4204 1533 4240 rex
1569 4187 1661 4241 diu
1711 4188 1859 4241 ferre

165 4287 283 4325 non
338 4272 546 4341 potuit,
604 4273 786 4327 sciens
829 4291 927 4327 eos
960 4274 1104 4329 nihil
1136 4274 1196 4328 in
1245 4274 1457 4328 duritia
1516 4275 1681 4328 Ducis
1712 4274 1858 4328 deli-

164 4358 386 4430 quisse,
420 4362 480 4413 et
505 4360 577 4413 ob
602 4361 711 4415 hoc
740 4362 867 4431 plus
893 4363 1047 4431 justo
1096 4378 1291 4433 passos
1338 4361 1533 4417 fuisse.
1594 4363 1855 4432 Quapro-

162 4453 293 4517 pter
348 4447 557 4517 pietate
631 4454 817 4503 motus
858 4450 928 4503 ab
1002 4450 1340 4504 Alemannia
1390 4451 1636 4518 recessit,
1694 4457 1751 4505 et
1800 4452 1859 4505 in

166 4535 468 4589 Franciam
498 4536 605 4607 (14)
630 4542 807 4592 teram
837 4538 1005 4592 unice
1028 4537 1136 4592 sibi
1162 4538 1428 4592 dilectam
1460 4540 1634 4605 venit,
1670 4543 1857 4592 certus

166 4624 235 4677 de
297 4625 449 4677 Duce
509 4625 667 4695 quia,
726 4628 892 4680 vellet
938 4628 1135 4694 nollet,
1184 4628 1460 4681 cervicem
1516 4629 1767 4693 ﬂectere,
1796 4633 1852 4681 et

156 4712 367 4783 jugum
392 4712 513 4782 pati
540 4714 882 4785 quandoque
911 4715 1161 4769 deberet.

240 4804 321 4855 15.
360 4802 826 4857 Praetereundum
852 4819 968 4857 non
995 4803 1283 4873 existimo,
1330 4805 1482 4875 quod
1544 4810 1855 4875 antequam

163 4904 259 4942 rex
292 4890 367 4943 ab
415 4890 755 4945 Alemannia
805 4892 1004 4953 exiret,
1067 4893 1294 4961 Hezelo,
1336 4893 1625 4947 Bertholdi
1680 4894 1851 4959 lilius,

232 5030 343 5099 (11)
372 5030 651 5085 Scribitur
681 5032 1004 5103 promiscue
1051 5035 1417 5088 Hcrimannus
1453 5051 1554 5088 seu
1590 5037 1854 5090 Herman-

164 5114 282 5154 nus.

232 5172 344 5246 (le)
372 5172 669 5227 Gretserus
700 5173 951 5228 restituit
973 5174 1246 5243 judicium
1273 5191 1285 5229 :
1311 5175 1435 5246 lege
1460 5192 1661 5245 pug-nx
1680 5178 1854 5231 aleam

164 5241 339 5295 subire
366 5259 473 5296 non
506 5259 752 5297 renuens.

234 5311 338 5386 (13)
362 5315 556 5386 curtis
579 5329 683 5383 pro
705 5313 919 5384 palatio
932 5314 1200 5381 sumitur,
1225 5317 1413 5386 utjam
1434 5316 1501 5370 de
1516 5318 1722 5372 Poledae
1752 5335 1852 5372 seu

165 5383 363 5467 ξοιίςζιί
391 5384 663 5439 diximus.
702 5383 1014 5467 Galli‘cour,
1051 5387 1202 5467 Belg.
1223 5383 1369 5467 fro]:
1398 5386 1489 5441 hic
1512 5404 1613 5458 pro
1661 5388 1849 5455 bonis,

164 5454 357 5527 fundis
377 5472 479 5509 seu
509 5455 964 5527 possessionibus
986 5454 1173 5527 accipi
1186 5457 1427 5511 videtur.

231 5524 341 5597 (14)
374 5524 594 5597 Nempe
642 5528 936 5583 Franciam
956 5524 1289 5595 orientalem,
1336 5544 1436 5583 seu
1466 5528 1844 5584 Francomam.

233 5594 337 5661 {15)
368 5600 495 5652 Haec
520 5594 896 5651 accommodo
927 5597 1299 5665 intelligenda
1349 5603 1482 5651 sunt
1515 5616 1527 5653 :
1564 5616 1692 5651 nam
1748 5601 1783 5655 Β
1806 5621 1846 5650 ι-

1958 573 2058 643 gni
2099 573 2271 643 hujus
2319 573 2618 642 ditaverat,
2667 574 2886 643 legatos
2939 590 3083 644 quos
3132 574 3190 627 in
3222 572 3348 642 ipso
3400 572 3653 627 exercitu

1960 662 2229 715 meliores
2260 662 2471 732 eligere
2523 667 2763 732 poterat,
2824 663 2896 716 ad
2954 662 3141 732 ipsum
3192 661 3507 715 transmisit
3553 661 3650 732 [et]

1961 757 2023 805 ut
2095 751 2490 805 Bavariensem
2549 750 2819 805 ducatum
2879 750 2987 804 sibi
3052 751 3407 817 concederet,
3458 748 3651 804 incon-

1959 841 2105 893 sulte
2187 840 2420 908 rogavit.
2478 840 2582 893 Sed
2638 839 2975 903 inconsultae
3041 837 3345 909 quaastioni
3392 837 3653 892 consulta

1959 933 2192 999 paratur
2224 928 2543 997 responsio,
2568 932 2623 980 et
2666 926 2962 981 festinanti
2998 926 3283 997 petitioni,
3334 925 3654 995 ponderata

1962 1021 2313 1069 monstratur
2343 1014 2695 1069 deliberatio.
2744 1015 3033 1070 Patienter
3058 1015 3212 1068 enim
3247 1013 3439 1067 audita
3496 1014 3650 1083 lega-

1959 1103 2116 1157 tione
2174 1103 2297 1157 ait:
2360 1104 2510 1167 Quos
2589 1120 2815 1174 semper
2862 1102 3182 1173 praecipuos
3230 1106 3382 1155 inter
3451 1117 3651 1155 omnes

1959 1196 2179 1262 gentes,
2238 1192 2413 1246 habui
2445 1209 2702 1262 quosque
2750 1208 2979 1261 semper
3032 1196 3153 1245 toto
3210 1189 3418 1243 mentis
3447 1189 3652 1243 affectu

1959 1279 2166 1347 amavi,
2206 1279 2309 1332 hos
2355 1280 2562 1349 adepta
2609 1280 3001 1334 benedictione
3047 1279 3249 1348 regali,
3305 1279 3363 1332 in
3398 1279 3521 1347 lege
3550 1294 3651 1331 sua

1959 1381 2064 1418 nec
2112 1366 2460 1419 deteriorare
2510 1368 2654 1433 volo,
2705 1384 2810 1421 nec
2854 1366 3187 1421 deteriorari
3246 1364 3449 1435 patiar,
3511 1364 3650 1419 dum

1962 1454 2175 1507 vixero.
2212 1455 2414 1523 Legem
2448 1455 2680 1521 habent,
2714 1461 2771 1509 et
2801 1456 3001 1509 ducem
3026 1453 3274 1523 eligendi
3305 1456 3646 1523 potestatem

1960 1554 2024 1590 ex
2056 1539 2177 1608 lege
2206 1544 2402 1592 tenent
2433 1539 2545 1607 (l5)
2579 1540 2759 1593 :hanc
2789 1555 2859 1592 ne
2892 1539 3027 1591 dum
3058 1553 3164 1607 ego
3196 1537 3485 1606 frangam;
3519 1535 3647 1604 qui-

1959 1642 2205 1696 cumque
2236 1628 2499 1698 frangere
2545 1628 2846 1681 tentaverit
2903 1643 2995 1682 me
3044 1625 3345 1680 inimicum
3394 1623 3645 1678 habebit.

1966 1716 2028 1768 ln
2077 1715 2180 1769 hac
2207 1717 2379 1770 etiam
2413 1716 2772 1787 expeditione
2826 1717 2974 1770 male
3013 1713 3142 1788 [nil]
3184 1717 3648 1785 promeruerunt,

1966 1809 2029 1856 ut.
2058 1804 2291 1857 cuilibet
2319 1821 2433 1867 eos,
2472 1806 2689 1875 absque
2720 1805 3054 1858 eorumdem
3086 1802 3390 1867 electione,
3440 1816 3651 1855 conce-

1962 1892 2115 1947 dam.
2173 1893 2371 1947 Adhuc
2418 1910 2645 1948 mecum
2698 1894 2803 1948 sub
2858 1892 3092 1963 ancipiti
3122 1892 3237 1946 ﬁne
3284 1890 3537 1945 militant
3594 1894 3653 1942 et

1967 1997 2073 2051 ego
2153 1997 2251 2035 eos
2308 1982 2569 2036 nolentes
2655 1982 2888 2036 cuilibet
2932 1980 3268 2034 mortalium
3325 1975 3649 2031 traderem?

1963 2070 2257 2138 Exspectat
2309 2074 2369 2124 ut
2417 2070 2477 2124 in
2536 2070 2828 2125 Bavariam
2885 2068 3151 2134 redeam;
3197 2067 3297 2128 ibi,
3374 2065 3422 2118 si
3485 2065 3649 2119 illum

1963 2157 2260 2226 elegerint,
2308 2158 2457 2228 eligo
2484 2163 2542 2212 et
2588 2159 2791 2223 laudo;
2826 2158 2873 2210 si
2928 2155 3245 2219 renuerint,
3280 2169 3480 2223 renuo,
3541 2152 3653 2206 Nec

1964 2244 2137 2298 etiam
2172 2245 2435 2298 existimo
2484 2246 2648 2299 illum
2701 2261 2821 2298 esse
2844 2249 3015 2298 tanta;
3046 2241 3415 2313 insipientiee,
3468 2244 3529 2292 ut
3585 2254 3651 2293 ex

1963 2348 2091 2385 meo
2131 2334 2403 2387 dedecore
2466 2334 2744 2388 honorem
2790 2349 2958 2387 suum
3010 2336 3234 2403 quaerat
3281 2328 3649 2399 ampliﬁcare.

1963 2420 2190 2485 Hezelo,
2215 2427 2443 2492 accepto
2476 2422 2806 2493 bujusmodi
2837 2437 3130 2492 responso,
3161 2419 3419 2474 fomitem
3470 2416 3651 2471 rebel-

1964 2508 2131 2561 lionis
2179 2510 2455 2580 concepit,
2490 2528 2661 2582 quem
2695 2516 2825 2581 post
2880 2526 3099 2563 annum
3166 2504 3535 2563 monstrando
3593 2503 3651 2555 in

1964 2596 2217 2649 dolorem
2246 2599 2333 2650 sui
2369 2600 2606 2668 peperit.

2042 2688 2119 2736 l6.
2163 2685 2275 2738 Rex
2313 2686 2505 2753 igitur,
2540 2702 2655 2738 non
2708 2685 2901 2738 multis
2932 2684 3133 2738 diebus
3180 2682 3239 2735 in
3268 2680 3500 2736 Francia
3531 2694 3653 2733 mo-

1964 2778 2142 2837 ratus,
2169 2771 2225 2825 in
2247 2772 2579 2842 Turingiam
2609 2773 2726 2825 ivit.
2767 2773 2846 2826 lbi
2903 2772 3115 2842 absque
3173 2786 3334 2823 mora
3391 2768 3650 2823 Guilhel-

1968 2876 2092 2913 mus
2169 2866 2432 2932 princeps
2460 2862 2842 2931 Turingorum
2891 2877 3020 2914 cum
3055 2859 3262 2913 exteris
3320 2872 3646 2920 occurrens,

1966 2949 2115 3017 regis
2161 2948 2426 3004 efﬁcitur.
2482 2951 2617 3004 inde
2673 2966 2768 3003 rex
2840 2949 3150 3021 procedens
3198 2949 3259 3001 in
3329 2945 3648 3007 Saxoniam,

1894 3044 1933 3096 Ο
1970 3038 2222 3108 pervenit
2252 3040 2579 3109 Merseburg
2606 3042 2740 3109 (16).
2799 3040 2986 3092 Benno
3020 3038 3134 3092 dux
3190 3037 3497 3101 Saxonum,
3558 3033 3657 3086 Bu-

1968 3126 2166 3180 lizlaus
2218 3129 2336 3182 Dux
2391 3128 2737 3194 Sclavorum,
2772 3128 2972 3183 Liebzo
3015 3125 3473 3197 archiepiscopus
3530 3124 3655 3177 Bre-

1968 3216 2197 3270 mensis.
2236 3219 2427 3270 Benno
2461 3217 2760 3287 episcopus
2805 3215 3161 3271 llildenensis
3188 3215 3321 3284 (l7),
3354 3210 3656 3268 Ratherius

1968 3306 2268 3375 episcopus
2297 3306 2764 3370 Paderbonensis,
2802 3305 3125 3375 Arnulphus
3158 3298 3653 3362 Halherstetensis.

1967 3393 2140 3446 ceteri
2198 3393 2450 3464 episcopi
2499 3395 2567 3447 de
2621 3393 2880 3458 Saxonia,
2938 3396 2994 3444 et
3043 3391 3281 3444 comites
3330 3386 3564 3459 plurimi
3594 3386 3653 3438 in

1967 3479 2270 3534 festivitate
2322 3481 2376 3535 S.
2427 3481 2617 3535 Jacobi
2696 3480 2834 3549 Regi
2892 3482 3215 3542 occurrunt,
3278 3476 3650 3530 acclamatum

1967 3568 2306 3638 suscipiunt,
2330 3569 2674 3632 collaudant,
2699 3567 3019 3621 collaudato
3062 3580 3265 3619 manus
3296 3562 3505 3633 singuli
3551 3577 3654 3632 per

1967 3656 2224 3710 ordinem
2266 3657 2527 3718 reddunt,
2567 3655 2801 3710 redditis
2840 3654 3104 3709 manibus
3133 3654 3305 3707 ﬁdem
3339 3667 3504 3706 suam
3554 3665 3657 3722 per

1968 3750 2322 3799 sacramenta
2352 3745 2709 3815 promittunt,
2740 3745 2848 3799 ﬁde
2886 3743 3185 3815 promissa,
3248 3756 3438 3812 regem
3496 3756 3653 3793 coro-

1969 3839 2126 3898 nant,
2156 3840 2495 3887 coronatum
2547 3833 2605 3887 in
2637 3833 2780 3886 solio
2813 3832 2971 3902 regio
3020 3832 3228 3897 locant,
3262 3831 3511 3884 locatum
3560 3828 3652 3881 de-

1969 3922 2085 3976 bita
2114 3922 2606 3991 congratulatione
2629 3929 2992 3975 venerantur.

2044 4013 2132 4064 17.
2167 4011 2260 4064 His
2281 4018 2512 4064 strenue
2543 4010 2806 4080 peractis,
2835 4009 3118 4063 Bulizlaus
3156 4007 3288 4061 inde
3338 4006 3654 4066 discedens,

1973 4099 2041 4152 ab
2092 4098 2215 4169 ipsa
2271 4098 2361 4152 die
2419 4115 2530 4169 qua
2588 4098 2761 4152 ﬁdem
2811 4097 3153 4168 promiserat
3208 4100 3265 4149 et
3314 4095 3654 4164 promissam

1972 4193 2327 4241 sacramento
2362 4189 2705 4253 ﬁrmaverat,
2756 4203 3020 4257 perversa
3080 4185 3366 4249 meditari,
3426 4189 3483 4237 et
3536 4199 3652 4237 me-

1972 4276 2167 4343 ditata,
2194 4282 2364 4347 prout
2396 4276 2601 4345 potuit,
2636 4276 2807 4344 coepit
2840 4273 3176 4329 machinari.
3204 4276 3327 4342 lpse
3384 4272 3539 4324 enim
3598 4276 3655 4324 et

1975 4366 2177 4419 llezelo
2255 4365 2630 4418 collocutione
2674 4363 2734 4416 in
2779 4362 3022 4415 invicem
3053 4360 3264 4426 habita,
3326 4360 3467 4413 alter
3515 4358 3655 4412 alte-

1969 4453 2087 4506 rius
2146 4454 2442 4506 venenatis
2490 4450 2738 4504 consiliis
2768 4455 2969 4515 tactus,
3018 4456 3259 4520 uterque
3279 4448 3451 4518 coepit
3502 4446 3654 4516 quod

1971 4546 2278 4611 utrumque
2311 4541 2455 4593 male
2498 4539 2686 4593 ﬁnisse
2717 4538 2943 4609 puduit.
2981 4539 3205 4592 Interea
3248 4537 3370 4607 regi
3402 4554 3436 4590 a
3481 4536 3654 4591 Saxo-

1966 4628 2062 4682 nia
2094 4629 2151 4682 in
2184 4645 2429 4698 regnum
2464 4628 2829 4682 Lothariense
2874 4626 3207 4697 properanti
3268 4626 3510 4680 Gruonaa
3564 4639 3655 4679 oc-

1966 4718 2146 4771 currit
2198 4734 2336 4771 uxor
2392 4734 2493 4769 sua
2534 4717 2780 4770 Domina
2824 4716 3162 4787 Cuuigunda
3227 4714 3463 4769 nomine
3530 4713 3652 4784 jam

1967 4813 2182 4873 extans,
2226 4806 2322 4860 sed
2346 4822 2404 4860 re
2436 4805 2545 4860 cito
2577 4805 2775 4875 regina
2823 4805 3035 4859 futura.
3076 4805 3216 4859 Inde
3247 4803 3402 4857 enim
3452 4803 3655 4858 Pader-

1965 4896 2204 4949 bornam
2238 4894 2493 4959 veniens,
2526 4892 2585 4947 in
2620 4894 2763 4947 festo
2795 4894 2851 4948 S.
2898 4892 3207 4958 Laurentii,
3241 4894 3510 4946 acclama.

1964 5051 2125 5088 varos
2154 5036 2390 5105 plenum
2421 5034 2713 5088 electionis
2744 5035 2833 5102 jus
2871 5034 3138 5089 habuisse
3166 5033 3485 5087 verosimile
3536 5049 3651 5086 non

1965 5111 2092 5159 est:
2128 5106 2267 5176 quin
2301 5113 2360 5159 et
2398 5106 2633 5159 Sanctus
2683 5105 2803 5175 ipse
2866 5105 3192 5165 Henricum,
3250 5106 3303 5158 S.
3356 5106 3654 5176 Qunegun-

1965 5177 2050 5230 dis
2107 5173 2361 5241 fratrem,
2395 5177 2463 5229 iis
2508 5173 2720 5229 ducem‘
2767 5176 2941 5236 dedit,
3003 5182 3171 5245 atque
3224 5173 3507 5245 eumdem,
3551 5190 3653 5242 pro

1965 5264 2065 5301 suo
2096 5248 2330 5301 arbitrio
2361 5247 2627 5317 deposuit
2663 5251 2718 5300 et
2750 5247 3018 5313 restituit,
3061 5244 3126 5299 ut
3163 5244 3339 5299 habes
3389 5245 3448 5295 in
3480 5244 3654 5299 Com-

1966 5325 2143 5372 ment.
2180 5318 2409 5387 praavio.
2620 5368 2625 5373 .

2036 5391 2141 5457 (16)
2173 5388 2326 5442 Alias
2356 5396 2413 5441 et
2436 5388 2639 5441 melius
2669 5387 3027 5442 Merseburch.

2034 5456 2049 5529 (
2065 5464 2077 5513 Ι
2092 5460 2144 5527 5)
2176 5460 2311 5524 Quis
2332 5459 2422 5513 hic
2441 5459 2513 5512 sit
2534 5458 2718 5512 Benno
2741 5458 3080 5529 llildenensis
3104 5457 3409 5529 episcopus,
3430 5456 3651 5529 nescio:

1964 5526 2101 5599 puto
2170 5530 2415 5585 indicari
2470 5532 2523 5585 S.
2576 5528 2967 5599 Bemwurdum
3020 5526 3333 5581 antistitem
3414 5527 3652 5582 Hildese-

1966 5596 2207 5655 incusem.
2241 5604 2295 5655 S.
2337 5603 2561 5657 Hmu'ico
2584 5600 2759 5655 ﬁdum
2786 5605 2841 5650 et
2871 5596 3128 5650 charum.
