3940 6318
281 345 347 394 93
1583 343 1637 393 S.
1684 339 1969 396 IIENBICI
2010 339 2485 395 IMPERATORIS
3719 343 3789 392 96

296 460 674 525 benedicitur,
704 464 1030 527 coronatur,
1053 463 1109 512 et
1129 459 1192 513 fit
1223 458 1982 532 KunigunaKuninga(l8),
2015 464 2060 514 Α
2100 461 2325 531 quierit,
2386 435 2488 531 pro
2546 458 2634 514 his
2680 440 3076 532 impetrandis,
3124 460 3302 516 humo
3377 465 3542 516 tenus
3598 478 3796 533 genua

295 549 446 620 quod
483 547 680 602 Latine
703 547 1070 618 interpretari
1089 551 1294 618 potest,
1320 549 1538 619 regina,
1573 550 1790 620 regina.

364 673 449 725 18.
484 670 592 724 Sed
617 675 679 723 ut
710 687 1028 742 numquam
1062 671 1358 736 serenitas,
1418 688 1588 741 quam
1625 688 1734 724 non
1773 688 1984 742 sequa-

295 762 390 812 tur
473 759 860 813 nubilositas:
911 760 990 813 sic
1033 776 1162 813 raro
1219 761 1567 830 jocunditas,
1628 777 1801 831 quam
1871 776 1984 813 non

294 846 602 900 comitetur
630 848 962 902 adversitas.
1008 848 1148 902 Nam
1202 849 1262 902 in
1317 849 1713 902 Benedictione
1771 849 1985 916 regina:

299 934 516 988 cunctis
547 935 982 1000 exsultantibus,
1017 935 1237 988 Bavarii
1294 937 1568 1005 (quorum
1617 951 1740 989 mos
1784 941 1868 988 est
1924 935 1984 988 in

295 1022 483 1075 aliena
511 1013 662 1074 terra
687 1023 829 1075 velle
853 1023 1002 1092 quod
1027 1022 1086 1075 in
1134 1039 1236 1075 sua
1257 1023 1455 1077 volunt
1487 1022 1612 1094 [9]),
1666 1023 1813 1076 circa
1848 1023 1984 1076 civi-

296 1115 473 1164 tatem
503 1110 696 1180 fruges
725 1111 1016 1181 colligere,
1079 1116 1135 1164 et
1190 1111 1468 1181 agricolas
1518 1127 1623 1164 sua
1676 1112 1983 1166 defendere

286 1199 563 1265 volentes,
636 1198 1108 1252 irrationabiliter
1163 1205 1459 1270 coeperunt
1528 1204 1789 1252 tractare.
1851 1201 1982 1263 Quze

287 1303 379 1340 res
405 1287 710 1357 indigenas
755 1289 1083 1352 commovit,
1137 1294 1194 1341 et
1246 1288 1316 1341 ad
1372 1287 1752 1342 resistendum
1810 1288 1980 1341 etiam

287 1375 529 1439 fortiter,
564 1375 860 1430 animavit.
915 1376 1220 1430 Domestici
1266 1376 1442 1446 igitur
1499 1375 1669 1446 regis,
1725 1381 1781 1430 et
1829 1376 1979 1430 indi-

287 1480 472 1534 genae,
506 1462 882 1517 iuvalescente
908 1463 1292 1529 contentione,
1351 1463 1669 1528 confluunt,
1732 1479 1974 1517 concur-

291 1556 443 1611 runt,
474 1551 838 1604 conveniunt.
884 1553 1083 1620 Pugna
1111 1550 1297 1620 gravis
1324 1550 1528 1615 oritur,
1556 1566 1621 1604 ex
1655 1550 1980 1604 domesticis

289 1637 690 1708 regisjuvenis
749 1653 898 1690 unus
949 1637 1312 1703 interficitur,
1357 1638 1533 1691 frater
1591 1637 1808 1692 scilicet
1864 1638 1976 1692 Do-

286 1725 430 1780 mini
463 1724 713 1790 Filberti,
761 1725 863 1795 qui
911 1730 1047 1778 tunc
1090 1724 1368 1793 temporis
1397 1729 1518 1779 erat
1573 1725 1973 1794 Cancellarius,
2011 1743 2050 1796 Β

285 1813 654 1885 postmodum
710 1829 844 1866 vero
899 1812 1194 1867 Frisiensis
1242 1812 1424 1866 factus
1504 1817 1591 1867 est
1650 1814 1971 1884 episcopus.

288 1901 469 1971 Hujus
520 1899 913 1954 iuterfectione
987 1916 1184 1954 omnes
1235 1901 1388 1971 regis
1455 1901 1650 1954 ﬁdeles
1703 1901 1978 1956 commoti

284 1989 554 2061 graviter,
609 1988 756 2042 cives
810 1993 1107 2066 cmperunt
1157 1988 1445 2059 persequi,
1496 1993 1552 2043 et
1629 2006 1726 2043 eos
1782 2006 1975 2060 perse-

288 2076 542 2149 quendo,
574 2075 973 2130 insatiabiliter
1022 2077 1286 2146 grassari.
1321 2078 1389 2132 Et
1436 2077 1549 2132 nisi
1605 2077 1764 2148 regia
1821 2083 1978 2149 pote-

290 2169 436 2219 state
470 2165 874 2232 retinerentur,
910 2181 1108 2220 omnes
1147 2182 1322 2237 usque
1353 2166 1426 2220 ad
1449 2165 1812 2222 interniciem
1867 2167 1977 2238 (20)

287 2258 787 2326 persequerentur.

365 2381 447 2432 l9.
483 2379 623 2432 Cum
655 2377 906 2446 plurima
934 2378 1110 2449 igitur
1131 2378 1465 2433 difﬁcultate
1508 2379 1704 2434 sedato
1760 2379 1976 2433 tumul-

288 2469 375 2532 tu,
403 2465 807 2536 castigatisque
864 2466 1000 2534 illis,
1045 2482 1295 2536 quorum
1342 2467 1582 2520 stultitia
1624 2483 1794 2521 causa
1837 2467 1980 2521 sedi-

285 2553 458 2608 tionis
489 2553 704 2609 extitit:
765 2555 898 2609 inde
949 2571 1044 2609 rex
1093 2555 1368 2624 Dinsberg
1398 2561 1685 2626 properat,
1718 2554 1836 2609 illic
1876 2556 1979 2609 Lo-

290 2641 670 2696 thariensium
717 2642 1022 2697 adventum
1069 2649 1371 2713 exspectat.
1439 2644 1754 2698 Occurrunt
1805 2644 1980 2716 primi

293 2730 672 2796 Leodicensis,
705 2735 761 2785 et
807 2733 1228 2786 Cameracensis
1285 2731 1558 2803 episcopi,
1592 2732 1669 2785 nil
1702 2732 1771 2786 de
1829 2733 1979 2803 regis

292 2819 597 2889 prudentia
642 2819 986 2883 dubitantes,
1038 2819 1116 2872 nil
1155 2820 1225 2873 de
1281 2821 1391 2874 fide
1441 2821 1563 2890 ejus
1627 2820 1974 2875 haesitantes.

295 2906 553 2961 Occurrit
627 2906 797 2960 etiam
866 2906 1213 2962 Coloniensis
1292 2908 1771 2979 archiepiscopus,
1879 2910 1978 2964 sed

297 2999 514 3064 quanto
543 2993 738 3062 ditior,
786 3001 944 3048 tanto
993 2997 1296 3050 morosius.
1351 2998 1480 3050 Erat
1520 2996 1756 3068 insuper
1810 3013 1978 3052 causa
2011 3023 2050 3075 ρ

296 3079 606 3148 dilationis,
642 3081 948 3151 Moguntiae
997 3088 1226 3154 accepta
1277 3099 1489 3137 corona
1543 3083 1974 3137 benedictionis.

294 3169 363 3224 Hi
428 3168 596 3222 simul
645 3169 797 3239 regis
862 3170 1128 3237 efficitur,
1179 3171 1350 3224 fidem
1412 3173 1773 3242 promittunt,
1853 3188 1980 3242 pro-

293 3256 528 3311 missam
554 3263 911 3312 sacramento
942 3259 1309 3313 concludunt.
1344 3260 1484 3314 Cum
1514 3259 1601 3312 his
1632 3275 1728 3312 rex
1757 3262 1976 3329 Aquas-

296 3345 460 3414 grani
508 3345 869 3415 perveniens,
957 3347 1160 3401 ceteris
1223 3348 1682 3401 Lothariensibus
1774 3364 1977 3402 conve-

301 3433 588 3487 nientibus
641 3433 702 3487 in
735 3434 1054 3503 nativitate,
1080 3441 1208 3506 post
1239 3441 1469 3505 partum
1513 3436 1761 3504 Virginis
1814 3437 1975 3506 eligi-

301 3525 415 3588 tur,
465 3521 846 3591 collaudatur,
874 3521 932 3575 in
963 3523 1181 3593 regiam
1212 3523 1404 3577 sedem
1430 3525 1738 3589 extollitur,
1772 3523 1982 3594 glorifi-

292 3616 466 3664 catur.
538 3609 646 3663 Sed
701 3611 804 3663 sub
858 3627 925 3664 ea
973 3611 1389 3680 glorificatione
1451 3612 1685 3682 quidam
1742 3614 1976 3682 palmas,

293 3696 530 3767 quidam
581 3698 860 3768 lacrymas
893 3700 1229 3753 fundebant.
1281 3700 1684 3770 Lacrymantes
1734 3717 1981 3772 namque

296 3785 566 3861 Ottonem
602 3786 872 3841 dolebant
918 3787 1214 3856 amissum,
1249 3789 1554 3842 Henricum
1597 3806 1710 3843 non
1769 3806 1981 3861 cogno-

293 3859 525 3928 scebant
549 3882 892 3947 susceptum.

361 3979 450 4035 20.
479 3981 568 4036 Sic
613 3982 790 4054 igitur
821 3999 914 4036 rex
963 3982 1026 4035 in
1080 3982 1272 4053 regnis
1329 3983 1566 4054 singulis
1609 3984 1983 4038 antecessoris

294 4068 404 4134 sui,
439 4075 647 4140 praeter
670 4071 890 4125 Italiam
924 4075 980 4124 et
1006 4070 1427 4136 Alemanniam,
1491 4078 1770 4142 receptus,
1819 4078 1874 4126 et
1911 4074 1981 4127 ab

297 4157 562 4211 omnibus
619 4158 970 4212 unanimiter
1019 4159 1394 4226 collaudatus,
1454 4160 1514 4213 in
1555 4159 1847 4214 Franciam
1894 4178 1980 4214 re-

296 4245 554 4312 vertitur,
599 4252 661 4300 ut
726 4247 806 4301 ibi
856 4248 1060 4302 hiemis
1112 4249 1415 4319 asperitate
1469 4254 1772 4316 transacta,
1852 4267 1980 4304 vere

295 4333 690 4388 amasnitntem
741 4335 1068 4404 reducente,
1124 4336 1185 4390 in
1235 4337 1629 4390 Alemanniam
1673 4339 1981 4392 exercitum

294 4421 546 4488 duceret,
570 4427 625 4476 et
643 4423 1099 4491 Hierimannum,
1115 4426 1215 4496 qui
1236 4425 1484 4478 consiliis
1505 4426 1872 4496 prudentium
1903 4428 1984 4479 uti

295 4509 546 4576 nolebat,
572 4509 808 4564 diversis
837 4512 1245 4567 vastationibus
1276 4514 1575 4578 afflictum,
1608 4514 1725 4584 pati
1767 4515 1976 4584 jugum

298 4595 554 4652 doceret.
593 4597 698 4652 Sed
732 4598 1136 4668 Herimannus,
1166 4600 1265 4671 qui
1296 4602 1532 4655 consilia
1556 4603 1834 4671 juvenum
1897 4620 1985 4657 se-

298 4685 550 4754 quendo,
585 4693 641 4738 et
672 4701 830 4755 sfem
863 4703 1100 4740 vacuam
1149 4690 1395 4742 tenendo
1450 4694 1605 4743 extra
1660 4707 1718 4743 se
1766 4692 1985 4760 positus

275 4779 439 4836 erat,
471 4772 617 4827 sein
638 4775 1008 4844 semetipsum
1058 4776 1370 4846 recollegit,
1424 4782 1479 4830 et
1525 4777 1582 4830 iu
1642 4779 1985 4832 solennitate

298 4863 354 4915 S.
380 4862 629 4932 Remigii
653 4863 918 4916 Brusellaa
941 4863 1050 4932 (2l)
1078 4863 1200 4933 regi
1221 4863 1443 4918 obviam
1466 4866 1639 4932 venit,
1661 4867 1842 4921 sciens
1872 4885 1988 4921 me-

294 4949 404 5003 lius
433 4966 560 5004 esse
589 4957 723 5004 ante
747 4951 1024 5006 damnum
1051 4969 1168 5006 non
1193 4952 1386 5008 fecisse
1410 4951 1715 5028 [f.,quam]
1744 4956 1985 5026 poenite-

293 5054 375 5092 re.
411 5039 587 5093 Nudis
611 5039 789 5110 igitur
810 5040 1052 5110 pedibus
1076 5057 1206 5094 cum
1225 5042 1353 5095 fidis
1376 5042 1842 5098 intercessoribus
1862 5045 1987 5116 regi

297 5143 354 5180 se
407 5134 802 5198 repraesentat,
842 5144 948 5198 pro
991 5129 1138 5183 male
1196 5130 1514 5184 commissis
1554 5131 1778 5185 veniam
1818 5131 1983 5201 petit,

293 5215 460 5269 bonis
490 5216 607 5270 suis
636 5233 740 5287 per
770 5218 995 5288 regium
1062 5217 1279 5271 donum
1338 5219 1697 5290 possidendis
1744 5219 1985 5289 gratiam

369 5357 487 5426 (l8)
514 5358 732 5413 Alludit
757 5365 956 5413 auctor
987 5358 1056 5413 ad
1089 5375 1302 5414 nomen
1330 5361 1520 5430 hum‘g,
1553 5360 1707 5432 quod
1747 5361 1986 5415 Germa-

302 5431 415 5484 Rea:
437 5435 539 5493 est,
572 5433 761 5497 regina
783 5432 998 5497 hunige.

371 5504 479 5575 (l9)
511 5499 695 5555 Malim
729 5503 923 5572 legere
954 5502 1162 5575 nolunt,
1195 5517 1329 5556 nam
1359 5518 1544 5572 neque
1570 5501 1768 5556 Bavari
1799 5519 1985 5575 neque

304 5570 402 5624 alii
427 5570 487 5625 in
521 5576 664 5626 terra
682 5589 781 5627 sua
794 5570 1126 5642 ipraedando
1152 5570 1506 5634 assuescunt,

2095 550 2290 603 flectit.

2165 641 2254 692 2t.
2288 636 2442 691 Illico
2461 636 2710 707 benigne
2763 637 3056 709 recipitur,
3089 642 3146 693 et
3196 637 3269 704 ei,
3303 638 3459 709 quod
3489 637 3796 709 quaerebat

2093 742 2222 779 cum
2253 725 2409 779 omni
2433 725 2778 792 humilitate,
2814 727 3160 782 conceditur.
3195 729 3439 783 Tantum
3487 726 3792 796 cujusdam

2093 814 2438 868 conditionis
2497 814 2904 868 internectitur
2954 815 3133 881 ratio;
3193 832 3344 886 quae,
3394 814 3654 884 quamvis
3715 813 3792 866 ad

2092 919 2344 973 prmsens
2391 901 2602 972 gravis,
2649 901 2709 956 in
2748 903 2940 957 futuro
2987 907 3198 968 tamen,
3236 902 3289 957 ei
3355 908 3478 956 erat
3518 900 3788 954 salubris.

2093 993 2166 1045 Eo
2199 990 2356 1044 enim
2397 994 2594 1044 tenore
2642 990 2702 1043 in
2767 989 3012 1060 gratiam
3062 990 3352 1060 recipitur,
3412 995 3476 1044 ut
3513 989 3791 1061 Argenti:

2092 1079 2285 1133 nensis
2325 1078 2560 1131 ecclesia
2589 1078 2657 1132 ad
2689 1077 2996 1148 pristinum
3039 1083 3251 1132 statum
3309 1095 3378 1132 ex
3428 1077 3793 1132 detrimentis

2091 1167 2206 1220 suis
2228 1184 2332 1238 per
2361 1167 2526 1222 illum
2558 1167 2922 1220 reformetur.
2947 1167 3108 1230 Quod
3157 1167 3252 1221 ille
3282 1182 3394 1220 non
3432 1166 3642 1232 renuit,
3683 1165 3790 1219 sed

2087 1256 2251 1326 jussu
2297 1260 2353 1308 et
2390 1255 2648 1309 consultu
2725 1254 2898 1325 regis,
2967 1254 3130 1308 dicta:
3181 1254 3432 1308 ecclesiae
3491 1255 3790 1306 abbatiam

2089 1345 2144 1399 S.
2185 1343 2482 1414 Stephani,
2518 1343 2579 1396 in
2629 1342 3221 1412 recompensationem
3278 1341 3610 1398 detrimenti
3660 1358 3692 1394 a
3726 1358 3790 1393 se

2088 1431 2252 1497 illati,
2303 1430 2568 1486 tradidit.
2625 1431 2736 1484 Hac
2782 1429 3107 1483 conditione
3153 1431 3379 1484 firmata
3429 1445 3531 1499 per
3577 1445 3791 1482 manus

2088 1527 2145 1574 et
2168 1523 2543 1586 sacramenta,
2565 1518 2714 1587 regis
2757 1519 3019 1582 efficitur,
3052 1523 3108 1571 et
3136 1519 3214 1572 sic
3248 1535 3306 1571 se
3357 1517 3786 1571 contentionem

2089 1609 2236 1661 male
2268 1613 2509 1676 emptam
2541 1605 2736 1659 finisse
2768 1606 3012 1659 laetatur.
3057 1605 3152 1660 His
3183 1605 3441 1674 expletis,
3480 1603 3541 1657 in
3599 1605 3782 1657 Bava-

2086 1694 2256 1764 riam,
2284 1695 2535 1748 nativam
2584 1698 2796 1748 terram
2858 1710 3042 1758 suam,
3084 1711 3185 1748 rex
3258 1693 3445 1747 redire
3503 1692 3783 1760 decrevit,

2087 1784 2290 1838 nolens
2322 1799 2494 1836 novos
2524 1781 2604 1835 sic
2633 1783 3001 1852 frequentare
3022 1783 3240 1848 fideles,
3273 1786 3337 1836 ut
3377 1782 3783 1852 postponendo

2089 1871 2512 1926 demembraret
2539 1876 2779 1925 veteres.

2154 1962 2244 2014 22.
2290 1960 2664 2030 Regeusborg
2702 1958 2882 2030 igitur
2931 1958 2986 2014 S.
3051 1957 3279 2013 Martini
3333 1958 3588 2012 solennia
3641 1960 3788 2012 cele-

2085 2046 2280 2114 brans,
2311 2045 2669 2101 Blademario
2707 2045 2932 2101 cuidam
2985 2046 3179 2100 Sclavo
3235 2046 3503 2100 ducatum
3553 2046 3787 2100 Boemi-

2087 2151 2313 2190 censem
2344 2134 2607 2205 largitur,
2658 2138 2714 2188 et
2745 2139 2809 2188 ut
2854 2134 3056 2188 ceteris
3107 2133 3510 2203 acceptabilior
3554 2133 3784 2201 existat,

2087 2223 2252 2277 illum
2310 2223 2440 2294 plus
2482 2223 2638 2292 justo
2681 2222 2869 2277 verbis
2903 2227 2959 2276 et
3003 2222 3172 2275 rebus
3194 2222 3459 2276 honorat.
3513 2221 3788 2276 Pluribus

2087 2312 2266 2382 igitur
2339 2310 2542 2365 diebus
2619 2310 2680 2365 in
2761 2309 2993 2364 Bavaria
3063 2314 3338 2372 moratur,
3388 2310 3787 2379 quaerentibus

2090 2401 2278 2469 legem
2322 2398 2607 2468 justitiam
2681 2397 2915 2461 faciens,
2979 2402 3038 2452 et
3092 2397 3363 2452 visitandi
3431 2398 3612 2468 gratia
3685 2413 3785 2451 ve-

2089 2487 2407 2554 nientibus,
2462 2487 2740 2541 honorem
2798 2490 2968 2557 prout
3035 2485 3278 2557 quisque
3350 2487 3558 2558 dignus
3633 2492 3784 2551 erat,

2088 2575 2380 2631 exhibens.

2160 2668 2248 2718 23.
2308 2663 2516 2718 Eodem
2552 2667 2810 2732 tempore
2875 2661 3113 2732 quidam
3180 2661 3582 2733 episcopicida,
3638 2664 3780 2716 Har-

2089 2752 2301 2807 duinus
2349 2751 2608 2816 nomine,
2650 2767 2764 2804 non
2816 2752 3110 2821 regnabat,
3180 2751 3277 2804 sed
3323 2750 3470 2804 vitiis
3514 2750 3573 2802 in
3606 2767 3663 2803 se
3694 2767 3784 2804 re-

2089 2840 2404 2910 gnantibus
2427 2839 2814 2892 subserviebat
2844 2838 2902 2908 in
2937 2839 3114 2892 Italia.
3158 2838 3366 2892 Audita
3397 2838 3550 2892 enim
3597 2843 3785 2892 morte

2090 2926 2451 2996 imperatoris
2484 2927 2723 2992 Ottonis,
2752 2926 3112 2997 Longobardi
3133 2927 3288 2980 surdi
3317 2933 3369 2980 et
3404 2925 3557 2991 caeci,
3598 2932 3654 2979 et
3710 2927 3784 2980 de

2089 3016 2282 3068 futuro
2317 3031 2434 3068 non
2458 3015 2702 3086 providi,
2736 3016 2889 3068 hunc
2919 3015 3237 3091 elegerunt,
3284 3020 3340 3068 et
3384 3015 3454 3068 ad
3509 3015 3787 3084 paeniten-

2091 3104 2229 3156 tiam
2286 3103 2641 3169 festinautes,
2713 3103 2773 3156 in
2822 3119 3018 3173 regem
3071 3103 3178 3156 sibi
3234 3108 3666 3157 coronavcrunt.
3733 3105 3787 3157 Is

2090 3197 2246 3256 tunc,
2276 3196 2340 3245 ut
2400 3191 2539 3258 dixi,
2581 3191 2940 3244 subserviens
2988 3191 3412 3258 dominabatur,
3468 3197 3525 3244 et
3579 3191 3787 3246 adven-

2089 3285 2211 3334 tum
2287 3279 2439 3350 regis
2481 3280 2732 3334 Ileinrici
2797 3296 3024 3349 semper
3099 3286 3450 3349 exspectans,
3517 3279 3786 3334 introitus

2090 3367 2524 3438 Longobardise,
2583 3385 2726 3439 quos
2783 3369 2978 3423 Clusas
3026 3368 3312 3437 indigenae
3371 3373 3592 3430 vocant,
3651 3383 3782 3422 cum

2089 3459 2310 3512 cautela
2341 3457 2476 3510 satis
2519 3457 2756 3526 provida
2801 3457 3090 3510 tuebatur.
3153 3457 3312 3520 Quod
3360 3457 3532 3510 etiam
3584 3473 3783 3511 verum

2093 3545 2191 3598 Dei
2225 3551 2347 3598 erat
2389 3544 2720 3613 judicium:
2767 3544 3099 3613 Episcopos,
3161 3543 3262 3614 qui
3314 3544 3590 3597 electione
3629 3543 3783 3598 illius

2090 3648 2208 3702 prae
2230 3631 2430 3685 ceteris
2452 3632 2720 3685 omnibus
2751 3637 3061 3685 aestuantes
3119 3637 3174 3685 et
3231 3631 3487 3684 sitientes
3524 3632 3780 3697 fuerunt,

2091 3721 2408 3774 honorabat
2431 3727 2492 3774 ut
2522 3721 2814 3788 bulbucos,
2848 3720 3128 3774 tractabat
3185 3725 3249 3773 ut
3295 3719 3577 3774 subulcos.
3636 3721 3784 3784 Qua-

2092 3809 2220 3862 dam
2251 3825 2500 3878 namque
2531 3808 2622 3862 die
2651 3809 2986 3878 episcopum
3039 3808 3388 3862 Brixiensem
3442 3809 3509 3861 ad
3566 3824 3623 3861 se
3681 3825 3783 3862 ve-

2094 3895 2367 3961 nientem,
2423 3903 2481 3950 et
2536 3898 2726 3950 nescio
2776 3896 2913 3966 quid
2972 3895 3300 3950 ratiocinari
3359 3896 3662 3959 volentem,
3724 3902 3788 3951 ut

2093 3983 2262 4055 coepit
2291 3984 2343 4038 ei
2366 3983 2722 4037 ratiocinatio
2746 3982 3069 4054 displicere,
3098 3999 3200 4053 per
3229 3984 3466 4052 capillos
3515 3985 3785 4054 arripuit,

2095 4079 2151 4124 et
2177 4074 2353 4126 humo
2386 4077 2550 4124 tenus
2589 4071 2754 4142 quasi
2809 4072 3120 4126 bubulcum
3169 4071 3504 4126 vilissimum
3554 4073 3785 4142 dejecit.

2095 4164 2234 4216 Cum
2268 4161 2582 4230 majoribus
2600 4160 2745 4213 nihil
2796 4160 3092 4226 tractabat,
3137 4177 3268 4214 cum
3312 4161 3619 4231 juvenibus
3665 4178 3792 4216 om-

2093 4249 2190 4302 nia
2211 4248 2572 4318 disponebat.
2623 4249 2787 4312 Quod
2828 4249 3002 4302 etiam
3049 4253 3171 4301 erat
3212 4249 3634 4318 gravissimum,
3678 4251 3790 4304 sub

2094 4355 2161 4390 eo
2193 4336 2679 4407 praevaricatores,
2717 4337 3043 4402 violatores,
3104 4336 3542 4407 depopulatores
3592 4338 3792 4391 domi-

2096 4425 2413 4490 nabantur;
2470 4426 2658 4493 legum
2713 4430 3011 4488 amatores,
3067 4424 3163 4477 Dei
3217 4425 3468 4480 cultores
3504 4426 3794 4496 deprime-

2097 4515 2324 4568 bantur.
2378 4513 2672 4583 Cupiditas
2709 4514 2769 4567 in
2823 4531 2888 4567 eo
2945 4519 3068 4567 erat
3135 4513 3487 4580 consiliaria;
3550 4515 3793 4570 avaritia

2094 4601 2405 4677 cameraria
2435 4622 2449 4669 ;
2482 4602 2741 4672 pecunia,
2792 4602 3027 4656 domina
3066 4608 3121 4655 et
3151 4601 3366 4671 regina.
3403 4603 3498 4656 His
3528 4603 3790 4672 pedisse-

2095 4691 2223 4762 quis
2245 4690 2568 4744 adulterina
2600 4696 2820 4762 sceptra
2843 4691 3091 4745 tenebat.

2165 4781 2250 4833 24.
2313 4781 2670 4849 Quapropter
2754 4779 2987 4849 quidam
3047 4795 3152 4849 pro
3184 4779 3558 4833 coronatione
3605 4778 3788 4846 illius,

2095 4867 2430 4938 poenitentia
2461 4867 2637 4931 ducti,
2668 4868 2792 4938 regi
2825 4866 3105 4933 Heinrico,
3147 4868 3245 4921 alii
3272 4869 3508 4939 legatos,
3566 4867 3662 4921 alii
3696 4869 3793 4921 lit-

2094 4961 2244 5010 teras
2274 4957 2691 5023 transmittunt,
2753 4960 2816 5009 ut
2845 4960 2998 5009 terra
3044 4955 3205 5010 oneri
3258 4957 3594 5023 gravissimo
3651 4956 3792 5011 sub-

2088 5044 2304 5115 jacenti
2395 5044 2714 5111 subveniat,
2790 5044 3117 5098 humillima
3193 5061 3362 5115 prece
3447 5045 3789 5115 deposcunt.

2098 5132 2366 5187 Mandant
2395 5133 2589 5200 etiam,
2619 5137 2686 5186 ut
2712 5131 2758 5186 si
2816 5133 2939 5202 ipse
2994 5132 3146 5187 idem
3189 5132 3250 5186 in
3301 5133 3591 5203 aliquibus
3628 5149 3796 5187 occu-

2099 5226 2262 5291 patus
2288 5226 2600 5287 teneretur,
2633 5221 2836 5276 saltem
2885 5221 2968 5274 eis
3025 5236 3265 5276 suorum
3313 5221 3636 5291 Principem
3683 5222 3792 5276 ali-

2165 5362 2277 5504 é20)
2309 5363 2455 5418 Satis
2487 5368 2644 5433 patet
2662 5363 2908 5418 voluisse
2931 5363 3165 5416 scricere
3192 5365 3622 5417 internecionem.

2188 5438 2245 5487 2t
2286 5435 2368 5500 )ln
2391 5435 2608 5488 ditione
2631 5434 2880 5504 episcopi
2911 5434 3217 5502 Spirensis,
3258 5434 3398 5486 alias
3444 5435 3622 5486 Bruck

2188 5438 2245 5487 2t
2286 5435 2368 5500 )ln
2391 5435 2608 5488 ditione
2631 5434 2880 5504 episcopi
2911 5434 3217 5502 Spirensis,
3258 5434 3398 5486 alias
3444 5434 3787 5488 Brucksulia.

2099 5505 2375 5629 Reliqtuus
2432 5521 2634 5558 sensus
2685 5505 2889 5558 melius
2921 5504 3264 5574 intelligitur
3301 5520 3474 5574 quam
3516 5504 3793 5574 explicari

2099 5592 2251 5629 nossi
2283 5615 2297 5629 .

2099 5592 2297 5645 possit.
