3940 6312
158 279 216 327 97
992 250 1005 258 ’
1816 275 2013 330 ACTA.
3601 290 3669 339 98

160 414 327 469 quem
352 414 487 452 cum
550 398 745 468 paucis
774 397 1203 452 transmitteret.
1236 398 1299 451 In
1330 398 1620 451 voluntate
1652 397 1849 468 liujus-
1877 399 1924 452 Α
1962 397 2392 451 existimabatur
2422 399 2557 453 MXV
2576 414 2697 454 esse
2720 399 2995 456 virorum.
3023 404 3100 456 De
3119 404 3484 459 Theutouicis
3526 423 3662 460 vero

162 487 310 540 modi
373 488 557 557 aliqui
614 486 917 547 manifesti,
979 486 1156 557 aliqui
1225 491 1387 539 erant
1443 486 1671 540 occulti.
1732 487 1857 540 Tie-

162 576 364 629 boldus
395 592 646 645 namque
667 576 939 641 marcliio,
972 580 1027 628 et
1054 575 1514 646 archiepiscopus
1536 575 1854 637 Ravennas.

162 669 211 715 et
241 663 553 733 episcopus
586 664 939 729 Mutinensis,
970 663 1332 730 Veronensis,
1377 670 1434 717 et
1464 664 1852 726 Vercellensis,

160 758 356 820 aperte
390 752 447 805 in
484 752 632 822 regis
665 752 906 805 Heinrici
960 752 1232 805 ﬁdelitate
1286 753 1615 806 manebant.
1662 752 1855 806 Archi-

161 840 464 910 episcopus
515 847 707 893 autem
760 838 1214 905 Mediolauensis,
1248 844 1304 894 et
1333 840 1587 910 episcopi
1617 840 1854 894 Cremo-

162 928 376 995 nensis,
405 928 791 995 Placentinus,
830 926 1148 996 Papiensis,
1182 927 1507 993 Brixiensis,
1541 927 1854 993 Comensis,

163 1016 313 1086 quod
363 1017 655 1083 volebant,
727 1015 1187 1069 manifestabant.
1269 1016 1479 1069 Omnes
1529 1019 1723 1068 tamen
1796 1016 1856 1069 in

163 1119 468 1157 commune
512 1119 710 1173 regem
743 1104 1070 1158 Heinricum
1131 1103 1548 1173 desiderabant,
1589 1103 1856 1174 precibus

162 1208 262 1263 per
292 1192 517 1261 legatos
543 1197 598 1245 et
636 1192 855 1245 litteras
876 1192 1215 1263 invitabant.

226 1284 318 1334 25.
356 1260 612 1333 'l‘andem
668 1296 701 1332 a
746 1296 879 1349 rege
934 1260 1201 1334 Otta.dux
1232 1280 1708 1346 Careutauorum,
1754 1281 1854 1351 qui

160 1370 333 1423 etiam
418 1370 801 1422 Veronensem
856 1368 1190 1422 comitatum
1242 1369 1489 1434 tenebat,
1551 1369 1617 1423 ad
1672 1370 1853 1439 petio-

160 1474 291 1511 nem
347 1456 859 1523 Langobardorum
928 1457 1267 1527 explendam
1320 1456 1573 1527 eligitur,
1625 1461 1682 1510 et
1724 1472 1854 1510 cum

160 1544 379 1615 paucis,
415 1549 653 1614 propter
682 1545 947 1597 fiduciam
981 1544 1245 1614 superius
1302 1545 1755 1608 nominatarum,
1792 1544 1850 1597 in

158 1630 381 1683 Italiam
423 1631 711 1700 dirigitur.
791 1632 890 1685 Cui
951 1632 1122 1685 etiam
1182 1634 1309 1687 Otte
1368 1632 1520 1686 ﬁlius
1574 1631 1849 1685 Heriberti

159 1734 286 1771 cum
324 1719 566 1772 Emesto
632 1720 752 1772 ﬁlio
782 1720 1063 1773 Tietboldi
1119 1720 1466 1773 marchionis
1498 1720 1849 1789 adjungitur.

160 1806 279 1865 liis,
331 1808 485 1860 inter
543 1814 813 1860 montana
864 1824 992 1878 quas
1065 1808 1351 1862 Bavariam
1402 1813 1455 1861 et
1499 1809 1851 1861 Carintliiam

157 1895 226 1949 ab
296 1895 465 1949 Italia
529 1895 859 1965 sejunguut,
891 1913 1063 1965 supra
1095 1913 1326 1966 aquam,
1358 1913 1485 1967 quas
1518 1898 1721 1949 Brenta
1755 1913 1853 1947 vo-

157 1988 335 2048 cetur,
375 1984 870 2050 convenientibus,
921 1984 1225 2039 Carentani
1277 1990 1332 2037 et
1376 1985 1851 2050 Foro-Julienses,

156 2087 283 2124 cum
313 2073 511 2141 paucis
566 2078 889 2135 occurrunt,
941 2073 1117 2126 veluti
1176 2073 1246 2126 de
1295 2072 1589 2141 promissis
1624 2073 1852 2126 Italico-

158 2177 284 2213 rum
316 2160 583 2214 liduciam
608 2162 902 2227 habentes,
954 2167 1010 2215 et
1063 2162 1132 2215 de
1180 2178 1373 2231 pugna
1403 2162 1481 2214 nil
1515 2162 1849 2231 cogitantes.

160 2250 383 2301 Interea
446 2249 906 2320 archiepiscopus
994 2251 1308 2313 Ravennas,
1397 2254 1453 2302 et
1546 2250 1855 2303 'I‘ieboldns

158 2336 416 2390 marchio
482 2353 611 2390 cum
668 2338 867 2390 ceteris
928 2336 1243 2390 manifestis
1299 2337 1563 2389 ﬁdelibus
1607 2336 1854 2390 Ileinrici

156 2425 307 2493 regis
330 2441 466 2477 suos
496 2431 1003 2495 congregaverant,
1036 2426 1293 2478 volentes
1349 2441 1643 2478 occurrere
1665 2426 1852 2479 Theu-

156 2511 380 2577 touicis,
410 2518 469 2565 et
511 2528 607 2565 eos
654 2514 711 2565 in
763 2513 980 2567 Italiam
1051 2530 1180 2566 cum
1229 2514 1537 2566 securitate
1576 2513 1850 2583 recipere.

158 2600 283 2652 Haec
325 2600 653 2653 Harduinus
704 2602 1027 2671 prtesciens,
1079 2602 1360 2655 Veronam
1418 2617 1545 2654 cum
1609 2602 1856 2654 maxima

158 2688 528 2742 multitudine
585 2689 777 2742 venire
816 2689 1122 2754 festinavit,
1176 2695 1333 2743 utet
1389 2690 1467 2742 ibi
1513 2690 1739 2755 Italicis,
1796 2690 1855 2742 in

156 2776 513 2845 adjutorium
546 2777 1033 2831 Theutouicornm
1066 2778 1485 2842 festinantibus,
1515 2778 1662 2831 viam
1684 2778 1856 2830 inter-

154 2864 393 2934 ciperet,
430 2869 486 2917 et
512 2864 727 2932 Clusas,
765 2881 893 2936 quas
923 2866 992 2919 ab
1050 2866 1321 2935 episcopo
1376 2866 1688 2919 Veronensi
1730 2882 1852 2919 ser-

154 2953 464 3018 vabantur,
500 2958 851 3023 expugnaret
884 2970 897 3006 :
934 2954 1085 3024 quod
1120 2960 1177 3007 et
1207 2954 1356 3007 fecit.

227 3042 316 3093 26.
355 3040 537 3093 Clusis
567 3041 743 3110 igitur
791 3042 1154 3111 expugnatis.
1181 3042 1420 3095 audiens
1478 3042 1858 3096 Theutouicos

155 3127 214 3181 in
286 3128 724 3182 Tridentensem
810 3130 1110 3199 planitiem
1178 3130 1530 3195 convenisse,
1557 3130 1654 3183 illo
1728 3146 1855 3183 cum

156 3216 430 3270 omnibus
484 3216 600 3269 suis
657 3217 961 3271 festinavit.
1017 3218 1128 3272 Sed
1188 3218 1265 3271 ibi
1317 3218 1682 3271 'l‘lieutonicis
1739 3234 1857 3271 non

158 3302 429 3368 inventis,
479 3317 536 3354 se
601 3300 661 3355 in
731 3302 1089 3372 campaniam
1158 3304 1543 3355 Veronensem
1602 3302 1852 3369 reduxit,

156 3391 356 3461 ibique
411 3390 470 3444 in
526 3390 777 3461 quadam
837 3391 1141 3445 Castellulo
1196 3391 1563 3445 Nativitatem
1618 3392 1845 3445 Domini

158 3478 485 3533 celebravit.
549 3478 659 3533 Sed
723 3479 794 3533 ab
850 3479 1183 3549 hujusmodi
1250 3480 1486 3534 homine
1545 3480 1855 3533 celebratio

161 3568 370 3621 rectius
395 3567 792 3621 celebrationis
850 3568 1073 3621 dicetur
1122 3567 1341 3622 abusio.
1395 3568 1626 3621 Interim
1668 3570 1856 3621 Theu-

161 3655 336 3709 tonici
361 3656 525 3725 juxta
553 3659 802 3708 montem
833 3655 1162 3725 quemdam,
1197 3655 1295 3726 qui
1331 3656 1611 3720 Ungarius
1646 3656 1857 3723 (nescio

160 3760 273 3813 qua
329 3743 399 3797 de
451 3743 638 3812 causa)
696 3749 949 3807 vocatur,
1011 3744 1447 3814 praevenientes,
1508 3748 1563 3797 et
1615 3745 1858 3798 Hardui-

162 3848 299 3886 num
330 3833 452 3902 jam
483 3833 678 3885 Clusas
730 3847 1031 3902 occupasse
1080 3832 1335 3897 scientes,
1396 3832 1505 3903 ipsi
1565 3833 1855 3887 Harduino

161 3921 380 3989 legatos
411 3935 539 3973 suos
571 3919 985 3983 transmittunt,
1045 3924 1099 3973 et
1130 3924 1193 3973 ut
1222 3924 1319 3972 aut
1348 3918 1427 3971 eis
1459 3919 1641 3986 cedat,
1678 3920 1857 3973 donec

159 4012 477 4072 transeant,
553 4011 653 4061 aut
720 4006 831 4061 sibi
908 4007 1241 4062 cedentibus
1321 4008 1527 4074 veniat,
1617 4013 1847 4078 rogant.

162 4096 509 4161 Harduinus,
562 4095 755 4149 audita
782 4095 1089 4167 legatione,
1122 4111 1244 4149 sese
1298 4096 1357 4149 in
1404 4095 1665 4150 fraudem
1700 4098 1857 4150 dece-

159 4184 380 4256 ptionis
412 4189 765 4249 convertens,
828 4185 943 4239 ait:
980 4185 1285 4239 Nobiscum
1339 4196 1499 4239 nocte
1554 4186 1847 4251 maneatis,

159 4273 412 4327 crastina
475 4273 564 4327 die
623 4289 749 4326 cum
798 4274 1007 4327 nostris
1058 4273 1326 4328 ﬁdelibus
1383 4274 1528 4327 inita
1581 4274 1845 4342 consilio,

159 4361 320 4415 vobis
352 4361 696 4431 respondere
722 4361 1058 4431 poterimus.

229 4453 319 4503 2'7.
395 4449 618 4517 Legatis
660 4449 839 4519 igitur
884 4449 1122 4503 insidias
1177 4466 1295 4503 non
1380 4449 1856 4519 intelligentibus,

158 4539 282 4610 ipse
322 4554 426 4608 per
464 4543 641 4591 totam
674 4544 901 4591 noctem
932 4544 1115 4591 castra
1146 4555 1383 4591 suorum
1451 4538 1670 4605 circuit,
1704 4544 1767 4592 ut
1798 4538 1854 4592 in

159 4627 411 4681 crastina
442 4625 625 4696 parati
652 4626 766 4679 sint
796 4626 867 4680 ad
920 4626 1407 4695 congrediendum
1463 4627 1851 4691 Tlieutanicis,

161 4719 380 4769 mouet.
419 4714 516 4768 Die
548 4713 796 4780 lucente,
828 4714 1001 4784 legati
1033 4714 1326 4769 venientes
1357 4715 1425 4767 ad
1458 4714 1854 4785 accipiendum

159 4817 522 4873 responsum,
571 4801 970 4871 Langobardos
1036 4818 1235 4855 omnes
1316 4802 1578 4855 loricatos
1664 4806 1719 4855 et
1786 4803 1854 4857 ad

162 4892 428 4961 praelium
481 4893 713 4960 paratos
776 4889 996 4954 vident;
1058 4890 1192 4960 quid
1224 4889 1328 4942 hoc
1360 4888 1661 4959 signiﬁcet,
1714 4890 1854 4944 Har-

160 4978 400 5033 duinum
436 4977 810 5047 interrogant.
855 4979 953 5030 llle
998 4977 1304 5031 consilium
1354 4976 1675 5047 iniquitatis
1718 4993 1851 5031 evo-

163 5083 345 5133 mens,
374 5066 493 5119 ait:
528 5066 805 5119 Fortassis
827 5066 995 5118 unius
1030 5066 1306 5135 temporis
1340 5066 1451 5118 erit
1499 5066 1849 5120 renuntiatio

163 5162 368 5209 vestra.
434 5154 572 5208 Inde
639 5169 986 5223 promovens
1042 5153 1357 5208 exercitum
1381 5153 1572 5209 media
1633 5153 1724 5208 die
1781 5155 1852 5209 ad

166 5244 507 5314 Ungaricum
565 5247 820 5296 montem
858 5242 1134 5312 pervenit.
1192 5243 1478 5296 Exercitus
1518 5246 1709 5296 autem
1758 5243 1852 5297 ille

232 5370 345 5437 (22)
406 5366 730 5422 Pabulatum
775 5368 930 5420 missi
960 5370 1133 5431 erant,
1163 5381 1295 5419 nam
1335 5365 1557 5432 fodrum
1611 5367 1856 5421 sumitur

163 5455 264 5509 pro
290 5439 502 5509 pabulo
533 5437 619 5509 vel
652 5452 902 5496 annona,
937 5437 1457 5509 bominibusgazque
1488 5452 1553 5488 ac
1577 5437 1855 5509 jrumentis

167 5506 504 5575 necessaria,
523 5507 593 5562 de
620 5522 735 5578 qua
757 5523 890 5562 voce
911 5510 1078 5580 plura
1103 5508 1233 5561 vide
1263 5506 1318 5561 in
1351 5506 1667 5579 glossariis.

1894 1681 1933 1734 Β
1967 1643 2096 1697 den:
2141 1644 2325 1697 extitit
2411 1644 2663 1710 victoria,

1968 486 2057 538 vix
2089 492 2254 540 erant
2281 487 2614 556 quingenti;
2674 494 2729 541 et
2777 488 2835 541 bi
2896 489 3105 559 partim
3167 507 3267 560 per
3292 492 3519 546 fodrum
3552 492 3663 562 (2‘2)

1968 572 2161 639 divisi;
2194 574 2404 644 partim
2450 576 2519 629 ad
2550 576 2668 629 vias
2699 578 3103 630 custodiendas
3150 579 3493 634 transmissi.
3528 580 3657 644 Qui.

1969 661 2245 715 Harduini
2275 662 2582 717 adventum
2604 664 3000 734 percipientes,
3029 670 3284 734 repente.
3337 672 3657 733 armantur,

1968 755 2041 815 et,
2075 755 2249 819 prout
2286 756 2545 821 possunt,
2572 752 2639 805 ad
2683 753 3063 807 resistendum
3113 760 3391 822 parantur
3432 771 3445 808 :
3487 755 3660 809 virtu«

1967 837 2041 891 tis
2064 838 2338 906 eligentes
2368 837 2601 904 famam,
2633 844 2689 892 et
2708 845 3117 910 postponentes
3143 841 3332 895 vitam.

2036 944 2125 995 28.
2180 943 2399 996 Interea
2437 943 2759 997 Harduinus
2790 960 2920 998 cum
2974 946 3359 1016 Longobardis
3400 963 3667 1018 superve-

1966 1029 2077 1081 nit.
2144 1030 2270 1083 Otto
2326 1045 2456 1083 cum
2514 1032 2881 1085 Theutouicis
2921 1033 3145 1087 obviam
3205 1036 3377 1089 venit.
3410 1037 3495 1091 Fit
3524 1052 3666 1090 con-

1966 1133 2201 1186 gressio,
2234 1118 2297 1171 ﬁt
2326 1134 2542 1189 pugna,
2573 1119 2637 1172 fit
2667 1120 2847 1174 caedes
2886 1137 2951 1175 ex
3012 1127 3255 1193 utraque
3294 1129 3457 1193 parte
3525 1141 3656 1195 gra-

1967 1204 2223 1271 vissima;
2250 1208 2306 1259 et
2350 1223 2495 1276 pene
2526 1208 3029 1273 Theutouicorum,
3069 1211 3328 1280 quamvis
3374 1213 3655 1282 paucissi-

1968 1308 2215 1356 morum,
2270 1299 2417 1347 esset
2472 1294 2729 1361 victoria,
2779 1296 2824 1349 si
2883 1312 2998 1351 non
3053 1298 3361 1367 impediret
3412 1300 3656 1363 Ottonis.

1964 1381 2157 1435 fratris
2206 1383 2730 1453 Regensburgensis
2810 1385 3080 1456 episcopi,
3130 1387 3283 1457 fuga.
3337 1388 3441 1441 Illo
3491 1390 3662 1453 enim

1964 1468 2240 1538 fugiente,
2270 1470 2749 1523 Theutouicorum
2804 1473 2953 1524 acies
2984 1473 3286 1541 minuitur,
3340 1481 3397 1528 et
3452 1476 3661 1530 iterum

1966 1572 1998 1608 a
2038 1556 2231 1609 multis
2261 1574 2582 1625 congressa,
2618 1557 2956 1614 devincitur.
2994 1562 3496 1630 Langobardorum
3534 1570 3659 1617 tan-

2757 1646 2851 1699 sed
2916 1647 3165 1716 plurima
3214 1664 3445 1703 suarum
3510 1652 3663 1705 caede

1964 1738 2314 1802 comparata.
2348 1733 2734 1787 Revertuntur
2769 1735 3128 1800 Theutouici,
3162 1741 3217 1789 et
3242 1736 3320 1790 sic
3354 1744 3490 1791 tunc
3520 1756 3661 1792 con-

1964 1819 2074 1872 fusi
2104 1820 2447 1890 quandoque
2504 1826 2697 1874 tamen
2749 1823 3023 1877 talionem
3074 1824 3372 1879 reddituri.
3429 1826 3657 1882 Interea

1966 1909 2085 1962 Rex
2133 1924 2166 1961 a
2224 1908 2457 1961 Bavaria
2486 1908 2544 1961 in
2615 1909 2907 1963 Frauciam
2952 1927 3235 1981 reversus,
3282 1913 3661 1967 Frankeufort

1968 1996 2328 2050 Nativitatem
2379 1996 2603 2050 Domini
2642 1997 2909 2063 celebrat,
2974 2000 3285 2052 multorum
3346 2000 3661 2069 legationes

1965 2083 2220 2152 suscipit,
2280 2084 2498 2154 legatos
2595 2085 2931 2139 muneribus
3010 2091 3066 2138 et
3139 2087 3426 2156 responsis
3472 2088 3661 2155 dignis

1965 2172 2229 2226 remittit.
2298 2173 2677 2227 Herimannus
2730 2173 2924 2243 etiam,
2975 2174 3096 2243 jam
3128 2180 3258 2227 ante
3293 2176 3498 2245 jugnm
3545 2178 3664 2246 pati

1967 2260 2208 2325 nescius,
2243 2260 2427 2314 eidem
2455 2261 2821 2315 celebratiaui
2853 2262 3129 2328 interfuit,
3187 2269 3262 2330 et,
3297 2268 3360 2317 ut
3382 2267 3659 2335 aportuit,

1965 2363 2070 2417 per
2098 2348 2291 2401 omnia
2329 2348 2501 2419 regite
2535 2350 2822 2420 majestati
2851 2350 3123 2403 obediens
3144 2350 3271 2405 fuit.

1992 2525 2224 2579 ANNUS
2263 2525 2537 2580 CHRISTI
2576 2526 2723 2592 MIII,
2766 2528 3052 2582 HENRICI
3093 2530 3519 2585 IMPERANTIS
3561 2533 3629 2585 II.

2036 2668 2124 2720 29.
2157 2670 2321 2719 Auno
2345 2666 2413 2719 ab
2441 2666 2720 2719 Incarnat.
2739 2668 2898 2721 Dom.
2934 2669 3088 2734 MIII,
3116 2669 3430 2723 Indictiane
3452 2670 3657 2740 prima,

1966 2753 2081 2806 Rex
2111 2754 2409 2807 Heinricus
2438 2752 2498 2807 in
2520 2755 2911 2808 Mosellensem
2946 2772 3176 2826 pagum,
3206 2757 3267 2811 in
3305 2774 3479 2828 quem
3519 2775 3663 2813 non-

1968 2842 2105 2895 dum
2152 2842 2484 2909 intraverat,
2550 2843 2634 2897 ire
2727 2844 2996 2906 decrevit,
3059 2847 3241 2899 sciens
3293 2848 3449 2917 quod
3510 2852 3663 2902 terra

1888 2959 1928 3013 ε
1966 2947 2140 3001 quam
2173 2932 2286 2985 Rex
2326 2947 2445 2985 non
2468 2930 2814 3002 frequentat,
2838 2932 3153 3002 saepissime
3185 2949 3505 3004 pauperum
3537 2937 3660 2988 cla-

1969 3020 2225 3073 moribus
2274 3024 2331 3072 et
2384 3019 2693 3088 gemitibus
2758 3020 3026 3074 abundat.
3089 3021 3412 3075 Theodonis
3456 3021 3660 3077 Villam

1968 3107 2147 3177 igitur
2167 3106 2342 3173 venit,
2375 3114 2430 3162 et
2460 3107 2540 3161 ibi
2569 3123 2699 3162 cum
2732 3108 3001 3162 omnibus
3031 3109 3459 3163 Mosellensibus
3494 3126 3663 3181 gene-

1967 3195 2085 3247 rale
2142 3193 2491 3263 colloquium
2542 3194 2745 3248 tenuit.
2809 3195 2869 3248 In
2946 3210 3060 3265 quo
3115 3195 3400 3266 colloquio
3489 3197 3662 3250 duces

1969 3281 2346 3335 Herimannus
2393 3285 2451 3334 et
2506 3281 2908 3347 Theodoricus,
2956 3282 3055 3352 qui
3096 3282 3421 3335 defensores
3476 3289 3532 3338 et
3561 3300 3659 3337 co-

1968 3368 2256 3437 adjutores
2314 3370 2504 3439 legum
2560 3385 2681 3422 esse
2739 3369 3042 3435 debebant,
3075 3371 3287 3423 conscii
3338 3371 3448 3424 sibi
3520 3372 3656 3442 ipsi,

1967 3457 2401 3526 impugnatores
2454 3461 2636 3517 erant,
2668 3462 2722 3510 et
2751 3463 3169 3527 expugnatores
3201 3473 3322 3511 esse
3365 3459 3656 3515 volebant.

1968 3546 2073 3599 Sed
2119 3546 2236 3598 Rex
2265 3551 2325 3598 ut
2380 3547 2488 3598 hoc
2520 3546 2789 3614 cognovit
2826 3550 3042 3615 quanto
3073 3561 3169 3598 eos
3228 3546 3499 3599 adversus
3530 3548 3660 3617 jus-

1966 3631 2152 3685 titiam
2208 3631 2618 3701 pertinaciores
2668 3632 2826 3695 vidit,
2864 3637 3022 3685 tanta
3075 3632 3367 3687 ardentius
3423 3634 3652 3704 institit,

1966 3722 2023 3772 et
2051 3720 2396 3790 quibusque,
2430 3735 2601 3790 super
2638 3719 2795 3789 ipsos
2825 3720 3001 3774 etiam
3048 3720 3217 3775 duces
3261 3723 3659 3791 clamantibus,

1966 3808 2153 3877 legem
2236 3809 2497 3862 faciendo
2556 3809 2781 3878 sategit.
2852 3810 3102 3863 Tandem
3180 3810 3331 3865 inter
3412 3812 3662 3866 diversas

1964 3896 2243 3950 clamores
2271 3899 2565 3950 castellum
2611 3912 2791 3950 unum
2823 3898 3004 3963 ducis,
3053 3914 3202 3968 quon
3236 3899 3523 3969 Mulsberg
3561 3916 3659 3952 vo-

1967 3985 2224 4050 cabatur,
2248 3984 2307 4038 in
2338 3984 2747 4039 detrimentum
2775 3986 3115 4056 pageusium
3140 4003 3261 4040 esse
3274 3987 3658 4058 comperiens,

1967 4073 2196 4126 diruere
2247 4073 2429 4141 jubet,
2490 4079 2553 4126 ut
2630 4089 2747 4126 non
2821 4079 3142 4127 restruatur
3200 4076 3659 4129 communitione

1966 4160 2365 4230 patentissima
2396 4168 2617 4214 monet.

2037 4267 2123 4321 30.
2206 4266 2504 4335 Colloquio
2580 4270 2843 4335 potenter
2901 4264 3118 4325 habito.
3177 4267 3528 4335 Aquasgrani
3580 4268 3661 4321 ire

1965 4354 2232 4419 decrevit,
2261 4360 2321 4405 ut
2370 4354 2447 4406 ibi
2478 4359 2534 4405 et
2562 4352 3018 4407 anniversarium
3051 4354 3416 4423 Imperatoris
3472 4356 3662 4410 debita

1965 4442 2264 4494 devotione
2312 4442 2589 4494 recoleret
2636 4455 2650 4509 ;
2717 4446 2773 4493 et
2819 4441 3213 4495 Latharieuses
3262 4442 3332 4496 ad
3389 4459 3449 4496 se
3521 4460 3660 4498 con-

1964 4531 2208 4583 fluentes
2239 4530 2309 4583 ad
2360 4529 2692 4581 fidelitatem
2724 4529 2811 4582 sui
2870 4534 2927 4582 et
2976 4530 3293 4585 utilitatem
3314 4532 3476 4602 regni
3529 4551 3661 4587 cor-

1965 4619 2212 4673 roborat.
2276 4618 2509 4671 Interim
2558 4618 2892 4672 inﬁrmitate
2924 4620 3262 4689 gravissima
3292 4623 3573 4692 tangitur,
3604 4630 3661 4678 et

1966 4708 2081 4762 Rex
2113 4724 2239 4761 cum
2274 4707 2365 4773 sit,
2396 4707 2571 4760 homo
2601 4723 2722 4761 esse
2745 4714 3029 4763 mouetur.
3053 4710 3165 4762 Iter
3191 4715 3385 4764 tamen
3411 4718 3657 4782 coeptum

1965 4796 2171 4863 ﬁnivit,
2204 4800 2463 4865 etAquas
2492 4812 2671 4867 usque
2704 4798 2980 4866 pervenit.
3012 4798 3092 4850 Ibi
3114 4801 3661 4855 commemoratione

1964 4884 2396 4951 consanguinei,
2422 4891 2479 4937 et
2507 4885 2759 4938 Senioris
2786 4886 2874 4938 sui
2902 4887 3009 4955 (23)
3036 4886 3397 4941 devotissime
3438 4889 3652 4955 habita,

1965 4972 2211 5043 plurima
2233 4972 2301 5026 de
2334 4973 2627 5026 sanctitate
2656 4973 2712 5027 S.
2737 4972 2977 5026 Servatii
3031 4974 3289 5040 audiens,
3338 4976 3659 5045 Trajectum

1966 5061 2084 5124 ivit,
2114 5066 2179 5114 ut
2226 5067 2280 5115 et
2334 5061 2666 5114 Sanctorum
2725 5062 2807 5115 ibi
2863 5062 3282 5131 quiescentium
3330 5064 3438 5117 sibi
3487 5066 3658 5117 inter-

1964 5149 2245 5203 cessiones
2301 5150 2652 5219 imploraret,
2704 5155 2761 5203 et
2795 5150 2865 5203 ad
2898 5150 3194 5204 servitium
3253 5151 3352 5204 Dei
3380 5152 3571 5204 locum
3605 5158 3661 5206 et

1965 5238 2137 5292 vitam
2168 5238 2572 5291 cananicorum
2616 5238 2921 5292 ordinaret.
2986 5239 3070 5292 Ibi
3099 5239 3353 5309 primum
3406 5239 3475 5292 de
3506 5239 3656 5296 bello

2035 5368 2147 5435 (23)
2171 5365 2390 5437 Otrtonis
2424 5366 2516 5433 III,
2551 5382 2719 5437 quem
2753 5366 2923 5422 etiam
2955 5382 3126 5437 supra
3155 5368 3415 5422 seniorem
3442 5370 3662 5424 vocavit

1965 5451 2065 5489 seu
2092 5436 2414 5490 dominum.
