3940 6314
291 262 358 311 99
1595 253 1649 305 S.
1694 252 1980 307 llENltItZl
2022 250 2492 306 IMPERATORIS

3697 253 3804 305 100

293 385 443 437 inter
495 382 714 435 Italicos
770 385 826 432 et
893 375 1276 431 Thentonicos
1355 375 1548 430 habito
1605 375 1858 439 audivit;
1909 378 1985 442 et,
2015 378 2064 429 A
2102 375 2373 428 talionem
2408 375 2467 427 in
2493 375 2684 428 futura
2713 389 3028 438 reservans,
3053 390 3086 427 a
3115 373 3243 427 sinu
3276 373 3436 443 regni
3489 373 3577 427 sui
3611 373 3802 427 insitae

293 471 448 542 quod
499 468 772 538 sapientis
819 471 924 533 est,
960 463 1366 536 mqnanimiter
1421 463 1600 518 tulit:
1651 464 1833 518 sciens
1887 479 1992 517 nec

290 560 494 612 coelum
523 571 751 625 semper
782 569 950 625 posse
980 551 1258 619 serenari,
1287 567 1391 604 nec
1423 567 1514 605 res
1552 551 1836 605 humanas
1869 549 1991 604 sine

291 644 715 699 intermissione
753 641 1098 713 prosperari.

361 735 448 786 3t.
481 732 616 785 Inde
673 734 732 786 S.
788 729 1071 783 Lamberti
1119 729 1323 782 merita
1371 744 1487 782 non
1548 726 1985 797 parvipendens,

290 820 558 874 Leodinm
605 819 782 874 venit.
839 818 919 870 lbi
969 817 1245 870 cbolicam
1281 816 1703 876 inﬁrmitatem,
1758 814 1828 866 ab
1876 817 1988 880 {an-

293 907 673 960 tecessoribus
721 906 837 959 suis
894 905 1235 974 ingenitam,
1292 903 1626 973 gravissime
1704 902 1923 971 patitur
1974 916 1986 954 :

289 999 364 1060 et,
397 995 497 1065 qui
529 1010 631 1064 per
660 995 910 1063 regalem
939 991 1255 1063 potentiam
1289 1007 1391 1044 usu
1445 990 1713 1044 humanm
1773 990 1988 1059 fragili-

289 1083 422 1137 tatis
452 1082 768 1146 extollitur,
806 1097 908 1152 per
965 1081 1317 1150 corporalem
1373 1079 1689 1132 molestiam
1751 1087 1992 1148 paterna

287 1171 660 1240 castigatione
713 1169 1066 1239 reprimitur.
1143 1167 1501 1238 Aquasgrani
1559 1167 1765 1218 iterum
1827 1181 1987 1218 reve-

289 1259 451 1325 titur,
489 1259 956 1313 Puriﬁcationem
989 1258 1043 1311 S.
1104 1257 1206 1312 Dei
1264 1255 1564 1310 Genitricis
1617 1253 1989 1307 celeberrima

291 1347 594 1402 devotione
644 1353 970 1400 veneratur.
1037 1341 1522 1410 Lothariensibus,
1558 1342 1691 1396 data
1737 1341 1988 1409 licentia,

290 1436 426 1490 inde
478 1436 756 1506 discessis,
827 1434 1240 1502 Nmiomagum
1312 1430 1493 1483 venit.
1561 1430 1645 1484 lbi
1727 1431 1990 1500 pluribus

294 1523 497 1578 diebus
527 1523 989 1591 Quadragesimas
1017 1528 1293 1581 moratur,
1329 1519 1461 1583 Dco,
1523 1535 1650 1589 quia
1703 1518 1798 1573 Dei
1833 1524 1986 1586 sunt,

2101 463 2272 533 pestis
2304 463 2549 516 radicem
2583 463 2835 532 primum
2885 461 3196 533 exstirpare
3241 461 3513 528 decrevit,
3548 467 3612 516 ut
3640 462 3800 515 inte-

2098 551 2344 606 rioribus
2405 551 2583 622 quieti
2635 556 2691 604 et
2735 551 2859 621 paci
2903 550 3195 618 restitutis,
3222 551 3533 604 exteriores
3561 550 3800 621 inquie-

2098 639 2345 694 taliones
2374 640 2599 694 facilius
2628 639 2996 711 postmodum
3032 639 3419 709 extingueret;
3478 655 3595 692 non
3624 639 3801 709 igno—

2099 744 2252 796 rans,
2310 727 2584 798 quoniam
2633 727 2960 796 insipientis
3008 732 3093 781 est
3147 727 3208 780 in
3261 727 3496 781 vulnere
3555 730 3799 796 repente

2097 822 2285 869 cutem
2309 833 2524 869 sanare.
2563 821 2620 869 et
2661 816 3058 870 contusionem
3115 815 3302 870 carius
3342 816 3446 870 sub
3492 815 3798 868 sanatione

2098 904 2242 956 cutis
2269 906 2576 958 occultare.
2621 904 2885 958 Vulneris
2933 904 3087 958 enim
3144 903 3384 973 curatio,
3439 903 3487 956 si
3517 903 3589 956 ab
3644 903 3799 956 inte-

2096 992 2345 1045 rioribus
2373 993 2442 1046 ad
2489 992 2773 1046 exteriora
2797 991 3122 1058 deducitur,
3153 991 3373 1046 ﬁrmior
3402 992 3464 1046 in
3490 991 3799 1062 superﬁcie

2098 1079 2477 1132 concluditur.

2170 1167 2257 1219 34.
2303 1167 2524 1220 Interea
2581 1171 2638 1220 et
2680 1167 2915 1221 Ernesto
2966 1168 3072 1238 (27)
3121 1167 3306 1221 eidem
3338 1166 3643 1221 rebellioni
3695 1165 3801 1222 ad-

2091 1253 2378 1324 jungitur,
2411 1255 2566 1308 nulla
2601 1254 2837 1308 laesione
2876 1260 3126 1323 coactus,
3179 1256 3298 1324 sed,
3347 1256 3437 1310 vel
3475 1255 3802 1325 juventutis

2097 1343 2335 1409 fervore,
2394 1343 2480 1396 vel
2531 1359 2636 1414 per
2678 1359 2810 1398 eum
2881 1344 3186 1398 commoda
3262 1360 3364 1398 sua
3446 1343 3805 1415 ampliﬁcare

2099 1431 2482 1501 quaerentium
2528 1432 2892 1502 suggestione
2953 1433 3239 1485 seductus.
3265 1431 3541 1486 Dominus
3606 1431 3802 1485 Bruno

2097 1519 2269 1572 etiam
2303 1520 2477 1573 frater
2507 1520 2677 1589 Regis
2703 1519 2953 1573 Heinrici
3006 1525 3066 1574 et
3121 1519 3425 1588 episcopus
3458 1519 3800 1583 associatur,

292 1611 558 1676 reddens,
583 1617 639 1678 et
668 1609 999 1662 hominibus
1029 1624 1156 1678 quas
1187 1624 1288 1660 sua
1323 1611 1475 1673 sunt,
1506 1606 1735 1660 faciens.
1767 1607 1989 1660 Interea
2020 1646 2058 1699 Β
2099 1614 2264 1662 astate
2309 1608 2560 1685 juvenis,
2614 1614 2671 1662 et
2727 1624 2832 1679 per
2889 1609 3252 1678 juventutem
3306 1609 3374 1662 ad
3407 1607 3799 1662 seducendem

293 1698 708 1754 Bladeimarius
754 1697 871 1750 dux.
930 1694 1558 1768 Boemensis'moritur,
1581 1699 1638 1749 et
1705 1695 1988 1749 Bulizlaus

291 1785 652 1840 infidelitatis
699 1799 1003 1846 venenum,
1068 1799 1137 1836 ex
1183 1783 1432 1853 propriae
1479 1782 1801 1853 iniquitatis
1834 1784 1986 1837 fonte

291 1880 578 1944 potatum,
609 1873 666 1926 in
699 1871 1162 1925 contrarietatem
1223 1871 1392 1940 Regis
1441 1886 1705 1925 evomere
1760 1871 1981 1926 nititur.

294 1964 435 2017 Nam
467 1962 730 2032 Pragam,
765 1976 893 2030 quas
925 1965 1094 2028 caput
1133 1963 1217 2012 est
1273 1958 1544 2026 Boemiae,
1572 1975 1675 2029 per
1729 1959 1985 2030 pecuniae

291 2051 681 2120 deceptiones,
713 2065 816 2119 per
853 2049 1020 2102 falsas
1041 2047 1473 2117 promissiones,
1493 2063 1594 2116 per
1614 2047 1985 2100 astutissimos

289 2139 517 2193 fraudes
583 2137 816 2191 invadit.
877 2136 1186 2190 Milzaviam
1267 2151 1496 2206 quoque
1580 2135 1838 2190 Saxonite
1930 2142 1987 2189 et

291 2227 537 2280 Polonim
589 2225 1019 2292 interjacentem
1069 2223 1405 2287 marcliiam,
1479 2223 1720 2288 insidiis,
1775 2223 1984 2294 quibus

288 2315 490 2370 doctus
519 2319 660 2380 erat,
695 2329 813 2367 sua:
837 2312 1155 2366 infelicitati
1181 2312 1424 2381 subjicit.

359 2406 444 2457 32.
511 2401 672 2466 Quod
717 2417 848 2454 cum
915 2399 1055 2470 Regi
1115 2400 1441 2453 nuntiatum
1501 2405 1665 2466 esset,
1715 2415 1833 2453 non
1889 2400 1982 2453 in-

288 2491 707 2557 ilammabatur,
731 2505 847 2543 non
887 2487 1371 2555 stomachabatur,
1404 2504 1522 2541 non
1573 2487 1642 2541 ad
1673 2486 1983 2542 vindictam

287 2580 605 2651 repentinis
654 2577 904 2632 motibus
949 2575 1343 2642 animabatur;
1381 2575 1565 2629 sciens
1612 2575 1750 2646 quia
1789 2575 1873 2629 ira
1929 2580 1986 2629 et

285 2668 575 2723 festinatio
606 2683 832 2738 semper
862 2664 1110 2719 inimicae.
1128 2669 1263 2717 sunt
1286 2663 1543 2718 consilio.
1579 2663 1685 2717 Sed
1719 2663 1981 2718 notitiam

285 2758 454 2812 dictae
494 2754 806 2810 invasionis
836 2752 1224 2818 dissimulans,
1270 2753 1560 2806 mandavit
1611 2752 1663 2805 ei
1694 2768 1798 2822 per
1823 2753 1980 2822 lega-

285 2850 372 2899 tos
419 2845 705 2915 sapientes
747 2847 805 2896 et
858 2843 1212 2912 eloquentes,
1245 2845 1307 2894 ut
1345 2847 1556 2895 terram
1609 2856 1793 2909 suam,
1852 2857 1982 2912 qua:

287 2935 546 3004 Principe
576 2933 796 2986 noviter
820 2935 945 2984 erat
972 2929 1218 2994 viduata,
1254 2945 1368 2982 nou
1411 2929 1725 2995 invaderet,
1782 2945 1978 2999 quam,

288 3022 332 3076 si
363 3022 552 3086 vellet,
585 3036 714 3074 cum
743 3019 927 3089 gratia
949 3034 1048 3072 sua
1072 3021 1129 3071 et
1163 3017 1314 3071 dono
1333 3016 1652 3070 voluntario
1684 3016 1980 3087 acquirere

291 3114 499 3179 posset.
536 3106 875 3177 Hujusmodi
907 3105 1256 3176 legationem
1285 3105 1570 3159 Bulizlaus
1623 3105 1862 3158 audiens
1891 3105 1979 3158 in-

283 3199 416 3252 felix
466 3197 732 3250 mandata
796 3193 1011 3265 sprevit
1063 3193 1269 3257 dulcia,
1353 3209 1547 3246 amara
1631 3192 1978 3263 quandoque

282 3301 554 3357 passurus
575 3283 830 3337 verbera.
870 3283 999 3336 Erat
1023 3280 1176 3334 enim
1229 3281 1431 3334 Hezelo
1458 3295 1586 3333 cum
1640 3296 1706 3332 eo
1738 3285 1978 3350 puteum

283 3375 503 3428 fodiens
557 3369 907 3436 rebellionis,
967 3369 1037 3424 de
1096 3385 1210 3440 quo
1263 3367 1454 3422 inﬁdas
1505 3367 1789 3422 bibiturus
1859 3375 1980 3422 erat

289 3477 495 3532 aquam
561 3459 940 3525 confusionis;
994 3458 1228 3528 laqueos
1307 3472 1538 3526 quoque
1609 3461 1974 3522 connectens,

284 3565 518 3602 casurus
571 3548 628 3602 in
697 3547 879 3617 ipsos.
941 3544 1387 3615 Quadragesima
1445 3543 1627 3609 ﬁnita,
1676 3544 1813 3610 Rex,
1877 3543 1976 3614 qui

283 3635 606 3707 Theleborg
625 3636 738 3703 (24)
761 3633 970 3688 Pascha
992 3633 1262 3694 celebrat,
1282 3637 1337 3685 et
1361 3631 1595 3684 Bulizlai
1622 3631 1973 3693 violentiam,

285 3730 344 3777 ut
378 3725 623 3794 sapiens,
684 3723 931 3776 scienter
983 3720 1253 3790 ignorat:
1291 3720 1552 3774 Ottonem
1612 3736 1863 3791 quoque,
1923 3726 1978 3774 et

283 3811 681 3866 Ernestionem
730 3815 869 3863 tunc
943 3808 1054 3862 sibi
1116 3807 1343 3861 obviam
1397 3807 1468 3860 ab
1525 3807 1718 3860 Italico
1774 3807 1975 3876 prmlio

281 3901 592 3966 venientes,
618 3915 726 3970 pro
761 3898 1060 3951 vulnerum
1093 3895 1472 3965 susceptione,
1505 3911 1610 3965 pro
1642 3897 1976 3950 necessariae

281 3990 431 4059 fugin
483 3987 839 4053 confusione,
907 3985 1073 4040 donis
1128 3984 1302 4054 regiis
1344 3984 1612 4052 honorat,
1673 3990 1729 4038 et
1787 3984 1978 4038 debita

280 4075 671 4130 consolatione
703 4075 922 4129 relevat
975 4114 988 4128 .
1035 4117 1047 4128 .
1093 4113 1106 4128 .
1154 4115 1164 4127 .
1213 4115 1224 4126 .
1270 4113 1283 4127 .
1317 4088 1546 4143 quoque
1601 4077 1740 4126 tunc
1796 4089 1976 4144 usque

280 4165 599 4220 Saxonibus
630 4163 893 4226 infestos,
925 4162 1080 4216 ultro
1110 4161 1402 4215 venientes
1449 4161 1564 4230 (25)
1619 4160 1878 4231 suscipit,
1921 4168 1976 4216 et
2008 4199 2051 4252 η

281 4255 385 4308 sub
415 4251 784 4322 benignitatis
815 4250 1158 4304 discretione
1187 4248 1294 4302 sibi
1327 4248 1690 4302 ﬁdelissimos
1710 4249 1976 4304 reddidit.

353 4345 440 4396 33.
479 4343 609 4395 Post
639 4341 762 4394 haec
791 4339 850 4393 in
879 4338 1086 4393 diebus
1110 4337 1490 4407 Rogationnm
1520 4336 1846 4407 Meresberg
1869 4340 1980 4408 (26)

281 4436 561 4496 moratur,
625 4428 818 4498 ibique
889 4428 940 4481 ei
988 4427 1057 4481 de
1107 4425 1341 4480 Bulizlai
1396 4431 1453 4479 et
1501 4425 1798 4479 Hezelonis
1853 4443 1985 4479 eon-

281 4519 529 4572 tumacia
561 4517 948 4570 renunciatur.
983 4516 1131 4583 Ipse,
1167 4513 1401 4567 credere
1432 4512 1817 4578 dissimulans,
1851 4513 1982 4567 inde

279 4607 561 4674 discessit,
592 4609 648 4658 et
677 4603 748 4658 ad
781 4602 1182 4656 celebrandam
1215 4603 1589 4655 Pentecosten
1633 4601 1982 4656 llalberstete

279 4695 458 4749 venit.
495 4693 710 4748 Deinde
758 4693 817 4745 in
872 4689 1166 4756 Bavariam
1213 4690 1420 4751 tendit,
1481 4690 1622 4742 scire
1661 4691 1858 4744 volens
1907 4707 1979 4745 an

281 4799 411 4855 quae
449 4783 518 4836 de
565 4780 848 4834 llezelone
901 4778 1238 4832 dicebantur
1263 4793 1397 4830 vera
1440 4783 1653 4831 essent.
1696 4778 1818 4841 Quo
1849 4795 1979 4833 cum

276 4871 648 4943 pervenisset,
679 4873 736 4922 et
764 4865 1056 4921 ilezelonis
1101 4865 1352 4919 furorem
1384 4863 1531 4918 circa
1555 4865 1678 4918 loca
1709 4864 1817 4917 sibi
1849 4863 1978 4918 tini-

279 4961 418 5014 tima
494 4955 965 5012 irrationabiliter
1061 4968 1362 5007 accensum
1453 4953 1840 5023 comperisset,
1915 4968 1978 5004 ac

283 5046 517 5102 Bulizlai
537 5043 825 5114 adjutorio
848 5041 1234 5110 illumjfretum
1265 5057 1386 5095 esse
1411 5041 1682 5107 novisset,
1710 5039 1977 5095 Bullizlao

351 5206 462 5275 (24)
495 5205 759 5275 lntellige
819 5203 1245 5275 Quidlingburg,
1271 5202 1377 5275 vel,
1413 5208 1475 5255 ut
1505 5204 1701 5270 legunt
1729 5201 1976 5275 Alinales

278 5272 736 5333 Hilde'semense's
759 5274 1247 5342 Quidelingaburg,
1292 5273 1410 5325 loco
1444 5289 1604 5344 teque
1665 5289 1727 5325 ac
1758 5272 1977 5325 Palithi

283 5367 349 5403 eo
380 5356 639 5414 tempore
663 5345 976 5400 notissimo.

351 5420 459 5488 (25)
495 5411 594 5472 llic
611 5419 860 5489 aliquem
888 5414 1515 5489 Sclavorumpopulum
1538 5413 1610 5489 ab
1649 5411 1971 5489 _A_delboldo

280 5483 593 5544 indicatum
630 5483 819 5554 fuisse,
856 5503 966 5540 non
1001 5486 1146 5539 male
1178 5483 1438 5538 observat
1469 5483 1800 5539 Leibnitius.

2096 1696 2296 1750 facilis.
2363 1698 2424 1752 Et
2459 1683 2592 1750 hoc
2638 1696 2958 1750 inﬁdelium
3016 1701 3139 1750 erat
3188 1695 3473 1765 gloriatio,
3529 1695 3685 1766 quod
3735 1695 3802 1749 in

2095 1787 2351 1858 partibus
2415 1789 2532 1840 suis
2598 1788 2828 1841 fratrem
2887 1787 3057 1857 Regis
3109 1786 3416 1840 habebant.
3467 1787 3596 1840 Haec
3646 1800 3794 1854 ergo

2093 1875 2464 1945 conspiratio,
2501 1881 2717 1946 quanto
2763 1875 3025 1946 juniores
3077 1881 3133 1930 et
3173 1874 3598 1944 insipientiores
3629 1873 3798 1926 colli-

2094 1964 2199 2034 git,
2227 1969 2384 2018 tanto
2415 1965 2639 2035 turpius
2665 1969 2723 2018 et
2751 1963 3015 2017 enervius
3053 1962 3278 2018 defecit.
3324 1963 3541 2017 Dicitur
3586 1962 3744 2016 enim
3781 1978 3794 2014 :

2097 2051 2498 2121 lnsipientium
2553 2052 2892 2121 glomeratio
2941 2052 3164 2106 consilii
3231 2056 3316 2106 est
3349 2050 3646 2120 dissipatio
3681 2066 3698 2103 :
3735 2055 3800 2103 et

2093 2141 2319 2193 consilii
2353 2140 2649 2210 dissipatio
2673 2145 2858 2194 actum
2892 2145 2976 2194 est
3001 2140 3307 2194 enervatio.

2165 2231 2252 2282 35.
2311 2228 2426 2280 Rex
2470 2227 2950 2298 igiturquOsdam
3028 2227 3426 2282 Letharienses
3478 2231 3533 2278 et
3611 2227 3795 2279 Fran-

2092 2333 2186 2369 cos
2239 2333 2302 2369 ac
2361 2316 2624 2370 Bavarios
2693 2315 2990 2385 colligens,
3068 2318 3316 2369 intrante
3401 2319 3678 2384 Augusto,
3731 2313 3795 2367 in

2096 2403 2390 2456 Franciam
2423 2402 2734 2456 exercitum
2783 2418 2954 2472 super
3005 2403 3342 2455 Hezelonem
3398 2401 3584 2465 duxit;
3638 2400 3796 2454 bona

2093 2492 2209 2561 ejus
2232 2490 2569 2556 devastavit,
2635 2490 2824 2559 ipsum
2859 2505 2988 2543 cum
3047 2489 3281 2543 domino
3321 2493 3379 2542 et
3440 2489 3704 2542 Brunone
3737 2495 3798 2542 et

2096 2581 2402 2633 Ernestone
2429 2595 2532 2649 per
2579 2577 2746 2632 silvas
2795 2578 3022 2631 latitare
3069 2576 3271 2646 coegit.
3329 2577 3582 2630 Tandem
3628 2592 3686 2628 se
3719 2578 3793 2630 ad

2093 2667 2450 2720 castellorum
2504 2666 2866 2719 munimenta
2921 2666 3180 2731 contulit,
3243 2680 3371 2734 quae
3418 2663 3544 2734 capi
3597 2681 3789 2734 posse,

2093 2770 2195 2809 nec
2265 2755 2466 2809 Hezelo
2548 2755 2808 2822 timebat,
2861 2770 2964 2806 nec
3031 2753 3274 2806 aliorum
3322 2753 3624 2823 quisquam
3672 2769 3794 2806 cre-

2094 2842 2284 2898 debat.
2329 2844 2393 2896 In
2430 2842 2618 2910 primo
2666 2842 2846 2911 igitur
2885 2842 3106 2911 impetu
3145 2842 3380 2896 Mertula
3417 2841 3686 2908 diruitur,
3735 2847 3793 2894 et

2021 2915 2062 2970 ε
2094 2931 2391 2986 Hezelonis
2456 2931 2664 2984 milites
2722 2931 2782 2984 in
2827 2946 2892 2983 ea
2947 2929 3118 2998 capti,
3161 2945 3266 2998 per
3318 2929 3790 2983 intercessionem

2095 3018 2442 3088 Principum,
2481 3018 2601 3071 sani
2634 3023 2686 3072 et
2719 3017 2859 3071 salvi
2909 3019 3325 3087 permittuntur
3374 3016 3553 3070 abire.
3607 3016 3790 3070 Sclavi

2094 3112 2283 3161 autem
2310 3105 2384 3176 [a]
2411 3107 2658 3160 Bulizlao
2685 3106 2744 3160 in
2769 3104 3119 3176 adjutorium
3161 3105 3341 3173 missi,
3374 3104 3432 3158 in
3458 3104 3790 3158 servitutem

2091 3193 2365 3248 exercitui
2388 3193 2828 3247 distribuuntur.

2163 3282 2388 3335 36.Post
2416 3281 2536 3334 haec
2566 3281 2681 3334 Rex
2728 3279 3030 3335 Crucinam
3061 3279 3172 3350 (28)
3233 3278 3472 3345 obsedit,
3517 3279 3618 3332 ubi
3649 3295 3795 3333 uxor

2091 3369 2386 3424 Hezelonis
2433 3385 2497 3422 ac
2525 3368 2628 3422 filii
2661 3375 2848 3436 erant,
2873 3374 2931 3422 et
2960 3384 3204 3438 qumque
3239 3369 3320 3422 illi
3367 3368 3626 3421 cliariora
3667 3383 3794 3421 esse

2089 3463 2370 3530 poterant.
2404 3458 2465 3512 In
2490 3474 2603 3527 qua
2637 3457 2966 3511 obsessione
2997 3457 3055 3511 in
3086 3457 3288 3527 primis
3329 3461 3456 3526 post
3495 3471 3789 3510 annonam

2087 3547 2314 3600 incaute
2354 3551 2643 3610 exeuntes,
2675 3546 2744 3598 ab
2781 3545 3084 3610 llezelone,
3119 3545 3436 3614 ceterisque
3467 3543 3581 3596 suis
3612 3546 3789 3598 eoad-

2089 3634 2372 3705 jutoribus
2399 3633 2870 3698 vulnerabantur,
2920 3631 3312 3702 capiebantur,
3357 3631 3785 3686 occidebantur.

2092 3725 2224 3788 Rex,
2276 3722 2382 3774 hoc
2413 3720 2664 3790 cognito,
2701 3721 2956 3791 quotidie
3022 3719 3463 3790 quadringintos
3517 3721 3782 3773 custodes

2088 3809 2429 3863 exeuntibus
2473 3808 2753 3871 adhibuit,
2784 3815 2841 3862 ut
2873 3809 2975 3861 bos
3005 3809 3379 3871 custodirent,
3441 3813 3496 3861 et
3544 3808 3786 3862 insidias

2087 3897 2502 3952 insidiantibus
2550 3902 2838 3967 pararent.
2905 3898 3019 3950 Hoc
3068 3898 3270 3950 liezelo
3303 3912 3431 3949 cum
3473 3896 3636 3950 sociis
3681 3913 3784 3950 au-

2086 3986 2268 4050 diens,
2304 4003 2362 4038 se
2398 3986 2453 4038 in
2485 3987 2686 4039 vallem
2720 3986 3030 4056 quamdam
3061 3985 3291 4055 recepit,
3321 3985 3378 4038 in
3410 4000 3579 4055 quam
3613 3985 3782 4051 nulli,

2089 4074 2196 4129 nisi
2228 4090 2332 4144 per
2369 4074 2630 4127 semitam
2665 4089 2840 4128 unam
2891 4074 3121 4144 patebat
3173 4073 3440 4126 introitus
3470 4090 3482 4127 :
3539 4072 3618 4126 ibi
3654 4078 3782 4127 ten-

2091 4163 2234 4216 toria
2265 4163 2387 4217 ﬁxit
2418 4179 2430 4216 :
2467 4163 2544 4216 ibi
2576 4162 2856 4231 noctibus,
2894 4162 3104 4226 nescio,
3154 4178 3225 4216 an
3261 4163 3442 4216 tribus
3484 4166 3578 4215 aut
3638 4163 3783 4215 dua-

2091 4251 2218 4316 bus,
2252 4251 2415 4322 quasi
2446 4257 2602 4304 tutus
2619 4253 2687 4305 de
2717 4251 2921 4320 rapina
2975 4266 3292 4321 pauperum
3325 4250 3478 4304 vixit.
3540 4250 3653 4304 Hoc
3687 4267 3780 4302 cu-

2093 4339 2282 4393 stodes
2310 4355 2413 4409 per
2434 4340 2706 4393 rusticunm
2737 4355 2916 4393 unum
2933 4338 3367 4408 comperientes,
3402 4339 3551 4392 circa
3580 4339 3785 4392 horam

2092 4433 2329 4492 sextam,
2381 4427 2438 4480 in
2488 4444 2602 4498 qua
2652 4428 2737 4481 illi
2784 4445 2864 4497 se,
2904 4444 3010 4498 pro
3079 4432 3217 4480 testu
3302 4427 3436 4491 diei,
3490 4428 3789 4481 remissius

2089 4515 2378 4570 habebant
2434 4516 2494 4569 in
2552 4516 2755 4570 vallem
2804 4515 3050 4570 latenter
3133 4515 3564 4582 descenderant,
3661 4517 3785 4568 loca

2090 4605 2338 4674 plurima
2404 4604 2841 4668 circumeuntes,
2878 4609 2934 4658 et
2965 4604 3272 4673 diligenter
3323 4603 3568 4656 Heinrici
3599 4610 3790 4658 castra

2089 4696 2431 4764 quterentes.

2161 4785 2246 4835 37.
2290 4781 2542 4836 Tandem
2592 4798 2740 4835 unus
2793 4796 2988 4835 eorum
3048 4779 3295 4834 tentoria
3339 4777 3556 4844 videns,
3606 4778 3788 4834 nimis

2087 4868 2327 4922 festinus
2382 4869 2451 4922 ad
2504 4869 2864 4923 invitandum
2904 4868 3102 4934 socios,
3161 4867 3295 4938 Kyri
3335 4867 3553 4920 eleison
3609 4870 3788 4937 ccepit

2086 4956 2353 5021 clamare,
2385 4962 2442 5011 et
2467 4959 2593 5022 hoc,
2654 4961 2718 5010 ut
2769 4957 2938 5010 citius
2991 4955 3241 5022 veniant,
3299 4954 3629 5024 frequenter
3678 4957 3788 5010 ite-

2085 5058 2231 5096 rare.
2272 5045 2400 5097 Haec
2433 5045 2636 5098 Hezelo
2665 5043 3008 5114 percipiens,
3042 5043 3252 5097 relictis
3299 5042 3578 5110 tentoriis,
3607 5046 3788 5098 armis

2154 5201 2264 5272 (26)
2300 5202 2444 5271 Lege
2483 5207 2547 5256 ut
2585 5217 2756 5271 supra
2787 5201 3122 5267 Merseburg.

2127 5270 2270 5354 -(27)
2299 5270 2544 5338 Eriiesto,
2593 5270 2840 5326 Ernestio
2891 5278 2946 5324 et
2975 5275 3233 5326 Emestus
3265 5287 3368 5340 pro
3393 5270 3595 5325 eodem
3637 5271 3785 5325 acci-

2083 5353 2513 5483 Ριῗὲἑῗΐλίοηει
2561 5412 2894 5478 Leibnitius,
2955 5411 3283 5483 legendum,
3323 5413 3576 5474 C'rosscn,
3633 5411 3784 5465 forte.

2081 5487 2305 5540 Cri-usui
2337 5485 2392 5537 iu
2435 5483 2709 5554 superiori
2741 5483 3057 5538 Palatinatu
3091 5482 3361 5538 Bavarize.
