3940 6316
141 255 225 305 101

1800 258 1970 312 ACTA
1984 297 1995 308 .

3556 262 3654 312 10?.

138 374 332 441 etiam,
367 374 566 443 fugam
621 374 805 441 inivit,
836 378 893 429 et
933 391 965 428 a
1009 374 1274 429 manibus
1313 368 1841 446 supervenientium
1875 380 1919 432 Α
1957 378 2189 432 ANNUS
2243 378 2512 431 CHRISTI
2572 378 2710 431 ΜΝ.
2760 378 3038 431 HENRICI
3105 379 3520 434 IMPERANTIS
3551 380 3652 435 ΙΙΙ.

141 464 311 516 sevix
373 463 659 516 liberavit.
720 463 993 517 Dominus
1048 464 1236 518 Bruno
1290 480 1520 535 quoque
1586 466 1849 534 parmula

141 567 250 603 non
283 554 433 605 bene
468 553 684 618 relicta,
720 569 832 622 qua
869 556 1027 606 extra
1065 569 1124 605 se
1147 552 1363 621 positus
1409 552 1695 616 utebatur,
1719 554 1845 618 hos,

144 639 351 709 quibus
399 641 688 710 imperare
762 646 971 710 posset,
1045 640 1090 694 si
1143 656 1272 693 cum
1343 640 1518 693 fratre
1569 648 1845 705 maneret,

143 728 388 796 turpiter
416 728 587 797 fugit,
617 734 675 781 et
703 730 765 782 tit
812 728 978 791 risus,
1035 728 1136 798 qui
1187 729 1370 782 honor
1424 744 1543 783 esse
1603 730 1850 783 debebat

145 822 199 868 et
227 814 425 869 decus.
452 816 559 870 Sed
600 817 723 870 haec
772 816 1088 885 juventutis
1154 823 1332 869 erant.
1395 816 1610 871 Dicitur
1647 818 1799 872 enim
1831 835 1843 872 :

147 903 252 967 Qui
280 903 409 957 sine
434 903 615 958 fraeno
646 904 896 958 scientize
920 922 952 958 a
975 905 1276 974 juventute
1307 904 1552 973 ducitur,
1590 906 1645 958 in
1669 906 1847 959 dede-

149 990 293 1043 coris
324 992 621 1057 angustias
651 1009 801 1062 saepe
829 993 1236 1062 praecipitatur.
1286 993 1351 1045 Et
1389 993 1513 1047 haec
1530 994 1848 1062 juventutis

150 1078 319 1133 fuisse
376 1086 515 1133 etas
569 1080 936 1150 postmodum
1026 1082 1364 1135 monstravit
1440 1082 1677 1148 adulta;
1718 1099 1847 1153 quae

151 1165 311 1220 ilium
362 1167 613 1221 reddidit
665 1174 721 1221 et
772 1169 1055 1222 utiliorem
1107 1169 1216 1221 sibi
1246 1169 1378 1238 ipsi,
1433 1175 1487 1224 et
1530 1170 1848 1225 fideliorem

150 1252 325 1308 fratri.
379 1255 615 1309 Ernesto
674 1256 895 1325 capitur
966 1262 1025 1310 et.
1070 1263 1203 1310 ante
1259 1258 1426 1326 Regis
1484 1258 1847 1327 praesentiam

149 1343 396 1395 ducitur.

215 1448 304 1500 38.
368 1447 612 1511 Quidam
670 1448 820 1501 illico
898 1448 1039 1519 Regi
1122 1449 1525 1519 suggerebant,
1575 1454 1642 1504 ut
1697 1450 1849 1504 hunc

146 1534 375 1604 capitali
404 1536 686 1588 sententia
719 1534 872 1589 feriri
913 1537 1173 1605 juberet:
1230 1543 1513 1606 quatenus
1560 1553 1663 1607 per
1715 1554 1847 1592 eum

2025 486 2113 538 41.
2146 488 2313 537 Anno
2343 482 2413 536 ab
2443 482 2834 537 lncarnatione
2856 484 3400 538 Domiuimillesimo
3423 495 3652 555 quarto,

1955 572 2272 625 Indictione
2336 571 2597 632 secunda,
2677 572 2746 625 ab
2808 571 3247 642 Archiepiscopo
3326 573 3656 643 Magdebur-

1955 660 2134 730 gensi,
2178 659 2449 713 Giselario
2498 658 2747 722 nomine,
2780 659 2879 729 qui
2910 660 3169 728 pluribus
3213 662 3379 713 annis
3409 662 3652 731 paralysi

1954 753 2197 800 tactusa
2258 747 2700 816 metropolitana
2755 747 2981 800 civitate
3032 748 3184 801 exire
3256 763 3373 801 non
3404 754 3647 818 poterat,

1955 835 2068 888 Rex
2095 835 2382 888 invitatur.
2413 835 2857 903 Ductuspietatis
2892 834 3091 889 affectu
3127 835 3403 890 obediens
3444 843 3651 904 exstat,

1955 929 2013 977 et
2038 923 2105 977 ad
2154 923 2502 977 visitandum
2531 923 3035 993 Archiepiscopum
3070 924 3415 995 Magdeborg
3434 926 3649 979 tendit.

1954 1012 2077 1074 Quo
2136 1028 2266 1065 cum
2346 1011 2711 1082 pervenisset,
2788 1011 3256 1081 Archiepiscopus
3326 1012 3447 1081 jam
3503 1014 3650 1067 viam

1958 1101 2234 1153 universa:
2268 1099 2454 1153 carnis
2519 1098 2649 1152 iniit
2683 1118 2698 1165 ;
2738 1104 2812 1165 et,
2872 1100 2970 1169 qui
3011 1100 3219 1169 Regem
3269 1103 3651 1170 exspectabat,

1955 1188 2025 1241 ad
2056 1188 2227 1257 Regis
2259 1188 2479 1256 Regum
2540 1194 2823 1257 praecepta
2882 1187 3164 1257 migravit.
3209 1188 3272 1241 In
3331 1190 3492 1258 cujus
3524 1206 3651 1243 suc-

1956 1275 2271 1328 cessionem
2301 1275 2530 1343 Tageno
2557 1274 2665 1344 (30)
2682 1274 2848 1344 Regis
2876 1274 3205 1343 capellanus
3225 1274 3377 1328 illico
3398 1274 3651 1344 eligitur,

1956 1363 2091 1416 etin
2123 1362 2315 1416 sedem
2345 1362 2725 1432 episcopalem
2757 1364 2908 1415 clero
2947 1368 3005 1415 et
3034 1362 3245 1431 populo
3267 1362 3650 1423 collaudante,

1956 1451 2265 1505 extollitur.
2327 1450 2464 1521 inde
2519 1450 2638 1505 Rex
2699 1449 3021 1519 Merseborg
3073 1450 3457 1519 progreditur,
3489 1456 3548 1503 et
3574 1450 3656 1503 ibi

1957 1539 2419 1593 Purilicationem
2465 1539 2522 1593 S.
2584 1540 2684 1594 Dei
2739 1540 3038 1594 Genitricis
3095 1539 3289 1592 debita
3331 1541 3653 1592 reverentia

145 1624 364 1692 posteri
418 1624 853 1693 castigarentur,
902 1641 971 1677 ne
1014 1626 1186 1694 Regis
1226 1625 1502 1680 offensam
1555 1626 1846 1680 incurrere
1880 1659 1917 1711 Β
1960 1635 2277 1681 veneratur.
2313 1628 2395 1681 lbi
2454 1626 2626 1681 etiam
2681 1626 2931 1697 Tagenio
2963 1626 3438 1696 Archiepiscopus
3470 1644 3501 1680 a
3539 1627 3656 1679 suis

145 1711 264 1763 sine
312 1728 486 1764 causa
540 1712 885 1766 niterentur.
968 1712 1075 1766 Sed
1132 1713 1505 1783 Moguntinus
1562 1716 1845 1785 archiepi-

145 1816 371 1870 scopus,
434 1800 532 1870 qui
591 1817 879 1853 summum
930 1800 1118 1854 locum
1192 1801 1540 1871 impetrandi
1573 1802 1847 1873 quaelibet.

145 1889 296 1957 apud
352 1889 565 1957 Regem
627 1889 871 1953 tenebat,
919 1888 1256 1943 intercessor
1308 1890 1558 1956 accessit,
1606 1896 1663 1943 et
1679 1892 1844 1961 juve-

145 1992 277 2029 nem
309 1976 425 2045 legi
475 1977 769 2047 surripuit,
832 1977 1118 2048 mortique
1171 1978 1466 2033 subtraxit.
1526 1979 1774 2033 Tandem
1814 1997 1846 2033 a

148 2065 298 2134 Rege
360 2064 597 2119 Crusina
655 2066 893 2134 capitur,
964 2066 1232 2130 diruitur,
1286 2067 1625 2120 incenditur.
1700 2069 1848 2121 Uxor

147 2153 447 2207 Hezelonis
476 2169 607 2206 cum
646 2154 762 2208 suis
785 2155 938 2208 abire
986 2155 1357 2225 permittitur,
1419 2161 1476 2209 et
1532 2156 1640 2210 hoc
1669 2156 1720 2209 ei
1746 2174 1847 2227 per

145 2242 613 2295 intercessionem
643 2242 832 2295 fratris
860 2242 948 2296 sui
977 2244 1199 2297 Ottonis
1253 2244 1596 2297 conceditur.
1647 2246 1848 2299 Hezelo

145 2338 371 2399 captam
404 2347 527 2383 esse
585 2330 882 2385 Crusinam
938 2332 1195 2399 audiens,
1231 2332 1301 2385 ad
1347 2333 1656 2402 quemdam
1686 2351 1844 2387 suam

143 2418 553 2484 munitionem,
585 2434 716 2488 quae
773 2420 955 2473 Erana
1010 2420 1335 2485 vocabatur,
1407 2420 1681 2491 fugiendo
1712 2438 1846 2491 per-

144 2508 342 2572 venit;
376 2512 435 2560 et
482 2507 561 2561 ibi
609 2507 951 2577 Sigefridum
1000 2509 1309 2579 quamdam
1368 2509 1670 2575 Saxouem,
1712 2526 1848 2580 per-

142 2612 318 2649 versae
348 2596 793 2665 conspirationis
822 2597 1157 2667 participem
1187 2597 1419 2650 obvium
1450 2597 1667 2651 habuit.

209 2686 300 2737 39.
358 2683 469 2737 Sed
536 2699 638 2737 nec
691 2684 773 2737 illi
820 2700 978 2754 spem
1042 2685 1346 2738 resistendi
1403 2686 1576 2754 regiae
1624 2685 1847 2739 iraeha-

141 2770 301 2835 bens,
366 2772 628 2825 eamdem
685 2772 1067 2826 munitionem
1106 2772 1259 2826 idem
1293 2772 1413 2843 ipse
1447 2774 1756 2840 succendit,
1794 2781 1850 2827 et.

142 2861 441 2914 miseriam
499 2877 658 2915 suam
715 2862 895 2914 celare
946 2861 1223 2926 nesciens,
1278 2867 1507 2931 quanta:
1576 2863 1847 2933 despera-

142 2948 317 3002 tionis
369 2955 520 3003 esset
578 2950 930 3004 monstravit.
982 2952 1110 3004 Haac
1165 2950 1479 3020 Sigefridus
1525 2950 1670 3005 Saxo
1718 2967 1849 3021 per-

142 3038 411 3107 spiciens,
448 3054 598 3109 aspe
628 3044 828 3109 empta
870 3039 1194 3092 rebellionis
1224 3039 1431 3093 cecidit
1463 3055 1478 3107 ;
1530 3045 1586 3093 et
1616 3039 1716 3110 qui
1749 3056 1849 3110 per

144 3126 393 3179 alienam
452 3127 718 3181 fiduciam
768 3134 966 3181 contra
1014 3127 1230 3197 regiam
1273 3128 1631 3196 majestatem
1695 3129 1847 3181 intu-

144 3215 309 3281 muit,
363 3215 566 3269 aliena:
622 3216 972 3270 confusionis
1034 3216 1295 3269 acredine
1368 3222 1548 3270 tactus
1604 3216 1843 3286 crepuit.

144 3304 283 3357 Illuc
341 3304 521 3373 igitur
579 3320 709 3358 eum
773 3305 991 3358 venisse
1051 3304 1277 3374 puduit,
1327 3310 1385 3358 et
1431 3310 1647 3376 quanto
1678 3305 1847 3358 citius

141 3393 350 3459 potuit,
408 3393 476 3446 ad
554 3393 787 3465 propria
875 3394 1166 3447 remeavit.
1230 3393 1431 3446 Hezelo
1503 3409 1636 3446 vero
1716 3409 1847 3447 cum

142 3484 382 3540 domino
416 3484 681 3536 Brunone
712 3483 780 3535 ad
826 3482 1159 3549 Bulizlaum,
1188 3482 1351 3551 quasi
1398 3482 1686 3551 refugium
1718 3483 1846 3535 uni-

142 3588 291 3637 cum,
327 3572 513 3640 fugit;
546 3577 622 3638 et,
655 3570 806 3642 quod
864 3571 1071 3641 cuique
1105 3575 1189 3623 est
1235 3570 1654 3640 gravissimum,
1682 3571 1847 3641 quasi

143 3665 440 3724 mendicus
493 3662 679 3715 alieno
749 3675 896 3730 pane
957 3660 1143 3712 vivere
1204 3659 1390 3712 discit.
1458 3660 1680 3712 Interea
1730 3659 1845 3713 Rex

147 3757 387 3809 Eranam
421 3748 779 3821 perveniens,
809 3763 1039 3800 causam
1069 3747 1157 3800 sui
1209 3747 1484 3801 adventus
1510 3764 1612 3818 per
1641 3765 1847 3805 manus

144 3845 333 3895 vivere
361 3841 537 3893 hostis
571 3839 785 3891 invenit
816 3836 1117 3905 expletam.
1137 3836 1489 3901 Venitenim,
1521 3836 1848 3894 utdestrue—

146 3938 231 3984 ret
263 3947 278 3994 ;
312 3928 412 3981 sed
438 3927 541 3979 hos
558 3925 854 3987 destruxit,
892 3923 1516 3994 neipsedestruendum
1541 3924 1838 3981 inveniret.

214 4019 303 4072 40.
346 4016 625 4070 Hezelone
652 4013 825 4083 igitur
880 4011 1095 4081 fugato,
1156 4011 1402 4065 castellis
1461 4012 1584 4082 ejus
1619 4014 1841 4081 dirutis,

148 4107 259 4161 Rex
286 4104 577 4171 Baveberg
616 4101 801 4155 locum
843 4100 1009 4154 unice
1063 4100 1171 4153 sibi
1229 4100 1500 4154 dilectum
1534 4101 1699 4167 redit,
1731 4103 1845 4157 ibi-

1889 2932 1929 2987 C

1958 1716 2333 1785 suffraganeis
2363 1720 2745 1769 consecratur.

2023 1806 2112 1858 42.
2164 1804 2441 1869 Posthaec,
2524 1804 2775 1857 collectis
2844 1803 3105 1873 Toringis
3182 1807 3239 1856 et.
3315 1802 3653 1870 Saxonibus,

1952 1894 2066 1947 Rex
2097 1892 2157 1945 in
2189 1893 2501 1946 Milzaviam
2531 1892 2725 1957 intrat,
2780 1892 3146 1953 munitiones,
3203 1906 3343 1960 quas
3376 1892 3658 1946 Bulizlaus

1956 1985 2279 2051 occuparat,
2336 1995 2666 2049 expugnare
2700 1980 2930 2033 volens:
2960 1980 3057 2032 sed
3104 1979 3436 2048 hujusmodi
3462 1980 3655 2050 dispo-

1956 2070 2128 2123 situm
2158 2068 2365 2122 hiemis
2413 2068 2690 2138 asperitas
2744 2067 3070 2137 intercepit,
3124 2073 3180 2120 et
3236 2066 3525 2133 affectum,
3556 2069 3655 2139 qui

1955 2158 2173 2227 expleri
2219 2158 2417 2211 leviter
2476 2156 2536 2209 in
2621 2160 2814 2209 aestate
2871 2160 3081 2225 posset,
3157 2155 3328 2224 regite
3385 2157 3659 2210 voluntati

1957 2246 2271 2314 denegavit.
2333 2244 2567 2299 Omissis
2650 2244 2826 2313 igitur
2920 2242 3361 2307 munitionibus,
3442 2248 3654 2299 terram

1957 2335 2232 2399 devastat,
2265 2334 2410 2387 hanc
2439 2332 2640 2391 incolis
2654 2333 2930 2402 deputans
2956 2331 3204 2401 culpam,
3239 2331 3391 2401 quod
3416 2333 3660 2401 pecunia

1957 2423 2233 2493 corrupti,
2294 2438 2357 2475 ex
2433 2422 2545 2476 fide
2603 2422 2853 2476 Bulizlao
2923 2435 3043 2473 non
3107 2420 3443 2473 restiterint.
3521 2421 3658 2474 lude
3742 2492 3749 2496 ἡ

1964 2512 2290 2581 Meresborg
2343 2510 2666 2575 revertitur,
2717 2509 2879 2580 juxta
2959 2508 3263 2561 decursum
3318 2507 3474 2561 Albis
3505 2523 3657 2561 mar-

1956 2599 2191 2653 chiones
2269 2605 2547 2663 statuens,
2610 2598 2711 2667 qui
2794 2602 2852 2650 et
2916 2596 3244 2661 Saxoniam,
3311 2602 3368 2648 et
3420 2596 3657 2649 Bulizlai

1958 2688 2251 2740 incursum
2306 2685 2678 2739 latrocinandi
2734 2683 3076 2747 custodiant,
3122 2689 3179 2735 et
3233 2682 3342 2750 ipsi
3408 2684 3656 2737 Bulizlao

1957 2775 2199 2829 assiduas
2230 2774 2662 2844 inquietationis
2685 2772 2971 2825 molestias
2993 2771 3263 2824 inferant.

2028 2864 2113 2918 43.
2175 2864 2395 2917 Interea
2479 2861 2819 2916 llezelonem
2901 2860 3071 2930 empti
3131 2859 3388 2929 panitet,
3431 2864 3488 2913 et
3550 2860 3656 2913 sub

1957 2954 2145 3006 alieno
2180 2967 2325 3021 pane
2346 2951 2560 3005 diutius
2608 2950 2795 3002 vivere
2853 2949 3049 3018 pudet,
3111 2948 3430 3017 solivagum
3481 2948 3655 3002 etiam

1958 3042 2109 3095 inter
2137 3041 2351 3093 alienos
2376 3039 2606 3094 exulare
2639 3038 2828 3091 taedet.
2871 3036 3041 3105 Eligit
3095 3051 3234 3105 ergo
3282 3036 3477 3106 potius
3506 3037 3659 3106 peri-

1957 3130 2148 3183 culum
2185 3128 2381 3182 mortis
2401 3127 2570 3195 inire,
2610 3142 2781 3197 quam
2815 3125 2895 3178 sic
2924 3126 3097 3177 vitam
3147 3125 3373 3177 ducere.
3404 3125 3658 3177 Tandem

1958 3219 2279 3281 reVertitur,
2344 3221 2402 3270 et
2443 3216 2567 3269 fidis
2636 3214 2892 3285 quaesitis
2948 3213 3441 3277 intercessoribus,
3488 3215 3661 3267 Mere-

1955 3307 2127 3376 sborg
2148 3322 2205 3358 se
2241 3303 2703 3373 majestatiregiae
2745 3301 2949 3356 reddit.
2986 3300 3076 3355 Sic
3132 3306 3330 3353 contra
3362 3301 3657 3355 stimulum

1955 3396 2273 3461 calcitrans,
2307 3394 2392 3446 bis
2416 3392 2677 3445 aculeum
2725 3390 2916 3453 sentit,
2950 3388 3085 3458 quia
3140 3394 3198 3441 et
3232 3403 3334 3440 sua
3385 3388 3656 3458 perdidit,

1955 3491 2011 3536 et
2063 3482 2435 3550 semetipsum
2492 3479 2694 3532 alienae
2755 3477 3022 3547 potestati
3072 3476 3321 3529 tradidit.
3384 3476 3659 3529 Dominus

1956 3574 2146 3626 Bruno
2196 3574 2387 3622 autem
2462 3567 2613 3636 apud
2678 3565 2993 3619 Bulizlaum
3049 3563 3498 3617 consolationem
3542 3580 3657 3617 non

1955 3658 2272 3725 inveniens,
2333 3657 2405 3710 ad
2463 3670 2717 3708 sororem
2769 3669 2931 3707 suam
3004 3651 3341 3721 Ungaricam
3398 3651 3656 3722 reginam

1955 3746 2251 3816 confugit:
2286 3750 2343 3799 et
2377 3743 2550 3799 etiam
2601 3742 2976 3811 semetipsum
3009 3755 3438 3809 recognoscens,
3475 3741 3655 3794 inter-

1954 3836 2266 3889 cessionem
2300 3833 2421 3903 ejus
2444 3830 2773 3901 imploravit
2802 3829 2939 3901 (3t).

2026 3925 2113 3977 lii.
2170 3924 2286 3976 Rex
2342 3922 2562 3975 interea
2610 3919 2857 3989 injuriae,
2919 3932 3094 3988 quam
3146 3916 3657 3971 Theutonicisltali

1955 4015 2289 4077 intulerant,
2336 4026 2447 4065 non
2506 4010 2832 4074 immemor,
2887 4024 2920 4060 a
2967 4007 3212 4061 Saxonia
3271 4006 3563 4061 discedens
3600 4008 3657 4060 in

1958 4101 2251 4157 Bavariam
2312 4098 2482 4152 venit.
2561 4096 2643 4150 Ibi
2732 4094 2995 4150 Heiurico
3056 4094 3216 4148 fratri
3295 4095 3529 4165 Regium.
3598 4094 3658 4146 in

146 4212 257 4266 que
284 4192 563 4248 exercitui
587 4191 717 4244 data
750 4188 1006 4255 licencia,
1039 4188 1394 4242 nativitatem
1453 4190 1507 4243 S.
1543 4190 1642 4244 Dei
1669 4192 1842 4245 Geni-
1876 4214 1918 4267 ι)
1957 4188 2257 4243 festivitate
2306 4189 2362 4242 S.
2426 4184 2713 4239 Benedicti
2771 4182 3041 4237 ducatum
3105 4182 3483 4235 Bavariensen
3524 4197 3655 4234 con-

142 4283 301 4337 tricis
322 4279 649 4335 celebravit.
668 4277 877 4331 lndein
899 4277 1097 4330 silvam
1120 4276 1522 4347 Speicheshart
1550 4282 1682 4345 (29),
1716 4296 1845 4351 qua:

145 4371 443 4427 Bavariam
476 4386 506 4422 a
555 4367 788 4422 Francia
835 4366 1053 4426 dividit,
1123 4365 1375 4430 veniens,
1433 4371 1563 4435 post
1589 4365 1844 4420 laborem

142 4458 544 4531 expeditionis,
597 4455 1030 4511 delectationem
1085 4455 1338 4508 exercuit
1384 4454 1724 4508 venationis.
1761 4455 1846 4508 Ibi

140 4546 549 4612 autumnavil;
607 4546 685 4598 ibi
750 4544 814 4597 ad
902 4543 1311 4597 recreationem
1405 4542 1532 4609 sibi,
1615 4543 1845 4613 suisque

135 4638 550 4709 jocunditatem
594 4636 821 4706 plenam
866 4632 1144 4687 exhibuit.
1209 4632 1345 4685 lnde
1392 4647 1496 4702 per
1551 4632 1842 4685 Franciam

141 4740 367 4782 morose
420 4726 719 4787 transiens,
752 4724 811 4777 in
867 4722 1168 4777 Saxoniam
1228 4722 1402 4785 venit,
1479 4728 1534 4774 et
1581 4721 1846 4791 Toringis

142 4832 205 4870 ac
272 4816 592 4871 Saxonibus
649 4814 709 4867 in
796 4813 1130 4879 Milzaviam,
1206 4810 1629 4881 expeditionem
1690 4811 1845 4863 futu-

142 4922 263 4959 ram
298 4905 522 4959 indixit.
558 4901 769 4957 Exinde
817 4900 1044 4956 Poledze
1079 4899 1441 4954 Nativitatem
1495 4898 1726 4954 Domini
1758 4914 1847 4953 ce-

144 4993 403 5049 lebravit.

211 5154 320 5223 (29)
369 5151 523 5207 Alias
553 5150 887 5223 Speteshart,
912 5147 1111 5223 inquit
1129 5147 1653 5223 Leibni_tius_._l_lodie
1681 5150 1842 5223 Spes:

146 5218 476 5286 sartfmons
535 5218 798 5285 silvosus,
832 5225 889 5274 et
936 5218 1180 5272 transitu
1232 5218 1368 5272 satis
1425 5218 1709 5277 difﬁcilis;
1743 5220 1843 5288 qui

146 5296 287 5349 inter
329 5295 609 5347 ditionem
683 5290 1078 5360 Moguntinam
1151 5294 1207 5344 et
1278 5290 1611 5343 ulteriorem
1675 5289 1844 5343 Frau-

146 5366 359 5419 coniam
410 5365 553 5417 situs
603 5368 709 5427 est,
763 5359 826 5414 ut
879 5362 1057 5415 ferme
1137 5375 1297 5414 error
1372 5360 1461 5413 hic
1518 5359 1578 5412 in
1627 5364 1841 5413 textum

146 5436 433 5507 irrepsisse
452 5434 735 5507 videatur,
768 5430 879 5485 nisi
903 5429 1198 5485 Bavariam
1230 5432 1291 5485 in
1346 5429 1612 5485 Sueviam
1659 5446 1841 5502 usque

145 5503 274 5562 tunc
302 5503 681 5561 extenderint.

1955 4277 2140 4331 cessit.
2201 4275 2453 4329 Tandem
2508 4272 2594 4326 illi
2675 4274 2988 4341 Augustam
3065 4269 3335 4332 venienti,
3405 4285 3534 4339 quae
3598 4270 3655 4321 in

1954 4367 2216 4422 confiniis
2248 4365 2496 4420 Bavarize
2528 4368 2584 4417 et
2645 4360 3000 4416 Alamanniae
3027 4359 3132 4411 sita
3170 4362 3274 4424 est,
3322 4358 3657 4411 Lotliarien—

1956 4473 2063 4523 ses,
2100 4453 2294 4509 Franci
2326 4459 2382 4507 et
2438 4448 2739 4506 Alemanni
2788 4447 3013 4500 obviam
3071 4446 3330 4509 veniunt,
3384 4445 3450 4499 ad
3479 4445 3656 4499 ulcis-

1955 4544 2192 4599 cendam
2237 4540 2508 4610 injuriam
2564 4535 2928 4592 Theutouicis
2975 4535 3191 4589 illatam
3247 4535 3576 4602 voluntarii,
3601 4539 3675 4615 et‘

1957 4633 2116 4702 regio
2149 4630 2352 4685 honori
2374 4644 2477 4699 per
2529 4626 2722 4682 omnia
2775 4623 3059 4679 deservire
3109 4622 3315 4693 parati.
3379 4623 3522 4676 Cum
3570 4622 3657 4676 his

1954 4721 2086 4774 inde
2137 4717 2531 4789 progrediens,
2595 4718 2660 4771 ut
2728 4716 3174 4783 congregaretur
3228 4711 3526 4771 exercitus,
3597 4711 3656 4763 in

1955 4810 2102 4873 loco,
2126 4806 2224 4878 qui
2257 4805 2463 4860 dicitur
2491 4804 2713 4872 Omuga
2744 4801 2873 4871 (32),
2898 4799 3167 4853 substitit.
3200 4798 3293 4852 Ibi
3313 4798 3365 4852 ei
3387 4799 3657 4852 dominus

1956 4900 2146 4953 Bruno
2204 4911 2332 4949 cum
2373 4892 2574 4964 legatis
2633 4889 2922 4960 Ungaricis
2972 4887 3161 4958 Regis,
3213 4887 3312 4957 qui
3360 4887 3433 4940 ad
3474 4886 3652 4939 inter-

1954 4985 2269 5042 cedendum
2302 5000 2405 5055 pro
2431 4999 2499 5037 eo
2523 4980 2849 5045 veniebant,
2897 4977 2967 5031 ad
3001 4992 3059 5030 se
3108 4991 3384 5042 reversus,
3430 4974 3653 5029 obviam

2026 5146 2141 5215 (30)
2162 5144 2314 5199 Alias
2348 5144 2552 5215 Ἰέααίηο
2572 5140 2662 5195 vel
2687 5142 2905 5207 Tagmo,
2938 5137 3007 5192 de
3060 5152 3176 5208 quo
3233 5137 3402 5206 plura
3437 5136 3653 5189 Ditma—

1951 5233 2050 5271 rus
2084 5214 2219 5270 lucis
2251 5214 2446 5268 variis.

2025 5287 2135 5357 (3t)
2169 5288 2295 5340 Haec
2323 5300 2476 5357 anno,
2513 5281 2649 5337 1004
2700 5279 3017 5357 composita
3068 5275 3387 5357 ostendunt
3408 5274 3651 5357 Qiselam

1952 5345 2085 5412 ante
2114 5345 2328 5410 annum
2364 5356 2497 5409 1005
2544 5345 2914 5406 matrimonio
2957 5348 3320 5416 conjunctam
3361 5345 3559 5412 fuisse,
3592 5352 3655 5399 ut

1951 5427 2279 5503 diximusin
2314 5428 2631 5503 comment.
2664 5421 2902 5503 praevio.
2932 5488 2951 5503 Ι
3008 5486 3040 5503 η

2024 5498 2129 5571 (32)
2165 5500 2326 5553 Putat
2360 5498 2639 5563 Ottingam
2667 5486 2906 5547 indicari
2932 5486 3260 5543 Leibnitius.
