3940 6356
353 354 450 406 107

1642 347 1697 400 8.
1744 343 2030 400 IIENRICI
2069 341 2546 399 IMPERATORIS

3748 336 3844 389 l08

347 446 661 543 omnesque
682 487 787 541 pro
816 469 1206 540 pacetuenda,
1267 483 1372 538 pro
1403 467 1716 522 latrociniis
1755 483 1872 522 non
1903 482 2040 520 con-
2072 475 2119 523 A
2158 466 2387 532 vitatur,
2443 481 2593 536 sirpe
2623 464 2856 518 alterius
2902 462 3228 534 sumptibus
3251 462 3501 532 jocunde
3533 462 3842 515 convivan-

349 560 660 616 sentiendis
711 577 744 612 a
798 557 1037 611 minimo
1095 573 1273 626 usque
1341 556 1408 610 ad
1485 555 1799 610 maximum
1840 555 2038 625 jurare

351 648 646 719 compulit.
708 645 794 701 Sic
827 651 948 699 tota
1002 643 1342 699 Alamannia
1380 644 1484 697 sub
1530 645 1684 713 pacis
1713 643 1903 714 quiete
1934 647 2041 696 sta-

350 742 495 802 tuta,
552 735 612 788 in
663 734 931 788 Alsatiam
987 732 1161 797 venit,
1215 736 1271 785 et
1328 731 1388 784 in
1454 731 1765 802 Argentina
1816 730 2040 784 civitate

353 825 492 878 dum
523 824 580 876 in
611 821 806 890 vigilia
861 820 913 874 S.
945 819 1178 873 Joannis
1231 819 1578 888 colloquium
1610 834 1737 871 cum
1766 817 2043 871 Alsatien-

354 912 510 965 sibus
560 910 814 970 haberet,
866 908 1094 973 domus,
1125 907 1182 960 in
1214 923 1327 977 qua
1357 907 1422 960 ad
1467 909 1651 975 legem
1681 912 1738 960 et
1758 905 2042 976 justitiam

353 999 670 1053 faciendam
702 995 955 1062 sedebat,
1009 1001 1244 1064 repente
1288 995 1525 1063 corruit,
1567 993 1779 1064 unique
1812 994 2043 1064 presby-

353 1092 500 1152 tero,
550 1084 652 1155 qui
697 1099 827 1136 cum
879 1082 1120 1135 Domina
1152 1098 1265 1134 una
1295 1083 1774 1135 anathematizata
1813 1096 2044 1134 manere

354 1174 554 1227 solitus
610 1177 751 1235 erat,
810 1170 991 1223 cruris
1046 1185 1171 1222 ossa
1213 1169 1503 1240 confregit.
1557 1171 1655 1222 Ille
1687 1170 1840 1222 solus
1869 1170 2042 1230 obiit;

355 1261 450 1313 alii
483 1259 648 1322 nihil,
681 1263 892 1326 printer
921 1257 1214 1323 timorem,
1271 1258 1425 1326 passi
1468 1263 1631 1310 sunt:
1664 1257 1759 1310 sed
1807 1257 1864 1310 in
1894 1255 2046 1309 illius

355 1346 587 1401 interitu
617 1343 961 1406 didicerunt,
1013 1343 1162 1412 quod
1196 1359 1346 1412 sea-pe
1400 1359 1504 1412 per
1555 1344 1910 1398 Psalmistam
1943 1359 2042 1396 au-

353 1433 621 1486 dierunt:
675 1433 816 1485 Cum
864 1431 1040 1483 electo
1095 1431 1310 1484 electus
1349 1432 1478 1498 eris,
1532 1438 1748 1485 etcum
1781 1447 2044 1502 perverso

354 1519 714 1589 perverteris.

429 1608 514 1661 55.
551 1608 682 1660 Post
710 1607 830 1660 haec
883 1606 995 1659 Rex
1045 1604 1394 1675 Moguntiam
1427 1607 1601 1671 venit,
1650 1606 1846 1677 ibique
1879 1606 2045 1660 solito

358 1697 585 1767 pietatis
615 1695 842 1759 affectu,
874 1695 1264 1765 apostolorum
1297 1695 1574 1747 solemnia
1595 1695 1894 1748 celebriter
1921 1711 2047 1764 per-

358 1786 494 1855 egit.
553 1785 695 1838 Tum
746 1798 849 1852 per
900 1781 1246 1837 Orientalem
1307 1783 1597 1835 Franciam
1650 1783 1953 1848 transiens,
1986 1784 2043 1836 in

358 1872 657 1926 Saxoniam
690 1869 937 1935 festinat,
993 1886 1087 1922 cor
1126 1885 1290 1922 suum
1343 1870 1752 1940 indignationis
1791 1871 2045 1940 pondere

357 1967 654 2030 gravatum
685 1975 856 2029 super
888 1959 1220 2024 Bulizlaum,
1257 1958 1501 2012 vindicta
1551 1959 1766 2028 potenti
1796 1961 2045 2013 relevare

358 2049 687 2119 disponens.
749 2046 1023 2100 Indicitur
1091 2046 1423 2113 Saxonibus,
1489 2047 1737 2114 Bavaris,
1819 2048 2046 2101 Francis

357 2136 740 2192 Orientalibus
791 2134 1097 2205 expeditio,
1132 2135 1192 2188 in
1247 2135 1434 2188 medio
1479 2139 1736 2204 Augusto
1768 2137 2046 2190 terminus

357 2227 524 2280 datur
571 2223 970 2294 promotionis,
1031 2228 1097 2276 ut
1151 2223 1412 2293 frugibus
1470 2224 1604 2277 inde
1652 2225 2042 2293 praecollectis,

358 2313 710 2367 abundantia
739 2326 928 2364 comes
950 2310 1217 2364 exercitui
1245 2317 1409 2364 esset.
1437 2311 1710 2365 Mediante
1744 2312 1920 2382 igitur
1937 2316 2046 2366 Au-

358 2403 526 2471 gusto
559 2398 1178 2468 MeresborgSaxonum
1202 2399 1262 2451 tit
1288 2387 1676 2468 congregatio.
1705 2401 1821 2452 Rex
1854 2408 2044 2454 autem

357 2487 579 2542 nemini
604 2502 834 2541 suorum
863 2485 1230 2540 familiarium
1251 2486 1415 2538 fateri
1446 2486 1692 2552 volebat,
1717 2486 1832 2540 sive
1863 2487 1921 2540 in
1951 2489 2048 2542 Po-

357 2577 572 2631 loniam
605 2576 720 2629 sive
749 2575 808 2629 in
851 2574 1136 2629 Bocmiam
1166 2573 1352 2639 vellet,
1407 2589 1753 2642 cognoscens
1811 2575 2046 2630 Bulizlai

350 2665 632 2719 ﬂexuosas
653 2664 950 2730 versutias,
975 2663 1182 2732 quibus
1213 2678 1316 2731 per
1346 2661 1624 2732 quosdam
1656 2663 1763 2716 sibi
1793 2664 2044 2717 occultos

351 2753 567 2806 amicos
586 2753 755 2806 etiam
796 2755 1008 2805 secreta
1042 2751 1195 2820 regia
1232 2750 1438 2803 rescire
1471 2750 1706 2805 solebat.
1740 2751 1846 2806 Sed
1875 2768 2044 2807 naves

351 2855 384 2892 a
413 2837 756 2908 Magdeborg
784 2852 966 2908 usque
996 2835 1234 2892 Citizam
1265 2836 1600 2906 congregari
1616 2838 1846 2907 jubens,
1881 2840 2045 2908 quasi

349 2927 408 2980 in
465 2926 755 2980 Poloniam
808 2928 961 2992 velit,
1019 2926 1322 2978 transitum
1388 2926 1644 2978 futurum
1698 2927 1947 2981 simulat.
1983 2927 2042 2981 Id

2148 567 2260 621 tur,
2287 556 2496 608 latente
2526 561 2720 606 tamen
2751 552 2882 622 igne
2911 553 3014 606 sub
3057 552 3267 605 cinere.
3298 552 3548 605 Tandem
3604 551 3844 606 Bulizla-

2148 659 2270 705 vus,
2356 641 2659 696 Meseconis
2747 640 2920 706 titius,
2985 640 3399 710 jocunditatem
3494 639 3717 707 Pragm,
3795 642 3851 690 et

2150 729 2538 784 amoenitatem
2588 730 2857 796 Boemie,
2903 728 3201 798 promissas
3231 727 3518 799 praeponit
3547 726 3847 788 amicitiae;

2151 826 2228 887 et,
2261 824 2324 872 ut
2383 823 2592 887 nepote
2649 833 2771 882 suo,
2805 817 3060 887 qualibet
3117 817 3363 882 ratione,
3411 814 3636 884 ejectio,
3670 821 3848 869 tantze

2150 912 2311 960 terras
2356 904 2685 975 principatu
2730 905 2904 974 potiri
2953 904 3150 974 possit,
3181 903 3446 957 fraudum
3473 918 3706 956 suarum
3751 902 3844 954 in-

2151 996 2294 1048 tima
2341 999 2643 1047 scrutatur.
2703 993 2910 1047 Invitat
2940 1008 3071 1046 eum
3103 992 3171 1046 ad
3204 991 3482 1057 convivia,
3532 995 3586 1043 et
3626 989 3856 1042 diversa

2152 1085 2371 1154 praebet
2400 1082 2657 1135 ciborum
2689 1097 2921 1151 genera,
2942 1097 3136 1134 amara
3163 1079 3397 1134 demum
3430 1079 3849 1148 propinaturus

2151 1171 2372 1241 pocula.
2404 1171 2680 1224 Satiatum
2708 1169 2862 1222 enim
2917 1169 3080 1221 illum
3131 1167 3410 1221 militibus
3455 1167 3574 1218 suis
3606 1165 3858 1219 commi—

2154 1259 2246 1322 sit,
2278 1264 2354 1321 et,
2410 1263 2473 1309 ut
2523 1257 2761 1309 eductus
2821 1261 3214 1320 excaecaretur,
3261 1255 3556 1308 oculorum
3613 1253 3860 1307 nutibus

2153 1346 2220 1399 ad
2246 1345 2455 1398 similia
2480 1345 2713 1412 edoctis,
2749 1344 2958 1398 innuit.

2225 1436 2310 1488 58.
2353 1433 2664 1502 Implentur
2719 1431 3028 1501 impietatis
3080 1431 3260 1500 jussa,
3303 1433 3360 1484 et
3409 1429 3862 1484 committuntur

2155 1520 2473 1591 iniquitatis
2528 1536 2717 1589 opera.
2773 1520 2884 1585 Sic,
2925 1519 3025 1589 qui
3077 1522 3310 1573 fratrem
3359 1519 3783 1586 eunuchizavit,
3829 1535 3863 1572 a

2155 1609 2581 1678 consanguineo
2612 1613 2668 1661 et
2723 1609 2877 1661 socio
2930 1623 3033 1660 suo
3079 1606 3355 1660 deductus
3405 1606 3604 1676 periit:
3635 1605 3861 1676 quique

2156 1699 2391 1752 fratrem
2437 1697 2499 1750 in
2555 1697 2840 1750 consortio
2887 1695 3243 1765 principatus
3275 1710 3472 1764 parem
3507 1694 3718 1747 habere
3749 1711 3863 1747 no—

2156 1785 2282 1852 luit,
2333 1801 2438 1855 per
2468 1784 2812 1854 supplicium
2845 1782 3129 1853 passionis
3179 1781 3362 1835 factus
3415 1786 3503 1834 est
3533 1795 3750 1850 suppar
3806 1785 3870 1833 et

2155 1873 2432 1927 inutilior.
2468 1873 2582 1927 Hoc
2633 1888 2772 1942 ergo
2832 1877 3136 1938 excecato,
3173 1869 3493 1924 Bulizlavus
3543 1869 3867 1922 Meseconis

2154 1961 2328 2030 ﬁlius,
2361 1968 2426 2015 ut
2461 1963 2722 2031 superius
2752 1960 2891 2025 dixi,
2949 1976 3051 2030 per
3108 1959 3336 2013 fraudes
3394 1957 3694 2022 flexuosas,
3755 1973 3872 2027 per

2155 2049 2433 2103 versutias
2475 2048 2581 2102 sibi
2611 2064 2837 2118 semper
2865 2046 3256 2117 pedissequas,
3308 2061 3411 2115 per
3440 2045 3870 2115 promissiones

2154 2136 2430 2202 inﬁnitas,
2493 2137 2736 2205 Pragam
2794 2141 2851 2189 et
2901 2139 3080 2189 totam
3132 2134 3421 2187 Bocmiam
3473 2133 3732 2198 invadit;
3799 2149 3872 2185 ac

2154 2225 2407 2279 dominio
2467 2225 2658 2278 taliter
2722 2224 2952 2293 adepto,
3019 2223 3284 2292 turgidus
3339 2237 3443 2290 per
3500 2221 3642 2287 loca,
3688 2223 3867 2289 regio

2154 2313 2422 2368 exercitui
2455 2311 2668 2383 pervia,
2700 2311 2932 2365 castella
2965 2310 3294 2364 ﬁrmissima
3324 2309 3531 2363 munit.

2224 2404 2308 2455 59.
2331 2402 2554 2455 Interea
2577 2402 2688 2455 Rex
2705 2417 2836 2454 cum
2862 2398 3179 2454 Saxonibus
3202 2398 3436 2452 veniens
3466 2413 3568 2468 per
3599 2402 3869 2451 montem

2152 2491 2479 2561 quemdam,
2552 2489 2611 2542 in
2691 2504 2806 2558 quo
2877 2488 2999 2557 jam
3081 2486 3398 2541 Bulizlavus
3474 2485 3872 2540 munitionem

2153 2579 2460 2648 quamdam
2491 2577 2560 2632 ad
2617 2576 3122 2631 contradicendum
3175 2575 3477 2629 introitum
3507 2575 3874 2640 ﬁrmaverat,

2153 2667 2462 2737 praemissis
2509 2667 2570 2720 in
2604 2672 2766 2720 nocte
2799 2664 3249 2729 marchionibus,
3299 2679 3428 2717 cum
3461 2663 3712 2716 maxima
3743 2663 3878 2717 dif-

2153 2755 2402 2808 ficultate
2459 2755 2520 2808 in
2583 2755 2870 2808 Boemiam
2930 2753 3124 2807 intrat.
3175 2752 3348 2822 Cujus
3407 2751 3736 2818 introitum,
3802 2757 3881 2806 ut

2156 2841 2515 2896 Boemienses
2570 2846 2889 2908 senserunt,
2945 2841 3178 2911 quidam
3227 2855 3433 2910 pavore
3480 2839 3654 2910 regiae
3704 2855 3874 2910 prm-

2155 2930 2352 2984 sentiaa
2404 2929 2737 2995 exanimati,
2769 2931 3064 2983 castellum
3123 2944 3306 2982 unum
3351 2944 3482 2982 cum
3530 2928 3878 2998 semetipsis

351 3013 619 3067 omnibus
647 3015 1029 3083 sperantibus,
1053 3020 1292 3082 repente
1326 3013 1384 3065 in
1417 3013 1705 3067 Boemiam
1729 3014 2038 3068 exercitum
2075 3013 2116 3069 C
2157 3018 2297 3087 Regi
2325 3017 2718 3071 reddiderunt.
2745 3017 2889 3071 Illud
2908 3018 3060 3071 illico
3085 3017 3200 3071 Rex
3223 3016 3509 3070 Larameri
3537 3019 3638 3086 (37)
3674 3032 3880 3070 eunu-

351 3103 525 3164 ducit,
591 3117 852 3172 quaerens
903 3101 1190 3170 imprimis
1243 3101 1475 3171 propria
1505 3101 2044 3170 recipere;deinde,

350 3205 458 3261 pro
502 3191 768 3257 vindicta,
828 3190 1012 3242 aliena
1067 3188 1356 3254 invadere,
1399 3204 1515 3241 non
1574 3195 1768 3243 tamen
1818 3191 2048 3260 penitus

351 3281 556 3348 aliena,
587 3297 716 3351 quae
739 3281 902 3351 regni
937 3280 1027 3334 sui
1055 3279 1174 3350 pati
1196 3280 1335 3350 juga
1367 3279 1669 3333 debebant.

422 3371 508 3424 56.
565 3369 906 3423 Interserere
946 3369 1086 3422 libet
1114 3367 1407 3438 quiddam,
1440 3382 1556 3437 quo
1614 3366 1832 3434 audito,
1879 3367 2048 3423 datur

348 3455 594 3528 intelligi
671 3473 802 3510 raro
853 3472 974 3510 esse
1048 3456 1295 3526 culpam,
1357 3470 1531 3524 quam
1587 3448 1703 3508 non
1776 3462 2047 3526 sequatur

347 3546 614 3613 vindicta,
657 3545 768 3599 nisi
821 3543 1218 3616 prazmnnierit
1270 3559 1398 3597 eam
1429 3543 1785 3612 paenitentia.
1827 3543 2045 3599 Mortuo

348 3635 596 3688 Bulizlao
644 3633 888 3700 seniore,
935 3631 1256 3686 Boemiensi
1314 3631 1526 3685 scilicet
1559 3632 1722 3697 duce,
1777 3637 1833 3686 et
1880 3633 2045 3687 istius

349 3721 608 3788 Bulizlai,
667 3721 737 3776 de
784 3737 899 3792 quo
942 3736 1095 3773 nunc
1152 3719 1361 3790 agitur,
1422 3721 1722 3789 avunculo,
1785 3726 1900 3774 tres
1939 3721 2044 3775 lilii

343 3811 676 3882 superstites
723 3809 777 3864 ei
838 3814 1260 3863 remanserunt.
1312 3807 1570 3872 Quorum
1626 3809 2042 3879 primogenitus

344 3898 629 3953 Bulizlaus
660 3899 914 3963 nomine,
939 3897 1148 3966 adepto
1181 3900 1305 3966 post
1329 3901 1550 3966 patrem
1578 3896 1810 3962 ducatu,
1845 3897 2042 3952 crude-

342 3986 454 4041 lius
483 3989 653 4058 ccepit
683 3987 890 4051 vivere,
932 4001 1105 4055 quam
1157 3989 1308 4037 terra
1341 3984 1437 4038 illa
1467 3985 1583 4054 pati
1615 3985 1700 4038 vel
1733 3985 1918 4052 vellet,
1953 3987 2037 4040 vel

341 4080 550 4145 posset.
602 4073 893 4144 Indigenis
923 4072 1099 4142 igitur
1137 4071 1300 4126 illum
1339 4088 1447 4144 pro
1485 4071 1666 4126 nimia
1702 4073 2037 4128 crudelitate

338 4164 754 4225 execrantibus,
812 4163 1014 4214 timere
1084 4160 1257 4230 coepit
1304 4176 1374 4213 ne
1424 4176 1456 4212 a
1509 4161 1750 4213 fratrum
1800 4177 2034 4214 suorum

2154 3106 2281 3172 cho,
2317 3105 2476 3159 fratri
2533 3105 2667 3159 caeci
2723 3105 3012 3166 Bulizlavi,
3061 3120 3231 3175 quem
3282 3120 3473 3158 secum
3509 3103 3769 3158 nativam
3804 3105 3876 3159 in

2155 3199 2364 3247 terram
2412 3209 2517 3263 pro
2557 3195 2773 3262 pietate
2826 3193 3150 3260 reducebat,
3183 3208 3311 3246 cum
3345 3209 3570 3245 summa
3599 3193 3877 3247 benevo-

2153 3281 2327 3334 lentia
2382 3282 2676 3334 concessit.
2731 3281 2964 3346 Deinde,
3019 3281 3127 3334 iter
3157 3296 3324 3334 suum
3359 3279 3724 3349 protelando,
3762 3296 3884 3349 per

2151 3374 2362 3422 terram
2447 3369 2599 3423 illam
2679 3368 3062 3439 progreditur,
3151 3374 3485 3438 exspectans
3561 3367 3878 3437 Bavarios,

2150 3457 2360 3526 quibus
2392 3473 2507 3511 non
2538 3457 2712 3523 idem,
2746 3457 2846 3528 qui
2887 3462 2943 3510 et
2971 3456 3286 3511 Saxonibus
3318 3455 3377 3508 in
3413 3455 3699 3509 Bocmiam
3733 3463 3879 3511 erat

2152 3545 2448 3599 introitus.

2220 3635 2306 3688 60.
2349 3633 2455 3688 Sed
2511 3648 2639 3687 cum
2697 3632 2780 3686 illi
2839 3633 3146 3686 adventum
3203 3648 3370 3686 suum
3422 3631 3872 3703 protraherent,

2147 3719 2266 3775 Red
2297 3721 2366 3776 ad
2422 3722 2730 3792 quamdam
2783 3721 3096 3790 civitatem,
3143 3737 3272 3790 quae
3325 3721 3507 3776 Satiza
3539 3721 3647 3791 (38)
3679 3736 3873 3776 voca-

2147 3813 2270 3874 tur;
2309 3825 2438 3862 cum
2463 3808 2782 3863 Saxonibus
2806 3814 3030 3863 tantum
3079 3809 3356 3879 pervenit.
3389 3810 3561 3878 Cujus
3591 3811 3885 3879 potentia

2147 3895 2284 3964 visa,
2337 3896 2486 3950 cives
2543 3912 2658 3950 non
2704 3897 3072 3951 mediocriter
3097 3897 3422 3965 turbantur,
3469 3904 3525 3952 et
3554 3898 3756 3952 statim
3782 3900 3873 3954 de

2145 3999 2283 4053 pace
2314 3985 2622 4053 quaerenda
2668 4000 2732 4037 ac
2787 3984 2955 4054 Regis
2997 3985 3184 4055 gratia
3231 3985 3596 4053 impetranda
3661 3987 3882 4040 medi-

2144 4075 2364 4124 tantur:
2398 4076 2591 4140 portas
2622 4071 2776 4125 illico
2806 4071 3051 4126 civitatis
3078 4074 3368 4142 aperiunt,
3401 4078 3456 4127 et
3507 4074 3872 4129 conditione

2142 4159 2524 4229 adipiscendae
2557 4161 2758 4228 gratiae
2781 4161 3057 4216 intersita.
3093 4163 3358 4228 Polonos,
3423 4178 3568 4232 quos
3599 4162 3878 4219 Bulizla-

341 4251 555 4322 aliquo,
593 4246 974 4317 Pragensibus
1027 4247 1083 4300 id
1123 4247 1552 4317 instigantibus,
1610 4247 2022 4300 extruderetur.
2059 4288 2102 4342 Β
2139 4262 2243 4300 vus
2272 4247 2352 4300 eis
2391 4247 2458 4301 ad
2513 4249 2816 4303 tuitionem
2848 4248 3106 4318 ejusdem
3139 4250 3246 4302 loci
3279 4249 3568 4318 adjecerat
3600 4251 3878 4320 ejiciunt

339 4340 415 4393 Ex
448 4341 596 4393 mala
655 4351 790 4406 ergo
841 4335 1188 4390 conscientia
1241 4342 1516 4405 concepta
1568 4334 1837 4406 suspicio,
1864 4337 2025 4390 insti-

339 4428 494 4498 gavit
518 4441 650 4480 eum
699 4423 764 4477 ad
823 4424 1005 4477 scelus
1041 4424 1535 4490 nefandissimum,
1564 4423 1827 4494 perduxit
1855 4424 2026 4478 etiam

335 4517 405 4569 ad
437 4515 654 4569 facinus
683 4514 1083 4567 execrandum.
1120 4513 1260 4567 Nam
1287 4512 1528 4566 fratrum
1579 4528 1813 4566 suorum
1847 4528 2024 4566 unum

336 4600 755 4667 eunuchizavit,
787 4603 1030 4654 alterum
1071 4602 1130 4654 in
1179 4600 1416 4654 thermis
1446 4599 1727 4653 suffocare
1763 4600 2022 4653 tentavit.

334 4696 408 4746 At
429 4690 535 4758 illi,
578 4705 726 4743 unus
751 4689 1068 4754 eunuchus,
1101 4689 1243 4740 alter
1270 4687 1578 4740 semivivus
1616 4687 1676 4740 in
1710 4687 2021 4755 Bavariam,

332 4794 365 4832 a
388 4783 628 4847 paterna
657 4775 972 4830 hereditate
993 4775 1227 4841 exclusi,
1258 4775 1551 4844 fugerunt.

399 4869 486 4919 5'7.
518 4865 637 4918 Rex
689 4862 988 4916 Heinricus
1026 4862 1134 4915 hac
1171 4861 1468 4932 impietate
1517 4867 1857 4927 commotus,
1894 4863 2021 4917 Bla-

325 4952 600 5019 demario,
633 4952 702 5006 de
734 4968 848 5022 quo
874 4950 993 5020 jam
1026 4949 1293 5013 diximus,
1324 4951 1595 5004 ducatum
1626 4951 2019 5005 Boemiensem

327 5041 502 5097 dedit.
560 5041 665 5094 Illo
722 5045 974 5105 mortuo,
1007 5039 1350 5104 Bulizlavus,
1409 5040 1674 5092 Bulizlavi
1705 5040 1878 5105 titius,
1914 5040 2021 5093 Bu-

319 5131 522 5185 lizlavo
566 5127 872 5184 Meseconis
919 5127 1038 5181 filio
1082 5127 1144 5181 in
1200 5128 1528 5182 societatem
1577 5128 2017 5198 conspirationis

318 5219 552 5285 adscito,
611 5217 881 5271 ducatum
936 5221 1134 5269 contra
1191 5215 1362 5286 Regis
1417 5201 1764 5270 voluntatem
1820 5223 2016 5270 tenere

312 5305 584 5357 tentabat.
613 5303 765 5356 Inter
800 5303 928 5356 illos
961 5317 1098 5372 ergo
1129 5302 1273 5356 duos
1325 5303 1640 5358 Bulizlavos
1673 5304 1738 5357 tit
1765 5303 2015 5356 amicitia

317 5393 464 5457 ficta,
521 5393 586 5445 iit
633 5391 872 5444 societas
919 5389 1173 5444 subdola.
1234 5389 1396 5460 Saepe
1426 5391 1569 5445 alter
1596 5390 1665 5443 ab
1716 5390 1895 5444 altero
1923 5391 2009 5444 in-

318 5501 421 5561 set,
465 5501 695 5568 montem
722 5497 937 5550 celerem
985 5495 1184 5567 accipi,
1216 5512 1324 5568 pro
1376 5502 1570 5551 monte
1625 5512 1798 5566 quem
1842 5496 2012 5553 hodie

317 5569 372 5621 S.
407 5566 634 5623 Gotardi
666 5568 978 5638 appellant.

2141 4341 2197 4388 et
2247 4335 2524 4405 ejiciendo
2556 4338 2830 4406 quosdam
2891 4341 3282 4392 membrorum
3343 4339 3691 4392 abscissione
3744 4342 3875 4395 de-

2138 4427 2401 4492 turpant;
2444 4424 2718 4494 quosdam
2781 4425 2852 4478 ab
2909 4425 3045 4478 locis
3093 4426 3384 4480 altissimis
3434 4427 3873 4496 prmcipitant;

2137 4511 2415 4581 quosdam
2447 4511 2620 4567 etiam
2654 4513 3016 4578 interimunt,
3045 4519 3109 4567 ut
3157 4519 3214 4567 et
3243 4514 3486 4582 injurias
3515 4514 3586 4567 ab
3615 4515 3701 4568 eis
3733 4518 3874 4574 sibi

2135 4599 2321 4652 illatas
2346 4600 2710 4666 ulciscantur,
2743 4607 2799 4654 et
2858 4601 3061 4654 honori
3095 4602 3249 4671 regio
3271 4618 3375 4672 per
3422 4603 3618 4656 omnia
3675 4610 3762 4657 sat
3780 4607 3879 4660 is-

2133 4687 2358 4743 faciant.
2439 4689 2690 4743 Tandem
2738 4690 2910 4759 hujus
2982 4691 3334 4745 crudelitatis
3401 4691 3586 4744 fervor
3665 4693 3878 4764 Regis

2133 4776 2393 4830 animum
2424 4778 2684 4847 perculit,
2733 4782 2789 4831 et
2832 4777 2903 4831 ad
2936 4778 3404 4832 contradicendas
3434 4779 3720 4848 ejusmodi
3762 4782 3880 4837 in-

2131 4864 2318 4917 sanias
2367 4864 2538 4918 insita
2597 4865 2782 4934 pietas
2832 4865 3150 4920 inclinavit.
3201 4866 3321 4920 Jam
3351 4866 3461 4918 vivi
3520 4866 3875 4937 ducuntur,

2132 4957 2186 5006 et
2225 4953 2346 5023 regi
2402 4954 2803 5022 repraesentati
2862 4953 2920 5006 in
2972 4954 3242 5008 Ecclesia.
3298 4956 3431 5008 Post
3486 4956 3606 5008 haec
3637 4956 3880 5014 civitas

2128 5044 2246 5094 tota
2295 5058 2351 5094 sc
2384 5041 2525 5112 Regi
2574 5041 2848 5097 reddidit.
2885 5042 2954 5095 Et
3013 5059 3126 5113 qua
3155 5042 3372 5111 debuit,
3403 5042 3539 5096 fidei
3595 5048 3880 5114 promis-

2128 5128 2286 5182 sione
2318 5145 2422 5198 per
2450 5135 2823 5197 sacramenta,
2858 5145 2962 5198 per
3003 5131 3230 5184 obsides
3282 5131 3575 5202 obligavit.
3609 5132 3879 5193 Interea

2126 5215 2280 5270 fama
2331 5217 2548 5281 volitat,
2600 5218 2948 5271 Bulizlavum
3008 5234 3040 5272 a
3093 5219 3473 5289 Pragensibus
3530 5223 3876 5292 conspira-

2123 5305 2296 5358 tionis
2346 5304 2571 5359 vinculo
2622 5306 2906 5375 colligatis
2962 5306 3397 5377 interemptum,
3460 5313 3512 5361 et
3566 5315 3877 5379 quamvis

2123 5393 2388 5458 mendax,
2425 5393 2620 5447 fideles
2650 5398 2843 5447 tamen
2877 5395 3146 5449 Bulizlavi
3190 5397 3511 5452 exterritat.

2218 5499 2307 5569 37)
2337 5501 2626 5554 Jaremz'ro.

2220 5572 2309 5635 38)
2352 5569 2526 5624 Ilodie
2556 5571 2698 5626 Saaz
2727 5569 3026 5626 Leibnitio.
