3940 6368
86 390 161 440 ltiti
1722 391 1783 444 Α(

3464 395 3565 447 110

872 652 1000 723 AD
1081 650 1659 735 SEQUENTEM
1738 651 2037 723 VITAM
2114 652 2773 728 PR/EMONITIO.

142 802 301 866 Quod
322 804 445 868 jam
476 818 585 875 non
639 803 797 855 semel
827 805 886 855 in
938 805 1327 875 commentario
1355 803 1693 875 observatum
1743 808 1842 869 est,
1870 804 1942 875 id
1980 804 2066 857 hic
2110 804 2281 858 denuo
2315 806 2567 858 lectorum
2597 806 2763 859 oculis
2811 807 3231 874 subjiciendum,
3296 808 3563 875 videlicet,

86 888 175 923 non
220 875 403 925 Vitam
433 874 503 925 ab
534 888 798 940 anonymo
833 875 918 926 hic
956 874 1102 939 dari,
1137 888 1229 926 seu
1258 875 1572 927 historicam
1600 874 1653 927 S.
1710 874 1935 928 Henrici
1966 879 2233 939 gestorum
2276 878 2664 941 narrationem,
2696 876 2790 929 sed
2834 892 3036 930 meram
3067 894 3249 930 rerum
3288 874 3571 933 variarum

88 943 151 994 ad
181 944 297 1010 ejus
346 946 697 997 sanctitatem
736 948 785 996 et
816 946 872 996 in
911 946 1155 998 ecclesias
1184 946 1604 1012 muniﬁcentiam
1652 948 2012 1015 spectantium
2063 946 2513 1012 compilationem,
2562 962 2722 1015 quam
2760 962 2960 1015 parum
3009 948 3299 1002 admodum
3347 951 3568 1004 ordina-

90 1020 191 1087 tum
220 1015 636 1087 dicer-emerito
660 1016 1003 1087 possis,cum
1046 1016 1205 1087 varia
1238 1015 1366 1068 locis
1396 1029 1499 1087 non
1545 1018 1659 1087 suis
1690 1014 1965 1087 corr-adat,
2017 1016 2416 1083 immisceatque
2475 1014 2795 1084 diplomata,
2841 1016 2940 1070 diu
2968 1024 3093 1087 post
3133 1019 3322 1073 Sancti
3368 1020 3574 1073 obitum

90 1100 121 1158 u_
162 1085 513 1151 Pontiﬁcibus
558 1085 819 1158 Clemente
866 1086 916 1137 ll
958 1100 1042 1158 _ac
1092 1086 1260 1158 Leone
1337 1086 1413 1138 IX
1459 1091 1508 1137 et
1564 1085 1632 1138 ab
1683 1084 1928 1158 Henrico
1986 1086 2065 1138 111
2108 1086 2315 1141 Οωεανθ
2364 1086 2847 1153 Bambergensibus
2911 1084 3174 1152 concessa,
3248 1104 3367 1157 quae
3423 1090 3575 1158 apud

92 1155 390 1208 Gretserum
421 1158 609 1222 capita
656 1156 737 1213 l6.
778 1158 862 1228 t7,
917 1156 982 1207 l8
1011 1159 1062 1207 et
1103 1156 1166 1208 19
1208 1160 1557 1228 occupant,ga
1600 1157 1753 1209 nobis
1781 1171 1924 1220 vero,
1956 1160 2017 1208 ut
2044 1171 2217 1224 supra
2248 1158 2411 1208 etiam
2464 1159 2787 1228 monuimus,
2836 1159 2896 1211 in
2944 1155 3315 1227 Appendicein
3371 1155 3573 1228 rejecta

88 1230 223 1289 sunt,
266 1229 453 1293 utpote
474 1240 655 1277 rerum
690 1226 1129 1292 qualemcumque
1167 1227 1358 1279 seriem
1396 1226 1694 1280 turbantia.
1751 1228 1860 1281 Nec
1909 1228 2095 1279 minus
2140 1228 2320 1294 inepte
2360 1227 2629 1294 capitibus
2659 1228 2728 1280 24
2756 1233 2807 1281 et
2852 1230 2921 1281 25
2960 1226 3186 1283 intrasse
3230 1234 3357 1284 sunt
3409 1226 3574 1284 Bene-

87 1295 211 1347 dicti
262 1297 327 1348 P.
388 1296 513 1349 Vill
565 1297 778 1355 litterae,
833 1301 945 1349 tum
992 1296 1079 1367 ad,
1115 1296 1371 1350 Sanctum
1410 1296 1475 1349 de
1516 1298 1856 1365 episcopatus
1908 1299 2330 1363 conﬁrmatione,
2394 1301 2517 1367 tum,
2562 1297 2636 1350 ad
2692 1298 3051 1352 Ebcrardum.
3118 1302 3357 1367 primum
3412 1303 3574 1355 istius

85 1367 303 1419 ecclesia:
347 1367 674 1429 antistitem,
727 1381 953 1433 quorum
999 1366 1188 1419 saltem
1228 1368 1441 1434 primas
1492 1372 1553 1419 ut
1594 1368 1878 1420 minimum
1927 1371 2048 1434 post
2084 1372 2246 1435 caput
2278 1369 2358 1437 715
2415 1366 2702 1421 collocatas
2749 1372 3003 1437 oportuit.
3058 1366 3138 1425 Ne
3195 1371 3368 1435 igitur
3406 1376 3456 1424 et
3512 1386 3572 1424 ea

87 1438 718 1561 instrugieentaﬂlftprem
745 1438 1014 1489 remorari
1040 1439 1269 1505 possint,
1300 1438 1423 1505 ipsa
1451 1439 1633 1505 primo
1660 1437 1769 1491 loco
1803 1439 1862 1490 in
1893 1437 2039 1490 dicta
2076 1436 2371 1506 appendice
2408 1439 2722 1506 referemus,
2752 1445 2944 1493 caetera
2979 1454 3101 1493 vero
3130 1442 3340 1494 intacta
3390 1440 3575 1495 trade-

87 1520 212 1559 mus.
317 1522 427 1561 ουρ
551 1522 571 1558 z
600 1521 739 1561 aaue

87 1520 212 1559 mus.
245 1520 526 1574 sequatur
551 1520 739 1573 itaque

995 1772 1135 1895 S.
1268 1772 2077 1895 HENBICI
2202 1774 2655 1896 VITA

1469 1955 1791 2010 AUCTORE
1841 1955 2182 2010 ANONYMO

858 2077 1024 2132 Edita
1073 2078 1131 2131 in
1186 2078 1378 2144 Surio,
1435 2093 1502 2131 ea:
1552 2076 1737 2130 Jacobi
1793 2075 2031 2130 Gretseri
2086 2077 2236 2130 DIVIS
2295 2078 2794 2131 BAueeaGENsleus.

649 2299 876 2355 CAPUT
909 2298 1205 2354 PRIMUM.
1803 2299 1849 2351 A
1887 2297 2005 2351 lare
2039 2313 2050 2351 :
2111 2298 2341 2352 Intuere
2380 2298 2685 2367 diligenter
2722 2300 2941 2355 litteras
2979 2301 3040 2356 in
3097 2318 3283 2366 muro,
3338 2304 3436 2376 qui
3492 2308 3576 2358 est

85 2412 115 2463 S
148 2409 376 2463 Henrici
428 2409 488 2459 in
541 2408 834 2475 imperium
879 2409 1159 2468 successio,
1209 2405 1545 2474 Wolffgangi
1598 2420 1771 2472 appa-

141 2483 291 2545 ritio,
330 2480 491 2531 muni
517 2480 733 2545 ﬁcentia
768 2480 825 2530 iu
875 2478 1147 2542 ecclesias,
1175 2478 1405 2530 victoria
1436 2476 1502 2529 de
1539 2476 1769 2538 Sclavis,

143 2558 190 2604 et
215 2553 563 2604 restauratio
591 2551 930 2617 episcopatus
954 2548 1427 2613 Merseburgensis.

147 2658 391 2709 l.Anno
425 2653 499 2707 ab
530 2653 924 2707 lncarnatione
959 2650 1189 2706 Domini
1227 2651 1532 2705 millesimo
1584 2650 1772 2720 primo

86 2744 180 2813 {39)
199 2743 272 2797 ab
303 2742 459 2797 Urbe
484 2747 675 2795 autem
697 2740 921 2795 condita
945 2740 1248 2794 millesimo
1265 2739 1771 2809 septingentesimo

84 2830 570 2901 quinquagesimo
603 2829 893 2883 secundo:
940 2829 1146 2883 Ottone
1204 2845 1382 2899 puero
1430 2829 1627 2882 Romae
1683 2828 1773 2881 de-

82 2920 287 2984 functo,
331 2922 567 2972 vacante
598 2916 760 2985 regni
790 2915 954 2983 solio,
989 2932 1118 2970 cum
1149 2915 1216 2969 de
1257 2916 1516 2985 principe
1574 2915 1772 2969 subro-

84 3006 262 3075 gando
296 3010 604 3077 ageretur;
640 3005 899 3058 omnium
938 3009 1086 3067 vota,
1126 3009 1273 3057 nutu
1299 3003 1516 3070 divino,
1543 3003 1609 3057 ad
1642 3019 1774 3056 eum

82 3096 458 3159 inclinantur,
488 3093 590 3164 qui
620 3098 756 3146 tunc
775 3093 834 3146 in
864 3108 1043 3163 regno
1074 3092 1392 3146 habebatur
1420 3091 1771 3161 potissimus.

84 3184 197 3236 Fuit
217 3198 483 3252 namque
514 3196 617 3250 per
645 3181 793 3235 idem
820 3185 1045 3250 tempus
1085 3180 1203 3233 Dux
1239 3180 1605 3232 Bavariorum
1640 3180 1777 3233 Hen-

83 3270 241 3334 ricus,
273 3275 400 3323 tam
425 3269 679 3322 bonitate
710 3283 881 3338 quam
904 3267 1197 3321 nobilitate
1225 3266 1381 3335 regia
1408 3267 1773 3336 conspicuus,

83 3366 132 3411 et
160 3358 439 3412 universa
492 3371 717 3409 morum
761 3356 1058 3409 honestate
1113 3356 1440 3424 praeclarus.
1502 3355 1601 3408 Hic
1658 3354 1775 3408 ini-

83 3447 216 3500 tium
282 3446 592 3516 sapientia:
649 3444 917 3498 timorem
978 3443 1205 3498 Domini
1258 3443 1506 3513 pleniter
1552 3448 1777 3497 secutus

82 3540 202 3589 est:
252 3534 363 3606 qui
392 3540 514 3587 erat
563 3533 721 3587 omni
749 3534 1075 3586 .litterarum
1137 3532 1327 3586 studio
1387 3532 1778 3603 principaliter

84 3624 355 3689 imbutus,
383 3626 543 3676 totus
587 3637 721 3675 sane
752 3621 860 3675 ﬁde
890 3626 947 3674 et
975 3626 1103 3674 actu
1126 3621 1469 3675 Catholicus.
1505 3621 1603 3673 Hic
1638 3635 1775 3689 ergo

83 3711 146 3765 ab
174 3711 455 3765 omnibus
486 3709 611 3780 pari
641 3714 771 3762 voto
804 3710 913 3779 (40)
946 3714 1004 3762 et
1034 3709 1325 3763 communi
1374 3724 1651 3761 consensu
1685 3724 1773 3760 ac-

80 3799 339 3865 cersitur,
402 3797 595 3853 divina
643 3796 844 3866 utique
912 3796 1253 3866 disponente
1309 3795 1658 3849 clementia:
1712 3799 1778 3849 ut

83 3904 179 3956 per
206 3888 553 3957 temporalis
594 3886 760 3955 regni
800 3885 1117 3955 fastigium,
1149 3885 1220 3938 ad
1277 3886 1502 3938 culmen
1536 3885 1776 3938 caelestis

86 3977 238 4047 regni
276 3975 658 4046 pertingeret.
692 3976 938 4028 Terrena
969 3973 1122 4026 enim
1167 3973 1319 4027 bona
1367 3973 1579 4039 omnia,
1631 3974 1779 4026 sicut

84 4080 181 4117 usu
222 4065 385 4118 malo
416 4063 560 4117 alios
602 4078 635 4114 a
692 4062 871 4115 salute
918 4058 1301 4133 prmpediunt,
1359 4061 1440 4115 ita
1477 4062 1617 4115 alios
1670 4077 1777 4115 usu

82 4154 223 4206 bono
253 4153 327 4207 ad
361 4152 606 4205 salutem
639 4154 997 4219 promovent.

150 4245 199 4293 '2.
235 4240 347 4294 Cui
396 4239 639 4293 necdum
710 4237 945 4292 Cmsaris
982 4238 1069 4290 vel
1113 4236 1476 4308 imperatoris
1531 4237 1778 4307 dignita-

85 4332 191 4381 tem
254 4327 549 4382 obtinenti
600 4326 865 4397 apparuit
912 4325 1236 4381 Ratisbonaa
1289 4324 1678 4396 Wdlifgangus
1719 4325 1780 4378 in

84 4418 303 4471 somnis
337 4415 558 4468 visione
579 4414 678 4468 tali
710 4413 835 4484 (41).
873 4413 1069 4466 Visum
1098 4427 1348 4482 namque
1379 4418 1465 4465 est
1502 4411 1576 4480 ei,
1625 4412 1781 4482 quod

87 4521 327 4559 manens
366 4504 429 4557 in
488 4502 668 4557 sancti
715 4501 1119 4557 Emmerammi
1177 4500 1436 4570 ecclesia,
1487 4501 1783 4555 accederet

86 4594 288 4649 orandi
371 4591 557 4662 gratia
647 4589 718 4644 ad
800 4589 953 4645 beati
1030 4589 1371 4660 Wollfgangi
1434 4590 1778 4659 sepulcrum,

86 4683 141 4735 in
207 4682 417 4737 eadem
473 4678 708 4733 ecclesia
762 4678 982 4733 situm:

85 4773 306 4825 minum
409 4773 784 4839 sanctumque
866 4766 1211 4838 Wolffgangi

1064 4694 1314 4748 eumque
1393 4677 1603 4732 ibidem
1690 4678 1783 4732 do-

1292 4766 1555 4837 precibus
1647 4766 1781 4820 inti-

1882 2386 2045 2455 juxta
2096 2387 2384 2440 tumulum
2455 2403 2669 2456 meum,
2728 2390 2984 2459 scriptas.
3044 2392 3176 2445 Erat
3223 2397 3415 2447 autem
3470 2392 3575 2459 ibi,

1885 2474 2028 2525 sicut
2077 2473 2399 2541 videbatur,
2459 2476 2738 2545 scriptum
2790 2478 3194 2533 solummodo:
3276 2481 3406 2533 Post
3456 2495 3574 2534 sex.

1888 2561 2170 2630 Evigilans
2218 2578 2350 2616 vero
2406 2564 2525 2618 Rex
2584 2565 2858 2619 Henricus
2914 2567 3253 2621 tractatione
3303 2568 3577 2622 diuturna

1885 2665 2076 2702 secum
2134 2651 2396 2717 revolvit,
2450 2652 2797 2721 paucissima
2853 2654 3026 2723 hujus
3072 2655 3310 2707 visionis
3343 2656 3573 2725 scripta.

1885 2738 2151 2805 Inprimis
2200 2753 2337 2808 ergo
2384 2738 2713 2805 arbitratus,
2745 2741 2896 2811 quod
2942 2746 3073 2811 post
3127 2759 3223 2795 sex
3266 2743 3387 2797 dies
3426 2746 3577 2796 esset

1884 2825 2218 2889 moriturus,
2253 2825 2433 2879 multa
2465 2826 2758 2897 dispensat
2789 2829 3160 2900 pauperibus.
3196 2832 3339 2886 Cum
3383 2836 3576 2885 autem

1886 2929 1981 2966 sex
2008 2913 2233 2976 dierum
2265 2930 2542 2968 numerus
2567 2916 2890 2987 praeteriret
2915 2922 2971 2970 et
2998 2917 3140 2971 nihil
3172 2919 3233 2972 in
3291 2935 3349 2973 se
3376 2935 3576 2990 corpo-

1884 3002 1988 3054 rali
2025 3002 2301 3056 molestiae
2335 3003 2588 3070 sentiret,
2621 3005 2842 3075 putavit
2894 3005 2964 3059 ad
2992 3022 3088 3060 sex
3134 3022 3355 3061 menses
3404 3009 3578 3078 perti-

1886 3105 2043 3142 nere.
2070 3091 2374 3144 Transacto
2404 3107 2540 3145 vero
2570 3092 2740 3163 hujus
2770 3094 2999 3147 numeri
3055 3094 3261 3164 spatio,
3316 3095 3577 3167 nihilque

1885 3177 1943 3231 in
1976 3194 2034 3231 se
2064 3178 2414 3232 inﬁrmitatis
2461 3196 2681 3251 passus,
2732 3181 3039 3235 arbitratus
3070 3183 3222 3236 hunc
3269 3198 3578 3236 numerum

1886 3268 1955 3320 ad
1991 3284 2085 3321 sex
2130 3284 2311 3320 annos
2330 3268 2620 3337 pertinere
2650 3286 2661 3322 :
2687 3269 2934 3340 ideoque
2958 3275 3012 3323 et
3034 3286 3163 3341 quae
3187 3287 3383 3341 supra,
3408 3271 3579 3341 cmpit

1886 3355 2109 3409 timere.
2143 3357 2399 3426 Cumque
2434 3373 2528 3409 sex
2557 3373 2837 3411 annorum
2880 3373 3152 3411 numerus
3182 3357 3409 3427 integer
3446 3374 3575 3428 per-

1885 3443 2201 3509 transisset,
2249 3450 2306 3497 et
2364 3444 2594 3514 septimi
2633 3444 2768 3499 anni
2814 3445 2931 3498 dies
2980 3445 3269 3498 revolutus
3308 3446 3574 3512 venisset,

1887 3532 2012 3602 ipso
2044 3532 2135 3586 die
2163 3531 2399 3587 Caesaris
2425 3531 2763 3601 dignitatem
2794 3548 2899 3602 per
2954 3532 3338 3603 Apostolicam
3387 3549 3576 3586 susce-

1885 3620 1965 3691 pit
2050 3619 2525 3673 obsecrationem.
2571 3620 2728 3672 Tunc
2784 3619 3018 3673 tandem
3095 3620 3345 3675 sentiens
3392 3621 3578 3690 qualis

1886 3711 2033 3761 esset
2070 3722 2173 3761 sua
2227 3706 2392 3774 visio,
2444 3707 2655 3777 gratias
2703 3706 2820 3777 agit
2875 3708 2991 3761 Deo
3041 3714 3350 3779 sanctoque
3387 3709 3579 3762 Wolff-

1885 3812 2094 3867 gango,
2128 3795 2228 3866 qui
2258 3795 2366 3849 sibi
2395 3797 2565 3850 talem
2596 3798 2845 3851 revelare
2889 3796 3154 3867 dignatus
3185 3803 3271 3852 est
3320 3796 3579 3851 sublimi-

1886 3890 2084 3939 tatem.

1960 3976 2009 4027 3.
2049 3974 2259 4027 Unctus
2292 3972 2471 4042 igitur
2497 3973 2552 4026 in
2588 3989 2782 4044 regem
2816 3972 3180 4028 beatissimus
3237 3972 3337 4028 Dei
3389 3973 3581 4028 famu-

1887 4061 1995 4127 lus,
2025 4060 2364 4129 temporalia
2414 4062 2576 4131 regni
2605 4078 2721 4115 non
2771 4066 3069 4115 contentus
3113 4062 3413 4131 angustiis,
3474 4078 3580 4132 pro

1888 4148 2256 4218 adipiscenda
2312 4148 2764 4203 immortalitatis
2839 4165 3069 4215 corona,
3129 4166 3357 4203 summo
3438 4150 3584 4219 Regi

1891 4237 1998 4307 (cui
2053 4238 2263 4290 servire
2314 4253 2554 4307 regnare
2616 4238 2718 4307 est)
2773 4238 3017 4291 militare
3073 4237 3372 4308 disposuit,
3423 4253 3580 4291 sum-

1891 4340 2042 4378 mam
2076 4325 2249 4378 etiam
2278 4325 2635 4395 diligentiam
2680 4325 2739 4377 in
2770 4324 3174 4394 ampliﬁcando
3232 4325 3383 4377 cultu
3446 4325 3582 4377 reli-

1890 4412 2078 4483 gionis
2107 4412 2370 4466 adhibuit
2402 4429 2414 4466 :
2458 4413 2723 4466 ecclesias
2773 4412 2954 4466 ditare
2984 4411 3462 4481 possessionibus,
3525 4417 3582 4465 et

1890 4500 2187 4555 immensis
2271 4499 2569 4554 ornatibus
2637 4515 2847 4570 augere
2920 4498 3108 4570 coepit.
3173 4499 3346 4554 Sedes
3392 4504 3581 4553 autem

1892 4589 2265 4660 episcopales,
2324 4586 2714 4641 Hildensheim
2750 4586 2866 4657 (ubi
2902 4604 2935 4640 a
2981 4603 3164 4657 puero
3221 4588 3470 4642 nutritus
3529 4594 3587 4642 et

1892 4679 2111 4733 litteras
2137 4678 2366 4731 edoctus
2396 4677 2544 4745 fuit),
2610 4677 2938 4748 Madeburg.
2980 4678 3377 4748 Argentinam,
3426 4678 3587 4733 Mise-

1893 4782 2028 4821 nam
2086 4771 2146 4820 et
2224 4765 2583 4821 Merseburch
2648 4768 2797 4837 (quae.
2854 4766 3153 4820 barbarica
3230 4767 3588 4821 immanitate

84 4860 192 4912 mis
255 4862 572 4912 conaretur
618 4872 875 4922 exorare,
919 4856 1107 4909 subito
1167 4855 1469 4909 videbatur
1523 4854 1575 4908 ei
1660 4854 1781 4924 ipse
1815 4867 1855 4923 (ι
1896 4854 2281 4922 adjacentium
2302 4854 2628 4908 Sclavornm
2654 4858 2883 4908 vastataa
2923 4853 3171 4919 fuerant(
3201 4856 3317 4925 (42)
3372 4860 3588 4909 restau-

85 4948 324 5001 Sanctus
357 4946 586 5000 adstare
617 4950 676 4999 et
725 4944 1057 5015 hujusmodi
1108 4943 1296 4998 verbis
1351 4944 1539 5014 ipsum
1588 4943 1787 5014 appel-

162 5104 275 5182 (39)
312 5104 482 5157 Errat
504 5101 563 5156 in
596 5100 902 5182 principio,
934 5104 1000 5155 ut
1018 5117 1209 5182 supra.
1231 5100 1365 5182 satis
1386 5104 1649 5155 notatum
1682 5103 1787 5182 est,

94 5171 402 5245 eidemque
450 5171 634 5228 errori
693 5171 922 5238 insistit,
1003 5172 1138 5245 dum
1195 5171 1433 5245 inferius
1481 5186 1641 5237 num,
1667 5172 1787 5245 J2,

101 5245 154 5297 S.
188 5240 415 5300 Henrici
442 5259 663 5298 annum
701 5259 776 5296 vn
808 5243 1094 5297 connectit
1151 5257 1280 5296 cum
1336 5244 1491 5295 100⁸7.
1554 5257 1613 5295 ιιι
1667 5240 1788 5295 Kal.

97 5316 451 5370 Novembris.

167 5388 273 5457 (40)
323 5388 510 5451 Quam
539 5383 758 5457 fuerint
782 5383 997 5457 _patria
1025 5387 1159 5438 vota
1196 5382 1522 5454 Principum
1563 5381 1796 5453 imperii

104 5454 305 5511 melius
336 5459 507 5512 docet
525 5454 891 5509 Adelboldus.

177 5530 282 5599 (11)
313 5530 444 5583 Haec
473 5532 713 5599 accepta
735 5531 867 5579 sunt
895 5542 959 5579 ex
992 5525 1117 5579 Vita
1146 5524 1201 5599 ξ.
1252 5523 1608 5599 Wolij'gangi
1623 5522 1797 5599 gpud

110 5593 334 5654 Surium
387 5601 447 5653 31
487 5593 747 5654 Octobris
799 5612 959 5651 num.
994 5599 1086 5650 39.
1157 5597 1329 5649 Porro
1377 5593 1440 5651 S.
1492 5593 1797 5663 Wolti‘gan-

1896 4943 2061 4997 ravit.
2097 4944 2161 4997 Et
2191 4948 2307 4996 tam
2354 4942 2556 5013 ipsius,
2611 4959 2783 5014 quam
2833 4943 2956 4997 aliis
3005 4944 3429 5014 episcopalibus
3490 4958 3592 5015 per

1899 5114 2037 5168 gum
2086 5099 2140 5153 S.
2221 5098 2444 5153 Henrici
2502 5098 2888 5151 institutorem
2953 5098 3147 5166 fuisse,
3228 5104 3424 5152 auctor
3510 5102 3595 5150 est

1900 5170 2233 5224 Ditmarus:
2288 5170 2477 5225 Nutrit
2542 5171 2865 5237 praeclarum
2939 5170 3316 5238 Wolffgangus
3393 5169 3595 5237 praesul

1900 5242 2197 5307 alumnum,
2232 5245 2337 5293 etc.
2381 5240 2620 5310 Reliqua
2674 5240 2785 5294 huc
2823 5242 3137 5311 spectantia
3189 5240 3247 5293 in
3292 5240 3593 5293 Commen-

1900 5312 2045 5365 tario
2068 5311 2217 5365 dicta
2258 5315 2406 5364 sunt.

1974 5382 2087 5461 (42)
2122 5382 2251 5435 Haec
2291 5381 2564 5461 explicata
2605 5379 3173 5461 oportebat,_si_quid
3199 5378 3388 5461 dicere
3417 5380 3601 5433 voluit

1905 5449 2173 5523 confusus
2221 5449 2511 5523 scrip‘torL
2540 5449 2811 5505 omittens
2838 5450 3260 5505 Paderbornam
3305 5449 3365 5504 in
3425 5466 3599 5523 quam

1906 5522 2194 5594 praecipua
2218 5521 2463 5577 contulit
2490 5521 2747 5577 Sanctus.
