  <div class='ocr_page' id='page_1' title='image "/cluster/home/n/w/nwhite01/storage/ocr_20150623/140/umn.31951002477433x/073.png"; bbox 0 0 3940 6358; ppageno 0'>
   <div class='ocr_carea' id='block_1_1' title="bbox 441 404 533 456">
    <p class='ocr_par' dir='ltr' id='par_1_1' title="bbox 441 404 533 456">
     <span class='ocr_line' id='line_1_1' title="bbox 441 404 533 456; baseline -0.022 0"><span class='ocrx_word' id='word_1_1' title='bbox 441 404 533 456; x_wconf 76' lang='lat' dir='ltr'>lit</span> 
     </span>
    </p>
   </div>
   <div class='ocr_carea' id='block_1_2' title="bbox 1738 392 3919 448">
    <p class='ocr_par' dir='ltr' id='par_1_2' title="bbox 1738 392 3919 448">
     <span class='ocr_line' id='line_1_2' title="bbox 1738 392 3919 448; baseline -0.002 -1"><span class='ocrx_word' id='word_1_2' title='bbox 1738 395 1793 448; x_wconf 93' lang='grc'>8.</span> <span class='ocrx_word' id='word_1_3' title='bbox 1837 392 2118 447; x_wconf 85' lang='lat' dir='ltr'>HENRICI</span> <span class='ocrx_word' id='word_1_4' title='bbox 2163 392 2634 448; x_wconf 78' lang='lat' dir='ltr'>IMPERATORIS</span> <span class='ocrx_word' id='word_1_5' title='bbox 3848 395 3919 443; x_wconf 73' lang='grc' dir='ltr'>Η</span> 
     </span>
    </p>
   </div>
   <div class='ocr_carea' id='block_1_3' title="bbox 435 513 3919 596">
    <p class='ocr_par' dir='ltr' id='par_1_3' title="bbox 435 513 3919 596">
     <span class='ocr_line' id='line_1_3' title="bbox 435 513 3919 596; baseline -0.005 -13"><span class='ocrx_word' id='word_1_6' title='bbox 435 528 768 584; x_wconf 89' lang='lat' dir='ltr'>universum</span> <span class='ocrx_word' id='word_1_7' title='bbox 797 538 1064 596; x_wconf 88' lang='lat' dir='ltr'>regnum,</span> <span class='ocrx_word' id='word_1_8' title='bbox 1089 522 1150 576; x_wconf 90' lang='lat' dir='ltr'>in</span> <span class='ocrx_word' id='word_1_9' title='bbox 1195 519 1649 592; x_wconf 85' lang='lat' dir='ltr'>possessionibus</span> <span class='ocrx_word' id='word_1_10' title='bbox 1697 523 1756 572; x_wconf 90' lang='lat' dir='ltr'>et</span> <span class='ocrx_word' id='word_1_11' title='bbox 1808 517 2126 587; x_wconf 77' lang='lat' dir='ltr'>ornatibus,</span> <span class='ocrx_word' id='word_1_12' title='bbox 2159 520 2206 572; x_wconf 80' lang='grc' dir='ltr'>Α</span> <span class='ocrx_word' id='word_1_13' title='bbox 2244 532 2379 572; x_wconf 87' lang='lat' dir='ltr'>vero</span> <span class='ocrx_word' id='word_1_14' title='bbox 2419 516 2707 588; x_wconf 83' lang='lat' dir='ltr'>principes</span> <span class='ocrx_word' id='word_1_15' title='bbox 2764 513 3018 568; x_wconf 66' lang='lat' dir='ltr'>Poloniaa</span> <span class='ocrx_word' id='word_1_16' title='bbox 3075 518 3131 567; x_wconf 91' lang='lat' dir='ltr'>et</span> <span class='ocrx_word' id='word_1_17' title='bbox 3179 513 3448 579; x_wconf 68' lang='lat' dir='ltr'>Boemiaa,</span> <span class='ocrx_word' id='word_1_18' title='bbox 3503 519 3919 584; x_wconf 78' lang='lat' dir='ltr'>ceterarumth</span> 
     </span>
    </p>
   </div>
   <div class='ocr_carea' id='block_1_4' title="bbox 436 607 2128 672">
    <p class='ocr_par' dir='ltr' id='par_1_4' title="bbox 436 607 2128 672">
     <span class='ocr_line' id='line_1_4' title="bbox 436 607 2128 672; baseline -0.008 0"><span class='ocrx_word' id='word_1_19' title='bbox 436 613 884 672; x_wconf 83' lang='lat' dir='ltr'>innumerabilia</span> <span class='ocrx_word' id='word_1_20' title='bbox 904 611 1149 666; x_wconf 74' lang='lat' dir='ltr'>contulit</span> <span class='ocrx_word' id='word_1_21' title='bbox 1179 607 1764 664; x_wconf 87' lang='lat' dir='ltr'>Hildesheimensibus</span> <span class='ocrx_word' id='word_1_22' title='bbox 1825 622 1961 660; x_wconf 89' lang='lat' dir='ltr'>vero</span> <span class='ocrx_word' id='word_1_23' title='bbox 1998 621 2128 659; x_wconf 90' lang='lat' dir='ltr'>san-</span> 
     </span>
    </p>
   </div>
   <div class='ocr_carea' id='block_1_5' title="bbox 439 693 2128 767">
    <p class='ocr_par' dir='ltr' id='par_1_5' title="bbox 439 693 2128 767">
     <span class='ocr_line' id='line_1_5' title="bbox 439 693 2128 767; baseline -0.008 -8"><span class='ocrx_word' id='word_1_24' title='bbox 439 710 592 759; x_wconf 85' lang='lat' dir='ltr'>ctum</span> <span class='ocrx_word' id='word_1_25' title='bbox 647 700 1036 758; x_wconf 84' lang='lat' dir='ltr'>Gotehardum</span> <span class='ocrx_word' id='word_1_26' title='bbox 1087 699 1197 767; x_wconf 79' lang='lat'>(43)</span> <span class='ocrx_word' id='word_1_27' title='bbox 1257 697 1453 751; x_wconf 89' lang='lat' dir='ltr'>divina</span> <span class='ocrx_word' id='word_1_28' title='bbox 1490 696 1726 751; x_wconf 89' lang='lat' dir='ltr'>edoctus</span> <span class='ocrx_word' id='word_1_29' title='bbox 1780 693 2128 748; x_wconf 90' lang='lat' dir='ltr'>revelatione</span> 
     </span>
    </p>
   </div>
   <div class='ocr_carea' id='block_1_6' title="bbox 436 780 2130 865">
    <p class='ocr_par' dir='ltr' id='par_1_6' title="bbox 436 780 2130 865">
     <span class='ocr_line' id='line_1_6' title="bbox 436 780 2130 865; baseline -0.009 -17"><span class='ocrx_word' id='word_1_30' title='bbox 436 793 711 865; x_wconf 61' lang='lat' dir='ltr'>prefecit.</span> <span class='ocrx_word' id='word_1_31' title='bbox 737 789 880 855; x_wconf 86' lang='lat' dir='ltr'>Quid</span> <span class='ocrx_word' id='word_1_32' title='bbox 904 795 1093 842; x_wconf 90' lang='lat' dir='ltr'>autem</span> <span class='ocrx_word' id='word_1_33' title='bbox 1115 784 1568 856; x_wconf 83' lang='lat' dir='ltr'>Merseburgensi</span> <span class='ocrx_word' id='word_1_34' title='bbox 1587 783 1838 838; x_wconf 67' lang='lat' dir='ltr'>ecclesiae</span> <span class='ocrx_word' id='word_1_35' title='bbox 1865 798 1983 852; x_wconf 63' lang='lat' dir='ltr'>prae</span> <span class='ocrx_word' id='word_1_36' title='bbox 2003 780 2130 835; x_wconf 91' lang='lat' dir='ltr'>aliis</span> 
     </span>
    </p>
   </div>
   <div class='ocr_carea' id='block_1_7' title="bbox 438 870 2131 952">
    <p class='ocr_par' dir='ltr' id='par_1_7' title="bbox 438 870 2131 952">
     <span class='ocr_line' id='line_1_7' title="bbox 438 870 2131 952; baseline -0.008 -17"><span class='ocrx_word' id='word_1_37' title='bbox 438 879 779 952; x_wconf 79' lang='lat' dir='ltr'>specialibus</span> <span class='ocrx_word' id='word_1_38' title='bbox 804 875 1108 931; x_wconf 84' lang='lat' dir='ltr'>contulerit</span> <span class='ocrx_word' id='word_1_39' title='bbox 1143 875 1467 928; x_wconf 83' lang='lat' dir='ltr'>futurorum</span> <span class='ocrx_word' id='word_1_40' title='bbox 1492 870 1752 925; x_wconf 79' lang='lat' dir='ltr'>charitati</span> <span class='ocrx_word' id='word_1_41' title='bbox 1780 871 2042 923; x_wconf 89' lang='lat' dir='ltr'>volumus</span> <span class='ocrx_word' id='word_1_42' title='bbox 2062 883 2131 922; x_wconf 92' lang='lat' dir='ltr'>ex</span> 
     </span>
    </p>
   </div>
   <div class='ocr_carea' id='block_1_8' title="bbox 436 956 2129 1041">
    <p class='ocr_par' dir='ltr' id='par_1_8' title="bbox 436 956 2129 1041">
     <span class='ocr_line' id='line_1_8' title="bbox 436 956 2129 1041; baseline -0.008 -18"><span class='ocrx_word' id='word_1_43' title='bbox 436 973 599 1041; x_wconf 88' lang='lat' dir='ltr'>parte</span> <span class='ocrx_word' id='word_1_44' title='bbox 625 965 938 1022; x_wconf 83' lang='lat' dir='ltr'>notiﬁcare.</span> <span class='ocrx_word' id='word_1_45' title='bbox 1001 965 1133 1019; x_wconf 69' lang='lat' dir='ltr'>Ha=.c</span> <span class='ocrx_word' id='word_1_46' title='bbox 1163 961 1316 1016; x_wconf 90' lang='lat' dir='ltr'>enim</span> <span class='ocrx_word' id='word_1_47' title='bbox 1351 959 1584 1016; x_wconf 84' lang='lat' dir='ltr'>ecclesia</span> <span class='ocrx_word' id='word_1_48' title='bbox 1622 964 1882 1029; x_wconf 87' lang='lat' dir='ltr'>tempore</span> <span class='ocrx_word' id='word_1_49' title='bbox 1939 956 2129 1027; x_wconf 80' lang='lat' dir='ltr'>Magni</span> 
     </span>
    </p>
   </div>
   <div class='ocr_carea' id='block_1_9' title="bbox 439 1045 2128 1121">
    <p class='ocr_par' dir='ltr' id='par_1_9' title="bbox 439 1045 2128 1121">
     <span class='ocr_line' id='line_1_9' title="bbox 439 1045 2128 1121; baseline -0.008 -10"><span class='ocrx_word' id='word_1_50' title='bbox 439 1053 871 1120; x_wconf 90' lang='lat' dir='ltr'>Ottonis,illius,</span> <span class='ocrx_word' id='word_1_51' title='bbox 889 1051 1148 1121; x_wconf 91' lang='lat' dir='ltr'>inquam,</span> <span class='ocrx_word' id='word_1_52' title='bbox 1173 1048 1271 1120; x_wconf 88' lang='lat' dir='ltr'>qui</span> <span class='ocrx_word' id='word_1_53' title='bbox 1296 1048 1360 1102; x_wconf 91' lang='lat' dir='ltr'>ad</span> <span class='ocrx_word' id='word_1_54' title='bbox 1385 1049 1592 1118; x_wconf 86' lang='lat' dir='ltr'>Lycum</span> <span class='ocrx_word' id='word_1_55' title='bbox 1616 1045 1853 1100; x_wconf 88' lang='lat' dir='ltr'>ﬂuvium</span> <span class='ocrx_word' id='word_1_56' title='bbox 1879 1045 1982 1098; x_wconf 89' lang='lat' dir='ltr'>sub</span> <span class='ocrx_word' id='word_1_57' title='bbox 1995 1059 2128 1098; x_wconf 89' lang='lat' dir='ltr'>san-</span> 
     </span>
    </p>
   </div>
   <div class='ocr_carea' id='block_1_10' title="bbox 436 1130 2131 1204">
    <p class='ocr_par' dir='ltr' id='par_1_10' title="bbox 436 1130 2131 1204">
     <span class='ocr_line' id='line_1_10' title="bbox 436 1130 2131 1204; baseline -0.009 -8"><span class='ocrx_word' id='word_1_58' title='bbox 436 1147 526 1196; x_wconf 92' lang='lat' dir='ltr'>cto</span> <span class='ocrx_word' id='word_1_59' title='bbox 558 1140 818 1195; x_wconf 90' lang='lat' dir='ltr'>Uldarico</span> <span class='ocrx_word' id='word_1_60' title='bbox 846 1137 1171 1192; x_wconf 90' lang='lat' dir='ltr'>confessore</span> <span class='ocrx_word' id='word_1_61' title='bbox 1219 1136 1479 1204; x_wconf 90' lang='lat' dir='ltr'>Ungaros</span> <span class='ocrx_word' id='word_1_62' title='bbox 1535 1133 1648 1203; x_wconf 83' lang='lat'>(44)</span> <span class='ocrx_word' id='word_1_63' title='bbox 1700 1130 2027 1202; x_wconf 79' lang='lat' dir='ltr'>prostravit,</span> <span class='ocrx_word' id='word_1_64' title='bbox 2073 1133 2131 1182; x_wconf 94' lang='lat' dir='ltr'>et</span> 
     </span>
    </p>
   </div>
   <div class='ocr_carea' id='block_1_11' title="bbox 437 1218 2125 1300">
    <p class='ocr_par' dir='ltr' id='par_1_11' title="bbox 437 1218 2125 1300">
     <span class='ocr_line' id='line_1_11' title="bbox 437 1218 2125 1300; baseline -0.009 -16"><span class='ocrx_word' id='word_1_65' title='bbox 437 1246 600 1300; x_wconf 89' lang='lat' dir='ltr'>reges</span> <span class='ocrx_word' id='word_1_66' title='bbox 629 1243 851 1290; x_wconf 92' lang='lat' dir='ltr'>eorum,</span> <span class='ocrx_word' id='word_1_67' title='bbox 887 1225 1122 1280; x_wconf 65' lang='lat' dir='ltr'>Laelium</span> <span class='ocrx_word' id='word_1_68' title='bbox 1154 1223 1417 1277; x_wconf 85' lang='lat' dir='ltr'>videlicet</span> <span class='ocrx_word' id='word_1_69' title='bbox 1451 1224 1507 1275; x_wconf 93' lang='lat' dir='ltr'>et</span> <span class='ocrx_word' id='word_1_70' title='bbox 1559 1223 1736 1275; x_wconf 75' lang='lat' dir='ltr'>Assur</span> <span class='ocrx_word' id='word_1_71' title='bbox 1780 1218 2125 1283; x_wconf 67' lang='lat' dir='ltr'>Ratisbonze,</span> 
     </span>
    </p>
   </div>
   <div class='ocr_carea' id='block_1_12' title="bbox 435 1306 2126 1388">
    <p class='ocr_par' dir='ltr' id='par_1_12' title="bbox 435 1306 2126 1388">
     <span class='ocr_line' id='line_1_12' title="bbox 435 1306 2126 1388; baseline -0.008 -17"><span class='ocrx_word' id='word_1_72' title='bbox 435 1317 794 1388; x_wconf 89' lang='lat' dir='ltr'>principibus</span> <span class='ocrx_word' id='word_1_73' title='bbox 820 1316 927 1368; x_wconf 89' lang='lat' dir='ltr'>hoc</span> <span class='ocrx_word' id='word_1_74' title='bbox 954 1312 1080 1366; x_wconf 81' lang='lat' dir='ltr'>ﬁeri</span> <span class='ocrx_word' id='word_1_75' title='bbox 1112 1309 1594 1381; x_wconf 90' lang='lat' dir='ltr'>adjudicantibus,</span> <span class='ocrx_word' id='word_1_76' title='bbox 1627 1307 1689 1361; x_wconf 91' lang='lat' dir='ltr'>in</span> <span class='ocrx_word' id='word_1_77' title='bbox 1722 1306 1981 1376; x_wconf 89' lang='lat' dir='ltr'>patibulo</span> <span class='ocrx_word' id='word_1_78' title='bbox 2023 1321 2126 1358; x_wconf 91' lang='lat' dir='ltr'>su-</span> 
     </span>
    </p>
   </div>
   <div class='ocr_carea' id='block_1_13' title="bbox 435 1393 2128 1475">
    <p class='ocr_par' dir='ltr' id='par_1_13' title="bbox 435 1393 2128 1475">
     <span class='ocr_line' id='line_1_13' title="bbox 435 1393 2128 1475; baseline -0.008 -15"><span class='ocrx_word' id='word_1_79' title='bbox 435 1405 683 1475; x_wconf 85' lang='lat' dir='ltr'>spendit,</span> <span class='ocrx_word' id='word_1_80' title='bbox 717 1401 960 1456; x_wconf 88' lang='lat' dir='ltr'>assiduis</span> <span class='ocrx_word' id='word_1_81' title='bbox 985 1398 1410 1453; x_wconf 85' lang='lat' dir='ltr'>incursionibus</span> <span class='ocrx_word' id='word_1_82' title='bbox 1459 1402 1516 1451; x_wconf 89' lang='lat' dir='ltr'>et</span> <span class='ocrx_word' id='word_1_83' title='bbox 1566 1395 1759 1450; x_wconf 88' lang='lat' dir='ltr'>hostili</span> <span class='ocrx_word' id='word_1_84' title='bbox 1813 1393 2128 1448; x_wconf 80' lang='lat' dir='ltr'>vastatione</span> 
     </span>
    </p>
   </div>
   <div class='ocr_carea' id='block_1_14' title="bbox 436 1485 1550 1556">
    <p class='ocr_par' dir='ltr' id='par_1_14' title="bbox 436 1485 1550 1556">
     <span class='ocr_line' id='line_1_14' title="bbox 436 1485 1550 1556; baseline -0.007 -10"><span class='ocrx_word' id='word_1_85' title='bbox 436 1492 788 1556; x_wconf 89' lang='lat' dir='ltr'>Sclavorum,</span> <span class='ocrx_word' id='word_1_86' title='bbox 821 1489 889 1542; x_wconf 91' lang='lat' dir='ltr'>ad</span> <span class='ocrx_word' id='word_1_87' title='bbox 918 1487 1163 1541; x_wconf 85' lang='lat' dir='ltr'>nihilum</span> <span class='ocrx_word' id='word_1_88' title='bbox 1196 1485 1422 1539; x_wconf 89' lang='lat' dir='ltr'>redacta</span> <span class='ocrx_word' id='word_1_89' title='bbox 1447 1487 1550 1538; x_wconf 89' lang='lat' dir='ltr'>est.</span> 
     </span>
    </p>
   </div>
   <div class='ocr_carea' id='block_1_15' title="bbox 506 1569 2128 1648">
    <p class='ocr_par' dir='ltr' id='par_1_15' title="bbox 506 1569 2128 1648">
     <span class='ocr_line' id='line_1_15' title="bbox 506 1569 2128 1648; baseline -0.007 -15"><span class='ocrx_word' id='word_1_90' title='bbox 506 1581 560 1634; x_wconf 90' lang='lat'>4.</span> <span class='ocrx_word' id='word_1_91' title='bbox 621 1580 685 1633; x_wconf 85' lang='lat' dir='ltr'>Et</span> <span class='ocrx_word' id='word_1_92' title='bbox 730 1577 868 1648; x_wconf 84' lang='lat' dir='ltr'>quia</span> <span class='ocrx_word' id='word_1_93' title='bbox 923 1574 1213 1628; x_wconf 89' lang='lat' dir='ltr'>violentiis</span> <span class='ocrx_word' id='word_1_94' title='bbox 1264 1573 1580 1626; x_wconf 89' lang='lat' dir='ltr'>vicinarum</span> <span class='ocrx_word' id='word_1_95' title='bbox 1648 1569 1948 1624; x_wconf 87' lang='lat' dir='ltr'>nationum</span> <span class='ocrx_word' id='word_1_96' title='bbox 2011 1583 2128 1622; x_wconf 92' lang='lat' dir='ltr'>non</span> 
     </span>
    </p>
   </div>
   <div class='ocr_carea' id='block_1_16' title="bbox 435 1658 2131 1738">
    <p class='ocr_par' dir='ltr' id='par_1_16' title="bbox 435 1658 2131 1738">
     <span class='ocr_line' id='line_1_16' title="bbox 435 1658 2131 1738; baseline -0.007 -17"><span class='ocrx_word' id='word_1_97' title='bbox 435 1673 663 1738; x_wconf 82' lang='lat' dir='ltr'>poterat</span> <span class='ocrx_word' id='word_1_98' title='bbox 692 1665 989 1719; x_wconf 84' lang='lat' dir='ltr'>resistere:</span> <span class='ocrx_word' id='word_1_99' title='bbox 1032 1663 1090 1716; x_wconf 91' lang='lat' dir='ltr'>in</span> <span class='ocrx_word' id='word_1_100' title='bbox 1129 1661 1602 1733; x_wconf 87' lang='lat' dir='ltr'>possessionibus,</span> <span class='ocrx_word' id='word_1_101' title='bbox 1640 1659 1699 1712; x_wconf 91' lang='lat' dir='ltr'>in</span> <span class='ocrx_word' id='word_1_102' title='bbox 1738 1658 2014 1728; x_wconf 78' lang='lat' dir='ltr'>religione</span> <span class='ocrx_word' id='word_1_103' title='bbox 2073 1661 2131 1710; x_wconf 86' lang='lat' dir='ltr'>et</span> 
     </span>
    </p>
   </div>
   <div class='ocr_carea' id='block_1_17' title="bbox 435 1744 2127 1823">
    <p class='ocr_par' dir='ltr' id='par_1_17' title="bbox 435 1744 2127 1823">
     <span class='ocr_line' id='line_1_17' title="bbox 435 1744 2127 1823; baseline -0.007 -14"><span class='ocrx_word' id='word_1_104' title='bbox 435 1756 496 1809; x_wconf 91' lang='lat' dir='ltr'>in</span> <span class='ocrx_word' id='word_1_105' title='bbox 527 1754 815 1820; x_wconf 91' lang='lat' dir='ltr'>omnibus,</span> <span class='ocrx_word' id='word_1_106' title='bbox 849 1767 976 1823; x_wconf 67' lang='lat' dir='ltr'>quae</span> <span class='ocrx_word' id='word_1_107' title='bbox 1008 1751 1072 1804; x_wconf 88' lang='lat' dir='ltr'>ad</span> <span class='ocrx_word' id='word_1_108' title='bbox 1106 1749 1491 1820; x_wconf 83' lang='lat' dir='ltr'>pontificalem</span> <span class='ocrx_word' id='word_1_109' title='bbox 1514 1747 1850 1818; x_wconf 89' lang='lat' dir='ltr'>dignitatem</span> <span class='ocrx_word' id='word_1_110' title='bbox 1882 1744 2127 1816; x_wconf 87' lang='lat' dir='ltr'>pertine-</span> 
     </span>
    </p>
   </div>
   <div class='ocr_carea' id='block_1_18' title="bbox 436 1835 2129 1914">
    <p class='ocr_par' dir='ltr' id='par_1_18' title="bbox 436 1835 2129 1914">
     <span class='ocr_line' id='line_1_18' title="bbox 436 1835 2129 1914; baseline -0.007 -16"><span class='ocrx_word' id='word_1_111' title='bbox 436 1844 594 1910; x_wconf 89' lang='lat' dir='ltr'>bant,</span> <span class='ocrx_word' id='word_1_112' title='bbox 628 1843 858 1914; x_wconf 82' lang='lat' dir='ltr'>penitus</span> <span class='ocrx_word' id='word_1_113' title='bbox 906 1838 1078 1910; x_wconf 74' lang='lat' dir='ltr'>coepit</span> <span class='ocrx_word' id='word_1_114' title='bbox 1120 1837 1369 1892; x_wconf 81' lang='lat' dir='ltr'>deﬁceri.</span> <span class='ocrx_word' id='word_1_115' title='bbox 1429 1835 1639 1892; x_wconf 83' lang='lat' dir='ltr'>Accidit</span> <span class='ocrx_word' id='word_1_116' title='bbox 1697 1840 1886 1888; x_wconf 90' lang='lat' dir='ltr'>autem</span> <span class='ocrx_word' id='word_1_117' title='bbox 1918 1837 1983 1887; x_wconf 90' lang='lat' dir='ltr'>ut</span> <span class='ocrx_word' id='word_1_118' title='bbox 2031 1849 2129 1886; x_wconf 91' lang='lat' dir='ltr'>eo-</span> 
     </span>
    </p>
   </div>
   <div class='ocr_carea' id='block_1_19' title="bbox 435 1921 2128 2000">
    <p class='ocr_par' dir='ltr' id='par_1_19' title="bbox 435 1921 2128 2000">
     <span class='ocr_line' id='line_1_19' title="bbox 435 1921 2128 2000; baseline -0.008 -14"><span class='ocrx_word' id='word_1_119' title='bbox 435 1933 565 1986; x_wconf 85' lang='lat' dir='ltr'>dem</span> <span class='ocrx_word' id='word_1_120' title='bbox 598 1937 854 2000; x_wconf 90' lang='lat' dir='ltr'>tempore</span> <span class='ocrx_word' id='word_1_121' title='bbox 908 1925 1404 1997; x_wconf 84' lang='lat' dir='ltr'>Magdeburgensis</span> <span class='ocrx_word' id='word_1_122' title='bbox 1430 1924 1684 1978; x_wconf 74' lang='lat' dir='ltr'>ecclesias</span> <span class='ocrx_word' id='word_1_123' title='bbox 1732 1921 2128 1992; x_wconf 84' lang='lat' dir='ltr'>Archiepisco-</span> 
     </span>
    </p>
   </div>
   <div class='ocr_carea' id='block_1_20' title="bbox 434 2011 2122 2088">
    <p class='ocr_par' dir='ltr' id='par_1_20' title="bbox 434 2011 2122 2088">
     <span class='ocr_line' id='line_1_20' title="bbox 434 2011 2122 2088; baseline -0.005 -17"><span class='ocrx_word' id='word_1_124' title='bbox 434 2034 542 2088; x_wconf 89' lang='lat' dir='ltr'>pus</span> <span class='ocrx_word' id='word_1_125' title='bbox 588 2019 734 2071; x_wconf 88' lang='lat' dir='ltr'>viam</span> <span class='ocrx_word' id='word_1_126' title='bbox 769 2017 1048 2070; x_wconf 68' lang='lat' dir='ltr'>universae</span> <span class='ocrx_word' id='word_1_127' title='bbox 1080 2014 1266 2068; x_wconf 91' lang='lat' dir='ltr'>carnis</span> <span class='ocrx_word' id='word_1_128' title='bbox 1327 2013 1747 2083; x_wconf 83' lang='lat' dir='ltr'>ingrederetur,</span> <span class='ocrx_word' id='word_1_129' title='bbox 1807 2015 1863 2063; x_wconf 91' lang='lat' dir='ltr'>et</span> <span class='ocrx_word' id='word_1_130' title='bbox 1917 2011 2122 2064; x_wconf 82' lang='lat' dir='ltr'>Merse-</span> 
     </span>
    </p>
   </div>
   <div class='ocr_carea' id='block_1_21' title="bbox 435 2097 2128 2175">
    <p class='ocr_par' dir='ltr' id='par_1_21' title="bbox 435 2097 2128 2175">
     <span class='ocr_line' id='line_1_21' title="bbox 435 2097 2128 2175; baseline -0.006 -15"><span class='ocrx_word' id='word_1_131' title='bbox 435 2105 738 2175; x_wconf 88' lang='lat' dir='ltr'>burgensis</span> <span class='ocrx_word' id='word_1_132' title='bbox 779 2103 1015 2174; x_wconf 68' lang='lat' dir='ltr'>prmsul,</span> <span class='ocrx_word' id='word_1_133' title='bbox 1072 2107 1307 2173; x_wconf 85' lang='lat' dir='ltr'>propter</span> <span class='ocrx_word' id='word_1_134' title='bbox 1361 2100 1704 2170; x_wconf 88' lang='lat' dir='ltr'>sapientiam</span> <span class='ocrx_word' id='word_1_135' title='bbox 1762 2115 1794 2151; x_wconf 89' lang='lat' dir='ltr'>a</span> <span class='ocrx_word' id='word_1_136' title='bbox 1851 2099 1964 2152; x_wconf 91' lang='lat' dir='ltr'>Deo</span> <span class='ocrx_word' id='word_1_137' title='bbox 2021 2097 2128 2151; x_wconf 90' lang='lat' dir='ltr'>sibi</span> 
     </span>
    </p>
   </div>
   <div class='ocr_carea' id='block_1_22' title="bbox 435 2185 2126 2261">
    <p class='ocr_par' dir='ltr' id='par_1_22' title="bbox 435 2185 2126 2261">
     <span class='ocr_line' id='line_1_22' title="bbox 435 2185 2126 2261; baseline -0.005 -15"><span class='ocrx_word' id='word_1_138' title='bbox 435 2193 724 2258; x_wconf 86' lang='lat' dir='ltr'>collatam,</span> <span class='ocrx_word' id='word_1_139' title='bbox 757 2198 814 2244; x_wconf 90' lang='lat' dir='ltr'>et</span> <span class='ocrx_word' id='word_1_140' title='bbox 859 2194 1090 2261; x_wconf 88' lang='lat' dir='ltr'>propter</span> <span class='ocrx_word' id='word_1_141' title='bbox 1121 2189 1328 2242; x_wconf 91' lang='lat' dir='ltr'>multas</span> <span class='ocrx_word' id='word_1_142' title='bbox 1361 2187 1621 2251; x_wconf 82' lang='lat' dir='ltr'>virtutes,</span> <span class='ocrx_word' id='word_1_143' title='bbox 1693 2185 1902 2256; x_wconf 87' lang='lat' dir='ltr'>quibus</span> <span class='ocrx_word' id='word_1_144' title='bbox 1955 2185 2126 2239; x_wconf 89' lang='lat' dir='ltr'>ador-</span> 
     </span>
    </p>
   </div>
   <div class='ocr_carea' id='block_1_23' title="bbox 434 2273 2127 2348">
    <p class='ocr_par' dir='ltr' id='par_1_23' title="bbox 434 2273 2127 2348">
     <span class='ocr_line' id='line_1_23' title="bbox 434 2273 2127 2348; baseline -0.005 -14"><span class='ocrx_word' id='word_1_145' title='bbox 434 2286 604 2334; x_wconf 88' lang='lat' dir='ltr'>natus</span> <span class='ocrx_word' id='word_1_146' title='bbox 644 2284 786 2345; x_wconf 90' lang='lat' dir='ltr'>erat,</span> <span class='ocrx_word' id='word_1_147' title='bbox 821 2279 893 2332; x_wconf 91' lang='lat' dir='ltr'>ob</span> <span class='ocrx_word' id='word_1_148' title='bbox 924 2294 1064 2348; x_wconf 90' lang='lat' dir='ltr'>quas</span> <span class='ocrx_word' id='word_1_149' title='bbox 1090 2277 1264 2331; x_wconf 90' lang='lat' dir='ltr'>etiam</span> <span class='ocrx_word' id='word_1_150' title='bbox 1293 2275 1486 2330; x_wconf 90' lang='lat' dir='ltr'>Ottoni</span> <span class='ocrx_word' id='word_1_151' title='bbox 1526 2289 1738 2344; x_wconf 89' lang='lat' dir='ltr'>magno</span> <span class='ocrx_word' id='word_1_152' title='bbox 1769 2273 2127 2342; x_wconf 90' lang='lat' dir='ltr'>gratissimus</span> 
     </span>
    </p>
   </div>
   <div class='ocr_carea' id='block_1_24' title="bbox 436 2361 2126 2433">
    <p class='ocr_par' dir='ltr' id='par_1_24' title="bbox 436 2361 2126 2433">
     <span class='ocr_line' id='line_1_24' title="bbox 436 2361 2126 2433; baseline -0.004 -11"><span class='ocrx_word' id='word_1_153' title='bbox 436 2367 660 2423; x_wconf 85' lang='lat' dir='ltr'>extitit:</span> <span class='ocrx_word' id='word_1_154' title='bbox 725 2366 785 2420; x_wconf 91' lang='lat' dir='ltr'>in</span> <span class='ocrx_word' id='word_1_155' title='bbox 840 2365 1171 2419; x_wconf 84' lang='lat' dir='ltr'>cathedram</span> <span class='ocrx_word' id='word_1_156' title='bbox 1237 2363 1802 2433; x_wconf 85' lang='lat' dir='ltr'>Magdeburgensem,</span> <span class='ocrx_word' id='word_1_157' title='bbox 1853 2361 2126 2432; x_wconf 69' lang='lat' dir='ltr'>praedicto</span> 
     </span>
    </p>
   </div>
   <div class='ocr_carea' id='block_1_25' title="bbox 435 2449 2128 2527">
    <p class='ocr_par' dir='ltr' id='par_1_25' title="bbox 435 2449 2128 2527">
     <span class='ocr_line' id='line_1_25' title="bbox 435 2449 2128 2527; baseline -0.004 -17"><span class='ocrx_word' id='word_1_158' title='bbox 435 2457 591 2527; x_wconf 83' lang='lat' dir='ltr'>Rege</span> <span class='ocrx_word' id='word_1_159' title='bbox 624 2455 678 2509; x_wconf 92' lang='lat' dir='ltr'>id</span> <span class='ocrx_word' id='word_1_160' title='bbox 711 2453 1016 2520; x_wconf 79' lang='lat' dir='ltr'>efﬁciente,</span> <span class='ocrx_word' id='word_1_161' title='bbox 1073 2455 1511 2521; x_wconf 72' lang='lat' dir='ltr'>praeponeretur</span> <span class='ocrx_word' id='word_1_162' title='bbox 1567 2450 1702 2519; x_wconf 75' lang='lat'>(435).</span> <span class='ocrx_word' id='word_1_163' title='bbox 1756 2449 1985 2502; x_wconf 83' lang='lat' dir='ltr'>Factum</span> <span class='ocrx_word' id='word_1_164' title='bbox 2041 2455 2128 2503; x_wconf 92' lang='lat' dir='ltr'>est</span> 
     </span>
    </p>
   </div>
   <div class='ocr_carea' id='block_1_26' title="bbox 434 2537 2128 2610">
    <p class='ocr_par' dir='ltr' id='par_1_26' title="bbox 434 2537 2128 2610">
     <span class='ocr_line' id='line_1_26' title="bbox 434 2537 2128 2610; baseline -0.005 -12"><span class='ocrx_word' id='word_1_165' title='bbox 434 2550 648 2610; x_wconf 90' lang='lat' dir='ltr'>autem,</span> <span class='ocrx_word' id='word_1_166' title='bbox 666 2547 727 2597; x_wconf 88' lang='lat' dir='ltr'>ut</span> <span class='ocrx_word' id='word_1_167' title='bbox 744 2539 1226 2610; x_wconf 83' lang='lat' dir='ltr'>Merseburgensis</span> <span class='ocrx_word' id='word_1_168' title='bbox 1246 2539 1604 2609; x_wconf 88' lang='lat' dir='ltr'>episcopatus</span> <span class='ocrx_word' id='word_1_169' title='bbox 1620 2537 1850 2606; x_wconf 88' lang='lat' dir='ltr'>penitus</span> <span class='ocrx_word' id='word_1_170' title='bbox 1877 2537 2128 2590; x_wconf 88' lang='lat' dir='ltr'>destrue-</span> 
     </span>
    </p>
   </div>
   <div class='ocr_carea' id='block_1_27' title="bbox 435 2624 2123 2702">
    <p class='ocr_par' dir='ltr' id='par_1_27' title="bbox 435 2624 2123 2702">
     <span class='ocr_line' id='line_1_27' title="bbox 435 2624 2123 2702; baseline -0.005 -15"><span class='ocrx_word' id='word_1_171' title='bbox 435 2639 619 2701; x_wconf 89' lang='lat' dir='ltr'>retur,</span> <span class='ocrx_word' id='word_1_172' title='bbox 651 2639 708 2684; x_wconf 92' lang='lat' dir='ltr'>et</span> <span class='ocrx_word' id='word_1_173' title='bbox 737 2646 865 2702; x_wconf 67' lang='lat' dir='ltr'>quae</span> <span class='ocrx_word' id='word_1_174' title='bbox 896 2629 1122 2700; x_wconf 86' lang='lat' dir='ltr'>potiora</span> <span class='ocrx_word' id='word_1_175' title='bbox 1147 2633 1310 2680; x_wconf 88' lang='lat' dir='ltr'>erant</span> <span class='ocrx_word' id='word_1_176' title='bbox 1333 2626 1486 2679; x_wconf 90' lang='lat' dir='ltr'>illius</span> <span class='ocrx_word' id='word_1_177' title='bbox 1517 2624 1764 2678; x_wconf 74' lang='lat' dir='ltr'>ecclesias</span> <span class='ocrx_word' id='word_1_178' title='bbox 1795 2624 1853 2678; x_wconf 91' lang='lat' dir='ltr'>in</span> <span class='ocrx_word' id='word_1_179' title='bbox 1875 2625 2123 2695; x_wconf 74' lang='lat' dir='ltr'>praediis.</span> 
     </span>
    </p>
   </div>
   <div class='ocr_carea' id='block_1_28' title="bbox 431 2711 2124 2783">
    <p class='ocr_par' dir='ltr' id='par_1_28' title="bbox 431 2711 2124 2783">
     <span class='ocr_line' id='line_1_28' title="bbox 431 2711 2124 2783; baseline -0.005 -9"><span class='ocrx_word' id='word_1_180' title='bbox 431 2722 493 2774; x_wconf 88' lang='lat' dir='ltr'>in</span> <span class='ocrx_word' id='word_1_181' title='bbox 534 2717 1030 2782; x_wconf 88' lang='lat' dir='ltr'>ministerialibus,</span> <span class='ocrx_word' id='word_1_182' title='bbox 1062 2715 1122 2770; x_wconf 93' lang='lat' dir='ltr'>in</span> <span class='ocrx_word' id='word_1_183' title='bbox 1148 2713 1524 2779; x_wconf 81' lang='lat' dir='ltr'>ornamentis,</span> <span class='ocrx_word' id='word_1_184' title='bbox 1557 2713 1615 2766; x_wconf 88' lang='lat' dir='ltr'>in</span> <span class='ocrx_word' id='word_1_185' title='bbox 1656 2711 1930 2766; x_wconf 87' lang='lat' dir='ltr'>ditionem</span> <span class='ocrx_word' id='word_1_186' title='bbox 1971 2713 2124 2783; x_wconf 85' lang='lat' dir='ltr'>Mag-</span> 
     </span>
    </p>
   </div>
   <div class='ocr_carea' id='block_1_29' title="bbox 434 2800 2124 2877">
    <p class='ocr_par' dir='ltr' id='par_1_29' title="bbox 434 2800 2124 2877">
     <span class='ocr_line' id='line_1_29' title="bbox 434 2800 2124 2877; baseline -0.005 -15"><span class='ocrx_word' id='word_1_187' title='bbox 434 2808 813 2877; x_wconf 86' lang='lat' dir='ltr'>deburgensis</span> <span class='ocrx_word' id='word_1_188' title='bbox 861 2804 1141 2859; x_wconf 72' lang='lat' dir='ltr'>eccclesiaa</span> <span class='ocrx_word' id='word_1_189' title='bbox 1187 2803 1652 2866; x_wconf 89' lang='lat' dir='ltr'>transferrentur,</span> <span class='ocrx_word' id='word_1_190' title='bbox 1678 2805 1736 2855; x_wconf 91' lang='lat' dir='ltr'>et</span> <span class='ocrx_word' id='word_1_191' title='bbox 1791 2801 1861 2855; x_wconf 91' lang='lat' dir='ltr'>de</span> <span class='ocrx_word' id='word_1_192' title='bbox 1917 2800 2124 2872; x_wconf 89' lang='lat' dir='ltr'>quibus</span> 
     </span>
    </p>
   </div>
   <div class='ocr_carea' id='block_1_30' title="bbox 431 2890 2124 2966">
    <p class='ocr_par' dir='ltr' id='par_1_30' title="bbox 431 2890 2124 2966">
     <span class='ocr_line' id='line_1_30' title="bbox 431 2890 2124 2966; baseline -0.006 -14"><span class='ocrx_word' id='word_1_193' title='bbox 431 2896 695 2966; x_wconf 88' lang='lat' dir='ltr'>reliquiis</span> <span class='ocrx_word' id='word_1_194' title='bbox 755 2894 1202 2964; x_wconf 87' lang='lat' dir='ltr'>possessionum,</span> <span class='ocrx_word' id='word_1_195' title='bbox 1262 2906 1391 2961; x_wconf 65' lang='lat' dir='ltr'>quae</span> <span class='ocrx_word' id='word_1_196' title='bbox 1449 2890 1778 2958; x_wconf 87' lang='lat' dir='ltr'>Merseburg</span> <span class='ocrx_word' id='word_1_197' title='bbox 1840 2904 2124 2943; x_wconf 88' lang='lat' dir='ltr'>remanse-</span> 
     </span>
    </p>
   </div>
   <div class='ocr_carea' id='block_1_31' title="bbox 429 2976 2121 3048">
    <p class='ocr_par' dir='ltr' id='par_1_31' title="bbox 429 2976 2121 3048">
     <span class='ocr_line' id='line_1_31' title="bbox 429 2976 2121 3048; baseline -0.003 -12"><span class='ocrx_word' id='word_1_198' title='bbox 429 2989 581 3048; x_wconf 88' lang='lat' dir='ltr'>rant,</span> <span class='ocrx_word' id='word_1_199' title='bbox 612 2981 840 3036; x_wconf 90' lang='lat' dir='ltr'>abbatia</span> <span class='ocrx_word' id='word_1_200' title='bbox 893 2980 1036 3034; x_wconf 90' lang='lat' dir='ltr'>inibi</span> <span class='ocrx_word' id='word_1_201' title='bbox 1075 2983 1522 3033; x_wconf 90' lang='lat' dir='ltr'>construeretur.</span> <span class='ocrx_word' id='word_1_202' title='bbox 1581 2977 1746 3041; x_wconf 85' lang='lat' dir='ltr'>Quod</span> <span class='ocrx_word' id='word_1_203' title='bbox 1784 2976 1993 3030; x_wconf 87' lang='lat' dir='ltr'>factum</span> <span class='ocrx_word' id='word_1_204' title='bbox 2026 2993 2121 3031; x_wconf 92' lang='lat' dir='ltr'>us-</span> 
     </span>
    </p>
   </div>
   <div class='ocr_carea' id='block_1_32' title="bbox 2238 602 3920 674">
    <p class='ocr_par' dir='ltr' id='par_1_32' title="bbox 2238 602 3920 674">
     <span class='ocr_line' id='line_1_32' title="bbox 2238 602 3920 674; baseline -0.004 -13"><span class='ocrx_word' id='word_1_205' title='bbox 2238 604 2616 661; x_wconf 89' lang='lat' dir='ltr'>Sclavicarum</span> <span class='ocrx_word' id='word_1_206' title='bbox 2648 603 2906 674; x_wconf 88' lang='lat' dir='ltr'>gentium</span> <span class='ocrx_word' id='word_1_207' title='bbox 2963 602 3238 673; x_wconf 85' lang='lat' dir='ltr'>primates</span> <span class='ocrx_word' id='word_1_208' title='bbox 3293 602 3612 656; x_wconf 88' lang='lat' dir='ltr'>Romanum</span> <span class='ocrx_word' id='word_1_209' title='bbox 3678 603 3920 673; x_wconf 30' lang='lat' dir='ltr'>Impera.</span> 
     </span>
    </p>
   </div>
   <div class='ocr_carea' id='block_1_33' title="bbox 2247 691 3920 747">
    <p class='ocr_par' dir='ltr' id='par_1_33' title="bbox 2247 691 3920 747">
     <span class='ocr_line' id='line_1_33' title="bbox 2247 691 3920 747; baseline -0.002 0"><span class='ocrx_word' id='word_1_210' title='bbox 2247 698 2428 747; x_wconf 89' lang='lat' dir='ltr'>torem</span> <span class='ocrx_word' id='word_1_211' title='bbox 2482 709 2610 746; x_wconf 89' lang='lat' dir='ltr'>cum</span> <span class='ocrx_word' id='word_1_212' title='bbox 2664 691 2909 745; x_wconf 86' lang='lat' dir='ltr'>exercitu</span> <span class='ocrx_word' id='word_1_213' title='bbox 2969 691 3037 744; x_wconf 88' lang='lat' dir='ltr'>ad</span> <span class='ocrx_word' id='word_1_214' title='bbox 3095 691 3465 745; x_wconf 89' lang='lat' dir='ltr'>debellandos</span> <span class='ocrx_word' id='word_1_215' title='bbox 3523 706 3622 744; x_wconf 92' lang='lat' dir='ltr'>eos</span> <span class='ocrx_word' id='word_1_216' title='bbox 3668 691 3920 744; x_wconf 45' lang='lat' dir='ltr'>advenirt</span> 
     </span>
    </p>
   </div>
   <div class='ocr_carea' id='block_1_34' title="bbox 2239 778 3920 851">
    <p class='ocr_par' dir='ltr' id='par_1_34' title="bbox 2239 778 3920 851">
     <span class='ocr_line' id='line_1_34' title="bbox 2239 778 3920 851; baseline -0.002 -17"><span class='ocrx_word' id='word_1_217' title='bbox 2239 785 2628 851; x_wconf 87' lang='lat' dir='ltr'>cognoverunt</span> <span class='ocrx_word' id='word_1_218' title='bbox 2659 796 2671 833; x_wconf 90' lang='lat'>:</span> <span class='ocrx_word' id='word_1_219' title='bbox 2707 779 3118 833; x_wconf 89' lang='lat' dir='ltr'>innumerabili</span> <span class='ocrx_word' id='word_1_220' title='bbox 3150 778 3522 833; x_wconf 89' lang='lat' dir='ltr'>multitudine</span> <span class='ocrx_word' id='word_1_221' title='bbox 3561 779 3821 843; x_wconf 88' lang='lat' dir='ltr'>collecta,</span> <span class='ocrx_word' id='word_1_222' title='bbox 3881 778 3920 831; x_wconf 80' lang='lat' dir='ltr'>ii</span> 
     </span>
    </p>
   </div>
   <div class='ocr_carea' id='block_1_35' title="bbox 2239 865 3920 936">
    <p class='ocr_par' dir='ltr' id='par_1_35' title="bbox 2239 865 3920 936">
     <span class='ocr_line' id='line_1_35' title="bbox 2239 865 3920 936; baseline -0.002 -14"><span class='ocrx_word' id='word_1_223' title='bbox 2239 868 2452 922; x_wconf 87' lang='lat' dir='ltr'>bellum</span> <span class='ocrx_word' id='word_1_224' title='bbox 2486 867 2540 921; x_wconf 90' lang='lat' dir='ltr'>ei</span> <span class='ocrx_word' id='word_1_225' title='bbox 2595 867 2823 920; x_wconf 87' lang='lat' dir='ltr'>obviam</span> <span class='ocrx_word' id='word_1_226' title='bbox 2857 871 3278 936; x_wconf 88' lang='lat' dir='ltr'>processerunt.</span> <span class='ocrx_word' id='word_1_227' title='bbox 3321 865 3482 930; x_wconf 87' lang='lat' dir='ltr'>Quod</span> <span class='ocrx_word' id='word_1_228' title='bbox 3515 865 3655 935; x_wconf 85' lang='lat' dir='ltr'>Regi</span> <span class='ocrx_word' id='word_1_229' title='bbox 3689 866 3788 936; x_wconf 92' lang='lat' dir='ltr'>pio</span> <span class='ocrx_word' id='word_1_230' title='bbox 3843 882 3920 934; x_wconf 91' lang='lat' dir='ltr'>pe</span> 
     </span>
    </p>
   </div>
   <div class='ocr_carea' id='block_1_36' title="bbox 2240 953 3920 1027">
    <p class='ocr_par' dir='ltr' id='par_1_36' title="bbox 2240 953 3920 1027">
     <span class='ocr_line' id='line_1_36' title="bbox 2240 953 3920 1027; baseline -0.002 -17"><span class='ocrx_word' id='word_1_231' title='bbox 2240 956 2622 1027; x_wconf 88' lang='lat' dir='ltr'>speculatores</span> <span class='ocrx_word' id='word_1_232' title='bbox 2646 971 2779 1009; x_wconf 90' lang='lat' dir='ltr'>suos</span> <span class='ocrx_word' id='word_1_233' title='bbox 2818 955 2928 1008; x_wconf 90' lang='lat' dir='ltr'>cito</span> <span class='ocrx_word' id='word_1_234' title='bbox 2958 954 3230 1018; x_wconf 91' lang='lat' dir='ltr'>innotuit,</span> <span class='ocrx_word' id='word_1_235' title='bbox 3265 958 3322 1007; x_wconf 91' lang='lat' dir='ltr'>et</span> <span class='ocrx_word' id='word_1_236' title='bbox 3379 954 3523 1007; x_wconf 90' lang='lat' dir='ltr'>sicut</span> <span class='ocrx_word' id='word_1_237' title='bbox 3553 953 3613 1007; x_wconf 90' lang='lat' dir='ltr'>in</span> <span class='ocrx_word' id='word_1_238' title='bbox 3661 954 3920 1007; x_wconf 87' lang='lat' dir='ltr'>omnibu:</span> 
     </span>
    </p>
   </div>
   <div class='ocr_carea' id='block_1_37' title="bbox 2236 1041 3917 1115">
    <p class='ocr_par' dir='ltr' id='par_1_37' title="bbox 2236 1041 3917 1115">
     <span class='ocr_line' id='line_1_37' title="bbox 2236 1041 3917 1115; baseline -0.002 -17"><span class='ocrx_word' id='word_1_239' title='bbox 2236 1043 2514 1115; x_wconf 88' lang='lat' dir='ltr'>angustiis</span> <span class='ocrx_word' id='word_1_240' title='bbox 2545 1044 2663 1098; x_wconf 91' lang='lat' dir='ltr'>suis</span> <span class='ocrx_word' id='word_1_241' title='bbox 2696 1043 2930 1102; x_wconf 87' lang='lat' dir='ltr'>solebat.</span> <span class='ocrx_word' id='word_1_242' title='bbox 2986 1043 3054 1096; x_wconf 90' lang='lat' dir='ltr'>ad</span> <span class='ocrx_word' id='word_1_243' title='bbox 3101 1042 3381 1096; x_wconf 88' lang='lat' dir='ltr'>orationis</span> <span class='ocrx_word' id='word_1_244' title='bbox 3431 1057 3592 1096; x_wconf 89' lang='lat' dir='ltr'>arma</span> <span class='ocrx_word' id='word_1_245' title='bbox 3645 1041 3917 1111; x_wconf 85' lang='lat' dir='ltr'>confugit</span> 
     </span>
    </p>
   </div>
   <div class='ocr_carea' id='block_1_38' title="bbox 2236 1130 3920 1202">
    <p class='ocr_par' dir='ltr' id='par_1_38' title="bbox 2236 1130 3920 1202">
     <span class='ocr_line' id='line_1_38' title="bbox 2236 1130 3920 1202; baseline -0.003 -14"><span class='ocrx_word' id='word_1_246' title='bbox 2236 1135 2616 1202; x_wconf 88' lang='lat' dir='ltr'>lnvocatoque</span> <span class='ocrx_word' id='word_1_247' title='bbox 2647 1147 2819 1201; x_wconf 90' lang='lat' dir='ltr'>super</span> <span class='ocrx_word' id='word_1_248' title='bbox 2864 1147 2924 1184; x_wconf 88' lang='lat' dir='ltr'>se</span> <span class='ocrx_word' id='word_1_249' title='bbox 2971 1130 3206 1184; x_wconf 91' lang='lat' dir='ltr'>nomine</span> <span class='ocrx_word' id='word_1_250' title='bbox 3262 1130 3512 1197; x_wconf 88' lang='lat' dir='ltr'>Domini,</span> <span class='ocrx_word' id='word_1_251' title='bbox 3568 1130 3737 1184; x_wconf 87' lang='lat' dir='ltr'>beato</span> <span class='ocrx_word' id='word_1_252' title='bbox 3785 1131 3920 1183; x_wconf 88' lang='lat' dir='ltr'>Lau-</span> 
     </span>
    </p>
   </div>
   <div class='ocr_carea' id='block_1_39' title="bbox 2235 1217 3916 1288">
    <p class='ocr_par' dir='ltr' id='par_1_39' title="bbox 2235 1217 3916 1288">
     <span class='ocr_line' id='line_1_39' title="bbox 2235 1217 3916 1288; baseline -0.001 -16"><span class='ocrx_word' id='word_1_253' title='bbox 2235 1217 2445 1286; x_wconf 89' lang='lat' dir='ltr'>rentio,</span> <span class='ocrx_word' id='word_1_254' title='bbox 2478 1223 2671 1272; x_wconf 89' lang='lat' dir='ltr'>sancto</span> <span class='ocrx_word' id='word_1_255' title='bbox 2701 1217 2962 1288; x_wconf 84' lang='lat' dir='ltr'>Georgio,</span> <span class='ocrx_word' id='word_1_256' title='bbox 3026 1222 3082 1271; x_wconf 90' lang='lat' dir='ltr'>et</span> <span class='ocrx_word' id='word_1_257' title='bbox 3136 1217 3302 1271; x_wconf 90' lang='lat' dir='ltr'>beato</span> <span class='ocrx_word' id='word_1_258' title='bbox 3359 1217 3608 1272; x_wconf 82' lang='lat' dir='ltr'>Adriano</span> <span class='ocrx_word' id='word_1_259' title='bbox 3665 1220 3916 1286; x_wconf 81' lang='lat' dir='ltr'>martyri</span> 
     </span>
    </p>
   </div>
   <div class='ocr_carea' id='block_1_40' title="bbox 2237 1305 3920 1378">
    <p class='ocr_par' dir='ltr' id='par_1_40' title="bbox 2237 1305 3920 1378">
     <span class='ocr_line' id='line_1_40' title="bbox 2237 1305 3920 1378; baseline -0.002 -17"><span class='ocrx_word' id='word_1_260' title='bbox 2237 1307 2364 1373; x_wconf 91' lang='lat' dir='ltr'>bus,</span> <span class='ocrx_word' id='word_1_261' title='bbox 2423 1323 2482 1361; x_wconf 90' lang='lat' dir='ltr'>se</span> <span class='ocrx_word' id='word_1_262' title='bbox 2548 1322 2832 1378; x_wconf 90' lang='lat' dir='ltr'>suumque</span> <span class='ocrx_word' id='word_1_263' title='bbox 2911 1305 3225 1361; x_wconf 89' lang='lat' dir='ltr'>exercitum</span> <span class='ocrx_word' id='word_1_264' title='bbox 3299 1307 3718 1378; x_wconf 89' lang='lat' dir='ltr'>protegendum</span> <span class='ocrx_word' id='word_1_265' title='bbox 3807 1322 3920 1358; x_wconf 91' lang='lat' dir='ltr'>cun</span> 
     </span>
    </p>
   </div>
   <div class='ocr_carea' id='block_1_41' title="bbox 2237 1393 3122 1448">
    <p class='ocr_par' dir='ltr' id='par_1_41' title="bbox 2237 1393 3122 1448">
     <span class='ocr_line' id='line_1_41' title="bbox 2237 1393 3122 1448; baseline -0.002 0"><span class='ocrx_word' id='word_1_266' title='bbox 2237 1410 2464 1448; x_wconf 85' lang='lat' dir='ltr'>summa</span> <span class='ocrx_word' id='word_1_267' title='bbox 2487 1395 2788 1448; x_wconf 88' lang='lat' dir='ltr'>devotione</span> <span class='ocrx_word' id='word_1_268' title='bbox 2818 1393 3122 1447; x_wconf 90' lang='lat' dir='ltr'>commisit.</span> 
     </span>
    </p>
   </div>
   <div class='ocr_carea' id='block_1_42' title="bbox 2307 1481 3913 1553">
    <p class='ocr_par' dir='ltr' id='par_1_42' title="bbox 2307 1481 3913 1553">
     <span class='ocr_line' id='line_1_42' title="bbox 2307 1481 3913 1553; baseline -0.002 -16"><span class='ocrx_word' id='word_1_269' title='bbox 2307 1487 2367 1540; x_wconf 91' lang='lat'>6.</span> <span class='ocrx_word' id='word_1_270' title='bbox 2408 1486 2473 1538; x_wconf 91' lang='lat' dir='ltr'>Et</span> <span class='ocrx_word' id='word_1_271' title='bbox 2499 1499 2628 1537; x_wconf 91' lang='lat' dir='ltr'>cum</span> <span class='ocrx_word' id='word_1_272' title='bbox 2670 1499 2870 1537; x_wconf 89' lang='lat' dir='ltr'>omnes</span> <span class='ocrx_word' id='word_1_273' title='bbox 2896 1482 3265 1552; x_wconf 90' lang='lat' dir='ltr'>perceptione</span> <span class='ocrx_word' id='word_1_274' title='bbox 3296 1482 3553 1553; x_wconf 90' lang='lat' dir='ltr'>corporis</span> <span class='ocrx_word' id='word_1_275' title='bbox 3583 1486 3638 1536; x_wconf 90' lang='lat' dir='ltr'>et</span> <span class='ocrx_word' id='word_1_276' title='bbox 3694 1481 3913 1552; x_wconf 86' lang='lat' dir='ltr'>sangui</span> 
     </span>
    </p>
   </div>
   <div class='ocr_carea' id='block_1_43' title="bbox 2238 1569 3916 1635">
    <p class='ocr_par' dir='ltr' id='par_1_43' title="bbox 2238 1569 3916 1635">
     <span class='ocr_line' id='line_1_43' title="bbox 2238 1569 3916 1635; baseline -0.001 -11"><span class='ocrx_word' id='word_1_277' title='bbox 2238 1570 2328 1624; x_wconf 88' lang='lat' dir='ltr'>nis</span> <span class='ocrx_word' id='word_1_278' title='bbox 2367 1571 2596 1624; x_wconf 89' lang='lat' dir='ltr'>Domini</span> <span class='ocrx_word' id='word_1_279' title='bbox 2626 1571 2928 1624; x_wconf 82' lang='lat' dir='ltr'>confortati</span> <span class='ocrx_word' id='word_1_280' title='bbox 2957 1569 3214 1635; x_wconf 88' lang='lat' dir='ltr'>fuissent,</span> <span class='ocrx_word' id='word_1_281' title='bbox 3251 1569 3320 1624; x_wconf 92' lang='lat' dir='ltr'>ad</span> <span class='ocrx_word' id='word_1_282' title='bbox 3361 1570 3550 1624; x_wconf 91' lang='lat' dir='ltr'>locum</span> <span class='ocrx_word' id='word_1_283' title='bbox 3597 1569 3916 1624; x_wconf 87' lang='lat' dir='ltr'>certamini</span> 
     </span>
    </p>
   </div>
   <div class='ocr_carea' id='block_1_44' title="bbox 2239 1657 3917 1713">
    <p class='ocr_par' dir='ltr' id='par_1_44' title="bbox 2239 1657 3917 1713">
     <span class='ocr_line' id='line_1_44' title="bbox 2239 1657 3917 1713; baseline 0 -3"><span class='ocrx_word' id='word_1_284' title='bbox 2239 1662 2543 1712; x_wconf 83' lang='lat' dir='ltr'>venerunt.</span> <span class='ocrx_word' id='word_1_285' title='bbox 2596 1659 2697 1713; x_wconf 87' lang='lat' dir='ltr'>Ubi</span> <span class='ocrx_word' id='word_1_286' title='bbox 2729 1674 2859 1711; x_wconf 91' lang='lat' dir='ltr'>cum</span> <span class='ocrx_word' id='word_1_287' title='bbox 2911 1657 3024 1711; x_wconf 90' lang='lat' dir='ltr'>Rex</span> <span class='ocrx_word' id='word_1_288' title='bbox 3053 1658 3253 1712; x_wconf 89' lang='lat' dir='ltr'>beatus</span> <span class='ocrx_word' id='word_1_289' title='bbox 3281 1658 3469 1711; x_wconf 87' lang='lat' dir='ltr'>verbis</span> <span class='ocrx_word' id='word_1_290' title='bbox 3523 1657 3917 1712; x_wconf 87' lang='lat' dir='ltr'>exhortatorii</span> 
     </span>
    </p>
   </div>
   <div class='ocr_carea' id='block_1_45' title="bbox 2249 1745 3920 1816">
    <p class='ocr_par' dir='ltr' id='par_1_45' title="bbox 2249 1745 3920 1816">
     <span class='ocr_line' id='line_1_45' title="bbox 2249 1745 3920 1816; baseline -0.001 -17"><span class='ocrx_word' id='word_1_291' title='bbox 2249 1746 2316 1799; x_wconf 89' lang='lat' dir='ltr'>ad</span> <span class='ocrx_word' id='word_1_292' title='bbox 2370 1745 2612 1800; x_wconf 86' lang='lat' dir='ltr'>viriliter</span> <span class='ocrx_word' id='word_1_293' title='bbox 2667 1745 2955 1816; x_wconf 89' lang='lat' dir='ltr'>agendum</span> <span class='ocrx_word' id='word_1_294' title='bbox 2985 1746 3344 1813; x_wconf 84' lang='lat' dir='ltr'>singulorum</span> <span class='ocrx_word' id='word_1_295' title='bbox 3385 1745 3610 1800; x_wconf 91' lang='lat' dir='ltr'>animos</span> <span class='ocrx_word' id='word_1_296' title='bbox 3637 1746 3920 1799; x_wconf 81' lang='lat' dir='ltr'>erexisset</span> 
     </span>
    </p>
   </div>
   <div class='ocr_carea' id='block_1_46' title="bbox 2242 1833 3920 1888">
    <p class='ocr_par' dir='ltr' id='par_1_46' title="bbox 2242 1833 3920 1888">
     <span class='ocr_line' id='line_1_46' title="bbox 2242 1833 3920 1888; baseline -0.001 -2"><span class='ocrx_word' id='word_1_297' title='bbox 2242 1833 2441 1887; x_wconf 89' lang='lat' dir='ltr'>videns</span> <span class='ocrx_word' id='word_1_298' title='bbox 2472 1835 2948 1888; x_wconf 90' lang='lat' dir='ltr'>innumerabilem</span> <span class='ocrx_word' id='word_1_299' title='bbox 2977 1833 3435 1888; x_wconf 84' lang='lat' dir='ltr'>adversariorum</span> <span class='ocrx_word' id='word_1_300' title='bbox 3481 1834 3920 1888; x_wconf 88' lang='lat' dir='ltr'>multitudinem</span> 
     </span>
    </p>
   </div>
   <div class='ocr_carea' id='block_1_47' title="bbox 2239 1922 3917 1993">
    <p class='ocr_par' dir='ltr' id='par_1_47' title="bbox 2239 1922 3917 1993">
     <span class='ocr_line' id='line_1_47' title="bbox 2239 1922 3917 1993; baseline 0.001 -19"><span class='ocrx_word' id='word_1_301' title='bbox 2239 1922 2504 1975; x_wconf 83' lang='lat' dir='ltr'>clamavit</span> <span class='ocrx_word' id='word_1_302' title='bbox 2549 1922 2614 1976; x_wconf 81' lang='lat' dir='ltr'>ad</span> <span class='ocrx_word' id='word_1_303' title='bbox 2663 1923 2990 1987; x_wconf 91' lang='lat' dir='ltr'>Dominum,</span> <span class='ocrx_word' id='word_1_304' title='bbox 3039 1926 3097 1975; x_wconf 89' lang='lat' dir='ltr'>et</span> <span class='ocrx_word' id='word_1_305' title='bbox 3147 1922 3274 1975; x_wconf 89' lang='lat' dir='ltr'>ait:</span> <span class='ocrx_word' id='word_1_306' title='bbox 3328 1923 3478 1976; x_wconf 88' lang='lat' dir='ltr'>Deus</span> <span class='ocrx_word' id='word_1_307' title='bbox 3535 1922 3635 1993; x_wconf 90' lang='lat' dir='ltr'>qui</span> <span class='ocrx_word' id='word_1_308' title='bbox 3681 1923 3917 1975; x_wconf 83' lang='lat' dir='ltr'>conteri</span> 
     </span>
    </p>
   </div>
   <div class='ocr_carea' id='block_1_48' title="bbox 2237 2009 3919 2081">
    <p class='ocr_par' dir='ltr' id='par_1_48' title="bbox 2237 2009 3919 2081">
     <span class='ocr_line' id='line_1_48' title="bbox 2237 2009 3919 2081; baseline 0 -17"><span class='ocrx_word' id='word_1_309' title='bbox 2237 2010 2386 2064; x_wconf 91' lang='lat' dir='ltr'>bella</span> <span class='ocrx_word' id='word_1_310' title='bbox 2415 2011 2485 2064; x_wconf 87' lang='lat' dir='ltr'>ab</span> <span class='ocrx_word' id='word_1_311' title='bbox 2535 2010 2724 2078; x_wconf 89' lang='lat' dir='ltr'>initio,</span> <span class='ocrx_word' id='word_1_312' title='bbox 2766 2012 2924 2064; x_wconf 89' lang='lat' dir='ltr'>eleva</span> <span class='ocrx_word' id='word_1_313' title='bbox 2961 2009 3254 2064; x_wconf 90' lang='lat' dir='ltr'>brachium</span> <span class='ocrx_word' id='word_1_314' title='bbox 3285 2014 3450 2064; x_wconf 91' lang='lat' dir='ltr'>tuum</span> <span class='ocrx_word' id='word_1_315' title='bbox 3503 2027 3674 2080; x_wconf 89' lang='lat' dir='ltr'>super</span> <span class='ocrx_word' id='word_1_316' title='bbox 3736 2017 3919 2081; x_wconf 85' lang='lat' dir='ltr'>gente</span> 
     </span>
    </p>
   </div>
   <div class='ocr_carea' id='block_1_49' title="bbox 2238 2098 3920 2169">
    <p class='ocr_par' dir='ltr' id='par_1_49' title="bbox 2238 2098 3920 2169">
     <span class='ocr_line' id='line_1_49' title="bbox 2238 2098 3920 2169; baseline 0.001 -18"><span class='ocrx_word' id='word_1_317' title='bbox 2238 2098 2337 2169; x_wconf 90' lang='lat' dir='ltr'>qui</span> <span class='ocrx_word' id='word_1_318' title='bbox 2376 2098 2628 2167; x_wconf 90' lang='lat' dir='ltr'>cogitant</span> <span class='ocrx_word' id='word_1_319' title='bbox 2657 2099 2833 2152; x_wconf 87' lang='lat' dir='ltr'>servis</span> <span class='ocrx_word' id='word_1_320' title='bbox 2878 2099 2991 2152; x_wconf 89' lang='lat' dir='ltr'>tuis</span> <span class='ocrx_word' id='word_1_321' title='bbox 3022 2100 3190 2152; x_wconf 87' lang='lat' dir='ltr'>mala.</span> <span class='ocrx_word' id='word_1_322' title='bbox 3223 2099 3498 2168; x_wconf 86' lang='lat' dir='ltr'>Disperge</span> <span class='ocrx_word' id='word_1_323' title='bbox 3546 2099 3675 2152; x_wconf 91' lang='lat' dir='ltr'>illos</span> <span class='ocrx_word' id='word_1_324' title='bbox 3705 2100 3770 2153; x_wconf 93' lang='lat' dir='ltr'>in</span> <span class='ocrx_word' id='word_1_325' title='bbox 3834 2101 3920 2154; x_wconf 88' lang='lat' dir='ltr'>vir</span> 
     </span>
    </p>
   </div>
   <div class='ocr_carea' id='block_1_50' title="bbox 2236 2187 3919 2256">
    <p class='ocr_par' dir='ltr' id='par_1_50' title="bbox 2236 2187 3919 2256">
     <span class='ocr_line' id='line_1_50' title="bbox 2236 2187 3919 2256; baseline 0.001 -16"><span class='ocrx_word' id='word_1_326' title='bbox 2236 2190 2357 2240; x_wconf 87' lang='lat' dir='ltr'>tute</span> <span class='ocrx_word' id='word_1_327' title='bbox 2389 2192 2485 2239; x_wconf 91' lang='lat' dir='ltr'>tua</span> <span class='ocrx_word' id='word_1_328' title='bbox 2515 2203 2527 2240; x_wconf 92' lang='lat'>:</span> <span class='ocrx_word' id='word_1_329' title='bbox 2573 2193 2629 2240; x_wconf 91' lang='lat' dir='ltr'>et</span> <span class='ocrx_word' id='word_1_330' title='bbox 2655 2187 2880 2240; x_wconf 91' lang='lat' dir='ltr'>destrue</span> <span class='ocrx_word' id='word_1_331' title='bbox 2913 2202 3009 2240; x_wconf 88' lang='lat' dir='ltr'>eos</span> <span class='ocrx_word' id='word_1_332' title='bbox 3038 2191 3325 2256; x_wconf 89' lang='lat' dir='ltr'>protector</span> <span class='ocrx_word' id='word_1_333' title='bbox 3355 2203 3540 2242; x_wconf 88' lang='lat' dir='ltr'>meus.</span> <span class='ocrx_word' id='word_1_334' title='bbox 3600 2189 3756 2242; x_wconf 88' lang='lat' dir='ltr'>Pone</span> <span class='ocrx_word' id='word_1_335' title='bbox 3812 2189 3919 2242; x_wconf 89' lang='lat' dir='ltr'>illo</span> 
     </span>
    </p>
   </div>
   <div class='ocr_carea' id='block_1_51' title="bbox 2237 2276 3920 2346">
    <p class='ocr_par' dir='ltr' id='par_1_51' title="bbox 2237 2276 3920 2346">
     <span class='ocr_line' id='line_1_51' title="bbox 2237 2276 3920 2346; baseline 0.002 -16"><span class='ocrx_word' id='word_1_336' title='bbox 2237 2279 2301 2330; x_wconf 86' lang='lat' dir='ltr'>ut</span> <span class='ocrx_word' id='word_1_337' title='bbox 2329 2281 2536 2343; x_wconf 90' lang='lat' dir='ltr'>rotam,</span> <span class='ocrx_word' id='word_1_338' title='bbox 2569 2281 2624 2330; x_wconf 93' lang='lat' dir='ltr'>et</span> <span class='ocrx_word' id='word_1_339' title='bbox 2644 2277 2786 2329; x_wconf 89' lang='lat' dir='ltr'>sicut</span> <span class='ocrx_word' id='word_1_340' title='bbox 2817 2276 3086 2346; x_wconf 86' lang='lat' dir='ltr'>stipulam</span> <span class='ocrx_word' id='word_1_341' title='bbox 3117 2282 3250 2330; x_wconf 91' lang='lat' dir='ltr'>ante</span> <span class='ocrx_word' id='word_1_342' title='bbox 3307 2277 3512 2331; x_wconf 90' lang='lat' dir='ltr'>faciem</span> <span class='ocrx_word' id='word_1_343' title='bbox 3563 2278 3742 2332; x_wconf 81' lang='lat' dir='ltr'>venti.</span> <span class='ocrx_word' id='word_1_344' title='bbox 3810 2280 3920 2334; x_wconf 65' lang='lat' dir='ltr'>Hie»</span> 
     </span>
    </p>
   </div>
   <div class='ocr_carea' id='block_1_52' title="bbox 2237 2364 3913 2435">
    <p class='ocr_par' dir='ltr' id='par_1_52' title="bbox 2237 2364 3913 2435">
     <span class='ocr_line' id='line_1_52' title="bbox 2237 2364 3913 2435; baseline 0.002 -17"><span class='ocrx_word' id='word_1_345' title='bbox 2237 2364 2628 2435; x_wconf 85' lang='lat' dir='ltr'>dicensaperti</span> <span class='ocrx_word' id='word_1_346' title='bbox 2657 2369 2791 2418; x_wconf 91' lang='lat' dir='ltr'>sunt</span> <span class='ocrx_word' id='word_1_347' title='bbox 2821 2364 2968 2417; x_wconf 91' lang='lat' dir='ltr'>oculi</span> <span class='ocrx_word' id='word_1_348' title='bbox 2997 2365 3119 2434; x_wconf 83' lang='lat' dir='ltr'>ejus</span> <span class='ocrx_word' id='word_1_349' title='bbox 3158 2369 3213 2417; x_wconf 92' lang='lat' dir='ltr'>et</span> <span class='ocrx_word' id='word_1_350' title='bbox 3261 2365 3402 2418; x_wconf 83' lang='lat' dir='ltr'>vidit</span> <span class='ocrx_word' id='word_1_351' title='bbox 3453 2365 3734 2434; x_wconf 87' lang='lat' dir='ltr'>gloriosos</span> <span class='ocrx_word' id='word_1_352' title='bbox 3779 2384 3913 2422; x_wconf 89' lang='lat' dir='ltr'>mar</span> 
     </span>
    </p>
   </div>
   <div class='ocr_carea' id='block_1_53' title="bbox 2234 2452 3914 2523">
    <p class='ocr_par' dir='ltr' id='par_1_53' title="bbox 2234 2452 3914 2523">
     <span class='ocr_line' id='line_1_53' title="bbox 2234 2452 3914 2523; baseline 0.002 -17"><span class='ocrx_word' id='word_1_353' title='bbox 2234 2457 2406 2523; x_wconf 85' lang='lat' dir='ltr'>tyres,</span> <span class='ocrx_word' id='word_1_354' title='bbox 2454 2452 2758 2521; x_wconf 89' lang='lat' dir='ltr'>Georgium</span> <span class='ocrx_word' id='word_1_355' title='bbox 2803 2452 3086 2514; x_wconf 83' lang='lat' dir='ltr'>videlicet,</span> <span class='ocrx_word' id='word_1_356' title='bbox 3146 2452 3537 2520; x_wconf 88' lang='lat' dir='ltr'>Laurentium,</span> <span class='ocrx_word' id='word_1_357' title='bbox 3584 2454 3914 2510; x_wconf 83' lang='lat' dir='ltr'>Adrianum</span> 
     </span>
    </p>
   </div>
   <div class='ocr_carea' id='block_1_54' title="bbox 2235 2541 3919 2611">
    <p class='ocr_par' dir='ltr' id='par_1_54' title="bbox 2235 2541 3919 2611">
     <span class='ocr_line' id='line_1_54' title="bbox 2235 2541 3919 2611; baseline 0.002 -17"><span class='ocrx_word' id='word_1_358' title='bbox 2235 2557 2366 2595; x_wconf 90' lang='lat' dir='ltr'>cum</span> <span class='ocrx_word' id='word_1_359' title='bbox 2397 2543 2602 2611; x_wconf 85' lang='lat' dir='ltr'>angelo</span> <span class='ocrx_word' id='word_1_360' title='bbox 2633 2541 3009 2611; x_wconf 88' lang='lat' dir='ltr'>percutiente,</span> <span class='ocrx_word' id='word_1_361' title='bbox 3043 2541 3354 2594; x_wconf 85' lang='lat' dir='ltr'>exercitum</span> <span class='ocrx_word' id='word_1_362' title='bbox 3381 2558 3549 2595; x_wconf 88' lang='lat' dir='ltr'>suum</span> <span class='ocrx_word' id='word_1_363' title='bbox 3592 2545 3919 2610; x_wconf 74' lang='lat' dir='ltr'>praeseden</span> 
     </span>
    </p>
   </div>
   <div class='ocr_carea' id='block_1_55' title="bbox 2233 2629 3916 2700">
    <p class='ocr_par' dir='ltr' id='par_1_55' title="bbox 2233 2629 3916 2700">
     <span class='ocr_line' id='line_1_55' title="bbox 2233 2629 3916 2700; baseline 0.002 -18"><span class='ocrx_word' id='word_1_364' title='bbox 2233 2633 2337 2693; x_wconf 86' lang='lat' dir='ltr'>tes,</span> <span class='ocrx_word' id='word_1_365' title='bbox 2366 2634 2424 2682; x_wconf 93' lang='lat' dir='ltr'>et</span> <span class='ocrx_word' id='word_1_366' title='bbox 2464 2629 2715 2683; x_wconf 87' lang='lat' dir='ltr'>hostium</span> <span class='ocrx_word' id='word_1_367' title='bbox 2757 2645 2965 2682; x_wconf 91' lang='lat' dir='ltr'>cuneos</span> <span class='ocrx_word' id='word_1_368' title='bbox 3023 2629 3092 2682; x_wconf 91' lang='lat' dir='ltr'>ad</span> <span class='ocrx_word' id='word_1_369' title='bbox 3141 2629 3336 2700; x_wconf 86' lang='lat' dir='ltr'>fugam</span> <span class='ocrx_word' id='word_1_370' title='bbox 3391 2631 3804 2700; x_wconf 83' lang='lat' dir='ltr'>propellentes.</span> <span class='ocrx_word' id='word_1_371' title='bbox 3877 2634 3916 2686; x_wconf 86' lang='lat' dir='ltr'>E</span> 
     </span>
    </p>
   </div>
   <div class='ocr_carea' id='block_1_56' title="bbox 2235 2716 3920 2789">
    <p class='ocr_par' dir='ltr' id='par_1_56' title="bbox 2235 2716 3920 2789">
     <span class='ocr_line' id='line_1_56' title="bbox 2235 2716 3920 2789; baseline 0.002 -19"><span class='ocrx_word' id='word_1_372' title='bbox 2235 2717 2380 2771; x_wconf 88' lang='lat' dir='ltr'>sicut</span> <span class='ocrx_word' id='word_1_373' title='bbox 2407 2718 2687 2771; x_wconf 85' lang='lat' dir='ltr'>exercitus</span> <span class='ocrx_word' id='word_1_374' title='bbox 2737 2716 3121 2771; x_wconf 90' lang='lat' dir='ltr'>Sennacherib</span> <span class='ocrx_word' id='word_1_375' title='bbox 3181 2717 3250 2771; x_wconf 91' lang='lat' dir='ltr'>ab</span> <span class='ocrx_word' id='word_1_376' title='bbox 3311 2720 3514 2786; x_wconf 90' lang='lat' dir='ltr'>angelo</span> <span class='ocrx_word' id='word_1_377' title='bbox 3568 2721 3920 2789; x_wconf 60' lang='lat' dir='ltr'>percutienti</span> 
     </span>
    </p>
   </div>
   <div class='ocr_carea' id='block_1_57' title="bbox 2235 2805 3920 2875">
    <p class='ocr_par' dir='ltr' id='par_1_57' title="bbox 2235 2805 3920 2875">
     <span class='ocr_line' id='line_1_57' title="bbox 2235 2805 3920 2875; baseline 0.002 -16"><span class='ocrx_word' id='word_1_378' title='bbox 2235 2806 2512 2859; x_wconf 90' lang='lat' dir='ltr'>contritus</span> <span class='ocrx_word' id='word_1_379' title='bbox 2535 2811 2622 2859; x_wconf 91' lang='lat' dir='ltr'>est</span> <span class='ocrx_word' id='word_1_380' title='bbox 2657 2809 2714 2859; x_wconf 92' lang='lat' dir='ltr'>et</span> <span class='ocrx_word' id='word_1_381' title='bbox 2739 2806 2937 2875; x_wconf 90' lang='lat' dir='ltr'>periit;</span> <span class='ocrx_word' id='word_1_382' title='bbox 2974 2805 3052 2858; x_wconf 89' lang='lat' dir='ltr'>ita</span> <span class='ocrx_word' id='word_1_383' title='bbox 3082 2810 3138 2858; x_wconf 90' lang='lat' dir='ltr'>et</span> <span class='ocrx_word' id='word_1_384' title='bbox 3166 2806 3353 2859; x_wconf 88' lang='lat' dir='ltr'>omnis</span> <span class='ocrx_word' id='word_1_385' title='bbox 3405 2805 3789 2862; x_wconf 87' lang='lat' dir='ltr'>barbarorum</span> <span class='ocrx_word' id='word_1_386' title='bbox 3825 2810 3920 2863; x_wconf 68' lang='lat' dir='ltr'>ista</span> 
     </span>
    </p>
   </div>
   <div class='ocr_carea' id='block_1_58' title="bbox 2235 2891 3920 2962">
    <p class='ocr_par' dir='ltr' id='par_1_58' title="bbox 2235 2891 3920 2962">
     <span class='ocr_line' id='line_1_58' title="bbox 2235 2891 3920 2962; baseline 0.002 -16"><span class='ocrx_word' id='word_1_387' title='bbox 2235 2892 2539 2946; x_wconf 89' lang='lat' dir='ltr'>multitudo</span> <span class='ocrx_word' id='word_1_388' title='bbox 2568 2908 2672 2962; x_wconf 89' lang='lat' dir='ltr'>per</span> <span class='ocrx_word' id='word_1_389' title='bbox 2703 2891 2970 2946; x_wconf 88' lang='lat' dir='ltr'>virtutem</span> <span class='ocrx_word' id='word_1_390' title='bbox 3004 2892 3102 2945; x_wconf 89' lang='lat' dir='ltr'>Dei</span> <span class='ocrx_word' id='word_1_391' title='bbox 3130 2893 3464 2957; x_wconf 89' lang='lat' dir='ltr'>conterrita,</span> <span class='ocrx_word' id='word_1_392' title='bbox 3506 2895 3782 2962; x_wconf 86' lang='lat' dir='ltr'>projectis</span> <span class='ocrx_word' id='word_1_393' title='bbox 3844 2912 3920 2950; x_wconf 39' lang='lat' dir='ltr'>ar.</span> 
     </span>
    </p>
   </div>
   <div class='ocr_carea' id='block_1_59' title="bbox 2233 2979 3920 3055">
    <p class='ocr_par' dir='ltr' id='par_1_59' title="bbox 2233 2979 3920 3055">
     <span class='ocr_line' id='line_1_59' title="bbox 2233 2979 3920 3055; baseline 0.002 -21"><span class='ocrx_word' id='word_1_394' title='bbox 2233 2980 2344 3034; x_wconf 90' lang='lat' dir='ltr'>mis</span> <span class='ocrx_word' id='word_1_395' title='bbox 2390 2980 2513 3034; x_wconf 90' lang='lat' dir='ltr'>sine</span> <span class='ocrx_word' id='word_1_396' title='bbox 2570 2979 2848 3034; x_wconf 72' lang='lat' dir='ltr'>effusione</span> <span class='ocrx_word' id='word_1_397' title='bbox 2905 2979 3200 3049; x_wconf 90' lang='lat' dir='ltr'>sanguinis</span> <span class='ocrx_word' id='word_1_398' title='bbox 3251 2980 3722 3048; x_wconf 88' lang='lat' dir='ltr'>Christianorum,</span> <span class='ocrx_word' id='word_1_399' title='bbox 3776 2984 3920 3055; x_wconf 84' lang='lat' dir='ltr'>fuga</span> 
     </span>
    </p>
   </div>
   <div class='ocr_carea' id='block_1_60' title="bbox 431 3063 3920 3140">
    <p class='ocr_par' dir='ltr' id='par_1_60' title="bbox 431 3063 3920 3140">
     <span class='ocr_line' id='line_1_60' title="bbox 431 3063 3920 3140; baseline 0.001 -18"><span class='ocrx_word' id='word_1_400' title='bbox 431 3086 544 3140; x_wconf 91' lang='lat' dir='ltr'>que</span> <span class='ocrx_word' id='word_1_401' title='bbox 575 3069 647 3122; x_wconf 91' lang='lat' dir='ltr'>ad</span> <span class='ocrx_word' id='word_1_402' title='bbox 695 3073 922 3137; x_wconf 90' lang='lat' dir='ltr'>tempus</span> <span class='ocrx_word' id='word_1_403' title='bbox 951 3067 1033 3137; x_wconf 91' lang='lat' dir='ltr'>pii</span> <span class='ocrx_word' id='word_1_404' title='bbox 1087 3066 1428 3120; x_wconf 87' lang='lat' dir='ltr'>confessoris</span> <span class='ocrx_word' id='word_1_405' title='bbox 1474 3063 1698 3118; x_wconf 84' lang='lat' dir='ltr'>Henrici</span> <span class='ocrx_word' id='word_1_406' title='bbox 1749 3063 2119 3120; x_wconf 88' lang='lat' dir='ltr'>immutatum</span> <span class='ocrx_word' id='word_1_407' title='bbox 2153 3073 2192 3127; x_wconf 87' lang='lat' dir='ltr'>C</span> <span class='ocrx_word' id='word_1_408' title='bbox 2232 3067 2567 3140; x_wconf 60' lang='lat' dir='ltr'>praesidium</span> <span class='ocrx_word' id='word_1_409' title='bbox 2617 3068 2894 3138; x_wconf 55' lang='lat' dir='ltr'>quaesivit.</span> <span class='ocrx_word' id='word_1_410' title='bbox 2953 3068 3076 3132; x_wconf 92' lang='lat' dir='ltr'>Quo</span> <span class='ocrx_word' id='word_1_411' title='bbox 3109 3068 3229 3122; x_wconf 87' lang='lat' dir='ltr'>viso</span> <span class='ocrx_word' id='word_1_412' title='bbox 3267 3070 3382 3123; x_wconf 85' lang='lat' dir='ltr'>Rex</span> <span class='ocrx_word' id='word_1_413' title='bbox 3434 3075 3684 3135; x_wconf 89' lang='lat' dir='ltr'>sanctus,</span> <span class='ocrx_word' id='word_1_414' title='bbox 3738 3073 3920 3127; x_wconf 87' lang='lat' dir='ltr'>eleva-</span> 
     </span>
    </p>
   </div>
   <div class='ocr_carea' id='block_1_61' title="bbox 431 3153 2122 3229">
    <p class='ocr_par' dir='ltr' id='par_1_61' title="bbox 431 3153 2122 3229">
     <span class='ocr_line' id='line_1_61' title="bbox 431 3153 2122 3229; baseline -0.002 -19"><span class='ocrx_word' id='word_1_415' title='bbox 431 3155 765 3229; x_wconf 91' lang='lat' dir='ltr'>permansit.</span> <span class='ocrx_word' id='word_1_416' title='bbox 797 3156 940 3210; x_wconf 92' lang='lat' dir='ltr'>Cum</span> <span class='ocrx_word' id='word_1_417' title='bbox 967 3160 1160 3210; x_wconf 83' lang='lat' dir='ltr'>autem</span> <span class='ocrx_word' id='word_1_418' title='bbox 1193 3154 1512 3208; x_wconf 88' lang='lat' dir='ltr'>convocatis</span> <span class='ocrx_word' id='word_1_419' title='bbox 1557 3153 1710 3206; x_wconf 87' lang='lat' dir='ltr'>idem</span> <span class='ocrx_word' id='word_1_420' title='bbox 1742 3154 1862 3206; x_wconf 88' lang='lat' dir='ltr'>Rex</span> <span class='ocrx_word' id='word_1_421' title='bbox 1912 3153 2122 3208; x_wconf 82' lang='lat' dir='ltr'>Princi-</span> 
     </span>
    </p>
   </div>
   <div class='ocr_carea' id='block_1_62' title="bbox 431 3240 2116 3316">
    <p class='ocr_par' dir='ltr' id='par_1_62' title="bbox 431 3240 2116 3316">
     <span class='ocr_line' id='line_1_62' title="bbox 431 3240 2116 3316; baseline -0.001 -18"><span class='ocrx_word' id='word_1_422' title='bbox 431 3245 603 3316; x_wconf 90' lang='lat' dir='ltr'>pibus</span> <span class='ocrx_word' id='word_1_423' title='bbox 637 3244 802 3315; x_wconf 88' lang='lat' dir='ltr'>regni</span> <span class='ocrx_word' id='word_1_424' title='bbox 851 3243 939 3297; x_wconf 91' lang='lat' dir='ltr'>sui</span> <span class='ocrx_word' id='word_1_425' title='bbox 995 3243 1404 3312; x_wconf 90' lang='lat' dir='ltr'>Quendelburg</span> <span class='ocrx_word' id='word_1_426' title='bbox 1458 3241 1674 3295; x_wconf 87' lang='lat' dir='ltr'>curiam</span> <span class='ocrx_word' id='word_1_427' title='bbox 1733 3240 2116 3296; x_wconf 88' lang='lat' dir='ltr'>celebrasset:</span> 
     </span>
    </p>
   </div>
   <div class='ocr_carea' id='block_1_63' title="bbox 429 3329 2120 3402">
    <p class='ocr_par' dir='ltr' id='par_1_63' title="bbox 429 3329 2120 3402">
     <span class='ocr_line' id='line_1_63' title="bbox 429 3329 2120 3402; baseline -0.001 -16"><span class='ocrx_word' id='word_1_428' title='bbox 429 3331 713 3386; x_wconf 89' lang='lat' dir='ltr'>universis</span> <span class='ocrx_word' id='word_1_429' title='bbox 742 3334 802 3386; x_wconf 92' lang='lat' dir='ltr'>in</span> <span class='ocrx_word' id='word_1_430' title='bbox 832 3331 888 3386; x_wconf 92' lang='lat' dir='ltr'>id</span> <span class='ocrx_word' id='word_1_431' title='bbox 919 3332 1108 3402; x_wconf 88' lang='lat' dir='ltr'>ipsum</span> <span class='ocrx_word' id='word_1_432' title='bbox 1165 3329 1677 3397; x_wconf 89' lang='lat' dir='ltr'>consentientibus,</span> <span class='ocrx_word' id='word_1_433' title='bbox 1738 3329 2030 3384; x_wconf 84' lang='lat' dir='ltr'>Poloniam</span> <span class='ocrx_word' id='word_1_434' title='bbox 2065 3335 2120 3385; x_wconf 93' lang='lat' dir='ltr'>et</span> 
     </span>
    </p>
   </div>
   <div class='ocr_carea' id='block_1_64' title="bbox 429 3419 2117 3492">
    <p class='ocr_par' dir='ltr' id='par_1_64' title="bbox 429 3419 2117 3492">
     <span class='ocr_line' id='line_1_64' title="bbox 429 3419 2117 3492; baseline -0.002 -15"><span class='ocrx_word' id='word_1_435' title='bbox 429 3422 745 3488; x_wconf 86' lang='lat' dir='ltr'>Boemiam,</span> <span class='ocrx_word' id='word_1_436' title='bbox 778 3425 1128 3492; x_wconf 64' lang='lat' dir='ltr'>caaterasque</span> <span class='ocrx_word' id='word_1_437' title='bbox 1167 3420 1496 3474; x_wconf 89' lang='lat' dir='ltr'>Sclavorum</span> <span class='ocrx_word' id='word_1_438' title='bbox 1555 3419 1876 3488; x_wconf 88' lang='lat' dir='ltr'>adjacentes</span> <span class='ocrx_word' id='word_1_439' title='bbox 1927 3419 2117 3490; x_wconf 91' lang='lat' dir='ltr'>regio-</span> 
     </span>
    </p>
   </div>
   <div class='ocr_carea' id='block_1_65' title="bbox 431 3503 2119 3581">
    <p class='ocr_par' dir='ltr' id='par_1_65' title="bbox 431 3503 2119 3581">
     <span class='ocr_line' id='line_1_65' title="bbox 431 3503 2119 3581; baseline -0.004 -18"><span class='ocrx_word' id='word_1_440' title='bbox 431 3525 556 3579; x_wconf 87' lang='lat' dir='ltr'>nes,</span> <span class='ocrx_word' id='word_1_441' title='bbox 581 3525 711 3581; x_wconf 72' lang='lat' dir='ltr'>quae</span> <span class='ocrx_word' id='word_1_442' title='bbox 762 3508 907 3564; x_wconf 85' lang='lat' dir='ltr'>ﬁnes</span> <span class='ocrx_word' id='word_1_443' title='bbox 970 3507 1136 3579; x_wconf 90' lang='lat' dir='ltr'>regni</span> <span class='ocrx_word' id='word_1_444' title='bbox 1166 3507 1254 3560; x_wconf 91' lang='lat' dir='ltr'>sui</span> <span class='ocrx_word' id='word_1_445' title='bbox 1309 3505 1627 3574; x_wconf 87' lang='lat' dir='ltr'>vastabant,</span> <span class='ocrx_word' id='word_1_446' title='bbox 1675 3504 1962 3559; x_wconf 90' lang='lat' dir='ltr'>debellare</span> <span class='ocrx_word' id='word_1_447' title='bbox 2009 3503 2119 3558; x_wconf 86' lang='lat' dir='ltr'>dis-</span> 
     </span>
    </p>
   </div>
   <div class='ocr_carea' id='block_1_66' title="bbox 426 3598 641 3668">
    <p class='ocr_par' dir='ltr' id='par_1_66' title="bbox 426 3598 641 3668">
     <span class='ocr_line' id='line_1_66' title="bbox 426 3598 641 3668; baseline 0.009 -17"><span class='ocrx_word' id='word_1_448' title='bbox 426 3598 641 3668; x_wconf 91' lang='lat' dir='ltr'>posuit.</span> 
     </span>
    </p>
   </div>
   <div class='ocr_carea' id='block_1_67' title="bbox 501 3679 2116 3753">
    <p class='ocr_par' dir='ltr' id='par_1_67' title="bbox 501 3679 2116 3753">
     <span class='ocr_line' id='line_1_67' title="bbox 501 3679 2116 3753; baseline -0.003 -14"><span class='ocrx_word' id='word_1_449' title='bbox 501 3689 552 3738; x_wconf 83' lang='lat'>5.</span> <span class='ocrx_word' id='word_1_450' title='bbox 581 3684 936 3753; x_wconf 89' lang='lat' dir='ltr'>Congregato</span> <span class='ocrx_word' id='word_1_451' title='bbox 983 3681 1181 3750; x_wconf 84' lang='lat' dir='ltr'>itaque</span> <span class='ocrx_word' id='word_1_452' title='bbox 1241 3679 1509 3746; x_wconf 88' lang='lat' dir='ltr'>exercitu,</span> <span class='ocrx_word' id='word_1_453' title='bbox 1568 3683 1763 3734; x_wconf 88' lang='lat' dir='ltr'>contra</span> <span class='ocrx_word' id='word_1_454' title='bbox 1816 3680 2116 3750; x_wconf 65' lang='lat' dir='ltr'>praedictas</span> 
     </span>
    </p>
   </div>
   <div class='ocr_carea' id='block_1_68' title="bbox 428 3767 2114 3840">
    <p class='ocr_par' dir='ltr' id='par_1_68' title="bbox 428 3767 2114 3840">
     <span class='ocr_line' id='line_1_68' title="bbox 428 3767 2114 3840; baseline -0.002 -16"><span class='ocrx_word' id='word_1_455' title='bbox 428 3771 690 3826; x_wconf 91' lang='lat' dir='ltr'>nationes</span> <span class='ocrx_word' id='word_1_456' title='bbox 744 3770 928 3824; x_wconf 89' lang='lat' dir='ltr'>aciem</span> <span class='ocrx_word' id='word_1_457' title='bbox 981 3768 1208 3824; x_wconf 80' lang='lat' dir='ltr'>direxit.</span> <span class='ocrx_word' id='word_1_458' title='bbox 1265 3769 1333 3822; x_wconf 90' lang='lat' dir='ltr'>Et</span> <span class='ocrx_word' id='word_1_459' title='bbox 1385 3767 1598 3822; x_wconf 85' lang='lat' dir='ltr'>faciens</span> <span class='ocrx_word' id='word_1_460' title='bbox 1655 3768 1957 3823; x_wconf 86' lang='lat' dir='ltr'>transitum</span> <span class='ocrx_word' id='word_1_461' title='bbox 2011 3783 2114 3840; x_wconf 92' lang='lat' dir='ltr'>per</span> 
     </span>
    </p>
   </div>
   <div class='ocr_carea' id='block_1_69' title="bbox 427 3855 2113 3929">
    <p class='ocr_par' dir='ltr' id='par_1_69' title="bbox 427 3855 2113 3929">
     <span class='ocr_line' id='line_1_69' title="bbox 427 3855 2113 3929; baseline -0.003 -13"><span class='ocrx_word' id='word_1_462' title='bbox 427 3860 638 3927; x_wconf 90' lang='lat' dir='ltr'>locum,</span> <span class='ocrx_word' id='word_1_463' title='bbox 671 3858 772 3929; x_wconf 91' lang='lat' dir='ltr'>qui</span> <span class='ocrx_word' id='word_1_464' title='bbox 803 3857 1072 3911; x_wconf 83' lang='lat' dir='ltr'>Walbech</span> <span class='ocrx_word' id='word_1_465' title='bbox 1097 3855 1202 3927; x_wconf 82' lang='lat'>(46)</span> <span class='ocrx_word' id='word_1_466' title='bbox 1233 3855 1459 3924; x_wconf 91' lang='lat' dir='ltr'>dicitur,</span> <span class='ocrx_word' id='word_1_467' title='bbox 1493 3855 1748 3926; x_wconf 89' lang='lat' dir='ltr'>gladium</span> <span class='ocrx_word' id='word_1_468' title='bbox 1780 3856 1960 3911; x_wconf 90' lang='lat' dir='ltr'>sancti</span> <span class='ocrx_word' id='word_1_469' title='bbox 1993 3857 2113 3912; x_wconf 80' lang='lat' dir='ltr'>Ad-</span> 
     </span>
    </p>
   </div>
   <div class='ocr_carea' id='block_1_70' title="bbox 425 3943 2112 4017">
    <p class='ocr_par' dir='ltr' id='par_1_70' title="bbox 425 3943 2112 4017">
     <span class='ocr_line' id='line_1_70' title="bbox 425 3943 2112 4017; baseline -0.002 -14"><span class='ocrx_word' id='word_1_470' title='bbox 425 3948 572 4003; x_wconf 89' lang='lat' dir='ltr'>riani</span> <span class='ocrx_word' id='word_1_471' title='bbox 605 3946 889 4017; x_wconf 79' lang='lat' dir='ltr'>martyris,</span> <span class='ocrx_word' id='word_1_472' title='bbox 922 3945 1022 4016; x_wconf 90' lang='lat' dir='ltr'>qui</span> <span class='ocrx_word' id='word_1_473' title='bbox 1045 3960 1150 4015; x_wconf 92' lang='lat' dir='ltr'>pro</span> <span class='ocrx_word' id='word_1_474' title='bbox 1193 3943 1430 4015; x_wconf 89' lang='lat' dir='ltr'>reliquis</span> <span class='ocrx_word' id='word_1_475' title='bbox 1481 3945 1662 3998; x_wconf 87' lang='lat' dir='ltr'>multo</span> <span class='ocrx_word' id='word_1_476' title='bbox 1714 3949 1975 4016; x_wconf 88' lang='lat' dir='ltr'>tempore</span> <span class='ocrx_word' id='word_1_477' title='bbox 2033 3945 2112 4000; x_wconf 90' lang='lat' dir='ltr'>ibi</span> 
     </span>
    </p>
   </div>
   <div class='ocr_carea' id='block_1_71' title="bbox 424 4032 2111 4103">
    <p class='ocr_par' dir='ltr' id='par_1_71' title="bbox 424 4032 2111 4103">
     <span class='ocr_line' id='line_1_71' title="bbox 424 4032 2111 4103; baseline -0.002 -11"><span class='ocrx_word' id='word_1_478' title='bbox 424 4037 776 4101; x_wconf 84' lang='lat' dir='ltr'>servabatur,</span> <span class='ocrx_word' id='word_1_479' title='bbox 827 4033 1062 4103; x_wconf 88' lang='lat' dir='ltr'>accepit.</span> <span class='ocrx_word' id='word_1_480' title='bbox 1125 4032 1246 4096; x_wconf 92' lang='lat' dir='ltr'>Quo</span> <span class='ocrx_word' id='word_1_481' title='bbox 1292 4033 1594 4100; x_wconf 89' lang='lat' dir='ltr'>accinctus,</span> <span class='ocrx_word' id='word_1_482' title='bbox 1656 4049 1720 4087; x_wconf 84' lang='lat' dir='ltr'>ex</span> <span class='ocrx_word' id='word_1_483' title='bbox 1769 4037 1888 4087; x_wconf 91' lang='lat' dir='ltr'>toto</span> <span class='ocrx_word' id='word_1_484' title='bbox 1937 4033 2111 4088; x_wconf 90' lang='lat' dir='ltr'>corde</span> 
     </span>
    </p>
   </div>
   <div class='ocr_carea' id='block_1_72' title="bbox 424 4120 2109 4190">
    <p class='ocr_par' dir='ltr' id='par_1_72' title="bbox 424 4120 2109 4190">
     <span class='ocr_line' id='line_1_72' title="bbox 424 4120 2109 4190; baseline -0.002 -12"><span class='ocrx_word' id='word_1_485' title='bbox 424 4142 526 4179; x_wconf 87' lang='lat' dir='ltr'>suo</span> <span class='ocrx_word' id='word_1_486' title='bbox 558 4123 824 4178; x_wconf 87' lang='lat' dir='ltr'>clamavit</span> <span class='ocrx_word' id='word_1_487' title='bbox 852 4130 909 4176; x_wconf 85' lang='lat' dir='ltr'>et</span> <span class='ocrx_word' id='word_1_488' title='bbox 932 4122 1076 4176; x_wconf 88' lang='lat' dir='ltr'>dixit</span> <span class='ocrx_word' id='word_1_489' title='bbox 1103 4139 1120 4174; x_wconf 92' lang='lat'>:</span> <span class='ocrx_word' id='word_1_490' title='bbox 1149 4120 1346 4174; x_wconf 77' lang='lat' dir='ltr'>Judica</span> <span class='ocrx_word' id='word_1_491' title='bbox 1395 4120 1634 4175; x_wconf 91' lang='lat' dir='ltr'>Domine</span> <span class='ocrx_word' id='word_1_492' title='bbox 1665 4128 1936 4176; x_wconf 88' lang='lat' dir='ltr'>nocentes</span> <span class='ocrx_word' id='word_1_493' title='bbox 1993 4138 2109 4190; x_wconf 89' lang='lat' dir='ltr'>me,</span> 
     </span>
    </p>
   </div>
   <div class='ocr_carea' id='block_1_73' title="bbox 421 4209 2112 4283">
    <p class='ocr_par' dir='ltr' id='par_1_73' title="bbox 421 4209 2112 4283">
     <span class='ocr_line' id='line_1_73' title="bbox 421 4209 2112 4283; baseline -0.002 -16"><span class='ocrx_word' id='word_1_494' title='bbox 421 4228 686 4283; x_wconf 89' lang='lat' dir='ltr'>expugna</span> <span class='ocrx_word' id='word_1_495' title='bbox 733 4211 1138 4280; x_wconf 88' lang='lat' dir='ltr'>impugnantes</span> <span class='ocrx_word' id='word_1_496' title='bbox 1201 4224 1316 4275; x_wconf 90' lang='lat' dir='ltr'>me,</span> <span class='ocrx_word' id='word_1_497' title='bbox 1372 4209 1740 4279; x_wconf 83' lang='lat' dir='ltr'>apprehende</span> <span class='ocrx_word' id='word_1_498' title='bbox 1823 4225 1984 4263; x_wconf 88' lang='lat' dir='ltr'>arma</span> <span class='ocrx_word' id='word_1_499' title='bbox 2055 4214 2112 4264; x_wconf 87' lang='lat' dir='ltr'>et</span> 
     </span>
    </p>
   </div>
   <div class='ocr_carea' id='block_1_74' title="bbox 421 4295 2108 4368">
    <p class='ocr_par' dir='ltr' id='par_1_74' title="bbox 421 4295 2108 4368">
     <span class='ocr_line' id='line_1_74' title="bbox 421 4295 2108 4368; baseline -0.002 -13"><span class='ocrx_word' id='word_1_500' title='bbox 421 4307 665 4366; x_wconf 89' lang='lat' dir='ltr'>scutum,</span> <span class='ocrx_word' id='word_1_501' title='bbox 700 4304 758 4353; x_wconf 89' lang='lat' dir='ltr'>et</span> <span class='ocrx_word' id='word_1_502' title='bbox 787 4313 999 4368; x_wconf 83' lang='lat' dir='ltr'>exurge</span> <span class='ocrx_word' id='word_1_503' title='bbox 1055 4297 1115 4351; x_wconf 92' lang='lat' dir='ltr'>in</span> <span class='ocrx_word' id='word_1_504' title='bbox 1160 4295 1510 4365; x_wconf 88' lang='lat' dir='ltr'>adjutorium</span> <span class='ocrx_word' id='word_1_505' title='bbox 1568 4297 1730 4350; x_wconf 87' lang='lat' dir='ltr'>mihi.</span> <span class='ocrx_word' id='word_1_506' title='bbox 1782 4297 1920 4352; x_wconf 91' lang='lat' dir='ltr'>Inde</span> <span class='ocrx_word' id='word_1_507' title='bbox 1974 4313 2108 4368; x_wconf 88' lang='lat' dir='ltr'>pro-</span> 
     </span>
    </p>
   </div>
   <div class='ocr_carea' id='block_1_75' title="bbox 2231 3156 3912 3225">
    <p class='ocr_par' dir='ltr' id='par_1_75' title="bbox 2231 3156 3912 3225">
     <span class='ocr_line' id='line_1_75' title="bbox 2231 3156 3912 3225; baseline 0.003 -15"><span class='ocrx_word' id='word_1_508' title='bbox 2231 3157 2304 3210; x_wconf 89' lang='lat' dir='ltr'>tis</span> <span class='ocrx_word' id='word_1_509' title='bbox 2326 3156 2502 3210; x_wconf 89' lang='lat' dir='ltr'>oculis</span> <span class='ocrx_word' id='word_1_510' title='bbox 2532 3161 2588 3210; x_wconf 90' lang='lat' dir='ltr'>et</span> <span class='ocrx_word' id='word_1_511' title='bbox 2616 3157 2881 3210; x_wconf 88' lang='lat' dir='ltr'>manibus</span> <span class='ocrx_word' id='word_1_512' title='bbox 2909 3156 2969 3210; x_wconf 90' lang='lat' dir='ltr'>in</span> <span class='ocrx_word' id='word_1_513' title='bbox 3021 3157 3247 3225; x_wconf 67' lang='lat' dir='ltr'>coelum,</span> <span class='ocrx_word' id='word_1_514' title='bbox 3281 3157 3569 3212; x_wconf 85' lang='lat' dir='ltr'>benedixit</span> <span class='ocrx_word' id='word_1_515' title='bbox 3626 3159 3744 3212; x_wconf 92' lang='lat' dir='ltr'>Deo</span> <span class='ocrx_word' id='word_1_516' title='bbox 3804 3163 3912 3215; x_wconf 71' lang='lat' dir='ltr'>coal</span> 
     </span>
    </p>
   </div>
   <div class='ocr_carea' id='block_1_76' title="bbox 2230 3244 3920 3317">
    <p class='ocr_par' dir='ltr' id='par_1_76' title="bbox 2230 3244 3920 3317">
     <span class='ocr_line' id='line_1_76' title="bbox 2230 3244 3920 3317; baseline 0.003 -19"><span class='ocrx_word' id='word_1_517' title='bbox 2230 3248 2288 3298; x_wconf 91' lang='lat' dir='ltr'>et</span> <span class='ocrx_word' id='word_1_518' title='bbox 2312 3244 2437 3299; x_wconf 88' lang='lat' dir='ltr'>ait:</span> <span class='ocrx_word' id='word_1_519' title='bbox 2489 3244 2788 3310; x_wconf 90' lang='lat' dir='ltr'>Benedico,</span> <span class='ocrx_word' id='word_1_520' title='bbox 2825 3246 2941 3299; x_wconf 88' lang='lat' dir='ltr'>Rex</span> <span class='ocrx_word' id='word_1_521' title='bbox 2987 3245 3114 3299; x_wconf 69' lang='lat' dir='ltr'>coeli</span> <span class='ocrx_word' id='word_1_522' title='bbox 3156 3251 3214 3299; x_wconf 92' lang='lat' dir='ltr'>et</span> <span class='ocrx_word' id='word_1_523' title='bbox 3272 3249 3460 3312; x_wconf 76' lang='lat' dir='ltr'>terrae,</span> <span class='ocrx_word' id='word_1_524' title='bbox 3512 3246 3612 3317; x_wconf 92' lang='lat' dir='ltr'>qui</span> <span class='ocrx_word' id='word_1_525' title='bbox 3656 3249 3920 3316; x_wconf 82' lang='lat' dir='ltr'>superbi:</span> 
     </span>
    </p>
   </div>
   <div class='ocr_carea' id='block_1_77' title="bbox 2227 3332 3920 3404">
    <p class='ocr_par' dir='ltr' id='par_1_77' title="bbox 2227 3332 3920 3404">
     <span class='ocr_line' id='line_1_77' title="bbox 2227 3332 3920 3404; baseline 0.002 -17"><span class='ocrx_word' id='word_1_526' title='bbox 2227 3332 2444 3387; x_wconf 87' lang='lat' dir='ltr'>resistis</span> <span class='ocrx_word' id='word_1_527' title='bbox 2464 3337 2520 3386; x_wconf 92' lang='lat' dir='ltr'>et</span> <span class='ocrx_word' id='word_1_528' title='bbox 2564 3332 2879 3387; x_wconf 88' lang='lat' dir='ltr'>humilibus</span> <span class='ocrx_word' id='word_1_529' title='bbox 2909 3333 3008 3387; x_wconf 89' lang='lat' dir='ltr'>das</span> <span class='ocrx_word' id='word_1_530' title='bbox 3033 3333 3316 3404; x_wconf 89' lang='lat' dir='ltr'>gratiam:</span> <span class='ocrx_word' id='word_1_531' title='bbox 3376 3333 3478 3404; x_wconf 92' lang='lat' dir='ltr'>qui</span> <span class='ocrx_word' id='word_1_532' title='bbox 3528 3335 3786 3389; x_wconf 88' lang='lat' dir='ltr'>custodis</span> <span class='ocrx_word' id='word_1_533' title='bbox 3850 3337 3920 3391; x_wconf 42' lang='lat' dir='ltr'>di.</span> 
     </span>
    </p>
   </div>
   <div class='ocr_carea' id='block_1_78' title="bbox 2227 3420 3920 3496">
    <p class='ocr_par' dir='ltr' id='par_1_78' title="bbox 2227 3420 3920 3496">
     <span class='ocr_line' id='line_1_78' title="bbox 2227 3420 3920 3496; baseline 0.002 -20"><span class='ocrx_word' id='word_1_534' title='bbox 2227 3420 2470 3492; x_wconf 86' lang='lat' dir='ltr'>ligentes</span> <span class='ocrx_word' id='word_1_535' title='bbox 2507 3426 2564 3475; x_wconf 90' lang='lat' dir='ltr'>te</span> <span class='ocrx_word' id='word_1_536' title='bbox 2602 3425 2659 3475; x_wconf 89' lang='lat' dir='ltr'>et</span> <span class='ocrx_word' id='word_1_537' title='bbox 2707 3420 3058 3492; x_wconf 83' lang='lat' dir='ltr'>glorificatus</span> <span class='ocrx_word' id='word_1_538' title='bbox 3118 3437 3178 3475; x_wconf 90' lang='lat' dir='ltr'>es</span> <span class='ocrx_word' id='word_1_539' title='bbox 3221 3421 3280 3475; x_wconf 91' lang='lat' dir='ltr'>in</span> <span class='ocrx_word' id='word_1_540' title='bbox 3338 3422 3627 3492; x_wconf 85' lang='lat' dir='ltr'>gentibus,</span> <span class='ocrx_word' id='word_1_541' title='bbox 3682 3431 3920 3496; x_wconf 82' lang='lat' dir='ltr'>proptel</span> 
     </span>
    </p>
   </div>
   <div class='ocr_carea' id='block_1_79' title="bbox 2226 3509 3920 3581">
    <p class='ocr_par' dir='ltr' id='par_1_79' title="bbox 2226 3509 3920 3581">
     <span class='ocr_line' id='line_1_79' title="bbox 2226 3509 3920 3581; baseline 0.002 -17"><span class='ocrx_word' id='word_1_542' title='bbox 2226 3509 2416 3564; x_wconf 89' lang='lat' dir='ltr'>datam</span> <span class='ocrx_word' id='word_1_543' title='bbox 2446 3509 2611 3563; x_wconf 91' lang='lat' dir='ltr'>nobis</span> <span class='ocrx_word' id='word_1_544' title='bbox 2641 3509 2711 3564; x_wconf 90' lang='lat' dir='ltr'>de</span> <span class='ocrx_word' id='word_1_545' title='bbox 2732 3509 2873 3564; x_wconf 73' lang='lat' dir='ltr'>coelo</span> <span class='ocrx_word' id='word_1_546' title='bbox 2899 3509 3223 3564; x_wconf 88' lang='lat' dir='ltr'>victoriam.</span> <span class='ocrx_word' id='word_1_547' title='bbox 3263 3510 3435 3564; x_wconf 79' lang='lat' dir='ltr'>Victis</span> <span class='ocrx_word' id='word_1_548' title='bbox 3463 3526 3599 3581; x_wconf 91' lang='lat' dir='ltr'>ergo</span> <span class='ocrx_word' id='word_1_549' title='bbox 3661 3511 3920 3568; x_wconf 79' lang='lat' dir='ltr'>barbari:</span> 
     </span>
    </p>
   </div>
   <div class='ocr_carea' id='block_1_80' title="bbox 2225 3597 3920 3669">
    <p class='ocr_par' dir='ltr' id='par_1_80' title="bbox 2225 3597 3920 3669">
     <span class='ocr_line' id='line_1_80' title="bbox 2225 3597 3920 3669; baseline 0.002 -18"><span class='ocrx_word' id='word_1_550' title='bbox 2225 3602 2280 3652; x_wconf 89' lang='lat' dir='ltr'>et</span> <span class='ocrx_word' id='word_1_551' title='bbox 2309 3613 2437 3668; x_wconf 71' lang='lat' dir='ltr'>quae</span> <span class='ocrx_word' id='word_1_552' title='bbox 2467 3597 2536 3651; x_wconf 91' lang='lat' dir='ltr'>ad</span> <span class='ocrx_word' id='word_1_553' title='bbox 2569 3597 2822 3652; x_wconf 89' lang='lat' dir='ltr'>futuram</span> <span class='ocrx_word' id='word_1_554' title='bbox 2853 3612 3054 3667; x_wconf 84' lang='lat' dir='ltr'>pacem</span> <span class='ocrx_word' id='word_1_555' title='bbox 3107 3598 3379 3667; x_wconf 88' lang='lat' dir='ltr'>prodesse</span> <span class='ocrx_word' id='word_1_556' title='bbox 3409 3602 3676 3669; x_wconf 86' lang='lat' dir='ltr'>poterant</span> <span class='ocrx_word' id='word_1_557' title='bbox 3702 3599 3920 3656; x_wconf 85' lang='lat' dir='ltr'>ﬁrmis-</span> 
     </span>
    </p>
   </div>
   <div class='ocr_carea' id='block_1_81' title="bbox 2226 3685 3920 3756">
    <p class='ocr_par' dir='ltr' id='par_1_81' title="bbox 2226 3685 3920 3756">
     <span class='ocr_line' id='line_1_81' title="bbox 2226 3685 3920 3756; baseline 0.003 -16"><span class='ocrx_word' id='word_1_558' title='bbox 2226 3685 2371 3740; x_wconf 90' lang='lat' dir='ltr'>sima</span> <span class='ocrx_word' id='word_1_559' title='bbox 2403 3686 2661 3756; x_wconf 89' lang='lat' dir='ltr'>pactione</span> <span class='ocrx_word' id='word_1_560' title='bbox 2693 3685 2977 3750; x_wconf 90' lang='lat' dir='ltr'>stabilitis,</span> <span class='ocrx_word' id='word_1_561' title='bbox 3013 3685 3101 3739; x_wconf 92' lang='lat' dir='ltr'>vir</span> <span class='ocrx_word' id='word_1_562' title='bbox 3130 3687 3335 3740; x_wconf 88' lang='lat' dir='ltr'>Beatus</span> <span class='ocrx_word' id='word_1_563' title='bbox 3385 3702 3516 3740; x_wconf 92' lang='lat' dir='ltr'>cum</span> <span class='ocrx_word' id='word_1_564' title='bbox 3565 3687 3683 3741; x_wconf 90' lang='lat' dir='ltr'>suis</span> <span class='ocrx_word' id='word_1_565' title='bbox 3711 3687 3779 3743; x_wconf 89' lang='lat' dir='ltr'>in</span> <span class='ocrx_word' id='word_1_566' title='bbox 3824 3707 3920 3746; x_wconf 83' lang='lat' dir='ltr'>sua</span> 
     </span>
    </p>
   </div>
   <div class='ocr_carea' id='block_1_82' title="bbox 2223 3774 3920 3847">
    <p class='ocr_par' dir='ltr' id='par_1_82' title="bbox 2223 3774 3920 3847">
     <span class='ocr_line' id='line_1_82' title="bbox 2223 3774 3920 3847; baseline 0.003 -19"><span class='ocrx_word' id='word_1_567' title='bbox 2223 3774 2518 3829; x_wconf 88' lang='lat' dir='ltr'>redierunt</span> <span class='ocrx_word' id='word_1_568' title='bbox 2539 3789 2668 3828; x_wconf 92' lang='lat' dir='ltr'>cum</span> <span class='ocrx_word' id='word_1_569' title='bbox 2690 3789 2848 3844; x_wconf 88' lang='lat' dir='ltr'>pace,</span> <span class='ocrx_word' id='word_1_570' title='bbox 2905 3774 3291 3842; x_wconf 86' lang='lat' dir='ltr'>gloriﬁcantes</span> <span class='ocrx_word' id='word_1_571' title='bbox 3310 3778 3366 3829; x_wconf 89' lang='lat' dir='ltr'>et</span> <span class='ocrx_word' id='word_1_572' title='bbox 3385 3775 3678 3830; x_wconf 81' lang='lat' dir='ltr'>laudantes</span> <span class='ocrx_word' id='word_1_573' title='bbox 3707 3777 3920 3847; x_wconf 78' lang='lat' dir='ltr'>Deum1</span> 
     </span>
    </p>
   </div>
   <div class='ocr_carea' id='block_1_83' title="bbox 2223 3861 3042 3934">
    <p class='ocr_par' dir='ltr' id='par_1_83' title="bbox 2223 3861 3042 3934">
     <span class='ocr_line' id='line_1_83' title="bbox 2223 3861 3042 3934; baseline 0 -18"><span class='ocrx_word' id='word_1_574' title='bbox 2223 3863 2323 3934; x_wconf 92' lang='lat' dir='ltr'>qui</span> <span class='ocrx_word' id='word_1_575' title='bbox 2353 3863 2531 3916; x_wconf 90' lang='lat' dir='ltr'>salvat</span> <span class='ocrx_word' id='word_1_576' title='bbox 2561 3867 2855 3933; x_wconf 90' lang='lat' dir='ltr'>sperantes</span> <span class='ocrx_word' id='word_1_577' title='bbox 2875 3861 2936 3916; x_wconf 90' lang='lat' dir='ltr'>in</span> <span class='ocrx_word' id='word_1_578' title='bbox 2963 3878 3042 3916; x_wconf 90' lang='lat' dir='ltr'>se.</span> 
     </span>
    </p>
   </div>
   <div class='ocr_carea' id='block_1_84' title="bbox 2295 3949 3920 4022">
    <p class='ocr_par' dir='ltr' id='par_1_84' title="bbox 2295 3949 3920 4022">
     <span class='ocr_line' id='line_1_84' title="bbox 2295 3949 3920 4022; baseline 0.004 -18"><span class='ocrx_word' id='word_1_579' title='bbox 2295 3955 2345 4004; x_wconf 89' lang='lat'>’7.</span> <span class='ocrx_word' id='word_1_580' title='bbox 2389 3951 2646 4022; x_wconf 90' lang='lat' dir='ltr'>Cumque</span> <span class='ocrx_word' id='word_1_581' title='bbox 2699 3949 3212 4005; x_wconf 86' lang='lat' dir='ltr'>Christianissimus</span> <span class='ocrx_word' id='word_1_582' title='bbox 3270 3966 3370 4006; x_wconf 87' lang='lat' dir='ltr'>rex</span> <span class='ocrx_word' id='word_1_583' title='bbox 3402 3951 3717 4020; x_wconf 87' lang='lat' dir='ltr'>Poloniam,</span> <span class='ocrx_word' id='word_1_584' title='bbox 3782 3957 3920 4011; x_wconf 83' lang='lat' dir='ltr'>Boe-</span> 
     </span>
    </p>
   </div>
   <div class='ocr_carea' id='block_1_85' title="bbox 2221 4037 3920 4104">
    <p class='ocr_par' dir='ltr' id='par_1_85' title="bbox 2221 4037 3920 4104">
     <span class='ocr_line' id='line_1_85' title="bbox 2221 4037 3920 4104; baseline 0.005 -12"><span class='ocrx_word' id='word_1_585' title='bbox 2221 4037 2422 4104; x_wconf 89' lang='lat' dir='ltr'>miam,</span> <span class='ocrx_word' id='word_1_586' title='bbox 2479 4037 2787 4093; x_wconf 82' lang='lat' dir='ltr'>Moraviam</span> <span class='ocrx_word' id='word_1_587' title='bbox 2842 4039 3173 4093; x_wconf 90' lang='lat' dir='ltr'>tributarias</span> <span class='ocrx_word' id='word_1_588' title='bbox 3209 4039 3477 4094; x_wconf 84' lang='lat' dir='ltr'>fecisset:</span> <span class='ocrx_word' id='word_1_589' title='bbox 3529 4041 3602 4095; x_wconf 92' lang='lat' dir='ltr'>ob</span> <span class='ocrx_word' id='word_1_590' title='bbox 3652 4058 3920 4100; x_wconf 89' lang='lat' dir='ltr'>reveren-</span> 
     </span>
    </p>
   </div>
   <div class='ocr_carea' id='block_1_86' title="bbox 2221 4125 3920 4196">
    <p class='ocr_par' dir='ltr' id='par_1_86' title="bbox 2221 4125 3920 4196">
     <span class='ocr_line' id='line_1_86' title="bbox 2221 4125 3920 4196; baseline 0.004 -16"><span class='ocrx_word' id='word_1_591' title='bbox 2221 4126 2361 4180; x_wconf 88' lang='lat' dir='ltr'>tiam</span> <span class='ocrx_word' id='word_1_592' title='bbox 2391 4125 2446 4181; x_wconf 91' lang='lat' dir='ltr'>S.</span> <span class='ocrx_word' id='word_1_593' title='bbox 2491 4125 2781 4180; x_wconf 86' lang='lat' dir='ltr'>Laurentii</span> <span class='ocrx_word' id='word_1_594' title='bbox 2827 4125 3116 4196; x_wconf 82' lang='lat' dir='ltr'>martyris,</span> <span class='ocrx_word' id='word_1_595' title='bbox 3167 4127 3656 4182; x_wconf 88' lang='lat' dir='ltr'>conculcationem</span> <span class='ocrx_word' id='word_1_596' title='bbox 3707 4134 3770 4184; x_wconf 89' lang='lat' dir='ltr'>et</span> <span class='ocrx_word' id='word_1_597' title='bbox 3825 4133 3920 4187; x_wconf 84' lang='lat' dir='ltr'>de-</span> 
     </span>
    </p>
   </div>
   <div class='ocr_carea' id='block_1_87' title="bbox 2221 4214 3920 4291">
    <p class='ocr_par' dir='ltr' id='par_1_87' title="bbox 2221 4214 3920 4291">
     <span class='ocr_line' id='line_1_87' title="bbox 2221 4214 3920 4291; baseline 0.005 -24"><span class='ocrx_word' id='word_1_598' title='bbox 2221 4214 2595 4268; x_wconf 89' lang='lat' dir='ltr'>structionem</span> <span class='ocrx_word' id='word_1_599' title='bbox 2667 4214 3150 4284; x_wconf 76' lang='lat' dir='ltr'>Merseburgensis</span> <span class='ocrx_word' id='word_1_600' title='bbox 3225 4215 3498 4282; x_wconf 66' lang='lat' dir='ltr'>ecciesiae,</span> <span class='ocrx_word' id='word_1_601' title='bbox 3573 4219 3748 4289; x_wconf 64' lang='lat' dir='ltr'>coepit</span> <span class='ocrx_word' id='word_1_602' title='bbox 3825 4222 3920 4291; x_wconf 84' lang='lat' dir='ltr'>pio</span> 
     </span>
    </p>
   </div>
   <div class='ocr_carea' id='block_1_88' title="bbox 2219 4301 3920 4373">
    <p class='ocr_par' dir='ltr' id='par_1_88' title="bbox 2219 4301 3920 4373">
     <span class='ocr_line' id='line_1_88' title="bbox 2219 4301 3920 4373; baseline 0.004 -17"><span class='ocrx_word' id='word_1_603' title='bbox 2219 4301 2427 4356; x_wconf 90' lang='lat' dir='ltr'>intuitu</span> <span class='ocrx_word' id='word_1_604' title='bbox 2473 4301 2882 4356; x_wconf 65' lang='lat' dir='ltr'>misericordiae</span> <span class='ocrx_word' id='word_1_605' title='bbox 2915 4308 2970 4356; x_wconf 91' lang='lat' dir='ltr'>et</span> <span class='ocrx_word' id='word_1_606' title='bbox 2989 4302 3216 4373; x_wconf 90' lang='lat' dir='ltr'>pietatis</span> <span class='ocrx_word' id='word_1_607' title='bbox 3265 4304 3569 4373; x_wconf 89' lang='lat' dir='ltr'>respicere,</span> <span class='ocrx_word' id='word_1_608' title='bbox 3601 4309 3656 4358; x_wconf 91' lang='lat' dir='ltr'>et</span> <span class='ocrx_word' id='word_1_609' title='bbox 3687 4306 3761 4360; x_wconf 92' lang='lat' dir='ltr'>ad</span> <span class='ocrx_word' id='word_1_610' title='bbox 3833 4309 3920 4362; x_wconf 92' lang='lat' dir='ltr'>ni-</span> 
     </span>
    </p>
   </div>
   <div class='ocr_carea' id='block_1_89' title="bbox 421 4385 3920 4469">
    <p class='ocr_par' dir='ltr' id='par_1_89' title="bbox 421 4385 3920 4469">
     <span class='ocr_line' id='line_1_89' title="bbox 421 4385 3920 4469; baseline 0.002 -26"><span class='ocrx_word' id='word_1_611' title='bbox 421 4404 649 4460; x_wconf 91' lang='lat' dir='ltr'>gressus</span> <span class='ocrx_word' id='word_1_612' title='bbox 678 4395 859 4441; x_wconf 88' lang='lat' dir='ltr'>castra</span> <span class='ocrx_word' id='word_1_613' title='bbox 893 4391 1137 4439; x_wconf 90' lang='lat' dir='ltr'>metatus</span> <span class='ocrx_word' id='word_1_614' title='bbox 1155 4391 1242 4438; x_wconf 89' lang='lat' dir='ltr'>est</span> <span class='ocrx_word' id='word_1_615' title='bbox 1270 4385 1328 4438; x_wconf 91' lang='lat' dir='ltr'>in</span> <span class='ocrx_word' id='word_1_616' title='bbox 1359 4400 1582 4456; x_wconf 90' lang='lat' dir='ltr'>campo,</span> <span class='ocrx_word' id='word_1_617' title='bbox 1623 4385 1720 4439; x_wconf 89' lang='lat' dir='ltr'>ubi</span> <span class='ocrx_word' id='word_1_618' title='bbox 1787 4386 2103 4440; x_wconf 83' lang='lat' dir='ltr'>Mersebur-</span> <span class='ocrx_word' id='word_1_619' title='bbox 2137 4415 2180 4469; x_wconf 74' lang='grc' dir='ltr'>ο</span> <span class='ocrx_word' id='word_1_620' title='bbox 2218 4389 2400 4445; x_wconf 86' lang='lat' dir='ltr'>hilum</span> <span class='ocrx_word' id='word_1_621' title='bbox 2459 4391 2686 4445; x_wconf 89' lang='lat' dir='ltr'>redacta</span> <span class='ocrx_word' id='word_1_622' title='bbox 2733 4393 2794 4444; x_wconf 94' lang='lat' dir='ltr'>in</span> <span class='ocrx_word' id='word_1_623' title='bbox 2852 4390 3129 4458; x_wconf 63' lang='lat' dir='ltr'>aediliciis,</span> <span class='ocrx_word' id='word_1_624' title='bbox 3189 4391 3248 4445; x_wconf 94' lang='lat' dir='ltr'>in</span> <span class='ocrx_word' id='word_1_625' title='bbox 3309 4392 3811 4462; x_wconf 87' lang='lat' dir='ltr'>ministerialibus,</span> <span class='ocrx_word' id='word_1_626' title='bbox 3866 4398 3920 4451; x_wconf 90' lang='lat' dir='ltr'>in</span> 
     </span>
    </p>
   </div>
   <div class='ocr_carea' id='block_1_90' title="bbox 419 4473 2101 4548">
    <p class='ocr_par' dir='ltr' id='par_1_90' title="bbox 419 4473 2101 4548">
     <span class='ocr_line' id='line_1_90' title="bbox 419 4473 2101 4548; baseline -0.002 -17"><span class='ocrx_word' id='word_1_627' title='bbox 419 4477 612 4548; x_wconf 89' lang='lat' dir='ltr'>gensis</span> <span class='ocrx_word' id='word_1_628' title='bbox 643 4475 878 4530; x_wconf 82' lang='lat' dir='ltr'>ecclesia</span> <span class='ocrx_word' id='word_1_629' title='bbox 907 4475 1016 4527; x_wconf 89' lang='lat' dir='ltr'>sita</span> <span class='ocrx_word' id='word_1_630' title='bbox 1036 4478 1140 4540; x_wconf 85' lang='lat' dir='ltr'>est,</span> <span class='ocrx_word' id='word_1_631' title='bbox 1173 4478 1230 4527; x_wconf 91' lang='lat' dir='ltr'>et</span> <span class='ocrx_word' id='word_1_632' title='bbox 1261 4473 1458 4528; x_wconf 87' lang='lat' dir='ltr'>videns</span> <span class='ocrx_word' id='word_1_633' title='bbox 1515 4474 1702 4528; x_wconf 91' lang='lat' dir='ltr'>locum</span> <span class='ocrx_word' id='word_1_634' title='bbox 1760 4473 2101 4538; x_wconf 90' lang='lat' dir='ltr'>desolatum,</span> 
     </span>
    </p>
   </div>
   <div class='ocr_carea' id='block_1_91' title="bbox 420 4561 2104 4632">
    <p class='ocr_par' dir='ltr' id='par_1_91' title="bbox 420 4561 2104 4632">
     <span class='ocr_line' id='line_1_91' title="bbox 420 4561 2104 4632; baseline -0.002 -12"><span class='ocrx_word' id='word_1_635' title='bbox 420 4572 478 4620; x_wconf 89' lang='lat' dir='ltr'>et</span> <span class='ocrx_word' id='word_1_636' title='bbox 524 4565 584 4618; x_wconf 91' lang='lat' dir='ltr'>in</span> <span class='ocrx_word' id='word_1_637' title='bbox 637 4563 884 4618; x_wconf 90' lang='lat' dir='ltr'>nihilum</span> <span class='ocrx_word' id='word_1_638' title='bbox 933 4563 1245 4630; x_wconf 87' lang='lat' dir='ltr'>redactum,</span> <span class='ocrx_word' id='word_1_639' title='bbox 1302 4563 1587 4632; x_wconf 88' lang='lat' dir='ltr'>ingemuit</span> <span class='ocrx_word' id='word_1_640' title='bbox 1641 4567 1698 4616; x_wconf 90' lang='lat' dir='ltr'>et</span> <span class='ocrx_word' id='word_1_641' title='bbox 1753 4561 1873 4617; x_wconf 90' lang='lat' dir='ltr'>ait:</span> <span class='ocrx_word' id='word_1_642' title='bbox 1935 4564 2104 4617; x_wconf 88' lang='lat' dir='ltr'>Beate</span> 
     </span>
    </p>
   </div>
   <div class='ocr_carea' id='block_1_92' title="bbox 418 4650 2100 4721">
    <p class='ocr_par' dir='ltr' id='par_1_92' title="bbox 418 4650 2100 4721">
     <span class='ocr_line' id='line_1_92' title="bbox 418 4650 2100 4721; baseline -0.003 -11"><span class='ocrx_word' id='word_1_643' title='bbox 418 4653 686 4710; x_wconf 88' lang='lat' dir='ltr'>Laurenti</span> <span class='ocrx_word' id='word_1_644' title='bbox 719 4657 936 4721; x_wconf 84' lang='lat' dir='ltr'>martyr</span> <span class='ocrx_word' id='word_1_645' title='bbox 967 4651 1196 4718; x_wconf 90' lang='lat' dir='ltr'>Christi,</span> <span class='ocrx_word' id='word_1_646' title='bbox 1229 4650 1276 4704; x_wconf 87' lang='lat' dir='ltr'>si</span> <span class='ocrx_word' id='word_1_647' title='bbox 1316 4657 1414 4704; x_wconf 89' lang='lat' dir='ltr'>tuo</span> <span class='ocrx_word' id='word_1_648' title='bbox 1446 4650 1770 4704; x_wconf 88' lang='lat' dir='ltr'>interventu</span> <span class='ocrx_word' id='word_1_649' title='bbox 1823 4651 1925 4704; x_wconf 90' lang='lat' dir='ltr'>has</span> <span class='ocrx_word' id='word_1_650' title='bbox 1971 4651 2100 4705; x_wconf 88' lang='lat' dir='ltr'>bar-</span> 
     </span>
    </p>
   </div>
   <div class='ocr_carea' id='block_1_93' title="bbox 414 4739 2104 4810">
    <p class='ocr_par' dir='ltr' id='par_1_93' title="bbox 414 4739 2104 4810">
     <span class='ocr_line' id='line_1_93' title="bbox 414 4739 2104 4810; baseline -0.001 -14"><span class='ocrx_word' id='word_1_651' title='bbox 414 4743 584 4797; x_wconf 86' lang='lat' dir='ltr'>baras</span> <span class='ocrx_word' id='word_1_652' title='bbox 614 4741 895 4806; x_wconf 90' lang='lat' dir='ltr'>nationes,</span> <span class='ocrx_word' id='word_1_653' title='bbox 928 4740 996 4793; x_wconf 91' lang='lat' dir='ltr'>ad</span> <span class='ocrx_word' id='word_1_654' title='bbox 1029 4756 1171 4810; x_wconf 90' lang='lat' dir='ltr'>quas</span> <span class='ocrx_word' id='word_1_655' title='bbox 1200 4754 1403 4810; x_wconf 88' lang='lat' dir='ltr'>pergo,</span> <span class='ocrx_word' id='word_1_656' title='bbox 1439 4739 1698 4793; x_wconf 88' lang='lat' dir='ltr'>Romano</span> <span class='ocrx_word' id='word_1_657' title='bbox 1720 4739 1987 4809; x_wconf 86' lang='lat' dir='ltr'>Imperio,</span> <span class='ocrx_word' id='word_1_658' title='bbox 2047 4744 2104 4794; x_wconf 90' lang='lat' dir='ltr'>et</span> 
     </span>
    </p>
   </div>
   <div class='ocr_carea' id='block_1_94' title="bbox 415 4828 2099 4899">
    <p class='ocr_par' dir='ltr' id='par_1_94' title="bbox 415 4828 2099 4899">
     <span class='ocr_line' id='line_1_94' title="bbox 415 4828 2099 4899; baseline -0.002 -13"><span class='ocrx_word' id='word_1_659' title='bbox 415 4831 750 4886; x_wconf 70' lang='lat' dir='ltr'>Christianae</span> <span class='ocrx_word' id='word_1_660' title='bbox 792 4828 1058 4899; x_wconf 86' lang='lat' dir='ltr'>religioni</span> <span class='ocrx_word' id='word_1_661' title='bbox 1115 4829 1520 4897; x_wconf 85' lang='lat' dir='ltr'>subjugavero,</span> <span class='ocrx_word' id='word_1_662' title='bbox 1552 4828 1706 4881; x_wconf 90' lang='lat' dir='ltr'>hunc</span> <span class='ocrx_word' id='word_1_663' title='bbox 1758 4828 1942 4881; x_wconf 89' lang='lat' dir='ltr'>locum</span> <span class='ocrx_word' id='word_1_664' title='bbox 2000 4828 2099 4882; x_wconf 91' lang='lat' dir='ltr'>de-</span> 
     </span>
    </p>
   </div>
   <div class='ocr_carea' id='block_1_95' title="bbox 413 4914 2102 4981">
    <p class='ocr_par' dir='ltr' id='par_1_95' title="bbox 413 4914 2102 4981">
     <span class='ocr_line' id='line_1_95' title="bbox 413 4914 2102 4981; baseline -0.002 -8"><span class='ocrx_word' id='word_1_665' title='bbox 413 4919 659 4974; x_wconf 84' lang='lat' dir='ltr'>solatum</span> <span class='ocrx_word' id='word_1_666' title='bbox 718 4923 818 4971; x_wconf 92' lang='lat' dir='ltr'>tuo</span> <span class='ocrx_word' id='word_1_667' title='bbox 885 4916 1105 4971; x_wconf 90' lang='lat' dir='ltr'>nomini</span> <span class='ocrx_word' id='word_1_668' title='bbox 1163 4920 1574 4981; x_wconf 89' lang='lat' dir='ltr'>consecratum,</span> <span class='ocrx_word' id='word_1_669' title='bbox 1634 4914 1826 4969; x_wconf 88' lang='lat' dir='ltr'>divina</span> <span class='ocrx_word' id='word_1_670' title='bbox 1876 4916 2102 4970; x_wconf 84' lang='lat' dir='ltr'>favente</span> 
     </span>
    </p>
   </div>
   <div class='ocr_carea' id='block_1_96' title="bbox 411 5003 2102 5078">
    <p class='ocr_par' dir='ltr' id='par_1_96' title="bbox 411 5003 2102 5078">
     <span class='ocr_line' id='line_1_96' title="bbox 411 5003 2102 5078; baseline -0.002 -17"><span class='ocrx_word' id='word_1_671' title='bbox 411 5006 617 5078; x_wconf 91' lang='lat' dir='ltr'>gratia,</span> <span class='ocrx_word' id='word_1_672' title='bbox 671 5006 730 5059; x_wconf 93' lang='lat' dir='ltr'>in</span> <span class='ocrx_word' id='word_1_673' title='bbox 761 5004 1018 5076; x_wconf 70' lang='lat' dir='ltr'>pristinae</span> <span class='ocrx_word' id='word_1_674' title='bbox 1068 5003 1365 5074; x_wconf 87' lang='lat' dir='ltr'>dignitatis</span> <span class='ocrx_word' id='word_1_675' title='bbox 1391 5008 1603 5057; x_wconf 86' lang='lat' dir='ltr'>statum</span> <span class='ocrx_word' id='word_1_676' title='bbox 1640 5003 1987 5059; x_wconf 88' lang='lat' dir='ltr'>reformaho.</span> <span class='ocrx_word' id='word_1_677' title='bbox 2031 5007 2102 5059; x_wconf 89' lang='lat' dir='ltr'>Ut</span> 
     </span>
    </p>
   </div>
   <div class='ocr_carea' id='block_1_97' title="bbox 480 5197 1875 5271">
    <p class='ocr_par' dir='ltr' id='par_1_97' title="bbox 480 5197 1875 5271">
     <span class='ocr_line' id='line_1_97' title="bbox 480 5197 1875 5271; baseline -0.006 -14"><span class='ocrx_word' id='word_1_678' title='bbox 480 5202 596 5271; x_wconf 77' lang='grc'>(43)</span> <span class='ocrx_word' id='word_1_679' title='bbox 628 5200 765 5254; x_wconf 86' lang='lat' dir='ltr'>Vide</span> <span class='ocrx_word' id='word_1_680' title='bbox 796 5198 854 5253; x_wconf 91' lang='lat' dir='ltr'>in</span> <span class='ocrx_word' id='word_1_681' title='bbox 875 5198 1037 5271; x_wconf 16' lang='lat' dir='ltr'>Actis,</span> <span class='ocrx_word' id='word_1_682' title='bbox 1058 5201 1091 5252; x_wconf 86' lang='lat'>4</span> <span class='ocrx_word' id='word_1_683' title='bbox 1123 5197 1408 5271; x_wconf 70' lang='lat' dir='ltr'>maiipag.</span> <span class='ocrx_word' id='word_1_684' title='bbox 1441 5197 1563 5271; x_wconf 60' lang='lat' dir='ltr'>50g,</span> <span class='ocrx_word' id='word_1_685' title='bbox 1587 5212 1749 5271; x_wconf 78' lang='lat' dir='ltr'>num.</span> <span class='ocrx_word' id='word_1_686' title='bbox 1776 5199 1875 5271; x_wconf 63' lang='grc' dir='ltr'>Δ18.</span> 
     </span>
    </p>
   </div>
   <div class='ocr_carea' id='block_1_98' title="bbox 479 5267 2096 5342">
    <p class='ocr_par' dir='ltr' id='par_1_98' title="bbox 479 5267 2096 5342">
     <span class='ocr_line' id='line_1_98' title="bbox 479 5267 2096 5342; baseline -0.003 -15"><span class='ocrx_word' id='word_1_687' title='bbox 479 5267 587 5342; x_wconf 75' lang='grc'>(44)</span> <span class='ocrx_word' id='word_1_688' title='bbox 614 5271 963 5326; x_wconf 89' lang='lat' dir='ltr'>Describitur</span> <span class='ocrx_word' id='word_1_689' title='bbox 991 5268 1226 5323; x_wconf 88' lang='lat' dir='ltr'>victoria</span> <span class='ocrx_word' id='word_1_690' title='bbox 1259 5267 1318 5321; x_wconf 86' lang='lat' dir='ltr'>in</span> <span class='ocrx_word' id='word_1_691' title='bbox 1349 5268 1474 5320; x_wconf 85' lang='lat' dir='ltr'>Vita</span> <span class='ocrx_word' id='word_1_692' title='bbox 1511 5267 1566 5322; x_wconf 93' lang='lat' dir='ltr'>S.</span> <span class='ocrx_word' id='word_1_693' title='bbox 1600 5267 1845 5322; x_wconf 85' lang='lat' dir='ltr'>Udalrici</span> <span class='ocrx_word' id='word_1_694' title='bbox 1873 5268 1907 5322; x_wconf 90' lang='grc'>4</span> <span class='ocrx_word' id='word_1_695' title='bbox 1961 5268 2096 5322; x_wconf 83' lang='lat' dir='ltr'>Julii</span> 
     </span>
    </p>
   </div>
   <div class='ocr_carea' id='block_1_99' title="bbox 403 5342 1021 5416">
    <p class='ocr_par' dir='ltr' id='par_1_99' title="bbox 403 5342 1021 5416">
     <span class='ocr_line' id='line_1_99' title="bbox 403 5342 1021 5416; baseline -0.008 -19"><span class='ocrx_word' id='word_1_696' title='bbox 403 5361 494 5416; x_wconf 83' lang='lat' dir='ltr'>pa.</span> <span class='ocrx_word' id='word_1_697' title='bbox 531 5344 712 5416; x_wconf 45' lang='grc' dir='ltr'>ηομ</span> <span class='ocrx_word' id='word_1_698' title='bbox 743 5357 904 5416; x_wconf 82' lang='lat' dir='ltr'>num.</span> <span class='ocrx_word' id='word_1_699' title='bbox 932 5342 1021 5394; x_wconf 88' lang='lat'>46.</span> 
     </span>
    </p>
   </div>
   <div class='ocr_carea' id='block_1_100' title="bbox 476 5406 2091 5494">
    <p class='ocr_par' dir='ltr' id='par_1_100' title="bbox 476 5406 2091 5494">
     <span class='ocr_line' id='line_1_100' title="bbox 476 5406 2091 5494; baseline -0.006 -25"><span class='ocrx_word' id='word_1_700' title='bbox 476 5414 586 5494; x_wconf 64' lang='lat'>(45)</span> <span class='ocrx_word' id='word_1_701' title='bbox 628 5413 764 5494; x_wconf 65' lang='lat' dir='ltr'>Qua:</span> <span class='ocrx_word' id='word_1_702' title='bbox 798 5412 888 5494; x_wconf 68' lang='lat' dir='ltr'>hic</span> <span class='ocrx_word' id='word_1_703' title='bbox 918 5407 1316 5494; x_wconf 69' lang='lat' dir='ltr'>narranturde</span> <span class='ocrx_word' id='word_1_704' title='bbox 1361 5406 2091 5494; x_wconf 40' lang='lat' dir='ltr'>translatiquadeburgu‘m</span> 
     </span>
    </p>
   </div>
   <div class='ocr_carea' id='block_1_101' title="bbox 402 5478 2090 5553">
    <p class='ocr_par' dir='ltr' id='par_1_101' title="bbox 402 5478 2090 5553">
     <span class='ocr_line' id='line_1_101' title="bbox 402 5478 2090 5553; baseline -0.002 -16"><span class='ocrx_word' id='word_1_705' title='bbox 402 5478 760 5553; x_wconf 86' lang='lat' dir='ltr'>episcopatus</span> <span class='ocrx_word' id='word_1_706' title='bbox 797 5480 1280 5553; x_wconf 77' lang='lat' dir='ltr'>Merseburgensis</span> <span class='ocrx_word' id='word_1_707' title='bbox 1317 5478 1795 5553; x_wconf 81' lang='lat' dir='ltr'>possessionibus,</span> <span class='ocrx_word' id='word_1_708' title='bbox 1829 5495 1942 5533; x_wconf 92' lang='lat' dir='ltr'>non</span> <span class='ocrx_word' id='word_1_709' title='bbox 1966 5478 2090 5553; x_wconf 21' lang='lat' dir='ltr'>70t-</span> 
     </span>
    </p>
   </div>
   <div class='ocr_carea' id='block_1_102' title="bbox 401 5549 2092 5623">
    <p class='ocr_par' dir='ltr' id='par_1_102' title="bbox 401 5549 2092 5623">
     <span class='ocr_line' id='line_1_102' title="bbox 401 5549 2092 5623; baseline -0.002 -15"><span class='ocrx_word' id='word_1_710' title='bbox 401 5549 525 5608; x_wconf 83' lang='lat' dir='ltr'>toni</span> <span class='ocrx_word' id='word_1_711' title='bbox 571 5549 779 5623; x_wconf 83' lang='lat' dir='ltr'>primo,</span> <span class='ocrx_word' id='word_1_712' title='bbox 837 5553 933 5605; x_wconf 90' lang='lat' dir='ltr'>sed</span> <span class='ocrx_word' id='word_1_713' title='bbox 987 5549 1683 5623; x_wconf 66' lang='lat' dir='ltr'>secun_do_adscrib_enda_</span> <span class='ocrx_word' id='word_1_714' title='bbox 1733 5554 1885 5623; x_wconf 80' lang='lat' dir='ltr'>sunt,</span> <span class='ocrx_word' id='word_1_715' title='bbox 1939 5551 2092 5623; x_wconf 82' lang='lat' dir='ltr'>unde</span> 
     </span>
    </p>
   </div>
   <div class='ocr_carea' id='block_1_103' title="bbox 403 5619 2090 5696">
    <p class='ocr_par' dir='ltr' id='par_1_103' title="bbox 403 5619 2090 5696">
     <span class='ocr_line' id='line_1_103' title="bbox 403 5619 2090 5696; baseline -0.002 -18"><span class='ocrx_word' id='word_1_716' title='bbox 403 5619 591 5696; x_wconf 79' lang='lat' dir='ltr'>ipsum</span> <span class='ocrx_word' id='word_1_717' title='bbox 641 5628 836 5678; x_wconf 89' lang='lat' dir='ltr'>secuta</span> <span class='ocrx_word' id='word_1_718' title='bbox 861 5627 950 5676; x_wconf 91' lang='lat' dir='ltr'>est</span> <span class='ocrx_word' id='word_1_719' title='bbox 977 5620 1206 5691; x_wconf 90' lang='lat' dir='ltr'>punitio</span> <span class='ocrx_word' id='word_1_720' title='bbox 1231 5619 1300 5674; x_wconf 91' lang='lat' dir='ltr'>de</span> <span class='ocrx_word' id='word_1_721' title='bbox 1349 5636 1464 5692; x_wconf 90' lang='lat' dir='ltr'>qua</span> <span class='ocrx_word' id='word_1_722' title='bbox 1500 5619 1563 5675; x_wconf 92' lang='lat' dir='ltr'>in</span> <span class='ocrx_word' id='word_1_723' title='bbox 1618 5619 1748 5675; x_wconf 83' lang='lat' dir='ltr'>Vita</span> <span class='ocrx_word' id='word_1_724' title='bbox 1807 5621 1863 5674; x_wconf 91' lang='grc'>8.</span> <span class='ocrx_word' id='word_1_725' title='bbox 1918 5620 2090 5675; x_wconf 83' lang='lat' dir='ltr'>Adal-</span> 
     </span>
    </p>
   </div>
   <div class='ocr_carea' id='block_1_104' title="bbox 2215 4478 3920 4548">
    <p class='ocr_par' dir='ltr' id='par_1_104' title="bbox 2215 4478 3920 4548">
     <span class='ocr_line' id='line_1_104' title="bbox 2215 4478 3920 4548; baseline 0.005 -18"><span class='ocrx_word' id='word_1_726' title='bbox 2215 4478 2582 4532; x_wconf 70' lang='lat' dir='ltr'>saecularibus</span> <span class='ocrx_word' id='word_1_727' title='bbox 2630 4478 3100 4548; x_wconf 88' lang='lat' dir='ltr'>possessionibus,</span> <span class='ocrx_word' id='word_1_728' title='bbox 3179 4478 3238 4533; x_wconf 93' lang='lat' dir='ltr'>in</span> <span class='ocrx_word' id='word_1_729' title='bbox 3270 4480 3662 4535; x_wconf 89' lang='lat' dir='ltr'>ecclesiasticis</span> <span class='ocrx_word' id='word_1_730' title='bbox 3738 4500 3920 4539; x_wconf 89' lang='lat' dir='ltr'>orna-</span> 
     </span>
    </p>
   </div>
   <div class='ocr_carea' id='block_1_105' title="bbox 2214 4565 3920 4641">
    <p class='ocr_par' dir='ltr' id='par_1_105' title="bbox 2214 4565 3920 4641">
     <span class='ocr_line' id='line_1_105' title="bbox 2214 4565 3920 4641; baseline 0.004 -22"><span class='ocrx_word' id='word_1_731' title='bbox 2214 4565 2446 4630; x_wconf 88' lang='lat' dir='ltr'>mentis,</span> <span class='ocrx_word' id='word_1_732' title='bbox 2480 4566 2538 4620; x_wconf 93' lang='lat' dir='ltr'>in</span> <span class='ocrx_word' id='word_1_733' title='bbox 2571 4565 2878 4637; x_wconf 88' lang='lat' dir='ltr'>pristinum</span> <span class='ocrx_word' id='word_1_734' title='bbox 2923 4567 3166 4637; x_wconf 89' lang='lat' dir='ltr'>gradum</span> <span class='ocrx_word' id='word_1_735' title='bbox 3214 4568 3552 4638; x_wconf 84' lang='lat' dir='ltr'>pontiﬁcalis</span> <span class='ocrx_word' id='word_1_736' title='bbox 3591 4569 3920 4641; x_wconf 85' lang='lat' dir='ltr'>dignitatis,</span> 
     </span>
    </p>
   </div>
   <div class='ocr_carea' id='block_1_106' title="bbox 2211 4653 3919 4723">
    <p class='ocr_par' dir='ltr' id='par_1_106' title="bbox 2211 4653 3919 4723">
     <span class='ocr_line' id='line_1_106' title="bbox 2211 4653 3919 4723; baseline 0.002 -16"><span class='ocrx_word' id='word_1_737' title='bbox 2211 4653 2356 4707; x_wconf 90' lang='lat' dir='ltr'>sicut</span> <span class='ocrx_word' id='word_1_738' title='bbox 2391 4655 2501 4708; x_wconf 93' lang='lat' dir='ltr'>Deo</span> <span class='ocrx_word' id='word_1_739' title='bbox 2531 4659 2588 4708; x_wconf 89' lang='lat' dir='ltr'>et</span> <span class='ocrx_word' id='word_1_740' title='bbox 2642 4659 2836 4708; x_wconf 87' lang='lat' dir='ltr'>sancto</span> <span class='ocrx_word' id='word_1_741' title='bbox 2884 4655 3186 4709; x_wconf 90' lang='lat' dir='ltr'>Laurentio</span> <span class='ocrx_word' id='word_1_742' title='bbox 3240 4661 3494 4723; x_wconf 89' lang='lat' dir='ltr'>voverat,</span> <span class='ocrx_word' id='word_1_743' title='bbox 3548 4658 3774 4713; x_wconf 89' lang='lat' dir='ltr'>studuit</span> <span class='ocrx_word' id='word_1_744' title='bbox 3831 4679 3919 4716; x_wconf 90' lang='lat' dir='ltr'>re-</span> 
     </span>
    </p>
   </div>
   <div class='ocr_carea' id='block_1_107' title="bbox 2212 4742 3918 4814">
    <p class='ocr_par' dir='ltr' id='par_1_107' title="bbox 2212 4742 3918 4814">
     <span class='ocr_line' id='line_1_107' title="bbox 2212 4742 3918 4814; baseline 0.004 -17"><span class='ocrx_word' id='word_1_745' title='bbox 2212 4746 2486 4797; x_wconf 90' lang='lat' dir='ltr'>staurare.</span> <span class='ocrx_word' id='word_1_746' title='bbox 2525 4744 2636 4798; x_wconf 87' lang='lat' dir='ltr'>Nec</span> <span class='ocrx_word' id='word_1_747' title='bbox 2657 4743 2817 4813; x_wconf 91' lang='lat' dir='ltr'>prius</span> <span class='ocrx_word' id='word_1_748' title='bbox 2847 4742 2916 4796; x_wconf 87' lang='lat' dir='ltr'>ab</span> <span class='ocrx_word' id='word_1_749' title='bbox 2956 4743 3227 4814; x_wconf 87' lang='lat' dir='ltr'>operibus</span> <span class='ocrx_word' id='word_1_750' title='bbox 3270 4744 3678 4800; x_wconf 58' lang='lat' dir='ltr'>misericordia!</span> <span class='ocrx_word' id='word_1_751' title='bbox 3727 4750 3918 4804; x_wconf 87' lang='lat' dir='ltr'>desti-</span> 
     </span>
    </p>
   </div>
   <div class='ocr_carea' id='block_1_108' title="bbox 2211 4830 3916 4906">
    <p class='ocr_par' dir='ltr' id='par_1_108' title="bbox 2211 4830 3916 4906">
     <span class='ocr_line' id='line_1_108' title="bbox 2211 4830 3916 4906; baseline 0.003 -20"><span class='ocrx_word' id='word_1_752' title='bbox 2211 4831 2283 4886; x_wconf 90' lang='lat' dir='ltr'>tit</span> <span class='ocrx_word' id='word_1_753' title='bbox 2311 4831 2686 4903; x_wconf 86' lang='lat' dir='ltr'>quoadusque</span> <span class='ocrx_word' id='word_1_754' title='bbox 2713 4847 2840 4885; x_wconf 89' lang='lat' dir='ltr'>eam</span> <span class='ocrx_word' id='word_1_755' title='bbox 2893 4830 2962 4885; x_wconf 91' lang='lat' dir='ltr'>ad</span> <span class='ocrx_word' id='word_1_756' title='bbox 3008 4831 3308 4902; x_wconf 90' lang='lat' dir='ltr'>antiquum</span> <span class='ocrx_word' id='word_1_757' title='bbox 3339 4838 3548 4888; x_wconf 90' lang='lat' dir='ltr'>statum</span> <span class='ocrx_word' id='word_1_758' title='bbox 3579 4833 3916 4906; x_wconf 90' lang='lat' dir='ltr'>dignitatis,</span> 
     </span>
    </p>
   </div>
   <div class='ocr_carea' id='block_1_109' title="bbox 2209 4919 3915 4994">
    <p class='ocr_par' dir='ltr' id='par_1_109' title="bbox 2209 4919 3915 4994">
     <span class='ocr_line' id='line_1_109' title="bbox 2209 4919 3915 4994; baseline 0.005 -21"><span class='ocrx_word' id='word_1_759' title='bbox 2209 4923 2266 4974; x_wconf 90' lang='lat' dir='ltr'>et</span> <span class='ocrx_word' id='word_1_760' title='bbox 2295 4921 2598 4990; x_wconf 88' lang='lat' dir='ltr'>pristinum</span> <span class='ocrx_word' id='word_1_761' title='bbox 2629 4920 2909 4975; x_wconf 88' lang='lat' dir='ltr'>honorem</span> <span class='ocrx_word' id='word_1_762' title='bbox 2946 4919 3244 4991; x_wconf 88' lang='lat' dir='ltr'>religionis</span> <span class='ocrx_word' id='word_1_763' title='bbox 3281 4937 3345 4976; x_wconf 87' lang='lat' dir='ltr'>ex</span> <span class='ocrx_word' id='word_1_764' title='bbox 3399 4921 3626 4993; x_wconf 90' lang='lat' dir='ltr'>integro</span> <span class='ocrx_word' id='word_1_765' title='bbox 3686 4927 3915 4994; x_wconf 83' lang='lat' dir='ltr'>perdu-</span> 
     </span>
    </p>
   </div>
   <div class='ocr_carea' id='block_1_110' title="bbox 2209 5012 2378 5062">
    <p class='ocr_par' dir='ltr' id='par_1_110' title="bbox 2209 5012 2378 5062">
     <span class='ocr_line' id='line_1_110' title="bbox 2209 5012 2378 5062; baseline -0.006 -1"><span class='ocrx_word' id='word_1_766' title='bbox 2209 5012 2378 5062; x_wconf 89' lang='lat' dir='ltr'>ceret.</span> 
     </span>
    </p>
   </div>
   <div class='ocr_carea' id='block_1_111' title="bbox 2205 5198 3902 5272">
    <p class='ocr_par' dir='ltr' id='par_1_111' title="bbox 2205 5198 3902 5272">
     <span class='ocr_line' id='line_1_111' title="bbox 2205 5198 3902 5272; baseline 0.008 -19"><span class='ocrx_word' id='word_1_767' title='bbox 2205 5198 2355 5254; x_wconf 86' lang='lat' dir='ltr'>berti</span> <span class='ocrx_word' id='word_1_768' title='bbox 2383 5199 2791 5272; x_wconf 16' lang='lat' dir='ltr'>ad_23gAprilis</span> <span class='ocrx_word' id='word_1_769' title='bbox 2837 5218 2960 5272; x_wconf 90' lang='lat' dir='ltr'>cap.</span> <span class='ocrx_word' id='word_1_770' title='bbox 2998 5205 3117 5256; x_wconf 81' lang='grc'>190.</span> <span class='ocrx_word' id='word_1_771' title='bbox 3160 5202 3296 5256; x_wconf 91' lang='lat' dir='ltr'>Vide</span> <span class='ocrx_word' id='word_1_772' title='bbox 3349 5203 3587 5258; x_wconf 82' lang='lat' dir='ltr'>citatum</span> <span class='ocrx_word' id='word_1_773' title='bbox 3642 5205 3774 5263; x_wconf 86' lang='lat' dir='ltr'>istic</span> <span class='ocrx_word' id='word_1_774' title='bbox 3839 5213 3902 5266; x_wconf 91' lang='lat' dir='ltr'>in</span> 
     </span>
    </p>
   </div>
   <div class='ocr_carea' id='block_1_112' title="bbox 2205 5269 3914 5353">
    <p class='ocr_par' dir='ltr' id='par_1_112' title="bbox 2205 5269 3914 5353">
     <span class='ocr_line' id='line_1_112' title="bbox 2205 5269 3914 5353; baseline 0.008 -31"><span class='ocrx_word' id='word_1_775' title='bbox 2205 5269 2924 5353; x_wconf 38' lang='lat' dir='ltr'>annotatisﬂDitmarum,</span> <span class='ocrx_word' id='word_1_776' title='bbox 2962 5274 3062 5343; x_wconf 91' lang='lat' dir='ltr'>qui</span> <span class='ocrx_word' id='word_1_777' title='bbox 3093 5273 3360 5353; x_wconf 86' lang='lat' dir='ltr'>pluribus</span> <span class='ocrx_word' id='word_1_778' title='bbox 3410 5275 3535 5328; x_wconf 87' lang='lat' dir='ltr'>aliis</span> <span class='ocrx_word' id='word_1_779' title='bbox 3585 5276 3732 5353; x_wconf 66' lang='lat' dir='ltr'>lpcis</span> <span class='ocrx_word' id='word_1_780' title='bbox 3790 5283 3914 5352; x_wconf 89' lang='lat' dir='ltr'>agit</span> 
     </span>
    </p>
   </div>
   <div class='ocr_carea' id='block_1_113' title="bbox 2205 5341 3912 5417">
    <p class='ocr_par' dir='ltr' id='par_1_113' title="bbox 2205 5341 3912 5417">
     <span class='ocr_line' id='line_1_113' title="bbox 2205 5341 3912 5417; baseline 0.008 -24"><span class='ocrx_word' id='word_1_781' title='bbox 2205 5341 2276 5394; x_wconf 93' lang='lat' dir='ltr'>de</span> <span class='ocrx_word' id='word_1_782' title='bbox 2315 5341 2677 5395; x_wconf 87' lang='lat' dir='ltr'>restitutione</span> <span class='ocrx_word' id='word_1_783' title='bbox 2721 5341 2997 5412; x_wconf 64' lang='lat' dir='ltr'>ejusdem</span> <span class='ocrx_word' id='word_1_784' title='bbox 3027 5341 3385 5414; x_wconf 87' lang='lat' dir='ltr'>episcopatus</span> <span class='ocrx_word' id='word_1_785' title='bbox 3438 5361 3544 5417; x_wconf 90' lang='lat' dir='ltr'>per</span> <span class='ocrx_word' id='word_1_786' title='bbox 3595 5347 3650 5402; x_wconf 93' lang='grc'>8.</span> <span class='ocrx_word' id='word_1_787' title='bbox 3691 5341 3912 5407; x_wconf 56' lang='lat' dir='ltr'>Henri-</span> 
     </span>
    </p>
   </div>
   <div class='ocr_carea' id='block_1_114' title="bbox 2203 5425 3915 5556">
    <p class='ocr_par' dir='ltr' id='par_1_114' title="bbox 2203 5425 3915 5556">
     <span class='ocr_line' id='line_1_114' title="bbox 2203 5425 3915 5556; baseline -0.001 -19"><span class='ocrx_word' id='word_1_788' title='bbox 2203 5425 2386 5556; x_wconf 26' lang='lat'>@225)</span> <span class='ocrx_word' id='word_1_789' title='bbox 2417 5480 2496 5534; x_wconf 94' lang='lat' dir='ltr'>De</span> <span class='ocrx_word' id='word_1_790' title='bbox 2526 5481 2792 5536; x_wconf 87' lang='lat' dir='ltr'>Walbeck</span> <span class='ocrx_word' id='word_1_791' title='bbox 2812 5487 2868 5536; x_wconf 90' lang='lat' dir='ltr'>et</span> <span class='ocrx_word' id='word_1_792' title='bbox 2895 5481 2964 5556; x_wconf 92' lang='lat' dir='ltr'>S._</span> <span class='ocrx_word' id='word_1_793' title='bbox 2999 5483 3240 5556; x_wconf 58' lang='lat' dir='ltr'>Adriani</span> <span class='ocrx_word' id='word_1_794' title='bbox 3284 5485 3473 5554; x_wconf 91' lang='lat' dir='ltr'>gladio</span> <span class='ocrx_word' id='word_1_795' title='bbox 3526 5487 3697 5556; x_wconf 88' lang='lat' dir='ltr'>plura</span> <span class='ocrx_word' id='word_1_796' title='bbox 3742 5498 3915 5548; x_wconf 86' lang='lat' dir='ltr'>nota.</span> 
     </span>
    </p>
   </div>
   <div class='ocr_carea' id='block_1_115' title="bbox 2202 5551 3698 5628">
    <p class='ocr_par' dir='ltr' id='par_1_115' title="bbox 2202 5551 3698 5628">
     <span class='ocr_line' id='line_1_115' title="bbox 2202 5551 3698 5628; baseline 0.007 -24"><span class='ocrx_word' id='word_1_797' title='bbox 2202 5551 2285 5607; x_wconf 89' lang='lat' dir='ltr'>vit</span> <span class='ocrx_word' id='word_1_798' title='bbox 2319 5552 2626 5617; x_wconf 88' lang='lat' dir='ltr'>Gretserus,</span> <span class='ocrx_word' id='word_1_799' title='bbox 2663 5567 2792 5624; x_wconf 74' lang='lat' dir='ltr'>qua:</span> <span class='ocrx_word' id='word_1_800' title='bbox 2819 5553 2968 5624; x_wconf 89' lang='lat' dir='ltr'>apud</span> <span class='ocrx_word' id='word_1_801' title='bbox 2994 5553 3184 5625; x_wconf 90' lang='lat' dir='ltr'>ipsum</span> <span class='ocrx_word' id='word_1_802' title='bbox 3215 5551 3403 5612; x_wconf 84' lang='lat' dir='ltr'>videri</span> <span class='ocrx_word' id='word_1_803' title='bbox 3434 5551 3698 5628; x_wconf 79' lang='lat' dir='ltr'>possunt.</span> 
     </span>
    </p>
   </div>
  </div>
