3940 6322
77 292 85 338 l
107 293 114 338 l
130 293 157 337 Li
1733 295 1925 349 ACTA.

3477 296 3578 351 114

123 413 170 462 8.
237 410 509 481 Denique
557 410 960 481 Episcopatum
1014 411 1548 482 Babenbergensem
1584 430 1651 467 ex
1679 415 1764 468 int
1797 419 1841 470 Α
1883 416 2103 486 Regum
2136 415 2441 470 inserimus
2471 415 2922 470 conﬁrmationis
2951 415 3218 485 epistolas
3252 432 3264 470 :
3327 420 3408 480 ut,
3440 415 3577 486 quia

64 503 209 566 tegro
234 497 294 550 in
323 515 434 552 suo
467 501 695 553 domate
748 500 862 569 (47)
892 501 1167 558 fundavit.
1213 501 1475 554 terminis
1508 503 1770 556 videlice-

6 607 8 620 ι
60 587 121 639 ab
170 587 584 656 adjacentibus
649 589 1068 659 episcopatibus
1122 590 1380 660 legitimo
1436 591 1770 644 concambio

57 676 446 729 commutatis.
487 677 809 730 Fundatum
858 693 988 730 vero
1047 677 1438 748 episcopatum
1494 678 1768 748 principi-

56 762 149 813 bus
207 763 630 832 Apostolorum
690 765 856 818 Petro
913 769 970 818 et
1013 766 1210 830 Paulo,
1272 771 1329 819 et
1360 766 1770 835 pretiosissimo

55 851 289 920 martyri
341 852 592 922 Georgio
646 852 996 906 attitulatum
1053 853 1286 923 speciali
1360 855 1490 924 jure
1562 862 1769 908 sanctas

55 939 213 992 Rom.
253 939 526 994 Ecclesia:
558 941 923 1005 contradidit,
957 946 1023 995 ut
1052 945 1108 995 et
1145 940 1348 1004 prima:
1406 941 1537 996 Sedi
1605 941 1769 996 debi-

56 1031 170 1078 tum
233 1027 546 1097 dignitatis
585 1029 944 1098 impenderet
991 1030 1292 1095 honorem,
1325 1035 1380 1082 et
1407 1046 1568 1082 suam
1603 1030 1765 1098 plan-

52 1116 332 1170 tationem
384 1121 544 1170 tanto
598 1118 914 1186 patrocinio
967 1117 1190 1171 ﬁrmius
1237 1118 1640 1171 communiret.
1707 1119 1766 1171 In

50 1203 378 1257 meridiana
408 1221 642 1275 quoque
675 1211 833 1275 parte
865 1205 1107 1258 civitatis
1130 1206 1539 1258 monasterium
1567 1205 1626 1258 in
1669 1206 1766 1258 ho-

49 1308 182 1345 nore
214 1293 272 1346 8.
313 1294 599 1363 Stephani
631 1295 1070 1362 Protomartyris
1127 1294 1231 1347 sub
1263 1294 1466 1347 ordine
1493 1293 1764 1347 canonico

47 1385 395 1434 construens
433 1400 448 1444 ;
480 1398 544 1434 ex
580 1382 758 1434 altera
791 1397 943 1446 vero,
967 1381 1075 1435 hoc
1121 1386 1205 1436 est
1234 1381 1575 1452 aquilonari,
1611 1381 1762 1436 aliud

49 1468 476 1523 monasterium
533 1469 637 1522 sub
676 1470 998 1523 monachali
1064 1471 1264 1541 regula
1314 1470 1374 1524 in
1432 1472 1650 1525 honore
1707 1471 1759 1525 S.

49 1557 340 1610 Michaelis
381 1557 726 1628 Archangeli
759 1558 886 1627 (48),
931 1558 1224 1629 sanctique
1277 1558 1562 1612 Benedicti
1591 1558 1766 1612 abba-

50 1643 107 1696 tis
155 1643 558 1707 constituens,
611 1644 739 1709 sibi,
794 1661 1028 1714 suaeque
1076 1644 1292 1699 civitati
1335 1662 1506 1715 supra
1538 1647 1762 1699 Petram

48 1732 400 1800 Apostolicze
432 1730 724 1785 ﬁrmitatis
748 1732 1020 1797 fundatas,
1041 1749 1321 1804 muroque
1352 1739 1408 1788 et
1431 1749 1762 1804 propugna-

45 1821 177 1873 culis
211 1821 578 1874 meritorum
620 1821 676 1875 S.
719 1821 945 1890 Georgii
967 1827 1403 1893 ceterorumque
1438 1827 1762 1876 sanctorum

46 1909 283 1963 munita:
316 1925 388 1962 ac
427 1914 711 1962 exornatas
727 1915 921 1963 contra
942 1910 1256 1964 incentivos
1281 1911 1552 1964 vitiorum
1583 1911 1764 1979 jacta-

45 2002 142 2062 tus,
180 1997 410 2050 turrim
428 1997 782 2050 fortitudinis
810 1997 868 2050 in
885 1997 1192 2067 Stephano,
1226 2003 1283 2052 et
1303 2003 1502 2052 contra
1532 1998 1763 2067 refrige-

47 2091 232 2139 rantes
283 2087 470 2140 ﬂatus
525 2085 698 2152 illius,
760 2086 948 2156 quiin
1005 2087 1296 2156 aquilone,
1357 2088 1506 2142 unde
1550 2088 1762 2140 malum

48 2191 213 2228 omne
272 2174 583 2241 panditur,
639 2174 833 2228 sedem
883 2190 1095 2245 ponere
1143 2176 1444 2245 disposuit,
1479 2175 1765 2245 refugium

45 2271 264 2316 certum
300 2262 368 2315 in
399 2262 660 2331 angelico
701 2263 1045 2332 praeparavit
1095 2263 1402 2332 praesidio:
1439 2268 1499 2317 ut
1547 2281 1579 2317 a
1630 2265 1763 2318 dex-

2 2352 136 2411 ,tris
195 2355 258 2404 et
326 2367 360 2402 a
422 2349 670 2402 sinistris
713 2350 947 2419 justitiaa
991 2351 1164 2405 armis
1223 2352 1447 2406 vallata:
1499 2352 1555 2406 in
1605 2353 1763 2406 nullo

49 2439 286 2492 sufﬁciat
314 2437 626 2491 insidiator
654 2439 980 2508 praevalere.

143 2530 197 2580 9.
261 2525 369 2578 [Iis
427 2525 614 2578 tribus
675 2525 924 2579 ecclesiis
1009 2530 1206 2596 postea
1252 2542 1356 2596 per
1409 2526 1763 2580 Guntherum

48 2615 306 2682 ejusdem
365 2613 856 2682 Babenbergensis
908 2614 1057 2668 sedis
1119 2619 1388 2684 quartum
1438 2615 1762 2683 prassulem,

50 2708 98 2754 et
127 2719 230 2773 per
261 2701 661 2771 Reginoldum
720 2703 1045 2771 quemdam,
1108 2701 1294 2755 virum
1355 2701 1630 2766 nobilem,
1664 2703 1755 2756 ad-

47 2790 158 2844 dita
191 2800 282 2843 est
313 2794 526 2859 quarta
558 2789 791 2843 ecclesia
824 2791 930 2858 (49)
963 2790 1022 2844 in
1070 2791 1288 2844 honore
1319 2797 1528 2844 sanctas
1573 2790 1762 2844 Marias

48 2878 242 2932 matris
312 2876 593 2932 Domini:
629 2882 684 2931 et
734 2877 911 2931 sancti
969 2879 1228 2948 Gangolﬁ
1286 2877 1548 2948 martyris
1609 2882 1764 2932 extra

1880 505 1992 558 duo
2025 509 2175 568 sunt,
2210 504 2418 574 quibus
2457 504 2547 557 hic
2604 504 2855 558 mundus
2909 504 3298 574 principaliter
3335 503 3570 574 regitur,

1879 592 2223 661 pontiﬁcalis
2263 591 2590 656 auctoritas,
2644 597 2701 645 et
2751 592 2956 661 regalis
3007 597 3276 662 potestas,
3339 607 3403 644 ex
3446 596 3574 645 utro

1879 696 1989 751 que
2019 680 2224 733 horum
2256 680 2485 733 suffulta
2514 696 2547 732 a
2577 680 2823 734 dexteris
2852 679 3179 744 etsinistris,
3213 680 3282 733 ab
3314 679 3576 734 omnium

1878 769 2142 821 molestia
2174 767 2602 822 infestationum
2635 784 2829 821 secure
2888 773 3239 821 monstretur
3275 767 3334 820 in
3364 783 3574 838 perpe-

1877 860 2042 909 tuum
2104 856 2353 909 defensa.
2417 857 2646 909 Dicente
2725 855 2880 909 enim
2951 856 3189 909 Domino
3245 856 3572 919 Salvatore;

1877 943 2018 996 duos
2075 944 2335 998 Ecclesiae
2393 944 2613 1013 gladios
2672 945 2950 1013 sufﬁcere,
3011 959 3257 1013 quorum
3317 960 3462 996 unus
3507 944 3574 995 ad

1877 1031 2271 1086 defensionem
2320 1031 2528 1085 animae
2581 1047 2645 1084 ac
2702 1031 2934 1100 spiritus
2991 1035 3293 1101 penetrat;
3327 1033 3469 1084 alter
3496 1031 3577 1083 in-

1877 1118 2147 1172 flexibilia
2177 1125 2232 1173 et
2254 1121 2397 1173 dura
2426 1121 2600 1174 corda
2633 1120 2823 1190 rigore
2854 1137 2956 1172 suo
3007 1121 3204 1173 domat
3233 1126 3288 1174 et
3315 1119 3526 1190 premit
3559 1135 3571 1172 :

1874 1206 2154 1277 quidquid
2198 1208 2532 1261 eorumdem
2588 1208 2910 1279 gladiorum
2956 1209 3085 1275 jure
3117 1207 3250 1261 hinc
3281 1207 3414 1261 inde
3445 1223 3573 1260 mu-

1874 1295 2048 1361 nitur,
2086 1299 2301 1350 constat
2334 1296 2605 1366 profecto,
2637 1295 2793 1366 quod
2827 1295 3039 1348 nullius
3086 1295 3221 1348 mali
3248 1295 3574 1349 incursione

1873 1383 1942 1436 ab
1973 1387 2149 1437 status
2179 1383 2268 1437 sui
2329 1384 2668 1437 rectitudine
2721 1382 3108 1436 labefactetur.
3171 1383 3330 1436 Prius
3382 1385 3575 1436 tamen

1873 1469 1964 1523 hic
1991 1471 2243 1523 chartam
2275 1470 2498 1522 Ottonis
2527 1469 2682 1523 tertii
2714 1472 2823 1538 (50)
2868 1469 3227 1540 Imperatoris
3257 1468 3572 1538 praescribi-

1874 1575 2023 1621 mus,
2046 1563 2110 1611 ut
2157 1559 2300 1611 scire
2344 1558 2688 1622 volentibus,
2748 1557 2993 1628 qualiter
3022 1556 3145 1626 ipse
3175 1557 3333 1610 locus
3366 1557 3576 1610 Baben-

1873 1646 2169 1715 bergensis
2224 1647 2283 1698 in
2346 1646 2624 1700 ditionem
2679 1646 2860 1699 sancti
2917 1645 3085 1714 Regis
3144 1645 3463 1710 obvenerit,
3508 1660 3576 1698 ex

1875 1734 2075 1788 eadem
2105 1734 2538 1805 conscriptionis
2567 1735 2780 1804 pagina
2809 1734 3128 1803 colligatur.

1953 1826 2037 1877 tl.
2100 1824 2162 1876 In
2221 1823 2454 1876 nomine
2506 1827 2713 1876 sancta:
2768 1826 2824 1875 et
2884 1820 3197 1875 individua:
3230 1820 3568 1874 Trinitatis:

1877 1911 2005 1966 Otto
2028 1911 2219 1965 divina
2271 1910 2627 1981 providentia
2689 1912 3007 1981 Imperator
3036 1912 3346 1980 Augustus.
3403 1910 3577 1962 Nove-

1876 1999 1990 2053 rint
2022 2015 2217 2054 omnes
2276 2000 2457 2053 nostri
2509 2001 2724 2065 ﬁdeles,
2794 2003 3104 2070 praesentes
3162 1997 3372 2052 scilicet
3402 2003 3456 2050 et
3487 1998 3576 2050 fu-

1877 2087 2014 2149 turi,
2038 2087 2283 2157 qualiter
2303 2103 2406 2139 nos
2438 2086 2507 2140 ob
2563 2086 2948 2140 interventum
2980 2084 3365 2139 dilectissime
3413 2083 3574 2154 geni-

1875 2174 2030 2228 tricis
2085 2179 2293 2229 nostrte
2350 2173 2700 2240 Adelheidaa,
2771 2190 2898 2227 caro
2931 2173 3125 2243 nepoti
3175 2177 3364 2226 nostro
3398 2175 3576 2227 Bava-

1876 2262 2096 2316 riorum
2158 2263 2295 2317 Duci
2351 2262 2616 2317 Heinrico
2669 2261 2958 2332 quoddam
3000 2260 3148 2330 juris
3199 2261 3380 2314 nostri
3437 2276 3579 2329 pras-

1877 2351 2056 2418 dium,
2115 2350 2402 2405 civitatem
2467 2349 2733 2405 videlicet
2791 2349 3125 2419 Babeuberg
3195 2348 3574 2413 nominatam,

1875 2456 2005 2493 cum
2064 2441 2329 2494 omnibus
2397 2441 2463 2494 ad
2537 2440 2684 2494 hanc
2739 2438 3172 2509 respicientibus
3231 2442 3287 2490 et
3331 2437 3577 2490 Nemkin

1878 2528 2061 2583 Uraha
2091 2529 2151 2581 in
2183 2528 2457 2582 comitatu
2493 2527 2785 2581 Bertholdi
2836 2525 3070 2581 Comitis
3126 2524 3400 2578 Volckfelt
3427 2540 3575 2577 nun-

1875 2621 2104 2686 cupato,
2141 2616 2267 2682 sita,
2299 2621 2494 2668 nostra
2537 2613 2825 2684 Imperiali
2870 2612 3123 2683 potentia
3172 2611 3230 2664 in
3280 2615 3576 2680 perpetuae

1874 2719 2042 2757 usum
2073 2702 2436 2772 proprietatis
2482 2700 2886 2766 concessimus,
2944 2699 3298 2768 ﬁrmiterque
3339 2696 3575 2751 donavi-

1875 2807 2001 2845 mus
2054 2808 2184 2845 cum
2242 2790 2540 2860 utriusque
2589 2805 2755 2844 sexus
2821 2786 3144 2858 mancipiis,
3201 2785 3574 2850 aediﬁciis,ec-

1873 2880 2078 2946 clesiis,
2137 2881 2304 2934 terris
2361 2879 2526 2933 cultis
2585 2882 2641 2932 et
2686 2876 2938 2942 incultis,
2996 2880 3052 2929 et
3124 2891 3256 2929 cum
3309 2874 3575 2928 omnibus

49 2969 245 3022 urbem
327 2981 527 3019 versus
606 2965 894 3020 Orientem
950 2965 1008 3019 in
1078 2967 1198 3019 loco
1255 2967 1579 3020 Teuverstat
1659 2967 1762 3021 sub
1797 2973 1836 3026 C
1870 2969 2020 3038 jure,
2057 2968 2428 3039 legaliterque
2459 2967 2530 3021 ad
2553 2967 2676 3020 hasc
2694 2966 2816 3036 jam
2849 2965 2996 3019 dicta
3035 2963 3252 3035 praedia
3280 2962 3572 3033 pertinen-

49 3057 244 3110 ordine
307 3060 372 3109 et
428 3053 784 3124 possessione
865 3053 1153 3108 canonica.
1242 3055 1496 3124 Denique
1574 3059 1763 3108 sextus

47 3145 305 3213 ejusdem
361 3143 509 3196 sedis
539 3142 847 3212 Episcopus
882 3142 1260 3197 Herimannus
1311 3147 1509 3196 contra
1560 3143 1762 3197 urbem

49 3249 237 3284 tersus
271 3230 641 3284 occidentem
700 3230 761 3283 in
815 3231 1031 3285 honore
1089 3231 1142 3285 S.
1200 3230 1395 3285 Jacobi
1424 3231 1678 3301 Apostoli
1708 3235 1764 3284 et

51 3322 141 3374 ﬁlii
171 3318 470 3380 Zebedasi,
525 3318 820 3372 ecclesiam
851 3320 956 3373 sub
1013 3319 1211 3373 ordine
1263 3319 1536 3373 canonico
1567 3319 1763 3372 initia-

49 3410 134 3463 vit.
172 3409 345 3462 Hanc
376 3407 528 3472 Otto,
587 3406 823 3460 humilis
879 3412 1098 3462 amator
1153 3424 1474 3477 pauperum
1532 3408 1758 3475 Christi,

50 3503 279 3550 octavus
322 3496 589 3566 ejusdem
631 3495 778 3549 sedis
808 3496 1126 3566 episcopus,
1178 3501 1524 3567 cooperante
1584 3497 1757 3551 Eber-

48 3586 226 3640 hardo
309 3583 646 3656 praeposito,
737 3585 1156 3639 consummavit
1236 3590 1291 3638 et
1338 3585 1638 3647 dedicavit,
1698 3602 1762 3639 ac

45 3675 286 3745 stirpem
321 3673 711 3743 ordinemque
761 3674 875 3726 illic
935 3674 1048 3727 Deo
1095 3674 1466 3727 servientium
1500 3674 1762 3728 decenter

0 3761 350 3831 'disposuit.
412 3760 503 3813 Sic
580 3761 732 3812 locus
821 3760 1308 3832 Babenbergensis
1392 3761 1644 3816 ecclesiis
1700 3762 1759 3815 in

43 3848 386 3919 patrociniis
419 3849 755 3902 Sanctorum
785 3848 846 3902 in
903 3849 1073 3903 modo
1117 3849 1308 3905 Crucis
1355 3850 1610 3922 undique
1642 3866 1761 3904 mu-

47 3939 213 4003 nitus,
253 3937 488 3992 Christo
525 3937 657 3989 Jesu
709 3937 978 3992 cruciﬁxo
1028 3938 1452 4008 quotidianum,
1509 3943 1563 3992 et
1591 3939 1759 3992 sedu-

47 4027 158 4080 lum
192 4026 460 4081 celebrat
510 4025 761 4078 ofﬁcium
809 4031 864 4078 et
921 4027 1214 4081 servitium
1269 4043 1373 4097 pro
1441 4026 1628 4096 primo
1656 4043 1758 4080 suo

49 4115 358 4170 fundatore
416 4113 677 4168 Heinrico
722 4115 994 4181 secundo,
1081 4117 1426 4186 Imperatore
1482 4115 1757 4186 piissimo,

50 4205 286 4275 ejusque
346 4202 820 4271 cooperatoribus
878 4209 934 4257 et
991 4204 1410 4258 successoribus
1466 4205 1549 4258 vel
1609 4220 1747 4272 aug-
1788 4251 1829 4303 Β

52 4291 476 4346 mentatoribus
533 4291 844 4345 omnibus:
908 4294 973 4347 Et
1042 4297 1103 4346 ut
1159 4293 1302 4347 inibi
1380 4293 1756 4347 militantibus

53 4381 296 4436 Domino
333 4380 522 4449 major
554 4380 949 4450 tranquillitas,
977 4387 1031 4435 et
1060 4382 1356 4446 securitas,
1391 4387 1447 4435 et
1494 4397 1758 4434 reveren-

51 4470 125 4523 tia
157 4471 231 4525 ad
264 4468 714 4539 supplicandum
746 4471 860 4523 Deo
896 4475 1235 4539 perseveret,
1269 4470 1560 4540 praedictae
1589 4469 1759 4540 quin-

51 4575 155 4628 que
196 4557 462 4613 ecclesias
516 4556 595 4610 sic
645 4562 778 4611 sunt
816 4559 1032 4625 locatae,
1068 4563 1127 4612 ut
1157 4559 1273 4611 fere
1303 4559 1374 4612 ab
1420 4558 1580 4611 omni
1612 4564 1760 4611 stre-

53 4648 174 4716 pitu
201 4653 262 4702 et
329 4645 589 4700 tumultu
637 4645 849 4701 forensi
899 4663 962 4700 ac
1010 4647 1274 4718 populari
1328 4647 1443 4700 sint
1480 4646 1760 4701 decentis-

54 4735 189 4790 sime
220 4739 543 4804 segregata:
557 4775 570 4789 .

129 4830 209 4879 l0.
252 4826 324 4880 Ut
398 4827 592 4877 autem
669 4823 886 4877 cunctis
948 4821 1222 4894 liquidius
1306 4821 1577 4876 enitescat
1651 4837 1765 4892 qua

57 4914 355 4984 vigilantia
380 4912 466 4965 vir
493 4911 860 4966 beatissimus
908 4912 1147 4966 novellae
1187 4928 1304 4965 suae
1335 4911 1582 4964 ecclesiae
1614 4911 1765 4963 bona

61 5003 212 5072 pacis
266 5006 325 5056 et
380 5000 818 5071 tranquillitatis
860 5001 1033 5054 etiam
1084 5016 1188 5070 per
1237 4999 1598 5054 succedentia
1626 5004 1766 5052 tem-

65 5109 196 5162 pora
225 5089 566 5162 providerit,
607 5088 828 5160 aliquas
857 5090 949 5144 hic
1000 5095 1113 5143 tam
1154 5088 1559 5159 Episcoporum
1591 5103 1764 5158 quam

137 5203 243 5267 (i7)
274 5201 440 5254 Varia
487 5199 724 5253 domatis
777 5199 1098 5268 signiﬁcata
1156 5198 1332 5252 habes
1362 5196 1423 5252 in
1453 5195 1762 5269 glossariis,

67 5272 154 5324 hic
183 5273 428 5325 sumitur
458 5287 565 5340 pro
593 5269 806 5323 ditione
831 5287 930 5323 seu
961 5269 1336 5339 possessione.

81 5417 105 5450 Ἰ
132 5344 254 5466 (ἢ).
277 5345 354 5397 De
385 5337 496 5396 hoc
547 5340 804 5395 coenobio
834 5337 1022 5396 actum
1053 5345 1137 5394 est
1179 5341 1250 5395 ad
1281 5343 1418 5394 Acta
1447 5340 1503 5394 S.
1548 5337 1767 5393 Ottonis

81 5428 108 5463 μ
161 5432 190 5466 u
219 5431 276 5466 ιι.

77 5427 108 5463 2
132 5427 276 5467 JUIII.

143 5488 206 5550 (9)
242 5487 367 5539 Haec
418 5482 620 5538 omnia
656 5482 726 5535 ad
777 5481 957 5536 Vitam
1008 5483 1061 5536 S.
1122 5481 1346 5536 Henrici
1405 5481 1562 5534 nullo
1597 5481 1766 5534 modo

0 5561 12 5579 '
79 5557 367 5623 pertinent.

1873 3057 2044 3122 tibus,
2079 3072 2144 3109 eo
2175 3061 2392 3122 tenore,
2427 3055 2720 3108 ut'libero
2774 3053 2896 3122 ipse
2937 3053 3207 3120 deinceps
3247 3051 3573 3121 perfruatur

1870 3145 2129 3210 arbitrio,
2172 3145 2293 3199 haec
2344 3143 2598 3208 tenendi,
2651 3140 3064 3203 commutandi,
3115 3139 3307 3206 dandi,
3339 3138 3576 3208 posteris

1869 3233 2250 3311 relinquendi,
2287 3249 2382 3286 seu
2427 3230 2709 3303 quidquid
2741 3231 2851 3284 sibi
2907 3228 3143 3283 libuerit
3171 3228 3302 3282 inde
3329 3225 3574 3281 faciendi

1870 3327 1926 3377 et
1951 3327 2014 3377 ut
2072 3327 2424 3392 praeceptum
2481 3320 2743 3374 stabilius
2823 3318 3160 3387 ﬁrmiusque
3217 3320 3569 3386 permaneat,

1869 3411 2013 3466 hanc
2043 3411 2300 3464 chartam
2357 3409 2588 3462 inscribi
2639 3406 2936 3478 jussimus,
2991 3406 3319 3473 annuloque
3366 3403 3573 3472 sigilla-

1867 3506 1984 3554 tam
2016 3498 2251 3570 propria
2298 3513 2474 3550 manu
2523 3501 2718 3549 nostra
2747 3493 3160 3547 roboravimus.
3217 3492 3370 3545 Data.
3401 3507 3432 3541 v
3460 3492 3568 3544 Ka-

1867 3589 2017 3643 lend.
2049 3586 2186 3641 Julii
2218 3586 2417 3640 Indict.
2443 3601 2480 3649 ι,
2515 3600 2664 3638 anno
2694 3583 2858 3653 regni
2921 3581 3162 3636 Domino
3205 3579 3427 3636 Ottonis
3457 3595 3568 3646 xiv,

1869 3676 2104 3747 Imperii
2126 3680 2318 3729 autem
2340 3690 2433 3727 vu.

2563 3779 2790 3834 CAPUT
2830 3778 2900 3833 II.

1867 3872 2137 3926 Fundatio
2223 3870 2452 3923 ecclesia:
2539 3868 2965 3933 Bambergensis,
3042 3864 3238 3932 synodi
3328 3863 3402 3916 ad
3455 3879 3574 3917 eam

1939 3946 2259 4009 spectantes,
2319 3940 2540 4008 ejusque
2599 3954 2634 3991 a
2705 3952 2910 3991 summa
2960 3938 3212 4004 Ponti/tce
3292 3934 3571 4003 approba-

1940 4015 2032 4067 tio.

1944 4121 2026 4172 l2.
2076 4121 2237 4173 Anno
2268 4115 2444 4184 igitur
2473 4115 2543 4169 ab
2602 4111 2997 4168 Incarnatione
3030 4110 3257 4166 Domini
3310 4126 3423 4164 uvu
3482 4109 3563 4179 (51

1870 4207 2079 4261 Indict.
2117 4223 2168 4259 ν.
2205 4222 2262 4259 ιιι
2297 4204 2535 4260 Kalend.
2566 4201 2901 4258 Novembris
2916 4215 3120 4270 magna
3145 4198 3392 4268 synodus
3424 4197 3573 4267 Epis-

1868 4311 2167 4366 coporum,
2202 4294 2562 4361 aliorumque
2594 4293 2826 4345 Patrum
2871 4288 3064 4342 habita
3093 4292 3178 4339 est
3205 4291 3262 4338 et
3289 4285 3572 4338 celebrata

1868 4384 1927 4437 in
1959 4384 2090 4436 villa
2147 4381 2304 4450 regia
2353 4378 2768 4434 Franchenfurt
2828 4375 3115 4429 mediante
3173 4373 3327 4442 Rege
3359 4388 3569 4441 magno

1870 4478 1926 4526 et
1979 4470 2212 4540 paciﬁco
2271 4467 2551 4530 Heinrico,
2611 4481 2759 4519 anno
2790 4464 2956 4533 regni
2996 4461 3084 4516 sui
3115 4478 3217 4515 vn.
3261 4462 3402 4515 Nam
3432 4461 3568 4514 dum

1870 4561 2022 4615 idem
2079 4561 2194 4612 Deo
2242 4558 2474 4610 devotus
2533 4556 2648 4609 Rex
2687 4555 2798 4606 alta
2857 4551 3059 4606 mentis
3114 4548 3572 4605 consideratione

1871 4664 2061 4703 secum
2091 4647 2360 4711 volveret,
2415 4643 2474 4697 in
2531 4659 2645 4713 quo
2702 4640 3064 4712 potissimum
3110 4655 3283 4709 opere
3332 4637 3432 4692 Dei
3459 4637 3571 4691 mi-

1873 4736 2238 4792 sericordiam
2290 4733 2398 4787 sibi
2443 4733 2663 4787 facilius
2728 4730 3076 4792 conciliaret,
3149 4733 3206 4782 et
3279 4743 3344 4782 ex
3392 4725 3572 4780 divini

1873 4826 2146 4880 instinctu
2192 4821 2416 4878 consilii
2466 4821 2781 4891 inspiratus
2811 4818 3111 4888 disposuit,
3153 4821 3218 4870 ut
3257 4817 3437 4870 Deum
3463 4813 3571 4868 sibi

1871 4914 2144 4969 heredem
2201 4911 2461 4980 eligeret,
2518 4914 2575 4963 et
2635 4907 3038 4973 conscriberet,
3072 4910 3128 4959 et
3177 4904 3571 4975 episcopatum

1875 4999 2423 5068 Babenbergensem,
2504 5000 2568 5050 ut
2637 4993 3030 5065 praescriptum
3101 4995 3204 5057 est,
3278 5007 3346 5043 ex
3400 4988 3571 5042 rebus

1874 5087 2233 5145 hereditariis
2275 5090 2647 5149 construeret,
2707 5088 2770 5137 ut
2816 5088 2874 5137 et
2929 5080 3297 5153 paganismus
3345 5077 3570 5132 Sclavo-

1947 5195 2053 5265 (50)
2087 5193 2352 5248 Pluribus
2382 5190 2980 5265 ostendit_Gre_tserus,
3004 5187 3286 5265 diploma_
3310 5198 3428 5236 esse
3467 5182 3570 5265 O‘t-_-

1877 5251 2138 5332 tonis'II,
2162 5265 2228 5318 de
2261 5280 2373 5332 quo
2419 5266 2472 5316 et
2516 5278 2616 5315 nos
2646 5260 2705 5332 in
2743 5251 3166 5314 Commentario
3201 5254 3442 5332 egimus,
3471 5251 3569 5304 ubi

1878 5324 2149 5392 etiamde
2171 5324 2333 5388 titulo
2369 5335 2577 5402 nepotis
2606 5331 2820 5386 dictum
2876 5335 2981 5403 est,
3021 5324 3572 5403 que_m_0tto.lmpe-

1878 5414 2030 5488 rato!
2055 5405 2255 5488 tribuit
2294 5398 2546 5486 patrueli
2576 5418 2678 5456 suo
2729 5401 2970 5457 Henrico
3017 5399 3146 5452 duci
3179 5398 3448 5459 Bavariaz,
3472 5410 3569 5464 pa-

1880 5479 1952 5534 tri
1991 5480 2044 5532 S.
2085 5479 2328 5532 Henrici.
3345 5536 3354 5545 ι

1952 5550 2061 5618 (51)
2087 5550 2246 5601 Errat
2275 5545 2576 5616 imperitus
2607 5543 2866 5614 scriptor,
2899 5543 2956 5594 et
2983 5555 3068 5592 res
3089 5536 3407 5603 confundit,
3431 5552 3573 5608 quas
