3940 6314
346 300 446 354 115

1641 295 1697 346 S.
1746 290 2029 346 HENRICI
2070 287 2542 345 IMPERATORIS

3758 286 3857 338 116

349 436 480 474 rum
526 417 606 474 ibi
653 418 1038 482 destruantur,
1123 419 1180 469 et
1249 414 1555 470 Christiani
1620 413 1874 469 nominis
1929 427 2043 468 me-
2071 415 2117 467 Α
2155 411 2338 467 ritatis
2395 411 2756 482 episcopatus
2812 409 3035 464 noviter
3102 409 3284 464 factus
3338 407 3697 464 fundaretur.
3750 409 3862 462 Pro

354 507 536 563 moria
596 504 1010 576 perpetualiter
1071 502 1216 557 inibi
1279 503 1516 557 celebris
1555 502 1880 556 haberetur.
1941 501 2047 556 Sed

356 607 486 648 cum
518 593 844 664 parochiam
875 593 943 645 ad
975 591 1234 645 eamdem
1262 590 1458 645 sedem
1505 589 1905 661 respicientem
1936 604 2052 642 non

360 681 611 746 haberet,
652 685 704 734 et
761 687 1014 734 sanctam
1097 680 1470 732 Pentecosten
1530 678 1590 732 iu
1647 679 1849 732 eodem
1902 693 2052 730 anno

362 769 524 840 regni
583 768 671 822 sui
712 767 1016 838 Moguntia
1071 767 1398 832 celebraret,
1465 771 1687 835 partem
1745 765 2056 818 Wirzebur-

363 857 554 928 gensis
609 857 935 921 diaceseos,
995 855 1331 909 comitatum
1380 854 1641 907 videlicet
1699 855 2056 922 Raterzgewe

364 945 476 1016 (52)
503 945 740 1012 dictum,
771 949 826 997 et
854 944 990 1013 pagi
1013 944 1282 996 Wolcvelt
1302 941 1457 1007 dicti,
1483 941 1847 995 interﬂuvios
1876 942 2062 995 Vraha

366 1040 422 1087 et
458 1034 725 1087 ~Ratenza
773 1032 900 1099 sita,
957 1032 1027 1085 ab
1091 1030 1354 1084 Heinrico
1421 1028 1877 1099 Wirzeburgensi
1936 1028 2064 1098 Epi-

367 1137 536 1191 scopo
562 1120 726 1173 ﬁrma
771 1136 836 1173 ac
886 1119 1056 1188 legali
1110 1118 1420 1171 traditione
1465 1117 1786 1187 acquisivit,
1834 1117 2064 1170 tradens

369 1227 400 1264 e
430 1214 629 1262 contra
672 1207 1131 1276 Wirzeburgensi
1177 1205 1424 1259 ecclesia
1465 1205 1547 1260 CL
1597 1204 1704 1276 (53)
1750 1221 1975 1258 mansos
2006 1205 2065 1257 in

370 1298 493 1352 vico
533 1296 884 1366 Memmigun
935 1295 1107 1361 dicto,
1167 1300 1222 1347 et
1271 1294 1329 1347 in
1369 1295 1624 1364 proxime
1681 1293 2067 1362 adjacentibus

373 1385 533 1454 locis,
609 1384 1115 1452 consentientibus,
1179 1386 1234 1434 et
1297 1381 1765 1434 concurrentibus
1825 1380 1886 1434 in
1948 1381 2070 1434 hac

373 1479 490 1528 tota
558 1473 713 1526 illius
794 1472 1056 1527 Heinrico
1133 1470 1606 1539 Wirzeburgensi,
1674 1474 1728 1523 et
1793 1469 2070 1539 Willigiso

374 1561 679 1631 Moguntia
711 1558 1044 1628 metropolis
1100 1556 1547 1627 archiepiscopo,
1607 1556 1936 1628 multisque,
1973 1556 2072 1627 qui

2162 500 2524 570 qua.ratione
2569 497 2864 553 Heinricus
2912 496 3207 551 Secundus
3259 495 3706 568 gloriosissimus
3743 494 3862 548 Rex

2163 588 2396 643 nuntios
2425 603 2555 642 suos
2583 587 2655 641 ad
2684 603 2788 641 nos
2826 585 3052 651 direxit,
3107 584 3207 654 qui
3263 584 3426 638 nobis
3482 585 3604 638 hac
3663 581 3868 636 omnia

2166 677 2438 742 dicerent,
2490 682 2546 730 et
2601 691 2705 728 nos
2734 690 2835 744 pro
2896 676 3001 728 hac
3036 674 3169 727 sede
3226 673 3622 726 conﬁrmanda
3676 671 3867 723 inter-

2167 765 2471 835 pellerent.
2509 764 2684 834 Cujus
2715 763 3129 816 sam-tissimam
3167 761 3573 827 imitationem,
3624 763 3876 829 paterna

2169 860 2225 907 et
2246 851 2607 923 pracordiali
2657 850 2960 905 dilectione
2991 849 3302 914 intuentes,
3352 865 3551 902 omnes
3581 863 3689 914 res,
3726 861 3878 916 quas

2169 942 2334 997 beato
2375 942 2542 995 Petro
2591 939 2997 1009 Apostolorum
3055 937 3322 1008 Principi,
3359 936 3420 990 in
3468 937 3590 990 loco
3638 951 3879 1007 prauo-

2173 1030 2390 1084 minato
2447 1028 2706 1098 legitima
2756 1027 2971 1081 ratione
3029 1026 3294 1080 collectas
3346 1024 3609 1089 contulit,
3659 1027 3882 1076 nostra

2175 1117 2528 1171 auctoritatis
2575 1115 2873 1186 privilegio
2931 1113 3266 1168 conﬁrmare
3342 1111 3727 1172 decernimus,
3812 1123 3886 1161 ea

2177 1205 2440 1260 videlicet
2497 1204 2735 1270 ratione,
2793 1208 2854 1257 ut
2911 1201 3221 1273 Episcopus
3293 1201 3416 1271 ejus
3476 1199 3605 1265 loci,
3665 1204 3726 1253 et
3780 1196 3885 1268 qui

2177 1295 2237 1348 in
2279 1298 2620 1364 perpetuum
2678 1290 2762 1344 sui
2836 1291 3049 1344 fuerint
3090 1304 3466 1356 successores,
3525 1303 3610 1354 ea,
3678 1300 3888 1340 secura

2177 1381 2591 1451 tranquillitate
2648 1379 2995 1449 possideant,
3072 1383 3147 1436 et.
3174 1378 3416 1432 liberam
3477 1376 3728 1430 habeant
3775 1389 3886 1443 po-

2180 1473 2441 1524 testatem
2495 1484 2585 1521 res
2637 1473 2694 1521 et
2751 1467 3126 1538 proprietates
3178 1465 3437 1536 ejusdem
3488 1462 3743 1518 ecclesia
3784 1477 3892 1514 or-

2181 1557 2398 1622 dinare,
2450 1561 2618 1627 atque
2676 1571 3040 1626 componere,
3095 1556 3179 1608 vel
3227 1554 3400 1608 etiam
3448 1557 3831 1623 augmentare
3875 1565 3888 1601 :

374 1651 684 1719 prasentes
724 1647 956 1700 fuerunt
985 1646 1114 1716 (54),
1167 1645 1621 1714 Ατοιιὶρρίεοορίε
1670 1650 1726 1698 et
1759 1644 2067 1715 Episcopis,
2109 1698 2110 1719 η

2228 1645 2460 1716 issipare
2508 1661 2662 1712 vero,
2718 1649 2890 1716 atque
2947 1643 3316 1708 confundere,
3367 1643 3582 1696 nullam
3634 1639 3899 1694 habeant

375 1735 696 1806 legitimum
728 1734 834 1787 hoc
871 1731 1266 1786 concambium
1319 1733 1679 1786 attestatione
1705 1749 1822 1798 sua,
1853 1739 1911 1787 et
1939 1733 2072 1786 sub-

376 1821 684 1893 scriptione
764 1820 1189 1874 roborautibus.
1261 1819 1711 1875 Gloriosissimus
1752 1836 1886 1874 vero
1958 1821 2077 1875 Rex

377 1926 612 1981 compos
675 1909 791 1963 voti
849 1908 1104 1975 etfectus,
1156 1908 1281 1978 pari
1330 1907 1786 1978 supradictorum
1843 1911 2072 1963 Patrum

377 1999 661 2065 consultu,
727 1997 870 2051 duos
937 2013 1004 2050 ex
1086 1996 1394 2064 capellanis
1456 1997 1572 2049 suis
1639 1997 1964 2051 Albericum
2022 2001 2079 2051 et

384 2085 729 2142 Ludovicum
760 2084 1058 2155 'adjunctis
1104 2084 1591 2155 Wirzeburgensis
1639 2085 1905 2156 Episcopi
1931 2085 2080 2140 litte-

385 2174 480 2239 ris,
541 2175 783 2228 Romam
864 2188 1046 2242 usque
1088 2171 1340 2237 ,direxit,
1387 2177 1671 2242 quatenus
1747 2173 1870 2226 hac
1934 2173 2080 2227 bene

383 2266 564 2331 capta
613 2261 669 2314 in
728 2260 933 2315 melius
983 2259 1328 2329 proﬁcerent
1365 2259 1699 2314 auctoritate
1737 2261 2076 2330 Apostolica.

385 2354 458 2405 At
499 2349 790 2404 Romanus
832 2347 1109 2414 Pontifex,
1161 2353 1218 2401 et
1264 2347 1600 2402 universalis
1659 2350 1810 2419 Papa
1837 2351 2084 2404 Joannes

387 2437 628 2510 piissimi
661 2437 829 2506 Regis
879 2436 1591 2506 devotioniscongaudens,
1641 2437 1836 2513 habita
1869 2438 1929 2491 in
1957 2454 2086 2492 san-

387 2527 462 2581 cti
513 2525 663 2579 Petri
746 2525 980 2578 Basilica
1042 2524 1278 2594 synodo,
1339 2540 1440 2593 pro
1523 2525 1915 2579 conﬁrmando
1970 2526 2088 2596 epi-

389 2615 624 2682 scopatu
665 2611 1141 2681 Babenbergensi,
1192 2611 1559 2682 privilegium
1615 2613 1749 2667 fecit
1786 2613 2085 2679 conscribi,

392 2704 449 2755 et
501 2699 824 2770 Apostolica
889 2699 1226 2753 auctoritate
1277 2700 1516 2767 ﬁrmari,
1564 2701 1847 2755 universis
1893 2703 2088 2757 Gallia

393 2793 448 2844 et
491 2787 807 2842 Germania
864 2787 1156 2858 Episcopis
1202 2789 1538 2854 rescribens,
1587 2795 1645 2843 ut
1694 2795 1750 2843 et
1788 2790 1897 2860 ipsi
1965 2790 2093 2861 pari

391 2876 798 2946 communique
863 2875 1221 2940 auctoritate,
1281 2876 1622 2946 pradictum
1696 2877 2089 2949 episcopatum

2186 1738 2544 1805 potestatem.

2260 1823 2343 1876 14.
2392 1843 2413 1870 ι
2479 1821 2679 1874 Nostra
2733 1835 2963 1890 quoque
2999 1819 3339 1873 auctoritate
3395 1819 3698 1883 sancimus,
3725 1816 3812 1870 uti
3835 1815 3900 1869 in

2187 1910 2466 1976 terminis,
2525 1915 2581 1962 et
2625 1908 2687 1962 in
2739 1908 2908 1962 rebus
2989 1908 3245 1978 ejusdem
3300 1907 3549 1962 ecclesia
3598 1906 3764 1960 nulla
3826 1904 3903 1958 sit

2187 1999 2474 2052 infestatio
2505 2002 2904 2068 tyrannorum,
2939 1997 3026 2049 vel
3057 1995 3304 2049 aliorum
3332 1995 3730 2066 quorumlibet
3761 2009 3898 2063 pra-

2188 2103 2387 2140 vorum
2419 2085 2738 2152 hominum,
2798 2085 2914 2137 sive
2960 2084 3073 2137 sint
3103 2084 3162 2137 in
3203 2085 3430 2139 civitate
3485 2085 3607 2154 ipsa
3673 2083 3903 2136 Baben-

2187 2174 2340 2239 berc,
2391 2173 2505 2226 sive
2568 2173 2628 2226 in
2685 2172 2930 2226 castellis
2985 2178 3041 2226 et
3099 2171 3264 2238 villis,
3328 2173 3504 2224 servis
3555 2175 3612 2224 et
3644 2170 3903 2234 ancillis,

2189 2261 2524 2329 tributariis,
2584 2260 2839 2326 decimis,
2902 2259 3226 2324 forestibus,
3300 2259 3475 2325 silvis,
3565 2257 3908 2327 piscationi-

2189 2350 2317 2418 bus,
2391 2348 2812 2410 venationibus,
2915 2347 3280 2412 molendinis,
3381 2346 3618 2416 campis,
3691 2344 3904 2415 pratis,

2191 2437 2430 2507 pascuit,
2485 2436 2652 2490 terris
2699 2435 2841 2488 cutis
2890 2441 2947 2488 et
3007 2435 3251 2496 incultis,
3309 2439 3364 2488 et
3413 2432 3689 2504 quidquid
3726 2432 3909 2485 modo

2193 2527 2347 2592 illuc,
2401 2525 2664 2594 pertinet,
2695 2524 2784 2577 vel
2843 2523 2900 2577 in
2963 2524 3220 2577 futurum
3274 2523 3491 2593 acquiri
3546 2522 3746 2593 possit,
3802 2537 3911 2591 per

2195 2620 2403 2668 nostra
2486 2611 2838 2665 auctoritatis
2913 2612 3279 2681 privilegium
3336 2615 3795 2674 corroboratum,
3849 2611 3911 2662 in

2196 2718 2394 2756 secura
2421 2701 2610 2772 quiete
2641 2705 2992 2772 permaneat.
3051 2701 3251 2754 Nullus
3295 2699 3375 2753 ibi
3431 2701 3630 2754 Comes
3682 2703 3787 2752 aut
3817 2699 3916 2752 Ju-

2199 2791 2307 2844 dex
2365 2790 2553 2859 legem
2602 2790 2785 2842 facere
2839 2793 3165 2857 prasumat,
3227 2789 3334 2842 nisi
3387 2803 3558 2859 quam
3620 2802 3724 2858 per
3769 2803 3913 2840 con-

2199 2877 2513 2932 cessionem
2570 2875 2966 2946 gloriosissimi
3029 2876 3196 2947 Regis
3247 2876 3494 2930 Heinrici
3548 2877 3633 2928 vel
3680 2891 3916 2928 succes-

397 2964 748 3027 roborarent,
807 2964 971 3033 cujus
1023 2963 1285 3016 videlicet
1340 2963 1628 3033 privilegii
1685 2966 1974 3035 exemplar
2034 2967 2095 3021 in
2129 2954 2170 3009 ο
2209 2982 2405 3021 sorum
2435 2966 2558 3037 ejus
2587 2966 2897 3034 Episcopus
2945 2964 3051 3018 loci
3099 2964 3356 3034 ejusdem
3410 2964 3704 3032 deligeret.
3739 2963 3918 3016 Nulla

395 3053 546 3107 hunc
576 3051 814 3105 modum
843 3067 899 3104 se
930 3050 1103 3104 habet
1129 3067 1141 3104 :

471 3143 554 3194 13.
610 3158 638 3190 ιι
691 3141 936 3194 Joannes
992 3138 1301 3208 Episcopus
1351 3154 1544 3192 servus
1615 3155 1909 3193 servorum
1972 3139 2090 3194 Dei.

397 3227 578 3283 Ofﬁcii
631 3227 807 3281 nostri
862 3232 949 3281 est
999 3226 1258 3281 omnium
1302 3231 1624 3279 sanctarum
1681 3227 1781 3281 Dei
1832 3228 2094 3292 ecclesia-

397 3331 527 3370 rum
575 3316 879 3370 commoda
926 3314 1274 3385 generaliter
1318 3314 1696 3377 considerare,
1745 3321 1800 3369 et
1850 3316 2096 3370 maxime

400 3420 618 3467 earum,
660 3420 788 3474 qua
849 3403 1168 3472 specialiter
1198 3403 1303 3457 sub
1349 3404 1480 3474 jure
1509 3420 1573 3458 ac
1603 3388 1862 3458 dominio
1888 3411 2099 3459 nostra

402 3494 677 3548 Romana
730 3492 994 3545 Ecclesia
1054 3491 1405 3557 consistunt;
1453 3492 1498 3545 si
1546 3493 1702 3563 quod
1751 3497 1836 3547 est
1877 3492 2099 3548 incom-

402 3581 659 3645 modum,
709 3580 956 3644 abolere,
1006 3597 1078 3634 ne
1126 3596 1230 3650 pro
1266 3581 1426 3651 gravi
1478 3580 1948 3636 incommoditate
1999 3598 2102 3636 sua

405 3669 675 3737 neglecta
730 3669 1041 3734 vilescaut;
1106 3669 1191 3722 vel
1239 3669 1494 3738 qualibet
1566 3675 1731 3723 nacta
1785 3669 2098 3736 occasione,

404 3756 594 3811 debita
645 3757 986 3810 solennitate
1032 3763 1278 3811 careant.
1333 3758 1646 3826 Propterea
1685 3757 1950 3812 omnibus
1979 3775 2105 3812 san-

402 3849 509 3898 cta
548 3843 650 3897 Dei
692 3844 950 3897 Ecclesia
1005 3845 1288 3908 ﬁdelibus,
1347 3845 1724 3915 prasentibus
1782 3847 1997 3901 scilicet
2049 3852 2105 3901 et

407 3931 632 3997 futuris,
669 3936 870 3985 notum
898 3947 1018 3985 esse
1077 3932 1344 3986 volumus
1377 3949 1389 3986 :
1443 3934 1578 4003 quia
1634 3933 1875 3988 dilectus
1908 3939 1966 3988 et
1994 3935 2105 4005 spi-

406 4019 626 4074 ritualis
679 4025 872 4073 noster
925 4018 1076 4072 illius
1121 4019 1418 4075 Heinricus
1466 4021 1911 4091 gloriosissimus
1933 4028 2104 4094 atque

408 4107 813 4162 invictissimus
857 4109 991 4168 Rex.
1045 4108 1237 4162 divina
1292 4108 1606 4180 inspirante
1653 4110 1981 4176 clementia,
2033 4112 2104 4166 de

410 4196 657 4267 propriis
685 4196 1060 4251 hareditariis
1087 4197 1279 4264 rebus,
1327 4213 1429 4268 pro
1460 4214 1561 4251 sua
1616 4214 1970 4270 suorumque
2002 4215 2100 4269 pa-
2133 4230 2176 4282 Β

412 4288 642 4338 rentum
694 4284 904 4346 anima,
972 4285 1366 4355 episcopatum
1433 4285 1492 4339 in
1562 4287 1686 4340 loco
1743 4287 1842 4358 qui
1897 4287 2106 4341 dicitur

418 4373 761 4438 liabenberc,
838 4373 1100 4443 perfecta
1143 4373 1279 4427 ﬁdei
1335 4377 1391 4427 et
1437 4373 1726 4427 charitatis
1783 4374 2104 4443 devotione,

413 4462 474 4515 in
531 4461 807 4514 honorem
860 4461 1173 4516 beatissimi
1231 4462 1380 4516 Petri
1439 4463 1848 4531 Apostolorum
1896 4463 2109 4518 Princi-

413 4550 504 4621 pis
560 4565 680 4603 esse
733 4550 1051 4617 constituit,
1110 4549 1587 4626 commutatione.
1626 4551 1774 4604 facta
1838 4551 1988 4622 jure,
2051 4568 2116 4606 ac

413 4636 675 4708 legaliter
709 4652 840 4690 cum
895 4636 1158 4691 Heinrico
1191 4638 1692 4708 Wirzeuburgensi
1734 4638 2011 4708 Episcopo
2043 4639 2112 4694 de

417 4726 611 4796 aliqua
646 4733 809 4796 parte
841 4725 1126 4794 parochia
1183 4726 1270 4779 sui
1323 4727 1705 4797 episcopatus.
1755 4729 1911 4782 Unde
1941 4729 2114 4784 etiam

418 4813 724 4886 pradictus
800 4811 1107 4884 Episcopus
1163 4815 1330 4868 nobis
1383 4831 1514 4867 suas
1564 4815 1781 4869 litteras
1837 4817 2012 4886 misit,
2053 4824 2118 4872 ut

418 4919 523 4958 suo
555 4918 853 4967 consensu,
908 4902 1212 4974 privilegio
1276 4907 1487 4956 nostra
1516 4905 1857 4975 Apostolica
1918 4912 2117 4960 aucto-

423 5047 483 5101 in
513 5044 936 5101 Commentario
994 5045 1295 5100 restituere
1350 5047 1537 5101 conati
1575 5064 1808 5104 sumus:
1840 5050 1990 5119 quod
2022 5066 2123 5104 au-

421 5123 538 5188 tem
565 5132 779 5188 annum
818 5119 951 5172 1007
989 5122 1290 5172 connectat
1332 5133 1462 5172 cum
1493 5124 1690 5173 anno7
1745 5120 1910 5188 regni
1969 5123 2121 5174 Hen-

419 5187 543 5269 rici,
592 5187 854 5259 sequitur
893 5204 956 5241 ex
1002 5188 1192 5260 primo
1247 5203 1440 5243 errore
1499 5206 1670 5260 quem
1723 5207 1896 5261 supra
1956 5197 2122 5245 nota-

419 5274 624 5314 Vlmlls.

492 5328 606 5401 (52)
637 5331 712 5384 Ex
771 5328 962 5385 codice
991 5328 1298 5383 Viennensi
1345 5328 1541 5384 scribit
1563 5331 1860 5386 Gretserus
1887 5334 2119 5387 Βαιθω-

421 5403 606 5468 gonui,
631 5406 688 5472 et
736 5402 910 5472 paulo
967 5401 1331 5472 postvolcfelt
1367 5417 1496 5472 qua
1566 5405 1686 5456 loca
1741 5401 1969 5472 aliaque
2027 5402 2120 5458 hic

420 5471 749 5543 accuratius
766 5472 938 5527 modo
968 5471 1276 5543 ’quarere,
1307 5471 1495 5542 opera
1552 5471 1804 5541 pretium
1863 5471 1979 5527 non
2014 5478 2117 5528 est.

492 5541 602 5612 (53)
641 5543 934 5598 Variantes
990 5541 1262 5598 lectiones
1317 5541 1500 5598 adfert
1529 5544 1844 5610 Gretserus,
1875 5544 1971 5599 sed
1993 5560 2122 5616 qua

2205 3055 2394 3109 aliena
2454 3059 2702 3124 potestas
2758 3053 2839 3107 ibi
2896 3069 2998 3122 per
3045 3052 3376 3106 violentiam
3420 3052 3617 3105 irruat.
3665 3051 3762 3105 Sic
3817 3052 3921 3105 ille

2207 3144 2566 3214 episcopatus
2612 3142 2777 3208 liber,
2849 3147 2904 3195 et
2958 3143 3028 3196 ab
3097 3142 3256 3195 omni
3309 3145 3584 3211 potestate
3633 3147 3922 3194 extranea

2205 3248 2456 3296 securus,
2487 3232 2744 3286 Romano
2775 3229 3176 3284 tantummodo
3200 3229 3606 3284 mundiburdio
3635 3231 3751 3297 (55)
3789 3231 3922 3283 sub-

2207 3321 2389 3374 ditus:
2419 3325 2705 3390 quatenus
2743 3319 3055 3388 Episcopus
3090 3334 3157 3371 eo
3189 3317 3394 3372 melius
3462 3332 3590 3370 cum
3623 3317 3922 3371 canonicis

2208 3408 2325 3462 suis
2354 3408 2581 3462 servitio
2663 3409 2761 3461 Dei
2835 3407 3019 3477 possit
3071 3406 3352 3470 insistere,
3403 3410 3460 3459 et
3528 3405 3696 3476 primi
3769 3423 3921 3459 cou-

2210 3497 2502 3552 structoris
2572 3496 2830 3565 ejusdem
2889 3495 3016 3562 loci,
3100 3499 3156 3548 et
3219 3494 3638 3564 recuperatoris
3688 3493 3921 3564 jugiter

2211 3585 2550 3641 memoriam
2599 3584 2829 3638 habere.
2883 3583 2966 3637 Sit
3017 3587 3212 3637 tamen
3286 3583 3440 3636 idem
3491 3599 3595 3636 suo
3624 3587 3922 3652 metropo-

2211 3676 2388 3729 litano
2443 3673 2732 3743 subjectus
2801 3677 2972 3743 atque
3024 3671 3313 3725 obediens.
3363 3670 3723 3741 Quicumque
3794 3671 3926 3725 hac

2211 3766 2498 3833 pracepta
2554 3760 2877 3824 servaverit,
2939 3759 3189 3813 divinam
3275 3759 3808 3813 remunerationem
3872 3766 3932 3814 et

2211 3849 2595 3922 Apostolicam
2626 3847 3084 3902 benedictionem
3122 3847 3376 3918 accipiat.
3410 3847 3517 3911 Qui
3551 3853 3746 3900 autem
3781 3863 3929 3902 con-

2213 3943 2465 4008 temptor
2523 3942 2579 3992 et
2652 3936 2896 3990 violator
2976 3936 3274 4000 exstiterit,
3361 3934 3624 4005 perpetui
3688 3936 3934 3990 anathe-

2217 4027 2412 4082 mastis
2443 4024 2800 4081 damnationi
2829 4023 3139 4092 subjaceat,
3199 4023 3311 4076 nisi
3354 4023 3692 4093 resipiscens
3723 4024 3801 4077 ad
3833 4042 3933 4078 sa-

2216 4114 2592 4169 tisfactionem
2641 4111 2954 4182 perveniat.
3004 4111 3287 4180 Scriptum
3346 4125 3450 4180 per
3505 4125 3708 4164 manus
3765 4113 3932 4166 Petri

2216 4201 2425 4258 notarii
2477 4207 2534 4255 et
2585 4200 2868 4255 scriniarii
2933 4204 3142 4253 sancta
3199 4199 3471 4252 Romana
3541 4199 3806 4254 Ecclesia
3873 4201 3932 4254 in

2217 4307 2412 4344 mense
2448 4288 2638 4355 Junin,
2668 4288 2868 4341 Iudict.
2899 4303 2952 4340 v.
2993 4307 3014 4334 ι

2295 4381 2375 4432 15.
2436 4377 2637 4431 Habito
2699 4376 2877 4445 igitur
2931 4389 3159 4428 rursum
3238 4374 3492 4444 generali
3575 4373 3824 4430 concilio
3872 4377 3934 4431 in

2224 4465 2656 4529 Franchenfurt,
2714 4464 2806 4517 cui
2869 4464 3135 4534 prasedit
3212 4462 3553 4516 venerabilis
3619 4463 3940 4536 Archiepi-

2221 4572 2425 4626 scopus
2482 4553 2794 4624 Willigisus
2858 4552 3241 4622 Moguntinus,
3325 4552 3573 4605 universi
3629 4553 3940 4625 Archiepi-

2223 4642 2380 4714 scopi
2409 4647 2466 4697 et
2506 4641 2784 4713 Episcopi,
2839 4641 2940 4712 qui
2967 4641 3370 4706 interfuerunt,
3431 4656 3668 4694 numero
3732 4657 3935 4710 xxxvi,

2223 4732 2411 4788 debita
2431 4747 2559 4784 cum
2592 4729 2960 4784 veneratione
3007 4729 3369 4799 privilegium
3425 4728 3530 4783 hoc
3578 4729 3736 4784 Sedis
3772 4737 3934 4804 Apo-

2221 4821 2436 4875 stolica
2493 4819 2886 4891 suscipientes,
2961 4818 3313 4872 unanimiter
3355 4819 3571 4872 devotis
3629 4807 3936 4875 mentibus

2228 4909 2623 4976 laudaverunt,
2678 4912 2734 4961 et
2802 4907 3164 4961 scribendum
3220 4907 3642 4961 roboraverunt.
3708 4909 3788 4962 De
3847 4927 3940 4964 su-

2228 5050 2308 5105 rei
2341 5048 2716 5104 substantiam
2745 5064 2862 5102 non
2890 5065 3238 5118 magnopere
3284 5049 3611 5102 emendant.

2299 5123 2408 5189 (54)
2435 5123 2508 5176 Ex
2539 5120 2731 5174 codice
2757 5119 3065 5174 Viennensi
3087 5122 3324 5172 nomina
3340 5119 3530 5189 aliqua
3566 5120 3744 5174 refert
3774 5121 3940 5176 Gret-

2229 5207 2389 5246 serus
2424 5209 2437 5258 ;
2467 5198 2524 5245 at
2552 5191 2954 5258 distinguenda
2975 5196 3112 5244 sunt
3168 5196 3225 5244 et
3269 5197 3529 5260 tempora
3567 5196 3625 5244 et
3670 5193 3940 5258 concilia,

2231 5267 2293 5316 ut
2321 5264 2447 5317 vide
2494 5261 2554 5316 in
2613 5261 3034 5317 Commentario
3092 5260 3325 5332 pravio
3361 5261 3541 5332 fusius
3597 5261 3940 5330 deductum,

2231 5333 2329 5387 ubi
2377 5333 2572 5387 omnia
2627 5333 2905 5404 eXplicata
2959 5331 3107 5386 sunt
3145 5348 3273 5404 qua
3319 5331 3412 5386 hic
3465 5333 3733 5386 annotari
3802 5351 3940 5404 pos-

2231 5408 2373 5458 sent.

2303 5475 2411 5543 (55)
2443 5473 2864 5540 Mandiburgum
2895 5473 3066 5527 etiam
3093 5472 3324 5539 dicitur,
3384 5477 3582 5544 estque
3612 5473 3806 5538 tuitio,
3840 5476 3940 5530 de-

2228 5544 2411 5600 fensio
2439 5550 2537 5599 aut
2565 5545 2762 5599 tutela.
3813 5554 3816 5557 ·
