3940 6336
133 301 219 350 ll?
1798 309 1991 363 ACTA.

3550 322 3644 374 118

129 422 408 494 pradictis
457 441 595 479 vero
649 425 935 497 parochia
975 427 1236 481 terminis
1294 429 1366 481 ab
1417 428 1657 482 Ecclesia
1692 430 1831 482 Wir-
1867 432 1912 486 A
1952 431 2432 502 quandocumque
2468 436 2657 487 tamen
2707 434 2794 487 vel
2852 435 3199 508 ubicumque
3245 453 3311 492 ex
3367 444 3637 510 provectu

131 513 512 583 zeburgensis
545 514 930 582 commutatis,
963 532 1033 569 ne
1063 531 1176 586 qua
1206 516 1369 570 ﬁeret
1425 517 1484 569 in
1547 523 1836 587 posterum

129 603 390 669 querela,
425 603 517 655 vel
541 602 843 667 dubitatio,
881 603 1194 672 subjectum
1225 604 1505 658 conscribi
1566 605 1834 675 paginam

131 691 399 743 fecerunt
442 706 458 743 :
501 691 596 743 cui
623 692 956 763 subscripsit
1000 692 1188 762 primo
1220 693 1452 763 quidem
1512 694 1635 764 ipse
1663 694 1834 747 Hein-

128 779 276 831 ricus
363 780 858 850 Wirzeburgeusis
925 782 1253 852 Episcopus,
1309 782 1517 836 deinde
1578 783 1830 851 ejusdem

128 868 385 921 ecclesia
459 868 777 938 prapositi,
845 869 958 922 sive
1006 869 1321 940 presbyteri
1405 885 1648 924 numero
1723 887 1834 924 no-

135 973 254 1009 vem
267 996 280 1008 ι

203 1048 289 1098 l6.
317 1065 345 1095 α
383 1044 659 1098 Omnium
693 1051 897 1099 sancta
947 1045 1046 1098 Dei
1100 1046 1361 1100 Ecclesia
1406 1045 1661 1100 ﬁdelium
1713 1051 1831 1100 tam

135 1134 508 1202 prasentium
563 1150 738 1203 quam
801 1136 1126 1186 futurorum
1182 1135 1443 1187 notitiam
1491 1151 1604 1187 non
1654 1135 1829 1190 latere

130 1220 548 1282 desideramus,
604 1221 854 1291 qualiter
933 1221 1378 1291 gloriosissimus
1450 1224 1566 1276 Rex
1614 1222 1824 1277 Heinri-

135 1325 249 1373 cus,
322 1309 559 1376 divina,
633 1315 696 1362 ut
751 1310 1054 1375 credimus,
1113 1309 1518 1364 admonitionis
1593 1311 1826 1363 stimulo

131 1403 533 1466 compunctus,
587 1398 658 1450 de
707 1398 960 1465 pradiis,
1024 1414 1154 1468 qua
1199 1398 1298 1451 Dei
1348 1400 1548 1467 gratia,
1601 1399 1825 1452 heredi-

133 1486 400 1556 tarioque
442 1487 576 1556 jure
627 1490 951 1556 parentum,
1007 1486 1068 1539 in
1121 1502 1238 1539 sua
1298 1487 1668 1555 possessionis
1723 1487 1824 1540 do-

133 1573 382 1626 minium
445 1575 848 1642 pervenerant,
900 1571 1000 1626 Dei
1059 1571 1352 1625 servitium
1406 1588 1639 1641 augere,
1696 1572 1822 1642 epi-

129 1666 434 1728 scopatum
474 1659 897 1725 constituendo,
933 1660 1290 1724 desiderans;
1321 1677 1436 1731 quo
1468 1661 1524 1714 id
1569 1660 1823 1730 legitime

128 1749 674 1820 rationabiliterque
731 1748 853 1802 ﬁeri
911 1749 1214 1819 potuisset,
1270 1749 1595 1803 Heinricum
1662 1765 1825 1801 vene-

125 1837 371 1891 rabilem
405 1836 890 1905 Wirzeburgensis
941 1835 1193 1889 ecclesia
1242 1835 1617 1905 provisorem,
1677 1851 1824 1906 qua-

125 1931 291 1980 tenus
323 1924 639 1994 quemdam
664 1925 853 1977 locum
883 1923 1216 1992 Babenberg
1249 1929 1645 1993 nuncupatum
1693 1939 1821 1976 cum

124 2027 268 2083 pago
309 2013 752 2082 Raezengevum
807 2012 1043 2072 dictum,
1102 2011 1202 2081 qui
1245 2011 1312 2065 ad
1353 2028 1469 2065 sua
1521 2013 1824 2066 diaceseos

123 2107 335 2156 statum
388 2102 681 2170 pertinere
733 2101 1050 2164 videbatur,
1101 2100 1170 2153 de
1223 2116 1325 2154 suo
1361 2101 1494 2169 jure
1548 2102 1609 2154 in
1657 2115 1824 2152 suum

119 2191 209 2260 jus
230 2191 303 2244 ad
339 2189 399 2243 id
422 2189 836 2260 perficiendum
870 2189 1318 2255 transfunderet,
1350 2189 1603 2243 studiose
1653 2188 1827 2257 capit

123 2279 412 2346 ﬂagitare.
449 2278 609 2341 Qua,
648 2278 920 2346 quoniam
947 2278 1118 2347 justa
1149 2281 1204 2330 et
1233 2277 1604 2332 rationabiles
1641 2294 1825 2332 causa

123 2367 496 2428 videbantur,
581 2366 841 2434 ejusdem
897 2365 1288 2434 augustissimi
1364 2371 1421 2418 et
1469 2366 1826 2419 invictissimi

128 2455 299 2524 Regis
349 2453 732 2522 petitionibus
757 2452 1143 2523 acquiescens,
1192 2469 1320 2506 cum
1349 2454 1643 2508 communi
1689 2455 1825 2508 cleri

128 2543 210 2596 sui
237 2549 416 2612 atque
467 2541 743 2607 militum,
801 2557 906 2594 nec
937 2558 1052 2595 non
1103 2540 1281 2594 totius
1338 2543 1534 2611 populi
1585 2543 1824 2597 consilio

123 2637 173 2684 et
201 2646 516 2691 consensu,
562 2630 868 2699 praefatum
919 2631 1109 2682 locum
1148 2646 1277 2682 cum
1326 2630 1598 2699 pradicto
1655 2646 1823 2700 pago,

125 2719 274 2773 tibus
307 2718 681 2788 parochianis
706 2718 952 2771 ecclesiis
1006 2718 1276 2786 exceptis,
1318 2735 1447 2771 cum
1495 2719 1612 2771 suis
1668 2719 1823 2789 adja-

120 2808 347 2876 centiis,
407 2823 656 2877 quarum
719 2807 842 2860 hac
903 2810 1038 2859 sunt
1096 2806 1352 2871 nomina,
1417 2808 1820 2874 Wachenrode,

121 2897 441 2959 Lonerstat,
529 2894 883 2960 Mulchusen,
953 2893 1111 2947 omni
1170 2896 1539 2963 postmodum
1608 2901 1826 2949 remota

119 2983 596 3045 contradictione,
651 2999 767 3035 sua
816 2983 1082 3052 potestati
1128 2983 1380 3037 tradidit.
1434 2984 1682 3037 Alterius
1725 3001 1824 3037 au-
1856 2993 1894 3046 (ζ
1933 2985 2038 3037 bus
2102 2983 2351 3036 ecclesiis
2395 2988 2648 3053 prastat,

122 3079 233 3126 tem
273 3071 439 3141 pagi,
502 3071 602 3140 qui
656 3071 906 3124 Volci‘eld
958 3076 1208 3137 vocatur,
1270 3071 1332 3124 in
1388 3088 1505 3142 quo
1556 3072 1824 3142 praefatus

123 3163 274 3213 locus
307 3162 454 3213 situs
487 3163 592 3223 est,
629 3162 847 3228 partem
881 3158 1067 3212 eidem
1100 3158 1241 3228 Regi
1307 3159 1603 3226 concessit,
1651 3177 1825 3228 quan-

123 3255 239 3301 tum
265 3253 358 3300 est
386 3248 457 3301 de
493 3246 856 3301 Babenberch
888 3247 959 3300 ad
1013 3247 1229 3300 ﬂumen
1277 3248 1480 3311 Vraha,
1525 3247 1594 3300 de
1644 3248 1826 3300 Vraha

126 3341 179 3391 in
214 3339 535 3392 Ratenzam
581 3336 820 3402 ﬂumen,
847 3340 903 3388 et
932 3335 1010 3389 sic
1033 3336 1197 3405 juxta
1228 3335 1527 3388 decursum
1569 3337 1826 3405 ejusdem

130 3424 388 3478 [luminis
444 3424 503 3477 in
536 3423 708 3488 Moin,
750 3428 807 3477 et
855 3424 988 3478 inde
1043 3423 1113 3476 ad
1171 3423 1420 3477 rivulum
1477 3424 1821 3485 Wichibach,

129 3513 339 3566 deinde
397 3512 470 3565 ad
518 3515 691 3581 caput
734 3511 988 3580 ejusdem
1035 3511 1233 3575 rivuli;
1269 3511 1462 3579 sicque
1507 3527 1620 3581 qua
1666 3511 1827 3564 citis-

131 3600 294 3662 sime,
319 3604 379 3651 et
408 3600 671 3667 proxime
702 3599 996 3669 pervenire
1024 3603 1211 3667 potest
1254 3599 1321 3651 ad
1375 3599 1577 3652 Vraha.
1624 3601 1826 3652 Actum

129 3687 186 3740 in
271 3686 504 3740 civitate
563 3687 1038 3757 Wirzeburgensi,
1115 3693 1393 3756 prasente
1467 3688 1827 3741 serenissimo

132 3777 491 3845 Imperatore
551 3774 830 3841 Heinrico,
910 3792 976 3829 ea
1024 3775 1371 3838 conditione,
1435 3780 1498 3829 ut
1545 3776 1826 3830 decimam

130 3865 187 3918 in
236 3862 538 3918 novalibus
589 3863 710 3931 jam
773 3864 978 3932 incisis,
1039 3869 1095 3917 et
1131 3865 1200 3917 ad
1259 3880 1520 3918 mansum
1599 3881 1824 3918 mensu-

131 3953 266 4006 ratis
345 3967 474 4004 cum
521 3952 696 4005 veteri
740 3952 959 4006 decima
1006 3969 1123 4006 non
1197 3958 1566 4017 commutata,
1625 3954 1827 4006 Wirze-

133 4039 439 4110 burgensis
470 4039 706 4093 ecclesia
725 4039 993 4094 retineat.
1042 4041 1107 4093 In
1154 4039 1451 4092 novalibus
1508 4055 1642 4092 vero
1700 4045 1829 4108 post

132 4128 263 4181 hinc
313 4127 640 4180 excolendis
711 4127 988 4180 decimam
1049 4127 1538 4197 Babenbergensis
1594 4129 1829 4181 ecclesia

135 4216 430 4287 possideat
457 4231 585 4268 cum
615 4215 861 4268 termino
884 4219 1250 4270 commutato.
1294 4237 1312 4263 ι

209 4309 294 4358 l7.
333 4303 440 4357 Sed
505 4309 560 4356 et
600 4304 842 4356 Joannes
879 4296 1259 4373 Aquileiensis
1315 4304 1639 4358 Patriarcha
1686 4322 1829 4374 opus

135 4398 256 4446 tam
300 4391 592 4444 laudabile
643 4391 811 4460 Regis
859 4391 1347 4456 excellentissimi,
1398 4397 1454 4445 et
1500 4392 1655 4461 piam
1697 4409 1834 4463 erga

140 4478 430 4534 Christum
459 4478 819 4531 devotionem
855 4483 972 4530 loto
1018 4477 1224 4531 affectu
1274 4477 1638 4548 amplectens,
1670 4480 1835 4532 llein-

140 4567 257 4619 rico
306 4565 584 4635 Episcopo
634 4564 1090 4633 Wirzeburgensi
1149 4565 1549 4634 gratulationis
1602 4567 1832 4634 plenam

143 4654 344 4725 scripsi
375 4653 706 4721 epistolam.
773 4653 1164 4706 «Beatissimo
1216 4654 1454 4707 Domino
1512 4659 1568 4706 et
1616 4654 1837 4707 sincera

143 4742 420 4796 charitate
461 4740 751 4809 diligendo
794 4740 1056 4794 Heinrico
1107 4746 1316 4794 sancta
1349 4733 1837 4812 Wirzeburgensis

145 4830 394 4885 ecclesia
448 4829 723 4898 Episcopo
784 4829 1116 4891 venerabili,
1195 4831 1438 4884 Joannes
1491 4829 1837 4899 Apuileinsis

147 4918 394 4973 ecclesia
469 4916 796 4988 patriarcha
871 4933 1000 4970 cum
1049 4919 1316 4971 omnibus
1367 4935 1482 4971 sua
1535 4919 1837 4972 diaceseos

151 5004 460 5076 Episcopis,
512 5003 824 5058 fraternam
875 5004 1239 5058 dilectionem
1298 5006 1358 5058 in
1389 5022 1475 5072 eo,
1533 5007 1632 5076 qui
1682 5006 1840 5076 prior

151 5092 340 5146 dilexit
379 5108 504 5156 nos,
539 5095 593 5144 et
641 5091 874 5145 tradidit
925 5093 1295 5162 semetipsum
1329 5110 1429 5163 pro
1473 5094 1657 5158 nobis,
1706 5095 1836 5148 Jesu

153 5181 366 5234 Christo
422 5178 667 5234 Domino
745 5186 960 5234 nostro.
1022 5181 1192 5243 Licet,
1255 5181 1583 5236 Reverende
1641 5182 1837 5248 frater,

155 5269 410 5322 fraterna
439 5267 759 5321 dilectionis
788 5284 924 5322 cura
954 5285 1059 5322 nos
1091 5270 1417 5332 admoneat,
1450 5274 1514 5322 ut
1551 5269 1610 5323 in
1652 5270 1839 5322 omni-

157 5355 251 5407 bus
293 5354 566 5426 operibus
628 5354 789 5408 bonis
839 5372 967 5425 qua
1025 5357 1282 5409 conditor
1319 5356 1557 5409 humani
1613 5357 1840 5426 generis

160 5442 601 5497 misericorditer
655 5442 722 5496 ad
800 5445 1042 5496 salutem
1095 5443 1351 5514 quotidie
1399 5443 1674 5514 disponit,
1738 5444 1843 5499 im-

161 5547 374 5585 mensas
435 5530 752 5602 gratiarum
788 5531 1037 5587 actiones
1104 5531 1214 5602 ipsi
1268 5547 1435 5604 agere
1509 5531 1839 5597 debeamus,

1948 526 2154 573 sancta
2207 521 2493 584 Ecclesia,
2577 523 2658 576 vel
2718 524 2840 592 ejus
2910 525 3278 590 exaltatione,
3335 527 3634 594 locatione,

1945 623 2061 660 non
2108 609 2327 679 aliquid
2359 610 2651 678 magniﬁci
2681 611 2869 680 operis
2912 613 3108 666 audire
3165 613 3488 685 contigerit,
3531 615 3635 668 im-

1946 711 2159 749 mensa
2189 697 2504 751 devotionis
2527 699 2751 762 atl'ectu,
2813 705 2869 752 et
2908 700 3223 769 spiritualis
3267 702 3631 756 exultationis

1944 783 2147 836 eﬁ‘ectu
2175 784 2337 836 illurn
2373 786 2620 852 laudare,
2674 787 3010 841 benedicere
3040 795 3094 841 et
3151 791 3465 857 pradicare
3529 790 3633 844 de-

1939 871 2161 934 bemus,
2187 875 2347 943 cujus
2379 875 2498 928 hac
2519 875 2668 928 dona
2697 882 2850 942 sunt,
2886 882 2942 930 et
2972 893 3004 930 a
3060 894 3175 947 quo
3235 878 3385 931 bona
3426 883 3631 931 cuncta

1940 959 2307 1014 inetfabiliter
2333 964 2669 1031 procedunt.
2705 965 2811 1027 Qui
2841 966 2990 1018 inter
3015 964 3458 1019 innumerabilia
3494 980 3633 1018 sem-

1939 1047 2179 1116 piterna
2231 1050 2580 1122 dignationis
2633 1060 3007 1120 sacramenta,
3071 1070 3137 1107 ea
3175 1060 3228 1108 et
3287 1055 3348 1108 in
3393 1071 3631 1109 suorum

1939 1138 2206 1191 cordibus
2241 1140 2564 1210 Principum
2600 1141 2790 1204 dictat,
2824 1157 2953 1211 qua
2987 1142 3056 1195 ad
3088 1143 3402 1196 multorum
3442 1157 3629 1195 exem-

1937 1225 2119 1292 plum,
2151 1230 2206 1278 et
2236 1227 2479 1280 salutem
2511 1229 2812 1296 profutura
2847 1234 3144 1296 procurat.

2011 1313 2092 1364 l8.
2130 1330 2156 1360 a
2210 1311 2274 1364 In
2324 1312 2532 1382 quibus
2572 1330 2750 1366 unum
2782 1319 2886 1378 est,
2915 1315 3069 1384 quod
3126 1329 3301 1383 super
3352 1313 3626 1366 divinitus

1937 1395 2166 1464 factum,
2252 1399 2555 1453 maximam
2616 1401 2903 1453 mentibus
2959 1401 3165 1454 nostris
3217 1399 3474 1453 latitiam
3536 1417 3628 1469 ge-

1935 1486 2173 1540 neravit.
2227 1487 2562 1542 Audivimus
2614 1489 2766 1558 quod
2833 1489 3106 1542 Dominus
3157 1494 3352 1542 uoster
3407 1489 3621 1542 Heinri—

1934 1589 2032 1626 cus
2084 1575 2532 1642 gloriosissimus
2565 1582 2620 1629 et
2669 1576 3073 1630 invictissimus
3101 1578 3242 1645 Rex,
3293 1576 3487 1630 divina
3517 1576 3626 1629 sibi

1934 1661 2250 1730 inspirante
2281 1665 2481 1733 gratia,
2516 1681 2581 1717 ex
2631 1664 2747 1717 suis
2802 1665 3057 1733 praediis,
3114 1670 3170 1718 et
3229 1668 3468 1734 paterna
3521 1663 3624 1717 he-

1937 1750 2178 1805 reditate
2237 1752 2293 1804 in
2339 1755 2483 1817 loco,
2545 1753 2643 1822 qui
2707 1753 2918 1807 dicitur
2959 1754 3283 1809 Babenberc
3336 1753 3626 1823 episcopa-

1889 1822 1893 1827 ’
1937 1839 2138 1893 tumin
2193 1840 2409 1894 honore
2462 1841 2777 1895 beatissimi
2814 1840 2967 1896 Petri
3013 1822 3419 1911 Apostolorum
3467 1822 3625 1911 prin-

1933 1926 2074 1996 cipis
2138 1929 2518 1995 constituerit,
2598 1935 2654 1982 et
2705 1930 3159 1983 commutatione
3223 1931 3388 1994 facta,
3455 1929 3626 1999 digne

1932 2019 1987 2067 et
2019 2016 2278 2084 legaliter
2311 2032 2442 2070 cum
2473 2017 2708 2071 ecclesia
2779 2022 2984 2083 vestra,
3040 2021 3260 2088 partem
3316 2017 3626 2088 quamdam

1933 2119 1996 2156 ex
2030 2104 2152 2171 ejus
2185 2104 2412 2158 dioecesi
2454 2104 2754 2175 acquisivit
2788 2121 2800 2158 :
2836 2109 3007 2174 atque
3063 2105 3169 2158 hoc
3225 2103 3625 2158 concambium

1930 2192 2269 2261 Apostolica
2327 2192 2477 2244 sedis
2557 2192 2923 2261 privilegium
2970 2192 3379 2246 corroboravit.
3462 2191 3626 2256 Quod

1933 2280 2168 2351 quidem
2220 2281 2498 2334 eximium
2556 2286 2612 2334 et
2683 2281 2966 2336 laudabile
3012 2297 3180 2352 Opus,
3256 2285 3312 2334 et
3362 2281 3484 2350 ejus
3546 2280 3626 2334 di-

1933 2368 2268 2440 gnissimam
2304 2368 2726 2431 liberalitatem,
2756 2376 2807 2423 et
2829 2375 3072 2423 vestram
3105 2369 3441 2423 charitatem
3490 2367 3624 2421 satis

1933 2457 2162 2527 egregie
2202 2457 2625 2527 pradicabilem
2659 2458 3050 2524 commendat;
3079 2473 3209 2511 cum
3247 2461 3304 2510 et
3342 2473 3509 2510 suum
3541 2459 3626 2509 est

1933 2562 2036 2616 per
2077 2545 2493 2614 operationem,
2543 2550 2599 2597 et
2652 2551 2902 2599 vestrum
2950 2546 3024 2598 sit
3075 2562 3179 2616 per
3234 2545 3618 2599 dilectionem.

1934 2633 1999 2685 In
2050 2648 2163 2702 quo
2217 2632 2599 2700 omnipotenti
2647 2633 2761 2684 Deo
2817 2632 3126 2685 immensas
3187 2631 3398 2701 gratias
3439 2630 3624 2684 referi-

1935 2735 2082 2783 mus,
2114 2719 2181 2771 ad
2215 2719 2375 2787 cujus
2414 2717 2875 2771 inaestimabilem
2904 2718 3146 2788 gloriam
3176 2723 3407 2788 spectat,
3469 2717 3624 2787 quod

1933 2823 2034 2876 per
2095 2807 2306 2875 Regem
2357 2811 2617 2859 nostrum
2674 2806 3026 2871 Heiuricum,
3079 2806 3298 2860 bonum
3378 2811 3433 2860 et
3489 2805 3624 2858 ﬁde-

1933 2897 2046 2948 lem
2073 2895 2404 2948 ministrum
2449 2911 2636 2959 suum,
2664 2893 3120 2948 fundatissimam
3174 2910 3375 2964 pacem
3437 2893 3622 2947 omni-

2726 2987 2782 3036 et
2839 2983 3075 3052 insuper
3131 2999 3336 3036 novam
3415 2982 3626 3036 format

1936 3071 2251 3137 ecclesiam,
2285 3087 2388 3140 per
2418 3087 2592 3141 quam
2643 3076 2698 3123 et
2742 3072 2811 3125 de
2843 3070 3076 3124 inimico
3121 3070 3362 3124 humani
3399 3068 3624 3140 generis

1934 3159 1992 3211 in
2034 3159 2241 3212 vicinas
2273 3159 2600 3212 Sclavorum
2626 3162 2845 3228 gentes,
2880 3159 2991 3212 Deo
3022 3157 3356 3227 opitulante,
3411 3156 3620 3209 trium-

1937 3246 2157 3317 pliabit,
2213 3253 2269 3299 et
2316 3246 2798 3299 innumerabilem
2858 3245 3135 3298 familiam
3179 3261 3284 3315 per
3335 3245 3623 3297 lavacrum

1937 3333 2392 3400 regenerationis
2446 3333 2554 3387 sibi
2601 3333 3024 3404 multiplicabit.
3084 3335 3196 3387 Nos
3247 3337 3438 3385 autem
3494 3349 3622 3384 cum

1938 3423 2210 3477 omnibus
2260 3428 2467 3475 nostra
2522 3422 2826 3475 dioeceseos
2878 3422 3164 3492 Episcopis
3213 3422 3318 3474 hoc
3369 3420 3623 3473 divinum

1938 3527 2082 3580 opus
2110 3510 2170 3562 in
2203 3526 2509 3562 commune
2539 3509 2860 3572 laudamus,
2893 3514 3064 3579 atque
3091 3509 3152 3562 in
3182 3525 3249 3561 eo
3282 3509 3434 3577 juste
3485 3523 3624 3560 con—

1937 3596 2247 3648 sentientes
2275 3601 2332 3648 et
2360 3595 2553 3648 subter
2581 3595 2998 3648 conscribentes
3033 3595 3094 3648 in
3154 3600 3498 3664 perpetuum
3537 3609 3626 3646 va-

1935 3685 2051 3737 lere
2072 3684 2498 3737 conﬁrmamus.
2531 3706 2557 3732 ››

2015 3776 2095 3826 19.
2124 3793 2151 3822 (ι
2184 3771 2480 3826 Heinricus
2504 3770 2696 3824 divina
2727 3771 3149 3840 praordinaute
3172 3768 3476 3823 clementia
3510 3770 3624 3824 Rex

1939 3861 2211 3914 omnibus
2274 3860 2502 3913 Eclesia
2551 3859 2684 3914 ﬁliis
2734 3865 2851 3912 tam
2902 3859 3111 3912 futuris
3158 3874 3332 3929 quam
3385 3872 3630 3928 prasen—

1938 3948 2110 4002 tibus.
2144 3946 2544 4001 Saluberrimis
2588 3946 2731 3999 sacri
2773 3945 2967 4016 eloqui
3009 3943 3465 3999 institutionibus
3496 3959 3624 3996 eru-

1940 4037 2152 4101 dimur,
2185 4041 2240 4089 et
2271 4051 2717 4106 pramonemur,
2748 4039 2813 4088 ut
2845 4035 3182 4105 temporalia
3239 4033 3628 4105 relinquentes

1939 4124 2109 4190 bona,
2162 4127 2218 4175 et
2281 4129 2507 4176 terrena
2565 4128 2974 4193 postponentes
3042 4121 3364 4186 commoda,
3416 4127 3630 4174 aterna

1944 4218 2002 4263 et
2034 4210 2155 4262 sine
2211 4209 2324 4263 ﬁne
2376 4225 2645 4262 mansura
2705 4208 2763 4261 in
2813 4209 2965 4262 caelis
3014 4209 3347 4262 studeamus
3391 4207 3630 4276 adipisci

1944 4299 2302 4352 consistoria.
2379 4297 2568 4350 Gloria
2621 4297 2773 4350 enim
2848 4313 3101 4366 praesens
3155 4295 3392 4365 fugitiva
3436 4300 3522 4348 est
3576 4300 3632 4348 et

1943 4403 2108 4451 vana,
2155 4387 2290 4439 dum
2347 4384 2687 4453 possidetur,
2756 4382 2865 4435 nisi
2920 4399 2986 4435 ea
3034 4382 3250 4451 aliquid
3310 4382 3378 4434 de
3418 4380 3631 4434 calesti

1945 4474 2266 4528 aternitate
2288 4473 2590 4542 cogitetur.
2633 4471 2738 4525 Sed
2775 4470 2872 4524 Dei
2915 4469 3203 4522 miseratio
3252 4469 3506 4523 humano
3534 4485 3631 4539 ge-

1944 4560 2070 4615 neri
2103 4559 2352 4630 providit
2408 4558 2748 4623 remedium,
2818 4558 3049 4629 quando
3127 4562 3350 4629 partem
3393 4557 3633 4612 calestis

1943 4649 2162 4718 patria,
2242 4653 2484 4701 terrena
2541 4647 2870 4700 substantia
2941 4646 3074 4700 fecit
3145 4663 3264 4700 esse
3334 4646 3629 4717 pretium:

1945 4739 2122 4808 Hujus
2181 4753 2316 4808 ergo
2374 4751 2474 4789 nos
2531 4735 2850 4790 clementia
2926 4752 3044 4790 non
3089 4735 3476 4803 immemores,
3532 4751 3636 4789 nec

1945 4827 2275 4896 ignorantes
2304 4841 2405 4878 nos
2452 4824 2706 4893 gratuito
2756 4825 2966 4878 divina
3020 4822 3404 4877 miserationis
3449 4838 3637 4893 respe-

1946 4921 2061 4980 ctu,
2114 4914 2294 4984 regali
2371 4912 2650 4983 dignitate
2720 4913 3076 4978 sublimatos,
3140 4927 3459 4981 congruum
3515 4927 3636 4964 esse

1946 5004 2206 5058 ducimus
2266 5018 2384 5055 non
2451 5003 2637 5054 solum
2707 5000 2970 5054 ecclesias
3035 4999 3105 5053 ab
3185 4998 3637 5053 antecessoribus

1948 5091 2152 5145 nostris
2193 5094 2537 5144 constructas
2569 5089 2867 5158 ampliare,
2921 5088 3018 5142 sed
3047 5088 3115 5142 ad
3167 5089 3440 5158 majorem
3505 5087 3636 5156 glo-

1949 5180 2094 5234 riam
2124 5179 2224 5234 Dei
2255 5195 2426 5232 novas
2458 5177 2764 5244 adiﬁcare,
2805 5193 3015 5247 easque
3074 5174 3392 5230 devotionis
3431 5179 3639 5228 nostra

1951 5267 2119 5322 donis
2184 5266 2525 5337 gratissimis
2577 5266 2849 5320 exaltare.
2909 5265 3268 5334 Quapropter
3329 5261 3639 5315 Dominicis

1952 5372 2068 5410 non
2091 5355 2329 5409 surdum
2370 5353 2630 5407 auditum
2688 5354 3014 5423 prabentes
3063 5350 3386 5421 praceptis,
3424 5354 3481 5403 et
3525 5350 3640 5404 dei-

1950 5445 2072 5499 ﬁcis
2129 5442 2580 5514 obtemperando
2656 5441 3019 5494 intendentes
3075 5437 3454 5504 suasionibus,
3513 5439 3639 5493 the-

1951 5547 2149 5586 sauros
2170 5532 2376 5586 divina
2406 5529 2685 5602 largitatis
2713 5525 3106 5582 muniﬁcentia
3159 5525 3324 5580 nobis
3382 5526 3638 5594 collatos,
