3940 6312
306 268 404 318 ll9

1602 270 1655 320 ὃ.
1702 268 1988 323 ΙΙΕΝΒΙΟΙ
2031 268 2503 325 IMPERATORIS

3705 269 3798 321 121]

298 390 360 445 in
412 393 553 446 coelo
630 389 1019 444 desideramus
1072 404 1371 459 reponere,
1429 388 1525 442 ubi
1583 404 1770 460 neque
1836 390 2069 445 furesA
2108 392 2365 463 conjugis
2399 396 2626 458 nostrae,
2660 394 2830 463 atque
2871 390 3150 445 consortis
3206 389 3375 462 regni
3431 388 3798 459 Cunegundas

298 480 598 545 effodiunt,
678 494 781 533 nec
832 478 1115 544 furantur,
1173 493 1359 548 neque
1411 493 1628 547 aerugo,
1688 477 1774 531 vel
1834 477 1990 532 tinea

301 567 626 633 demolitur,
681 566 775 619 ubi
830 571 886 619 et
934 566 1072 619 dum
1127 565 1323 619 omnia
1369 582 1522 618 nunc
1574 571 1844 634 congesta
1900 581 1990 619 re-

301 656 559 720 colimus,
604 670 702 708 cor
759 659 1021 708 nostrum
1072 653 1355 708 desiderio
1410 658 1465 707 et
1522 668 1718 707 amore
1779 654 1993 724 sepius

305 748 579 798 versetur.

374 861 461 913 20.
503 880 523 905 ι
557 858 802 912 Proinde
836 862 1031 927 patere
1090 857 1351 911 volumus
1414 856 1676 910 omnium
1734 854 1995 909 fidelium

305 945 684 1014 universitati,
755 948 905 1015 quod
986 946 1295 1015 quemdam
1352 949 1606 1016 paternae
1664 942 1998 998 hereditatis

306 1041 515 1089 nostra:
572 1034 760 1088 locum
812 1034 1134 1087 Babenberc
1198 1033 1434 1100 dictum,
1500 1037 1555 1085 et
1605 1032 1663 1084 in
1712 1032 1904 1086 sedem
1940 1036 1997 1085 et

306 1126 533 1179 culmen
571 1124 933 1193 episcopatus
977 1122 1361 1193 proveximus,
1422 1126 1477 1175 et
1526 1122 1801 1175 Romanas
1851 1120 1999 1174 sedis

310 1210 649 1264 auctoritate
671 1210 982 1275 ﬁrmatum,
1008 1216 1180 1280 atque
1210 1209 1549 1264 venerabilis
1584 1208 1829 1263 Heiurici
1862 1208 2001 1261 Wir-

312 1298 683 1369 zeburgensis
727 1299 989 1369 Episcopi
1034 1315 1334 1365 consensu,
1370 1303 1425 1351 et
1485 1297 1707 1350 dilectae
1740 1296 2001 1366 conjugis

314 1393 525 1441 nostra:
569 1388 980 1457 Chunegundas
1040 1387 1353 1450 voluntate,
1395 1402 1459 1439 ac
1509 1385 1631 1455 pari
1679 1384 2002 1439 communi-

316 1492 427 1545 que
460 1477 721 1529 omnium
755 1476 934 1529 nostri
980 1474 1236 1528 ﬁdelium
1266 1478 1381 1526 tam
1429 1473 2000 1543 ArcliiepiscOpornm

317 1579 490 1633 quam
524 1562 952 1634 Episcoporum,
1003 1562 1311 1628 Abbatum,
1345 1577 1449 1615 nec
1479 1578 1597 1615 non
1651 1566 1706 1615 et
1764 1562 2003 1626 Ducum,

317 1653 373 1703 et
424 1648 709 1706 Comitum
749 1650 1030 1714 consulto,
1092 1648 1449 1718 decretoque,
1509 1665 1573 1702 ac
1618 1648 1792 1702 totius
1843 1645 2005 1717 regni
2041 1673 2079 1726 Β

319 1737 517 1803 nostri,
551 1737 993 1808 Principumque
1023 1736 1291 1791 concordi
1350 1736 1651 1791 devotione
1692 1735 2006 1799 laudatum,

321 1826 388 1880 ad
437 1826 715 1879 honorem
778 1825 1188 1895 omnipotentis
1244 1824 1365 1893 Dei,
1440 1830 1496 1879 et
1562 1825 1741 1879 beattr
1823 1824 2012 1878 Mariae

323 1930 548 1983 semper
576 1914 844 1982 Virginis,
902 1918 958 1967 et
1006 1918 1333 1967 sanctorum
1390 1914 1801 1983 Apostolorum
1864 1913 2012 1966 Petri

323 2008 379 2056 et
428 2002 610 2069 Pauli,
669 2018 772 2055 nec
832 2018 945 2055 non
1011 2008 1334 2055 sanctorum
1397 2000 1605 2055 Kiliani
1658 2006 1715 2055 et
1761 2000 2010 2070 Georgii,

323 2090 708 2157 fundavimus,
780 2088 1156 2143 stabilivimus
1229 2094 1288 2143 et
1360 2089 1873 2156 corroboravimns,
1952 2094 2015 2142 ut

325 2178 467 2232 inibi
502 2182 781 2245 nostrum,
824 2182 1245 2249 parentumque
1287 2182 1637 2243 nostrorum,
1692 2182 1750 2231 et
1787 2177 2012 2232 Ottonis

326 2264 482 2318 tertii
503 2266 890 2335 Imperatoris,
926 2265 1191 2319 videlicet
1235 2265 1603 2319 antecessoris
1661 2264 1862 2330 nostri,
1923 2282 2014 2319 ce-

328 2353 481 2407 lebre
546 2353 823 2406 habeatur
875 2353 1227 2418 memoriale,
1287 2358 1340 2406 et
1392 2353 1549 2423 jugis
1605 2369 1707 2422 pro
1752 2353 2016 2407 omnibus

329 2441 657 2494 orthodoxis
689 2448 967 2495 mactetur
1014 2441 1195 2495 hostia
1233 2442 1518 2495 salutaris.
1575 2440 1789 2494 Oblatis
1843 2440 2019 2511 igitur

330 2531 441 2583 Deo
497 2528 557 2582 in
604 2530 802 2582 eadem
859 2529 1057 2583 dilecta
1113 2530 1277 2582 nobis
1327 2529 1563 2582 ecclesia
1613 2529 1684 2582 ad
1740 2529 2017 2583 honorem

331 2622 388 2671 et
433 2619 698 2671 decorem
761 2617 966 2671 domus
1022 2616 1144 2679 Dei,
1194 2633 1258 2670 ex
1308 2617 1555 2671 metallis
1613 2616 2019 2687 lapidibusque

332 2705 598 2775 pretiosis
644 2704 702 2758 in
731 2707 913 2759 varios
943 2722 1078 2759 usus
1124 2704 1453 2770 sanctuarii,
1508 2703 1655 2757 vasis
1702 2720 1804 2758 seu
1850 2704 2020 2759 vesti-

331 2794 456 2860 bus,
511 2793 751 2864 aliisque
800 2794 1156 2847 ornamentis
1203 2792 1615 2857 ecclesiasticis,
1675 2793 2020 2846 contulimus

331 2886 607 2950 praeterea
635 2880 705 2934 ad
739 2896 909 2950 supra
932 2882 1141 2935 dictam
1171 2881 1366 2935 sedem
1425 2881 1808 2950 episcopalem
1866 2896 2017 2950 pra:-

2099 486 2522 552 parentumque
2560 485 2913 545 nostrorum,
2961 495 3122 533 versa
3150 479 3291 546 vice,
3344 478 3637 533 beneﬁciis
3689 495 3797 533 no-

2101 569 2231 623 stris
2286 569 2382 641 pia
2432 574 2602 640 atque
2645 568 2871 623 assidua
2915 567 3328 622 interversione
3384 567 3797 638 respondeant.

2101 658 2158 711 Si
2215 659 2341 728 quis
2398 663 2612 723 autem,
2661 656 2813 726 quod
2882 655 3049 723 absit,
3100 655 3275 725 hujus
3324 661 3538 709 nostra:
3594 654 3800 708 muniti

2101 746 2349 800 centiam
2410 744 2753 809 donationis,
2836 747 3009 814 atque
3087 742 3417 797 institutum
3484 742 3802 813 Apostolici

2101 835 2281 900 Sedis,
2341 841 2395 887 et
2448 839 2531 887 tot
2574 832 2989 886 venerabilium
3018 834 3251 886 Patrum
3311 831 3646 886 auctoritate
3699 832 3802 886 fir-

2106 926 2323 977 matum
2355 921 2645 975 destruere
2677 935 2777 973 seu
2830 919 3040 973 violare
3086 918 3413 982 tentaverit,
3461 918 3521 972 in
3569 918 3664 972 die
3702 919 3801 989 ju-

2108 1009 2240 1065 dicii
2269 1024 2459 1063 coram
2491 1007 2667 1062 oculis
2715 1007 2813 1061 Dei
2840 1010 3125 1060 tormento
3172 1005 3599 1076 inextinguibili
3634 1011 3804 1061 aeter-

2108 1098 2314 1153 naliter
2366 1099 2501 1151 luat.
2560 1096 2723 1160 Quod
2791 1112 2861 1149 ne
2915 1094 3182 1149 eveniat:
3245 1096 3339 1149 sed
3428 1097 3548 1150 haec
3612 1095 3804 1156 traditi

2108 1193 2281 1257 atque
2324 1187 2618 1240 decretum
2669 1183 2739 1238 ab
2788 1183 3056 1238 omnibus
3111 1183 3525 1255 perpetualiter
3561 1184 3804 1237 inviola-

2110 1274 2240 1327 bilis
2315 1276 2666 1344 permaneat,
2723 1273 2870 1326 hanc
2938 1272 3194 1326 chartam
3260 1271 3396 1325 inde
3454 1272 3806 1342 conscriptas

2112 1378 2288 1417 manu
2317 1360 2552 1432 propria
2589 1360 2946 1428 roborantes,
2972 1360 3148 1431 sigilli
3198 1359 3378 1413 nostri
3424 1360 3806 1431 impressione

2112 1450 2375 1521 insigniri
2418 1448 2715 1520 jussimus.
2780 1449 2891 1502 Nec
2965 1465 3096 1501 vero
3146 1448 3504 1502 solummodo
3582 1448 3644 1502 in
3699 1448 3822 1502 vita,

2114 1537 2418 1609 superstite
2485 1536 2670 1590 adhuc
2755 1537 2908 1605 Rege
2965 1534 3400 1605 gloriosissimo,
3478 1536 3578 1590 sed
3624 1536 3808 1607 magis

2112 1627 2288 1689 etiam
2314 1629 2442 1696 post
2465 1624 2769 1678 transitum
2800 1624 2923 1694 ejus
2956 1624 3025 1677 de
3057 1630 3242 1678 morte
3289 1624 3363 1677 ad
3421 1624 3616 1691 vitam,
3680 1624 3808 1678 fetis

2119 1714 2299 1786 ipsius
2346 1712 2645 1785 plantatio,
2706 1712 3191 1783 Babenbergensis
3245 1712 3506 1766 videlicet
3554 1713 3810 1778 ecclesia,

2118 1803 2325 1858 divinas
2357 1801 2556 1873 gratias
2610 1800 2892 1856 imbribus
2921 1801 3156 1871 irrigata
3194 1802 3263 1855 de
3293 1801 3383 1856 die
3436 1802 3497 1856 in
3532 1802 3687 1856 diem
3729 1820 3823 1856 acu

2120 1891 2257 1962 cipit
2318 1889 2755 1953 incrementum,
2829 1906 3226 1960 smpenumero
3276 1906 3306 1943 a
3349 1893 3544 1944 sancta
3595 1890 3822 1961 specia-r

2119 1980 2273 2050 lique
2304 1983 2484 2033 matre
2506 1994 2606 2032 sua
2634 1979 2893 2033 Romana
2922 1978 3168 2032 Ecclesia
3198 1977 3471 2032 uberibus
3520 1978 3631 2049 piae
3679 1995 3824 2033 con~

2121 2066 2416 2121 solationis
2472 2071 2665 2138 potata
2712 2083 2776 2121 ac
2823 2066 3024 2120 satiata
3076 2082 3279 2136 regum
3335 2082 3565 2138 quoque
3615 2082 3823 2121 succe-'

2122 2153 2384 2209 dentium
2414 2154 2769 2219 auctoritate,
2800 2155 2888 2208 vel
2919 2154 3235 2225 privilegiis
3288 2154 3558 2208 nobiliter
3610 2171 3675 2208 ac
3727 2155 3830 2208 ﬁr--

2121 2243 2291 2296 miter
2312 2242 2372 2295 in
2402 2248 2744 2313 perpetuum
2762 2243 3065 2297 sublimata
3096 2244 3228 2311 (57).
3250 2264 3278 2291 ››
3318 2243 3393 2297 Ea
3416 2242 3720 2313 privilegia
3755 2244 3825 2297 in.

2123 2328 2512 2400 Appendicem
2542 2330 2872 2401 rejicienda,
2904 2330 3025 2400 jam
3085 2329 3331 2385 diximus
3392 2329 3451 2383 in
3504 2330 3827 2399 praemoni»

2125 2416 2300 2470 tione.

2791 2486 3020 2541 CAPUT
3062 2488 3157 2540 Ill.

2126 2576 2393 2630 Brunonis
2421 2576 2481 2627 in
2518 2578 2763 2628 sanctum
2788 2576 3021 2640 fratrem
3078 2574 3282 2639 odium,
3348 2576 3405 2630 S.
3468 2575 3821 2638 Cunegundis

2198 2647 2541 2709 innocentia;
2589 2648 2803 2698 sanatio
2861 2647 3056 2699 calculi
3109 2648 3167 2699 in
3224 2651 3399 2700 monte
3456 2646 3709 2710 Cassino,
3772 2650 3830 2699 et:

2199 2731 2363 2770 causa
2393 2716 2805 2769 claudicationis
2834 2718 2891 2771 S.
2923 2718 3160 2769 Henrici.

2200 2808 2287 2859 22.
2324 2806 2452 2858 Haec
2469 2820 2571 2857 nos
2596 2804 2667 2858 de
2685 2804 3017 2858 fundatione
3036 2804 3123 2857 vel
3153 2802 3587 2857 conﬁrmatione
3611 2806 3832 2856 sancta:

2134 2892 2617 2962 Babenbergensis
2668 2892 2938 2951 ecclesias.
2963 2896 3191 2961 accepta
3240 2891 3551 2955 occasione,
3612 2891 3833 2945 dixisse

333 2968 446 3033 dia,
469 2969 755 3035 800165135.
802 2968 974 3035 Vicos.
1007 2968 1167 3020 νίηειε
1223 2983 1353 3021 cum
1389 2967 1655 3020 omnibus
1715 2967 1831 3019 δυίε
1889 2983 2020 3036 ρετ·
2052 2951 2093 3005 C
2136 2979 2401 3045 sufﬁciat,
2461 2995 2613 3032 nunc
2669 2980 2736 3033 ad
2786 2984 3031 3050 emptam
3086 2979 3475 3033 narrationem
3535 2979 3603 3033 de
3654 2981 3837 3050 gestis

334 3055 588 3109 tinentiis
619 3056 735 3109 sive
782 3055 1170 3120 adhaerentiis,
1205 3054 1470 3108 videlicet
1502 3054 1804 3126 utriusque
1861 3070 2026 3108 sexus

338 3142 653 3213 mancipiis,
714 3143 881 3209 areis,
950 3142 1223 3204 aediliciis,
1284 3142 1454 3195 terris
1538 3140 1725 3205 cultis,
1793 3140 1897 3194 viis
1967 3146 2024 3195 et

336 3227 519 3292 inviis,
604 3226 866 3292 exitibus,
948 3226 1243 3291 reditibus,
1303 3224 1558 3295 quaesitis
1610 3231 1668 3278 et
1724 3225 2021 3295 inquiren-

336 3314 441 3379 dis,
483 3315 656 3380 silvis,
685 3315 913 3385 sagenis
940 3317 1052 3383 (56)
1085 3313 1513 3379 venationibus,
1544 3313 1743 3383 pratis,
1775 3313 2019 3382 pascuis,

337 3402 573 3472 campis,
651 3403 893 3468 forestis,
963 3401 1295 3469 forestariis,
1386 3401 1652 3469 cellariis,
1740 3400 2023 3467 censibus,

340 3492 524 3560 aquis,
575 3507 921 3561 aquarumve
970 3490 1320 3557 decursibus,
1376 3490 1741 3557 molendinis,
1800 3490 2025 3544 mobili-

338 3579 458 3640 bus,
517 3584 574 3632 et
626 3578 1039 3641 immobilibus,
1102 3586 1158 3633 et
1199 3578 1401 3632 ceteris
1433 3578 1703 3632 omnibus
1758 3594 1887 3648 quae
1920 3579 2028 3632 rite

339 3665 507 3720 scribi
548 3674 646 3720 aut
694 3667 964 3737 appellari
1015 3671 1271 3736 possunt,
1325 3666 1762 3735 quomodolibet
1816 3666 2028 3720 utilita-

342 3755 514 3820 tibus,
548 3754 817 3824 prcesenti
867 3759 1079 3807 nostrze
1130 3753 1485 3807 auctoritatis
1538 3754 1722 3807 edicto
1772 3758 2027 3808 statuen-

342 3844 598 3910 tes,utin
633 3844 746 3896 Deo
774 3841 938 3895 nobis
997 3840 1236 3895 dilectus
1289 3857 1437 3911 saepe
1494 3840 1656 3894 dictas
1710 3840 1858 3895 sedis
1915 3840 2034 3910 Epi-

343 3945 544 3998 scopus
572 3928 950 3993 Eberhardus,
975 3927 1178 3997 suique
1233 3942 1585 3979 successores
1634 3926 1873 3980 liberam
1931 3926 2029 3981 de-

342 4016 475 4071 hinc
531 4017 779 4070 habeant
834 4018 1193 4085 potestatem,
1238 4014 1435 4067 eadem
1491 4013 1825 4084 praescripta
1882 4015 2034 4068 bona

342 4120 470 4159 cum
493 4104 757 4157 omnibus
794 4102 1149 4173 appendiciis
1208 4102 1324 4156 suis
1369 4102 1624 4169 tenendi,
1676 4102 2029 4171 possidendi,

342 4210 440 4247 seu
473 4192 532 4246 in
563 4192 849 4263 quoslibet
896 4207 1030 4245 usus
1065 4191 1423 4262 episcOpatus
1466 4190 1867 4255 convertendi;
1920 4191 2031 4244 fra-
2066 4223 2105 4278 ο
2145 4220 2337 4287 elegia,

345 4282 525 4334 tribus
580 4286 770 4333 autem
824 4279 1110 4334 canonicis
1178 4281 1293 4334 Deo
1354 4278 1569 4333 ibidem
1620 4278 2032 4333 famulantibus

345 4370 415 4423 ad
446 4368 781 4440 quotidiana
826 4368 1158 4439 temporalis
1202 4368 1334 4422 vita:
1392 4367 1664 4433 subsidia,
1726 4368 2032 4437 possessio-

348 4473 466 4524 nes,
521 4472 661 4526 qnas
698 4456 1058 4522 tradidimus,
1108 4461 1303 4510 nostra
1355 4455 1642 4526 imperiali
1701 4456 2033 4510 auctoritate

347 4544 767 4616 proprietateve
796 4545 1141 4615 possidenda
1166 4544 1598 4598 conﬁrmamus.

414 4671 501 4722 2i.
536 4690 555 4716 ι
610 4669 684 4722 Ea
742 4666 1001 4721 videlicet
1053 4667 1318 4721 ratione:
1366 4672 1428 4721 ut
1478 4667 1702 4738 praefati
1748 4666 2026 4734 canonici,

348 4763 406 4811 et
478 4772 680 4811 eorum
728 4771 831 4826 per
902 4754 1315 4809 successionem
1401 4755 1721 4826 Praepositi,
1794 4755 2035 4809 liberam

346 4845 551 4900 dehinc
606 4860 734 4898 cum
800 4843 1058 4913 ipsorum
1115 4843 1521 4897 canonicorum
1600 4859 1902 4909 consensu,
1980 4848 2037 4897 et

347 4933 586 4988 consilio
625 4936 961 5003 potestatem
1005 4931 1253 4986 habeant
1282 4932 1343 4985 in
1392 4930 1658 4985 meliores
1706 4947 1843 4986 usus
1886 4947 2037 4985 com-

345 5021 626 5098 mutandi,
711 5021 1141 5089 augmentandi,
1203 5026 1259 5074 et
1340 5020 1412 5073 ad
1495 5020 1800 5075 utilitatem
1858 5036 2022 5074 suam

348 5109 758 5180 qnoquomodo
808 5107 1137 5178 redigendi;
1190 5114 1473 5179 quatenus
1532 5113 1588 5161 et
1662 5108 1795 5177 ipsi,
1853 5108 2035 5162 nostri

348 5197 597 5268 benigne
667 5211 954 5250 memores
1014 5196 1166 5266 apud
1237 5198 1435 5262 Deum,
1506 5212 1570 5249 ac
1651 5196 2035 5251 dilectissimus

419 5304 524 5373 (56)
556 5302 710 5356 Alias
732 5304 969 5369 Senegis,
1004 5309 1057 5373 et
1082 5303 1331 5369 Saginis;
1365 5318 1479 5356 non
1503 5301 1668 5356 video
1700 5302 1855 5357 aliud
1886 5302 2033 5357 indi-

348 5373 483 5438 cari,
520 5390 688 5444 quam
709 5374 803 5444 jus
834 5372 1182 5444 piscationis.
1216 5373 1457 5444 Consule
1488 5372 1781 5442 glossaria.

421 5442 753 5514 (57)'Nequ‘e
778 5442 902 5499 haac
926 5445 999 5499 ad
1018 5443 1199 5515 Vitam
1226 5444 1285 5498 S.
1313 5442 1550 5498 Henrici
1570 5444 1886 5515 quidquam
1911 5461 2035 5515 per-

421 5460 533 5512 (θι)
563 5460 753 5514 neque
779 5460 902 5499 naec
926 5460 999 5499 ad
1024 5460 1199 5498 Vitam
1226 5460 1285 5498 δ.
1313 5460 1548 5498 αεηνιοι
1570 5460 1886 5569 quicquam
1911 5461 2035 5515 per-

348 5514 533 5568 tinent
561 5531 573 5569 :
600 5516 750 5569 unde
799 5515 854 5569 in
886 5514 1265 5585 appendicem
1311 5530 1566 5585 reponen
1611 5532 1642 5568 a
1700 5517 1814 5582 iam
1861 5532 2036 5587 supra

1974 5722 1995 5761 Ι

2134 3066 2286 3121 beati
2318 3066 2432 3120 Viri
2462 3066 2718 3120 animum
2749 3069 3076 3137 stylnmqne
3135 3072 3439 3121 vertamus.
3500 3067 3672 3138 Regis
3726 3085 3833 3123 an-

2134 3159 2250 3209 tem
2282 3155 2457 3209 frater
2486 3160 2606 3209 erat
2636 3156 2824 3209 Bruno
2857 3157 2967 3225 (58)
3000 3156 3376 3225 Augustensis
3413 3156 3562 3209 sedis
3594 3156 3838 3225 Episco-

2135 3260 2263 3314 pus,
2289 3243 2387 3312 qui
2418 3243 2674 3297 felicibus
2702 3243 2892 3296 fratris
2924 3245 3141 3297 actibus
3172 3244 3449 3308 invidens,
3506 3246 3715 3297 multas
3775 3244 3834 3298 ei

2136 3331 2545 3386 adversitatum
2600 3331 2858 3403 injurias,
2920 3331 2979 3385 in
3029 3337 3307 3403 quantum
3361 3332 3567 3403 potuit,
3614 3332 3837 3389 infere-

2137 3422 2230 3476 bat
2263 3437 2275 3474 :
2311 3426 2367 3474 et
2397 3420 2493 3473 ubi
2525 3437 2627 3491 per
2647 3437 2706 3473 se
2738 3436 2856 3474 non
2898 3426 3142 3492 poterat,
3195 3421 3573 3476 inferentibus
3619 3438 3678 3475 se
3737 3423 3840 3477 ad-

2130 3517 2435 3589 jungebat,
2482 3518 2568 3571 vel
2602 3518 2742 3571 alios
2794 3518 2861 3571 ad
2922 3517 3245 3572 inferendas
3302 3519 3655 3572 exhortando
3724 3520 3839 3573 sti—

2140 3607 2325 3659 mulos
2344 3605 2425 3658 eis
2443 3621 2646 3676 praevae
2669 3605 3014 3659 incitationis
3033 3606 3329 3661 subdebat.
3366 3606 3468 3661 Cui
3498 3607 3674 3660 frater
3711 3625 3835 3662 non

2140 3695 2326 3748 solum
2380 3693 2653 3747 talionem
2688 3709 2803 3747 non
2854 3694 3129 3762 reddidit,
3159 3711 3357 3749 verum
3398 3695 3568 3749 etiam
3613 3695 3835 3750 instru-

2140 3788 2262 3836 ctus
2292 3782 2544 3835 fraterna
2575 3780 2894 3848 dilections,
2918 3782 3112 3835 omnia
3163 3782 3576 3837 dissimulando
3613 3786 3669 3836 et
3730 3801 3837 3854 pa-

2141 3870 2351 3925 tienter
2397 3869 2747 3938 sustinendo,
2808 3869 2973 3924 illum
3044 3870 3104 3925 in
3171 3871 3325 3926 bona
3404 3870 3629 3926 vincere
3690 3878 3842 3926 sata-

2144 3959 2334 4029 gebat.

2214 4046 2550 4109 25.Qnanta
2578 4046 2700 4117 ejus
2731 4046 3144 4113 muniﬁcentia,
3198 4052 3412 4118 quanta
3468 4064 3604 4119 erga
3649 4049 3839 4104 Deum

2145 4132 2454 4187 liberalitas
2486 4132 2753 4198 extiterit,
2808 4137 2923 4187 tam
2954 4134 3014 4187 in
3068 4134 3165 4188 illa
3232 4134 3688 4205 Babenbergensi
3745 4152 3843 4190 ec-

2387 4236 2561 4292 quam
2593 4221 2653 4275 in
2703 4222 2828 4275 aliis
2874 4223 3266 4293 compluribus
3296 4223 3456 4289 locis,
3518 4224 3842 4278 manifestis

2146 4324 2388 4378 operum
2438 4309 2760 4363 declaratur
2832 4308 3079 4364 indiciis.
3136 4312 3331 4365 Solum
3380 4311 3596 4381 quippe
3652 4313 3836 4367 Deum

2146 4397 2256 4450 sibi
2282 4396 2452 4467 elegit
2484 4398 2774 4459 heredem.
2811 4403 3094 4469 quatenus
3124 4405 3180 4453 et
3212 4399 3331 4469 ipse
3364 4400 3423 4454 in
3470 4402 3830 4456 consortium

2147 4490 2375 4539 asternas
2421 4486 2750 4539 hereditatis
2797 4502 2931 4540 eum
2978 4502 3267 4543 assumere
3320 4488 3682 4559 dignaretur.
3746 4490 3837 4544 Li-

2144 4574 2312 4628 beros
2338 4574 2550 4628 etenim
2596 4575 2913 4629 secundum
2964 4592 3193 4630 carnem
3254 4592 3357 4631 nec
3407 4577 3673 4644 habebat,
3732 4595 3839 4633 nec

2146 4662 2523 4733 exspectabat,
2557 4663 3026 4735 quandoquidem
3050 4680 3199 4733 eam,
3231 4681 3405 4736 quam
3436 4682 3541 4736 pro
3583 4670 3835 4739 conjuge

2145 4750 2355 4805 habere
2384 4750 2701 4819 videbatur,
2734 4752 3205 4822 Chunegundam,
3258 4770 3572 4825 numquam
3626 4771 3837 4826 cogno-

2145 4838 2290 4891 visse
2317 4839 2750 4909 comprobatum
2780 4844 2887 4894 est.
2944 4840 3197 4905 Qualiter
3252 4848 3445 4895 autem
3494 4842 3837 4912 innotuerit,

2145 4926 2216 4981 ad
2262 4942 2624 4982 communem
2680 4927 3133 4998 zedificationem,
3187 4931 3655 5000 prastereundum
3712 4949 3833 4988 non

2146 5021 2250 5082 est,
2284 5021 2423 5071 utet
2445 5016 2799 5071 castimonia:
2839 5018 3173 5072 erudiamur
3229 5019 3523 5090 exemplis,
3583 5025 3639 5074 et
3692 5022 3842 5076 divi-

2146 5120 2353 5159 norum
2376 5109 2724 5159 secretorum
2765 5105 3140 5160 admiratione
3192 5123 3554 5174 moveamur;
3614 5108 3837 5166 intelli-

2145 5196 2345 5264 gentes
2403 5194 2896 5264 quemadmodum
2950 5194 3317 5266 diligentibus
3379 5197 3561 5251 Deum
3638 5199 3845 5254 omnia

2145 5301 2405 5356 diximus.

2215 5371 2329 5444 (58)
2360 5373 2436 5426 De
2467 5373 2729 5444 Brunone
2750 5374 2920 5444 paulo
2954 5374 3271 5429 distinctius
3298 5375 3652 5431 Adelboldus
3682 5394 3696 5430 :
3723 5395 3844 5432 cor-

2144 5442 2456 5497 rectionem
2486 5443 2612 5499 vide
2640 5442 2790 5499 infra
2819 5445 3097 5501 miraculo
3128 5446 3337 5518 primo.
