3940 6324
152 310 223 362 121
1787 319 1843 372 At

3546 325 3641 376 l22

143 438 524 499 cooperantur
566 435 628 488 in
692 436 925 490 bonum.
958 437 1150 491 Tantis
1208 455 1458 510 namque
1503 457 1566 494 ac
1621 441 1828 496 talibus
1856 445 1902 499 A
1942 443 2230 498 Benedicti
2261 445 2554 512 audierat;
2588 448 2641 499 et
2673 445 2809 517 quia
2838 444 3099 515 reliquias
3148 447 3271 517 ejus
3299 447 3634 502 dicebantur

142 520 299 574 bonis
357 524 604 578 tentatio
635 525 825 579 deesse
850 541 968 579 non
1004 527 1206 596 potuit.
1252 527 1482 583 Invidus
1514 529 1668 584 enim
1708 547 1831 584 om-

141 610 296 664 nium
327 610 618 668 bonorum
649 614 930 681 diabolus,
993 615 1090 670 ubi
1135 620 1326 670 torum
1394 618 1831 672 immaculatum

141 699 393 755 sauciare
451 719 569 756 non
623 705 829 772 potuit,
861 704 1160 775 zelotypiae
1191 706 1371 760 livore
1406 707 1616 761 fcedare
1669 708 1831 777 cogi-

142 788 298 852 tavit,
333 795 391 842 et
424 791 546 860 ejus
578 791 780 845 saltem
806 793 1019 846 famam
1068 793 1294 856 lzedere,
1327 794 1419 848 cui
1453 795 1658 849 vulnus
1705 812 1829 850 cor-

143 876 428 944 ruptionis
475 879 738 950 inlligere
791 897 906 935 non
937 882 1142 952 potuit.
1183 883 1346 936 Facta
1375 887 1459 938 est
1495 883 1698 954 igitur,
1731 901 1828 938 au-

143 968 286 1018 ctore
347 967 597 1034 diabolo,
649 976 907 1040 suspecta
958 971 1214 1024 criminis
1280 988 1346 1025 ea
1405 988 1535 1042 qua:
1595 977 1834 1026 noverat

145 1055 425 1108 maculam
459 1057 858 1127 corruptionis.
911 1059 1016 1113 Sed
1083 1061 1216 1131 quia
1255 1059 1502 1114 crudelis
1559 1065 1664 1128 est,
1734 1060 1832 1131 qui

146 1141 350 1196 famam
416 1145 680 1214 negligit,
739 1147 1165 1216 expurgationis
1216 1148 1416 1217 gratia,
1473 1149 1544 1202 ad
1575 1165 1835 1202 vomeres

145 1231 448 1285 candentes
488 1233 629 1286 illud
660 1234 768 1288 sibi
805 1235 1084 1304 judicium
1115 1236 1344 1305 delegit,
1389 1238 1544 1306 quod
1603 1243 1836 1307 propter

144 1318 414 1373 duritiam
467 1321 769 1376 hominum
850 1323 1178 1377 institutum
1259 1339 1380 1376 esse
1452 1325 1831 1394 cognoscitur.

144 1407 399 1478 Cumque
428 1409 637 1463 dilecta
671 1412 782 1464 Deo
815 1412 883 1465 ad
928 1411 1068 1466 illud
1092 1412 1390 1482 judicium,
1424 1413 1577 1466 velut
1609 1414 1729 1468 ovis
1761 1414 1834 1467 ad

144 1495 490 1551 occisionem
551 1499 872 1565 duceretur,
935 1500 1240 1571 ingemuit,
1307 1506 1364 1555 et
1428 1501 1534 1568 ait;
1593 1503 1832 1556 Domine

143 1586 306 1650 Deus,
369 1591 594 1640 creator
648 1589 772 1643 θαέιὶ
836 1594 1022 1654 terrae,
1088 1588 1189 1659 qui
1247 1589 1454 1658 probas
1530 1605 1695 1644 renes
1780 1597 1835 1645 et

142 1673 331 1736 corda,
376 1675 577 1744 judica
623 1677 905 1746 judicium
976 1693 1189 1737 meum,
1241 1681 1298 1730 et
1350 1677 1508 1747 eripe
1567 1695 1684 1735 me.
1754 1682 1827 1734 Te

140 1762 289 1816 enim
321 1768 532 1818 testem
562 1769 617 1818 et
637 1765 890 1835 judicem
923 1765 1092 1820 hodie
1122 1765 1342 1831 invoco,
1377 1767 1513 1836 quia
1552 1784 1653 1822 nec
1681 1770 1833 1824 hunc

140 1855 485 1920 praesentem
546 1853 872 1909 Heinricum
928 1871 1031 1908 nec
1087 1855 1328 1908 alterum
1363 1871 1712 1926 quemquam
1761 1859 1836 1912 vi-

139 1952 264 1989 rum
294 1939 516 1992 carnali
545 1940 945 1995 commistione
985 1957 1258 2012 umquam
1311 1944 1573 2012 cognovi.
1607 1947 1723 1999 IIoc
1752 1945 1836 1998 di-

139 2030 248 2093 cto,
275 2028 651 2096 stupentibus
692 2045 756 2083 ac
794 2031 1062 2085 ﬂentibus
1094 2034 1392 2101 universis,
1425 2034 1524 2104 qui
1573 2033 1833 2097 aderant,

139 2130 396 2168 vomeres
458 2117 764 2172 candentes
829 2121 982 2174 nudo
1038 2122 1275 2192 vestigio
1327 2121 1581 2188 calcavit,
1630 2126 1684 2175 et
1716 2122 1837 2174 sine

142 2202 461 2258 adustionis
517 2207 779 2261 molestia
840 2225 1037 2262 secura
1109 2212 1458 2280 pertransiit.
1544 2213 1626 2264 Ita
1689 2212 1837 2264 Deus

141 2291 510 2362 omnipotens
537 2294 824 2350 vinculum
852 2302 1019 2352 castm
1074 2299 1394 2354 dilectionis
1455 2298 1718 2364 servavit,
1750 2299 1836 2353 in-

142 2381 466 2436 nocentiam
493 2385 902 2454 comprobavit,
935 2393 992 2440 et
1029 2387 1343 2458 integritati
1375 2388 1694 2442 custodiam
1726 2388 1839 2440 hu—

143 2471 402 2524 militatis
423 2471 703 2527 adhibuit.

207 2561 296 2613 2i.
345 2562 504 2614 Inter
557 2562 679 2616 haec
731 2563 1044 2617 beatissimi
1103 2564 1383 2636 Principis
1426 2565 1610 2635 gloria
1657 2563 1840 2633 magis

143 2665 201 2702 ac
233 2650 421 2720 magis
475 2650 824 2718 proﬁciebat,
877 2658 934 2705 et
964 2652 1146 2722 gratia
1183 2654 1281 2706 Dei
1341 2659 1463 2707 erat
1510 2669 1639 2707 cum
1690 2653 1835 2723 ipso.

148 2738 267 2789 Non
295 2737 604 2790 declinavit
635 2739 863 2809 clypeus
896 2758 928 2793 a
956 2741 1130 2807 bello,
1163 2747 1220 2795 et
1245 2742 1409 2795 hasta
1439 2741 1563 2810 ejus
1611 2757 1725 2795 non
1757 2745 1842 2794 est

142 2841 366 2878 aversa.
408 2825 734 2895 Apuliama
767 2829 972 2882 Graecis
1035 2829 1134 2882 diu
1190 2846 1527 2898 possessam,
1583 2831 1840 2883 Romano

146 2913 395 2983 Imperio
445 2915 818 2984 recuperavit,
854 2921 910 2969 et
954 2916 1140 2972 eidem
1173 2918 1482 2987 provinciae
1542 2919 1839 2972 Ismaelem

1941 531 2139 584 furtim
2195 533 2435 587 sublata:
2490 538 2547 586 et
2585 533 2644 587 in
2698 533 2874 587 alium
2911 535 3098 588 locum
3127 535 3438 600 translatae,
3501 535 3631 590 ideo

1943 618 2028 672 vir
2053 626 2279 674 sanctus
2329 622 2398 675 de
2461 623 2744 691 corporali
2798 622 2921 691 ejus
2961 623 3257 692 praesentia
3315 623 3629 678 dubitabat.

1942 709 2236 778 Completa
2277 709 2466 780 itaque
2506 709 2784 774 oratione,
2842 711 3016 763 homo
3056 710 3154 764 Dei
3194 710 3262 764 ad
3315 711 3633 780 hospitium

1942 813 2001 850 se
2032 795 2292 863 contulit,
2344 802 2402 850 et
2455 797 2692 850 lassatus
2726 814 2789 850 ac
2818 797 3140 852 debilitatus
3197 799 3256 850 in
3313 798 3519 852 lectulo
3576 815 3634 852 se

1942 885 2252 938 collocavit.
2313 887 2375 939 In
2422 901 2536 955 quo
2567 884 2936 940 obdormiens
2986 886 3125 940 vidit
3154 887 3208 941 S.
3269 886 3634 941 Benedictum

1942 973 2051 1026 sibi
2095 973 2375 1038 assistere,
2425 979 2483 1028 et
2537 974 2754 1029 ferrum
2807 974 3112 1028 sectorium
3162 975 3233 1028 ad
3268 975 3635 1028 medicinales

1943 1061 2220 1114 sectioues
2249 1067 2448 1131 aptum
2497 1079 2673 1115 manu
2722 1067 2937 1116 tenere.
2996 1062 3101 1126 Qui
3161 1061 3306 1115 dixit
3335 1061 3385 1114 ei
3435 1077 3446 1114 :
3494 1060 3637 1124 Quia

1943 1149 2182 1219 sperasti
2210 1149 2269 1202 in
2303 1151 2415 1204 Deo
2446 1150 2583 1204 etin
2631 1151 2851 1206 Sanctis
2901 1151 3044 1220 ejus,
3092 1166 3220 1206 ecce
3269 1149 3475 1203 missus
3507 1165 3632 1202 sum

1943 1253 1975 1290 a
2007 1239 2142 1302 Deo,
2170 1244 2230 1292 ut
2262 1254 2362 1308 per
2409 1255 2598 1292 meam
2650 1239 2992 1292 medicinam
3054 1239 3122 1292 ab
3173 1237 3508 1291 inﬁrmitate
3541 1243 3636 1289 tua

1942 1325 2216 1379 libereris.
2249 1327 2384 1380 Ecce
2406 1342 2530 1395 ego,
2565 1327 2726 1396 cujus
2777 1343 2904 1379 ossa
2955 1325 3155 1380 furtim
3213 1326 3435 1379 sublata
3492 1329 3638 1379 esset

1946 1414 2206 1484 putabas,
2236 1415 2601 1484 praesentiam
2626 1430 2810 1467 meam
2853 1413 2958 1467 tibi
3013 1413 3281 1478 exhibeo,
3343 1418 3399 1466 et
3437 1413 3498 1465 in
3546 1429 3636 1464 ar-

1944 1507 2282 1572 gumentum
2313 1503 2570 1556 veritatis
2593 1502 2884 1571 passiones
2911 1507 3033 1555 tuas
3067 1502 3279 1556 curabo
3339 1501 3465 1569 (59).
3504 1502 3631 1554 Ilaec

1945 1590 2155 1653 dicens,
2208 1594 2430 1660 partem
2478 1589 2637 1643 illam
2667 1589 2942 1658 corporis,
2975 1588 3072 1643 ubi
3115 1589 3364 1643 calculus
3389 1589 3636 1658 jacebat,

1947 1678 2276 1733 medicinali
2306 1679 2477 1744 ferro,
2509 1679 2662 1748 quod
2723 1694 2927 1732 manus
2976 1678 3229 1745 tenebat,
3286 1677 3511 1748 aperuit
3559 1681 3636 1740 et,

1944 1768 2137 1821 evulso
2185 1768 2436 1821 molliter
2473 1768 2707 1832 calculo,
2769 1766 2990 1821 hiatum
3022 1765 3274 1820 vulneris
3308 1765 3496 1820 subita
3545 1782 3636 1817 sa-

1945 1857 2118 1910 nitate
2150 1856 2582 1927 redintegravit,
2637 1856 3036 1926 calculumque
3091 1871 3265 1926 quem
3318 1855 3527 1909 tulerat
3578 1855 3638 1908 in

1946 1961 2119 1998 manu
2154 1946 2318 2014 Regis
2351 1944 2691 1999 dormientis
2715 1944 2983 2014 reposuit,

2015 2037 2101 2087 26.
2165 2034 2287 2096 Quo
2342 2035 2508 2098 facto,
2569 2032 3085 2087 Christianissimus
3144 2033 3461 2103 Imperator
3520 2029 3636 2084 evi-

1945 2121 2161 2191 gilavit,
2201 2126 2256 2174 et
2285 2124 2634 2191 pertractans
2693 2136 2884 2174 secum
2934 2137 3064 2191 quae
3111 2120 3259 2173 circa
3305 2118 3494 2188 ipsum
3526 2124 3643 2187 'per

1947 2210 2336 2265 Confessorem
2367 2209 2570 2264 Christi
2601 2212 2757 2279 gesta
2806 2208 3046 2274 fuerant,
3101 2208 3415 2277 vidensque
3463 2206 3643 2260 calcu-

1947 2299 2065 2352 lum
2124 2314 2298 2369 quem
2348 2314 2522 2351 manu
2598 2297 2849 2363 tenebat,
2919 2297 3139 2350 vocavit
3200 2295 3494 2360 satellites,
3542 2294 3642 2364 qui

1945 2389 2104 2457 regio
2137 2402 2298 2440 more
2330 2386 2437 2440 sibi
2469 2401 2693 2457 semper
2723 2385 3082 2448 assistebant,
3120 2384 3373 2453 dixitque
3396 2384 3464 2437 ad
3495 2399 3592 2437 eos
3627 2398 3638 2435 :

1950 2476 2247 2530 Pontiﬁces
2273 2475 2549 2546 regnique
2581 2473 2759 2527 nostri
2815 2473 3101 2542 Principes
3163 2478 3355 2525 vocate
3399 2472 3471 2525 ad
3521 2485 3641 2535 me;

1950 2569 2010 2616 ut
2040 2569 2379 2634 cognoscant
2412 2570 2469 2617 et
2501 2562 2728 2615 videant
2759 2562 3044 2615 mirabilia
3097 2560 3218 2625 Dei,
3262 2576 3392 2629 quae
3435 2558 3640 2612 ineﬁ‘a-

1948 2650 2078 2703 bilis
2103 2650 2492 2703 misericordia
2518 2655 2574 2703 et
2619 2649 3018 2703 inenarrabilis
3078 2647 3335 2718 potentia
3379 2647 3501 2715 ejus
3552 2647 3642 2698 fe-

1950 2743 2151 2791 cerunt
2181 2738 2242 2791 in
2272 2755 2381 2791 me.
2441 2742 2513 2792 At
2537 2737 2620 2790 illi
2672 2737 2940 2790 mandata
3019 2735 3188 2806 Regis
3240 2735 3408 2788 celeri
3464 2749 3637 2788 cursu

1949 2827 2299 2893 perferentes
2329 2826 2402 2879 ad
2435 2824 2742 2895 Principes,
2806 2825 3197 2894 perduxerunt
3230 2840 3325 2877 eos
3387 2823 3458 2876 ad
3525 2823 3642 2876 Re—

1949 2931 2100 2984 gem.
2157 2915 2308 2978 Quos
2339 2915 2455 2968 Rex
2508 2915 2780 2978 salutans,
2842 2913 3298 2982 resalutatusque
3326 2912 3394 2966 ab
3426 2910 3528 2975 eis,
3564 2909 3644 2962 sic

141 3003 350 3055 ducem
403 3002 676 3072 przefecit.
710 3003 816 3068 Qui
848 3009 1045 3073 postea
1083 3005 1144 3058 in
1198 3005 1658 3075 Babenbergensi
1715 3005 1837 3059 loco
1871 3007 1910 3060 C
1949 3005 2274 3073 alloquutus
2333 3019 2428 3056 eos
2458 3007 2583 3056 est:
2648 3004 2867 3057 Fratres
2925 3008 2982 3055 et
3029 3002 3453 3055 commilitones
3497 2998 3633 3063 mei,

143 3096 428 3157 mortuus,
463 3097 518 3144 et
548 3092 604 3144 in
636 3091 884 3162 capitulo
917 3093 1148 3162 majoris
1209 3094 1541 3147 monasterii
1581 3095 1838 3162 sepultus

141 3181 458 3251 requiescit
486 3180 544 3233 in
573 3181 836 3236 Domino.
911 3182 1379 3236 Beneventanum
1426 3183 1834 3236 monasterium

143 3271 424 3334 condidit,
458 3275 513 3322 et
543 3270 700 3323 omni
736 3275 971 3324 ornatus
1000 3271 1202 3325 decore
1252 3272 1637 3340 locupletavit.
1671 3272 1839 3326 Cum-

143 3376 250 3429 que
307 3359 564 3412 civitates
612 3359 834 3427 Apulite
883 3360 1275 3429 pertransiret,
1338 3365 1542 3429 etquae
1574 3359 1642 3412 ad
1689 3359 1838 3412 utili-

149 3455 324 3501 tatem
361 3453 419 3501 et
449 3448 722 3502 honorem
746 3449 908 3518 regni
963 3449 1325 3519 pertinebant
1369 3449 1430 3502 in
1460 3449 1538 3502 eis
1588 3448 1840 3518 pruden-

150 3538 370 3590 tissime
419 3536 811 3606 disposuisset,
850 3538 1022 3607 caapit
1074 3537 1407 3591 inﬁrmitate
1446 3537 1650 3591 calculi
1681 3538 1844 3589 labo-

150 3642 297 3679 rare.
335 3625 512 3695 Cujus
539 3625 726 3678 morbi
784 3626 1103 3680 molestiam
1160 3625 1245 3680 vir
1273 3630 1499 3679 sanctus
1539 3630 1697 3678 tanta
1745 3641 1843 3694 pa-

150 3714 356 3767 tientia
401 3713 689 3777 sustinuit,
727 3718 788 3768 ut
834 3713 1126 3783 passiones
1194 3714 1380 3768 carnis
1410 3714 1482 3767 ad
1533 3713 1845 3767 custodiam

150 3801 498 3855 humilitatis
529 3819 560 3855 a
608 3803 722 3856 Deo
776 3802 883 3856 sibi
935 3803 1165 3856 collatas
1197 3808 1492 3869 assereret,
1544 3806 1597 3856 et
1647 3803 1848 3871 ﬂagel-

151 3891 270 3943 lum
325 3890 704 3960 correptionis
759 3891 1139 3945 certissimum
1223 3891 1454 3961 signum
1528 3888 1847 3943 dilectionis

152 3993 269 4030 esse
327 3977 663 4030 afﬁrmaret.
725 3977 998 4030 Fomenta
1051 3981 1244 4031 tamen
1295 3976 1658 4030 curationum
1716 3975 1850 4029 fecit

151 4065 258 4119 sibi
288 4064 574 4131 adhiberi,
636 4066 734 4119 sed
787 4066 946 4118 nulla
1001 4066 1355 4119 medicorum
1411 4064 1723 4118 subtilitate
1779 4063 1847 4116 ad

151 4154 446 4224 integrum
478 4153 663 4222 potuit
727 4153 976 4207 liberari.
1018 4155 1450 4224 Ingravescente
1507 4161 1698 4206 autem
1744 4153 1847 4206 do-

155 4245 291 4309 lore,
329 4243 588 4296 ascendit
621 4248 874 4296 montem
919 4244 1240 4310 Cassinum,
1297 4243 1601 4313 petiturus,
1653 4247 1713 4294 ut
1744 4257 1845 4311 per

152 4330 626 4384 intercessionem
677 4333 733 4384 Β.
796 4331 1081 4385 Benedicti
1122 4335 1173 4384 et
1234 4335 1442 4384 sancta:
1482 4329 1843 4385 Scholasticaa

152 4419 413 4473 sanitatis
441 4418 492 4472 ei
523 4435 555 4472 a
579 4421 690 4472 Deo
729 4423 1093 4489 praestaretur
1141 4419 1485 4472 remedium.

218 4511 309 4563 ‘25.
362 4507 604 4561 Veniens
657 4512 847 4562 autem
931 4508 1003 4562 ad
1059 4509 1248 4561 locum
1328 4507 1426 4561 uhi
1510 4509 1846 4562 Sanctorum

152 4596 416 4668 reliquiae
475 4597 703 4650 fuerant
744 4597 1072 4662 reconditae,
1133 4597 1332 4650 effudit
1383 4596 1575 4650 anima
1630 4613 1732 4649 sua
1787 4596 1844 4649 in

153 4691 468 4756 conspectu
522 4684 817 4752 Altissimi,
873 4689 929 4738 et
1010 4701 1113 4755 per
1169 4690 1495 4739 sanctorum
1554 4685 1846 4756 sulfragia,

157 4775 450 4830 Benedicti
510 4774 772 4828 videlicet
826 4779 881 4828 et
938 4774 989 4828 S.
1034 4774 1418 4842 Scholasticae,
1481 4773 1745 4843 precibus
1792 4778 1848 4825 et

158 4865 422 4936 lacrymis
447 4863 757 4934 postulavit
780 4879 814 4917 a
845 4865 960 4918 Deo
991 4864 1235 4918 salutem
1264 4862 1522 4934 corporis
1554 4867 1611 4916 et
1641 4861 1848 4915 animae

158 4954 262 5008 sibi
296 4953 579 5024 praestari.
641 4953 1057 5023 lmpletumque
1107 4958 1192 5007 est
1246 4952 1398 5023 quod
1457 4968 1559 5021 per
1601 4951 1848 5022 Prophe-

159 5047 268 5097 tam
301 5042 513 5096 dicitur
543 5060 559 5095 :
595 5041 877 5112 Exquisivi
937 5041 1268 5109 Dominum,
1321 5044 1377 5094 et
1410 5039 1703 5115 exaudivit
1733 5055 1844 5105 me,

162 5137 212 5184 et
241 5148 304 5185 ex
348 5129 617 5185 omnibus
637 5129 1104 5184 tribulationibus
1135 5131 1276 5184 meis
1310 5128 1521 5199 eripuit
1548 5145 1656 5183 me.
1709 5129 1849 5183 Nam

163 5219 340 5288 petiit,
373 5224 431 5272 et
460 5217 762 5272 exauditus
791 5225 876 5273 est
906 5235 920 5284 ;
951 5218 1198 5290 pulsavit
1255 5219 1326 5272 ad
1383 5219 1594 5272 ostium
1653 5233 1851 5288 perse—

167 5314 419 5362 veranter
483 5306 806 5362 miserantis
858 5308 1149 5377 potentia,
1207 5312 1263 5362 et
1329 5306 1690 5360 intromissus
1747 5311 1845 5359 est.

169 5399 382 5452 Interea
407 5397 524 5452 Rex
572 5396 742 5465 erepit
778 5395 1051 5466 cogitare,
1093 5412 1222 5468 qua:
1257 5395 1327 5450 de
1389 5395 1761 5449 translatione
1793 5396 1848 5450 S.

1947 3093 2307 3163 magniﬁcate
2340 3092 2644 3145 Dominum
2673 3107 2917 3158 mecum,
2952 3096 3008 3144 et
3051 3092 3364 3144 exaltemus
3427 3105 3640 3142 nomen

1948 3183 2071 3252 ejus
2135 3182 2195 3235 in
2250 3182 2518 3250 idipsum,
2571 3180 2706 3251 quia
2758 3185 2842 3234 est
2895 3196 3138 3248 magnus
3211 3178 3506 3242 Dominus,
3592 3180 3646 3229 et

1949 3270 2247 3325 laudabilis
2305 3269 2497 3338 nimis,
2530 3274 2584 3322 et
2617 3268 3034 3339 magnitudinis
3059 3268 3179 3337 ejus
3212 3283 3325 3320 non
3374 3271 3459 3318 est
3486 3256 3646 3319 ﬁnis.

1948 3361 2074 3428 Ipse
2105 3357 2367 3429 percutit,
2417 3363 2473 3410 et
2517 3357 2822 3411 medetur:
2880 3357 3130 3425 flagellat
3192 3359 3535 3424 peccatores,
3593 3357 3647 3405 et

1948 3447 2360 3518 pcenitentibus
2420 3445 2738 3499 miseretur.
2823 3445 2982 3497 Hunc
3051 3443 3338 3508 humiliat,
3400 3447 3456 3495 et
3493 3442 3646 3494 hunc

1951 3537 2158 3590 exaltat
2191 3552 2202 3588 :
2239 3535 2378 3605 quia
2408 3533 2551 3587 calix
2583 3533 2641 3586 in
2673 3549 2846 3586 manu
2903 3531 3128 3585 Domini
3181 3530 3296 3584 viui
3327 3530 3470 3583 meri
3523 3531 3643 3598 ple-

1953 3640 2060 3678 nus
2104 3624 2297 3677 misto.
2364 3624 2444 3676 En
2497 3637 2623 3692 ego,
2681 3621 2782 3691 qui
2842 3620 2965 3675 heri
3015 3618 3183 3673 morti
3217 3619 3509 3690 proximus
3539 3617 3644 3678 fui.

1953 3731 2055 3785 per
2085 3711 2533 3767 misericordiam
2581 3711 2675 3764 Dei
2710 3710 2881 3763 hodie
2913 3709 3071 3763 vobis
3097 3725 3348 3778 appareo
3400 3723 3572 3760 sanus
3633 3722 3645 3759 :

1954 3804 2008 3857 ei
2057 3803 2316 3855 aculeum
2375 3799 2591 3864 mortis,
2653 3815 2825 3869 quem
2904 3798 3028 3852 heri
3085 3797 3301 3867 gestavi
3352 3797 3649 3849 inclusum

1955 3890 2182 3961 corpori
2247 3906 2395 3953 meo,
2473 3887 2642 3941 hodie
2715 3887 2893 3940 oculis
2942 3886 3140 3941 vestris
3189 3885 3489 3938 visibiliter
3557 3900 3652 3936 os-

1956 3979 2146 4034 tendo.

2018 4071 2105 4120 '27.
2156 4067 2283 4119 Haac
2341 4064 2553 4130 dicens,
2603 4064 2849 4118 ostendit
2908 4063 3210 4126 calculum,
3243 4077 3416 4132 quem
3475 4075 3651 4114 manu

1957 4154 2206 4221 tenebat,
2259 4159 2315 4208 et
2370 4153 2675 4208 ostendens
2723 4152 3046 4206 cicatricem
3102 4150 3375 4214 vulneris,
3435 4147 3649 4231 omnia,

1958 4259 2088 4313 quae
2138 4259 2240 4313 per
2296 4247 2554 4296 sanctum
2623 4241 2992 4296 Benedictum
3036 4239 3183 4292 circa
3241 4239 3432 4306 ipsum
3481 4238 3654 4305 [gesta

1958 4336 2138 4395 erant,
2171 4331 2386 4384 cunctis
2437 4329 2822 4394 audientibus,
2865 4343 2928 4380 ex
2970 4325 3170 4380 ordine
3223 4323 3532 4378 referebat.
3585 4325 3656 4376 At

1960 4418 2042 4471 illi
2072 4418 2329 4472 videntes
2360 4422 2414 4470 et
2443 4416 2738 4470 audientes
2767 4413 3053 4468 mirabilia
3105 4411 3223 4476 Dei,
3249 4415 3305 4465 et
3329 4410 3455 4481 plus
3478 4425 3653 4480 quam

1958 4506 2112 4560 credi
2165 4510 2367 4576 potest,
2427 4503 2699 4558 admirati
2751 4506 2910 4568 sunt;
2955 4507 3011 4554 et
3065 4499 3471 4554 benedicentes
3515 4499 3651 4566 Deo,

1961 4595 2171 4665 diuque
2202 4594 2260 4647 in
2293 4593 2518 4646 laudem
2551 4591 2672 4660 ejus
2717 4591 3094 4644 acclamantes
3136 4589 3206 4643 de
3263 4587 3656 4643 incolumitate

1961 4683 2132 4755 Regis
2175 4681 2351 4753 gavisi
2390 4686 2544 4735 sunt.
2577 4682 2943 4750 Rursumque
2978 4681 3091 4733 Rex
3141 4677 3212 4731 ad
3275 4694 3373 4731 eos
3414 4694 3427 4731 :
3482 4678 3652 4741 Quas,

1960 4772 2166 4843 inquit,
2199 4770 2516 4842 gratiarum
2557 4769 2826 4834 actiones,
2871 4772 2969 4821 aut
2999 4783 3128 4838 quae
3191 4781 3430 4820 munera
3484 4764 3656 4819 tantis

1960 4859 2255 4915 beneﬁciis
2293 4857 2576 4927 condigna
2614 4856 2836 4910 medico
2870 4860 3064 4908 nostro
3099 4854 3402 4909 Benedicto
3457 4869 3653 4924 possu-

1962 4966 2090 5004 mus
2121 4945 2473 5019 rependere?
2502 4949 2572 5000 At
2596 4946 2679 5000 illi
2709 4960 2909 4999 omnes
2936 4943 3340 5014 judicaverunt
3370 4959 3502 4996 eum
3565 4956 3655 4994 re-

1962 5039 2055 5109 gia
2070 5035 2462 5092 muniﬁcentia
2483 5035 2723 5104 dignum
2739 5050 2882 5086 esse.
2923 5034 3036 5086 Rex
3067 5047 3203 5100 ergo
3227 5030 3466 5084 consilio
3497 5028 3655 5082 Prin—

1962 5129 2156 5198 cipum
2187 5141 2420 5180 suorum
2452 5123 2709 5195 iugentia
2740 5137 2980 5176 munera
3009 5121 3066 5174 in
3099 5119 3348 5190 praediis,
3400 5117 3462 5170 in
3491 5132 3655 5183 auro,

1963 5218 2021 5271 in
2061 5221 2320 5287 argento,
2353 5213 2411 5267 in
2433 5210 2786 5266 ormanentis
2816 5209 3080 5281 plurimis
3105 5206 3360 5261 ecclesiae
3391 5205 3445 5259 S.
3483 5206 3658 5257 Bene-

1962 5305 2096 5360 dicti
2153 5303 2411 5358 contulit.
2463 5303 2528 5356 Et
2591 5299 2930 5354 valefaciens
2982 5295 3269 5361 fratribus,
3315 5292 3415 5364 qui
3467 5292 3657 5347 eidem

1963 5392 2214 5448 ecclesiae
2269 5390 2674 5461 prazsidebant,
2743 5407 2776 5442 a
2823 5387 3053 5441 Cassino
3106 5386 3298 5437 monte
3351 5381 3549 5435 hilaris
3606 5387 3662 5436 et

235 5563 338 5628 (59)
373 5560 451 5613 De
475 5559 584 5613 hac
609 5561 666 5611 et
691 5556 972 5628 adjunctis
1002 5561 1058 5612 et
1087 5557 1215 5612 aliis
1242 5556 1498 5611 historiis
1527 5555 1585 5610 in
1616 5554 2033 5610 Commentario
2067 5553 2442 5621 disceptatum
2475 5554 2578 5604 est.
