3940 6328
281 277 375 330 103
1575 274 1631 326 S.
1675 273 1837 329 IIENI

2230 271 2480 325 ATORIS
3679 273 3786 326 104

270 397 442 451 venit.
479 400 535 449 et
565 394 787 448 veniam
811 409 916 463 pro
969 391 1284 447 commissis
1330 392 1628 447 humiliter
1654 394 1972 464 postulans,
2004 395 2044 446 Α
2089 392 2229 446 riam
2264 393 2569 454 reducitur,
2623 392 2701 446 ibi
2760 395 3082 454 Parasceve.

271 485 461 541 fratris
508 484 723 537 viscera
781 482 975 545 movit,
1010 488 1067 535 et
1119 482 1381 535 celeriter
1433 483 1499 535 ad
1553 482 1962 552 ignoscendum

271 573 509 628 inﬂexit.
546 574 686 627 Nam
709 571 769 624 in
808 570 1109 640 proverbio
1155 570 1359 623 dicitur
1389 586 1400 623 :
1453 570 1670 639 Cuique
1702 570 1962 623 modesto

271 663 463 716 fratris
525 662 776 729 lacryma
853 659 964 712 cito
1019 658 1196 711 movit
1258 658 1470 711 viscera
1530 674 1544 712 :
1603 663 1659 711 et
1716 658 1963 728 proximi

274 748 586 815 calamitas,
643 745 877 817 propria
933 745 1000 799 ﬁt
1053 745 1323 799 anxietas.
1382 745 1501 809 Qua
1557 745 1748 798 decuit
1826 759 1962 811 ergo

270 838 482 909 pietate
532 835 745 905 recepit
784 854 798 901 ;
830 838 884 888 et
940 840 1252 904 receptum,
1311 850 1424 903 qua
1463 832 1677 899 debuit,
1715 832 1962 886 familia-

269 924 438 979 ritate
467 923 575 977 sibi
607 922 913 991 colligavit.
958 920 1094 974 Inde
1133 936 1477 989 promovens
1527 919 1837 972 exercitum
1862 934 1967 989 per

270 1014 392 1067 loca
424 1010 659 1074 sterilia,
710 1026 815 1079 per
866 1013 1140 1062 montana
1188 1024 1411 1078 aspera,
1460 1024 1563 1078 per
1620 1007 1787 1062 silvas
1844 1022 1968 1076 spa-

270 1101 465 1163 tiosas,
499 1115 603 1169 per
632 1100 750 1151 vias
807 1097 1074 1161 lubricas,
1111 1096 1179 1150 ad
1236 1096 1626 1150 Tridentinam
1679 1094 1962 1148 civitatem

270 1186 546 1257 pervenit.
581 1186 681 1245 Ibi,
727 1184 786 1238 in
818 1184 908 1237 die
958 1184 1303 1245 Palmarum,
1369 1198 1481 1253 qua
1536 1181 1790 1252 oportuit
1816 1184 1966 1235 cele-

270 1275 495 1336 britate,
553 1289 682 1325 suos
730 1272 995 1325 diurnare
1043 1272 1193 1325 fecit.
1253 1271 1430 1340 Hujus
1472 1271 1779 1324 adventum
1824 1272 1963 1324 Har-

271 1362 483 1416 duinus
536 1376 631 1413 rex
700 1359 1076 1424 adulterinus,
1161 1359 1553 1427 praesentiens,
1615 1358 1684 1412 ad
1749 1359 1962 1425 Clusas,

271 1467 415 1520 quos
461 1448 569 1502 sibi
624 1446 989 1501 ﬁdelissimos
1037 1447 1415 1511 existimabat,
1463 1447 1722 1500 custodes
1776 1450 1963 1499 trans-

270 1538 444 1601 misit,
479 1542 535 1590 et
572 1541 1099 1605 quantumcumque
1159 1536 1363 1605 potuit,
1416 1534 1721 1588 exercitum
1770 1534 1966 1587 coadu-

270 1642 405 1680 nare
438 1624 742 1679 festinavit.

341 1715 428 1767 45.
465 1712 680 1766 Deinde
708 1711 767 1764 in
806 1710 1099 1781 planitiem
1158 1711 1540 1764 Veronensem
1597 1710 1771 1775 venit,
1799 1726 1966 1764 even-

267 1802 350 1855 tui
396 1801 582 1871 primo
629 1798 872 1852 similem
913 1799 970 1851 in
1017 1798 1225 1851 futuris
1282 1798 1496 1851 exitum
1549 1814 1802 1868 sperans.
1842 1799 1968 1852 Haec

272 1889 563 1945 Heinricus
616 1888 728 1940 Rex
769 1886 1088 1956 percipiens
1143 1886 1210 1938 ad
1269 1885 1409 1937 alias
1437 1885 1555 1937 vias
1599 1902 1657 1939 se
1680 1886 1963 1951 contulit;

270 1992 387 2032 non
409 1981 469 2030 ut
529 1976 839 2029 declinaret
887 1974 1175 2043 praelium,
1233 1973 1329 2027 sed
1380 1979 1445 2026 ut
1494 1973 1802 2027 faciliorem
1858 1973 1967 2027 sibi

270 2070 555 2137 quaereret
633 2063 949 2118 introitum.
1039 2064 1126 2117 Est
1223 2061 1374 2115 enim
1456 2062 1790 2132 impossible
1866 2078 1967 2132 per

271 2156 483 2220 Clusas,
556 2153 713 2223 juxta
769 2150 1025 2214 Athesin,
1098 2164 1239 2219 quas
1315 2149 1658 2218 Harduinus,
1717 2150 1967 2219 plurima

271 2241 640 2295 multitudine
672 2239 959 2303 tuebatur,
1015 2236 1280 2290 transire.
1337 2238 1556 2289 Interea
1608 2239 1964 2305 capellanum

272 2328 580 2398 quemdam
613 2342 801 2390 suum,
852 2325 1238 2393 Hemilgerum
1293 2322 1708 2395 [Helingerum]
1737 2326 1967 2380 nomine

270 2415 340 2469 ad
375 2416 721 2470 Carentanos
752 2412 1049 2483 prtemittit
1082 2428 1095 2478 ;
1124 2417 1190 2464 ut
1219 2412 1411 2465 Clusas
1445 2412 1609 2481 longe
1635 2429 1665 2465 a
1696 2413 1788 2466 via
1813 2419 1968 2468 recta

272 2502 570 2572 sepositas,
595 2516 725 2571 quae
755 2500 826 2553 ab
868 2499 1158 2552 Harduino
1190 2498 1381 2551 minus
1434 2504 1597 2552 caute
1636 2499 1963 2565 tuebantur,

270 2594 721 2662 praeoccuparet,
752 2588 1002 2642 mandat.
1060 2588 1183 2641 Non
1209 2587 1363 2640 enim
1412 2587 1712 2657 quisquam
1736 2588 1965 2642 credere

268 2684 513 2750 poterat,
570 2682 634 2731 ut
689 2676 894 2747 regalis
944 2675 1224 2729 exercitus
1266 2690 1366 2745 per
1402 2675 1519 2727 vias
1557 2680 1672 2729 tam
1708 2675 1967 2730 difﬁciles

269 2775 325 2822 et
354 2770 621 2837 angustas
650 2765 892 2819 transire
931 2765 1018 2818 vel
1056 2764 1243 2829 vellet,
1278 2764 1363 2817 vel
1414 2772 1624 2833 posset.
1660 2763 1965 2818 Carentani

266 2857 442 2927 regiis
471 2854 755 2910 mandatis
784 2853 1079 2918 obediunt,
1107 2856 1163 2906 et
1222 2852 1523 2922 Helingero
1579 2853 1870 2919 suadente,
1905 2853 1964 2906 in

3157 393 3234 447 ibi
3290 393 3599 448 Sabbatum
3650 412 3786 449 san-

2075 487 2229 534 ctum
2326 481 2438 550 piis
2524 480 2818 533 affectibus
2896 482 3122 535 colitur.
3234 482 3446 535 Pascha
3552 484 3785 536 Domini

2076 572 2130 621 et
2159 569 2333 639 digna
2359 569 2725 623 veneratione
2755 570 3096 635 celebratur,
3156 574 3211 622 et
3268 571 3361 640 pia
3399 571 3785 624 celebratione

2073 660 2398 710 veneratur.

2146 746 2233 799 47.
2298 747 2430 799 Post
2479 746 2599 799 Ιιᾶιο
2656 747 2771 801 Rex
2819 745 3073 800 Palatino
3119 746 3323 801 Comiti
3393 747 3665 817 prmcepit
3717 750 3788 800 ut

2074 850 2177 905 per
2221 834 2478 887 hannum
2527 836 2715 903 regale
2770 834 3041 888 exercitui
3082 835 3185 887 toti
3243 834 3381 904 fuga
3439 834 3784 887 intermina-

2074 926 2273 977 retur:
2329 922 2559 975 adderet
2622 923 2816 989 etiam,
2878 928 2958 987 ut,
3008 923 3054 974 si
3122 922 3247 992 quis
3300 923 3499 993 fugere
3556 938 3784 993 praesu-

2074 1013 2275 1069 meret,
2340 1010 2707 1079 plectendum
2797 1027 2855 1063 se
2934 1011 3161 1081 capitali
3253 1010 3533 1065 sententia
3586 1011 3779 1064 sciret.

2074 1097 2412 1166 Hujusmodi
2466 1098 2656 1151 hanno
2689 1115 2793 1168 per
2833 1100 3139 1152 exercitum
3161 1100 3374 1167 audito,
3418 1101 3535 1153 Rex
3566 1115 3782 1170 aquam

2072 1185 2133 1238 in
2217 1186 2383 1239 tertia
2449 1186 2588 1239 feria
2670 1187 2953 1241 Paschalis
3033 1187 3409 1242 hebdomadas
3492 1187 3784 1257 transivit,

2072 1273 2268 1344 ibique
2298 1275 2540 1328 tentoria
2566 1275 2774 1329 iterum
2806 1275 2981 1346 figere
3017 1276 3208 1342 jussit,
3266 1280 3597 1347 exspectans
3629 1293 3783 1330 nun-

2074 1361 2210 1427 cios,
2244 1377 2387 1431 quos
2417 1362 2486 1415 ad
2518 1363 2927 1432 explorandum
2959 1364 3166 1433 locum,
3193 1364 3253 1417 in
3283 1380 3396 1435 quo
3448 1364 3783 1419 Harduinus

2074 1465 2203 1503 cum
2263 1449 2379 1503 suis
2445 1450 2859 1521 bospitabatur,
2944 1452 3317 1522 praemiserat.
3379 1454 3619 1518 Interea,
3662 1469 3783 1523 qua

2074 1540 2291 1592 ratione
2349 1539 2560 1601 nescio,
2625 1541 3124 1610 Longobardorum
3184 1542 3531 1595 unanimitas
3575 1544 3783 1611 sejun—

2000 1668 2039 1721 Β
2078 1626 2277 1696 gitur;
2313 1631 2367 1679 et
2405 1627 2885 1691 actresistendnm
2935 1628 3244 1693 discordes,
3287 1646 3487 1683 omnes
3526 1629 3595 1682 ad
3642 1646 3780 1699 pro—

2076 1715 2202 1785 pria
2250 1715 2437 1768 redire
2495 1715 2788 1769 festinant.
2825 1716 2951 1770 Sive
3009 1716 3117 1769 hoc
3151 1718 3326 1770 timor
3380 1717 3608 1787 egisset,
3659 1716 3782 1769 sive

2077 1819 2240 1856 amor
2306 1802 2476 1872 Regis
2556 1803 2823 1871 Heinrici,
2904 1821 3004 1858 seu
3061 1804 3336 1858 Harduini
3402 1804 3779 1871 exsecratio;

2075 1891 2330 1957 illorum,
2387 1891 2488 1961 qui
2543 1890 2944 1958 interfuerunt,
3006 1892 3259 1947 scientiae
3311 1893 3597 1964 relinquo.
3664 1896 3785 1948 Hoc

2074 1983 2296 2031 tantum
2363 1978 2525 2045 scio;
2578 1980 2712 2049 quia
2773 1979 2927 2033 illius
2977 1980 3336 2049 providentia
3400 1997 3517 2034 non
3571 1980 3780 2047 abfuit,

2075 2068 2235 2136 cujus
2292 2066 2689 2120 benevolentia
2740 2073 2798 2121 et
2849 2069 3076 2138 cuique,
3136 2069 3289 2139 quod
3332 2070 3471 2133 vult,
3517 2070 3640 2122 sine
3678 2069 3785 2123 lite

2075 2155 2351 2221 concedit,
2385 2160 2442 2207 et
2491 2155 2647 2225 quod
2704 2157 2841 2222 vult,
2878 2156 3114 2210 occultis
3158 2157 3361 2227 judicii
3412 2158 3615 2224 causis,
3676 2173 3785 2227 per

2073 2259 2326 2316 pugnam
2358 2242 2600 2297 discerni
2628 2244 2925 2298 consentit.

2145 2334 2233 2386 48.
2266 2333 2424 2385 Patet
2481 2331 2657 2401 igitur
2708 2334 2970 2387 Heinrico
3026 2334 3149 2403 regi
3202 2333 3512 2401 introitus;
3551 2333 3650 2405 qui
3678 2349 3787 2404 per

2074 2421 2327 2476 laborem
2404 2420 2758 2488 sperabatur,
2815 2436 2917 2490 per
2985 2421 3238 2491 quietem
3295 2438 3328 2474 a
3392 2438 3528 2475 vera
3582 2423 3782 2492 quiete

2075 2524 2393 2565 concessus.
2430 2510 2592 2563 Venit
2648 2526 2786 2579 ergo
2820 2512 3121 2576 Veronam,
3171 2511 3446 2581 recipitur
3472 2528 3504 2565 a
3532 2512 3774 2579 civibus,

2076 2598 2441 2659 acclamatur,
2511 2598 2883 2662 collaudatur,
2969 2604 3297 2652 coronatur.
3381 2600 3638 2653 Occurrit
3722 2600 3780 2654 ei

2076 2684 2301 2740 obviam
2373 2684 2701 2741 Tietboldus
2774 2684 3050 2745 marcbio,
3137 2691 3447 2740 occurrunt
3494 2691 3550 2740 et
3607 2689 3787 2741 ceteri

2075 2776 2350 2845 plures,a
2406 2775 2664 2829 faucibus
2724 2772 2904 2843 erepti
2974 2773 3206 2835 furoris,
3286 2779 3342 2828 et
3413 2775 3534 2845 spei
3573 2776 3788 2830 redditi

2075 2864 2377 2919 libertatis.
2409 2863 2544 2917 lnde
2591 2861 2840 2915 Brixiam
2872 2863 3258 2931 progreditur,
3307 2868 3365 2916 et
3405 2863 3472 2916 ab
3499 2863 3787 2934 Episcopo

267 2946 409 3001 duas
466 2949 685 2998 turmas
735 2941 1088 2995 dividuntur.
1167 2942 1289 2994 Una
1351 2946 1482 2994 ante
1551 2941 1691 2994 lucis
1750 2946 1962 3003 ortum,
1999 2948 2039 3002 C
2078 2952 2411 3024 civibusque
2461 2966 2589 3005 cum
2648 2950 2807 3003 omni
2855 2949 3143 3004 alacritate
3199 2950 3492 3020 recipitur,
3554 2950 3637 3003 Ibi
3686 2966 3786 3004 ar.

270 3032 495 3087 omissis
526 3030 709 3102 equis,
738 3030 978 3083 latenter
999 3028 1179 3082 Clusis
1210 3030 1631 3099 superpositum
1668 3029 1967 3099 [montem]

266 3124 543 3187 occupat:
596 3118 792 3183 altera,
851 3117 1169 3169 lucescente
1217 3116 1337 3185 jam
1377 3116 1485 3184 die,
1544 3116 1708 3186 signo
1765 3118 1967 3185 abhis,

267 3208 367 3280 qui
394 3207 453 3261 in
484 3209 678 3260 monte
709 3208 893 3269 erant,
926 3202 1137 3266 audito,
1185 3203 1253 3256 ad
1287 3203 1478 3256 Clusas
1535 3206 1965 3273 cxpugnandas,

266 3295 559 3350 festinant.
623 3292 896 3347 Custodes
947 3291 1091 3344 nihil
1120 3291 1190 3345 de
1250 3290 1358 3357 his,
1392 3291 1489 3362 qni
1527 3297 1779 3345 montem
1810 3309 1970 3347 occu-

265 3388 557 3456 paverant,
622 3381 885 3441 scientes,
943 3379 1011 3433 ad
1074 3379 1448 3432 resistendum
1534 3379 1728 3433 Clusas
1784 3379 1969 3449 impu-

267 3472 572 3543 gnantibus
620 3469 911 3524 accedunt.
990 3468 1243 3538 Repente
1320 3468 1377 3520 in
1468 3471 1662 3520 monte
1730 3468 1969 3521 latentes

267 3559 553 3625 exsiliunt,
614 3557 922 3625 Clusasqne
972 3554 1407 3608 defendentibus
1465 3570 1497 3606 a
1537 3553 1706 3606 dorso
1763 3553 1968 3607 infeste

267 3643 693 3715 superveniunt.
724 3640 1016 3707 Custodes,
1039 3656 1095 3693 se
1127 3640 1394 3709 deceptos
1423 3656 1541 3692 esse
1566 3640 1966 3710 percipientes,

266 3732 362 3785 alii
392 3747 451 3783 se
480 3730 539 3783 in
572 3729 767 3797 fugam
820 3727 1139 3790 miserunt;
1174 3726 1267 3778 alii
1314 3726 1371 3778 in
1410 3726 1791 3796 praecipitium
1823 3746 1840 3791 ;
1871 3730 1967 3781 alii

265 3817 326 3872 in
362 3819 626 3872 Brentam
667 3829 874 3884 aquam
898 3812 1351 3866 subcurrentem.
1396 3813 1514 3866 Hac
1543 3814 1966 3883 expugnatione

270 3903 573 3961 Carentani
598 3902 791 3956 Clusas
817 3902 1078 3953 tenentes
1112 3899 1323 3968 Regem
1357 3905 1702 3970 exspectant.

338 4011 426 4063 46.
482 4009 609 4063 Haec
655 4006 773 4059 Rex
824 4020 929 4074 per
981 4004 1338 4073 capellanum
1371 4021 1561 4074 suum,
1609 4022 1780 4077 quem
1810 4022 1968 4076 prae-

266 4098 522 4162 miserat,
577 4094 847 4157 rescieris,
896 4091 1183 4145 festinavit
1210 4092 1279 4145 ad
1326 4094 1564 4147 Clusas:
1615 4101 1671 4147 et
1724 4094 1967 4165 impedi-

267 4189 463 4239 menta
505 4184 856 4253 relinquens,
922 4195 985 4232 ac
1013 4195 1203 4233 secum
1258 4180 1326 4233 ad
1373 4197 1625 4251 pugnam
1669 4183 1964 4252 expeditos

267 4291 519 4341 sumens,
576 4289 705 4327 cum
754 4270 1002 4324 maxima
1061 4268 1396 4323 difﬁcultate
1440 4269 1714 4323 transivit.
1752 4271 1963 4324 Deinde

267 4364 327 4417 in
360 4362 654 4434 planitiem
692 4358 948 4421 veniens,
972 4373 1145 4428 super
1174 4373 1382 4426 aquam
1416 4358 1680 4411 Brentam
1721 4359 1968 4412 tentoria

267 4451 443 4522 figere
468 4451 639 4521 jussit
669 4466 683 4515 ;
714 4453 779 4502 ut
833 4447 913 4501 ibi
971 4447 1092 4501 dies
1145 4446 1425 4499 solemnes
1483 4446 1717 4516 majoris
1747 4446 1966 4501 hebdo-

269 4540 453 4594 madae
514 4539 689 4608 digna
741 4536 1036 4589 devotione
1090 4538 1476 4589 veneraretur.
1549 4536 1670 4589 Non
1701 4534 1855 4588 enim
1913 4535 1967 4589 ei

267 4629 482 4681 bonum
507 4642 626 4679 esse
648 4623 966 4689 videbatur,
1019 4626 1083 4675 ut
1124 4622 1182 4675 in
1247 4622 1361 4676 illis
1393 4622 1615 4690 diebus,
1672 4622 1729 4675 in
1758 4622 1966 4693 quibus

269 4716 531 4769 conditor
558 4728 662 4783 pro
713 4710 974 4778 conditis,
1032 4714 1253 4762 creator
1299 4725 1403 4778 pro
1432 4710 1651 4775 creatis,
1690 4710 1966 4763 Dominus

267 4821 375 4874 pro
444 4802 637 4869 servis,
695 4800 842 4869 capi,
929 4798 1231 4868 flagellari,
1286 4797 1561 4868 cruciﬁgi,
1617 4797 1868 4867 sepeliri,
1906 4799 1963 4852 in

270 4892 619 4963 agnitionem
648 4906 763 4943 sua:
809 4887 1100 4941 charitatis
1152 4887 1349 4952 voluit,
1407 4887 1751 4940 indiceretur
1775 4887 1965 4958 aliqua

270 4979 617 5051 congressio,
676 4995 738 5032 ex
807 4993 919 5047 qua
976 4975 1227 5029 violenta
1293 4974 1595 5028 Christiani
1671 4975 1967 5045 sanguinis

269 5072 434 5125 fieret
472 5067 692 5122 effusio.
744 5065 828 5119 lbi
876 5080 1010 5133 ergo
1049 5062 1118 5115 ab
1176 5062 1609 5133 Archiepiscopo
1643 5063 1965 5117 Coloniensi

270 5157 590 5213 chrismatis
646 5156 709 5209 ﬁt
772 5151 1139 5215 consecratio,
1192 5151 1303 5205 illis
1341 5152 1599 5221 partibus
1644 5156 1779 5204 tunc
1805 5151 1966 5205 valde

277 5246 607 5301 necessaria.
677 5245 738 5297 In
785 5240 1082 5296 duodecim
1117 5240 1272 5293 enim
1339 5239 1757 5310 episcopatibus
1819 5240 1966 5293 circa

271 5334 573 5388 introitum
610 5331 809 5391 Italiae,
856 5329 953 5382 illo
998 5327 1089 5380 die
1160 5342 1269 5396 pro
1300 5326 1629 5379 confusione
1674 5327 1961 5396 praesenti,

271 5438 377 5475 nec
434 5422 741 5492 Episcopus
788 5422 929 5484 erat,
984 5431 1089 5470 nec
1139 5413 1388 5469 chrisma
1457 5418 1763 5470 sacratum.
1822 5414 1966 5468 lbia

272 5515 391 5565 toto
433 5508 682 5564 exercitu
737 5508 907 5562 Coena
962 5504 1191 5559 Domini
1243 5502 1605 5557 devotissime
1633 5501 1703 5556 ad
1750 5518 1965 5557 memo-

2079 3039 2469 3110 chiepiscopus
2510 3040 2829 3105 Ravennas,
2883 3054 3013 3091 cum
3074 3038 3189 3091 suis
3243 3042 3298 3093 et
3355 3039 3462 3092 sibi
3517 3038 3788 3093 ﬁnitimis

2078 3129 2129 3182 ei
2165 3130 2389 3183 obviam
2421 3128 2592 3194 venit,
2649 3132 2707 3180 et
2736 3142 2940 3180 manus
2998 3128 3257 3181 nondum
3322 3127 3579 3181 dominio
3619 3128 3787 3182 adul-

2076 3218 2264 3272 terino
2314 3219 2584 3289 pollutas,
2638 3216 2849 3269 seniori
2888 3216 2988 3269 diu
3041 3221 3362 3287 exspectato
3407 3217 3609 3271 reddit.
3645 3218 3789 3271 Inde

2077 3304 2190 3357 Rex
2223 3305 2570 3375 Bergomum
2633 3304 2808 3370 venit,
2842 3308 2898 3357 et
2953 3303 3435 3358 Mediolanensem
3484 3305 3787 3374 Arcbiepi-

2078 3407 2313 3462 scopum
2370 3409 2471 3463 per
2542 3407 2748 3446 manus
2801 3396 2859 3445 et
2921 3396 3275 3446 sacramenta
3326 3392 3559 3463 recepit.
3643 3394 3786 3447 Inde

2076 3479 2332 3550 Papiam.
2368 3481 2503 3535 lbia
2560 3480 2929 3535 multitudine
2980 3480 3224 3533 maxima
3280 3480 3562 3534 nobilium
3627 3482 3788 3535 Lon-

2077 3569 2489 3639 gobardorum,
2536 3569 2635 3639 qui
2667 3569 2735 3622 ad
2793 3567 3217 3639 suscipiendum
3271 3585 3401 3622 eum
3452 3570 3786 3639 congregati

2077 3660 2258 3723 erant,
2281 3672 2384 3726 per
2404 3656 2607 3726 dignos
2632 3656 2937 3725 applansus
2980 3653 3274 3724 recipitur,
3311 3660 3367 3709 et
3419 3670 3548 3709 cum
3592 3657 3786 3708 exsul-

2076 3744 2291 3797 tatione
2340 3744 2516 3797 totius
2570 3743 2811 3797 civitatis
2870 3743 2937 3797 ad
2989 3742 3045 3797 S.
3128 3742 3410 3796 Michaelis
3465 3743 3785 3812 [ecclesiam

2076 3831 2321 3884 ducitur.
2384 3831 2462 3885 lbi
2523 3831 2728 3896 clerus,
2792 3830 2874 3884 ibi
2933 3830 3212 3884 nobilium
3276 3837 3471 3893 cattus,
3509 3832 3586 3885 ibi
3619 3832 3788 3901 plebs

2078 3918 2378 3988 utriusque
2425 3934 2588 3971 sexus
2636 3933 2832 3971 omnes
2894 3917 3212 3982 unanimes,
3248 3936 3363 3971 uno
3419 3934 3516 3972 ore
3556 3919 3783 3973 Heinri-

2076 4023 2206 4060 cum
2266 4007 2478 4077 Regem
2510 4006 2848 4067 acclamant.
2879 4006 3224 4075 collaudant,
3260 4007 3644 4062 collaudatum
3675 4024 3788 4079 per

2076 4110 2312 4148 manum
2344 4095 2655 4148 elationem
2684 4094 3007 4165 designant.

2146 4185 2235 4237 49.
2300 4183 2663 4237 Collaudatus
2736 4183 2914 4253 igitur
2969 4188 3294 4251 coronatur,
3375 4188 3677 4238 coronatus
3713 4203 3783 4240 ex

2080 4271 2270 4326 debito
2292 4272 2362 4325 ab
2395 4271 2659 4325 omnibus
2713 4273 3044 4326 honoratur.
3115 4273 3197 4326 Ad
3247 4274 3523 4343 palatium
3575 4274 3784 4329 deinde

2076 4376 2206 4413 cum
2266 4359 2422 4413 omni
2456 4359 2808 4429 jocunditate
2892 4360 3200 4415 reducitur.
3280 4361 3554 4431 Tandem,
3605 4362 3782 4416 decli-

2076 4451 2248 4501 nante
2304 4449 2421 4517 jam
2497 4448 2609 4515 die,
2667 4449 2925 4502 diabolus
2974 4449 3129 4519 pacis
3158 4449 3403 4515 invidus,
3458 4452 3781 4505 concordiae

2075 4536 2365 4603 inimicus,
2413 4536 2713 4590 discordia:
2762 4536 3076 4590 seminator
3132 4537 3424 4604 fervidus;
3484 4554 3615 4608 quo,
3651 4544 3784 4609 post

2074 4624 2410 4693 mysterium
2442 4623 2699 4693 corporis
2729 4628 2785 4677 et
2816 4623 3113 4692 sanguinis
3160 4625 3462 4691 Dominici,
3507 4626 3679 4679 Judas
3708 4628 3778 4681 ad

2069 4712 2520 4782 .perpetrandum
2571 4710 2727 4765 nefas
2798 4712 3261 4766 infandissimnm
3316 4718 3575 4783 suscepto
3622 4714 3778 4769 intu-

2074 4800 2242 4865 muit,
2293 4801 2611 4871 eodemque
2677 4801 2973 4864 suadente,
3041 4800 3102 4853 in
3173 4802 3518 4872 supplicium
3578 4819 3781 4875 perpe-

2072 4887 2293 4941 tuitatis
2342 4889 2602 4958 crepuit;
2662 4888 2708 4940 is
2761 4893 2818 4940 et
2848 4887 2997 4941 cives
3063 4894 3191 4957 post
3242 4906 3520 4945 manuum
3577 4892 3780 4945 reddi—

2074 4975 2309 5037 tionem,
2379 4982 2508 5046 post
2555 4976 2688 5029 fidei
2730 4976 3188 5045 promissionem,
3238 4984 3369 5048 post
3434 4980 3781 5033 sacramenti

2075 5064 2481 5129 securitatem;
2539 5065 2717 5130 nulla,
2770 5080 2899 5134 qua).
2930 5064 2987 5117 in
3019 5065 3296 5120 rationem
3355 5065 3524 5136 digne
3572 5067 3780 5121 deduci

2073 5160 2284 5221 posset,
2344 5151 2581 5206 laesione
2647 5158 2886 5218 coactos,
2969 5153 3239 5207 adversus
3316 5155 3536 5224 regiam
3598 5159 3779 5227 maje-

2076 5245 2277 5295 statem
2333 5240 2572 5310 (veneno
2625 5240 2917 5294 ebrietatis
2973 5241 3252 5309 immisso)
3291 5244 3623 5297 commovit.
3664 5245 3781 5298 Hoc

2074 5328 2267 5399 itaque
2325 5344 2576 5397 suasore,
2634 5333 2969 5394 armantur;
3030 5330 3136 5383 hoc
3208 5330 3582 5398 stimulatore,
3636 5332 3784 5386 inci-

2072 5421 2306 5483 tantur;
2349 5415 2457 5470 boc
2504 5416 2762 5485 ductore,
2817 5417 2887 5470 ad
2935 5417 3210 5487 palatium
3276 5424 3634 5489 properant;
3668 5421 3783 5476 hoc

2074 5504 2419 5572 ordinatore,
2490 5504 2701 5559 moenia
2755 5492 3009 5574 cingunt.
3083 5504 3323 5569 Quidam
3376 5507 3546 5561 etiam
3602 5507 3781 5564 inter-
