3940 6354
125 367 201 415 ms
1434 360 1442 367 '
1750 365 1943 421 ACTA.

3497 375 3595 427 106

120 496 228 543 rant
276 489 664 558 instigatores,
720 488 819 559 qui
874 504 977 559 per
1031 487 1327 558 propriam
1388 487 1789 542 conscientiam
1822 489 1864 541 A
1905 488 2077 555 ditur,
2134 506 2443 560 casumque
2482 488 2754 545 minatur.
2804 491 2907 544 Sed
2951 492 3314 561 spe'sublata
3368 494 3594 564 refugii,

121 578 328 646 turbidi,
360 577 468 631 sub
512 575 801 632 Harduino
847 575 1136 630 malebant
1163 591 1267 646 per
1294 574 1518 629 illicitas
1558 575 1790 645 rapinas

120 667 304 736 vagari,
347 682 521 737 quam
566 665 670 718 sub
723 664 987 719 Heiurico
1044 665 1222 718 frteno
1280 664 1520 734 justitite
1554 682 1617 719 ac
1648 664 1790 735 legis

120 753 391 823 adstringi.
427 754 512 807 Fit
558 751 848 822 strepitus,
897 752 1152 823 exsurgit
1180 753 1429 818 sonitus;
1472 753 1532 806 in
1575 752 1788 822 palatio

119 842 285 896 statim
320 842 574 913 auditur.
609 840 719 895 Sed
749 840 882 911 quia
913 856 1083 894 nemo
1120 840 1276 907 talia,
1311 846 1439 910 post
1469 841 1640 895 ﬁdem
1694 857 1787 893 eo-

117 930 228 983 dem
255 930 343 983 die
377 929 742 998 promissam,
778 928 1007 982 credere
1039 932 1282 998 poterat,
1333 944 1448 981 non
1480 929 1593 981 cito
1624 928 1791 981 intel-

120 1019 312 1088 ligitur.
350 1018 462 1071 Rex
496 1023 710 1083 tamen,
747 1016 884 1087 quid
916 1017 1006 1081 sit,
1038 1015 1321 1086 explorari
1346 1015 1528 1084 jubet.
1558 1017 1788 1069 Renun-

119 1107 282 1159 ciatur
324 1104 570 1158 civitatis
624 1105 801 1171 furor,
855 1104 1233 1158 renunciatur
1276 1103 1519 1174 plebeias
1575 1104 1792 1157 animo-

120 1194 280 1247 sitatis
354 1193 599 1247 insania.
662 1193 815 1247 Hanc
881 1192 1234 1247 Coloniensis
1292 1191 1787 1262 Archiepiscopus,

118 1283 355 1353 quicum
400 1282 554 1351 Rege
615 1285 756 1349 erat,
813 1296 1173 1352 compescere
1213 1296 1271 1333 se
1324 1296 1492 1350 posse
1530 1294 1787 1348 sperans,

116 1387 205 1439 per
263 1370 570 1424 fenesrram
635 1369 907 1440 suspexit,
980 1384 1290 1438 causasque
1362 1366 1507 1420 tanti
1582 1365 1792 1420 furoris

114 1458 387 1530 inquirere
450 1458 640 1529 cepit.
708 1457 815 1511 Sed
870 1456 1151 1528 lapidibus
1206 1460 1263 1509 et
1331 1453 1550 1523 sagittis
1598 1468 1793 1522 super-

110 1546 455 1601 venientibus
484 1547 572 1600 vix
600 1561 733 1600 eum
772 1550 1021 1616 ereptum
1060 1543 1226 1598 ﬁnire
1256 1556 1579 1596 sermonem
1611 1540 1788 1606 licuit,

109 1635 443 1690 Animositas
496 1634 651 1689 enim
686 1633 1191 1703 Longobardorum
1250 1630 1492 1684 nimium
1524 1627 1789 1703 fervebat,

1900 578 2084 647 magis
2148 578 2377 631 animus
2448 594 2645 631 eorum
2716 580 3063 646 accenditur,
3129 584 3187 634 et
3242 581 3311 635 ad
3361 597 3596 652 congre-

1899 665 2174 720 diendum
2242 667 2450 719 iterum
2524 668 2677 720 Italis
2730 667 3039 721 ferventius
3094 668 3380 721 incitatur.
3439 670 3601 723 Clara

1900 754 2092 825 itaque
2120 756 2239 823 jam
2297 754 2405 817 die,
2461 755 2815 823 Alamannis,
2876 756 2974 826 qui
3006 756 3225 809 tardius
3264 757 3597 826 bujusmodi

1898 842 2129 912 negotia
2186 842 2548 909 resciverant,
2618 844 2787 912 longe
2821 860 2852 897 a
2882 845 3094 914 palatio
3128 860 3322 898 muros
3359 845 3600 898 civitatis

1899 930 2317 999 frangentibus,
2375 930 2770 985 Lotliarienses
2837 938 2894 985 et
2946 932 3141 986 Franci
3203 934 3601 1002 Langobardos

1899 1018 2111 1072 iterum
2161 1024 2294 1072 ante
2354 1019 2630 1089 palatium
2683 1020 2932 1089 graviter
2983 1022 3252 1091 persequi
3283 1027 3596 1092 coeperunt,

1899 1110 1956 1159 et
1978 1122 2070 1160 eos
2119 1105 2319 1175 fugere
2371 1123 2552 1177 usque
2583 1108 2642 1161 in
2674 1109 2887 1161 mcenia
2917 1108 3145 1179 propria
3177 1111 3596 1180 compulerunt.

1898 1194 2001 1248 Sed
2028 1194 2357 1264 jaculorum
2392 1211 2423 1247 a
2468 1193 2633 1248 tectis
2680 1195 3032 1248 venientium
3085 1194 3424 1249 densitatem
3472 1197 3599 1249 diu-

1898 1281 2012 1335 tius
2068 1280 2349 1334 sustinere
2407 1297 2523 1334 non
2552 1283 2824 1348 valentes,
2880 1282 3071 1352 ignem
3117 1283 3297 1336 coacti
3337 1283 3601 1337 domibus

1900 1368 2333 1434 immittunt;et
2387 1370 2535 1422 ferro
2566 1372 2623 1422 et
2658 1368 2890 1423 ﬂamma
2925 1373 3171 1439 stragem
3228 1369 3437 1423 civium
3491 1371 3600 1423 mi-

1900 1458 2201 1511 serabilem
2249 1458 2483 1511 faciunt.
2541 1456 2793 1512 Tandem
2856 1458 3337 1512 'I‘hentonicorum
3384 1458 3468 1511 ira
3517 1459 3601 1511 fa-

1901 1546 2007 1599 cile
2073 1545 2286 1616 expleri
2358 1545 2567 1609 nescia,
2648 1546 2889 1599 satiatur
2962 1547 3113 1600 crede
3190 1546 3470 1617 plurima;
3545 1553 3603 1601 et

1900 1635 2294 1702 postmodum,
2328 1634 2488 1686 nullo
2526 1634 2645 1703 jam
2679 1635 2999 1702 resistente,
3034 1651 3092 1689 se
3123 1637 3342 1689 confert
3373 1636 3443 1689 ad
3470 1652 3603 1705 spo-

110 1732 157 1777 et
184 1740 248 1777 ex
279 1729 489 1777 eventu
539 1722 741 1777 bellico
795 1726 992 1775 contra
1022 1720 1287 1775 Ottonem
1341 1719 1571 1785 Ducem,
1606 1716 1790 1770 adhuc
1822 1761 1863 1815 Β
1898 1720 1997 1775 lia,
2031 1721 2134 1776 Sed
2181 1722 2301 1791 jam
2359 1721 2621 1776 incendio
2678 1722 2926 1777 nimium
2979 1719 3393 1789 invalescente,’
3442 1739 3540 1777 rex
3570 1739 3605 1777 ε,

110 1812 472 1866 contumacia!
502 1810 649 1864 vires
691 1809 956 1865 habebat.

176 1901 259 1955 50.
294 1901 515 1954 Instant
542 1915 677 1969 ergo
706 1898 982 1969 palatium
1002 1911 1377 1966 perrumpere
1397 1892 1790 1963 Longobardi:

110 1989 372 2043 resistunt
422 1987 597 2057 Regis
655 1985 972 2047 domestici,
1034 1983 1293 2055 quamvis
1376 1982 1562 2053 pauci.
1623 1982 1796 2035 Erant

110 2078 253 2131 enim
325 2074 665 2130 Tlieutonici
717 2073 923 2144 partim
983 2088 1111 2126 cum
1167 2071 1352 2142 equis,
1420 2071 1629 2141 partim
1690 2085 1793 2139 per

110 2165 367 2237 hospitia,
404 2164 616 2235 partim
646 2179 751 2234 per
806 2162 1032 2216 castella
1061 2160 1145 2215 illi
1202 2160 1493 2214 comitatui
1528 2157 1791 2212 finitima.

110 2256 213 2310 Rex
256 2253 412 2308 illico
442 2269 547 2324 per
574 2252 1030 2322 indignationem
1086 2250 1145 2303 in
1201 2250 1345 2302 iram
1406 2247 1694 2312 efferbuit,
1741 2251 1799 2301 et

109 2359 228 2397 cum
257 2342 369 2408 his,
403 2356 546 2412 quos
576 2355 767 2393 secum
816 2338 1080 2401 habebat,
1130 2342 1385 2390 armatus
1407 2336 1559 2389 exire
1592 2334 1793 2403 voluit,

111 2446 410 2485 numerum
442 2428 689 2484 militum
722 2442 954 2480 suorum
986 2442 1083 2496 spe
1136 2440 1398 2495 supernas
1432 2423 1632 2493 gratiae
1663 2438 1797 2493 sup-

110 2522 283 2591 plens.
354 2521 429 2572 At
502 2514 856 2571 Coloniensis
931 2512 1403 2584 Arcliiepiscopus
1472 2514 1612 2573 toto,
1686 2527 1800 2580 quo

109 2611 346 2678 poterat,
380 2606 509 2659 nisu
536 2620 667 2658 cum
697 2603 804 2669 bis,
838 2601 935 2673 qui
962 2617 1115 2655 sana:
1138 2600 1347 2654 mentis
1377 2605 1558 2664 erant,
1586 2600 1798 2666 Regem

111 2695 421 2761 retinebat;
466 2694 669 2759 sciens,
738 2691 873 2762 quia
926 2689 1110 2761 capite
1165 2688 1404 2759 perdito,
1458 2688 1616 2741 nulla
1672 2703 1801 2755 spes

109 2784 388 2841 evasionis
445 2784 766 2852 superesset
826 2779 887 2833 in
940 2777 1231 2832 membris.
1286 2778 1527 2843 Interea,
1584 2775 1799 2828 invale-

106 2877 290 2927 scente
347 2871 617 2935 clamore,
649 2865 985 2921 Theutonici
1017 2867 1455 2933 congregantur,
1509 2860 1802 2931 complici-

104 2962 203 3016 bus
251 2957 493 3031 junctis,
544 2957 612 3010 ad
652 2954 931 3026 palatium
988 2953 1249 3017 tendunt,
1284 2950 1685 3021 Longobardos
1731 2949 1802 3003 ab

1903 1810 2194 1881 rigiditate
2225 1811 2430 1865 mentis
2486 1826 2603 1865 suae
2648 1811 2914 1879 flectitur,
2975 1812 3208 1883 suisque
3253 1816 3319 1866 ut
3345 1828 3379 1865 a
3419 1814 3603 1881 coepto

1902 1899 2197 1962 desistant,
2245 1899 2458 1970 pietate
2514 1905 2703 1953 motus
2731 1900 3002 1970 imperat.
3045 1901 3199 1961 Quos
3248 1900 3340 1954 vix
3370 1915 3604 1971 compe-

1903 2003 2082 2053 scens,
2112 1986 2445 2058 diutiusque
2499 1988 2972 2043 concremationis
3017 1987 3278 2042 faetorem
3310 1989 3457 2042 ferre
3488 2003 3605 2041 non

1902 2076 2117 2143 valens,
2173 2075 2243 2128 ad
2312 2074 2792 2128 munitiunculam
2847 2074 3179 2145 quamdam,
3249 2090 3377 2144 quas
3426 2073 3604 2127 sancti

1909 2163 2056 2218 Petri
2107 2164 2260 2217 Cella
2312 2178 2484 2217 aurea
2538 2168 2793 2232 vocatur,
2826 2178 2884 2216 se
2915 2163 3175 2216 contulit.
3225 2163 3385 2217 Cives
3415 2167 3605 2215 autem

1904 2252 1996 2306 vix
2046 2251 2393 2321 respirantes
2448 2267 2644 2321 regem
2713 2256 3048 2322 sequuntur,
3098 2256 3153 2305 et
3190 2255 3253 2305 ut
3310 2250 3609 2319 indulgeat

1907 2340 2187 2407 ebrietati,
2219 2340 2428 2393 obnixe
2474 2345 2802 2410 precantur.
2841 2340 2926 2394 Fit
2980 2340 3061 2393 eis
3110 2339 3392 2406 remissio,
3428 2340 3493 2393 fit
3525 2339 3606 2392 eis

1906 2429 2354 2499 indulgentiam.
2390 2429 2500 2483 Sed
2533 2428 2713 2482 facilis
2748 2432 2832 2482 est
2860 2428 3242 2499 indulgentia,
3300 2432 3608 2497 postquam

1908 2518 2132 2588 culpam
2169 2516 2391 2569 excedit
2418 2532 2609 2585 pugna,
2642 2515 2732 2570 Sic
2763 2515 2942 2585 igitur
2987 2532 3127 2586 quos
3159 2515 3374 2570 bellum
3409 2517 3605 2567 adver-

1909 2621 2004 2658 sus
2034 2604 2297 2659 Ottonem
2352 2603 2537 2656 effecit
2566 2602 2846 2672 turginos,
2878 2604 3104 2657 noviter
3142 2602 3345 2657 induta
3374 2602 3607 2655 humili-

1908 2698 1992 2747 tas
2024 2690 2311 2762 supplices
2342 2689 2591 2744 reddidit
2618 2695 2789 2759 atque
2820 2689 3121 2759 subjectos.

1981 2783 2067 2835 53.
2101 2779 2323 2833 Domita
2355 2795 2490 2849 ergo
2544 2779 2736 2848 Papia,
2796 2782 2909 2831 tota
2956 2777 3282 2832 concutitur
3333 2779 3515 2845 Italia,
3547 2795 3610 2832 ac

1911 2868 2197 2939 indigenae
2227 2883 2426 2921 omnes
2456 2867 2525 2920 ad
2558 2868 2772 2938 Regem
2794 2882 2910 2919 non
2948 2865 3172 2920 invitati
3201 2866 3520 2933 confluunt,
3554 2873 3610 2922 et

1908 2972 2015 3029 per
2063 2955 2257 3010 omnia
2287 2955 2586 3026 prteceptis
2617 2956 2738 3026 ejus
2776 2954 3068 3009 obediunt.
3116 2955 3379 3009 Civitates
3413 2956 3609 3023 etiam,

105 3051 401 3105 effrenato
480 3048 669 3100 furore
733 3042 1025 3115 paulisper
1093 3044 1480 3110 compescunt.
1549 3038 1800 3093 Tandem
1833 3038 1873 3093 C
1913 3048 1979 3099 ad
2004 3061 2143 3116 quas
2174 3044 2287 3099 Rex
2342 3043 2596 3098 nondum
2650 3047 2900 3110 venerat,
2953 3042 3176 3096 obsides
3233 3044 3383 3098 ultro
3422 3048 3612 3098 trans-

104 3136 284 3191 noctis
314 3135 634 3190 densentur
660 3130 930 3195 tenebras,
966 3132 1021 3182 et
1068 3126 1327 3198 lapidum
1367 3141 1430 3179 ac
1463 3124 1802 3195 sagittarum

101 3224 290 3294 jacula
370 3218 737 3276 Theutonicis
809 3218 956 3271 fiunt
1028 3213 1411 3269 infestissima.
1493 3210 1805 3267 Necessitas

107 3311 257 3382 rapit
299 3308 631 3372 consilium,
664 3312 720 3360 et
756 3306 825 3360 ad
880 3301 1233 3374 providenda
1275 3301 1480 3370 jacula,
1536 3298 1805 3353 citissime

105 3398 238 3452 facit
268 3395 622 3450 incendium.
671 3394 810 3447 Cum
862 3391 1044 3445 multo
1094 3388 1274 3459 igitur
1328 3387 1536 3440 sudore
1567 3387 1808 3440 Theuto-

108 3487 218 3541 uici
250 3499 454 3539 muros
494 3480 738 3536 civitatis
790 3480 1164 3549 impugnant:
1224 3491 1354 3529 cum
1385 3474 1567 3528 multo
1598 3473 1805 3527 timore

109 3572 473 3645 Longobardi
501 3586 607 3642 pro
637 3569 753 3622 vita
783 3571 1127 3639 repugnant.

175 3667 270 3717 5t.
324 3662 486 3717 Tunc
528 3657 753 3731 juvenis
805 3655 1039 3727 quidam
1096 3654 1272 3708 frater
1319 3649 1572 3720 Reginae,
1623 3646 1804 3703 Gisle-

106 3753 303 3807 bertus
326 3749 583 3817 nomine,
620 3765 652 3801 a
676 3744 1063 3816 Longobardis
1106 3743 1457 3796 vulneratur.
1507 3739 1616 3792 Pro
1647 3736 1808 3806 cujus

106 3839 309 3895 Iethali
365 3838 599 3891 vulnere
647 3833 985 3890 Theutonici
1018 3832 1337 3897 irritantur,
1375 3833 1431 3882 et
1456 3841 1579 3897 prie
1612 3825 1806 3879 furore

104 3933 305 3982 contra
342 3925 535 3997 jacula
583 3923 739 3987 caeci,
788 3937 984 3976 muros
1040 3918 1281 3974 civitatis
1338 3918 1687 3986 expugnant.
1747 3929 1809 3965 ac

104 4018 524 4087 irrumpentes,
601 4010 875 4080 sanguine
938 4008 1187 4079 juvenis,
1247 4004 1545 4059 stimulum
1597 4000 1812 4054 scilicet

104 4105 344 4171 furoris,
374 4101 662 4155 vindicare
694 4098 984 4152 festinant.
1048 4095 1301 4158 Quorum
1335 4090 1567 4162 quidam
1617 4087 1810 4162 animo

104 4193 318 4247 ceteris
376 4188 688 4253 ardentior,
748 4185 1076 4239 Voleramus
1134 4180 1389 4247 nomine,
1422 4194 1481 4231 se
1533 4176 1729 4246 injecit
1749 4174 1810 4228 in

102 4280 304 4335 media
362 4275 871 4347 Langobardorum
932 4270 1185 4342 agmina,
1256 4274 1312 4322 et
1365 4265 1641 4337 gladium,
1696 4280 1809 4334 quo

104 4370 407 4424 accinctus
453 4370 594 4431 erat,
653 4363 988 4427 extractum,
1030 4358 1130 4413 uni
1164 4372 1387 4423 eorum,
1433 4372 1562 4426 qua:
1610 4353 1810 4406 ceteris

102 4453 450 4519 insanienti,
514 4452 583 4506 ab
640 4450 901 4505 acumine
946 4449 1123 4518 galeae
1180 4461 1363 4516 usque
1423 4444 1483 4496 in
1537 4441 1807 4512 jugulum

103 4545 361 4600 viriliter
392 4541 598 4609 infixit,
645 4555 709 4593 ac
735 4539 885 4593 dicto
915 4536 1101 4602 citius,
1131 4534 1283 4588 inter
1313 4548 1443 4586 suos
1480 4546 1539 4583 se
1568 4530 1807 4582 illaesum

102 4633 352 4705 recepit.
422 4632 527 4684 Per
590 4632 771 4681 totam
826 4625 1005 4697 igitur
1064 4626 1293 4677 noctem
1357 4634 1555 4691 pugna
1626 4615 1812 4705 gravis

102 4704 384 4782 habetur,
441 4722 500 4772 et
553 4714 784 4786 ancipiti
833 4713 1083 4768 termino
1116 4725 1412 4781 suspensa,
1463 4705 1637 4760 modo
1683 4704 1812 4768 hos,

104 4812 287 4865 modo
346 4808 498 4869 illos,
538 4804 644 4858 sub
688 4802 937 4857 victorias
996 4817 1095 4872 spe
1152 4797 1486 4852 audaciores
1534 4799 1589 4847 et
1646 4807 1814 4861 expe—

104 4900 355 4954 ditiores"
406 4893 611 4948 reddit.
670 4890 991 4962 Aliquando
1022 4888 1193 4943 etiam
1238 4883 1596 4948 Theutonici,
1643 4885 1819 4934 testu-

106 4989 243 5042 dine
322 5000 394 5039 ex
461 4980 662 5051 clipeis
736 4978 1069 5049 composita,
1157 4990 1358 5029 eorum
1424 4968 1818 5040 irrumpebant

108 5077 373 5147 agmina,
410 5076 467 5127 et
507 5067 786 5142 quosdam
815 5068 975 5121 vivos
1008 5081 1076 5121 ex
1109 5063 1189 5119 eis
1224 5067 1418 5133 captos
1440 5058 1580 5131 Regi
1609 5073 1819 5129 reprae-

110 5164 447 5219 sentabant.

183 5256 278 5307 52.
314 5252 542 5305 Interea
569 5244 871 5317 palatium,
908 5241 1062 5313 quod
1116 5236 1483 5295 'I‘heutouicis
1513 5233 1824 5306 aliquando

114 5341 303 5407 fessis,
337 5338 580 5393 unicum
613 5337 734 5387 erat
787 5330 1101 5401 refugium,
1161 5326 1490 5383 accenditur
1528 5328 1584 5378 et
1621 5322 1824 5377 incen-

186 5444 305 5515 (33)
324 5441 473 5515 Satis
500 5442 679 5515 patet,
700 5434 1009 5515 legendum
1040 5433 1310 5514 diposttis.

186 5500 306 5583 (34')
348 5500 520 5568 Forte.
551 5500 858 5583 legendum
889 5500 1163 5570 Cremain,
1191 5500 1718 5583 inqu‘itGretslerus.

188 5570 307 5657 (35}
336 5587 576 5657 Montem
609 5570 847 5633 vcelerem
876 5592 1049 5657 nemo
1098 5570 1372 5657 explicat;
1394 5586 1511 5657 per
1557 5570 1829 5657 cepisti}?

118 5644 569 5713 in‘Sa'baudiam
601 5665 716 5703 non
768 5655 1095 5718 penetrasse
1126 5644 1261 5700 satis
1293 5648 1515 5698 certum
1561 5644 1663 5707 est,
1697 5653 1828 5692 cum

485 5740 762 5806 PATROL.
816 5735 987 5800 CXL.

1912 3133 2173 3199 mittunt,
2214 3130 2506 3202 ﬁdemque
2537 3130 2787 3185 debitam
2818 3147 2922 3201 per
2966 3137 3324 3185 sacramenta
3376 3132 3613 3202 promit-

1913 3225 2060 3277 tunt.
2096 3220 2192 3274 His
2219 3220 2455 3289 expletis
2502 3220 2618 3274 Rex
2650 3219 2706 3272 in
2738 3219 3041 3290 quemdam
3076 3219 3282 3285 locum,
3317 3222 3415 3291 qui
3464 3222 3613 3275 Pons

1913 3310 2118 3379 longus
2174 3312 2424 3371 vocatur,
2477 3307 2661 3374 venit;
2715 3306 2911 3377 ibique
2985 3307 3492 3377 Longobardorum
3551 3308 3612 3361 in

1915 3396 2290 3452 numerabilis
2356 3396 2664 3450 multitudo
2726 3395 2974 3461 accessit,
3040 3411 3274 3464 seseque
3332 3396 3400 3449 ad
3453 3397 3612 3451 obse-

1915 3488 2210 3558 quendum
2255 3501 2359 3555 per
2419 3484 2615 3537 omnia
2668 3482 2839 3553 regia:
2890 3482 3174 3549 majestati
3223 3482 3483 3552 subjecit.
3526 3482 3612 3536 Ibi

1915 3575 2109 3630 habito
2143 3571 2452 3643 colloquio,
2515 3570 2793 3641 regnique
2845 3569 3121 3640 depositis
3179 3570 3295 3641 (33)
3342 3570 3609 3640 negotiis,

1916 3678 2109 3718 amore
2166 3661 2221 3715 S.
2287 3658 2573 3715 Ambrosii
2634 3659 2856 3725 ductus,
2925 3657 3311 3712 Mediolanum
3362 3659 3612 3726 divertit,

1916 3752 2079 3822 cujus
2150 3749 2365 3820 linguae
2443 3749 2785 3816 libertatem,
2837 3750 2894 3800 et
2947 3763 3171 3801 morum
3230 3748 3613 3803 eximietatem

1916 3839 2161 3894 amabat.
2223 3839 2421 3908 Hujus,
2479 3840 2933 3905 caeterorumque
2983 3834 3401 3905 quiescentium
3432 3834 3615 3889 inter-

1918 3928 2170 3981 cessione
2209 3925 2533 3996 implorata,
2574 3923 2634 3977 in
2683 3927 2843 3994 prata
2882 3923 3074 3977 Pontis
3105 3922 3260 3993 longi
3290 3924 3612 3989 revertitur,

1918 4014 2113 4085 ibique
2172 4012 2573 4083 Longobardos
2628 4011 2697 4064 de
2781 4011 3085 4081 repentino
3170 4011 3417 4064 discessu
3494 4011 3615 4080 ejus

1918 4108 2355 4175 conquerentes,
2410 4099 2598 4155 festini
2677 4099 2893 4153 reditus
2949 4100 3167 4152 solatur
3208 4098 3612 4168 promissione.

1918 4192 2055 4247 Inde
2095 4191 2339 4246 Chromo
2397 4190 2508 4260 (34)
2556 4188 2895 4259 perveniens
2956 4189 3329 4240 Pentecosten
3360 4192 3613 4240 sanctam

1921 4281 2019 4352 pia
2055 4278 2235 4334 animi
2266 4277 2568 4332 devotione
2598 4274 2918 4328 celebravit.
2949 4274 3084 4328 Inde
3116 4273 3427 4328 discedenti
3454 4276 3617 4328 Tusci

1922 4368 1974 4421 ei
2031 4369 2360 4432 occurrunt,
2410 4368 2465 4418 et
2519 4378 2724 4417 manus
2770 4376 2877 4431 per
2927 4360 3186 4414 ordinem
3238 4359 3449 4429 singuli
3487 4360 3615 4414 red-

1922 4455 2084 4579 duttilt
2114 4525 2245 4579 Post
2287 4523 2408 4576 haec
2438 4523 2553 4575 Rex
2603 4518 2873 4589 injuriam
2901 4533 2933 4572 a
2974 4517 3222 4572 Bulizlao
3253 4517 3361 4573 sibi
3398 4518 3619 4573 illatam

1922 4620 2122 4668 tenens
2173 4615 2368 4665 monte
2421 4608 2747 4678 repositam,
2787 4607 3099 4677 repatriare
3146 4606 3400 4673 festinat;
3432 4613 3490 4662 et
3516 4624 3620 4679 per

1924 4703 2173 4759 Montem
2194 4701 2435 4753 celerem
2459 4695 2569 4768 (35)
2604 4696 2663 4750 in
2693 4695 3093 4749 Alamanniam
3120 4696 3622 4766 properat;sciens

1927 4790 2061 4862 quia
2107 4795 2261 4842 terra
2288 4786 2521 4857 puerili
2557 4784 2809 4854 subjecta
2860 4782 3130 4853 regimini
3177 4784 3314 4837 laxis
3370 4800 3623 4856 persaepe

1925 4876 2166 4931 habenis
2222 4875 2419 4936 utitur,
2474 4878 2530 4927 et
2589 4889 2654 4926 ex
2704 4872 2923 4943 proprii
2978 4871 3198 4925 arbitrii
3251 4873 3625 4927 tumultuaria

1929 4963 2274 5028 diversitate,
2338 4978 2442 5033 per
2496 4962 2719 5015 diversa
2797 4959 3117 5030 praecipitia
3172 4960 3410 5030 rapitur.
3500 4963 3622 5015 Jam

1929 5054 2085 5111 enim
2119 5054 2239 5108 Dux
2270 5051 2653 5107 Herimannns
2701 5049 2943 5115 obierat,
2966 5052 3022 5102 et
3049 5048 3202 5103 filius
3232 5065 3367 5103 suus
3398 5049 3627 5104 ducatui

1932 5161 1965 5200 a
2023 5144 2176 5212 Rege
2240 5140 2581 5195 substitutus
2650 5143 2798 5192 erat:
2852 5136 2972 5207 qui,
3040 5136 3238 5191 nimia:
3314 5137 3628 5207 juventutis

1933 5232 2140 5297 adhuc,
2180 5212 2295 5284 nec.
2310 5228 2682 5298 semetipsum
2730 5241 2929 5297 regere
2958 5224 3186 5278 sciebat.
3222 5225 3284 5277 In
3318 5225 3440 5278 loco
3471 5239 3628 5293 ergo,

1936 5320 2036 5390 qui
2079 5320 2368 5388 Turegum
2412 5316 2527 5385 (36)
2582 5313 2811 5379 dicitur,
2870 5314 2987 5366 Rex
3044 5312 3395 5381 colloquium
3425 5312 3629 5378 tenuit,

1938 5425 1997 5479 in
2051 5422 2432 5476 Alemanniam
2459 5431 2781 5488 properasse
2829 5416 3080 5471 dicatur:
3133 5415 3268 5487 quid
3300 5416 3348 5471 si
3378 5432 3515 5488 ergo
3545 5418 3634 5473 le-

1939 5510 2179 5566 gamus,
2192 5508 2299 5566 per
2320 5496 2522 5566 montes
2552 5488 2835 5566 celeriter?

2012 5566 2119 5634 (36)
2150 5555 2424 5634 onnest
2486 5558 2859 5634 iuverisimile
2916 5556 3013 5634 bic
3044 5555 3285 5634 indicari
3308 5559 3508 5634 AZurch
3536 5574 3636 5613 seu

1940 5627 2137 5691 Zuric'h
2177 5633 2237 5687 in
2299 5630 2582 5687 Helvetia:
2641 5646 2756 5699 quo
2805 5628 2990 5701 posito
3045 5627 3154 5683 dici
3214 5628 3450 5683 fortasse
3504 5645 3638 5699 pos-

3301 5722 3338 5778 4
