3940 6354
340 359 436 412 107

1629 353 1684 406 S.
1731 348 2016 406 [IENRICI
2055 347 2534 405 IMPERATORIS

3735 341 3830 394 l08

335 451 648 548 omnesque
669 492 774 547 pro
802 475 1193 546 pacetuenda,
1253 489 1358 544 pro
1389 472 1702 528 latrociniis
1741 489 1858 527 non
1890 487 2028 526 con-
2060 481 2105 528 Α
2146 472 2375 538 vitatur,
2431 486 2580 542 saepe
2610 470 2843 524 alterius
2890 467 3216 540 sumptibus
3238 467 3489 537 jucunde
3521 466 3828 520 convivan-

336 565 647 622 sentiendis
698 582 731 618 a
784 563 1023 616 minimo
1082 579 1260 631 usque
1328 561 1394 615 ad
1471 561 1786 615 maximum
1828 562 2026 630 jurare

338 654 634 724 compulit.
695 651 781 707 Sic
813 657 934 704 tota
988 649 1329 704 Alamannis
1367 649 1471 703 sub
1517 650 1672 718 pacis
1701 649 1890 720 quiete
1921 654 2028 702 sta-

336 747 481 807 tuta,
539 740 598 794 in
649 740 918 793 Alsatiam
974 737 1148 802 venit,
1202 742 1258 790 et
1315 737 1374 790 in
1441 737 1753 808 Argentina
1803 736 2028 790 civitate

340 830 478 884 dum
509 829 566 881 in
597 827 793 896 vigilia
847 825 900 879 S.
932 824 1166 878 Joannis
1219 825 1565 894 colloquium
1597 840 1724 876 cum
1753 823 2030 877 Alsatien-

341 917 496 971 sibus
547 915 802 975 haberet,
854 913 1082 978 domus,
1112 912 1170 965 in
1201 928 1315 982 qua
1344 913 1409 965 ad
1454 915 1638 982 legem
1669 919 1725 965 et
1745 911 2030 981 justitiam

339 1003 657 1059 faciendam
689 1001 942 1068 sedebat,
996 1007 1232 1069 repente
1276 1000 1512 1068 corruit,
1554 999 1766 1070 unique
1799 999 2030 1069 presby-

340 1097 486 1157 tero,
537 1090 639 1160 qui
684 1105 814 1142 cum
865 1087 1107 1140 Domina
1140 1103 1253 1139 una
1283 1089 1760 1141 anathematizata
1801 1102 2031 1139 manere

341 1179 540 1232 solitus
597 1182 738 1241 erat,
798 1175 978 1228 cruris
1033 1191 1158 1228 ossa
1201 1174 1491 1245 confregit.
1544 1176 1642 1228 Ille
1673 1176 1827 1228 solus
1856 1175 2030 1236 obiit;

342 1266 438 1318 alii
470 1264 636 1328 nihil,
668 1269 879 1332 praeter
908 1262 1201 1329 timorem,
1259 1263 1412 1331 passi
1456 1268 1618 1315 sunt:
1651 1261 1747 1316 sed
1794 1263 1850 1316 in
1881 1261 2032 1314 illius

343 1351 575 1406 interitu
605 1349 948 1411 didicerunt,
999 1348 1150 1418 quod
1183 1364 1334 1417 saepe
1387 1364 1492 1417 per
1542 1350 1898 1403 Psalmistam
1930 1365 2030 1402 au-

341 1439 609 1492 dierunt:
662 1438 804 1491 Cum
851 1436 1028 1488 electo
1083 1435 1297 1489 electus
1337 1437 1466 1503 eris,
1520 1443 1736 1490 etcum
1769 1453 2032 1506 perverso

341 1524 702 1594 perverteris.

416 1613 501 1666 55.
538 1613 670 1666 Post
697 1612 817 1666 haec
869 1611 982 1664 Rex
1033 1609 1382 1680 Mogunliam
1414 1611 1589 1675 venit,
1638 1611 1834 1682 ibique
1867 1611 2032 1665 solito

345 1702 572 1772 pietatis
602 1700 830 1764 affectu,
861 1700 1250 1770 apostolorum
1285 1700 1562 1752 solemnia
1583 1700 1881 1753 celebriter
1909 1715 2035 1769 per-

345 1791 480 1860 egit.
540 1790 682 1843 Tum
733 1803 836 1858 per
887 1786 1233 1842 Orientalem
1294 1787 1585 1840 Franciam
1638 1789 1941 1853 transiens,
1973 1789 2031 1842 in

345 1877 644 1931 Saxoniam
677 1873 925 1939 festinat,
981 1891 1074 1928 cor
1112 1891 1276 1928 suum
1330 1875 1740 1945 indignationis
1779 1877 2033 1946 pondere

344 1973 642 2036 gravatum
671 1981 842 2035 super
875 1964 1207 2028 Bulizlaum,
1243 1963 1489 2017 vindicta
1539 1965 1754 2034 potenti
1784 1965 2033 2018 relevare

345 2055 674 2124 disponens.
736 2051 1010 2106 Indicitur
1078 2052 1410 2119 Saxonibus,
1478 2052 1725 2118 Bavaris,
1807 2053 2034 2106 Francis

345 2141 728 2197 Orientalibus
779 2139 1084 2210 expeditio,
1120 2139 1179 2193 in
1234 2140 1421 2194 medio
1467 2144 1724 2210 Augusto
1756 2142 2034 2194 terminus

344 2232 511 2285 datur
555 2229 956 2300 promotionis,
1019 2233 1084 2282 ut
1139 2227 1400 2298 frugibus
1458 2228 1591 2282 inde
1639 2230 2030 2298 praecollectis,

345 2318 697 2373 abundantia
727 2332 914 2369 comes
937 2315 1205 2370 exercitui
1232 2322 1396 2370 esset.
1424 2316 1698 2370 Mediante
1731 2317 1908 2387 igitur
1925 2321 2034 2371 Au-

345 2408 513 2477 gusto
545 2404 1165 2474 MeresborgSaxonum
1190 2404 1249 2456 tit
1276 2391 1664 2474 congregatio.
1693 2405 1809 2457 Rex
1841 2413 2032 2458 autem

345 2493 565 2548 nemini
590 2507 821 2547 suorum
849 2491 1217 2545 familiarium
1239 2491 1403 2544 fateri
1433 2491 1680 2557 volebat,
1704 2491 1820 2545 sive
1851 2492 1909 2545 in
1939 2494 2035 2546 Po-

344 2583 558 2637 loniam
591 2583 707 2635 sive
736 2581 795 2635 in
837 2580 1124 2634 Boemiam
1153 2579 1339 2645 vellet,
1395 2594 1741 2648 cognoscens
1798 2580 2034 2634 Bulizlai

337 2671 618 2725 ﬂexuosas
640 2671 937 2736 versutias,
962 2668 1169 2739 quibus
1201 2683 1304 2737 per
1334 2667 1612 2737 quosdam
1644 2667 1752 2720 sibi
1781 2669 2032 2722 occultos

339 2759 554 2812 amicos
573 2759 743 2812 etiam
783 2762 995 2810 secreta
1029 2757 1183 2826 regia
1219 2755 1426 2808 rescire
1459 2755 1694 2810 solebat.
1728 2757 1834 2810 Sed
1863 2773 2032 2812 naves

338 2861 371 2897 a
401 2844 744 2914 Magdeborg
772 2858 953 2914 usque
984 2842 1221 2898 Citizam
1252 2842 1588 2912 congregari
1604 2843 1833 2912 jubens,
1870 2844 2033 2914 quasi

336 2933 395 2985 in
451 2932 742 2986 Poloniam
795 2934 949 2998 velit,
1006 2931 1310 2984 transitum
1375 2931 1632 2984 futurum
1686 2931 1936 2986 simulat.
1972 2932 2030 2985 Id

2136 573 2248 626 tur,
2273 562 2484 614 latente
2513 567 2707 612 tamen
2738 558 2870 628 igne
2899 559 3002 611 sub
3045 557 3255 611 cinere.
3286 557 3536 610 Tandem
3591 556 3830 611 Bulizla-

2135 665 2257 711 vus,
2343 647 2647 701 Meseconis
2734 646 2908 711 ﬁlius,
2973 645 3386 715 jocunditatem
3482 645 3703 712 Pragm,
3781 647 3837 694 et

2138 735 2526 790 ammnitatem
2575 735 2844 802 Boemiaa,
2891 733 3188 804 promisse
3218 731 3505 804 prmponit
3535 731 3832 795 amicitiae;

2139 833 2216 892 et,
2250 830 2312 877 ut
2371 829 2579 892 nepote
2636 839 2758 887 suo,
2793 821 3049 892 qualibet
3105 821 3350 888 ratione,
3399 819 3622 889 ejectio,
3656 825 3833 875 tanta:

2138 917 2299 965 terra:
2344 910 2672 981 principatu
2718 909 2891 980 potiri
2941 909 3138 980 possit,
3169 908 3433 962 fraudum
3461 923 3691 960 suarum
3735 908 3830 960 in-

2139 1002 2282 1053 tima
2329 1005 2631 1052 scrutatur.
2690 998 2898 1052 Invitat
2927 1013 3059 1050 eum
3090 997 3159 1050 ad
3192 996 3470 1063 convivia,
3520 1001 3574 1048 et
3613 995 3841 1048 diversa

2139 1090 2359 1159 praebet
2387 1087 2644 1141 ciborum
2676 1102 2908 1156 genera,
2929 1102 3123 1139 amara
3150 1085 3385 1139 demum
3418 1084 3834 1154 propinaturus

2139 1177 2359 1247 pocula.
2391 1175 2668 1229 Satiatum
2695 1175 2849 1227 enim
2905 1174 3067 1227 illum
3119 1172 3397 1226 militibus
3443 1172 3562 1224 suis
3593 1171 3843 1224 commi-

2141 1264 2234 1328 sit,
2265 1268 2341 1327 et,
2397 1267 2461 1314 ut
2511 1262 2749 1315 eductus
2809 1267 3202 1324 excaecaretur,
3248 1260 3544 1314 oculorum
3600 1259 3844 1312 nutibus

2140 1351 2207 1404 ad
2233 1350 2442 1404 similia
2468 1349 2701 1416 edoctis,
2737 1349 2946 1404 innuit.

2213 1441 2298 1492 58.
2339 1438 2652 1508 Implentur
2706 1437 3016 1507 impietatis
3068 1437 3248 1505 jussa,
3290 1439 3348 1489 et
3397 1434 3845 1489 committuntur

2141 1526 2461 1596 iniquitatis
2515 1541 2705 1594 opera.
2760 1525 2871 1590 Sic,
2913 1525 3012 1594 qui
3065 1527 3298 1578 fratrem
3346 1524 3768 1591 eunuchizavit,
3813 1541 3846 1577 a

2143 1614 2569 1684 consanguineo
2600 1618 2656 1666 et
2710 1614 2864 1666 socio
2917 1629 3020 1666 suo
3066 1611 3342 1666 deductus
3391 1611 3592 1681 periit:
3623 1611 3844 1681 quique

2144 1704 2380 1758 fratrem
2426 1702 2486 1755 in
2542 1701 2828 1755 consortio
2874 1700 3231 1770 principatus
3263 1715 3458 1769 parem
3494 1699 3704 1752 habere
3734 1716 3845 1752 no-

2143 1791 2270 1858 luit,
2321 1806 2425 1860 per
2455 1789 2801 1859 supplicium
2833 1787 3116 1858 passionis
3168 1786 3350 1840 factus
3403 1791 3491 1840 est
3520 1801 3736 1854 suppar
3790 1790 3850 1838 et

2142 1879 2420 1932 inutilior.
2455 1879 2570 1931 Hoc
2621 1893 2760 1947 ergo
2819 1882 3124 1943 excecato,
3161 1875 3481 1929 Bulizlavus
3531 1874 3848 1927 Meseconis

2142 1967 2315 2035 ﬁlius,
2349 1973 2413 2020 ut
2449 1967 2709 2036 superius
2740 1965 2879 2030 dixi,
2937 1981 3038 2035 per
3096 1964 3324 2018 fraudes
3381 1962 3682 2028 flexuosas,
3741 1978 3852 2032 per

2143 2053 2421 2108 versutias
2462 2053 2569 2106 sibi
2599 2068 2825 2123 semper
2853 2051 3244 2122 pedissequas,
3295 2067 3399 2120 per
3428 2049 3849 2120 promissiones

2141 2141 2418 2207 inﬁnitas,
2479 2141 2723 2210 Pragam
2782 2145 2840 2194 et
2889 2144 3068 2193 totam
3119 2139 3408 2192 Boemiam
3460 2138 3719 2204 invadit;
3783 2153 3851 2190 ac

2142 2231 2395 2284 dominio
2454 2229 2646 2283 taliter
2709 2229 2940 2298 adepto,
3008 2227 3270 2297 turgidus
3327 2242 3430 2295 per
3487 2226 3630 2292 loca,
3675 2228 3846 2294 regio

2142 2317 2410 2372 exercitui
2442 2317 2656 2388 pervia,
2689 2316 2920 2370 castella
2954 2315 3281 2369 ﬁrmissima
3311 2314 3518 2368 munit.

2213 2409 2297 2460 59.
2319 2407 2542 2460 Interea
2565 2407 2675 2460 Rex
2693 2422 2824 2459 cum
2849 2403 3167 2458 Saxonibus
3191 2403 3423 2456 veniens
3453 2417 3555 2473 per
3586 2407 3847 2456 montem

2140 2496 2467 2565 quemdam,
2541 2493 2598 2547 in
2679 2509 2794 2564 quo
2865 2492 2987 2562 jam
3069 2491 3385 2546 Bulizlavus
3462 2491 3849 2545 munitionem

2140 2584 2449 2654 quamdam
2478 2582 2548 2636 ad
2604 2580 3109 2636 contradicendum
3163 2580 3464 2634 introitum
3495 2580 3849 2645 ﬁrmaverat,

2141 2672 2451 2742 praemissis
2498 2671 2558 2724 in
2593 2677 2755 2725 nocte
2787 2669 3237 2735 marchionibus,
3287 2684 3416 2722 cum
3449 2669 3699 2722 maxima
3729 2668 3852 2722 dif-

2141 2759 2391 2812 ticultate
2447 2759 2508 2812 in
2572 2759 2858 2813 Boemiam
2918 2758 3111 2811 intrat.
3163 2757 3336 2827 Cujus
3395 2757 3722 2824 introitum,
3783 2762 3854 2811 ut

2144 2847 2503 2901 Boemienses
2557 2851 2876 2913 senserunt,
2933 2845 3166 2916 quidam
3216 2860 3422 2915 pavore
3468 2844 3642 2915 regiae
3693 2861 3848 2915 prae-

2143 2935 2340 2989 sentiae
2393 2934 2725 3000 exanimati,
2757 2936 3052 2988 castellum
3111 2949 3294 2987 unum
3339 2949 3470 2987 cum
3518 2933 3851 3002 semetipsis

338 3019 606 3073 omnibus
634 3020 1017 3089 sperantibus,
1041 3026 1279 3087 repente
1313 3018 1371 3071 in
1403 3018 1693 3072 Boemiam
1717 3019 2026 3074 exercitum
2063 3018 2104 3074 C
2144 3024 2284 3092 Regi
2313 3022 2706 3076 reddiderunt.
2733 3022 2878 3076 Illud
2897 3022 3048 3076 illico
3073 3021 3188 3076 Rex
3211 3021 3496 3075 Larameri
3525 3023 3627 3090 (37)
3663 3037 3852 3075 eunu-

339 3109 512 3170 ducit,
578 3123 839 3178 quarens
891 3106 1178 3177 imprimis
1230 3106 1464 3176 propria
1493 3107 2032 3176 recipere;deinde,

338 3211 446 3266 pro
489 3195 756 3262 vindicta,
815 3195 1000 3248 aliena
1056 3195 1344 3259 invadere,
1387 3211 1502 3247 non
1561 3202 1754 3249 tamen
1807 3196 2035 3266 penitus

339 3287 544 3354 aliena,
575 3301 704 3356 quae
728 3287 890 3356 regni
925 3285 1014 3339 sui
1043 3285 1162 3356 pati
1184 3286 1323 3356 juga
1355 3285 1657 3340 debebant.

410 3377 495 3429 56.
552 3375 894 3428 Interserere
934 3373 1074 3427 libet
1102 3373 1395 3443 quiddam,
1429 3387 1544 3442 quo
1602 3372 1819 3441 audito,
1866 3373 2036 3429 datur

336 3461 581 3534 intelligi
659 3478 790 3515 raro
842 3476 962 3516 esse
1035 3462 1283 3531 culpam,
1345 3475 1518 3530 quam
1576 3454 1691 3513 non
1763 3468 2035 3532 sequatur

334 3551 600 3619 vindicta,
645 3550 756 3604 nisi
809 3549 1206 3621 prazmunierit
1258 3564 1386 3602 eam
1416 3548 1772 3617 pmnitentia.
1813 3549 2032 3605 Mortuo

335 3641 584 3694 Bulizlao
632 3639 876 3705 seniore,
922 3636 1244 3691 Boemiensi
1302 3637 1515 3690 scilicet
1547 3636 1711 3702 duce,
1765 3643 1821 3690 et
1868 3639 2032 3692 istius

336 3727 596 3792 Bulizlai,
655 3727 724 3781 de
772 3742 886 3797 quo
930 3741 1083 3778 nunc
1139 3724 1349 3794 agitur,
1410 3726 1709 3793 avunculo,
1773 3731 1886 3785 tres
1926 3726 2031 3780 ﬁlii

331 3815 664 3886 superstites
711 3814 764 3870 ei
825 3820 1247 3868 remanserunt.
1300 3812 1558 3877 Quorum
1614 3814 2029 3884 primogenitus

331 3903 616 3958 Bulizlaus
647 3903 902 3968 nomine,
927 3901 1136 3970 adepto
1169 3906 1292 3972 post
1317 3907 1538 3971 patrem
1566 3901 1798 3968 ducatu,
1833 3903 2028 3958 crude-

330 3991 442 4045 lius
470 3993 640 4063 cmpit
669 3992 877 4057 vivere,
920 4006 1092 4060 quam
1144 3994 1296 4043 terra
1328 3989 1425 4042 illa
1454 3990 1571 4059 pati
1602 3990 1688 4043 vel
1720 3991 1904 4059 vellet,
1939 3993 2025 4045 vel

329 4085 536 4149 posset.
589 4079 880 4149 Indigenis
910 4078 1087 4148 igitur
1125 4077 1287 4131 illum
1327 4093 1434 4149 pro
1472 4077 1653 4132 nimia
1689 4079 2024 4135 crudelitate

326 4169 741 4231 execrantibus,
799 4168 1002 4220 timere
1072 4165 1244 4236 ccepit
1291 4181 1361 4218 ne
1411 4181 1444 4218 a
1496 4166 1736 4220 fratrum
1787 4183 2021 4222 suorum

2142 3111 2269 3178 cbo,
2305 3110 2465 3164 fratri
2521 3111 2655 3164 caeci
2711 3111 3000 3170 Bulizlem,
3049 3125 3219 3180 quem
3269 3125 3461 3164 secum
3497 3109 3751 3163 nativam
3785 3109 3848 3164 in

2143 3205 2352 3252 terram
2400 3214 2505 3268 pro
2545 3199 2760 3268 pietate
2814 3198 3138 3264 reducebat,
3170 3213 3300 3251 cum
3333 3213 3558 3250 summa
3588 3197 3849 3252 benevo-

2141 3286 2315 3340 lentia
2370 3287 2663 3340 concessit.
2718 3286 2952 3352 Deinde,
3007 3286 3115 3339 iter
3145 3301 3312 3339 suum
3347 3285 3710 3355 protelando,
3745 3301 3856 3354 per

2139 3380 2350 3428 terram
2435 3374 2587 3428 illam
2667 3374 3050 3444 progreditur,
3138 3379 3473 3443 exspectans
3549 3373 3849 3441 Bavarios,

2138 3463 2348 3531 quibus
2380 3478 2495 3516 non
2525 3463 2700 3529 idem,
2733 3463 2834 3533 qui
2875 3467 2931 3516 et
2959 3461 3274 3516 Saxonibus
3307 3460 3365 3514 in
3401 3460 3687 3514 Boemiam
3719 3467 3849 3515 erat

2139 3550 2435 3604 introitus.

2207 3640 2293 3693 60.
2337 3638 2443 3694 Sed
2499 3654 2626 3693 cum
2684 3638 2768 3692 illi
2826 3639 3134 3692 adventum
3191 3653 3358 3691 suum
3410 3636 3842 3708 protraherent,

2134 3725 2253 3781 Red
2284 3727 2353 3781 ad
2409 3727 2717 3797 quamdam
2771 3727 3083 3794 civitatem,
3131 3742 3260 3796 quae
3313 3725 3496 3781 Satiza
3527 3726 3634 3795 (38)
3665 3741 3841 3780 voca-

2134 3819 2256 3881 tur;
2297 3831 2425 3868 cum
2450 3814 2769 3869 Saxonibus
2793 3819 3017 3868 tantum
3067 3814 3344 3884 pervenit.
3377 3815 3550 3884 Cujus
3579 3815 3851 3884 potentia

2134 3901 2271 3970 visa,
2323 3902 2474 3956 cives
2529 3919 2645 3956 non
2692 3902 3059 3956 mediocriter
3086 3903 3410 3969 turbantur,
3457 3910 3513 3956 et
3543 3903 3739 3956 statim
3761 3904 3839 3958 de

2133 4005 2270 4059 pace
2301 3990 2609 4059 quaerenda
2655 4005 2719 4042 ac
2774 3989 2943 4059 Regis
2985 3989 3171 4060 gratia
3219 3989 3584 4058 impetranda
3648 3991 3846 4044 medi-

2131 4081 2352 4130 tantur:
2385 4082 2578 4146 portas
2609 4076 2764 4130 illico
2794 4076 3038 4130 civitatis
3066 4078 3356 4146 aperiunt,
3388 4084 3444 4131 et
3495 4078 3836 4133 conditione

2129 4165 2512 4235 adipiscendae
2544 4165 2746 4233 gratia!
2768 4165 3045 4220 intersita.
3081 4167 3346 4233 Polonos,
3411 4183 3556 4237 quos
3586 4167 3841 4222 Bulizla-

327 4256 542 4326 aliquo,
580 4252 961 4323 Pragensibus
1014 4251 1070 4306 id
1111 4252 1540 4322 instigantibus,
1597 4254 2010 4308 extruderetur.
2046 4294 2090 4348 Β
2127 4268 2230 4306 vus
2259 4253 2340 4306 eis
2379 4252 2445 4306 ad
2499 4253 2803 4306 tuitionem
2835 4252 3093 4322 ejusdem
3126 4255 3233 4307 loci
3266 4254 3555 4323 adjecerat
3588 4256 3840 4325 ejiciunt

327 4345 403 4398 Ex
436 4346 583 4398 mala
642 4357 778 4411 ergo
829 4341 1176 4394 conscientia
1228 4347 1503 4411 concepta
1555 4341 1824 4413 suspicio,
1851 4342 2013 4396 insti‘

326 4433 481 4503 gavit
506 4447 636 4484 eum
687 4429 752 4483 ad
812 4429 994 4482 scelus
1029 4429 1522 4496 nefandissimum,
1551 4430 1814 4500 perduxit
1843 4431 2012 4484 etiam

322 4521 394 4574 ad
425 4520 642 4574 facinus
671 4518 1071 4571 execrandum.
1108 4518 1247 4571 Nam
1274 4517 1515 4572 fratrum
1565 4534 1800 4573 suorum
1834 4534 2012 4571 unum

324 4605 743 4670 eunuchizavit,
775 4606 1019 4658 alterum
1059 4607 1118 4659 in
1167 4606 1403 4659 thermis
1434 4606 1714 4660 suffocare
1751 4605 2010 4658 tentavit.

321 4699 396 4750 At
416 4695 522 4763 illi,
566 4710 714 4748 unus
739 4693 1055 4758 eunuchus,
1089 4694 1230 4747 alter
1258 4693 1565 4746 semivivus
1603 4693 1664 4746 in
1697 4691 2009 4759 Bavariam,

319 4799 352 4836 a
375 4787 616 4852 paterna
644 4780 958 4834 hereditate
980 4781 1213 4849 exclusi,
1245 4781 1538 4851 fugerunt.

385 4874 473 4924 57.
506 4869 625 4923 Rex
676 4867 975 4921 Heinricus
1013 4868 1120 4922 hac
1157 4868 1454 4940 impietate
1504 4871 1844 4930 commotus,
1882 4866 2009 4920 Bla-

312 4957 587 5024 demario,
621 4957 690 5011 de
722 4973 836 5027 quo
861 4955 980 5026 jam
1013 4956 1279 5021 diximus,
1311 4957 1582 5010 ducatum
1613 4955 2006 5008 Boemiensem

2128 4346 2184 4394 et
2235 4340 2512 4410 ejiciendo
2543 4341 2817 4410 quosdam
2878 4345 3269 4396 membrorum
3331 4344 3675 4398 abscissioue
3727 4345 3837 4398 de-

2125 4431 2388 4497 turpant;
2431 4428 2706 4497 quosdam
2769 4429 2839 4483 ab
2896 4429 3032 4483 locis
3080 4430 3371 4484 altissimis
3421 4431 3834 4501 praecipitant;

2124 4515 2402 4585 quosdam
2434 4515 2607 4570 etiam
2641 4515 3003 4584 interimunt,
3033 4523 3096 4572 ut
3145 4525 3200 4572 et
3229 4518 3472 4587 injurias
3503 4520 3574 4573 ab
3602 4520 3683 4573 eis
3716 4521 3834 4576 sibi

2123 4603 2308 4656 illatas
2332 4603 2697 4670 ulciscantur,
2731 4611 2786 4658 et
2844 4606 3048 4659 honori
3081 4607 3236 4675 regio
3258 4623 3362 4676 per
3409 4608 3604 4661 omnia
3659 4610 3838 4663 satis-

2121 4691 2345 4746 faciant.
2425 4693 2676 4747 Tandem
2725 4694 2897 4764 hujus
2969 4695 3322 4749 crudelitatis
3388 4695 3573 4749 fervor
3650 4697 3834 4766 Regis

2121 4780 2380 4833 animum
2411 4782 2671 4851 perculit,
2719 4787 2776 4835 et
2819 4783 2890 4835 ad
2923 4783 3392 4837 contradicendas
3421 4784 3702 4853 ejusmodi
3741 4786 3835 4839 in-

2118 4867 2305 4921 sanias
2353 4868 2524 4922 insita
2583 4869 2768 4938 pietas
2819 4870 3138 4924 inclinavit.
3187 4870 3308 4924 Jam
3337 4870 3450 4923 vivi
3507 4871 3828 4939 ducuntur,

2119 4961 2173 5010 et
2213 4956 2333 5027 regi
2389 4959 2789 5026 reprwsentati
2850 4958 2906 5011 in
2959 4958 3228 5012 Ecclesia.
3286 4960 3418 5012 Post
3473 4960 3594 5014 haec
3625 4961 3831 5015 civitas

313 5047 489 5102 dedit.
548 5046 652 5099 Illo
708 5051 961 5111 mortuo,
995 5046 1336 5110 Bulizlavus,
1395 5043 1662 5098 Bulizlavi
1692 5043 1866 5107 ﬁlius,
1901 5043 2008 5096 Bu-

306 5136 508 5190 lizlavo
553 5133 859 5189 Meseconis
907 5133 1025 5188 ﬁlio
1069 5134 1131 5188 in
1186 5135 1516 5187 societatem
1565 5132 2004 5202 conspirationis

305 5224 539 5290 adscito,
598 5223 867 5276 ducatum
923 5229 1120 5276 contra
1178 5220 1349 5290 Regis
1404 5207 1752 5274 voluntatem
1808 5227 2003 5275 tenere

299 5309 571 5362 tentabat.
600 5309 752 5362 Inter
787 5310 914 5363 illos
947 5323 1084 5377 ergo
1115 5307 1260 5361 duos
1312 5306 1628 5360 Bulizlavos
1661 5308 1725 5362 ﬁt
1752 5308 2002 5362 amicitia

304 5397 450 5463 ﬁcta,
506 5398 573 5450 tit
619 5397 859 5451 societas
905 5395 1161 5449 subdola.
1221 5393 1383 5464 Saepe
1413 5394 1556 5448 alter
1583 5394 1652 5448 ab
1703 5395 1882 5450 altero
1910 5397 1996 5450 in-

2115 5049 2232 5098 tota
2281 5062 2338 5098 se
2370 5045 2514 5116 Regi
2560 5046 2836 5101 reddidit.
2873 5047 2941 5100 Et
2999 5063 3112 5118 qua
3142 5047 3359 5116 debuit,
3389 5047 3526 5101 ﬁdei
3583 5050 3830 5119 promis-

2115 5132 2272 5186 sione
2305 5149 2408 5203 per
2437 5139 2810 5202 sacramenta,
2845 5150 2949 5204 per
2990 5136 3216 5189 obsides
3269 5135 3562 5206 obligavit.
3597 5137 3828 5194 Interea

2113 5221 2265 5274 fama
2317 5221 2535 5285 volitat,
2587 5222 2934 5275 Bulizlavum
2995 5238 3027 5276 a
3079 5224 3460 5294 Pragensibus
3517 5227 3822 5297 conspira-

2110 5310 2282 5363 tionis
2332 5309 2558 5364 vinculo
2609 5310 2893 5379 colligatis
2949 5311 3384 5381 interemptum,
3447 5317 3500 5364 et
3553 5315 3822 5384 quamvis

2109 5399 2375 5463 mendax,
2411 5397 2607 5452 fideles
2637 5403 2831 5452 tamen
2863 5399 3135 5453 Bulizlavi
3177 5401 3499 5457 exterritat.

304 5506 407 5574 set,
452 5507 681 5574 montem
708 5503 924 5574 celerem
971 5499 1172 5570 accipi,
1203 5515 1310 5571 pro
1363 5505 1558 5556 monte
1612 5517 1784 5572 quem
1829 5502 1998 5558 hodie
2183 5503 2292 5574 (37)
2323 5505 2612 5558 Jaremiro.

303 5573 358 5626 S.
393 5573 620 5629 Gotardi
652 5573 965 5644 appellant.
2183 5573 2295 5644 (38)
2337 5575 2512 5629 llodie
2543 5576 2685 5630 Saaz
2714 5574 3012 5631 Leibnitio.
