3940 6330
76 383 169 433 Hm

1728 383 1897 437 ACTA
1909 422 1921 435 .

3469 388 3571 440 110

878 644 1005 715 ΑΙ)
1086 643 1663 728 SEQUENTEM
1744 645 2041 717 VITAM
2120 645 2778 721 PR/EMONITIO.

147 794 311 869 Quod
332 796 453 861 jam
483 810 589 869 non
643 795 801 848 semel
832 797 891 869 in
943 798 1331 869 commentario
1360 796 1699 869 observatum
1749 802 1847 863 est,
1873 797 1947 869 id
1986 798 2071 851 hic
2115 797 2286 851 denuo
2321 799 2572 852 lectorum
2602 800 2767 853 oculis
2816 800 3236 868 subjiciendum.
3300 801 3568 869 videlicet,

76 880 183 916 non
233 867 411 917 Vitam
440 866 509 916 ab
540 881 803 933 anonymo
838 868 923 918 hic
961 866 1107 932 dari,
1142 881 1234 919 seu
1263 868 1577 920 historicam
1605 867 1659 921 S.
1715 867 1940 921 Henrici
1970 873 2238 931 gestorum
2282 872 2669 934 narrationem,
2702 870 2796 923 sed
2839 866 3041 924 meram
3074 887 3253 924 rerum
3294 866 3576 927 variarum

82 935 157 987 ad
190 937 307 1008 ejus
356 938 700 989 sanctitatem
740 941 790 989 et
821 939 877 988 in
915 938 1160 991 ecclesias
1189 938 1609 1005 muniﬁcentiam
1657 941 2016 1006 spectantium
2068 940 2519 1006 compilationem,
2567 956 2727 1008 quam
2765 956 2965 1008 parum
3014 942 3304 995 admodum
3352 945 3573 998 ordina-

85 1012 205 1081 tam
231 1007 640 1081 dicere__mrritp
665 1009 1009 1081 possis,‘c_um
1051 1009 1209 1081 varia
1244 1008 1505 1081 locisinon
1550 1011 1664 1081 suis
1694 1008 1969 1081 corradat,
2002 1010 2421 1081 immiscentque
2480 1007 2801 1081 diplomata,
2846 1010 2945 1064 diu
2974 1018 3098 1081 post
3138 1013 3327 1067 Sancti
3374 1014 3579 1068 obitum

85 1092 126 1152 (ξ
168 1078 519 1143 Pontiﬁcibus
548 1076 823 1152 Clemente
870 1078 1047 1152 II__ac
1096 1079 1265 1152 Leone
1343 1079 1418 1131 1X
1464 1084 1513 1131 et
1569 1078 1637 1131 ab
1687 1078 1933 1152 Henrico
1990 1080 2069 1132 111
2112 1076 2343 1134 Caesare
2369 1076 2852 1147 Bambergensibus
2916 1076 3180 1147 concessa,
3253 1099 3372 1151 quae
3428 1084 3579 1152 apud

89 1147 398 1201 Gretserum
427 1150 613 1214 capita
661 1148 741 1204 10.
782 1151 867 1221 17,
922 1149 987 1200 18
1016 1152 1066 1200 et
1108 1150 1171 1201 19
1213 1153 1562 1221 οοοιιραηίκα
1605 1150 1757 1203 nobis
1786 1164 1929 1213 vero,
1960 1154 2022 1202 ut
2049 1164 2221 1217 supra
2252 1152 2415 1202 etiam
2469 1152 2793 1221 monuimus,
2841 1153 2901 1205 in
2949 1147 3320 1220 Appendicem
3376 1147 3577 1221 rejecta

84 1222 234 1281 sunt,
277 1221 458 1285 utpote
481 1232 661 1269 rerum
694 1219 1133 1285 qualemcumque
1172 1220 1363 1271 seriem
1400 1219 1699 1273 turbantia.
1755 1221 1864 1274 Nec
1914 1221 2099 1273 minus
2145 1222 2325 1287 inepte
2365 1220 2635 1287 capitibus
2664 1222 2733 1274 24
2761 1226 2811 1274 et
2858 1224 2926 1275 25
2966 1219 3191 1277 intrusz
3235 1228 3362 1277 sunt
3414 1219 3579 1278 Bene-

81 1287 220 1361 dicti
258 1289 336 1361 VP.
395 1288 518 1341 VIII
544 1288 781 1361 litterae.
837 1293 949 1342 tum
997 1288 1087 1361 ad;
1120 1289 1376 1342 Sanctum
1414 1289 1480 1342 de
1521 1292 1860 1358 episcopatus
1913 1292 2335 1357 conﬁrmatione,
2399 1295 2522 1361 tum,
2567 1291 2642 1344 ad
2698 1292 3056 1345 Eberardum.
3123 1296 3363 1361 primum
3418 1297 3579 1349 istius

80 1359 312 1411 ecclesiae
355 1359 678 1421 antistitem,
730 1374 957 1425 quorum
1004 1359 1193 1411 saltem
1232 1360 1445 1427 primas
1496 1366 1557 1413 ut
1599 1362 1883 1413 minimum
1932 1365 2053 1427 post
2089 1366 2251 1428 caput
2301 1362 2363 1413 15
2420 1360 2707 1415 collocatas
2754 1365 3008 1430 oportuit.
3064 1359 3143 1417 Ne
3201 1366 3374 1429 igitur
3412 1370 3461 1418 et
3517 1380 3577 1418 ea

83 1430 449 1481 instrumenta
480 1430 722 1481 lectorem
750 1431 1018 1482 remorari
1045 1431 1273 1498 possint,
1305 1431 1428 1499 ipsa
1456 1433 1637 1498 primo
1665 1431 1773 1484 loco
1808 1432 1866 1483 in
1897 1430 2044 1484 dicta
2081 1430 2376 1500 appendice
2413 1432 2728 1500 referemus,
2758 1438 2950 1486 cztera
2984 1448 3106 1487 vero
3136 1436 3346 1487 intacta
3396 1434 3580 1489 trade-

81 1512 221 1551 mus.
256 1500 531 1566 Sequatur
557 1500 743 1566 itaque

1000 1765 1139 1888 S.
1272 1765 2081 1889 HENRICI

2206 1767 2659 1889 VITA

1473 1948 1795 2003 AUCTORE
1846 1948 2186 2003 ANONYMO

862 2070 1028 2125 Edita
1078 2072 1135 2123 in
1190 2072 1382 2137 Suria,
1438 2086 1506 2125 ea:
1556 2069 1741 2124 Jacobi
1796 2068 2035 2124 Gretseri
2090 2070 2240 2123 Dms
2299 2071 2799 2125 BAaaeaecxsmus.

653 2292 880 2347 CAPUT
913 2291 1209 2347 PRIMUM.

83 2404 119 2457 S
157 2401 385 2456 Henrici
435 2401 493 2451 in
545 2401 838 2468 imperium
883 2401 1163 2461 successio,
1213 2398 1549 2466 Wol/fgangi
1601 2413 1775 2466 appa-

150 2474 304 2536 ritio,
340 2474 495 2524 muni
522 2472 736 2537 ficentia
772 2473 828 2523 in
878 2470 1151 2535 ecclesias,
1180 2471 1409 2522 victoria
1441 2469 1506 2521 de
1543 2468 1773 2530 Scluvis,

152 2550 203 2596 et
231 2545 567 2596 restauratio
595 2544 934 2610 episcopatus
958 2540 1431 2605 Merseburgensis.

157 2652 207 2701 1.
230 2649 399 2701 Anno
431 2645 504 2700 ab
534 2644 928 2699 lncamatione
964 2644 1192 2699 Domini
1231 2643 1536 2697 millesimo
1588 2642 1776 2712 primo

86 2736 194 2804 (39)
214 2735 287 2789 ab
316 2734 463 2789 Urbe
488 2740 677 2787 autem
700 2733 925 2787 condita
948 2733 1252 2787 millesimo
1269 2732 1775 2802 septingentesimo

84 2822 574 2893 quinquagesimo
607 2822 896 2876 secundo:
944 2822 1150 2876 Ottone
1207 2837 1385 2892 puero
1434 2822 1630 2875 Romae
1687 2820 1777 2874 de-

83 2912 301 2976 functo,
342 2914 571 2964 vacante
601 2908 763 2977 regni
794 2909 958 2976 solio,
992 2925 1122 2962 cum
1153 2908 1220 2961 de
1260 2908 1519 2978 principe
1578 2907 1777 2961 subro-

85 2998 279 3068 gando
310 3003 608 3068 ageretur;
644 2997 903 3051 omnium
943 3002 1091 3059 vota,
1130 3002 1277 3050 nutu
1303 2996 1519 3063 divino,
1547 2996 1613 3050 ad
1646 3012 1778 3049 eum

84 3088 462 3151 inclinantur,
493 3086 593 3157 qui
622 3091 759 3139 tunc
779 3086 838 3139 in
869 3101 1047 3155 regno
1079 3084 1396 3138 habebatur
1424 3084 1775 3155 potissimus.

86 3176 213 3228 Fuit
232 3190 488 3244 namque
518 3189 621 3243 per
648 3174 797 3227 idem
823 3178 1049 3243 tempus
1089 3173 1208 3226 Dux
1243 3173 1609 3226 Bavariorum
1645 3174 1781 3227 Hen-

84 3263 257 3326 ricus,
290 3266 406 3315 tam
430 3261 682 3315 bonitate
713 3276 885 3331 quam
909 3259 1201 3314 nobilitate
1228 3259 1384 3328 regia
1412 3260 1777 3329 conspicuus,

85 3358 140 3404 et
172 3350 444 3403 universa
496 3364 720 3403 morum
765 3349 1061 3403 honestate
1118 3349 1444 3418 praeclarus.
1506 3348 1605 3401 Hie
1662 3348 1779 3401 ini-

84 3440 230 3492 tium
298 3438 596 3508 sapientiaa
652 3437 921 3491 timorem
983 3436 1209 3491 Domini
1262 3436 1510 3506 pleniter
1556 3442 1781 3490 secutus

87 3533 216 3581 est:
267 3526 370 3597 qui
399 3532 519 3580 erat
566 3526 724 3580 omni
752 3527 1079 3579 .litterarum
1140 3525 1331 3579 studio
1391 3525 1781 3595 principaliter

86 3616 364 3681 imbutus,
391 3619 548 3669 totus
591 3630 724 3668 sane
754 3615 864 3668 ﬁde
894 3619 950 3668 et
978 3619 1106 3667 actu
1130 3613 1473 3668 Catholicus.
1508 3614 1607 3666 Hic
1641 3628 1778 3682 ergo

87 3704 154 3758 ab
186 3702 460 3757 omnibus
492 3702 615 3773 pari
645 3708 774 3756 voto
807 3704 916 3772 (40)
950 3708 1007 3755 et
1037 3701 1329 3755 communi
1378 3716 1656 3754 consensu
1689 3718 1777 3754 ac-

83 3791 349 3857 cersitur,
409 3790 600 3845 divina
646 3790 847 3860 utique
915 3789 1257 3859 disponente
1313 3788 1662 3841 clementia:
1716 3792 1781 3843 ut

88 3897 190 3950 per
218 3881 558 3949 temporalis
598 3879 763 3949 regni
804 3878 1120 3948 fastigium,
1152 3878 1224 3931 ad
1280 3878 1507 3931 culmen
1540 3878 1779 3931 caelestis

90 3969 249 4039 regni
289 3968 661 4038 pertingeret.
694 3969 941 4021 Terrena
973 3966 1126 4020 enim
1170 3966 1322 4020 bona
1370 3966 1583 4032 omnia,
1635 3967 1783 4020 sicut

91 4073 191 4110 usu
234 4056 392 4110 malo
424 4056 564 4109 alios
606 4071 639 4108 a
695 4056 875 4109 salute
922 4052 1305 4127 praipediunt,
1363 4054 1444 4108 ita
1480 4055 1621 4108 alios
1674 4070 1781 4109 usu

89 4146 233 4198 bono
264 4145 337 4199 ad
369 4145 610 4197 salutem
642 4149 1000 4213 promovent.

156 4237 209 4287 '2.
245 4232 355 4287 Cui
402 4232 641 4286 necdum
714 4231 949 4285 Caesaris
987 4231 1072 4284 vel
1117 4230 1480 4302 imperatoris
1534 4230 1781 4300 dignita-

92 4326 199 4375 tem
264 4319 553 4374 obtinenti
603 4319 869 4391 apparuit
917 4319 1240 4375 Ratisbonaa
1293 4318 1681 4389 wellfgangns
1723 4318 1783 4372 in

94 4409 313 4464 somnis
346 4408 562 4461 visione
583 4408 681 4461 tali
714 4407 839 4477 (41).
876 4406 1072 4460 Visum
1102 4421 1351 4476 namque
1383 4411 1468 4459 est
1505 4405 1580 4474 ei,
1629 4406 1785 4476 quod

97 4514 336 4553 manens
374 4497 434 4550 in
492 4496 671 4550 sancti
719 4495 1124 4550 Emmerammi
1182 4494 1439 4563 ecclesia,
1490 4494 1786 4549 accederet

96 4586 297 4642 orandi
378 4584 561 4655 gratia
650 4583 721 4637 ad
805 4583 957 4638 beati
1034 4582 1375 4652 Wollfgangi
1437 4584 1782 4653 sepulcrum,

96 4677 149 4730 in
216 4675 422 4729 eadem
478 4672 711 4727 ecclesia
765 4672 985 4726 situm:
1067 4687 1317 4742 eumque
1396 4671 1606 4726 ibidem
1694 4671 1787 4725 do-

97 4767 315 4819 minum
414 4767 788 4833 sanctumque
869 4759 1215 4831 Wolﬂ‘gangi
1296 4760 1558 4830 precibus
1650 4759 1785 4813 inti-

1806 2292 1853 2344 Α
1892 2290 2009 2345 lare
2043 2306 2055 2344 :
2116 2291 2345 2346 Intuere
2384 2293 2689 2361 diligenter
2727 2293 2946 2349 litteras
2984 2295 3044 2350 in
3102 2312 3287 2361 muro,
3342 2298 3440 2370 qui
3496 2301 3579 2353 est

1885 2380 2049 2449 juxta
2100 2380 2388 2434 tumulum
2459 2397 2673 2449 meum,
2732 2384 2989 2454 scriptas.
3049 2385 3181 2439 Erat
3227 2390 3419 2441 autem
3475 2386 3579 2453 ibi,

1888 2467 2032 2519 sicut
2082 2466 2403 2534 videbatur,
2464 2469 2743 2539 scriptum
2794 2472 3197 2527 solummodo:
3280 2475 3411 2528 Post
3460 2489 3579 2527 sex.

1892 2554 2174 2624 Evigilans
2222 2572 2353 2609 vero
2410 2558 2529 2612 Rex
2588 2559 2862 2613 Henricus
2919 2561 3258 2615 tractatione
3308 2562 3582 2615 diuturna

1889 2658 2080 2695 secum
2139 2644 2400 2710 revolvit,
2455 2646 2802 2714 paucissima
2858 2648 3030 2717 hujus
3077 2649 3315 2701 visionis
3349 2650 3577 2719 scripta.

1889 2730 2156 2798 Inprimis
2205 2747 2342 2801 ergo
2388 2732 2718 2799 arbitratus,
2750 2735 2901 2805 quod
2949 2740 3078 2804 post
3132 2752 3227 2789 sex
3272 2737 3392 2791 dies
3431 2740 3581 2790 esset

1889 2818 2222 2883 moriturus,
2258 2819 2437 2873 multa
2470 2820 2763 2891 dispensat
2794 2823 3165 2893 pauperibus.
3201 2825 3343 2879 Cum
3388 2830 3580 2879 autem

1890 2922 1985 2960 sex
2012 2906 2238 2969 dierum
2270 2924 2547 2962 numerus
2572 2910 2895 2980 praeteriret
2920 2916 2976 2965 et
3002 2910 3145 2964 nihil
3178 2912 3237 2966 in
3295 2929 3354 2966 se
3380 2929 3580 2984 corpo-

1888 2995 1993 3048 rali
2031 2995 2305 3050 molestiae
2339 2997 2592 3063 sentiret,
2625 2999 2846 3069 putavit
2898 3000 2968 3053 ad
2996 3016 3093 3053 sex
3138 3016 3359 3055 menses
3408 3003 3581 3071 perti-

1889 3098 2048 3136 nere.
2073 3084 2378 3137 Transacto
2410 3101 2545 3138 vero
2575 3086 2744 3157 hujus
2775 3088 3003 3140 numeri
3059 3088 3265 3158 spatio,
3320 3089 3580 3160 nihilque

1888 3171 1947 3224 in
1980 3188 2037 3224 se
2068 3172 2418 3226 inﬁrmitatis
2465 3190 2685 3244 passus,
2736 3175 3043 3228 arbitratus
3075 3176 3226 3229 hunc
3272 3192 3581 3230 numerum

1889 3261 1959 3313 ad
1995 3276 2089 3314 sex
2134 3277 2315 3313 annos
2334 3262 2624 3331 pertinere
2654 3279 2665 3316 :
2690 3262 2938 3333 ideoque
2961 3269 3167 3335 etquae
3191 3281 3387 3334 supra,
3412 3265 3583 3335 coepit

1890 3349 2113 3402 timere.
2147 3350 2403 3419 Cumque
2438 3366 2532 3403 sex
2560 3366 2841 3404 annorum
2884 3366 3157 3405 numerus
3186 3352 3413 3421 integer
3450 3369 3579 3422 per-

1889 3436 2205 3502 transisset,
2253 3444 2310 3490 et
2368 3437 2597 3508 septimi
2637 3438 2773 3492 anni
2819 3438 2935 3492 dies
2985 3439 3274 3492 revolutus
3313 3440 3578 3507 venisset,

1891 3526 2016 3595 ipso
2048 3525 2139 3579 die
2167 3525 2403 3580 Ctesaris
2429 3525 2767 3595 dignitatem
2799 3542 2903 3596 per
2959 3527 3342 3597 Apostolicam
3391 3543 3580 3581 susce-

1888 3614 1969 3685 pit
2054 3612 2530 3667 obsecrationem.
2575 3614 2733 3666 Tunc
2789 3614 3022 3667 tandem
3099 3615 3350 3670 sentiens
3396 3615 3582 3685 qualis

1889 3705 2037 3755 esset
2074 3716 2177 3754 sua
2231 3700 2396 3767 visio,
2448 3700 2659 3770 gratias
2707 3700 2825 3771 agit
2880 3702 2996 3755 Deo
3045 3708 3354 3773 sanctoque
3391 3703 3582 3757 Wolff-

1889 3806 2098 3861 gango,
2132 3788 2231 3860 qui
2261 3789 2369 3843 sibi
2398 3791 2569 3844 talem
2601 3791 2850 3844 revelare
2892 3791 3158 3861 dignatus
3188 3798 3273 3845 est
3323 3791 3583 3846 sublimi-

1890 3884 2088 3933 tatem.

1964 3970 2013 4020 3.
2052 3967 2262 4021 Unctus
2297 3966 2475 4037 igitur
2500 3967 2555 4019 in
2593 3982 2787 4037 regem
2820 3966 3184 4022 beatissimus
3241 3968 3341 4022 Dei
3393 3967 3585 4022 famu-

1890 4054 1999 4121 lus,
2029 4054 2368 4123 temporalia
2418 4055 2580 4125 regni
2609 4072 2724 4109 non
2775 4061 3073 4109 contentus
3117 4056 3416 4126 angustiis,
3478 4072 3583 4127 pro

1891 4142 2259 4212 adipiscenda
2316 4143 2769 4198 immortalitatis
2843 4160 3073 4209 corona,
3133 4160 3360 4198 summo
3442 4145 3587 4213 Regi

1894 4231 2002 4300 (cui
2057 4232 2267 4284 servire
2318 4247 2559 4302 regnare
2621 4232 2722 4301 est)
2777 4233 3021 4286 militare
3077 4232 3376 4302 disposuit,
3427 4247 3584 4287 sum-

1895 4334 2046 4372 mam
2079 4318 2252 4372 etiam
2281 4319 2639 4389 diligentiam
2684 4320 2743 4373 in
2775 4320 3178 4390 ampliﬁcando
3236 4320 3387 4373 cultu
3451 4320 3585 4373 reli-

1894 4406 2081 4477 gionis
2110 4406 2374 4461 adhibuit
2406 4423 2419 4460 :
2462 4407 2728 4461 ecclesias
2778 4409 2959 4463 ditare
2990 4407 3467 4478 possessionibus,
3529 4412 3586 4461 et

1893 4494 2191 4549 immensis
2275 4493 2573 4547 ornatibus
2641 4510 2852 4564 augere
2926 4496 3114 4566 coepit.
3178 4495 3350 4550 Sedes
3396 4500 3584 4549 autem

1895 4583 2269 4654 episcopales,
2327 4580 2719 4634 Hildensheim
2754 4582 2870 4651 (ubi
2907 4599 2940 4635 a
2986 4600 3168 4652 puero
3226 4585 3474 4638 nutritus
3532 4589 3591 4637 et

1895 4672 2115 4726 litteras
2141 4671 2370 4724 edoctus
2400 4670 2548 4737 fuit),
2614 4671 2942 4741 Madeburg.
2984 4674 3381 4741 Argentinam,
3430 4674 3590 4729 Mise-

1896 4776 2032 4815 nam
2090 4764 2149 4813 et
2228 4758 2585 4813 Merseburch
2652 4760 2801 4829 (quia
2857 4758 3156 4813 barbarica
3234 4762 3592 4817 immanitate

99 4854 201 4907 mis
263 4855 576 4905 conaretur
623 4865 878 4915 exorare,
922 4849 1111 4903 subito
1172 4848 1472 4903 videbatur
1526 4847 1579 4902 ei
1663 4848 1784 4918 ipse
1819 4861 1859 4915 (ς
1899 4847 2285 4916 adjacentium
2306 4846 2632 4901 Sclavorum
2658 4850 2887 4900 vastata:
2926 4845 3175 4911 fuerant(
3203 4850 3320 4918 (42)
3374 4855 3590 4904 restau-

99 4942 332 4995 Sanctus
364 4939 591 4993 adstare
620 4944 679 4993 et
729 4938 1061 5009 hujusmodi
1112 4937 1300 4991 verbis
1354 4937 1543 5008 ipsum
1592 4937 1790 5008 appel-

171 5097 282 5177 t39)
321 5096 487 5150 Errat
509 5094 567 5149 in
600 5094 905 5177 principio,
938 5098 1003 5150 ut
1023 5110 1214 5177 supra.
1235 5094 1369 5177 satis
1390 5097 1652 5148 notatum
1686 5097 1791 5177 est,

109 5165 408 5238 eidemque
456 5167 637 5221 errori
695 5165 925 5233 insistit,
1006 5166 1142 5219 dum
1199 5165 1437 5238 inferius
1484 5166 1790 5238 num,__l2_,

113 5238 162 5291 S.
196 5234 421 5293 Henrici
448 5253 666 5291 annum
704 5252 779 5290 vn
812 5237 1097 5291 connectit
1155 5251 1284 5290 cum
1340 5237 1495 5290 1007.
1558 5251 1616 5288 Ill
1670 5234 1791 5288 Kal.

111 5309 457 5364 Novembris.

174 5381 281 5450 (40)
332 5380 516 5444 Quam
546 5377 761 5450 fuerint
787 5377 1001 5450 patria
1029 5380 1162 5432 vota
1200 5375 1526 5447 Principum
1567 5374 1799 5447 imperii

117 5448 313 5505 melius
345 5452 513 5505 docet
531 5448 895 5503 Adelboldus.

184 5524 289 5593 (11)
321 5522 450 5576 Haec
480 5526 717 5593 accepta
739 5524 871 5572 sunt
898 5536 964 5572 ex
996 5519 1121 5593 Vita
1150 5517 1205 5593 S_.
1255 5516 1611 5593 Wolffgangi
1626 5515 1800 5593 Δἕλικιιί

122 5586 341 5647 δυ’τίιίω
394 5594 453 5646 31
493 5586 750 5646 Octobris
802 5605 963 5644 num.
999 5592 1090 5643 39.
1162 5590 1333 5643 Porro
1381 5586 1445 5644 S.‘
1496 5586 1801 5657 “'olﬂ'gan-

1900 4937 2065 4991 ravit.
2101 4937 2164 4990 Et
2196 4941 2311 4989 tam
2358 4935 2560 5006 ipsius,
2614 4952 2787 5008 quam
2836 4935 2959 4989 aliis
3008 4935 3433 5006 episcopalibus
3493 4954 3595 5009 per

1903 5107 2040 5161 gum
2090 5092 2143 5146 S.
2223 5091 2448 5146 Heurici
2507 5093 2892 5146 institutorem
2957 5091 3149 5158 fuisse,
3231 5096 3428 5146 auctor
3514 5097 3598 5147 est

1904 5164 2237 5217 Ditmarus:
2292 5164 2481 5218 Nutrit
2547 5165 2869 5231 praeclarum
2943 5162 3319 5231 Wolffgangus
3397 5164 3599 5232 presul

1904 5236 2200 5299 alumnum,
2236 5238 2341 5287 etc.
2386 5233 2625 5304 Reliqua
2678 5234 2789 5288 huc
2828 5235 3140 5304 spectantia
3192 5235 3251 5288 in
3295 5234 3597 5288 Commen-

1904 5306 2048 5358 tario
2072 5305 2221 5357 dicta
2262 5308 2411 5357 sunt.

1978 5375 2091 5455 (4:2)
2126 5376 2255 5428 Haec
2295 5374 2569 5455 explicata
2609 5374 3178 5455 Oportebat,_si_quid
3204 5374 3393 5455 dicere
3422 5375 3605 5428 voluit

1908 5446 2176 5517 confusus
2225 5444 2815 5517 scriptorhomittens
2844 5446 3265 5501 Paderbornam
3311 5446 3370 5500 in
3429 5461 3602 5517 quam

1910 5514 2197 5587 prmeipua
2222 5514 2467 5570 contulit
2494 5514 2751 5570 Sanctus.
