3940 6362
401 404 492 455 111

1698 394 1753 445 S.
1798 391 2079 446 HENRICI
2123 391 2593 446 IMPERATORIS
3800 393 3886 442 11³2

395 527 727 583 universum
757 536 1022 594 regnum,
1048 521 1109 574 in
1154 518 1609 590 possessionibus
1657 522 1715 571 et
1768 516 2086 584 ornatibus,
2120 518 2165 570 A
2204 531 2339 569 vero
2379 515 2667 586 principes
2724 512 2977 567 Poloniae
3035 517 3090 566 et
3140 512 3407 578 Boemiaa,
3462 518 3889 584 ceterarumque

395 612 843 670 innumerabilia
863 609 1107 664 contulit
1137 606 1724 662 Hildesheimensibus
1786 621 1922 658 vero
1958 620 2088 657 san-

398 709 550 757 ctum
604 699 994 756 Gotehardum
1046 698 1155 765 (43)
1216 695 1413 749 divina
1450 695 1685 749 edoctus
1740 692 2088 747 revelatione

394 791 669 863 prmfecit.
695 788 838 853 Quid
863 794 1050 841 autem
1074 783 1528 855 Merseburgensi
1547 781 1798 836 ecclesiae
1826 796 1942 850 prae
1963 778 2089 833 aliis

397 877 736 950 specialibus
762 874 1066 929 contulerit
1101 873 1426 927 futurorum
1451 868 1710 923 charitati
1739 869 2002 921 volumus
2023 882 2090 920 ex

395 972 556 1039 parte
582 964 897 1019 notiﬁcare.
960 963 1091 1017 Hmc
1121 960 1275 1014 enim
1309 959 1542 1013 ecclesia
1580 962 1840 1027 tempore
1898 955 2089 1025 Magni

397 1052 829 1118 Ottonis,illius,
847 1050 1106 1120 inquam,
1131 1046 1228 1118 qui
1253 1047 1318 1100 ad
1343 1047 1551 1116 Lycum
1574 1043 1812 1097 ﬂuvium
1837 1043 1941 1096 sub
1955 1058 2087 1095 san-

395 1145 484 1193 cto
515 1138 776 1193 Uldarico
805 1136 1129 1191 confessore
1177 1134 1437 1202 Ungaros
1494 1131 1606 1201 (44)
1658 1129 1986 1200 prostravit,
2032 1132 2091 1180 et

396 1244 558 1298 reges
588 1242 810 1291 eorum,
847 1225 1081 1279 Laelium
1112 1222 1376 1275 videlicet
1410 1223 1466 1273 et
1520 1221 1695 1273 Assur
1740 1217 2085 1282 Ratisbonm,

394 1316 755 1388 principibus
781 1316 887 1368 hoc
915 1312 1041 1367 ﬁeri
1072 1308 1554 1381 adjudicantibus,
1588 1306 1648 1360 in
1682 1305 1941 1375 patibulo
1983 1320 2086 1356 su—

397 1405 643 1474 spendit,
679 1398 1370 1456 assiduisincursionibus
1419 1402 1476 1450 et
1527 1394 1719 1449 hostili
1773 1392 2087 1447 vastatione

397 1492 749 1555 Sclavorum,
781 1490 849 1542 ad
880 1488 1123 1541 nihilum
1157 1486 1381 1539 redacta
1408 1488 1510 1537 est.

465 1581 519 1633 4.
581 1580 644 1631 Et
690 1577 827 1647 quia
882 1574 1172 1627 violentiis
1223 1572 1540 1625 vicinarum
1608 1568 1908 1623 nationum
1971 1583 2088 1621 non

395 1671 621 1736 poterat
650 1664 947 1717 resistere:
991 1662 1049 1714 in
1088 1659 1562 1731 possessionibus,
1600 1658 1659 1710 in
1699 1656 1974 1726 religione
2032 1660 2090 1709 et

394 1755 453 1807 in
486 1751 774 1817 omnibus,
808 1766 934 1821 quas
967 1749 1031 1802 ad
1066 1747 1450 1818 pontiﬁcalem
1474 1745 1809 1816 dignitatem
1842 1743 2087 1815 pertine-

394 1843 552 1908 bant,
586 1841 816 1912 penitus
864 1836 1038 1907 coepit
1079 1835 1328 1891 deﬁceri.
1389 1834 1598 1890 Accidit
1657 1838 1845 1886 autem
1878 1837 1943 1886 ut
1991 1848 2089 1885 eo-

395 1932 523 1985 dem
557 1935 813 1999 tempore
866 1923 1364 1995 Magdeburgensis
1391 1922 1644 1976 ecclesizn
1692 1920 2087 1990 Archiepisco-

394 2034 501 2087 pus
548 2017 694 2070 viam
730 2016 1008 2069 universae
1039 2013 1226 2066 carnis
1287 2011 1707 2080 ingrederetur,
1766 2014 1823 2062 et
1876 2010 2081 2063 Merse-

396 2104 698 2175 burgensis
740 2102 974 2173 praesul,
1032 2106 1267 2171 propter
1321 2098 1664 2168 sapientiam
1722 2113 1753 2149 a
1811 2098 1924 2150 Deo
1980 2095 2088 2150 sibi

396 2193 683 2257 collatam,
718 2196 774 2243 et
820 2193 1051 2259 propter
1082 2188 1288 2240 multas
1321 2185 1581 2250 virtutes,
1653 2183 1861 2254 quibus
1915 2184 2085 2237 ador-

394 2284 563 2333 natus
603 2283 746 2343 erat,
782 2278 853 2331 ob
884 2293 1024 2347 quas
1051 2276 1223 2329 etiam
1253 2273 1447 2328 Ottoni
1487 2288 1697 2342 magno
1729 2272 2087 2341 gratissimus

397 2366 619 2421 extitit:
685 2365 743 2418 in
800 2364 1131 2417 cathedram
1196 2362 1761 2432 Magdeburgensem,
1812 2361 2085 2431 praedicto

397 2456 550 2525 Rege
584 2454 639 2507 id
671 2452 976 2518 efﬁciente,
1033 2454 1470 2520 praeponeretur
1527 2450 1662 2519 (45).
1715 2449 1944 2502 Factum
2000 2454 2087 2502 est

395 2549 608 2607 autem,
626 2546 687 2595 ut
704 2539 1185 2609 Merseburgensis
1206 2538 1562 2608 episcopatus
1580 2536 1809 2606 penitus
1837 2536 2087 2589 destrue-

397 2638 579 2699 retur,
611 2638 669 2684 et
698 2645 825 2700 quae
856 2628 1081 2698 potiora
1107 2632 1270 2679 erant
1292 2626 1444 2679 illius
1476 2624 1723 2678 ecclesiae
1755 2624 1813 2677 in
1834 2625 2083 2694 praediis.

393 2722 453 2774 in
494 2716 989 2781 ministerialibus,
1023 2714 1081 2768 in
1107 2713 1483 2779 ornamentis,
1516 2713 1574 2765 in
1615 2711 1889 2766 ditionem
1932 2713 2084 2782 Mag-

396 2807 772 2876 deburgensis
820 2804 1100 2858 eccclesiaa
1146 2803 1611 2865 transferrentur,
1637 2805 1695 2854 et
1751 2800 1820 2853 de
1876 2800 2084 2871 quibus

392 2896 654 2966 reliquiis
714 2892 1160 2965 possessionum,
1221 2906 1350 2960 quae
1408 2890 1737 2957 Merseburg
1800 2903 2083 2942 remanse-

390 2988 540 3048 rant,
572 2982 799 3035 abbatia
853 2980 995 3033 inibi
1035 2983 1481 3033 construeretur.
1541 2976 1705 3040 Quod
1744 2975 1952 3029 factum
1986 2992 2081 3030 us-

392 3086 503 3141 que
534 3069 605 3122 ad
653 3074 881 3137 tempus
910 3067 991 3137 pii
1046 3066 1387 3120 confessoris
1432 3064 1656 3118 Henrici
1708 3064 2078 3119 immutatum
2112 3072 2151 3127 Ο

390 3156 724 3229 permansit.
756 3156 898 3210 Cum
927 3160 1119 3209 autem
1151 3154 1470 3208 convocatis
1516 3152 1669 3205 idem
1701 3154 1822 3206 Rex
1871 3153 2081 3206 Princi-

392 3245 561 3316 pibus
596 3244 761 3315 regni
811 3243 896 3296 sui
954 3242 1362 3311 Quendelburg
1416 3240 1633 3294 curiam
1692 3240 2076 3295 celebrasset:

389 3331 672 3386 universis
701 3334 760 3385 in
792 3331 849 3385 id
878 3331 1067 3401 ipsum
1124 3329 1636 3396 consentientibus,
1698 3328 1989 3384 Poloniam
2024 3334 2080 3384 et

390 3421 705 3487 Boemiam,
738 3423 1086 3490 craterasque
1126 3420 1454 3473 Sclavorum
1514 3418 1835 3487 adjacentes
1885 3419 2076 3489 regio-

392 3524 515 3577 nes,
542 3524 671 3579 quae
723 3506 867 3561 ﬁnes
930 3505 1095 3577 regni
1125 3506 1212 3559 sui
1269 3504 1585 3573 vastabant,
1634 3503 1921 3558 debellare
1969 3502 2077 3558 dis-

387 3597 600 3666 posuit.

460 3688 511 3737 5.
542 3683 895 3752 Congregato
943 3680 1140 3749 itaque
1200 3678 1468 3745 exercitu,
1528 3682 1723 3733 contra
1776 3679 2074 3749 praedictas

387 3771 649 3826 nationes
704 3770 885 3824 aciem
940 3768 1165 3822 direxit.
1226 3768 1291 3821 Et
1344 3766 1558 3820 faciens
1614 3768 1917 3821 transitum
1970 3782 2073 3839 per

386 3861 598 3927 locum,
631 3858 731 3929 qui
763 3856 1031 3910 \Valbcch
1055 3855 1161 3927 (46)
1193 3854 1418 3922 dicitur,
1452 3854 1707 3925 gladium
1740 3855 1919 3909 sancti
1953 3856 2072 3910 Ad-

384 3949 531 4003 riani
564 3945 849 4016 martyris,
881 3944 980 4015 qui
1005 3960 1109 4014 pro
1153 3942 1389 4013 reliquis
1440 3943 1622 3997 multo
1674 3947 1935 4015 tempore
1992 3944 2071 3999 ibi

384 4037 735 4101 servabatur,
787 4032 1022 4102 accepit.
1084 4032 1206 4095 Quo
1252 4031 1554 4098 accinctus,
1616 4048 1680 4085 ex
1730 4037 1847 4086 toto
1897 4033 2069 4087 corde

384 4142 485 4179 suo
518 4123 783 4177 clamavit
812 4129 868 4175 et
891 4120 1036 4175 dixit
1063 4138 1079 4173 :
1109 4119 1306 4174 Judica
1354 4119 1594 4173 Domine
1624 4127 1896 4175 nocentes
1952 4137 2068 4189 me,

381 4228 645 4283 expugna
692 4211 1098 4279 impugnantes
1161 4223 1276 4274 me,
1332 4208 1699 4278 apprehende
1782 4224 1943 4262 arma
2014 4213 2071 4263 et

381 4308 624 4365 scutum,
660 4304 718 4352 et
746 4313 958 4367 exurge
1014 4296 1075 4349 in
1120 4294 1469 4363 adjutorium
1528 4296 1689 4349 mihi.
1741 4297 1879 4351 Inde
1933 4312 2067 4366 pro-

2198 603 2577 658 Sclavicarum
2608 602 2867 673 gentium
2923 601 3197 672 primates
3252 601 3571 655 Romanum
3638 602 3890 672 Impera-

2206 696 2387 745 torem
2442 708 2569 744 cum
2624 691 2869 743 exercitu
2929 690 2996 743 ad
3054 690 3424 743 debellandos
3483 705 3581 743 eos
3627 690 3890 743 advenire

2198 785 2587 849 cognoverunt
2618 796 2631 832 ε
2668 778 3078 832 innumerabili
3110 778 3481 831 multitudine
3522 778 3774 843 collecta,
3830 778 3889 830 in

2199 866 2412 920 bellum
2446 866 2499 919 ei
2556 866 2782 919 obviam
2818 870 3238 935 processerunt.
3280 864 3441 928 Quod
3474 864 3614 934 Regi
3648 864 3742 935 pio
3796 881 3895 934 per

2200 955 2581 1025 speculatores
2606 970 2738 1007 suos
2778 954 2888 1007 cito
2918 953 3190 1017 innotuit,
3225 957 3282 1006 et
3338 953 3483 1006 sicut
3513 952 3573 1005 in
3620 954 3886 1006 omnibus

2196 1043 2474 1113 angustiis
2504 1043 2622 1096 suis
2656 1042 2889 1101 solebat,
2946 1042 3015 1095 ad
3062 1041 3340 1095 orationis
3391 1056 3552 1094 arma
3604 1040 3881 1111 confugit.

2196 1133 2576 1201 Invocatoque
2607 1146 2779 1200 super
2824 1146 2883 1183 se
2932 1129 3166 1183 nomine
3222 1129 3472 1196 Domini,
3528 1130 3693 1183 beato
3739 1129 3891 1183 Lau—

2196 1217 2404 1285 rentio,
2438 1222 2630 1270 sancto
2660 1217 2922 1287 Georgio,
2986 1222 3042 1269 et
3096 1217 3262 1270 beato
3319 1216 3567 1271 Adriano
3625 1219 3895 1286 martyri-

2198 1306 2324 1372 bus,
2384 1322 2442 1359 se
2508 1322 2791 1376 suumque
2870 1305 3185 1359 exercitum
3258 1306 3676 1376 protegendum
3760 1320 3891 1358 cum

2197 1409 2423 1447 summa
2447 1394 2747 1448 devotione
2778 1392 3081 1446 commisit.

2267 1486 2327 1539 6.
2367 1485 2433 1537 Et
2459 1499 2587 1537 cum
2630 1498 2829 1536 omnes
2856 1481 3225 1552 perceptione
3256 1481 3513 1552 corporis
3544 1486 3599 1535 et
3654 1480 3890 1551 sangui-

2199 1569 2287 1624 nis
2328 1570 2555 1624 Domini
2586 1570 2887 1623 conforlati
2917 1569 3173 1634 fuissent,
3210 1568 3279 1622 ad
3320 1569 3511 1623 locum
3558 1569 3895 1623 certaminis

2198 1661 2502 1712 venerunt.
2555 1658 2657 1712 Ubi
2689 1673 2818 1710 cum
2871 1657 2983 1711 Rex
3014 1657 3213 1710 beatus
3241 1657 3428 1710 verbis
3483 1656 3897 1711 exhortatoriis

2209 1746 2276 1798 ad
2330 1745 2571 1799 viriliter
2626 1745 2914 1815 agendum
2944 1745 3305 1811 singulorum
3345 1745 3571 1799 animos
3598 1745 3894 1810 erexisset,

2202 1833 2401 1886 videns
2432 1833 2908 1887 innumerabilem
2937 1833 3395 1886 adversariorum
3441 1833 3896 1898 multitudinem,

2199 1922 2464 1974 clamavit
2509 1921 2574 1975 ad
2624 1922 2950 1986 Dominum,
2999 1925 3056 1974 et
3107 1921 3234 1974 ait:
3288 1922 3438 1975 Deus
3495 1921 3595 1992 qui
3642 1922 3897 1974 conteris

2196 2009 2346 2063 bella
2375 2010 2445 2063 ab
2494 2010 2683 2077 initio,
2726 2011 2883 2063 eleva
2921 2008 3213 2063 brachium
3245 2013 3408 2063 tuum
3462 2027 3633 2079 super
3694 2016 3900 2080 gentes

2197 2098 2298 2168 qui
2335 2097 2587 2167 cogitant
2616 2098 2792 2151 servis
2837 2097 2951 2151 tuis
2981 2099 3149 2152 mala.
3182 2098 3458 2167 Disperge
3507 2099 3635 2151 illos
3666 2099 3724 2152 in
3786 2100 3899 2153 vir-

2196 2190 2316 2239 tute
2348 2192 2444 2239 tua
2474 2202 2487 2239 ε
2533 2192 2587 2239 et
2614 2186 2839 2239 destrue
2872 2202 2968 2239 eos
2998 2190 3285 2255 protector
3314 2202 3500 2241 meus.
3560 2188 3711 2240 Pone
3764 2188 3899 2241 illos

2195 2280 2261 2329 ut
2289 2280 2495 2341 rotam,
2529 2281 2583 2329 et
2603 2276 2746 2328 sicut
2776 2275 3045 2345 stipulam
3077 2282 3210 2329 ante
3268 2276 3471 2329 faciem
3525 2277 3699 2331 venti.
3762 2279 3899 2332 Haec

2196 2364 2390 2417 dicens
2406 2365 2588 2433 aperti
2617 2368 2750 2416 sunt
2780 2363 2929 2416 oculi
2956 2363 3079 2433 ejus
3118 2370 3172 2416 et
3220 2364 3362 2417 vidit
3413 2364 3691 2433 gloriosos
3733 2383 3898 2421 mar-

2194 2456 2365 2522 tyres,
2414 2452 2717 2520 Georgium
2762 2451 3046 2513 videlicet,
3106 2451 3496 2518 Laurentium,
3545 2453 3896 2522 Adrianum,

2195 2556 2325 2594 cum
2357 2542 2561 2610 angelo
2593 2540 2968 2609 percutiente,
3002 2540 3313 2593 exercitum
3341 2556 3509 2594 suum
3552 2544 3899 2609 praeceden-

2193 2632 2297 2691 tes,
2326 2632 2383 2681 et
2424 2628 2674 2681 hostium
2716 2644 2924 2681 cuneos
2982 2627 3051 2681 ad
3100 2628 3295 2699 fugam
3350 2630 3757 2699 propellentes.
3831 2633 3901 2685 Et

2195 2716 2339 2770 sicut
2367 2716 2646 2770 exercitus
2696 2716 3080 2770 Sennacherib
3140 2717 3210 2770 ab
3270 2719 3474 2785 angelo
3528 2719 3901 2788 percutiente

2194 2804 2472 2858 contritus
2496 2810 2582 2857 est
2618 2809 2673 2857 et
2699 2804 2897 2873 periit;
2933 2804 3011 2857 ita
3042 2809 3098 2858 et
3126 2805 3312 2857 omnis
3364 2805 3744 2860 barbarorum
3779 2809 3901 2861 ista

2194 2891 2499 2945 multitudo
2528 2907 2632 2961 per
2662 2891 2929 2944 virtutem
2963 2890 3061 2944 Dei
3089 2892 3423 2957 conterrita,
3465 2894 3737 2961 projectis
3799 2911 3900 2948 ar-

2193 2979 2303 3033 mis
2350 2978 2472 3032 sine
2530 2978 2807 3032 effusione
2864 2979 3160 3047 sanguinis
3211 2979 3682 3047 Christianorum,
3732 2982 3903 3053 fugae

2191 3066 2526 3138 praesidium
2576 3068 2855 3138 quaesivit.
2912 3067 3035 3131 Quo
3069 3066 3189 3120 viso
3227 3069 3340 3122 Rex
3394 3074 3643 3135 sanctus,
3697 3071 3901 3125 eleva-

2191 3156 2263 3209 tis
2285 3155 2462 3208 oculis
2492 3160 2547 3208 et
2575 3156 2840 3209 manibus
2870 3155 2927 3209 in
2981 3157 3206 3223 caelum,
3240 3156 3529 3210 benedixit
3586 3158 3702 3211 Deo
3758 3160 3904 3213 caeli

2189 3247 2247 3297 et
2270 3244 2395 3298 ait:
2450 3243 2746 3309 Benedico,
2784 3244 2901 3298 Rex
2946 3244 3073 3298 coeli
3116 3250 3174 3298 et
3232 3248 3420 3310 terrae,
3472 3245 3571 3315 qui
3616 3247 3901 3315 superbis

2186 3331 2402 3386 resistis
2424 3336 2479 3384 et
2523 3331 2838 3385 humilibus
2869 3332 2967 3385 das
2993 3332 3276 3402 gratiam:
3337 3332 3436 3403 qui
3488 3334 3742 3387 custodis
3808 3336 3905 3389 di-

2186 3419 2429 3490 ligentes
2466 3425 2523 3474 te
2562 3424 2618 3473 et
2666 3419 3017 3490 gloriﬁcatus
3078 3436 3137 3473 es
3180 3420 3240 3474 in
3298 3421 3585 3491 gentibus,
3641 3430 3902 3494 propter

2185 3507 2374 3563 datam
2406 3508 2570 3562 nobis
2601 3507 2670 3562 de
2692 3509 2832 3562 caelo
2859 3508 3182 3562 victoriam.
3222 3509 3394 3562 Victis
3423 3525 3558 3580 ergo
3621 3509 3903 3566 barbaris

2185 3601 2240 3651 et
2268 3612 2396 3667 qua:
2426 3596 2495 3650 ad
2528 3596 2782 3650 futuram
2813 3611 3013 3665 pacem
3067 3597 3338 3666 prodesse
3369 3601 3635 3667 poterant
3661 3598 3899 3654 ﬁrmis-

2185 3684 2329 3739 sima
2362 3684 2620 3755 pactione
2654 3684 2936 3749 stabilitis,
2973 3683 3060 3737 vir
3090 3685 3295 3739 Beatus
3345 3700 3475 3739 cum
3525 3686 3641 3739 suis
3672 3687 3736 3741 in
3780 3706 3903 3744 sua

2183 3773 2477 3828 redierunt
2498 3788 2628 3826 cum
2650 3788 2807 3842 pace,
2864 3772 3250 3841 gloriﬁcantes
3269 3778 3324 3828 et
3345 3774 3637 3829 laudantes
3666 3776 3900 3845 Deum,

2183 3862 2282 3933 qui
2313 3862 2490 3916 salvat
2521 3866 2815 3931 sperantes
2835 3860 2895 3914 in
2923 3877 3001 3914 se.

2254 3955 2304 4003 7.
2349 3950 2605 4020 Cumque
2659 3948 3171 4003 Christianissimus
3229 3965 3328 4005 rex
3361 3950 3676 4019 Poloniam,
3739 3955 3905 4010 Boe-

2180 4037 2381 4104 miam,
2438 4036 2746 4092 Moraviam
2802 4038 3132 4092 tributarias
3169 4038 3436 4093 fecisset:
3489 4040 3561 4094 ob
3610 4057 3904 4099 reveren-

2180 4125 2320 4179 tiam
2350 4124 2404 4179 S.
2450 4124 2740 4179 Laurentii
2787 4124 3075 4195 martyris,
3126 4126 3616 4181 conculcationem
3666 4134 3727 4182 et
3782 4132 3903 4186 de-

2180 4214 2553 4267 structionem
2627 4212 3110 4283 Merseburgensis
3185 4214 3458 4281 ecciesise,
3533 4218 3706 4287 coepit
3782 4221 3903 4290 pio

2178 4300 2386 4354 intuitu
2433 4301 2842 4355 misericordia:
2875 4307 2931 4355 et
2949 4301 3175 4372 pietatis
3225 4302 3529 4372 respicere,
3561 4309 3615 4356 et
3645 4304 3719 4358 ad
3792 4309 3903 4361 ni-

380 4404 608 4459 gressus
638 4394 819 4441 castra
854 4389 1097 4438 metatus
1116 4391 1202 4437 est
1230 4384 1288 4436 in
1319 4399 1542 4454 campo,
1582 4384 1680 4438 ubi
1747 4386 2062 4439 Mersebur-
2097 4414 2139 4467 D
2178 4388 2359 4443 hilum
2418 4390 2645 4444 redacta
2692 4392 2753 4443 in
2812 4389 3089 4457 aediliciis,
3149 4390 3207 4444 in
3268 4391 3768 4460 ministerialibus,
3833 4398 3903 4451 in

379 4477 572 4547 gensis
602 4475 839 4529 ecclesia
867 4474 977 4526 sita
997 4477 1100 4538 est,
1133 4477 1191 4525 et
1222 4472 1417 4527 videns
1475 4473 1661 4527 locum
1720 4472 2060 4537 desolatum,

380 4572 438 4619 et
484 4566 545 4619 in
597 4563 843 4617 nihilum
893 4561 1205 4629 redactum,
1261 4562 1546 4631 ingemuit
1600 4566 1658 4615 et
1713 4561 1833 4615 ait:
1894 4563 2063 4615 Beate

378 4653 645 4710 Laurenti
679 4657 896 4721 martyr
926 4651 1156 4717 Christi,
1189 4650 1236 4702 si
1276 4656 1373 4703 tuo
1405 4650 1729 4703 interventu
1782 4649 1884 4703 has
1932 4650 2059 4703 bar-

374 4743 543 4797 baras
573 4742 855 4805 nationes,
888 4739 956 4792 ad
989 4755 1131 4809 quas
1160 4754 1362 4809 pergo,
1397 4738 1657 4792 Romano
1679 4737 1947 4807 Imperio,
2007 4743 2063 4793 et

374 4830 709 4886 Christianae
751 4827 1017 4898 religioni
1074 4828 1479 4897 subjugavero,
1512 4827 1665 4880 hunc
1717 4827 1902 4880 locum
1960 4826 2058 4881 de-

373 4920 618 4974 solatum
678 4923 778 4971 tuo
844 4915 1064 4970 nomini
1123 4919 1534 4979 consecratum,
1594 4913 1785 4968 divina
1836 4915 2061 4969 favente

372 5007 576 5078 gratia,
631 5005 689 5059 in
721 5004 977 5075 pristinae
1027 5003 1323 5074 dignitatis
1350 5007 1562 5056 statum
1599 5002 1946 5058 reformabo.
1991 5005 2061 5057 Ut

440 5202 556 5270 (43)
588 5199 725 5253 Vide
756 5198 813 5252 in
835 5198 988 5253 Actis
1017 5201 1051 5252 4
1083 5197 1366 5270 Maiipag,
1400 5197 1522 5270 50§,
1547 5210 1708 5270 num.
1735 5199 1834 5270 _l8.

440 5266 547 5341 (44)
575 5270 922 5325 Describitur
950 5269 1184 5322 victoria
1218 5266 1276 5320 in
1308 5268 1433 5319 Vita
1470 5267 1525 5321 S.
1559 5266 1804 5321 Udalrici
1834 5268 1866 5321 4
1920 5268 2055 5321 Julii

363 5360 454 5415 pa.
491 5344 673 5415 lt0,_a
703 5357 863 5415 num.
892 5342 981 5394 46.

436 5413 546 5493 (45)
589 5412 723 5493 Quae
757 5412 846 5493 hic
877 5406 1275 5493 narrantur'de
1320 5406 2051 5493 translatisnltladeburgum

362 5476 718 5553 episcopatus
757 5479 1239 5553 Merseburgensis
1275 5476 1754 5553 possessionibus,
1788 5494 1901 5532 non
1922 5476 2049 5553 ’01-

360 5548 483 5608 toni
530 5548 739 5624 primo,
797 5552 893 5604 sed
948 5548 1662 5624 secun_do_adscrib_enda__r
1693 5554 1845 5624 sunt,
1898 5550 2051 5624 unde

362 5618 550 5696 ipsuni
601 5618 795 5679 secuta
822 5626 909 5675 est
936 5620 1164 5690 punitio
1190 5619 1258 5673 de
1309 5635 1422 5691 qua
1460 5619 1522 5673 in
1578 5618 1708 5674 Vita
1767 5620 1822 5673 S.
1878 5620 2049 5674 Adal-

2174 4477 2541 4531 ssecularibus
2589 4478 3060 4548 possessionibus,
3138 4478 3199 4532 in
3230 4479 3622 4533 ecclesiasticis
3698 4499 3904 4539 orna-

2173 4564 2405 4630 mentis,
2439 4565 2497 4619 in
2530 4565 2838 4636 pristinum
2884 4566 3125 4636 gradum
3174 4567 3512 4637 pontiﬁcalis
3550 4568 3902 4642 dignitatis,

2170 4652 2316 4706 sicut
2351 4654 2460 4707 Deo
2491 4659 2547 4707 et
2602 4659 2795 4707 sancto
2844 4654 3146 4708 Laurentio
3200 4661 3453 4721 voverat,
3508 4657 3732 4713 studuit
3793 4678 3899 4716 re-

2172 4745 2446 4795 staurare.
2484 4744 2596 4796 Nec
2617 4743 2777 4812 prius
2806 4742 2875 4795 ab
2915 4742 3187 4813 operibus
3230 4744 3637 4799 misericordiae
3685 4749 3900 4803 desti-

2172 4830 2243 4884 tit
2271 4831 2646 4902 quoadusque
2673 4847 2799 4885 eam
2852 4830 2922 4885 ad
2967 4831 3268 4901 antiquum
3299 4837 3507 4886 statum
3540 4832 3899 4905 dignitatis,

2170 4923 2226 4972 et
2255 4919 2558 4988 pristinum
2589 4920 2868 4974 honorem
2906 4918 3203 4990 religionis
3240 4937 3304 4975 ex
3359 4921 3586 4991 integro
3646 4926 3899 4992 perdu-

2169 5011 2338 5061 ceret.

2166 5197 2314 5252 berti
2343 5198 2751 5271 ad_23iAprilis
2797 5216 2919 5271 cap.
2958 5203 3077 5255 190.
3120 5200 3255 5255 Vide
3308 5202 3546 5257 citatum
3603 5203 3731 5260 istic
3804 5211 3887 5267 in

2164 5269 2882 5351 nunctatis-Ditmarum,‘
2922 5272 3023 5341 qui
3053 5271 3319 5351 pluribus
3370 5273 3494 5326 aliis
3545 5275 3691 5351 lpcis
3746 5285 3903 5351 agit

2164 5340 2235 5393 de
2274 5340 2637 5394 restitutione
2681 5340 2957 5411 ejusdem,
2987 5343 3344 5413 episcopatus
3398 5360 3503 5414 per
3555 5345 3610 5399 S.
3650 5340 3901 5408 HenFi-

2162 5425 2346 5555 (3:185)
2377 5479 2455 5532 De
2487 5480 2753 5534 Walbeck
2772 5487 2827 5535 et
2855 5481 2924 5555 S._
2958 5482 3199 5555 Adriani
3243 5484 3432 5552 gladio
3486 5486 3656 5555 plura
3701 5498 3907 5549 nota-

2161 5550 2244 5605 vit
2278 5551 2586 5616 Gretserus,
2623 5567 2752 5623 quae
2779 5552 2927 5624 apud
2954 5552 3143 5623 ipsum
3175 5550 3362 5609 videri
3393 5550 3657 5627 possunt.
