3940 6316
91 287 177 335 Illi
1738 289 1930 343 ACTA.

3482 288 3583 343 114

142 409 191 458 8.
256 404 516 476 Denique
563 404 965 476 Episcopatum
1019 405 1554 476 Babenbergensem
1590 424 1657 461 ex
1682 408 1768 462 int
1801 413 1846 463 Α
1888 410 2109 479 Regum
2142 409 2446 463 inserimus
2476 407 2927 463 conﬁrmationis
2957 407 3223 478 epistolas
3257 424 3270 462 ε
3332 412 3413 473 ut,
3445 407 3582 478 quia

78 498 229 562 tegro
253 493 312 546 in
340 510 444 547 suo
475 496 701 547 domate
753 494 866 564 (47)
896 495 1173 553 fundavit.
1219 495 1481 549 terminis
1513 496 1775 550 videlice-

73 582 140 635 ab
190 583 589 652 adjacentibus
656 583 1073 654 episcopatibus
1128 584 1385 654 legitimo
1441 584 1775 638 concambio

71 671 455 724 commutatis.
493 671 813 725 Fundatum
862 687 993 724 vero
1052 673 1444 742 episcopatum
1499 671 1774 742 principi-

69 757 170 808 bus
226 759 637 827 Apostolorum
694 760 860 812 Petro
919 763 976 812 et
1018 760 1216 824 Paulo,
1277 765 1334 813 et
1366 760 1775 829 pretiosissimo

69 846 307 916 martyri
355 847 598 916 Georgio
653 846 1002 901 attitulatum
1059 847 1293 917 speciali
1366 849 1495 918 jure
1568 855 1775 902 sanctas

71 934 232 988 Rom.
273 934 533 988 Ecclesiae
564 935 929 999 contradidit,
963 940 1114 989 utet
1150 934 1354 998 primae
1411 935 1543 990 Sedi
1610 935 1775 989 debi-

70 1027 190 1074 tum
253 1023 552 1092 dignitatis
591 1023 950 1093 impenderet
997 1024 1297 1090 honorem,
1331 1029 1386 1076 et
1413 1040 1573 1076 suam
1608 1024 1771 1092 plan-

69 1111 347 1164 tationem
394 1116 550 1165 tanto
604 1112 920 1181 patrocinio
973 1112 1196 1166 ﬁrmius
1243 1111 1646 1165 communiret.
1711 1113 1772 1165 In

69 1198 388 1252 meridiana
419 1216 649 1270 quoque
682 1205 837 1270 parte
870 1199 1113 1253 civitatis
1136 1200 1546 1253 monasterium
1574 1200 1631 1253 in
1676 1200 1772 1252 ho-

69 1303 205 1340 nore
235 1287 293 1341 S.
329 1289 606 1357 Stephani
639 1289 1076 1356 Protomartyris
1134 1288 1237 1341 sub
1269 1288 1472 1341 ordine
1499 1287 1771 1341 canonico

66 1380 405 1428 construens
442 1395 456 1439 ;
486 1393 551 1429 ex
586 1376 763 1429 altera
796 1392 949 1441 vero,
973 1376 1081 1429 hoc
1127 1381 1212 1430 est
1239 1376 1581 1446 aquilonari,
1617 1375 1768 1429 aliud

65 1463 483 1518 monasterium
540 1464 644 1518 sub
683 1464 1004 1517 monachali
1071 1465 1270 1535 regula
1321 1465 1380 1518 in
1437 1466 1656 1519 honore
1714 1465 1765 1518 S.

64 1551 354 1606 Michaelis
391 1551 732 1622 Archangeli
763 1552 891 1623 (48),
937 1552 1230 1623 sanctique
1284 1552 1569 1607 Benedicti
1597 1552 1772 1605 abba-

64 1638 130 1691 tis
181 1638 565 1702 constituens,
617 1638 744 1705 sibi,
799 1654 1034 1709 suaeque
1083 1638 1298 1693 civitati
1341 1656 1513 1710 supra
1544 1641 1769 1694 Petram

63 1727 409 1795 Apostolicze
441 1725 729 1780 ﬁrmitatis
753 1726 1026 1792 fundatas,
1047 1743 1328 1798 muroque
1358 1733 1414 1782 et
1437 1743 1768 1798 propugna-

62 1815 203 1868 culis
237 1816 584 1870 meritorum
627 1816 683 1870 S.
725 1815 952 1885 Georgii
973 1821 1410 1888 ceterorumque
1444 1820 1769 1870 sanctorum

62 1903 305 1957 munitae
333 1920 398 1957 ac
436 1909 718 1958 exornatae
733 1909 927 1957 contra
950 1905 1263 1959 incentivos
1288 1905 1558 1958 vitiorum
1589 1905 1771 1973 jacta-

62 1996 170 2057 tus,
206 1991 420 2045 turrim
438 1991 787 2045 fortitudinis
817 1992 874 2044 in
892 1992 1199 2062 Stephano,
1233 1997 1290 2046 et
1310 1997 1508 2046 contra
1538 1992 1769 2061 refrige-

65 2084 257 2134 rantes
306 2080 478 2134 ﬂatus
533 2080 704 2147 illius,
766 2080 956 2151 quiin
1012 2082 1302 2151 aquilone,
1363 2082 1512 2136 unde
1556 2082 1769 2134 malum

63 2185 239 2223 omne
296 2168 590 2235 panditur,
646 2169 839 2223 sedem
889 2185 1101 2240 ponere
1150 2169 1452 2239 disposuit,
1487 2169 1772 2240 refugium

61 2265 288 2311 certum
321 2257 378 2310 in
411 2257 667 2326 angelico
709 2257 1052 2327 praeparavit
1101 2258 1409 2327 praesidio:
1445 2262 1506 2311 ut
1554 2275 1586 2311 a
1637 2259 1770 2312 dex-

59 2346 160 2398 tris
221 2350 283 2398 et
343 2362 373 2397 a
432 2344 676 2398 sinistris
718 2345 954 2414 justitiaa
997 2345 1172 2399 armis
1230 2346 1454 2400 vallatre
1506 2346 1563 2400 in
1611 2347 1770 2400 nullo

62 2433 310 2487 sufﬁciat
333 2431 632 2486 insidiator
660 2433 987 2502 praevalere.

165 2525 220 2574 9.
283 2519 381 2573 His
437 2520 621 2572 tribus
681 2519 932 2574 ecclesiis
1016 2524 1213 2590 postea
1259 2536 1363 2590 per
1416 2520 1770 2575 Guntherum

60 2609 327 2678 ejusdem
377 2608 862 2677 Babenbergensis
915 2608 1064 2663 sedis
1127 2614 1394 2679 quartum
1445 2609 1769 2677 praesulem,

62 2702 113 2750 et
145 2713 251 2767 per
283 2695 668 2766 Reginoldum
727 2697 1052 2765 quemdam,
1115 2695 1301 2750 virum
1362 2695 1638 2760 nobilem,
1671 2697 1763 2750 ad-

60 2785 179 2839 dita
212 2793 302 2838 est
332 2789 534 2854 quarta
565 2784 798 2838 ecclesia
830 2785 936 2853 (49)
970 2784 1030 2838 in
1077 2785 1295 2838 honore
1326 2791 1535 2838 sanctae
1580 2783 1770 2838 Mariae

60 2873 262 2927 matris
329 2871 601 2926 Domini:
637 2877 691 2925 et
740 2872 918 2926 sancti
976 2873 1236 2942 Gangolﬁ
1293 2871 1556 2942 martyris
1616 2877 1772 2926 extra

1885 498 1998 551 duo
2030 503 2181 562 sunt,
2215 497 2423 568 quibus
2462 497 2553 550 hic
2610 497 2860 550 mundus
2914 497 3304 566 principaliter
3340 496 3575 566 regitur,

1885 585 2229 655 pontificalis
2268 584 2595 650 auctoritas,
2649 590 2707 637 et
2755 584 2962 654 regalis
3012 590 3281 654 potestas,
3345 600 3409 636 ex
3451 588 3579 638 utro

1885 689 1995 744 que
2025 673 2230 727 horum
2261 673 2490 727 suffulta
2520 689 2552 725 a
2582 673 2828 726 dexteris
2857 671 3184 736 etsinistris,
3217 672 3288 725 ab
3319 671 3581 726 omnium

1884 762 2148 815 molestia
2179 761 2608 815 infestationum
2641 777 2834 814 secure
2893 766 3244 814 monstretur
3281 760 3339 813 in
3369 775 3580 831 perpe-

1883 854 2047 903 tuum
2110 849 2358 902 defensa.
2423 850 2652 902 Dicente
2731 848 2886 902 enim
2956 849 3195 902 Domino
3252 848 3577 911 Salvatore;

1882 937 2024 990 duos
2080 937 2341 991 Ecclesiae
2399 937 2618 1006 gladios
2677 937 2957 1006 sufﬁcere,
3016 952 3264 1006 quorum
3324 952 3468 988 unus
3513 936 3579 988 ad

1883 1024 2277 1079 defensionem
2326 1024 2533 1078 animae
2587 1040 2651 1077 ac
2708 1024 2940 1093 spiritus
2997 1028 3299 1094 penetrat;
3334 1025 3475 1076 alter
3501 1023 3583 1075 in-

1883 1112 2154 1166 flexibilia
2183 1118 2238 1166 et
2260 1114 2403 1166 dura
2431 1113 2605 1167 corda
2639 1112 2829 1182 rigore
2860 1129 2962 1166 suo
3013 1113 3210 1166 domat
3239 1118 3294 1166 et
3321 1111 3532 1182 premit
3564 1127 3577 1163 :

1879 1199 2160 1271 quidquid
2205 1201 2538 1254 eorumdem
2594 1201 2916 1272 gladiorum
2963 1202 3091 1268 jure
3125 1200 3257 1253 hinc
3287 1200 3421 1253 inde
3451 1215 3580 1252 mu-

1880 1289 2055 1355 nitur,
2092 1293 2308 1344 constat
2341 1289 2612 1358 profecto,
2644 1288 2798 1358 quod
2834 1289 3046 1341 nullius
3092 1288 3228 1340 mali
3255 1287 3581 1341 incursione

1879 1376 1948 1429 ab
1979 1381 2155 1430 status
2186 1377 2274 1430 sui
2336 1366 2675 1430 rectitudine
2727 1375 3116 1430 labefactetur.
3178 1375 3337 1429 Prius
3389 1378 3581 1428 tamen

1879 1463 1971 1517 hic
1997 1464 2250 1517 chartam
2282 1463 2504 1516 Ottonis
2534 1463 2688 1516 tertii
2722 1465 2830 1531 (50)
2876 1461 3234 1532 Imperatoris
3263 1460 3580 1531 praescribi-

1880 1568 2028 1615 mus,
2053 1556 2116 1605 ut
2164 1552 2306 1604 scire
2351 1551 2694 1615 volentibus,
2755 1550 3000 1622 qualiter
3029 1549 3152 1619 ipse
3182 1549 3339 1603 locus
3373 1549 3583 1603 Baben-

1879 1639 2175 1709 bergensis
2230 1639 2290 1692 in
2353 1639 2631 1694 ditionem
2685 1639 2866 1692 sancti
2923 1638 3092 1707 Regis
3151 1637 3469 1702 obvenerit,
3514 1652 3583 1690 ex

1882 1728 2081 1782 eadem
2111 1727 2544 1798 conscriptionis
2573 1728 2787 1797 pagina
2815 1726 3134 1796 colligatur.

1962 1820 2043 1870 tt.
2106 1817 2168 1870 In
2228 1815 2460 1869 nomine
2512 1820 2720 1869 sancta:
2774 1819 2830 1868 et
2891 1813 3204 1868 individuee
3236 1812 3574 1866 Trinitatis:

1885 1905 2012 1960 Otto
2035 1903 2226 1959 divina
2277 1903 2634 1974 providentia
2695 1905 3014 1974 Imperator
3043 1904 3352 1972 Augustus.
3409 1903 3584 1954 Nove-

1882 1993 1997 2046 rint
2029 2009 2224 2047 omnes
2283 1993 2464 2047 nostri
2515 1993 2730 2058 ﬁdeles,
2801 1996 3110 2063 praesentes
3169 1990 3380 2044 scilicet
3409 1995 3463 2042 et
3495 1990 3582 2042 fu-

1883 2080 2020 2142 turi,
2045 2081 2290 2150 qualiter
2310 2096 2413 2133 nos
2444 2079 2514 2132 ob
2570 2079 2955 2133 interventum
2987 2077 3372 2132 dilectissime:
3420 2075 3581 2146 geni-

1882 2167 2036 2222 tricis
2092 2173 2300 2222 nostrae
2357 2166 2708 2234 Adelheidas,
2778 2183 2906 2220 caro
2937 2165 3133 2236 nepoti
3182 2170 3371 2218 nostro
3406 2167 3583 2220 Bava-

1883 2255 2103 2310 riorum
2165 2257 2301 2310 Duci
2359 2255 2623 2310 Heinrico
2676 2254 2966 2324 quoddam
3007 2252 3156 2322 juris
3207 2253 3387 2306 nostri
3445 2268 3586 2321 prae-

1883 2344 2062 2412 dium,
2123 2343 2409 2398 civitatem
2475 2343 2740 2398 videlicet
2799 2341 3133 2412 Babenberg
3202 2341 3581 2405 nominatam,

1882 2449 2012 2486 cum
2071 2434 2336 2487 omnibus
2404 2434 2470 2487 ad
2545 2434 2691 2487 hanc
2746 2431 3179 2502 respicientibus
3238 2434 3294 2482 et
3337 2429 3584 2483 Nemkin

1885 2521 2067 2576 Uraha
2097 2522 2158 2574 in
2189 2522 2464 2575 comitatu
2500 2519 2792 2574 Bertholdi
2843 2518 3078 2574 Comitis
3133 2516 3408 2571 Volckfelt
3434 2533 3583 2569 nun-

1882 2615 2112 2680 cupato,
2148 2609 2274 2676 sita,
2307 2614 2501 2662 nostra
2545 2606 2832 2678 Imperiali
2877 2605 3131 2676 potentia
3178 2603 3238 2656 in
3287 2608 3584 2673 perpetuae

1881 2713 2049 2751 usum
2079 2695 2444 2766 proprietatis
2490 2693 2894 2759 concessimus,
2951 2691 3306 2761 ﬁrmiterque
3347 2689 3582 2744 donavi-

1883 2801 2009 2838 mus
2061 2801 2192 2838 cum
2250 2784 2548 2854 utriusque
2598 2798 2763 2836 sexus
2829 2779 3152 2850 mancipiis,
3208 2778 3582 2842 aediﬁciis,ec-

1881 2875 2086 2940 clesiis,
2145 2874 2312 2927 terris
2369 2872 2534 2926 cultis
2593 2876 2649 2925 et
2694 2869 2946 2936 incultis,
3004 2873 3060 2922 et
3132 2883 3263 2922 cum
3317 2866 3583 2921 omnibus

60 2963 263 3016 urbem
343 2977 535 3014 versus
614 2960 902 3014 Orientem
957 2960 1016 3013 in
1086 2961 1207 3013 loco
1262 2962 1587 3014 Teuverstat
1666 2961 1769 3015 sub
1804 2966 1844 3020 (1
1877 2963 2028 3032 jure,
2064 2961 2435 3033 legaliterque
2467 2960 2538 3014 ad
2562 2959 2684 3014 hasc
2703 2959 2824 3028 jam
2857 2957 3005 3011 dicta
3043 2955 3260 3027 praedia
3287 2954 3580 3025 pertinen—

60 3051 263 3105 ordine
325 3055 381 3103 et
437 3048 790 3118 possessione
873 3047 1161 3102 canonica.
1249 3048 1504 3118 Denique
1581 3053 1771 3102 sextus

58 3139 324 3208 ejusdem
372 3137 517 3191 sedis
547 3137 854 3207 Episc0pus
890 3137 1268 3191 Herimannus
1318 3142 1516 3190 contra
1567 3136 1771 3191 urbem

61 3243 252 3280 versus
289 3225 648 3279 occidentem
707 3224 768 3278 in
823 3226 1039 3280 honore
1096 3226 1150 3279 S.
1208 3224 1402 3279 Jacobi
1432 3224 1687 3294 Apostoli
1716 3228 1772 3278 et

62 3316 158 3369 ﬁlii
188 3313 478 3377 Zebedaei,
533 3312 827 3367 ecclesiam
859 3315 964 3368 sub
1021 3314 1220 3368 ordine
1271 3313 1544 3367 canonico
1575 3313 1771 3366 initia-

61 3405 149 3458 vit.
187 3403 358 3457 Hanc
387 3401 536 3467 Otto,
595 3401 831 3456 humilis
887 3407 1106 3456 amator
1161 3417 1483 3472 pauperum
1541 3401 1766 3468 Christi,

62 3498 296 3545 octavus
338 3491 598 3560 ejusdem
640 3491 786 3544 sedis
816 3490 1135 3561 episcopus,
1187 3495 1532 3560 cooperante
1592 3491 1765 3545 Eber-

61 3581 239 3635 hardo
326 3578 654 3650 praeposito,
745 3579 1164 3633 consummavit
1245 3584 1300 3633 et
1346 3578 1647 3641 dedicavit,
1707 3596 1770 3633 ac

60 3671 302 3740 stirpem
338 3668 719 3738 ordinemque
768 3669 883 3722 illic
943 3669 1056 3722 Deo
1104 3668 1475 3722 servientium
1509 3667 1771 3722 decenter

57 3755 364 3826 disposuit.
423 3755 511 3808 Sic
588 3756 740 3808 locus
829 3755 1317 3826 Babenbergensis
1401 3755 1653 3810 ecclesiis
1708 3755 1768 3809 in

57 3843 397 3915 patrociniis
431 3844 764 3897 Sanctorum
794 3843 854 3897 in
912 3844 1081 3898 modo
1125 3844 1316 3899 Crucis
1363 3843 1620 3916 undique
1650 3859 1770 3898 mu-

61 3933 227 3999 nitus,
266 3931 497 3987 Christo
533 3932 665 3984 Jesu
717 3932 986 3986 cruciﬁxo
1037 3931 1461 4002 quotidianum,
1517 3937 1572 3986 et
1601 3932 1768 3986 sedu-

60 4022 172 4075 lum
205 4020 469 4076 celebrat
518 4020 770 4073 ofﬁcium
818 4026 872 4074 et
930 4021 1222 4075 servitium
1279 4037 1382 4091 pro
1450 4021 1637 4090 primo
1665 4036 1767 4074 suo

62 4111 370 4165 fundatore
427 4108 685 4163 Heinrico
731 4110 1002 4176 secundo,
1089 4111 1435 4180 Imperatore
1491 4109 1766 4180 piissimo,

61 4200 302 4270 ejusque
359 4197 830 4267 cooperatoribus
887 4204 943 4252 et
999 4198 1419 4252 successoribus
1475 4199 1558 4252 vel
1618 4215 1757 4266 aug-
1797 4245 1838 4297 υ

63 4286 485 4342 mentatoribus
542 4287 854 4340 omnibus:
918 4289 982 4342 Et
1051 4292 1113 4341 ut
1167 4287 1312 4341 inibi
1389 4287 1765 4341 militantibus

65 4375 312 4431 Domino
347 4375 532 4444 major
561 4375 958 4446 tranquillitas,
986 4382 1040 4429 et
1070 4376 1366 4441 securitas,
1400 4380 1457 4429 et
1504 4391 1768 4428 reveren-

62 4465 139 4519 tia
170 4466 245 4520 ad
279 4463 723 4534 supplicandum
755 4466 869 4518 Deo
905 4470 1244 4534 perseveret,
1279 4463 1570 4534 praedictae
1599 4463 1769 4534 quin-

63 4571 170 4624 que
211 4552 472 4608 ecclesia:
525 4552 604 4606 sic
653 4557 788 4606 sunt
826 4553 1042 4620 locatae,
1077 4558 1137 4606 ut
1166 4553 1284 4606 fere
1313 4553 1383 4606 ab
1430 4552 1590 4606 omni
1621 4558 1770 4605 stre-

63 4644 188 4712 pitu
215 4648 276 4697 et
343 4640 598 4695 tumultu
645 4642 859 4696 forensi
908 4658 973 4696 ac
1020 4641 1284 4712 p0pulari
1337 4641 1453 4695 sint
1490 4640 1770 4695 decentis-

65 4732 203 4786 sime
234 4735 552 4799 segregata:
566 4770 580 4784 .

140 4824 223 4874 I0.
265 4821 338 4875 Ut
410 4823 601 4872 autem
677 4818 896 4872 cunctis
959 4816 1232 4889 liquidius
1316 4815 1587 4870 enitescat
1661 4830 1774 4886 qua

67 4909 368 4980 vigilantia
391 4907 478 4960 vir
504 4907 870 4961 beatissimus
918 4907 1156 4961 novella:
1197 4923 1314 4960 sum
1345 4905 1592 4959 ecclesiae
1625 4905 1775 4957 bona

70 4999 225 5069 pacis
279 5001 339 5051 et
392 4995 828 5067 tranquillitatis
869 4996 1043 5050 etiam
1095 5012 1198 5066 per
1247 4993 1608 5048 succedentia
1636 4998 1776 5046 tem-

71 5105 209 5159 pora
237 5085 576 5156 providerit,
618 5083 838 5156 aliquas
867 5085 960 5139 hic
1010 5091 1123 5138 tam
1164 5084 1569 5155 Episcoporum
1601 5097 1774 5151 quam

146 5198 256 5263 (47)
287 5195 454 5248 Varia
499 5194 732 5249 domatis
787 5194 1108 5263 signiﬁcata
1166 5193 1342 5247 habes
1373 5191 1433 5246 in
1463 5189 1773 5263 glossariis,

77 5267 164 5321 hic
194 5267 442 5320 sumitur
471 5281 576 5335 pro
604 5265 816 5318 ditione
841 5282 942 5318 seu
971 5264 1348 5334 possessione.

139 5338 265 5462 (ἑῗξ).
290 5339 367 5392 De
399 5330 508 5391 hoc
559 5336 815 5390 coenobio
845 5330 1032 5391 actum
1064 5341 1148 5390 est
1190 5336 1260 5390 ad
1291 5338 1429 5389 Acta
1458 5333 1513 5388 S.
1559 5330 1778 5387 Ottonis

171 5427 200 5462 ιι
233 5426 289 5462 ιι.

79 5414 110 5461 '2
139 5414 289 5462 Julii.

150 5483 218 5546 (9')
255 5482 382 5534 Haec
434 5477 630 5532 omnia
666 5477 736 5531 ad
788 5477 968 5531 Vitam
1018 5478 1072 5531 S.
1133 5475 1357 5530 Ilenrici
1416 5474 1574 5528 nullo
1607 5473 1777 5527 modo

82 5551 382 5620 pertinent.

1881 3050 2051 3115 tibus,
2086 3066 2152 3103 eo
2183 3054 2400 3114 tenore,
2435 3052 2524 3101 at'
2547 3048 2728 3101 libero
2781 3046 2904 3114 ipse
2945 3045 3214 3112 deinceps
3254 3043 3580 3114 perfruatur

1878 3139 2137 3203 arbitrio,
2180 3138 2301 3192 hazc
2352 3136 2606 3200 tenendi,
2659 3133 3072 3195 commutandi,
3123 3131 3314 3198 dandi,
3347 3130 3583 3200 posteris

1878 3226 2258 3305 relinquendi,
2295 3241 2390 3279 seu
2435 3223 2717 3296 quidquid
2748 3222 2859 3276 sibi
2914 3221 3151 3275 libuerit
3178 3220 3310 3274 inde
3337 3217 3582 3273 faciendi

1878 3321 1934 3370 et
1960 3320 2022 3370 ut
2081 3319 2431 3385 praeceptum
2489 3312 2750 3366 stabilius
2830 3310 3168 3380 ﬁrmiusque
3225 3311 3577 3378 permaneat,

1877 3405 2022 3459 hanc
2051 3403 2309 3457 chartam
2365 3401 2597 3454 inscribi
2647 3398 2944 3470 jussimus,
2999 3398 3328 3465 annuloque
3375 3395 3581 3464 sigilla-

1876 3499 1992 3548 tam
2024 3491 2259 3563 propria
2306 3506 2482 3542 manu
2531 3493 2726 3542 nostra
2755 3485 3168 3540 roboravimus.
3225 3485 3379 3537 Data.
3410 3500 3442 3533 v
3469 3484 3577 3536 Ka-

1876 3582 2025 3636 lend.
2057 3580 2193 3634 Julii
2226 3579 2426 3633 Indict.
2450 3594 2488 3641 ι,
2523 3593 2673 3631 anno
2703 3575 2868 3646 regni
2928 3573 3171 3628 Domino
3213 3571 3436 3628 Ottonis
3465 3587 3577 3638 xiv,

1877 3669 2112 3740 Imperii
2135 3673 2326 3722 autem
2349 3683 2442 3721 vn.

2572 3771 2799 3826 CAPUT
2838 3770 2908 3826 II.

1876 3865 2145 3920 Fundatio
2231 3863 2461 3916 ecclesia
2547 3860 2973 3926 Bambergensis,
3051 3856 3246 3924 synodi
3336 3855 3411 3908 ad
3464 3870 3582 3926 eam

1947 3939 2268 4002 spectantes,
2327 3933 2549 4001 ejusque
2608 3947 2643 3984 a
2714 3925 2919 3985 suian
2969 3930 3220 3996 Pontiﬁce
3300 3925 3580 3995 approba-

1949 4009 2042 4061 tio.

1953 4115 2034 4166 1‘2.
2085 4114 2246 4167 Anno
2278 4109 2453 4178 igitur
2483 4107 2552 4162 ab
2610 4104 3006 4161 Incarnatione
3039 4102 3266 4159 Domini
3317 4117 3431 4156 uvn
3491 4101 3572 4171 (51

1879 4200 2088 4255 Indict.
2127 4217 2177 4253 v.
2214 4217 2271 4253 ιιι
2305 4197 2544 4253 Kalend.
2576 4194 2910 4251 Novembris
2926 4209 3129 4263 magna
3155 4191 3402 4262 synodus
3433 4189 3582 4260 Epis-

1878 4305 2177 4360 coporum,
2211 4287 2571 4356 aliorumque
2603 4286 2835 4338 Patrum
2881 4281 3074 4336 habita
3103 4285 3188 4334 est
3215 4284 3272 4333 et
3299 4278 3582 4332 celebrata

1877 4379 1936 4432 in
1968 4377 2099 4430 villa
2157 4375 2313 4444 regia
2362 4372 2778 4428 Franchenfurt
2837 4369 3124 4423 mediante
3183 4368 3337 4437 Rege
3369 4381 3578 4435 magno

1880 4473 1936 4520 et
1988 4464 2222 4535 paciﬁco
2280 4461 2561 4525 Heinrico,
2621 4476 2769 4513 anno
2801 4457 2966 4528 regni
3006 4456 3095 4510 sui
3125 4473 3227 4510 vn.
3271 4456 3412 4510 Nam
3442 4455 3578 4507 dum

1879 4555 2032 4609 idem
2090 4554 2204 4605 Deo
2251 4551 2484 4604 devotus
2542 4549 2659 4602 Rex
2697 4549 2809 4601 alta
2867 4546 3069 4600 mentis
3124 4541 3581 4599 consideratione

1880 4657 2070 4696 secum
2101 4641 2370 4704 volveret,
2424 4637 2484 4690 in
2541 4652 2655 4706 quo
2711 4634 3074 4706 potissimum
3119 4648 3292 4702 opere
3341 4630 3442 4685 Dei
3468 4629 3580 4684 mi-

1883 4729 2247 4786 sericordiam
2300 4725 2408 4780 sibi
2453 4725 2674 4779 facilius
2737 4723 3086 4785 conciliaret,
3159 4726 3216 4775 et
3288 4736 3353 4774 ex
3401 4718 3582 4773 divini

1883 4819 2156 4874 instinctu
2202 4814 2426 4870 consilii
2476 4813 2790 4882 inspiratus
2821 4810 3120 4879 disposuit,
3163 4813 3227 4862 ut
3266 4809 3445 4862 Deum
3472 4806 3580 4860 sibi

1881 4907 2154 4963 heredem
2211 4904 2472 4973 eligeret,
2528 4907 2584 4955 et
2645 4898 3047 4964 conscriberet,
3081 4902 3138 4950 et
3187 4896 3580 4967 episcopatum

1885 4993 2434 5061 Babenbergensem,
2513 4993 2578 5042 ut
2645 4985 3040 5057 praescriptum
3110 4987 3213 5048 est,
3287 4999 3356 5035 ex
3408 4981 3581 5034 rebus

1885 5080 2243 5139 hereditariis
2285 5081 2658 5142 construeret,
2717 5080 2780 5129 ut
2826 5079 2884 5129 et
2939 5071 3307 5144 paganismus
3354 5069 3580 5125 Sclavo-

1958 5189 2063 5258 (50)
2098 5186 2363 5242 Pluribus
2393 5183 2991 5258 ostenditCretserus,
3014 5178 3296 5258 diploma_
3319 5191 3439 5229 esse
3477 5176 3580 5258 O‘t-_-

1887 5245 2149 5325 tonis'll,
2172 5258 2239 5311 de
2272 5273 2385 5325 quo
2429 5260 2483 5308 et
2525 5271 2626 5308 nos
2658 5253 2715 5325 in
2754 5245 3176 5306 Commentario
3210 5247 3453 5325 egimus,
3481 5245 3580 5298 ubi

1889 5318 2160 5385 etiamde
2181 5318 2344 5382 titulo
2380 5327 2588 5397 nepotis
2617 5324 2831 5379 dictum
2887 5327 2992 5397 est,
3031 5318 3583 5397 que_m_0tto.lmpe-

1889 5407 2041 5482 rato:
2065 5398 2266 5482 tribuit
2305 5391 2557 5479 patrueli
2587 5411 2689 5450 suo
2741 5393 2981 5449 Henrico
3028 5391 3157 5446 duci
3189 5391 3459 5454 Bavarias,
3483 5404 3580 5458 pa-

1891 5473 1963 5527 tri
2002 5473 2055 5525 S.
2095 5472 2339 5524 Henrici.

1963 5543 2072 5613 (5t)
2098 5543 2256 5594 Errat
2287 5538 2588 5608 imperitus
2618 5536 2878 5608 scriptor,
2912 5538 2968 5588 et
2994 5550 3080 5588 res
3100 5530 3417 5596 confundit,
3441 5545 3583 5601 quas
