3940 6316
311 303 410 357 115

1607 298 1661 349 S.
1711 293 1993 349 HENRICI
2035 290 2508 348 IMPERATORIS

3720 288 3821 339 H6

313 439 443 478 rum
490 420 571 477 ibi
618 420 1002 487 destruentur,
1088 423 1145 472 et
1214 417 1519 473 Christiani
1585 417 1839 472 nominis
1894 419 2082 471 me-A
2121 415 2303 470 ritatis
2361 414 2722 485 episcopatus
2779 412 3001 467 noviter
3068 412 3249 466 factus
3304 410 3662 466 fundaretur.
3714 411 3826 464 Pro

320 510 500 566 moria
560 508 974 579 perpetualiter
1036 506 1180 561 inibi
1244 506 1481 560 celebris
1520 505 1846 560 haberetur.
1906 504 2012 559 Sed

321 612 451 652 cum
483 596 809 668 parochiam
839 598 909 650 ad
941 595 1198 649 eamdem
1227 594 1423 648 sedem
1470 593 1872 664 respicientem
1902 608 2017 645 non

324 686 576 750 haberet,
617 689 669 738 et
726 690 979 737 sanctam
1063 685 1434 736 Pentecosten
1496 682 1554 736 in
1613 683 1814 735 eodem
1868 696 2017 734 anno

327 774 491 844 regni
548 774 637 827 sui
677 772 982 842 Moguntina
1037 771 1363 835 celebraret,
1430 774 1653 839 partem
1711 770 2021 822 Wirzebur-

328 862 519 932 gensis
575 862 900 926 dimceseos,
960 859 1296 913 comitatum
1346 858 1607 911 videlicet
1664 859 2022 926 Raterzgewe

330 950 442 1020 (52)
469 948 705 1016 dictum,
737 953 792 1002 et
820 948 955 1017 pagi
979 948 1247 1000 Wolcvelt
1267 945 1422 1011 dicti,
1450 945 1812 999 interﬂuvios
1843 946 2028 998 Vraha

332 1045 387 1091 et
425 1039 691 1091 .Ratenza
740 1036 865 1102 sita,
922 1036 992 1089 ab
1056 1034 1319 1089 Heinrico
1386 1033 1843 1103 Wirzeburgensi
1902 1032 2030 1101 Epi-

333 1141 502 1195 scopo
528 1124 693 1178 ﬁrma
738 1141 801 1177 ac
852 1123 1021 1192 legali
1076 1122 1385 1175 traditione
1430 1121 1753 1191 acquisivit,
1800 1121 2031 1173 tradens

336 1232 366 1268 e
397 1218 594 1266 contra
638 1210 1097 1281 Wirzeburgensi
1143 1210 1390 1263 ecclesia
1432 1210 1513 1264 CL
1564 1209 1670 1280 (53)
1716 1225 1941 1262 mansos
1972 1208 2031 1260 in

336 1302 459 1356 vico
499 1301 850 1370 Memmigun
901 1300 1073 1366 dicto,
1133 1304 1188 1351 et
1238 1300 1295 1351 in
1336 1298 1590 1369 proxime
1647 1297 2034 1366 adjacentibus

339 1390 499 1459 locis,

339 1483 457 1532 tota
524 1478 679 1531 illius
760 1476 1023 1531 Heinrico
1100 1475 1573 1544 Wirzeburgensi,
1640 1478 1694 1527 et
1760 1472 2037 1543 Willigiso

340 1565 645 1635 Moguntiae
677 1562 1010 1632 metropolis
1067 1562 1513 1631 archiepiscopo,
1574 1560 1902 1632 multisque,
1940 1559 2039 1631 qui

575 1388 1081 1457 consentientibus,
1146 1391 1201 1439 et
1264 1385 1730 1439 concurrentibus
1792 1384 1852 1437 in
1914 1384 2036 1437 haec
2088 1422 2091 1423 ν

2128 504 2488 573 quaratione
2534 501 2830 556 Heinricus
2878 499 3172 554 Secundus
3225 497 3670 570 gloriosissimus
3706 496 3827 549 Rex

2129 592 2361 646 nuntios
2391 606 2521 644 suos
2549 590 2622 644 ad
2651 606 2755 644 nos
2792 588 3018 654 direxit,
3073 587 3172 657 qui
3228 587 3392 640 nobis
3448 588 3569 640 hinc
3629 583 3833 638 omnia

2132 681 2403 745 dicerent,
2456 686 2512 733 et
2567 694 2671 731 nos
2700 694 2801 747 pro
2862 678 2967 731 hac
3002 676 3134 730 sede
3192 675 3587 729 conﬁrmanda
3642 672 3832 725 inter-

2134 769 2436 839 pellarent.
2476 768 2650 837 Cujus
2682 766 3095 819 sanctissimam
3133 764 3539 828 imitationem,
3590 765 3841 831 paterna

2135 863 2191 910 et
2212 854 2573 926 praecordiali
2623 853 2925 908 dilectione
2958 852 3267 917 intuentes,
3317 867 3517 905 omnes
3547 865 3655 915 res,
3690 863 3843 918 quas

2136 945 2300 1000 beato
2341 945 2507 998 Petro
2558 942 2963 1012 Apostolorum
3022 940 3288 1010 Principi,
3324 939 3386 992 in
3434 940 3556 992 loco
3605 952 3845 1008 praeno-

2140 1034 2356 1086 minato
2413 1032 2671 1100 legitima
2723 1030 2937 1083 ratione
2994 1029 3260 1082 collectas
3312 1026 3575 1091 contulit,
3626 1029 3846 1077 nostrae

2141 1120 2494 1175 auctoritatis
2542 1118 2839 1189 privilegio
2896 1116 3232 1170 confirmare
3309 1113 3691 1173 decernimus,
3776 1125 3852 1163 ea

2143 1208 2407 1263 videlicet
2464 1207 2701 1272 ratione,
2759 1211 2820 1259 ut
2878 1204 3187 1275 Episcopus
3260 1204 3382 1274 ejus
3442 1202 3572 1267 loci,
3632 1205 3690 1254 et
3744 1197 3851 1269 qui

2144 1298 2203 1351 in
2246 1301 2587 1367 perpetuum
2645 1294 2729 1347 sui
2803 1293 3015 1347 fuerint
3056 1306 3432 1358 successores,
3492 1305 3577 1356 ea,
3644 1302 3853 1342 secura

2144 1384 2558 1454 tranquillitate
2614 1383 2961 1452 possideant,
3039 1386 3113 1439 et.
3141 1381 3382 1434 liberam
3443 1378 3692 1431 habeant
3739 1392 3852 1445 po-

2146 1477 2407 1527 testatem
2463 1488 2551 1524 res
2604 1476 2661 1524 et
2718 1469 3092 1541 proprietates
3145 1468 3403 1538 ejusdem
3454 1464 3707 1520 ecclesiae
3749 1479 3856 1516 or-

2147 1562 2366 1625 dinare,
2416 1564 2585 1629 atque
2642 1574 3006 1628 componere,
3062 1559 3146 1611 vel
3194 1557 3367 1610 etiam
3414 1559 3795 1625 augmentare
3840 1568 3854 1603 :

341 1656 650 1724 praesentes
690 1651 923 1704 fuerunt
952 1650 1081 1719 (5i),
1133 1648 1588 1718 Archiepiscopis
1637 1654 1692 1702 et
1724 1648 2034 1719 Episcopis,
2073 1684 2113 1742 Β
2151 1649 2427 1720 dissipare
2474 1664 2628 1715 vero,
2684 1652 2857 1718 atque
2914 1646 3283 1711 confundere,
3333 1645 3549 1698 nullam
3602 1642 3864 1696 habeant

342 1739 663 1811 legitimum
695 1739 800 1792 hoc
837 1736 1232 1791 concambium
1286 1737 1645 1791 attestatione
1672 1753 1788 1801 sua,
1820 1742 1878 1790 et
1906 1737 2038 1790 sub-

343 1827 651 1898 scriptione
731 1824 1155 1879 roborantibus.
1228 1824 1678 1879 Gloriosissimus
1720 1841 1853 1879 vero
1925 1825 2043 1879 Rex

344 1932 578 1985 compos
642 1914 758 1969 voti
817 1913 1071 1979 effectus,
1122 1913 1247 1983 pari
1296 1912 1753 1983 supradictorum
1811 1914 2039 1966 Patrum

344 2003 627 2070 consultu,
694 2002 837 2057 duos
904 2018 971 2054 ex
1053 2000 1360 2068 capellauis
1423 2001 1539 2053 suis
1606 2001 1932 2055 Albericum
1989 2004 2046 2054 et

351 2091 697 2147 Lndovicum
727 2089 1025 2161 'adjunctis
1071 2088 1557 2159 Wirzeburgensis
1607 2089 1872 2159 Episcopi
1898 2090 2048 2143 litte-

352 2180 447 2244 ris,
509 2181 749 2233 Romam
831 2193 1013 2248 usque
1054 2176 1306 2241 .direxit,
1354 2181 1639 2246 quatenus
1715 2176 1837 2230 haec
1901 2177 2048 2230 bene

350 2272 531 2336 coepta
580 2266 637 2319 in
695 2265 900 2320 melius
950 2264 1295 2334 proﬁcerent
1332 2264 1666 2317 auctoritate
1704 2264 2043 2333 Apostolica.

352 2358 425 2409 At
467 2355 759 2408 Romanus
798 2354 1076 2419 Pontifex,
1129 2359 1185 2406 et
1231 2352 1567 2406 universalis
1626 2355 1777 2423 Papa
1805 2355 2051 2407 Joannes

354 2442 596 2515 piissimi
628 2442 796 2512 Regis
847 2441 1558 2511 devotioniscongaudens,
1608 2441 1804 2517 habita
1836 2442 1896 2495 in
1925 2458 2053 2495 san-

355 2532 429 2586 cti
482 2531 630 2584 Petri
714 2530 948 2583 Basilica
1009 2529 1245 2598 synodo,
1306 2544 1407 2597 pro
1490 2529 1882 2583 conﬁrmando
1937 2530 2055 2600 epi-

358 2622 592 2688 scopatu
633 2616 1108 2686 Babenbergensi,
1159 2616 1527 2686 privilegium
1582 2617 1717 2670 fecit
1754 2617 2052 2681 conscribi,

360 2710 417 2760 et
470 2706 792 2776 Apostolica
856 2703 1194 2758 auctoritate
1245 2704 1484 2771 ﬁrmari,
1532 2704 1815 2759 universis
1862 2706 2056 2760 Gallia

361 2798 417 2849 et
460 2795 775 2849 Germaniae
832 2792 1124 2863 Episcopis
1170 2793 1506 2858 rescribens,
1554 2798 1613 2846 ut
1662 2798 1718 2846 et
1756 2794 1865 2863 ipsi
1933 2794 2061 2864 pari

360 2882 765 2951 communique
831 2879 1189 2945 auctoritate,
1250 2880 1589 2950 praedictum
1664 2881 2057 2953 episcOpatum

2154 1741 2511 1808 potestatem.

2228 1826 2310 1879 14.
2359 1846 2379 1873 κ
2446 1824 2646 1877 Nostra
2699 1838 2929 1893 quoque
2967 1821 3305 1875 auctoritate
3362 1820 3665 1884 sancimus,
3690 1818 3775 1872 uti
3800 1817 3865 1871 in

2154 1913 2433 1978 terminis,
2492 1919 2547 1965 et
2593 1912 2653 1964 in
2706 1911 2874 1964 rebus
2956 1911 3212 1980 ejusdem
3267 1910 3517 1963 ecclesiae
3566 1908 3727 1961 nulla
3790 1906 3867 1960 sit

2154 2002 2441 2056 infestatio
2472 2006 2872 2070 tyrannorum,
2907 2000 2992 2051 vel
3024 1998 3270 2051 aliorum
3299 1997 3695 2068 quorumlibet
3725 2011 3863 2064 pra-

2155 2106 2354 2143 vorum
2387 2089 2705 2155 hominum,
2765 2088 2881 2140 sive
2927 2088 3040 2139 sint
3071 2087 3129 2139 in
3170 2086 3397 2140 civitate
3452 2087 3575 2156 ipsa
3642 2084 3869 2138 Baben-

2154 2178 2307 2242 bere,
2358 2176 2472 2229 sive
2536 2176 2594 2229 in
2653 2175 2897 2228 castellis
2953 2180 3008 2228 et
3065 2174 3231 2239 villis,
3296 2175 3471 2227 servis
3523 2177 3579 2226 et
3612 2172 3867 2234 ancillis,

2155 2264 2491 2332 tributariis,
2552 2262 2806 2328 decimis,
2870 2262 3194 2326 forestibus,
3268 2261 3442 2327 silvis,
3533 2259 3873 2329 piscationi—

2156 2353 2285 2421 bus,
2360 2351 2780 2411 venationibus,
2883 2349 3246 2414 molendinis,
3349 2348 3586 2417 campis,
3660 2346 3869 2417 pratis,

2158 2441 2397 2510 pascuit,
2453 2439 2619 2492 terris
2666 2439 2809 2491 cutis
2858 2443 2915 2490 et
2976 2437 3218 2497 incultis,
3277 2442 3331 2490 et
3380 2434 3657 2507 quidquid
3693 2434 3873 2487 modo

2160 2530 2315 2595 illuc,
2369 2528 2631 2598 pertinet,
2663 2527 2752 2580 vel
2810 2526 2867 2579 in
2930 2527 3186 2579 futurum
3242 2525 3459 2595 acquiri
3514 2524 3712 2594 possit,
3767 2538 3876 2593 per

2163 2622 2371 2670 nostra:
2454 2614 2806 2668 auctoritatis
2881 2614 3246 2683 privilegium
3304 2618 3761 2676 corroboratum,
3814 2612 3877 2664 in

2163 2721 2362 2759 secura
2388 2704 2579 2774 quiete
2609 2708 2959 2774 permaneat.
3019 2704 3218 2755 Nullus
3265 2701 3343 2754 ibi
3399 2704 3599 2755 Comes
3651 2704 3753 2754 aut
3782 2701 3880 2755 Ju-

2167 2794 2275 2847 dex
2333 2793 2520 2862 legem
2570 2792 2753 2845 facere
2807 2797 3133 2859 praesumat,
3194 2790 3302 2843 nisi
3355 2806 3526 2861 quam
3588 2804 3691 2859 per
3736 2805 3879 2842 con-

2167 2881 2482 2935 cessionem
2537 2878 2934 2949 gloriosissimi
2997 2878 3164 2949 Regis
3215 2878 3462 2931 Heinrici
3516 2879 3601 2931 vel
3649 2893 3881 2930 succes-

365 2970 716 3033 roborarent,
775 2969 938 3038 cujus
991 2967 1253 3021 videlicet
1308 2967 1595 3037 privilegii
1654 2969 1942 3038 exemplar
2003 2970 2063 3024 in
2097 2958 2138 3012 C
2176 2986 2372 3023 sorum
2403 2970 2525 3039 ejus
2556 2969 2865 3037 Episcopus
2914 2967 3019 3020 loci
3067 2966 3324 3036 ejusdem
3378 2966 3672 3034 deligeret.
3707 2965 3883 3018 Nulla

364 3058 514 3112 hunc
545 3056 781 3110 modum
811 3072 867 3109 se
898 3055 1108 3109 habet:

439 3148 523 3200 l3.
578 3163 605 3195 α
659 3146 903 3199 Joannes
960 3143 1269 3214 Episcopus
1319 3158 1512 3195 servus
1583 3159 1877 3196 servorum
1940 3143 2059 3197 Dei.

365 3233 547 3288 Ofﬁcii
600 3232 774 3286 nostri
830 3237 916 3286 est
966 3231 1227 3286 omnium
1270 3235 1591 3284 sanctarum
1650 3231 1750 3284 Dei
1801 3231 2062 3295 ecclesia-

366 3337 495 3376 rum
544 3320 847 3375 commoda
894 3319 1242 3390 generaliter
1286 3319 1665 3396 considerare,
1713 3324 1769 3372 et
1820 3319 2065 3373 maxime

369 3426 586 3473 earum,
629 3425 757 3479 qu
817 3408 1136 3477 specialiter
1166 3408 1271 3461 sub
1317 3408 1448 3478 jure
1478 3424 1541 3461 ac
1572 3407 1830 3461 dominio
1857 3414 2067 3462 nostra:

372 3500 645 3553 Romanae
699 3497 962 3550 Ecclesiae
1022 3495 1374 3561 consistunt;
1422 3496 1468 3548 si
1515 3497 1670 3566 quod
1720 3500 1805 3549 est
1846 3495 2068 3551 incom-

371 3587 628 3650 modum,
678 3585 923 3649 abolere,
974 3602 1046 3639 ne
1095 3601 1199 3654 pro
1234 3585 1394 3655 gravi
1448 3584 1917 3639 incommoditate
1969 3601 2071 3639 sua

373 3675 643 3743 neglectas
698 3673 1009 3739 vilescant;
1074 3674 1159 3726 vel
1208 3673 1463 3743 qualibet
1536 3677 1700 3726 nacta
1754 3672 2067 3739 occasione,

374 3762 562 3817 debita
614 3761 954 3816 solennitate
1000 3767 1247 3815 careant.
1304 3763 1615 3830 Propterea
1654 3761 1920 3815 omnibus
1948 3778 2074 3815 san-

372 3856 478 3904 etae
517 3848 619 3903 Dei
660 3848 919 3903 Ecclesiae
973 3849 1256 3913 ﬁdelibus,
1316 3850 1693 3919 praesentibus
1752 3850 1966 3905 scilicet
2018 3855 2074 3904 et

376 3937 601 4003 futuris,
637 3941 839 3991 notum
867 3953 987 3989 esse
1047 3937 1313 3990 volumus
1346 3953 1358 3991 :
1413 3937 1548 4007 quia
1604 3937 1844 3991 dilectus
1877 3944 1934 3991 et
1963 3938 2074 4009 spi-

376 4025 596 4080 ritualis
647 4030 841 4078 noster
894 4024 1045 4077 ﬁlius
1091 4024 1388 4079 Heinricus
1436 4025 1880 4094 gloriosissimus
1903 4032 2073 4098 atque

378 4113 782 4168 invictissimus
827 4113 960 4172 Rex.
1015 4113 1206 4166 divina
1262 4112 1575 4183 inspirante
1622 4115 1950 4179 clementia,
2003 4116 2073 4169 de

379 4201 626 4273 propriis
654 4200 1029 4255 biereditariis
1056 4202 1248 4268 rebus,
1296 4217 1399 4271 pro
1429 4218 1531 4255 sua
1585 4219 1939 4273 suorumque
1972 4218 2070 4273 pa-
2103 4233 2146 4285 Β

382 4295 610 4344 rentum
663 4289 874 4351 anima,
942 4290 1336 4360 episcopatum
1402 4289 1462 4343 in
1531 4291 1655 4343 loco
1712 4291 1812 4362 qui
1866 4291 2075 4344 dicitur

388 4379 730 4442 Babenberc,
809 4377 1070 4447 perfectae
1114 4376 1248 4431 ﬁdei
1305 4382 1361 4431 et
1408 4377 1696 4431 charitatis
1753 4378 2074 4445 devotione,

384 4468 443 4520 in
502 4467 777 4520 honorem
831 4466 1143 4519 beatissimi
1201 4466 1350 4519 Petri
1409 4468 1817 4535 Apostolorum
1865 4466 2078 4521 Princi-

383 4556 473 4626 pis
530 4571 649 4608 esse
703 4554 1021 4621 constituit,
1082 4554 1556 4630 commutatione.
1596 4556 1744 4608 facta
1808 4556 1958 4626 jure,
2021 4571 2086 4608 ac

384 4642 645 4713 legaliter
680 4658 810 4695 cum
867 4641 1129 4695 Heinrico
1162 4642 1662 4712 Wirzenburgensi
1705 4641 1980 4711 Episcopo
2014 4642 2082 4695 de

388 4732 581 4801 aliqua
617 4737 779 4801 parte
811 4730 1097 4798 parochias
1154 4731 1240 4784 sui
1294 4732 1674 4802 episcopatus.
1725 4732 1881 4785 Unde
1911 4732 2084 4786 etiam

388 4818 695 4890 prmdictus
771 4817 1076 4889 Episcopus
1133 4820 1299 4873 nobis
1353 4837 1483 4873 suas
1534 4820 1751 4873 litteras
1808 4820 1982 4888 misit,
2023 4828 2087 4874 ut

390 4924 493 4962 suo
525 4922 824 4972 consensu,
879 4907 1181 4979 privilegio
1246 4914 1457 4962 nostrae
1486 4908 1827 4978 Apostolicte
1888 4915 2087 4963 aucto-

393 5051 455 5105 in
485 5050 907 5105 Commentario
964 5051 1265 5105 restituere
1321 5051 1507 5106 conati
1545 5068 1779 5105 sumus:
1811 5052 1961 5121 quod
1992 5069 2092 5106 au-

392 5127 508 5175 tem
537 5137 751 5174 annum
789 5124 922 5177 1007
959 5128 1259 5177 connectat
1302 5139 1432 5177 cum
1463 5128 1660 5176 anno?
1716 5123 1880 5189 regni
1938 5125 2091 5177 Hen-

390 5192 514 5274 rici,
563 5191 825 5263 sequitur
864 5209 927 5246 ex
973 5194 1161 5265 primo
1218 5209 1410 5247 errore
1470 5209 1640 5263 quem
1694 5208 1867 5263 supra
1927 5200 2092 5247 nota-

390 5279 595 5318 v1mus.

464 5333 577 5405 (52)
609 5335 684 5388 Ex
743 5334 932 5388 codice
962 5333 1269 5389 Viennensi
1315 5332 1512 5387 scribit
1535 5334 1830 5388 Gretserus
1858 5336 2089 5389 Καίρητ-

392 5404 661 5478 gonui,e_t
708 5406 881 5478 paulo
936 5412 1066 5478 post
1084 5405 1302 5470 volo/ett
1338 5420 1467 5474 quas
1537 5406 1668 5478 loca
1712 5404 1938 5475 aliaque
1998 5405 2089 5460 hic

393 5476 711 5547 accuratius
738 5477 908 5531 modo
938 5475 1247 5547 'quaarere,
1278 5490 1466 5547 operas
1523 5475 1773 5543 pretium
1834 5492 1948 5530 non
1984 5482 2087 5531 est.

464 5546 574 5617 (53)
614 5547 905 5603 Variantes
960 5546 1233 5601 lectiones
1288 5546 1471 5600 adfert
1500 5547 1814 5614 Gretserus,
1846 5548 1943 5603 sed
1963 5564 2092 5619 quia

2173 3059 2363 3112 aliena
2422 3062 2670 3127 potestas
2726 3056 2807 3109 ibi
2864 3072 2966 3124 per
3013 3054 3343 3107 violentiam
3389 3054 3585 3107 irruat.
3635 3053 3730 3107 Sic
3785 3053 3886 3107 ille

2175 3147 2533 3217 episcopatus
2581 3145 2745 3211 liber,
2818 3149 2872 3197 et
2926 3145 2996 3197 ab
3065 3144 3224 3197 omni
3278 3148 3552 3213 potestate
3602 3150 3887 3195 extranea

2174 3250 2425 3299 securus,
2454 3235 2713 3288 Romano
2744 3232 3144 3286 tantummodo
3168 3230 3575 3285 mundiburdio
3604 3232 3720 3299 (55)
3757 3232 3888 3284 sub-

2175 3324 2357 3378 ditus:
2388 3328 2673 3393 quatenus
2712 3321 3023 3390 Episcopus
3058 3336 3125 3373 eo
3157 3320 3362 3373 melius
3430 3334 3558 3372 cum
3592 3318 3888 3372 canonicis

2177 3412 2294 3465 suis
2323 3411 2550 3465 servitio
2632 3411 2729 3463 Dei
2804 3409 2987 3479 possit
3039 3408 3320 3472 insistere,
3372 3412 3427 3460 et
3496 3406 3668 3478 primi
3739 3424 3887 3461 con-

2179 3500 2470 3555 structoris
2541 3499 2799 3568 ejusdem
2857 3497 2984 3564 loci,
3069 3501 3124 3550 et
3187 3496 3606 3565 recuperatoris
3658 3495 3887 3565 jugiter

2180 3588 2518 3643 memoriam
2568 3587 2797 3641 habere.
2851 3585 2935 3639 Sit
2986 3590 3180 3639 tamen
3255 3584 3409 3638 idern
3460 3601 3563 3637 suo
3593 3590 3886 3653 metropo-

2180 3679 2356 3732 litano
2411 3676 2701 3745 subjectus
2770 3679 2940 3744 atque
2992 3673 3281 3727 obediens.
3332 3672 3693 3743 Quicumque
3763 3672 3891 3726 haec

2180 3769 2466 3837 praecepta
2522 3762 2846 3826 servaverit,
2907 3760 3158 3815 divinam
3244 3761 3775 3814 remunerationem
3839 3766 3896 3815 et

2181 3853 2565 3925 Apostolicam
2594 3850 3053 3905 benedictionem
3090 3849 3344 3919 accipiat.
3378 3848 3486 3912 Qui
3520 3855 3715 3902 autem
3750 3866 3893 3903 con-

2181 3946 2434 4011 temptor
2492 3945 2548 3993 et
2621 3938 2864 3992 violator
2946 3938 3242 4002 exstiterit,
3329 3936 3593 4007 perpetui
3658 3938 3899 3992 anathe-

2187 4030 2380 4085 mastis
2413 4026 2770 4083 damnationi
2799 4025 3108 4094 subjaceat,
3168 4025 3280 4078 nisi
3322 4025 3662 4094 resipiscens
3693 4026 3769 4078 ad
3802 4044 3897 4080 sa-

2184 4117 2561 4172 tisfactionem
2611 4112 2923 4185 perveniat.
2973 4113 3256 4181 Scriptum
3315 4128 3418 4181 per
3473 4128 3677 4165 manus
3733 4114 3895 4168 Petri

2186 4204 2393 4260 notarii
2446 4210 2503 4257 et
2554 4201 2837 4256 scriniarii
2903 4206 3111 4254 sanctae
3169 4201 3439 4253 Romanae
3511 4200 3774 4256 Ecclesiae
3840 4202 3896 4255 in

2187 4309 2381 4346 mense
2418 4291 2607 4357 Junii»,
2637 4290 2836 4343 Indict.
2870 4305 2920 4341 ν.
2962 4310 2983 4336 ι

2266 4384 2345 4433 15.
2407 4379 2607 4432 Habito
2669 4378 2847 4447 igitur
2901 4392 3128 4430 rursum
3208 4375 3461 4446 generali
3545 4375 3791 4431 concilio
3838 4378 3900 4432 in

2195 4468 2625 4532 Franchenfurt,
2684 4466 2775 4519 cui
2839 4466 3104 4536 praesedit
3182 4465 3522 4517 venerabilis
3590 4465 3902 4537 Archiepi-

2191 4574 2394 4629 scopus
2452 4556 2763 4626 Willigisus
2827 4553 3210 4623 Moguntinus,
3295 4554 3542 4607 universi
3598 4555 3902 4626 Archiepi-

2194 4644 2350 4716 scopi
2380 4650 2435 4699 et
2477 4644 2753 4716 Episcopi,
2808 4642 2909 4715 qui
2937 4643 3339 4707 interfuerunt,
3401 4658 3638 4695 numero
3700 4659 3899 4711 xxxvi,

2193 4735 2381 4790 debita
2401 4750 2527 4787 cum
2562 4732 2929 4786 veneratione
2977 4731 3338 4801 privilegium
3395 4730 3500 4784 hoc
3548 4731 3705 4785 Sedis
3740 4738 3898 4805 Apo-

2192 4823 2405 4878 stolicaa
2463 4822 2855 4893 suscipientes,
2931 4819 3283 4873 unanimiter
3324 4820 3540 4873 devotis
3598 4821 3899 4875 mentibus

2198 4912 2593 4978 laudaverunt,
2648 4915 2703 4963 et
2771 4908 3133 4963 scribendum
3190 4909 3613 4963 roboraverunt.
3677 4910 3756 4963 De
3817 4927 3908 4965 su-

2198 5053 2280 5108 rei
2311 5051 2685 5106 substantiam
2716 5066 2831 5104 non
2860 5066 3208 5120 magnopere
3255 5050 3581 5103 emendant.

2269 5125 2378 5192 (5i)
2405 5125 2479 5177 Ex
2510 5122 2701 5176 codice
2726 5122 3033 5175 Viennensi
3057 5124 3293 5174 nomina
3310 5120 3500 5190 aliqua
3536 5121 3712 5175 refert
3742 5122 3906 5176 Gret-

2199 5210 2359 5249 serus
2394 5212 2407 5260 ;
2437 5200 2494 5247 at
2522 5192 2924 5260 distinguenda
2945 5199 3081 5245 sunt
3138 5198 3195 5245 et
3238 5199 3499 5261 tempora
3537 5198 3595 5245 et
3640 5195 3906 5258 concilia,

2202 5270 2263 5319 ut
2291 5266 2417 5319 vide
2465 5264 2524 5318 in
2583 5263 3004 5318 Commentario
3061 5262 3273 5333 prmvio
3331 5262 3511 5315 fusius
3568 5262 3905 5329 deductum,

2202 5336 2300 5390 ubi
2347 5336 2543 5390 omnia
2597 5335 2875 5405 explicata
2929 5340 3063 5387 sunt
3114 5349 3243 5405 quae
3290 5333 3381 5387 hic
3435 5334 3702 5387 annotari
3770 5352 3904 5405 pos-

2201 5411 2343 5461 sent.

2273 5477 2381 5545 (55)
2412 5476 2835 5543 Mandiburgum
2866 5475 3036 5528 etiam
3064 5473 3294 5540 dicitur,
3354 5478 3552 5546 estque
3584 5474 3775 5539 tuitio,
3808 5477 3907 5531 de-

2199 5548 2381 5602 fensio
2409 5553 2507 5602 aut
2535 5547 2731 5601 tutela.
