3940 6336
141 307 237 356 H7

1799 314 1991 368 ACTA.

3551 327 3646 379 ll8

136 427 416 498 pradictis
463 446 596 484 vero
649 429 935 501 parochia
976 431 1236 486 terminis
1294 433 1367 486 ab
1417 432 1658 487 Ecclesia
1693 433 1832 487 Wir-
1867 435 1913 491 A
1953 436 2433 507 quandocumque
2469 441 2657 492 tamen
2707 439 2795 492 vel
2853 440 3200 513 ubicumque
3247 459 3313 497 ex
3368 449 3638 515 provectu

138 517 514 588 zeburgensis
548 519 930 586 commutatis,
963 537 1034 573 ne
1065 536 1177 590 qua
1207 520 1370 575 ﬁeret
1425 522 1485 574 in
1547 528 1837 591 posterum

137 607 398 674 querela,
432 607 520 659 vel
543 606 843 672 dubitatio,
881 608 1196 677 subjectum
1227 609 1505 662 conscribi
1566 610 1834 680 paginam

137 696 406 748 fecerunt
447 711 462 748 :
504 695 598 748 cui
624 696 957 767 subscripsit
1000 697 1188 768 primo
1221 698 1453 768 quidem
1513 699 1636 769 ipse
1665 699 1835 752 Hein-

134 783 292 836 ricus
371 784 857 854 Wirzeburgensis
926 785 1254 856 Episcopus,
1310 786 1518 841 deinde
1579 787 1831 855 ejusdem

134 873 392 926 ecclesia
463 873 776 942 prapositi,
845 873 958 926 sive
1006 874 1322 944 presbyteri
1407 890 1649 929 numero
1724 892 1834 928 no-

139 977 268 1013 vem
281 1001 293 1012 .

213 1053 300 1103 16.
328 1068 352 1099 a
389 1049 660 1102 Omnium
693 1056 897 1103 sancta
947 1049 1047 1103 Dei
1101 1050 1362 1104 Ecclesia
1408 1050 1662 1105 ﬁdelium
1714 1055 1832 1105 tam

137 1139 510 1207 prasentium
565 1154 737 1208 quam
801 1141 1127 1191 futurorum
1183 1140 1444 1192 notitiam
1492 1155 1605 1192 non
1655 1140 1830 1195 latere

131 1224 550 1286 desideramus,
605 1226 854 1296 qualiter
933 1226 1378 1296 gloriosissimus
1450 1229 1567 1281 Rex
1613 1227 1824 1282 Heinri-

137 1329 260 1377 cus,
330 1313 560 1380 divina,
633 1319 695 1367 ut
750 1314 1056 1380 credimus,
1114 1314 1518 1368 admonitionis
1594 1315 1827 1368 stimulo

134 1408 535 1470 compunctus,
589 1402 658 1456 de
705 1402 960 1470 pradiis,
1025 1419 1154 1472 qua
1201 1403 1299 1455 Dei
1349 1404 1549 1472 gratia,
1602 1404 1826 1457 heredi-

135 1490 404 1561 tarioque
445 1491 578 1560 jure
627 1495 951 1560 parentum,
1007 1491 1068 1544 in
1121 1507 1240 1544 sua
1299 1491 1668 1560 possessionis
1724 1492 1825 1545 do-

136 1577 385 1630 minium
447 1581 848 1646 pervenerant,
899 1576 1000 1630 Dei
1060 1576 1352 1630 servitium
1406 1593 1639 1646 augcre,
1697 1577 1822 1646 epi-

130 1671 436 1731 scopatum
476 1664 897 1730 constituendo,
932 1665 1290 1729 desiderans;
1321 1681 1436 1735 quo
1468 1666 1524 1718 id
1569 1665 1824 1735 legitime

131 1753 673 1824 rationabiliterque
729 1753 852 1807 ﬁeri
912 1753 1214 1824 potuisset,
1271 1753 1595 1808 Heinricum
1663 1769 1826 1806 vene-

128 1841 375 1895 rabilem
408 1840 890 1911 Wirzeburgensis
942 1841 1194 1894 ecclesia
1243 1840 1617 1909 provisorem,
1677 1856 1824 1910 qua-

126 1936 300 1984 tenus
329 1929 640 1999 quemdam
662 1929 853 1982 locum
883 1928 1216 1997 Babenberg
1249 1934 1645 1998 nuncupatum
1694 1944 1822 1982 cum

125 2032 277 2087 pago
315 2018 751 2087 Raezengevum
807 2016 1044 2077 dictum,
1103 2017 1202 2086 qui
1245 2016 1312 2070 ad
1353 2033 1470 2069 sua
1521 2018 1824 2071 diaceseos

124 2111 340 2160 statum
393 2106 681 2175 pertinere
733 2105 1050 2168 videbatur,
1103 2105 1171 2158 de
1223 2121 1326 2158 suo
1362 2106 1494 2174 jure
1549 2107 1610 2159 in
1657 2120 1824 2157 suum

118 2195 216 2264 jus
238 2194 311 2248 ad
344 2194 403 2247 id
426 2193 836 2264 perficiendum
871 2194 1318 2260 trans-funderet,
1350 2193 1603 2248 studiose
1654 2193 1827 2262 capit

123 2283 416 2350 ﬂagitare.
451 2282 610 2346 Qua,
648 2283 921 2351 quoniam
947 2282 1119 2351 justa
1150 2287 1204 2335 et
1233 2282 1604 2337 rationabiles
1641 2299 1826 2336 causa

124 2371 497 2434 videbantur,
581 2370 842 2439 ejusdem
898 2370 1290 2438 augustissimi
1365 2376 1421 2424 et
1471 2371 1826 2424 invictissimi

128 2458 308 2528 Regis
353 2457 732 2526 petitionibus
757 2457 1144 2528 acquiescens,
1193 2474 1321 2510 cum
1350 2459 1643 2512 communi
1690 2459 1826 2512 cleri

128 2548 216 2601 sui
245 2552 420 2616 atque
469 2546 742 2612 militum,
802 2562 906 2599 nec
939 2563 1053 2599 non
1103 2545 1281 2599 totius
1338 2547 1534 2616 populi
1585 2548 1824 2602 consilio

121 2641 177 2688 et
205 2650 517 2696 consensu,
563 2634 869 2703 prafatum
921 2635 1110 2688 locum
1148 2650 1278 2687 cum
1326 2635 1598 2704 pradicto
1655 2651 1823 2705 pago,

125 2724 283 2777 tibus
315 2723 681 2792 parochianis
705 2723 953 2776 ecclesiis
1006 2723 1277 2791 exceptis,
1319 2740 1447 2776 cum
1496 2723 1612 2776 suis
1669 2725 1823 2794 adja-

120 2811 352 2879 centiis,
411 2827 657 2882 quarum
719 2812 842 2864 hac
905 2816 1039 2864 sunt
1096 2811 1352 2876 nomine,
1417 2813 1821 2877 Wachenrode,

123 2901 444 2964 Lonerstat,
530 2899 884 2965 Mulchusen,
954 2899 1113 2952 omni
1170 2900 1540 2968 postmodum
1609 2906 1826 2955 remota

1870 1715 1907 1768 Β

119 2987 597 3051 contradictione,
651 3003 768 3040 sua
815 2989 1083 3057 potestati
1129 2988 1381 3042 tradidit.
1434 2989 1682 3042 Alterius
1726 3006 1824 3042 au-
1857 2998 1894 3050 C

124 3083 239 3130 tem
282 3075 443 3146 pagi,
504 3075 603 3145 qui
656 3075 906 3129 Volcfeld
959 3081 1209 3142 vocatur,
1270 3076 1332 3129 in
1389 3093 1505 3147 quo
1557 3077 1824 3147 praefatus

125 3167 282 3217 locus
313 3166 457 3217 situs
489 3168 592 3228 est,
629 3167 848 3234 partem
882 3163 1067 3217 eidem
1100 3163 1241 3232 Regi
1308 3164 1604 3231 concessit,
1651 3181 1826 3232 quau-

124 3259 246 3306 tum
272 3257 362 3305 est
391 3252 459 3305 de
496 3251 856 3305 Babenberch
889 3252 959 3305 ad
1013 3253 1229 3304 flumen
1278 3253 1480 3316 Vraha,
1525 3253 1595 3305 de
1644 3253 1827 3305 Vraha

129 3343 184 3396 in
220 3343 536 3395 Ratenzam
582 3340 820 3407 flumen,
848 3345 903 3394 et
933 3340 1011 3394 sic
1033 3341 1197 3409 juxta
1229 3341 1528 3393 decursum
1569 3342 1826 3410 ejusdem

132 3429 392 3483 fluminis
445 3429 505 3482 in
537 3427 708 3494 Moin,
750 3433 807 3482 et
856 3429 989 3483 inde
1045 3429 1114 3482 ad
1172 3427 1420 3482 rivulum
1477 3429 1822 3490 Wichibach,

130 3517 342 3570 deinde
401 3516 471 3570 ad
519 3521 691 3586 caput
734 3516 989 3585 ejusdem
1036 3515 1233 3580 rivuli;
1269 3516 1462 3584 sicque
1508 3532 1621 3586 qua
1667 3517 1828 3569 citis-

134 3604 300 3666 sime,
324 3608 382 3656 et
411 3604 672 3672 proxime
702 3604 997 3673 pervenire
1023 3608 1211 3672 potest
1255 3605 1322 3656 ad
1375 3604 1578 3657 Vraha.
1624 3607 1826 3658 Actum

132 3691 191 3745 in
277 3691 505 3744 civitate
565 3692 1039 3762 Wirzeburgensi,
1115 3697 1394 3761 prasente
1468 3693 1827 3746 serenissimo

135 3782 492 3849 lmperatore
551 3779 831 3846 Heinrico,
911 3797 977 3834 ea
1025 3780 1372 3842 conditione,
1436 3785 1498 3834 ut
1545 3781 1826 3835 decimam

132 3869 191 3923 in
240 3867 539 3922 novalibus
590 3868 712 3937 jam
774 3869 979 3937 incisis,
1039 3874 1096 3922 et
1132 3870 1200 3922 ad
1259 3885 1521 3923 mansum
1599 3887 1824 3922 mensu-

134 3957 271 4010 ratis
346 3972 475 4009 cum
521 3957 696 4010 veteri
740 3957 960 4010 decima
1007 3974 1123 4011 non
1198 3963 1567 4022 commutata,
1625 3958 1827 4011 Wirze-

136 4043 440 4114 burgensis
471 4044 705 4097 ecclesia
725 4044 993 4098 retineat.
1042 4046 1107 4098 In
1155 4044 1452 4097 novalibus
1509 4061 1642 4097 vero
1701 4050 1830 4114 post

135 4133 268 4186 hinc
317 4131 640 4185 excolendis
712 4131 989 4185 decimam
1051 4133 1538 4201 Babenbergensis
1595 4134 1830 4187 ecclesia

137 4221 430 4292 possideat
457 4236 586 4273 cum
615 4221 862 4273 termino
885 4225 1251 4276 commutato.
1295 4242 1313 4268 ι

213 4314 298 4363 l7.
335 4308 440 4362 Sed
505 4314 561 4361 et
600 4309 842 4362 Joannes
879 4301 1260 4378 Aquileiensis
1315 4309 1639 4363 Patriarcha
1686 4327 1830 4380 opus

137 4403 258 4451 tam
302 4396 592 4450 laudabile
643 4397 812 4465 Regis
860 4396 1347 4461 excellentissimi,
1399 4401 1454 4450 et
1501 4397 1655 4466 piam
1698 4414 1834 4468 erga

142 4483 430 4539 Christum
459 4483 820 4535 devotionem
853 4488 973 4536 toto
1018 4482 1224 4536 affectu
1275 4483 1639 4553 amplectens,
1669 4485 1836 4538 Ilein-

142 4571 260 4624 rico
309 4570 585 4640 Episcopo
634 4569 1091 4639 Wirzeburgensi
1150 4570 1550 4639 gratulationis
1603 4573 1833 4640 plenam

144 4659 344 4730 scripsi
377 4658 705 4726 epistolam.
774 4658 1165 4712 «Beatissimo
1216 4659 1454 4712 Domino
1513 4663 1568 4711 et
1617 4659 1837 4712 sincera

145 4746 421 4801 charitate
462 4746 751 4814 diligendo
795 4745 1056 4799 Heinrico
1107 4752 1316 4799 sancta
1350 4738 1837 4818 Wirzeburgensis

145 4835 396 4889 ecclesia
448 4834 723 4904 Episcopo
785 4834 1118 4896 venerabili,
1195 4836 1438 4889 Joannes
1491 4834 1838 4905 Apuileinsis

148 4923 396 4978 ecclesia
471 4922 797 4992 patriarcha
872 4939 1000 4976 cum
1049 4923 1316 4976 omnibus
1367 4941 1482 4977 sua
1536 4924 1838 4977 diaceseos

151 5009 462 5081 Episcopis,
514 5009 825 5064 fraternam
875 5010 1239 5064 dilectionem
1299 5011 1359 5063 in
1389 5027 1476 5077 eo,
1533 5012 1633 5080 qui
1683 5011 1840 5081 prior

151 5097 342 5150 dilexit
381 5113 506 5162 nos,
539 5101 594 5148 et
641 5097 874 5150 tradidit
925 5098 1295 5167 semetipsum
1330 5115 1430 5168 pro
1474 5099 1659 5163 nobis,
1707 5100 1837 5153 Jesu

154 5186 369 5238 Christo
424 5183 667 5239 Domino
745 5191 961 5239 nostro.
1023 5185 1193 5248 Licet,
1255 5186 1584 5240 Reverende
1641 5187 1837 5252 frater,

154 5274 412 5327 fraterna
441 5273 760 5326 dilectionis
788 5289 925 5327 cura
955 5290 1059 5327 nos
1092 5275 1417 5338 admoneat,
1451 5279 1514 5327 ut
1552 5273 1612 5327 in
1653 5275 1839 5328 omni-

155 5360 254 5412 bus
297 5358 568 5430 operibus
627 5359 790 5413 bonis
840 5377 967 5430 qua
1025 5362 1282 5414 conditor
1320 5361 1558 5415 humani
1614 5361 1841 5430 generis

158 5446 601 5501 misericorditer
655 5447 724 5501 ad
800 5449 1042 5502 salutem
1096 5449 1352 5519 quotidie
1400 5448 1676 5519 disponit,
1738 5449 1843 5503 im-

159 5551 379 5590 mensas
438 5534 752 5605 gratiarum
789 5536 1038 5592 actiones
1104 5537 1214 5607 ipsi
1268 5552 1436 5609 agere
1509 5536 1839 5601 debeamus,

1949 530 2155 578 sancta
2208 526 2494 589 Ecclesia,
2577 529 2659 580 vel
2719 529 2841 598 ejus
2911 530 3279 596 exaltatione,
3336 532 3635 599 locatione,

1946 628 2062 665 non
2109 613 2328 684 aliquid
2361 614 2651 683 magniﬁci
2682 616 2870 685 operis
2913 619 3109 671 audire
3166 619 3489 690 contigerit,
3533 621 3635 673 im-

1947 716 2160 754 mensa
2191 702 2506 756 devotionis
2528 704 2752 767 affectu,
2813 709 2870 757 et
2909 706 3224 774 spiritualis
3268 706 3632 761 exultationis

1945 788 2148 841 effectu
2177 789 2338 842 illum
2374 791 2621 857 laudare,
2675 793 3011 846 benedicere
3041 799 3096 846 et
3152 796 3466 862 pradicare
3529 796 3634 848 de-

1939 877 2162 939 bemus,
2188 879 2348 948 cujus
2380 880 2498 933 hac
2520 880 2669 933 dona
2699 887 2852 947 sunt,
2887 887 2943 934 et
2973 899 3006 934 a
3061 899 3176 952 quo
3235 883 3386 936 bona
3427 888 3632 936 cuncta

1942 964 2308 1019 inelfabiliter
2335 969 2670 1036 procedunt.
2706 969 2812 1032 Qui
2843 970 2991 1022 inter
3016 969 3460 1024 innumerabilia
3495 985 3632 1024 sem-

1940 1053 2180 1121 piterna
2232 1055 2581 1126 digndtionis
2634 1065 3008 1124 sacramenta,
3072 1075 3138 1112 ea
3177 1065 3229 1113 et
3287 1059 3348 1113 in
3393 1075 3632 1114 suorum

1940 1143 2208 1196 cordibus
2242 1145 2564 1215 Principum
2601 1147 2791 1209 dictat,
2825 1162 2954 1216 qua
2987 1147 3058 1200 ad
3090 1147 3403 1201 multorum
3443 1162 3630 1200 exem-

1938 1230 2120 1298 plum,
2152 1235 2207 1284 et
2237 1232 2479 1284 salutem
2511 1233 2813 1302 profutura
2848 1239 3145 1302 procurat.

2012 1318 2094 1368 l8.
2131 1335 2158 1365 α
2211 1317 2274 1369 In
2325 1317 2533 1387 quibus
2574 1335 2752 1371 unum
2784 1323 2888 1383 est,
2917 1319 3071 1388 quod
3127 1334 3302 1388 super
3353 1317 3627 1371 divinitus

1937 1400 2167 1468 factum,
2253 1405 2557 1458 maximam
2618 1406 2905 1458 mentibus
2961 1406 3167 1458 nostris
3218 1404 3476 1458 latitiam
3537 1421 3629 1474 ge-

1936 1491 2174 1544 neravit.
2229 1492 2564 1546 Audivimus
2615 1494 2767 1563 quod
2835 1494 3108 1547 Dominus
3158 1499 3353 1546 noster
3409 1494 3623 1547 Heinri-

1935 1594 2033 1630 cus
2085 1579 2533 1647 gloriosissimus
2566 1587 2621 1634 et
2669 1582 3074 1634 invictissimus
3103 1584 3243 1649 Rex,
3294 1581 3489 1635 divina
3519 1581 3627 1634 sibi

1936 1665 2251 1735 inspirante
2281 1669 2482 1738 gratia,
2516 1686 2581 1722 ex
2631 1669 2747 1722 suis
2803 1670 3058 1738 praediis,
3114 1675 3171 1723 et
3230 1673 3470 1739 paterna
3522 1669 3624 1722 he-

1937 1755 2178 1809 reditate
2237 1757 2294 1809 in
2340 1759 2483 1822 loco,
2545 1758 2644 1826 qui
2707 1758 2918 1812 dicitur
2959 1759 3283 1814 Babenberc
3337 1758 3627 1828 episcopa-

1938 1843 2138 1897 tumin
2194 1844 2410 1899 honore
2463 1846 2777 1899 beatissimi
2815 1845 2968 1900 Petri
3014 1847 3419 1916 Apostolorum
3469 1846 3626 1916 prin-

1934 1931 2074 2001 cipis
2139 1933 2518 1999 constituerit,
2599 1940 2655 1987 et
2706 1935 3159 1988 commutatione
3223 1936 3390 1999 facta,
3456 1935 3627 2004 digne

1933 2024 1988 2072 et
2020 2021 2278 2089 legaliter
2312 2037 2442 2075 cum
2474 2021 2708 2075 ecclesia
2780 2028 2986 2088 vestra,
3041 2026 3262 2092 partem
3317 2022 3626 2092 quamdam

1934 2124 1997 2162 ex
2030 2110 2153 2176 ejus
2185 2109 2414 2163 diacesi
2455 2109 2754 2180 acquisivit
2789 2126 2802 2163 :
2837 2113 3008 2179 atque
3063 2110 3170 2163 hoc
3226 2109 3626 2163 concambium

1930 2197 2270 2266 Apostolica
2327 2197 2478 2250 sedis
2559 2197 2924 2267 privilegium
2971 2197 3380 2251 corroboravit.
3463 2196 3627 2261 Quod

1934 2285 2169 2356 quidem
2221 2285 2499 2340 eximium
2557 2291 2613 2340 et
2684 2287 2968 2341 laudabile
3013 2303 3181 2357 Opus,
3257 2290 3312 2338 et
3363 2286 3484 2354 ejus
3547 2285 3627 2338 di-

1934 2373 2268 2444 gnissimam
2304 2373 2727 2436 liberalitatem,
2756 2380 2808 2428 et
2830 2379 3074 2428 vestram
3105 2374 3441 2428 charitatem
3491 2373 3624 2426 satis

1934 2462 2162 2532 egregie
2203 2462 2625 2532 pradicabilem
2659 2463 3051 2529 commendat;
3080 2479 3209 2516 cum
3248 2466 3304 2515 et
3342 2477 3510 2515 suum
3542 2465 3627 2514 est

1933 2567 2037 2621 per
2077 2550 2494 2619 operationem,
2544 2556 2599 2603 et
2653 2556 2902 2604 vestrum
2951 2551 3026 2603 sit
3076 2567 3180 2621 per
3235 2550 3619 2604 dilectionem.

1934 2638 2000 2690 In
2051 2653 2164 2706 quo
2217 2636 2601 2705 omnipotenti
2648 2638 2762 2689 Deo
2819 2637 3127 2690 immensas
3187 2636 3400 2706 gratias
3439 2636 3625 2690 referi-

1936 2740 2083 2788 mus,
2115 2723 2182 2776 ad
2215 2724 2375 2792 cujus
2415 2722 2876 2776 inaestimabilem
2905 2724 3147 2792 gloriam
3178 2728 3408 2793 spectat,
3470 2723 3626 2793 quod

1934 2829 2036 2882 per
2095 2813 2308 2880 Regem
2357 2818 2619 2864 nostrum
2676 2811 3027 2876 l-leiuricum,
3081 2811 3300 2865 bonum
3380 2816 3434 2865 et
3491 2811 3625 2864 ﬁde-

1934 2902 2047 2954 lem
2075 2900 2405 2953 ministrum
2450 2916 2637 2965 suum,
2666 2899 3122 2953 fundatissimam
3176 2915 3376 2969 pacem
3438 2899 3623 2953 omni-

1935 2991 2038 3042 bus
2102 2988 2351 3041 ecclesiis
2396 2993 2648 3057 prastat,
2727 2992 2783 3040 et
2839 2988 3076 3058 insuper
3132 3005 3338 3041 novam
3417 2987 3627 3041 format

1937 3077 2252 3142 ecclesiam,
2285 3091 2388 3145 per
2419 3092 2594 3146 quam
2644 3081 2698 3128 et
2742 3077 2812 3130 de
2843 3076 3076 3129 inimico
3122 3076 3362 3129 humani
3400 3074 3624 3145 generis

1934 3165 1993 3217 in
2033 3165 2242 3217 vicinas
2273 3164 2600 3216 Sclavorum
2627 3167 2846 3232 gentes,
2879 3164 2992 3216 Deo
3022 3162 3358 3233 opitulante,
3412 3161 3620 3214 trium-

1937 3250 2158 3322 pliabit,
2213 3257 2270 3304 et
2315 3251 2800 3304 innumerabilem
2858 3250 3135 3303 familiam
3179 3266 3285 3320 per
3336 3251 3623 3302 lavacrum

1938 3338 2392 3405 regenerationis
2446 3339 2554 3392 sibi
2601 3338 3025 3408 multiplicabit.
3085 3340 3196 3392 Nos
3249 3341 3440 3390 autem
3495 3354 3624 3390 cum

1939 3428 2210 3482 omnibus
2260 3432 2467 3480 nostra
2522 3427 2827 3480 diaceseos
2879 3427 3164 3497 Episcopis
3214 3427 3320 3479 hoc
3371 3425 3624 3479 divinum

1939 3533 2082 3585 opus
2111 3515 2170 3568 in
2204 3531 2510 3568 commune
2540 3514 2860 3577 laudamus,
2895 3519 3066 3584 atque
3092 3514 3153 3567 in
3183 3531 3250 3566 eo
3283 3514 3435 3582 juste
3487 3530 3625 3566 con-

1937 3601 2248 3654 sentientes
2275 3606 2332 3654 et
2360 3601 2555 3653 subter
2582 3600 2999 3654 conscribentes
3035 3600 3096 3654 in
3155 3605 3500 3669 perpetuum
3538 3615 3628 3652 va—

1935 3690 2052 3742 lere
2073 3689 2498 3742 conﬁrmamus.
2532 3711 2558 3737 ››

2015 3781 2096 3831 19.
2125 3797 2152 3827 (ι
2185 3776 2481 3832 Heinricus
2504 3776 2697 3830 divina
2728 3776 3150 3845 praordinaute
3172 3774 3477 3829 clementia
3510 3776 3625 3829 Rex

1939 3865 2212 3919 omnibus
2275 3866 2502 3919 Eclesia
2551 3865 2684 3920 ﬁliis
2735 3870 2852 3917 tam
2903 3864 3111 3918 futuris
3159 3880 3333 3934 quam
3386 3879 3632 3934 prasen-

1939 3953 2110 4006 tibus.
2145 3951 2545 4006 Saluberrimis
2589 3952 2731 4004 sacri
2775 3951 2968 4021 eloqui
3010 3949 3466 4004 institutionibus
3497 3965 3625 4002 eru-

1940 4042 2152 4107 dimur,
2186 4045 2242 4094 et
2272 4057 2717 4111 pramonemur,
2749 4045 2814 4094 ut
2845 4040 3183 4110 temporalia
3240 4039 3629 4110 relinquentes

1939 4129 2110 4196 bona,
2163 4133 2218 4181 et
2282 4133 2507 4182 terrena
2565 4133 2975 4199 postponentes
3043 4127 3365 4192 commoda,
3416 4133 3630 4180 aterna

1945 4224 2002 4269 et
2034 4215 2156 4268 sine
2211 4214 2325 4268 ﬁne
2377 4230 2646 4268 mansura
2706 4215 2764 4267 in
2813 4215 2966 4269 calis
3015 4215 3348 4268 studeamus
3392 4212 3630 4283 adipisci

1945 4304 2302 4359 consistoria.
2379 4304 2569 4357 Gloria
2621 4303 2774 4356 enim
2849 4320 3103 4373 prasens
3158 4302 3394 4372 fugitiva
3437 4307 3523 4355 est
3577 4307 3633 4355 et

1943 4409 2109 4457 vana,
2155 4393 2290 4444 dum
2347 4391 2688 4459 possidetur.
2757 4389 2866 4442 nisi
2921 4407 2987 4442 ea
3036 4390 3252 4460 aliquid
3312 4389 3379 4442 de
3419 4388 3631 4442 calesti

1945 4480 2266 4533 aternitate
2289 4477 2591 4548 cogitetur.
2634 4477 2739 4531 Sed
2777 4478 2874 4531 Dei
2916 4477 3204 4530 miseratio
3254 4478 3507 4530 humano
3535 4492 3632 4546 ge-

1945 4566 2070 4620 neri
2103 4564 2352 4636 providit
2409 4564 2749 4630 remedium,
2819 4565 3051 4636 quando
3128 4569 3351 4637 partem
3394 4564 3633 4619 caelestis

1943 4654 2163 4723 patria,
2242 4659 2484 4705 terrena
2541 4653 2870 4706 substantia
2942 4653 3075 4707 fecit
3145 4671 3264 4706 esse
3335 4653 3629 4724 pretium:

1946 4745 2123 4813 Hujus
2181 4757 2316 4812 ergo
2374 4756 2474 4794 nos
2531 4741 2850 4794 clementia
2926 4757 3044 4795 non
3091 4742 3476 4809 immemores,
3532 4757 3636 4795 nec

1946 4833 2276 4901 ignorantes
2304 4845 2405 4882 nos
2453 4827 2706 4897 gratuito
2755 4828 2966 4882 divina
3021 4828 3404 4883 miserationis
3449 4844 3637 4898 respe-

1947 4927 2061 4984 ctu,
2115 4918 2294 4988 regali
2371 4915 2650 4987 dignitate
2719 4916 3077 4983 sublimatos,
3140 4932 3460 4986 congruum
3515 4933 3636 4970 esse

1946 5009 2206 5064 ducimus
2267 5022 2386 5059 non
2451 5006 2637 5058 solum
2707 5003 2969 5057 ecclesias
3035 5004 3105 5057 ab
3185 5004 3638 5058 antecessoribus

1948 5096 2153 5150 nostris
2193 5098 2538 5148 constructas
2569 5093 2866 5162 ampliare,
2921 5092 3017 5146 sed
3047 5093 3114 5146 ad
3166 5093 3441 5162 majorem
3507 5094 3637 5162 glo-

1949 5185 2095 5239 riam
2124 5183 2224 5238 Dei
2256 5199 2427 5237 novas
2459 5181 2764 5248 adiﬁcare,
2805 5196 3015 5251 easque
3074 5180 3392 5234 devotionis
3432 5186 3640 5234 nostra

1952 5272 2120 5327 donis
2185 5270 2525 5340 gratissimis
2578 5270 2849 5323 exaltare.
2909 5269 3268 5339 Quapropter
3331 5268 3641 5321 Dominicis

1953 5377 2068 5414 non
2093 5359 2330 5413 surdum
2371 5357 2631 5412 auditum
2691 5357 3014 5428 prabeutes
3064 5356 3387 5427 praceptis,
3425 5361 3481 5410 et
3525 5357 3640 5410 dei-

1951 5449 2073 5503 ticis
2129 5446 2581 5518 obtemperando
2657 5446 3020 5500 intendentes
3076 5444 3455 5510 suasionibus,
3513 5445 3640 5498 the-

1952 5551 2149 5590 sauros
2171 5536 2377 5590 divina
2407 5535 2686 5607 largitatis
2714 5532 3107 5589 munificentia
3161 5532 3325 5586 nobis
3382 5532 3638 5599 collatos,
