3940 6332
290 288 386 337 H9

1584 291 1637 342 δ.
1684 290 1970 345 llENlthI
2012 290 2485 348 IMPERATORIS

3686 292 3792 345 120

281 410 342 464 in
394 411 535 464 caelo
612 409 1001 464 desideramus
1054 425 1351 479 reponere,
1411 410 1508 464 ubi
1566 426 1752 482 neque
1818 413 2051 468 furesA
2090 415 2347 485 conjugis
2382 419 2608 481 nostrae,
2643 417 2812 486 atque
2853 413 3132 468 consortis
3188 413 3356 486 regni
3413 413 3790 484 Cunegunda:

280 499 580 564 etfodiunt,
659 514 763 552 nec
814 497 1096 564 furantur,
1155 514 1341 569 neque
1393 514 1610 569 aerugo,
1670 500 1756 554 vel
1816 500 1972 554 tinea

284 586 608 654 demolitur,
662 586 758 639 ubi
812 591 868 638 et
915 586 1053 639 dum
1109 586 1305 640 omnia
1350 602 1504 640 nunc
1557 594 1827 657 congesta
1881 604 1972 641 re-

283 675 541 739 colimus,
586 690 683 728 cor
740 678 1002 728 nostrum
1054 674 1336 729 desiderio
1391 680 1448 729 et
1504 691 1700 729 amore
1762 676 1974 746 saepius

287 766 561 816 versetur.

355 879 443 931 20.
484 900 504 925 ι
538 877 784 931 Proinde
817 882 1013 947 patere
1071 878 1333 932 volumus
1395 878 1658 931 omnium
1716 876 1976 931 ﬁdelium

287 965 665 1033 universitati,
737 968 887 1034 quod
967 966 1276 1036 quemdam
1332 970 1587 1037 paterna:
1645 964 1978 1020 hereditatis

288 1060 497 1108 nostra:
553 1054 742 1108 locum
792 1054 1115 1108 Babenberc
1179 1053 1415 1121 dictum,
1480 1040 1643 1107 etin
1693 1054 1885 1108 sedem
1921 1059 1977 1107 et

287 1145 514 1197 culmen
552 1143 914 1212 episcOpatus
958 1142 1341 1213 proveximus,
1403 1148 1457 1197 ct
1507 1144 1781 1197 Romanae
1831 1142 1980 1196 sedis

291 1230 630 1285 auctoritate
653 1230 963 1297 ﬁrmatum,
989 1236 1161 1301 atque
1190 1230 1529 1286 venerabilis
1564 1230 1809 1285 Heinrici
1843 1231 1981 1283 Wir-

292 1318 663 1389 zeburgensis
708 1319 970 1389 Episcopi
1014 1336 1316 1387 consensu,
1351 1325 1406 1373 et
1465 1318 1687 1373 dilectas
1721 1318 1981 1389 conjugis

294 1413 505 1461 nostra:
550 1408 961 1476 Chunegundze
1020 1409 1333 1473 voluntate,
1376 1423 1438 1460 ac
1488 1407 1612 1476 pari
1659 1406 1983 1460 communi-

296 1511 408 1565 que
440 1497 702 1549 omnium
735 1497 915 1549 nostri
959 1496 1217 1549 ﬁdelium
1247 1501 1361 1548 tam
1410 1495 1981 1565 Archiepiscoporum

297 1599 469 1653 quam
504 1583 932 1654 Episcoporum,
984 1583 1292 1649 Abbatum,
1325 1598 1430 1636 nec
1458 1599 1576 1636 non
1631 1587 1686 1637 et
1744 1584 1983 1648 Ducum,

2081 508 2504 575 parentumque
2541 508 2894 568 nostrorum,
2943 519 3103 557 versa
3132 502 3272 570 vice,
3324 502 3617 557 beneﬁciis
3668 519 3782 557 no-

2083 592 2211 646 stris
2267 592 2363 663 pia
2413 596 2584 663 atque
2627 591 2853 646 assidua
2897 590 3309 646 interversione
3365 590 3781 662 respondeant.

2082 680 2139 733 Si
2196 681 2322 751 quis
2380 685 2593 747 autem,
2642 679 2795 749 quod
2863 678 3030 747 absit,
3082 678 3256 750 hujus
3305 685 3519 733 nostra:
3576 678 3787 733 muniti

2082 768 2330 822 centiam
2391 767 2735 833 donationis,
2817 770 2990 838 atque
3068 766 3398 821 institutum
3464 766 3791 837 Apostolici

2082 857 2261 923 Sedis,
2322 864 2376 910 et
2428 861 2512 910 tot
2555 855 2970 910 venerabilium
2999 858 3232 910 Patrum
3291 855 3626 910 auctoritate
3676 856 3791 910 ﬁr-

2087 949 2305 998 matum
2336 944 2626 998 destruere
2658 958 2759 996 seu
2810 942 3021 996 violare
3067 942 3393 1007 tentaverit,
3441 942 3502 997 in
3550 942 3643 997 die
3678 943 3785 1012 ju-

2089 1032 2220 1087 dicii
2250 1047 2440 1085 coram
2471 1030 2649 1085 oculis
2696 1030 2793 1085 Dei
2821 1034 3106 1084 tormento
3152 1029 3580 1100 inextinguibili
3614 1036 3788 1085 aeter-

2088 1121 2294 1175 naliter
2346 1122 2482 1174 luat.
2541 1119 2704 1183 Quod
2771 1135 2842 1172 ne
2895 1118 3162 1173 eveniat:
3226 1119 3320 1172 sed
3409 1120 3529 1174 haec
3592 1119 3793 1181 traditi

2088 1215 2262 1279 atque
2304 1209 2599 1263 decretum
2650 1207 2719 1262 ab
2768 1207 3037 1262 omnibus
3092 1206 3506 1278 perpetualiter
3543 1208 3792 1262 inviola-

2089 1297 2221 1350 bilis
2295 1300 2646 1367 permaneat,
2703 1297 2850 1350 hanc
2918 1296 3174 1350 chartam
3242 1295 3377 1349 inde
3435 1296 3795 1367 conscriptas

2093 1401 2268 1440 manu
2297 1383 2533 1455 propria
2570 1383 2927 1451 roborantes,
2953 1383 3128 1455 sigilli
3179 1383 3359 1437 nostri
3405 1383 3796 1455 impressione

2092 1473 2356 1544 insigniri
2398 1471 2695 1542 jussimus.
2760 1473 2872 1525 Nec
2945 1489 3076 1525 vero
3126 1472 3484 1526 solummodo
3564 1472 3624 1526 in
3676 1473 3800 1527 vita

2094 1560 2398 1631 superstite
2465 1559 2650 1613 adhuc
2735 1560 2888 1629 Rege
2945 1558 3380 1629 gloriosissimo,
3458 1561 3558 1614 sed
3604 1560 3798 1632 magis

297 1646 353 1723 et
404 1646 1010 1735 Comitum-consulto,
1072 1646 1429 1739 decretoque,
1488 1686 1553 1723 ac
1599 1670 1772 1724 totius
1823 1646 1985 1739 regni
2021 1694 2059 1748 Β
2092 1650 2268 1747 ξῐίίξω
2293 1651 2422 1748 Ροξιῐ
2445 1646 2903 1748 ίξδιίξείιυξξιὶθὶυξ
2936 1647 3005 1701 άθ
3037 1653 3221 1746 molle
3262 1647 3597 1748 .a‘dHViifam:
3631 1647 3796 1748 -Ϊθξίε

299 1756 496 1822 nostri,
531 1757 973 1828 Principumque
1003 1757 1270 1811 concordi
1330 1757 1630 1812 devotione
1672 1757 1986 1821 laudatum,

301 1846 368 1899 ad
416 1846 695 1899 honorem
757 1845 1169 1916 omnipotentis
1223 1845 1345 1914 Dei,
1420 1850 1475 1899 et
1542 1847 1723 1900 beatae
1803 1845 1991 1899 Mariae

302 1950 527 2003 semper
556 1934 823 2003 Virginis,
882 1938 937 1987 ct
985 1939 1312 1988 sanctorum
1370 1935 1781 2003 Apostolorum
1844 1934 1992 1987 Petri

303 2028 359 2076 et
408 2022 590 2090 Pauli,
648 2039 752 2076 nec
811 2038 924 2076 non
990 2028 1313 2076 sanctorum
1376 2022 1584 2076 Kiliani
1638 2027 1694 2077 et
1741 2022 1989 2092 Georgii,

302 2111 688 2177 fundavimus,
759 2109 1135 2164 stabilivimus
1209 2115 1267 2164 et
1340 2111 1852 2178 corroboravimus,
1932 2115 1994 2164 ut

305 2198 447 2251 inibi
481 2203 760 2267 nostrum,
803 2203 1224 2269 parentumque
1265 2202 1616 2265 nostrorum,
1672 2203 1729 2252 et
1767 2198 1991 2253 Ottonis

307 2284 462 2338 tertii
482 2286 869 2355 Imperatoris,
906 2286 1169 2339 videlicet
1213 2286 1582 2340 antecessoris
1640 2286 1841 2352 nostri,
1902 2303 1993 2341 ce-

307 2372 460 2426 lebre
525 2372 802 2427 habeatur
854 2373 1206 2439 memoriale,
1266 2379 1318 2427 et
1371 2373 1529 2443 jugis
1583 2391 1685 2443 pro
1731 2375 1995 2428 omnibus

309 2461 636 2514 orthodoxis
668 2468 946 2515 mactetur
992 2461 1174 2515 hostia
1212 2462 1497 2515 salutaris.
1554 2462 1768 2516 Oblatis
1821 2462 1998 2532 igitur

309 2551 420 2604 Deo
475 2548 537 2602 in
583 2550 781 2603 eadem
837 2550 1036 2603 dilecta
1091 2550 1256 2602 nobis
1306 2550 1541 2603 ecclesia
1592 2550 1662 2603 ad
1719 2551 1996 2604 honorem

310 2642 367 2691 et
411 2640 676 2692 decorem
740 2638 945 2692 domus
1000 2637 1122 2699 Dei,
1173 2653 1237 2690 ex
1287 2638 1534 2691 metallis
1591 2638 1998 2709 lapidibusque

310 2725 577 2795 pretiosis
622 2725 681 2779 in
710 2728 892 2779 varios
923 2742 1057 2779 usus
1103 2724 1432 2791 sanctuarii,
1486 2725 1633 2778 vasis
1680 2740 1782 2779 seu
1828 2726 1999 2780 vesti-

309 2814 434 2880 bus,
490 2814 729 2885 aliisque
778 2813 1135 2867 ornamentis
1181 2813 1593 2879 ecclesiasticis,
1653 2814 1998 2867 contulimus

309 2906 586 2970 praeterea
613 2902 684 2956 ad
717 2917 887 2971 supra
909 2901 1119 2955 dictam
1149 2902 1344 2956 sedem
1404 2902 1787 2972 episcopalem
1844 2917 1995 2972 pras-

311 2988 424 3053 dia,
448 2990 733 3057 ecclesias,
780 2989 951 3056 vicos,
985 2989 1145 3042 villas
1200 3004 1331 3042 cum
1367 2989 1633 3042 omnibus
1693 2989 1809 3041 suis
1867 3004 1999 3058 per-
2030 2972 2070 3027 α

312 3075 566 3130 tinentiis
596 3077 713 3130 sive
760 3077 1147 3141 adhaerentiis,
1182 3076 1448 3130 videlicet
1480 3076 1782 3147 utriusque
1840 3092 2003 3130 sexus

316 3163 631 3233 mancipiis,
692 3163 858 3229 areis,
928 3162 1201 3225 aediﬁciis,
1262 3163 1432 3217 terris
1515 3162 1703 3226 cultis,
1770 3162 1875 3216 viis
1944 3167 2002 3217 et

314 3248 497 3313 inviis,
581 3248 843 3313 exitibus,
926 3247 1219 3313 reditibus,
1280 3245 1536 3316 quzesitis
1588 3252 1646 3300 et
1701 3246 1999 3316 inquiren-

313 3334 419 3400 dis,
461 3336 633 3401 silvis,
662 3336 890 3405 sagenis
917 3338 1029 3405 (56)
1062 3334 1490 3401 venationibus,
1522 3334 1721 3404 pratis,
1753 3335 1996 3404 pascuis,

315 3423 550 3493 campis,
628 3423 871 3489 forestis,
940 3422 1272 3491 forestariis,
1364 3422 1629 3490 cellariis,
1717 3422 2000 3489 censibus,

318 3512 502 3581 aquis,
552 3527 899 3581 aquarumve
948 3511 1298 3579 decursibus,
1353 3511 1718 3579 molendinis,
1776 3512 2003 3565 mobili-

316 3600 436 3661 bus,
495 3605 552 3653 et
604 3598 1016 3662 immobilibus,
1079 3606 1135 3653 et
1176 3598 1379 3653 ceteris
1411 3599 1680 3653 omnibus
1735 3615 1865 3669 quae
1897 3600 2004 3653 rite

316 3686 486 3741 scribi
525 3694 624 3741 aut
671 3688 941 3757 appellari
991 3691 1248 3757 possunt,
1302 3687 1740 3756 quomodolibet
1794 3687 2004 3741 utilita-

319 3776 491 3841 tibus,
526 3774 795 3845 praesenti
844 3780 1055 3828 nostrze
1107 3774 1461 3828 auctoritatis
1515 3775 1699 3829 edicto
1750 3779 2004 3830 statuen-

318 3870 490 3930 tes,ut
516 3865 575 3916 in
610 3863 723 3916 Deo
752 3862 915 3916 nobis
974 3862 1212 3916 dilectus
1266 3878 1414 3931 saepe
1471 3861 1633 3915 dictae
1686 3861 1835 3916 sedis
1892 3862 2011 3932 Epi-

320 3965 521 4019 scopus
549 3948 926 4015 Eberhardus,
952 3947 1154 4018 suique
1209 3962 1561 4000 successores
1610 3947 1851 4001 liberam
1908 3948 2006 4003 de-

319 4037 452 4091 hinc
508 4037 756 4091 habeant
811 4040 1169 4105 potestatem,
1214 4034 1412 4088 eadem
1468 4035 1802 4106 praascripta
1858 4036 2010 4089 bona

319 4140 447 4179 cum
470 4124 733 4177 omnibus
771 4123 1126 4195 appendiciis
1184 4123 1300 4176 suis
1346 4123 1600 4190 tenendi,
1652 4123 2005 4193 possidendi,

2099 1737 2278 1808 ipsius
2326 1735 2625 1807 plantatio,
2684 1735 3170 1806 Babenbergensis
3224 1736 3485 1791 videlicet
3534 1737 3795 1803 ecclesia,

2098 1826 2305 1881 divinae
2337 1824 2537 1895 gratiae
2590 1823 2871 1879 imbribus
2901 1824 3135 1895 irrigata
3173 1824 3243 1879 de
3273 1824 3363 1879 die
3415 1825 3476 1880 in
3511 1826 3666 1880 diem
3706 1845 3800 1881 ac-

2099 1913 2237 1983 cipit
2298 1912 2735 1976 incrementum,
2809 1929 3205 1983 saapenumero
3256 1930 3286 1967 a
3329 1917 3523 1968 sancta
3575 1914 3798 1985 specia-

2098 2001 2252 2072 lique
2284 2005 2464 2055 matre
2486 2016 2585 2054 sua
2614 2001 2872 2056 Romana
2901 2002 3148 2056 Ecclesia
3176 2001 3449 2056 uberibus
3498 2002 3611 2074 piae
3659 2019 3800 2058 con-

2100 2088 2395 2143 solationis
2451 2094 2644 2160 potata
2690 2106 2754 2143 ac
2802 2089 3002 2143 satiata
3055 2106 3259 2160 regum
3314 2106 3545 2161 quoque
3595 2107 3799 2145 succe-

2102 2176 2364 2231 dentium
2393 2177 2748 2243 auctoritate,
2779 2178 2867 2231 vel
2897 2178 3214 2248 privilegiis
3267 2178 3537 2232 nobiliter
3589 2195 3655 2233 ac
3705 2180 3805 2233 ﬁr-

2101 2264 2270 2318 miter
2292 2265 2351 2318 in
2380 2271 2723 2336 perpetuum
2741 2266 3043 2320 sublimata
3075 2268 3207 2335 (57).
3229 2288 3257 2315 ››
3297 2267 3371 2320 Ea
3394 2266 3699 2337 privilegia
3733 2268 3801 2321 in

2101 2351 2491 2422 Appendicem
2520 2352 2851 2423 rejicienda,
2882 2353 3004 2423 jam
3064 2353 3310 2408 diximus
3370 2354 3430 2407 in
3483 2354 3803 2423 praemoni-

2104 2438 2279 2492 tione.

2769 2510 2999 2565 CAPUT
3040 2511 3136 2564 III.

2105 2599 2372 2652 Brunom's
2400 2598 2459 2650 in
2496 2601 2741 2651 sanctum
2766 2600 3000 2663 fratrem
3056 2598 3260 2663 odium,
3326 2600 3383 2654 S.
3446 2599 3797 2662 Cunegundis

2176 2670 2520 2733 imwcentia;
2567 2671 2782 2721 sanatio
2839 2670 3035 2721 calculi
3087 2671 3145 2722 in
3202 2675 3378 2723 monte
3435 2671 3688 2735 Cassino,
3751 2675 3806 2724 et

2178 2754 2343 2792 causa
2371 2738 2784 2791 claudicationis
2812 2741 2868 2794 S.
2902 2740 3138 2793 Henrici.

2178 2830 2265 2880 22.
2303 2828 2429 2880 Hazc
2448 2842 2549 2879 nos
2575 2827 2645 2880 de
2662 2827 2995 2881 fundationc
3012 2827 3101 2880 vel
3131 2826 3566 2882 conﬁrmatione
3590 2831 3809 2881 sanctas

2112 2914 2596 2983 Babenbergensis
2646 2914 2917 2974 ecclesias,
2941 2920 3169 2985 accepta
3218 2915 3529 2979 occasione,
3592 2916 3809 2970 dixisse

2115 3001 2379 3068 sufficiat,
2438 3018 2591 3055 nunc
2646 3002 2713 3055 ad
2764 3007 3008 3073 emptam
3064 3003 3453 3058 narrationem
3513 3003 3582 3058 de
3633 3005 3812 3075 gestis

2113 3088 2263 3143 beati
2296 3089 2410 3142 Viri
2441 3089 2697 3142 animum
2726 3092 3054 3161 stylumque
3113 3096 3417 3145 vertamus.
3478 3092 3651 3163 Regis
3705 3109 3808 3147 au-

2111 3181 2228 3230 tem
2260 3177 2435 3230 frater
2464 3182 2584 3231 erat
2613 3178 2801 3231 Bruno
2835 3179 2944 3248 (58)
2978 3179 3354 3248 Augustensis
3391 3180 3540 3234 sedis
3572 3181 3813 3250 Episco-

2112 3281 2241 3335 pus,
2267 3265 2364 3334 qui
2396 3265 2652 3319 felicibus
2679 3266 2869 3319 fratris
2902 3268 3118 3321 actibus
3150 3268 3427 3333 invidens,
3484 3269 3693 3321 multas
3752 3269 3809 3322 ei

2114 3353 2523 3408 adversitatum
2576 3354 2835 3425 injurias,
2897 3355 2958 3407 in
3006 3360 3285 3426 quantum
3338 3356 3545 3427 potuit,
3591 3356 3812 3412 infere-

2114 3444 2209 3497 bat
2241 3459 2253 3496 :
2289 3448 2344 3497 et
2374 3442 2471 3495 ubi
2502 3459 2604 3513 per
2624 3458 2684 3496 se
2715 3459 2833 3496 non
2875 3448 3120 3514 poterat,
3172 3444 3551 3499 inferentibus
3596 3462 3656 3499 se
3714 3447 3815 3501 ad-

2107 3539 2412 3610 jungebat,
2459 3540 2545 3594 vel
2579 3540 2719 3594 alios
2772 3540 2838 3593 ad
2899 3540 3223 3595 inferendas
3279 3542 3633 3596 exhortando
3701 3543 3814 3597 sti-

2117 3629 2302 3681 mulos
2320 3627 2401 3681 eis
2420 3643 2623 3698 precvze
2646 3628 2991 3682 incitationis
3010 3629 3306 3684 subdebat.
3343 3629 3445 3684 Cui
3475 3630 3651 3684 frater
3688 3649 3811 3686 non

2117 3717 2303 3770 solum
2357 3715 2630 3770 talionem
2664 3732 2780 3770 non
2831 3716 3105 3786 reddidit,
3135 3734 3333 3772 verum
3375 3718 3545 3773 etiam
3590 3719 3811 3773 instru-

2117 3810 2239 3858 ctus
2268 3804 2520 3858 fraterna
2551 3803 2870 3870 dilections,
2895 3804 3089 3858 omnia
3140 3805 3553 3860 dissimulando
3590 3810 3645 3860 et
3707 3825 3812 3877 pa-

2118 3893 2328 3947 tienter
2373 3891 2723 3961 sustinendo,
2784 3891 2950 3947 illum
3021 3893 3081 3947 in
3147 3894 3301 3949 bona
3380 3894 3606 3949 vincere
3665 3901 3817 3950 sata-

2120 3982 2310 4052 gebat.

2190 4072 2278 4123 25.
2304 4068 2526 4131 Quanta
2554 4068 2676 4139 ejus
2707 4068 3119 4136 muniﬁcentia,
3174 4075 3388 4141 quanta
3444 4087 3581 4142 erga
3625 4072 3814 4127 Deum

2122 4154 2430 4209 liberalitas
2462 4154 2729 4221 extiterit,
2783 4159 2899 4209 tam
2930 4156 2990 4210 in
3044 4157 3140 4210 illa
3208 4158 3663 4229 Babenbergensi
3720 4175 3818 4213 ec-

318 4230 417 4267 seu
450 4212 509 4266 in
539 4212 825 4282 quoslibet
872 4228 1007 4266 usus
1042 4212 1399 4282 episcopatus
1442 4212 1842 4276 convertendi;
1896 4213 1999 4266 fra-

2183 4242 2313 4309 esia,
2363 4258 2537 4313 quam
2568 4243 2629 4296 in
2679 4244 2803 4297 aliis
2850 4246 3242 4315 compluribus
3272 4245 3432 4313 locis,
3494 4246 3818 4302 manifestis

321 4302 501 4354 tribus
557 4306 746 4354 autem
800 4300 1087 4354 canonicis
1154 4302 1269 4355 Deo
1330 4299 1545 4354 ibidem
1595 4300 2008 4355 famulantibus

322 4390 392 4443 ad
422 4388 757 4460 quotidiana
802 4388 1134 4459 temporalis
1180 4389 1310 4442 vita:
1368 4388 1639 4455 subsidia,
1700 4389 2008 4459 possessio-

323 4493 442 4544 nes,
497 4493 637 4547 quas
674 4476 1035 4542 tradidimus,
1085 4482 1280 4530 nostra
1330 4476 1618 4546 imperiali
1677 4478 2009 4532 auctoritate

322 4565 743 4636 proprietateve
773 4564 1118 4635 possidenda
1143 4564 1573 4619 conﬁrmamus.

390 4691 478 4742 21.
511 4711 531 4737 ι
586 4690 661 4743 Ea
717 4687 978 4742 videlicet
1030 4688 1294 4743 ratione:
1342 4693 1403 4743 ut
1453 4688 1678 4759 prmfati
1724 4686 2002 4755 canonici,

323 4783 381 4831 et
454 4792 656 4831 eorum
703 4792 807 4847 per
877 4776 1290 4830 successionem
1376 4776 1697 4848 Praipositi,
1770 4775 2010 4830 liberam

322 4864 526 4920 dehinc
581 4881 711 4918 cum
775 4864 1033 4934 ipsorum
1090 4865 1497 4919 canonicorum
1575 4880 1876 4931 consensu,
1955 4869 2012 4918 et

322 4953 561 5008 consilio
601 4956 937 5024 potestatem
980 4952 1228 5008 habeant
1256 4954 1318 5007 in
1367 4952 1632 5007 meliores
1682 4968 1818 5007 usus
1861 4968 2011 5007 com-

321 5041 601 5118 mutandi,
686 5042 1115 5110 augmentandi,
1178 5048 1233 5096 et
1315 5042 1386 5096 ad
1470 5041 1775 5096 utilitatem
1833 5058 1996 5095 suam

323 5129 734 5200 quoqnomodo
784 5128 1111 5199 redigendi;
1164 5135 1447 5201 quatenus
1506 5134 1562 5183 et
1636 5129 1770 5199 ipsi,
1828 5129 2009 5183 nostri

234 5244 238 5246 ~
323 5217 572 5289 benigne
643 5231 929 5272 memores
988 5218 1140 5288 apud
1210 5220 1410 5283 Deum,
1480 5233 1545 5271 ac
1625 5217 2010 5272 dilectissimus

394 5324 499 5391 (56)
530 5323 685 5377 Alias
707 5324 943 5391 Senegis,
978 5331 1031 5379 et
1056 5325 1305 5391 Sagim’s;
1340 5339 1453 5377 non
1478 5322 1643 5377 video
1675 5323 1829 5379 aliud
1860 5323 2008 5378 indi-

324 5394 457 5459 cari,
494 5410 662 5463 quam
684 5394 779 5463 jus
809 5394 1156 5463 piscationis.
1190 5393 1431 5449 Consule
1462 5393 1756 5462 glossaria.

396 5466 508 5532 (57}
538 5466 728 5534 Neque
754 5464 876 5535 haec
901 5465 973 5519 ad
993 5465 1174 5518 Vitam
1199 5464 1259 5518 S.
1288 5463 1524 5518 Henrici
1544 5464 1861 5535 quidquam
1886 5482 2010 5535 per-

396 5481 447 5528 (ο
464 5481 508 5532 ι)
538 5481 728 5534 neque
754 5481 876 5519 haec
901 5481 973 5519 aa
999 5481 1174 5518 Vitam
1199 5481 1259 5518 ιδ.
1288 5481 1523 5518 αθηνιοι
1544 5481 1861 5589 quicquam
1886 5482 2010 5535 per-

323 5533 508 5588 tinent
535 5551 548 5588 :
574 5535 725 5589 unde
773 5534 829 5589 in
861 5535 1239 5605 appendicem
1285 5550 1540 5605 reponen
1586 5552 1617 5589 a
1675 5536 1789 5602 iam
1836 5552 2011 5608 supra

1948 5743 1970 5783 Ι

2122 4346 2363 4399 operum
2414 4331 2735 4385 declaratur
2808 4331 3054 4386 indiciis.
3112 4334 3307 4387 Solum
3355 4334 3572 4405 quippe
3626 4336 3813 4391 Deum

2122 4417 2232 4472 sibi
2259 4418 2427 4489 elegit
2459 4419 2749 4481 heredem,
2786 4426 3069 4491 quatenus
3099 4428 3155 4476 et
3188 4422 3307 4492 ipse
3339 4422 3399 4477 in
3446 4425 3808 4480 consortium

2122 4512 2350 4560 aeternae
2396 4507 2725 4562 hereditatis
2771 4524 2906 4562 eum
2953 4525 3242 4565 assumere
3295 4511 3657 4582 dignaretur.
3721 4513 3813 4567 Li-

2119 4594 2287 4650 beros
2313 4596 2525 4650 etenim
2571 4597 2888 4651 secundum
2939 4614 3167 4652 carnem
3228 4615 3332 4654 nec
3382 4600 3648 4668 habebat,
3705 4618 3816 4657 nec

2121 4684 2498 4754 exspectabat,
2532 4685 3001 4757 quandoquidem
3024 4703 3175 4755 cam,
3206 4704 3380 4758 quam
3412 4705 3517 4759 pro
3558 4692 3812 4763 conjuge

2119 4772 2330 4827 habere
2359 4772 2675 4841 videbatur,
2708 4774 3179 4845 Chunegundam,
3232 4793 3548 4849 numquam
3601 4795 3813 4849 cogno-

2119 4859 2265 4913 visse
2292 4861 2724 4930 comprobatum
2753 4866 2862 4917 est.
2918 4863 3172 4927 Qualiter
3226 4870 3420 4919 autem
3469 4866 3812 4936 innotuerit,

2120 4948 2190 5003 ad
2236 4964 2599 5003 communem
2655 4949 3108 5021 aediﬁcationem,
3162 4955 3629 5023 praetereundum
3685 4972 3806 5011 non

2120 5042 2224 5104 est,
2259 5042 2321 5092 ut
2343 5043 2398 5092 et
2419 5038 2773 5093 castimonia:
2813 5040 3148 5095 erudiamur
3203 5042 3498 5113 exemplis,
3557 5048 3614 5098 et
3666 5044 3813 5100 divi-

2120 5125 2327 5180 norum
2351 5130 2698 5181 secretorum
2739 5127 3114 5183 admiratione
3166 5146 3528 5198 moveamur;
3589 5132 3804 5188 intelli-

2119 5217 2319 5284 gentes
2377 5215 2870 5285 quemadmodum
2924 5217 3292 5289 diligentibus
3353 5220 3536 5275 Deum
3612 5222 3812 5277 omnia

2119 5322 2290 5377 dixim
2301 5339 2380 5376 us.

2188 5393 2302 5466 (58)
2334 5394 2409 5447 De
2440 5394 2703 5466 Brunone
2725 5396 2895 5466 paulo
2928 5396 3245 5452 distinctius
3272 5399 3625 5455 Adelboldus
3656 5417 3669 5454 :
3695 5418 3811 5456 cor-

2119 5464 2430 5519 rectionem
2460 5465 2586 5521 vide
2614 5464 2764 5521 infra
2791 5467 3071 5523 miraculo
3102 5469 3311 5541 primo.
