3940 6328
175 305 250 359 121
1804 319 1998 374 ACTA.
3563 329 3658 379 122

167 434 542 520 cooperantur
583 431 645 485 in
709 433 943 487 bonum.
975 435 1168 490 Tantis
1225 454 1475 509 namque
1520 456 1583 494 ac
1638 441 1845 496 talibus
1873 445 1918 499 A
1959 443 2247 499 Benedicti
2279 445 2570 513 audierat;
2605 450 2658 500 et
2689 447 2825 518 quia
2855 447 3116 517 reliquiae
3165 449 3288 520 ejus
3316 450 3652 506 dicebantur

166 516 325 571 bonis
381 520 620 575 tentatio
651 522 842 576 deesse
868 539 985 576 non
1020 525 1223 594 potuit.
1269 526 1500 582 Invidus
1531 529 1685 584 enim
1724 547 1848 584 om-

164 606 320 661 nium
351 607 634 665 bonorum
665 611 947 678 diabolus,
1011 613 1108 668 ubi
1153 619 1344 669 torum
1412 616 1848 672 immaculatum

165 696 414 752 sauciare
469 716 586 753 non
639 702 845 769 potuit,
879 701 1177 772 zelotypia!
1207 703 1387 758 livore
1423 706 1632 760 foedare
1685 707 1848 776 cogi—

164 784 322 849 tavit,
357 791 412 838 et
443 788 562 856 ejus
595 789 797 842 saltem
824 791 1036 844 famam
1084 792 1310 854 laedere,
1344 793 1435 846 cui
1469 795 1674 848 vulnus
1722 812 1845 849 cor-

165 872 445 941 ruptionis
492 875 754 946 infligere
808 894 923 932 non
954 879 1158 949 potuit.
1199 881 1362 935 Facta
1391 887 1475 937 est
1511 882 1714 953 igitur,
1747 901 1845 938 au-

163 964 311 1014 ctore
369 964 614 1031 diabolo,
665 973 924 1036 suspecta
975 968 1231 1023 criminis
1296 986 1362 1024 ea
1421 987 1551 1041 quae
1611 978 1850 1026 noverat

164 1051 442 1104 maculam
476 1055 874 1125 corruptionis.
927 1057 1032 1111 Sed
1099 1060 1232 1128 quia
1271 1058 1518 1113 crudelis
1575 1065 1680 1128 est,
1749 1060 1848 1130 qui

165 1137 372 1192 famam
434 1142 696 1211 negligit,
755 1144 1181 1214 expurgationis
1231 1146 1432 1215 gratia,
1489 1148 1560 1202 ad
1591 1165 1850 1202 vomeres

163 1227 464 1281 candentes
503 1229 644 1284 illud
675 1231 783 1285 sibi
821 1232 1100 1302 judicium
1131 1233 1360 1303 delegit,
1405 1237 1560 1306 quod
1618 1243 1850 1307 propter

164 1313 431 1369 duritiam
482 1317 784 1373 hominum
866 1320 1193 1375 institutum
1275 1337 1395 1375 esse
1468 1325 1846 1393 cognoscitur.

163 1403 416 1474 Cumque
444 1406 652 1460 dilecta
685 1409 798 1461 Deo
829 1409 900 1462 ad
943 1409 1083 1463 illud
1107 1410 1405 1480 judicium,
1439 1412 1592 1466 velut
1624 1413 1744 1466 ovis
1776 1414 1849 1467 ad

163 1491 504 1548 occisionem
565 1496 887 1563 duceretur,
949 1498 1255 1569 ingemuit,
1323 1504 1380 1554 et
1443 1500 1549 1566 ait;
1609 1502 1847 1556 Domine

161 1582 327 1647 Dens,
388 1588 608 1637 creator
663 1586 787 1640 cusli
851 1590 1037 1651 terrae,
1103 1587 1204 1657 qui
1261 1587 1469 1657 probas
1545 1604 1710 1643 renes
1795 1597 1850 1645 rt

159 1669 350 1733 corda,
394 1671 592 1741 jndica
637 1674 920 1743 judicium
992 1690 1204 1735 meum,
1256 1679 1313 1728 et
1365 1676 1523 1746 eripe
1582 1695 1699 1735 me.
1769 1681 1842 1734 Te

155 1758 308 1811 enim
339 1764 547 1815 testem
577 1766 631 1816 et
651 1763 905 1833 judicem
937 1764 1106 1818 hodie
1137 1765 1358 1830 invoco,
1392 1765 1528 1835 quia
1567 1783 1668 1821 nec
1695 1769 1848 1824 hunc

155 1853 500 1916 praesentem
559 1851 886 1906 Heinricum
941 1869 1045 1906 nec
1102 1853 1342 1906 alterum
1377 1869 1726 1925 quemquam
1775 1859 1851 1911 vi-

154 1948 283 1985 rum
313 1936 530 1989 carnali
559 1937 959 1993 commistione
999 1955 1272 2010 umquam
1326 1943 1587 2011 cognovi.
1622 1946 1737 1998 Hoc
1766 1944 1850 1998 di-

154 2025 267 2090 cto,
295 2024 664 2093 stupentibus
706 2043 770 2080 ac
808 2029 1076 2083 flentibus
1108 2032 1406 2100 universis,
1440 2033 1538 2103 qui
1587 2033 1847 2097 aderant,

153 2126 413 2164 vomeres
473 2114 778 2169 candentes
843 2119 996 2172 nudo
1051 2121 1289 2190 vestigio
1342 2121 1594 2187 calcavit,
1643 2126 1698 2175 et
1731 2121 1851 2174 sine

155 2199 476 2254 adustionis
530 2204 793 2258 molestia
854 2223 1052 2260 secura
1122 2210 1471 2279 pertransiit.
1559 2212 1640 2263 Ita
1702 2211 1850 2264 Deus

154 2288 523 2359 omnipotens
551 2292 838 2348 vinculum
866 2301 1032 2350 castae
1088 2298 1408 2352 dilectionis
1468 2297 1731 2364 servavit,
1764 2299 1850 2352 in-

156 2379 479 2432 nocentiam
505 2383 915 2451 comprobavit,
947 2392 1004 2439 et
1042 2385 1357 2457 integritati
1389 2387 1708 2441 custodiam
1739 2387 1852 2440 hu—

155 2467 417 2520 militatis
437 2468 716 2524 adhibuit.

223 2557 312 2610 24.
360 2559 517 2612 Inter
571 2559 690 2613 haec
744 2561 1058 2615 beatissimi
1116 2563 1397 2634 Principis
1439 2565 1623 2634 gloria
1669 2563 1853 2633 magis

156 2661 218 2698 ac
249 2647 434 2716 magis
487 2648 837 2715 proﬁciebat,
891 2657 947 2704 et
976 2651 1159 2721 gratia
1194 2652 1294 2706 Dei
1353 2659 1476 2706 erat
1523 2668 1652 2706 cum
1703 2652 1848 2722 ipso.

160 2734 284 2785 Non
311 2734 616 2788 declinavit
646 2737 875 2807 clypeus
909 2757 940 2792 a
969 2739 1143 2804 bello,
1176 2745 1233 2794 et
1259 2741 1422 2794 hasta
1452 2741 1575 2810 ejus
1624 2757 1738 2793 non
1770 2745 1854 2793 est

155 2838 381 2874 aversa.
421 2823 746 2892 Apuliama
779 2827 984 2879 Graecis
1048 2827 1148 2881 diu
1202 2845 1540 2897 possessam,
1596 2830 1852 2882 Romano

160 2909 409 2980 Imperio
458 2913 830 2982 recuperavit,
866 2919 921 2967 et
967 2914 1152 2970 eidem
1185 2917 1494 2985 provinciae
1554 2919 1850 2971 Ismaelem

1958 530 2156 585 furtim
2212 534 2451 588 sublatae
2507 534 2661 588 etin
2715 535 2891 589 alium
2927 537 3115 590 locum
3145 538 3455 602 translatae,
3518 539 3648 592 ideo

1961 618 2045 672 vir
2071 626 2296 675 sanctus
2346 622 2415 676 de
2477 624 2761 693 corporali
2815 624 2938 692 ejus
2978 625 3274 694 praesentia
3331 625 3645 680 dubitabat.

1959 709 2253 778 Completa
2293 711 2483 781 itaque
2523 711 2800 775 oratione,
2859 713 3032 765 homo
3073 712 3170 766 Dei
3210 713 3278 767 ad
3332 713 3649 783 hospitium

1959 813 2017 850 se
2049 797 2308 863 contulit,
2360 803 2418 851 et
2472 798 2708 852 lassatus
2743 816 2805 852 ac
2834 799 3157 853 debilitatus
3214 801 3273 853 in
3327 801 3535 855 lectulo
3592 818 3651 856 se

1958 885 2269 939 collocavit.
2328 888 2390 940 In
2439 903 2552 957 quo
2583 887 2951 941 obdormiens
3001 888 3142 942 vidit
3170 890 3224 943 S.
3285 890 3650 944 Benedictum

1958 973 2066 1027 sibi
2110 974 2390 1039 assistere,
2441 981 2499 1028 et
2554 976 2770 1030 ferrum
2824 977 3128 1031 sectorium
3178 978 3249 1031 ad
3284 978 3650 1032 medicinales

1958 1061 2236 1115 sectiones
2265 1067 2464 1132 aptum
2513 1080 2688 1117 manu
2737 1069 2952 1118 tenere.
3011 1065 3117 1128 Qui
3177 1064 3320 1118 dixit
3349 1064 3400 1117 ei
3450 1080 3462 1117 :
3510 1064 3652 1127 Quia

1958 1150 2198 1219 sperasti
2225 1151 2285 1204 in
2317 1153 2431 1205 Deo
2463 1152 2599 1205 etin
2647 1153 2866 1207 Sanctis
2916 1154 3059 1222 ejus,
3108 1169 3235 1208 ecce
3285 1153 3491 1206 missus
3522 1169 3648 1205 sum

1958 1254 1991 1290 a
2023 1239 2158 1304 Deo,
2187 1245 2247 1292 ut
2278 1255 2378 1309 per
2424 1257 2613 1294 meam
2665 1241 3008 1294 medicinam
3070 1241 3137 1294 ab
3189 1241 3522 1294 infirmitate
3555 1247 3651 1292 tua

1958 1325 2233 1380 libereris.
2264 1327 2400 1381 Ecce
2421 1344 2545 1396 ego,
2581 1329 2742 1397 cujus
2793 1345 2920 1381 ossa
2971 1328 3170 1381 furtim
3228 1329 3450 1382 sublata
3507 1332 3653 1382 esset

1961 1415 2222 1484 putabas,
2251 1416 2616 1484 praesentiam
2641 1432 2827 1469 meam
2868 1415 2972 1468 tibi
3028 1415 3296 1481 exhibeo,
3357 1421 3414 1470 et
3452 1416 3512 1469 in
3561 1433 3651 1468 ar-

1959 1508 2297 1571 gumentum
2329 1504 2584 1558 veritatis
2608 1504 2899 1573 passiones
2925 1509 3048 1557 tuas
3082 1505 3293 1558 curabo
3354 1504 3480 1573 (59).
3519 1506 3646 1558 Ilaec

1959 1591 2169 1654 dicens,
2222 1595 2445 1660 partem
2493 1591 2651 1645 illam
2681 1591 2956 1661 corporis,
2989 1591 3086 1646 ubi
3129 1592 3378 1645 calculus
3404 1591 3651 1661 jacebat,

1962 1678 2290 1733 medicinali
2320 1679 2491 1745 ferro,
2524 1680 2678 1749 quod
2737 1696 2940 1734 manus
2990 1680 3243 1747 tenebat,
3300 1680 3526 1750 aperuit
3573 1685 3650 1744 et,

1959 1769 2151 1821 evulso
2200 1768 2450 1822 molliter
2488 1769 2722 1834 calculo,
2783 1768 3004 1822 hiatum
3036 1768 3288 1822 vulneris
3322 1768 3510 1823 subita
3558 1786 3650 1821 sa-

1960 1857 2133 1910 nitate
2163 1857 2596 1928 redintegravit,
2651 1858 3048 1928 calculumque
3105 1873 3279 1929 quem
3331 1859 3540 1912 tulerat
3591 1858 3652 1911 in

1961 1962 2133 1999 manu
2168 1946 2332 2015 Regis
2365 1946 2704 2000 dormientis
2729 1946 2996 2016 reposuit,

2029 2037 2115 2087 26.
2179 2034 2301 2097 Quo
2356 2036 2522 2099 facto,
2583 2034 3099 2088 Christianissimus
3157 2036 3475 2105 Imperator
3533 2033 3650 2088 evi-

1959 2121 2175 2191 gilavit,
2215 2127 2270 2175 et
2299 2125 2648 2192 pertractans
2707 2138 2897 2177 secum
2948 2139 3077 2193 quae
3125 2123 3273 2176 circa
3319 2122 3508 2191 ipsum
3553 2137 3656 2190 per

1960 2211 2350 2265 Confessorem
2381 2209 2584 2265 Christi
2614 2213 2771 2280 gesta
2820 2211 3060 2275 fuerant,
3115 2210 3428 2279 vidensque
3476 2209 3656 2263 calcu-

1961 2300 2078 2352 lum
2138 2315 2310 2370 quem
2361 2315 2534 2352 manu
2611 2299 2862 2365 tenebat,
2933 2299 3152 2352 vocavit
3213 2298 3507 2364 satellites,
3555 2298 3654 2368 qui

1958 2390 2117 2457 regio
2151 2403 2311 2440 more
2343 2387 2450 2441 sibi
2482 2403 2706 2458 semper
2735 2387 3094 2452 assistebant,
3133 2387 3386 2456 dixitque
3409 2387 3476 2441 ad
3508 2402 3604 2440 eos
3639 2402 3651 2438 :

1963 2475 2260 2530 Pontiﬁces
2285 2476 2562 2547 regnique
2593 2475 2772 2529 nostri
2827 2475 3114 2544 Principes
3175 2480 3367 2528 vocate
3411 2475 3484 2529 ad
3533 2489 3654 2539 me;

1963 2569 2023 2617 ut
2052 2570 2392 2634 cognoscant
2425 2571 2482 2618 et
2513 2564 2740 2617 videant
2771 2564 3057 2617 mirabilia
3109 2562 3231 2627 Dei,
3274 2579 3405 2631 quae
3447 2562 3652 2615 ineffa-

1960 2650 2092 2703 bilis
2115 2651 2504 2704 misericordia
2531 2656 2587 2705 et
2630 2651 3031 2705 inenarrabilis
3091 2651 3348 2721 potentia
3392 2650 3514 2719 ejus
3565 2650 3654 2702 fe-

1963 2743 2164 2791 cerunt
2194 2738 2254 2791 in
2285 2756 2394 2792 me.
2453 2742 2525 2793 At
2549 2739 2633 2792 illi
2684 2739 2952 2792 mandata
3033 2738 3201 2808 Regis
3251 2737 3422 2791 celeri
3476 2753 3649 2791 cursu

1962 2826 2312 2894 perferentes
2342 2827 2414 2880 ad
2447 2825 2755 2896 Principes,
2818 2827 3209 2896 perduxerunt
3243 2843 3337 2879 eos
3398 2826 3469 2878 ad
3536 2827 3654 2880 Re-

1961 2931 2112 2984 gem.
2169 2915 2320 2978 Quos
2351 2916 2467 2969 Rex
2519 2916 2792 2980 salutans,
2853 2915 3309 2984 resalutatusque
3337 2915 3406 2968 ab
3437 2914 3540 2979 eis,
3575 2913 3655 2965 sic

154 2998 362 3052 ducem
415 2999 687 3068 praefecit.
722 3001 829 3066 Qui
861 3007 1058 3071 postea
1094 3004 1156 3056 in
1210 3004 1669 3074 Babenbergensi
1727 3004 1849 3057 loco
1883 3006 1922 3060 C
1961 3005 2286 3073 alloquutus
2345 3020 2440 3057 eos
2470 3008 2595 3057 est:
2658 3005 2879 3058 Fratres
2937 3010 2993 3057 et
3041 3004 3464 3057 commilitones
3509 3001 3644 3066 mei,

156 3093 439 3154 mortuus,
474 3094 530 3141 et
560 3089 617 3142 in
647 3089 896 3160 capitulo
928 3092 1160 3161 majoris
1221 3093 1552 3146 monasterii
1593 3095 1851 3162 sepultus

155 3179 468 3247 requiescit
498 3177 556 3231 in
584 3179 848 3234 Domino.
921 3180 1390 3235 Beneventanum
1437 3182 1846 3235 monasterium

154 3267 435 3331 condidit,
469 3273 524 3320 et
555 3267 711 3321 omni
747 3273 982 3322 ornatus
1011 3269 1214 3323 decore
1262 3271 1648 3339 locupletavit.
1682 3271 1850 3326 Cum-

153 3373 265 3426 que
321 3357 576 3409 civitates
623 3356 845 3425 Apuliie
895 3358 1286 3427 pertransiret,
1349 3364 1406 3412 et
1426 3374 1553 3428 quae
1586 3359 1654 3412 ad
1701 3358 1850 3411 utili-

158 3451 336 3498 tatem
372 3451 429 3498 et
459 3445 732 3499 honorem
757 3447 919 3516 regni
973 3447 1336 3516 pertinebant
1380 3447 1440 3500 in
1471 3448 1549 3501 eis
1599 3448 1851 3516 pruden-

159 3534 381 3586 tissime
429 3534 821 3603 disposuisset,
861 3536 1033 3605 caapit
1084 3535 1418 3590 infirmitate
1457 3537 1660 3589 calculi
1693 3537 1854 3589 labo-

159 3637 310 3675 rare.
346 3622 523 3692 Cujus
551 3622 738 3676 morbi
794 3624 1113 3678 molestiam
1171 3624 1256 3678 vir
1283 3629 1510 3678 sanctus
1549 3629 1708 3677 tanta
1755 3641 1854 3693 pa-

158 3710 366 3763 tientia
413 3711 699 3775 sustinuit,
737 3717 798 3765 ut
843 3712 1137 3781 passiones
1204 3712 1390 3766 carnis
1421 3713 1492 3766 ad
1544 3712 1857 3766 custodiam

159 3797 508 3851 humilitatis
538 3816 570 3852 a
619 3800 732 3853 Deo
785 3799 893 3853 sibi
945 3800 1175 3854 collatas
1207 3806 1502 3867 assereret,
1554 3806 1607 3855 et
1657 3801 1858 3870 flagel-

159 3887 284 3940 lum
337 3887 714 3956 correptionis
769 3889 1148 3943 certissimum
1233 3889 1465 3960 signum
1538 3889 1857 3942 dilectionis

159 3989 282 4026 esse
339 3973 672 4027 affirmaret.
735 3975 1008 4029 Fomenta
1061 3979 1254 4029 tamen
1305 3975 1668 4029 curationum
1726 3975 1860 4028 fecit

158 4062 270 4115 sibi
301 4061 583 4128 adhiberi,
645 4063 743 4116 sed
797 4064 955 4117 nulla
1010 4064 1365 4118 medicorum
1420 4063 1733 4118 subtilitate
1788 4063 1856 4117 ad

159 4150 454 4220 integrum
488 4150 672 4220 potuit
737 4150 986 4205 liberari.
1028 4153 1459 4222 Ingravescente
1517 4160 1707 4206 autem
1753 4153 1857 4206 d0-

162 4240 303 4305 lore,
339 4240 597 4294 ascendit
631 4246 882 4294 montem
928 4242 1249 4309 Cassinum,
1305 4241 1610 4312 petiturus,
1662 4247 1722 4294 ut
1753 4257 1854 4311 per

159 4328 634 4381 intercessionem
687 4330 742 4382 B.
805 4329 1090 4383 Benedicti
1131 4333 1182 4383 et
1243 4335 1451 4383 sanctze
1491 4329 1853 4384 Scholasticaa

158 4415 421 4470 sanitatis
448 4415 500 4469 ei
531 4432 563 4470 a
588 4418 699 4471 Deo
738 4421 1103 4487 praestaretur
1151 4418 1494 4471 remedium.

227 4508 320 4559 25.
369 4505 612 4559 Veniens
665 4510 855 4560 autem
940 4506 1012 4560 ad
1069 4507 1257 4560 locum
1337 4507 1436 4560 uhi
1519 4508 1855 4562 Sanctorum

157 4593 424 4665 reliquiae
483 4593 711 4648 fuerant
751 4595 1082 4660 reconditae,
1143 4595 1341 4649 effudit
1391 4595 1584 4649 anima
1639 4612 1740 4648 sua
1795 4596 1854 4648 in

158 4688 475 4753 conspectu
529 4682 826 4750 Altissimi,
882 4688 937 4736 et
1019 4699 1122 4753 per
1178 4689 1503 4738 sanctorum
1562 4684 1854 4755 suffragia,

162 4771 457 4826 Benedicti
518 4771 781 4826 videlicet
835 4777 890 4826 et
947 4772 998 4827 S.
1043 4773 1427 4841 Scholasticae,
1488 4773 1753 4843 precibus
1800 4777 1856 4824 et

161 4862 430 4932 lacrymis
455 4861 764 4931 postulavit
788 4878 822 4914 a
853 4862 968 4916 Deo
999 4863 1243 4916 salutem
1273 4861 1530 4932 corporis
1563 4867 1618 4914 et
1650 4861 1857 4914 animae

161 4951 269 5005 sibi
305 4950 586 5020 praestari.
647 4951 1065 5022 Impletumque
1115 4956 1201 5005 est
1254 4951 1406 5022 quod
1465 4967 1567 5020 per
1609 4951 1856 5022 Prophe-

161 5043 275 5094 tam
309 5039 520 5093 dicitur
549 5057 566 5092 :
601 5039 885 5110 Exquisivi
945 5039 1276 5108 Dominum,
1329 5043 1385 5093 et
1418 5038 1711 5114 exaudivit
1741 5055 1852 5105 me,

163 5134 216 5181 et
245 5145 313 5182 ex
355 5127 623 5182 omnibus
644 5127 1112 5183 tribulationibus
1142 5129 1284 5182 meis
1317 5127 1529 5198 eripuit
1555 5144 1664 5181 me.
1717 5128 1857 5182 Nam

162 5216 348 5285 petiit,
380 5221 438 5269 et
467 5215 770 5269 exauditus
798 5223 883 5271 est
914 5233 927 5283 ;
958 5217 1206 5288 pulsavit
1263 5217 1334 5270 ad
1391 5217 1602 5270 ostium
1661 5232 1860 5287 perse-

167 5310 428 5359 veranter
491 5304 813 5359 miserantis
865 5307 1156 5375 potentiae,
1215 5311 1271 5360 et
1336 5305 1698 5358 intromissus
1755 5310 1852 5358 est.

167 5397 391 5449 lnterea
417 5395 531 5449 Rex
579 5395 749 5464 ccepit
785 5393 1058 5464 cogitare,
1100 5411 1231 5466 quae
1264 5394 1334 5448 de
1397 5393 1768 5448 translatione
1801 5395 1856 5449 S.

1960 3094 2319 3163 magnificate
2352 3092 2656 3146 Dominum
2685 3108 2928 3160 mecum,
2964 3098 3019 3146 et
3063 3095 3375 3146 exaltemus
3439 3107 3650 3145 nomen

1960 3183 2082 3252 ejus
2147 3182 2206 3235 in
2261 3182 2529 3251 idipsum,
2582 3181 2717 3251 quia
2769 3187 2853 3235 est
2906 3197 3150 3250 magnus
3222 3181 3517 3245 Dominus,
3603 3183 3657 3232 et

1960 3270 2258 3325 laudabilis
2316 3269 2508 3338 nimis,
2541 3274 2595 3322 et
2627 3269 3046 3340 magnitudinis
3070 3270 3190 3339 ejus
3222 3286 3336 3323 non
3385 3275 3470 3322 est
3496 3259 3657 3322 ﬁnis.-

1960 3361 2086 3429 Ipse
2117 3358 2378 3429 percutit,
2428 3363 2484 3411 et
2528 3358 2832 3412 medetur:
2891 3359 3141 3427 flagellat
3203 3362 3547 3426 peccatores,
3604 3361 3658 3409 et

1959 3447 2371 3518 pwnitentibus
2431 3446 2749 3500 miseretur.
2834 3447 2993 3498 Hunc
3063 3446 3349 3512 humiliat,
3411 3450 3467 3498 et
3504 3446 3657 3498 hunc

1962 3537 2169 3591 exaltat
2202 3552 2214 3589 :
2250 3535 2389 3606 quia
2419 3534 2563 3588 calix
2593 3534 2653 3588 in
2684 3551 2856 3587 manu
2914 3534 3139 3587 Domini
3191 3532 3307 3587 vini
3337 3533 3481 3586 meri
3534 3535 3655 3602 ple-

1963 3641 2070 3678 nus
2115 3624 2308 3679 misto.
2375 3625 2454 3676 En
2508 3639 2634 3693 ego,
2692 3622 2792 3693 qui
2852 3622 2976 3677 heri
3026 3621 3194 3675 morti
3229 3621 3520 3692 proximus
3549 3621 3654 3681 fui.

1964 3731 2066 3785 per
2095 3712 2543 3767 misericordiam
2591 3712 2685 3766 Dei
2721 3712 2892 3766 hodie
2925 3711 3081 3765 vobis
3107 3727 3358 3781 appareo
3410 3727 3582 3763 sanus
3643 3726 3655 3763 :

1965 3804 2018 3856 ei
2067 3804 2326 3856 aculeum
2386 3801 2601 3866 mortis,
2663 3817 2834 3871 quem
2914 3801 3038 3854 heri
3095 3800 3311 3869 gestavi
3362 3800 3658 3852 inclusum

1965 3890 2192 3961 corpori
2257 3906 2404 3954 meo,
2483 3888 2652 3943 hodie
2726 3890 2903 3943 oculis
2951 3888 3149 3943 vestris
3199 3887 3500 3941 visibiliter
3566 3903 3662 3940 os-

1965 3980 2156 4033 tendo.

2029 4071 2115 4121 '27.
2166 4068 2293 4120 Haec
2350 4065 2562 4132 dicens,
2613 4066 2859 4120 ostendit
2917 4065 3220 4129 calculum,
3253 4080 3426 4135 quem
3484 4079 3661 4118 manu

1968 4155 2215 4223 tenebat,
2269 4160 2325 4210 et
2380 4155 2685 4210 ostendens
2732 4155 3055 4209 cicatricem
3111 4153 3385 4217 vulneris,
3445 4151 3658 4234 omnia,

1967 4260 2097 4313 quae
2147 4260 2250 4315 per
2306 4249 2563 4299 sanctum
2633 4243 3002 4299 Benedictum
3045 4242 3193 4296 circa
3249 4241 3440 4309 ipsum
3490 4242 3664 4310 {gesta

1967 4337 2148 4396 erant,
2180 4333 2395 4386 cunctis
2447 4332 2831 4397 audientibus,
2874 4346 2937 4383 ex
2980 4328 3180 4383 ordine
3233 4327 3541 4381 referebat.
3594 4329 3666 4381 At

1969 4419 2051 4471 illi
2081 4419 2338 4472 videntes
2369 4424 2424 4471 et
2452 4418 2747 4472 audientes
2777 4416 3062 4470 mirabilia
3114 4414 3232 4480 Dei,
3258 4419 3314 4468 et
3338 4413 3464 4484 plus
3487 4429 3662 4484 quam

1967 4507 2120 4560 credi
2174 4511 2377 4577 potest,
2436 4505 2708 4559 admirati
2760 4509 2919 4570 sunt;
2964 4511 3020 4558 et
3074 4503 3480 4557 benedicentes
3523 4503 3660 4569 Deo,

1969 4596 2180 4665 diuque
2211 4595 2269 4647 in
2302 4594 2526 4647 laudem
2559 4593 2681 4662 ejus
2727 4595 3103 4647 acclamantes
3145 4592 3214 4647 de
3272 4591 3663 4646 incolumitate

1969 4683 2140 4754 Regis
2183 4681 2359 4753 gavisi
2398 4687 2552 4736 sunt.
2586 4683 2951 4751 Rursumque
2985 4683 3098 4736 Rex
3150 4681 3221 4735 ad
3283 4697 3382 4734 eos
3422 4697 3435 4734 :
3489 4681 3660 4744 Quas,

1968 4772 2174 4843 inquit,
2207 4771 2524 4842 gratiarum
2565 4769 2833 4834 actiones,
2879 4774 2977 4822 aut
3006 4785 3136 4839 quae
3198 4784 3438 4822 munera
3492 4767 3663 4822 tantis

1968 4859 2263 4914 beneficiis
2302 4858 2584 4928 condigna
2622 4856 2842 4910 medico
2878 4861 3072 4910 nostro
3107 4857 3409 4910 Benedicto
3465 4873 3661 4926 possu-

1969 4966 2097 5004 mus
2128 4946 2480 5018 rependere?
2509 4949 2580 5000 At
2603 4946 2686 5000 illi
2716 4961 2916 4999 omnes
2943 4945 3347 5014 iudicaverunt
3377 4961 3509 4999 eum
3573 4960 3663 4997 re-

1970 5039 2063 5109 gia
2077 5036 2469 5092 muniﬁcentia
2491 5035 2889 5106 dignumesse.
2929 5034 3042 5087 Rex
3074 5049 3210 5102 ergo
3234 5031 3473 5086 consilio
3505 5031 3664 5085 Prin-

1969 5129 2164 5198 cipum
2195 5142 2427 5179 suorum
2459 5124 2718 5195 ingentia
2748 5138 2987 5176 munera
3015 5122 3073 5175 in
3105 5121 3355 5191 praediis,
3408 5120 3470 5173 in
3499 5137 3663 5188 auro,

1970 5218 2029 5271 in
2069 5221 2328 5288 argento,
2361 5213 2419 5268 in
2440 5211 2793 5267 ormanentis
2823 5209 3087 5281 plurimis
3112 5209 3367 5263 ecclesias
3398 5208 3453 5263 S.
3491 5209 3666 5262 Bene-

1970 5305 2103 5360 dicti
2160 5303 2418 5359 cootulit.
2471 5303 2536 5357 Et
2599 5300 2938 5356 valefaciens
2989 5297 3276 5365 fratribus,
3322 5297 3422 5368 qui
3475 5296 3664 5351 eidem

1971 5392 2221 5448 ecclesia:
2276 5391 2682 5462 praesidebant,
2750 5408 2784 5444 a
2831 5389 3061 5442 Cassino
3113 5390 3306 5440 monte
3358 5385 3556 5439 hilaris
3613 5391 3670 5440 et

240 5561 347 5625 (59)
383 5557 460 5610 De
484 5556 592 5610 hac
615 5559 672 5609 et
697 5555 979 5626 adjunctis
1009 5560 1066 5611 et
1094 5555 1222 5610 aliis
1250 5554 1506 5610 historiis
1534 5554 1591 5608 in
1623 5554 2040 5609 Commentario
2073 5553 2449 5622 disceptatum
2482 5555 2586 5606 est.
