3938 6326
216 322 313 373 123

1509 319 1563 370 S.
1610 316 1892 372 llENRlCI
1930 315 2405 372 IMPERATORIS

3625 320 3721 373 124

216 442 660 498 sanusdiscessit
708 442 1434 511 Abeoautemtempore,et
1457 439 1909 510 deinceps.qua-
1943 439 1987 491 A
2028 438 2332 510 praecipuis
2379 439 2619 510 angelis,
2670 454 2895 493 sacrum
2966 439 3255 510 Evangelii
3311 445 3522 495 textum
3588 455 3721 492 cum

218 534 347 587 dam
380 531 612 601 speciali
646 530 953 585 dilectione
980 534 1036 583 et
1067 530 1429 583 veneratione
1463 529 1517 583 S.
1584 528 1904 593 Benedicto,

214 626 271 673 et
300 620 567 673 omnibus
598 619 923 672 monasticae
972 617 1263 688 religionis
1309 616 1623 671 cultoribus
1688 613 1911 667 studuit

213 707 520 773 deservire,
572 713 628 761 et
670 707 729 760 in
764 705 1182 776 ampliﬁcandis
1230 721 1293 757 ac
1342 702 1704 774 protegendis
1738 701 1908 754 rebus

217 795 614 849 ecclesiasticis
673 795 958 861 benignus
1013 811 1077 847 ac
1128 793 1362 847 devotus
1429 794 1594 845 Pater
1641 790 1904 844 existere.

221 885 349 937 Haec
379 882 437 934 in
463 881 691 935 Cassino
723 887 916 935 monte
944 881 1153 950 scripta
1177 880 1571 945 inveniuntur,
1605 884 1667 931 ut
1701 883 1757 931 et
1794 893 1911 931 mo-

220 969 377 1024 derni
431 970 721 1039 magnalia
760 969 859 1023 Dei
911 970 970 1022 in
1000 968 1279 1022 memoria
1312 968 1582 1035 habeant,
1615 965 1706 1035 let
1757 966 1909 1036 apud

217 1063 479 1128 posteros
511 1074 613 1128 per
652 1057 1055 1127 antiquitatem
1113 1057 1385 1125 temporis
1445 1056 1503 1108 in
1559 1054 1909 1109 oblivionem

222 1163 337 1200 non
371 1146 623 1200 veniant.
660 1147 743 1212 Et,
795 1146 840 1198 si
885 1146 1013 1215 quis
1067 1145 1207 1198 scire
1243 1144 1527 1198 desiderat
1576 1158 1754 1212 quare
1785 1142 1906 1212 glo-

216 1234 565 1288 riosissimus
605 1233 917 1303 imperator
948 1233 1244 1287 Heinricus
1299 1230 1718 1295 claudicaverit,
1779 1246 1907 1284 cum

217 1324 476 1393 primum
507 1337 747 1392 corpore
786 1326 904 1374 toto
946 1336 1117 1374 sanus
1142 1320 1317 1374 fuerit
1342 1320 1488 1374 hanc
1516 1335 1748 1373 causam
1805 1335 1909 1372 no-

222 1411 386 1463 verit.

288 1501 376 1552 28.
418 1499 560 1553 Cum
600 1496 724 1567 ipse
753 1497 1003 1567 quodam
1057 1500 1319 1565 tempore
1349 1496 1594 1550 venisset
1641 1496 1701 1548 in
1748 1496 1909 1564 ,Apu-

218 1586 374 1649 liam,
453 1601 559 1654 pro
623 1584 997 1654 disponendis
1052 1584 1381 1655 reipublicae
1438 1584 1703 1654 negotiis,
1783 1600 1911 1654 per-

221 1675 377 1728 venit
432 1673 492 1726 in
569 1679 824 1727 montem
900 1675 1249 1742 Garganum,
1329 1672 1390 1726 in
1428 1673 1551 1743 ejus
1620 1671 1913 1742 crepidine

221 1762 330 1815 sita
415 1765 499 1814 est
568 1760 801 1827 laevitas,
879 1766 935 1814 et
1013 1760 1071 1814 in
1117 1760 1292 1813 latere
1369 1760 1567 1813 mortis
1627 1759 1687 1813 in
1771 1775 1912 1830 rupe

223 1865 486 1913 concava,
522 1853 603 1902 est
652 1848 883 1901 basilica
943 1865 1058 1902 non
1113 1849 1184 1902 ab
1242 1848 1572 1902 hominibus
1618 1848 1911 1912 fabricata,

222 1953 410 2008 neque
466 1951 568 2007 per
607 1936 901 1990 hominem
954 1935 1232 2003 dedicata,
1293 1936 1390 1989 sed
1443 1934 1775 2004 operatione
1828 1934 1912 1987 di-

223 2026 356 2078 vina
400 2026 485 2078 vel
517 2024 727 2078 virtute
785 2030 1068 2079 exstructa
1116 2023 1498 2078 :mirabiliter
1562 2022 1775 2077 etenim
1829 2022 1911 2076 di-

224 2114 355 2169 vina
423 2113 821 2168 benedictione
922 2113 1324 2167 venerabiliter
1396 2117 1723 2166 consecrata
1813 2116 1909 2164 est.

226 2203 406 2270 Hujus
471 2202 719 2256 basilica:
798 2207 976 2256 exstat
1026 2208 1303 2272 patronus
1373 2201 1609 2255 Michael
1661 2200 1917 2255 Archan-

227 2290 410 2359 gelus.
445 2292 507 2344 In
542 2291 647 2344 hac
683 2290 897 2344 etenim
929 2290 1182 2354 ecclesia,
1242 2289 1497 2359 qualibet
1560 2288 1919 2344 hebdomada

225 2383 428 2432 cantus
459 2379 774 2448 angelicus,
812 2379 879 2433 ab
907 2379 998 2433 his
1030 2378 1126 2448 qui
1181 2379 1355 2448 digna
1385 2382 1539 2445 sunt,
1570 2377 1755 2431 audiri
1786 2392 1917 2446 per-

227 2468 477 2523 hibetur.
541 2470 696 2522 Hanc
752 2468 947 2537 itaque
1024 2466 1334 2534 basilicam,
1393 2465 1669 2520 orationis
1728 2481 1917 2530 causa,

225 2573 357 2611 cum
410 2556 613 2610 ceteris
669 2556 876 2609 Christi
933 2555 1198 2609 fidelibus
1246 2555 1332 2607 vir
1370 2556 1486 2608 Deo
1538 2555 1780 2607 devotus
1835 2559 1922 2607 est

226 2644 535 2713 ingressus.
571 2644 828 2714 Cumque
851 2644 1048 2697 laudes
1079 2643 1299 2697 divinas
1337 2642 1483 2696 inibi
1513 2642 1918 2707 celebrassent,

229 2737 285 2785 et
324 2736 456 2786 vota
522 2747 758 2802 precum
807 2746 1040 2784 suarum
1090 2746 1221 2785 cum
1270 2730 1452 2783 multa
1483 2729 1783 2782 devotione
1813 2730 1920 2783 Leo

230 2819 641 2873 reddidissent:
672 2825 902 2888 tempus
928 2820 1046 2888 jam
1074 2819 1289 2884 aderat,
1317 2833 1432 2887 quo
1463 2817 1703 2870 caelestis
1716 2816 1924 2871 exerci-

230 2912 324 2961 tus
354 2907 425 2960 ad
456 2907 652 2960 laudes
673 2908 787 2960 Deo
816 2906 1237 2974 persolvendas,
1270 2906 1550 2974 templum
1570 2905 1678 2959 hoc
1698 2920 1920 2959 sacrum

2020 526 2267 581 maxima
2312 527 2634 581 reverentia
2972 528 3180 581 detulit
3247 544 3537 598 personae;
3604 543 3724 598 quo

2018 616 2180 669 illum
2214 616 2838 669 deosculante:innuit
2893 617 3120 685 angelo,
3178 622 3240 669 ut
3292 618 3557 671 eumdem
3613 616 3716 669 de-

2019 704 2392 757 osculandum
2422 704 2671 757 deferret
2702 704 3065 774 Imperatori,
3097 705 3155 757 in
3188 706 3553 774 angulo.......
3605 707 3723 757 An-

2020 793 2147 862 gelo
2190 809 2322 846 vero
2365 794 2530 862 jussu
2579 792 2685 845 sibi
2744 792 3091 861 complente,
3144 792 3450 861 praedictus
3506 790 3721 846 Christi

2018 881 2267 935 famulus
2296 881 2365 934 ad
2397 880 2687 933 insolitam
2735 885 2909 933 tantae
2940 880 3253 949 majestatis
3284 886 3341 933 et
3371 880 3567 951 gloriae
3632 880 3723 932 vi-

2019 973 2241 1023 sionem
2268 968 2440 1038 ccepit
2468 968 2660 1022 animo
2694 984 3015 1038 pavescere,
3061 975 3117 1022 et
3146 968 3416 1022 omnibus
3446 967 3725 1020 membris

2019 1057 2487 1123 contremiscere;
2557 1061 2853 1126 tamquam
2909 1057 3123 1111 diceret
3169 1072 3299 1110 cum
3375 1055 3657 1125 Propheta
3706 1073 3721 1108 :

2022 1146 2339 1200 Contritum
2363 1150 2448 1199 est
2472 1160 2569 1198 cor
2601 1160 2794 1198 meum
2826 1144 2885 1198 in
2927 1144 3119 1198 medio
3173 1144 3306 1206 mei,
3349 1149 3726 1197 contremue-

2021 1239 2157 1287 runt
2185 1233 2381 1286 omnia
2411 1248 2539 1286 ossa
2571 1248 2718 1286 mea.

2091 1324 2179 1375 30.
2232 1323 2362 1376 Haec
2433 1322 2669 1391 angelus
2718 1321 2813 1374 ille
2884 1320 3113 1387 videns;
3188 1320 3445 1374 modeste
3529 1320 3727 1374 femur

2022 1410 2147 1479 ejus
2175 1410 2380 1480 tetigit,
2412 1409 2676 1479 inquiens
2712 1426 2724 1463 :
2762 1411 2839 1464 Ne
2869 1409 3097 1476 timeas,
3127 1409 3304 1462 electe
3361 1408 3477 1473 Dei,
3541 1423 3719 1477 surge

2022 1496 2311 1562 velociter,
2369 1496 2629 1566 ,signum
2704 1496 2861 1566 pacis
2924 1496 3200 1549 divinitus
3250 1495 3359 1549 sibi
3424 1495 3727 1549 transmis-

2023 1600 2151 1638 sum
2199 1582 2513 1654 suscipiens
2538 1585 2835 1650 alacriter;
2862 1585 3147 1655 extemplo
3180 1589 3237 1638 et
3284 1583 3476 1637 statim
3529 1583 3722 1637 femur

2023 1673 2147 1743 ejus
2177 1673 2485 1739 emarcuit;
2528 1679 2584 1726 et
2621 1673 2828 1727 exinde
2886 1673 3044 1727 omni
3092 1678 3353 1742 tempore
3408 1673 3541 1726 vitae
3602 1688 3727 1725 suae

2023 1761 2381 1818 claudicavit.
2415 1761 2630 1816 Similis
2682 1776 2786 1830 per
2823 1761 3021 1815 omnia
3046 1766 3283 1815 eventus
3332 1761 3403 1814 de
3433 1760 3600 1815 beato
3629 1761 3725 1813 Ja-

2024 1850 2126 1905 cob
2188 1850 2421 1920 legitur,
2478 1851 2642 1919 cujus
2673 1850 2861 1903 femur
2892 1850 2967 1903 ad
3020 1853 3236 1903 tactum
3281 1848 3471 1918 angeli
3526 1863 3727 1901 secum

2022 1938 2290 1993 luctantis
2321 1938 2616 1992 emarcuit.
2642 1940 2770 1993 Haec
2800 1937 3056 2007 quidem,
3090 1941 3151 1990 ut
3200 1952 3396 1990 verum
3426 1937 3628 2001 fatear,
3662 1936 3729 1990 in
3775 1965 3778 1968 ~

2024 2026 2321 2096 scripturis
2343 2043 2458 2095 non
2508 2026 2723 2088 inveni,
2785 2026 2882 2080 sed
2921 2026 3106 2079 relatu
3135 2024 3424 2078 veracium
3472 2031 3530 2078 et
3557 2040 3729 2077 vene-

2025 2115 2297 2169 rabilium
2344 2115 2625 2179 virorum,
2665 2114 2787 2168 haec
2835 2129 2967 2167 vera
2993 2129 3131 2177 esse,
3166 2114 3226 2168 in
3284 2114 3521 2167 veritate
3552 2129 3725 2166 com—

2024 2203 2170 2273 peri.
2201 2203 2482 2274 Equidem
2512 2208 2842 2273 preepotens
2881 2202 3267 2256 Cancellarius
3300 2201 3554 2272 episcopi
3584 2202 3731 2254 Her-

2026 2289 2359 2360 bipolensis,
2413 2291 2707 2345 Conradus
2767 2290 3020 2355 nomine,
3098 2290 3197 2360 qui
3262 2289 3730 2360 persecutionem

2027 2395 2225 2451 passus
2255 2384 2339 2434 est
2368 2384 2604 2450 propter
2656 2379 2958 2449 justitiam,
3016 2380 3159 2444 haec,
3211 2394 3341 2448 quae
3371 2378 3519 2431 dicta
3567 2384 3729 2443 sunt,

2028 2484 2087 2521 se
2129 2467 2352 2537 legisse,
2394 2472 2720 2521 constanter
2780 2466 3108 2526 afﬁrmavit.
3141 2471 3196 2520 et
3243 2466 3303 2519 in
3334 2464 3582 2521 Ecclesia
3617 2468 3731 2520 Ba-

2028 2555 2410 2626 benbergensi
2454 2555 2693 2625 positus,
2744 2555 2942 2609 multis
2991 2554 3355 2609 audientibus
3406 2553 3733 2620 enarravit;

2030 2661 2096 2699 ex
2128 2644 2335 2715 quibus
2381 2660 2533 2697 unus
2591 2643 2731 2697 mihi
2787 2643 3105 2708 familiaris,
3167 2648 3223 2697 et
3252 2643 3374 2714 ipse
3432 2643 3602 2713 plane
3644 2643 3735 2695 vir

2030 2732 2336 2799 veridicus,
2371 2732 2515 2785 mihi
2546 2731 2796 2785 ﬁdeliter
2833 2731 3141 2795 intimavit,
3197 2737 3254 2784 et
3280 2733 3503 2785 volente
3538 2747 3629 2784 me
3661 2732 3735 2783 si-

2030 2821 2206 2875 lentio
2254 2820 2634 2890 supprimere,
2680 2820 2889 2873 obnixe
2938 2821 3183 2890 rogavit,
3231 2824 3293 2873 ut
3341 2820 3650 2873 scriberem
3710 2836 3726 2874 :

2029 2908 2264 2962 tandem
2285 2923 2391 2976 ego
2422 2906 2673 2977 petentis
2698 2908 2993 2972 instantia,
3042 2912 3098 2961 et
3152 2906 3454 2961 sedulitate
3485 2923 3733 2961 monen-

232 2997 419 3049 fuerat
454 2995 765 3064 ingressus.
818 2995 1014 3065 Itaque
1063 3010 1193 3047 cum
1234 3009 1433 3046 omnes
1492 2994 1920 3062 egrederentur,
1953 2998 1994 3051 C
2032 2995 2106 3049 tis
2148 2995 2431 3056 inductus,
2491 2994 2741 3048 ﬁdeliter
2789 2995 3124 3064 conscripsi,
3180 3000 3465 3065 quatenus
3495 2994 3555 3048 in
3586 3011 3735 3065 pro-

234 3091 294 3137 et
322 3082 424 3153 qui
453 3099 673 3136 moram
711 3084 961 3137 facerent
993 3082 1412 3152 expellerentur
1457 3081 1637 3147 exire;
1672 3082 1759 3135 vir
1792 3098 1919 3135 san-

234 3177 358 3225 ctus
382 3172 710 3241 postulabat
747 3177 815 3226 ut
870 3172 921 3225 ei
944 3172 1096 3225 intus
1151 3170 1487 3225 remanendi
1526 3170 1763 3224 facultas
1788 3186 1923 3224 con-

232 3261 551 3315 cederetur.
604 3260 786 3329 Igitur
813 3261 1080 3314 omnibus
1123 3259 1385 3328 egressis,
1418 3259 1570 3312 solus
1618 3258 1759 3329 ipse,
1792 3274 1923 3329 spe-

234 3364 364 3401 rans
394 3348 456 3402 in
487 3348 877 3402 misericordia
922 3348 1040 3412 Dei,
1075 3348 1218 3401 inibi
1270 3362 1500 3401 manere
1535 3346 1926 3416 praesumpsit,

233 3442 289 3490 et
316 3453 513 3506 preces
543 3436 807 3506 precibus
844 3435 1217 3502 continuavit,
1266 3441 1322 3489 et
1350 3451 1605 3505 genuum
1656 3435 1929 3489 ﬂexiones

232 3525 465 3579 iteravit
495 3543 508 3579 :
540 3526 600 3579 in
632 3542 744 3596 quo
775 3527 968 3579 multis
990 3524 1254 3594 lacrymis
1292 3523 1501 3578 divinae
1558 3540 1616 3576 se
1645 3524 1932 3577 commisit

235 3613 581 3681 clementiae,
634 3619 689 3666 et
747 3614 999 3667 animam
1060 3628 1220 3666 suam
1279 3613 1445 3666 beato
1517 3611 1774 3665 Michaeli
1823 3614 1931 3666 Ar-

236 3702 515 3770 changelo
547 3717 676 3755 cum
698 3703 879 3755 multa
926 3700 1338 3772 supplicatione
1369 3700 1588 3754 studuit
1627 3715 1930 3753 commen-

239 3790 394 3843 dare.

307 3879 395 3928 29.
431 3875 687 3945 Cumque
736 3875 819 3945 pii
877 3876 1027 3945 regis
1081 3875 1379 3929 incensum
1426 3873 1535 3945 (60)
1602 3874 1932 3927 ascenderet

241 3979 363 4017 ram
389 3964 652 4031 Domino,
686 3965 835 4017 Deus
863 3965 1057 4031 Israel,
1087 3965 1187 4035 qui
1219 3965 1277 4017 in
1303 3962 1524 4017 Sanctis
1551 3962 1667 4016 suis
1709 3978 1933 4033 semper

239 4057 326 4105 est
376 4051 677 4114 mirabilis,
725 4051 1045 4105 mirabilem
1090 4051 1142 4105 ei
1202 4051 1472 4120 dignatus
1502 4057 1586 4104 est
1633 4050 1933 4104 ostendere

238 4138 537 4213 visionem.
581 4138 731 4193 Vidit
777 4140 931 4192 enim
968 4140 1301 4208 angelorum
1363 4137 1794 4191 multitudinem
1834 4154 1928 4190 co-

242 4228 484 4299 piosam,
517 4228 771 4281 adinstar
796 4227 932 4281 solis
952 4227 1330 4298 splendidam,
1358 4226 1639 4295 templum
1671 4231 1929 4279 sanctum

241 4317 693 4384 ingredientem;
744 4332 809 4369 ex
844 4316 1053 4385 quibus
1083 4315 1195 4369 duo
1248 4313 1563 4385 principale
1621 4314 1932 4367 solenniter

242 4405 602 4460 adornabant
630 4406 828 4458 altare.
861 4404 1075 4459 Deinde
1105 4403 1249 4456 vidit
1297 4402 1436 4455 alias
1466 4401 1776 4455 caelestium
1807 4402 1929 4455 Vir-

242 4498 433 4547 tutum
472 4493 733 4547 cohortes
762 4493 1114 4556 innumeras,
1149 4492 1208 4544 in
1235 4490 1671 4543 similitudinem
1692 4490 1934 4559 fulguris

243 4581 595 4636 coruscantis
633 4581 937 4649 fulgentes,
972 4584 1028 4633 et
1060 4579 1220 4649 quasi
1247 4580 1550 4649 primatem
1584 4594 1751 4632 suum
1802 4594 1933 4632 cum

244 4671 430 4740 gloria
463 4669 713 4722 maxima
741 4668 1085 4721 deducentes
1120 4684 1131 4720 ε
1167 4683 1270 4720 nec
1311 4666 1549 4720 dubium
1582 4666 1734 4719 hunc
1760 4665 1935 4720 fuisse

242 4758 487 4812 celestis
535 4756 756 4809 militiae
788 4754 1150 4824 signiferum.
1208 4754 1525 4807 Novissime
1558 4768 1691 4806 vero
1727 4748 1959 4806 meruit

245 4846 439 4899 videre
470 4845 657 4914 ipsum
690 4844 901 4913 Regem
934 4842 1267 4912 angelorum
1304 4842 1626 4896 venientem
1673 4858 1801 4895 cum
1829 4856 1934 4911 po-

244 4938 452 4987 testate
482 4947 691 5001 magna
720 4936 779 4985 et
818 4931 1050 4985 virtute.
1086 4932 1149 4984 In
1197 4930 1361 4999 cujus
1394 4930 1670 5000 obsequio
1697 4930 1938 4985 caelestis

244 5019 526 5074 exercitus
548 5018 1010 5086 innumerabilis,
1044 5024 1102 5072 et
1140 5018 1413 5087 splendor
1460 5019 1583 5088 ejus
1634 5018 1933 5089 incompa-

244 5107 440 5161 rabilis
469 5123 483 5160 :
516 5106 679 5176 cujus
727 5107 939 5161 etenim
971 5112 1115 5161 nutu
1149 5111 1430 5177 reguntur
1461 5106 1655 5160 omnia
1693 5107 1940 5161 caelestia

247 5203 305 5251 et
365 5195 678 5250 terrestria.
733 5197 989 5265 Denique
1028 5196 1237 5250 chorus
1268 5212 1429 5249 novae
1485 5195 1839 5249 Hierusalem
1883 5196 1940 5249 in

253 5285 522 5356 praedicta
550 5285 820 5339 collectus
883 5283 1118 5338 basilica
1145 5284 1407 5338 divinum
1451 5283 1766 5337 solenniter
1794 5284 1938 5337 cele-

251 5374 439 5428 bravit
468 5373 830 5445 obsequium.
864 5372 985 5437 Quo
1018 5372 1249 5427 tandem
1315 5372 1620 5442 completo,
1674 5389 1823 5427 unus
1873 5390 1941 5428 ex

454 5479 725 5560 intelligo
755 5479 1103 5560 orationum,
1134 5495 1276 5560 quas
1290 5478 1377 5560 ad
1430 5480 1610 5560 Deum
1647 5478 1937 5560 fundebat.

323 5549 429 5619 (61)
454 5551 592 5603 Tota
619 5551 743 5604 haec
768 5549 1200 5604 claudicationis
1244 5549 1486 5604 historia
1514 5550 1733 5621 adjecta
1762 5554 1847 5605 est
1876 5567 1942 5605 ex

1965 4270 2007 4323 Ῑ)
2111 4286 2263 4353 peric
2303 4286 2472 4351 gesta,

2036 3083 2201 3155 genie
2237 3084 2415 3136 altera
2436 3083 2557 3136 haec
2612 3088 2975 3137 enarrantur.
3021 3083 3244 3136 Mallem
3303 3099 3503 3136 somno
3556 3084 3735 3138 modo

2037 3170 2351 3241 quiescere,
2395 3186 2569 3240 quam
2595 3170 2727 3224 ficta
2755 3172 2843 3225 vel
2864 3170 3068 3225 frivola
3112 3172 3181 3225 de
3212 3170 3428 3225 Sanctis
3460 3171 3561 3225 Dei
3588 3171 3734 3224 scri-

2036 3260 2191 3325 bere,
2224 3259 2547 3327 pra>sertim
2580 3259 2717 3313 dum
2741 3275 2884 3328 opus
2914 3276 3030 3313 non
3052 3259 3265 3313 habent
3293 3258 3445 3313 falsis
3467 3259 3735 3313 laudibus

2037 3347 2303 3415 exaltari;
2336 3347 2437 3418 qui
2474 3346 2652 3417 signis
2695 3352 2751 3401 et
2805 3347 3087 3418 prodigiis
3140 3364 3402 3402 meruere
3451 3348 3730 3402 decorari.

2039 3439 2168 3492 Haec
2199 3437 2269 3490 de
2298 3441 2416 3490 tam
2473 3435 2722 3506 glorioso
2774 3435 3048 3489 miraculo
3093 3435 3241 3489 dicta
3298 3435 3603 3489 sufﬁciant.
3669 3436 3739 3488 Et

2039 3526 2095 3579 id
2118 3524 2352 3579 evidens
2381 3523 2553 3593 hujus
2569 3522 2720 3592 signi
2748 3522 3143 3576 testimonium
3197 3521 3377 3592 ipsius
3428 3523 3491 3576 S.
3557 3522 3735 3576 Hein-

2041 3614 2143 3668 rici
2175 3614 2368 3684 imago
2399 3616 2529 3666 ante
2556 3614 2798 3681 januam
2829 3610 3164 3664 monasterii
3186 3610 3257 3663 ad
3290 3610 3555 3665 dextrum
3584 3611 3737 3663 latus

2038 3718 2214 3773 penes
2234 3703 2473 3755 chorum
2489 3701 2542 3755 S.
2564 3700 2793 3771 Georgii
2823 3716 2917 3754 ex.
3110 3699 3249 3769 pillo
3272 3715 3388 3753 uno
3411 3698 3735 3769 supposito,

2039 3807 2107 3846 ex
2157 3789 2422 3859 opposito
2478 3788 2799 3858 imaginum
2865 3788 3001 3842 Adae
3042 3795 3095 3841 et
3143 3788 3269 3841 Evae
3314 3787 3517 3841 lucida;
3554 3802 3737 3857 appa-

2041 3883 2128 3932 ret
2150 3879 2277 3947 (6t).

2702 3998 2927 4054 CAPUT
2970 3999 3057 4052 IV.

2040 4107 2322 4163 Adventus
2367 4105 2650 4159 Benedicit
2679 4107 2783 4160 PP.
2858 4106 2986 4160 Vlll
3042 4106 3100 4158 in
3150 4105 3523 4169 Germaniam,
3561 4107 3744 4157 sancti

2112 4196 2480 4266 peregrinatio
2550 4195 2888 4259 Cluniacum,
2938 4195 3050 4261 ejus
3078 4208 3179 4263 pro
3237 4192 3485 4246 Ecclesia
3540 4196 3589 4245 et
3632 4194 3740 4244 im-

2557 4282 2911 4348 felicissz'mus
2966 4281 3144 4335 obitus
3173 4285 3222 4334 et
3270 4280 3335 4333 de
3372 4279 3550 4333 eodem
3595 4281 3743 4333 mira

2109 4386 2266 4425 υιειο.

2116 4497 2203 4548 31.
2238 4493 2371 4546 lude
2388 4492 2496 4546 iter
2518 4492 2730 4547 faciens
2754 4493 2993 4547 Romam
3018 4492 3298 4562 pervenit,
3318 4490 3419 4546 ubi
3446 4508 3479 4544 a
3514 4491 3743 4546 Benedi-

2044 4588 2133 4637 cto
2156 4583 2307 4650 Papa
2331 4580 2576 4651 benigne
2605 4586 2663 4635 et
2692 4580 3008 4634 honorifice
3030 4585 3343 4648 susceptus,
3365 4586 3606 4650 quantas
3636 4580 3742 4634 mi-

2045 4669 2361 4724 serationes
2390 4674 2445 4722 et
2475 4669 2721 4738 benigne
2757 4684 2859 4737 per
2888 4668 2942 4722 S.
2976 4667 3347 4722 Benedictum
3381 4667 3432 4722 ei
3466 4668 3743 4723 Dominus

2044 4755 2374 4821 contulerit,
2408 4755 2697 4809 indicavit.
2762 4754 3098 4809 Benedictus
3146 4771 3279 4809 vero
3334 4756 3487 4825 Papa
3526 4756 3743 4825 gratias

2046 4845 2167 4914 egit
2215 4846 2326 4897 Deo
2371 4860 2476 4913 pro
2508 4844 2774 4897 omnibus
2814 4842 3103 4897 beneficiis
3134 4843 3270 4908 suis,
3321 4847 3378 4897 et
3424 4859 3527 4913 pro
3559 4845 3743 4897 salute

2052 4932 2239 5001 Regis,
2263 4938 2321 4985 et
2357 4931 2535 4985 totius
2596 4930 2796 5002 populi
2844 4930 3120 4985 Catholici
3152 4930 3359 4985 obtulit
3395 4931 3739 4986 sacrificium

2047 5021 2247 5075 laudis.
2298 5020 2505 5074 Eodem
2538 5026 2817 5089 tempore,
2852 5019 2999 5074 sicut
3026 5036 3201 5090 supra
3232 5019 3443 5073 dictum
3468 5025 3571 5085 est,
3625 5021 3743 5075 Rex

2049 5114 2278 5163 sanctus
2346 5108 2876 5177 Babenbergensem
2952 5108 3193 5161 fundum
3266 5123 3395 5160 cum
3471 5108 3743 5162 omnibus

2048 5196 2413 5267 pertinentiis
2444 5196 2561 5249 suis
2580 5196 2746 5250 beato
2785 5196 2952 5249 Petro
3012 5195 3377 5261 contradidit,
3410 5201 3465 5248 et
3492 5198 3744 5267 Aposto-

2048 5287 2155 5340 lico
2187 5284 2422 5339 Prtesuli
2452 5300 2520 5339 ex
2559 5289 2695 5338 tunc
2727 5290 2783 5337 et
2812 5300 3038 5353 semper
3094 5283 3520 5338 defendendum
3579 5301 3744 5338 com-

2051 5373 2357 5438 mendavit,
2391 5378 2447 5427 et
2475 5373 2535 5426 in
2564 5372 3174 5426 commemorationem
3218 5372 3390 5442 hujus
3438 5372 3739 5441 pactionis,

2053 5480 2205 5551 notis
2237 5480 2504 5551 Gretseri,
2546 5478 2642 5551 ubi
2708 5483 2765 5531 et
2799 5479 2921 5549 ipse
2952 5479 3077 5551 alia
3116 5478 3400 5549 adjungit,
3432 5478 3502 5533 de
3534 5480 3745 5551 quibus

2055 5550 2189 5605 satis
2205 5550 2455 5605 diximus
2485 5550 2547 5603 in
2579 5548 3024 5604 Commentario.
