3938 6308
199 313 297 366 125
358 352 365 359 ν.

1859 313 2049 368 ACTA.

3603 315 3698 367 126

184 433 425 504 singulis
456 433 623 488 anuis
661 434 856 488 album
888 434 1314 491 ambulatorem
1341 438 1449 506 (62)
1483 452 1612 491 cum
1643 437 1892 508 phaleris
1922 440 1968 492 Α
2008 437 2185 509 lisper
2225 438 2465 507 digressi
2496 455 2713 507 sumus,
2746 443 3055 510 postquam
3084 438 3172 493 vir
3217 445 3443 495 sanctus
3493 439 3692 498 Rema

187 522 445 576 Romano
470 522 709 576 Prasuli
736 522 860 577 dari
889 523 1203 578 constituit.
1244 525 1357 579 Hoc
1388 541 1619 596 quoque
1650 525 1882 581 humili-

189 614 298 662 tate
327 614 385 662 et
415 610 725 664 devotione
750 611 901 679 apud
936 611 1241 666 Dominum
1273 614 1483 683 Papam
1515 613 1786 681 obtinuit,
1824 618 1888 667 ut

188 699 257 750 ad
308 699 711 752 Alemanniam
771 699 1084 765 accederet,
1141 705 1198 753 et
1242 701 1575 771 Babenberg
1619 702 1885 761 fundum,

192 802 399 839 novam
459 787 872 856 plantatiouem
915 788 1189 841 visitaret.
1235 789 1397 851 Quod
1457 795 1515 843 et
1550 789 1631 842 ita
1676 789 1887 843 factum

191 880 293 927 est.
320 876 464 928 Nam
520 875 589 949 iu
632 876 890 946 proximo
940 876 1121 945 Aprili
1172 876 1569 931 Alemanniam
1634 876 1888 945 intravit,

194 962 579 1034 omnibusque
632 963 957 1017 civitatibus
1009 964 1161 1017 illius
1224 964 1476 1034 regionis
1551 966 1890 1036 peragratis,

195 1054 477 1119 tempore,
528 1067 644 1121 quo
699 1052 1045 1117 condixerat,
1110 1053 1444 1123 Babenberg
1490 1055 1677 1108 locum
1734 1054 1893 1108 adire

197 1139 499 1208 disposuit.
556 1140 717 1193 Venit
766 1156 901 1211 ergo
943 1158 969 1191 v
1026 1142 1166 1195 feria
1223 1142 1446 1211 Majoris
1488 1143 1890 1213 Hebdomada,

196 1227 337 1280 hora
358 1233 535 1295 sexta,
570 1229 742 1282 sacris
774 1230 1206 1284 Pontiﬁcalibus
1246 1231 1603 1285 vestimentis
1632 1231 1891 1299 indutus,

196 1315 341 1369 sicut
382 1317 507 1385 jam
548 1317 620 1371 ad
666 1319 992 1388 peragenda
1042 1320 1316 1387 mysteria
1370 1321 1490 1384 Dei,
1547 1337 1611 1373 ac
1660 1321 1893 1375 solenne

199 1403 353 1457 illius
404 1405 521 1459 diei
561 1406 812 1459 ofﬁcium
854 1423 1223 1476 prouessurus
1268 1414 1435 1462 erat:
1480 1413 1533 1461 et
1588 1410 1897 1479 suscipitur

199 1492 612 1562 gloriosissime
650 1495 721 1547 ab
782 1497 1156 1565 Imperatore,
1216 1502 1386 1566 atque
1436 1496 1740 1563 universis,
1791 1498 1891 1569 qui

198 1582 459 1645 aderant,
521 1582 898 1652 Principibus,
968 1585 1244 1654 omnique
1295 1586 1464 1649 clero,
1527 1591 1584 1639 et
1655 1588 1893 1657 populo,

200 1669 593 1722 inastimabili
620 1670 1041 1724 exultutationis
1072 1671 1345 1741 tripudio.

273 1776 363 1829 3'2.
420 1776 489 1829 Ut
541 1780 735 1828 autem
782 1775 841 1829 in
899 1776 1150 1830 adventu
1207 1782 1326 1830 tam
1370 1776 1603 1843 insoliti,
1666 1782 1900 1850 tamque

203 1864 454 1932 exoptati
486 1862 728 1933 hospitis
763 1864 874 1918 Deo
906 1868 1102 1918 nostro
1131 1865 1383 1933 jucunda
1422 1866 1742 1937 decoraque
1776 1869 1900 1921 lau-

204 1952 360 2005 datio
390 1951 777 2020 exhiberetur,
817 1952 1297 2022 prudentissimus
1317 1970 1519 2024 regum
1548 1960 1797 2025 quatuor
1840 1955 1900 2009 in

203 2056 505 2093 occursum
530 2040 653 2111 ejus
679 2041 881 2094 choros
911 2042 1279 2111 psallentium
1314 2043 1581 2096 decenter
1616 2043 1903 2097 ordinavit

209 2128 464 2182 Primum
488 2128 547 2182 in
596 2129 851 2183 fluminis
906 2130 1052 2200 ripa,
1087 2131 1287 2197 alium,
1335 2131 1395 2185 in
1451 2132 1719 2197 citeriori,
1786 2137 1900 2186 ter-

207 2217 378 2284 tium,
410 2222 543 2271 ante
568 2224 787 2287 portam
819 2219 1062 2273 civitatis
1095 2236 1108 2274 :
1139 2225 1429 2290 quartum,
1467 2221 1524 2273 in
1557 2222 1700 2274 atrio
1726 2224 1902 2275 eccle-

208 2308 337 2372 sia;
369 2306 468 2360 ubi
499 2307 720 2376 primus
750 2308 1008 2362 omnium
1042 2309 1158 2363 Rex
1194 2308 1332 2379 ipse,
1369 2310 1499 2363 data
1536 2326 1729 2363 manu.
1797 2312 1905 2364 Pa-

208 2410 329 2447 sam
372 2393 434 2447 in
486 2395 720 2448 domum
778 2396 1007 2449 Domini
1059 2398 1449 2462 introducens,
1509 2398 1718 2451 divinis
1772 2398 1905 2452 hinc

212 2483 361 2536 unde
402 2483 629 2553 hymnis
659 2500 870 2537 canora
900 2485 1178 2538 suavitate
1226 2487 1649 2551 resonantibus,
1690 2486 1749 2540 in
1783 2487 1903 2557 epi-

210 2570 425 2639 scopali
447 2571 719 2625 cathedra
747 2571 972 2625 locavit.
1016 2571 1283 2625 Debitum
1313 2573 1482 2642 hujus
1509 2573 1904 2627 sacratissima

210 2657 326 2711 diei
348 2657 600 2711 efﬁcium
626 2675 756 2712 cum
775 2659 1059 2713 duodenis
1112 2661 1404 2731 Episcopis
1434 2661 1905 2731 cooperatoribus

208 2747 571 2816 Apostolicus
592 2748 853 2801 Pontifex
880 2747 1145 2802 similiter
1172 2751 1229 2802 et
1257 2749 1503 2802 aliorum
1535 2749 1756 2803 dierum
1817 2766 1904 2803 se-

210 2834 512 2904 quentium
545 2852 768 2889 summa
798 2836 1096 2891 devotione
1122 2837 1446 2891 celebravit.
1476 2840 1541 2891 In
1572 2845 1763 2891 sancta
1798 2856 1900 2891 au-

209 2928 328 2976 tem
402 2923 698 2977 Dominica
737 2925 966 2978 Pascha
1022 2942 1152 2979 cum
1218 2924 1278 2978 in
1336 2926 1662 2979 matutinali
1719 2927 1906 2980 ofﬁcio

214 3012 601 3082 Aquileiensis
648 3013 969 3067 Patriarcha
1006 3014 1311 3069 lectionem
1374 3015 1640 3084 primam,
1702 3015 1905 3069 Archi-
1938 2992 1977 3046 θ

213 3101 521 3171 episcopus
550 3106 742 3156 autem
778 3103 1076 3156 Ravennas
1106 3102 1448 3169 secundam;
1476 3103 1740 3173 ipseque-
1764 3108 1907 3174 Apo-

217 3189 451 3242 stolicus
492 3190 758 3243 recitaret
786 3189 1009 3244 tertiam
1044 3205 1058 3244 :
1117 3191 1274 3245 omni
1329 3191 1577 3261 denique
1608 3197 1814 3245 ornatu
1855 3196 1910 3245 et

219 3276 509 3346 elegantia
584 3278 969 3347 precessionis
1032 3279 1289 3332 solennia
1351 3285 1676 3349 agerentur,
1735 3281 1909 3334 veluti

216 3366 517 3419 condecuit
547 3366 933 3435 Apostolicam
974 3366 1334 3437 dignitatem,
1370 3369 1731 3438 lmperialem
1783 3384 1912 3422 ma-

217 3454 615 3524 gniﬁcentiam
657 3454 717 3508 in
748 3455 1092 3508 solemnitate
1139 3456 1570 3524 solennitatum,
1614 3456 1742 3527 quis
1793 3473 1910 3510 non

210 3543 433 3612 judicet
469 3548 586 3596 tam
620 3542 963 3613 religiosam,
991 3543 1315 3614 nostrisque
1346 3543 1677 3598 inusitatam
1729 3544 1789 3598 in
1828 3562 1913 3598 re-

219 3631 491 3701 gionibus
518 3631 929 3697 celebritatem,
955 3630 1161 3685 merito
1187 3632 1247 3685 in
1271 3632 1473 3685 notitia
1513 3632 1773 3685 omnium
1809 3634 1911 3687 Ba-

220 3719 631 3791 benbergensis
681 3721 962 3774 eccclesia
1005 3720 1254 3773 ﬁliorum
1287 3726 1565 3790 perpetuo
1599 3721 1817 3789 haberi,
1859 3726 1914 3775 et

219 3809 559 3864 mcmoriale
595 3810 716 3879 ejus
766 3809 825 3863 in
874 3810 1145 3862 saculum
1194 3825 1312 3862 non
1378 3810 1742 3881 derelinqui?
1799 3811 1912 3865 Sub

219 3896 439 3951 eisdem
475 3896 675 3951 diebus
714 3897 1006 3951 basilicam
1036 3897 1095 3951 in
1127 3899 1341 3951 honore
1392 3898 1444 3951 S.
1501 3898 1776 3968 Stephani
1799 3899 1911 3968 (63)

219 4002 315 4039 vni
338 3984 576 4039 Kalend.
620 3984 749 4039 Maii
783 3985 937 4039 idem
979 3985 1321 4039 venerabilis
1356 3987 1506 4055 Papa
1552 4002 1909 4054 consecrans,

221 4070 487 4140 pretiosis
526 4072 879 4139 muneribus,
904 4089 1035 4144 qua
1066 4073 1251 4127 adhuc
1275 4073 1353 4127 ibi
1392 4080 1709 4139 servantur,
1743 4074 1912 4128 ador-

223 4159 425 4213 navit:
483 4160 583 4214 ubi
638 4160 786 4215 inter
817 4161 1114 4215 Missarum
1166 4162 1447 4230 solennia,
1505 4163 1911 4233 conparatione

221 4264 367 4303 Lxxu
400 4249 829 4320 Episcoporum,
872 4255 927 4304 et
958 4250 1220 4304 unanimi
1248 4267 1527 4305 consensu
1559 4252 1911 4322 Principum,

224 4335 621 4407 episcopatum
677 4339 746 4392 ab
796 4339 957 4393 omni
1003 4339 1262 4393 saculari
1312 4346 1591 4410 potestate
1673 4340 1916 4395 liberum

226 4441 350 4481 esse
381 4428 709 4503 constituit,
732 4435 789 4483 et
829 4434 1049 4499 cuncta,
1096 4446 1228 4500 qua
1280 4430 1595 4501 pontiﬁcali
1656 4431 1921 4503 dignitati

218 4519 285 4568 et
314 4515 550 4569 utilitati
584 4524 986 4587 congruerent,
1026 4520 1343 4588 praesentia
1398 4537 1516 4573 sua
1571 4520 1920 4587 auctoritate,

230 4608 291 4657 et
338 4605 630 4676 privilegii
706 4606 794 4659 sui
851 4608 1233 4675 attestatione,
1283 4608 1573 4678 bannique
1648 4609 1921 4663 ﬁrmitate

232 4692 536 4747 roboravit.
619 4695 793 4764 Cujus
859 4696 1145 4765 privilegii
1199 4698 1557 4751 conﬁrmatio
1619 4698 1745 4750 talis
1797 4703 1919 4751 est:

228 4782 405 4849 primo
432 4782 540 4836 loco
575 4784 633 4835 in
670 4784 969 4852 appendice
996 4784 1337 4854 reperienda.

299 4890 387 4942 33.
424 4889 490 4943 Ut
532 4894 725 4943 autem
769 4890 841 4944 ad
887 4890 1184 4961 superiora
1243 4892 1543 4945 redeamus
1589 4892 1741 4946 unde
1784 4909 1924 4963 pau-

297 5067 410 5133 (62)
438 5066 652 5135 Nempe
677 5082 890 5136 equum
912 5066 1127 5130 album,
1147 5066 1216 5119 de
1247 5083 1363 5137 quo
1384 5068 1548 5136 plura
1565 5067 1922 5121 Hofmannus

228 5138 281 5190 in
316 5137 652 5201 Annalibus,
694 5145 902 5191 notans
934 5138 1105 5191 etiam
1147 5138 1437 5190 addendas
1494 5137 1669 5191 fuisse
1726 5145 1921 5191 cente-

228 5224 328 5261 nas
359 5224 579 5261 marcas
633 5208 891 5277 argenti;
933 5208 1028 5261 sed
1077 5224 1205 5261 eam
1262 5208 1599 5277 pensionem
1644 5227 1677 5261 a
1734 5210 1921 5263 Leone

230 5280 333 5333 PP.
395 5279 461 5333 IX
516 5294 619 5349 per
670 5279 1196 5333 communationem
1268 5279 1611 5349 remissam.
1660 5280 1719 5332 In
1782 5286 1921 5333 tem-

229 5366 365 5419 pore
421 5348 699 5403 adventus
752 5351 918 5421 Papae
952 5350 1011 5403 in
1060 5349 1448 5418 Germaniam,
1516 5348 1679 5403 solita
1727 5351 1921 5404 alluci-

229 5421 401 5474 natio.

297 5491 408 5561 (63)
437 5490 609 5545 Recte
640 5490 733 5544 hic
769 5493 1107 5561 Anonymus
1152 5496 1353 5544 contra
1399 5490 1665 5561 Leonem,
1701 5490 1920 5544 Ostien-

227 5560 369 5627 sem,
387 5562 488 5631 qui
516 5562 670 5615 velut
691 5560 969 5631 templum
988 5561 1047 5615 in
1068 5562 1350 5615 honorem
1366 5561 1418 5614 S.
1445 5560 1671 5629 Georgii
1691 5578 1724 5612 a
1747 5562 1917 5615 Bene-

2000 528 2235 596 positus,
2261 527 2475 595 omnia,
2508 544 2636 598 qua
2660 528 2908 597 petebat,
2934 545 2967 582 a
3018 527 3262 582 Domino
3298 531 3449 599 Papa
3496 530 3684 600 impe-

1997 616 2185 673 travit.
2241 617 2609 671 confirmatus
2660 616 2985 687 Apostolica
3042 616 3458 679 benedictione,
3520 620 3691 689 Alpes

1998 704 2331 773 Apenninas
2360 705 2731 770 transcendit,
2764 715 2821 758 et
2852 705 3085 758 dimisso
3118 705 3371 760 exercitu
3395 708 3453 759 in
3479 712 3694 762 terram

2001 808 2184 859 suam,
2231 785 2563 847 Cluniacum
2596 795 2730 864 (64),
2757 810 2823 847 eo
2849 793 3001 864 quod
3063 795 3243 847 multa
3300 796 3369 850 de
3416 796 3697 866 religione

2002 884 2060 933 et
2088 883 2237 933 statu
2266 881 2568 935 locisillius
2590 882 2834 945 audiret,
2862 881 3139 935 orationis
3157 898 3326 937 causa
3345 899 3476 937 cum
3502 886 3697 954 paucis

2002 968 2381 1024 familiaribus
2410 970 2677 1039 perrexit.
2733 971 2835 1025 Ubi
2858 986 2989 1024 cum
3038 970 3288 1041 plurima
3342 971 3511 1040 signa
3567 970 3695 1023 reli-

2006 1058 2193 1127 gionis
2240 1063 2295 1112 et
2367 1059 2679 1113 sanctitatis
2736 1059 2987 1124 vidisset,
3038 1060 3215 1112 sancti
3271 1059 3516 1129 Spiritus
3561 1058 3694 1127 igne

2006 1161 2329 1212 succensus,
2389 1163 2657 1201 coronam
2713 1163 2945 1201 auream
2977 1146 3404 1216 pretiosissimis
3451 1146 3696 1216 gemmis

2006 1234 2366 1299 adornatam,
2426 1235 2493 1288 ad
2548 1235 2796 1301 Missam,
2840 1251 2969 1306 qua
3039 1235 3107 1289 de
3175 1234 3446 1288 cathedra
3506 1233 3688 1287 sancti

2006 1322 2157 1376 Petri
2188 1322 2601 1387 celebrabatur,
2644 1323 2872 1387 obtulit,
2913 1327 2970 1376 et
3022 1322 3442 1376 fraternitatem
3487 1338 3686 1375 mona-

2006 1410 2242 1464 chorum
2275 1410 2612 1480 suscipiens,
2645 1427 2774 1463 cum
2806 1410 3054 1464 maxima
3098 1409 3424 1463 humilitate
3466 1413 3521 1462 et
3565 1424 3701 1463 cou-

2008 1498 2234 1552 tritione
2272 1499 2480 1565 cordis,
2513 1498 2871 1551 orationibus
2897 1513 3098 1551 eorum
3153 1513 3212 1551 se
3249 1496 3693 1561 commendavit,

2009 1591 2066 1639 et
2097 1586 2155 1639 in
2186 1586 2651 1656 supplementum
2677 1584 3121 1639 necessariarum
3157 1599 3371 1648 rerum,
3401 1585 3458 1636 iu
3486 1582 3699 1637 Alsatia

1941 1712 1978 1765 Β
2010 1674 2229 1743 optima
2258 1673 2471 1744 pradia
2490 1674 2673 1727 eidem
2704 1672 3133 1743 congregationi
3154 1671 3522 1725 contradidit.
3550 1672 3697 1765 inde

2007 1762 2116 1817 iter
2145 1762 2356 1816 faciens
2377 1778 2479 1831 per
2513 1761 2787 1816 Leodium
2821 1760 3181 1815 etTreverim
3210 1760 3511 1814 transitum
3543 1759 3695 1823 fecit,

2008 1856 2061 1904 et
2094 1850 2569 1921 congregationes
2592 1850 2669 1904 ibi
2702 1851 2815 1903 Deo
2844 1850 3188 1927 famulantes
3214 1848 3483 1919 plurimis
3521 1847 3690 1918 largi-

2010 1938 2266 1993 tionibus
2288 1942 2344 1993 et
2377 1938 2606 2009 pradiis
2633 1938 2854 1993 ditavit.

2082 2047 2166 2099 34.
2206 2046 2271 2099 Et
2305 2045 2515 2099 mirum
2571 2045 2722 2115 quod
2769 2045 2942 2098 homo
2973 2042 3095 2112 Dei,
3152 2043 3253 2113 qui
3310 2042 3459 2095 circa
3516 2042 3698 2095 eccle-

2010 2134 2262 2188 siasticas
2314 2134 2582 2187 utilitates
2629 2138 2790 2188 tanto
2846 2133 3035 2188 studio
3085 2132 3155 2186 ob
3195 2133 3438 2186 salutem
3488 2131 3699 2184 anima

2012 2239 2129 2276 sua
2167 2223 2465 2293 ﬂagrabat,
2489 2223 2546 2275 in
2568 2223 2725 2276 nullo
2748 2222 3066 2291 profectum
3103 2221 3269 2291 regni
3324 2220 3651 2290 negligebat
3684 2237 3698 2273 :

2013 2311 2152 2382 quin
2183 2311 2299 2365 imo
2316 2312 2439 2365 sine
2467 2311 2747 2365 effusione
2769 2311 3088 2381 sanguinis,
3120 2310 3332 2380 pietate
3355 2314 3412 2362 et
3466 2308 3688 2378 sapien-

2012 2400 2088 2452 tia
2114 2399 2392 2453 terminos
2414 2398 2577 2471 regni
2605 2399 2691 2453 sui
2729 2399 3005 2469 dilatavit,
3037 2403 3093 2453 et
3117 2398 3477 2468 imperialem
3518 2396 3703 2466 digni-

2014 2492 2189 2542 tatem
2219 2488 2400 2557 gloria
2429 2492 2485 2540 et
2513 2488 2729 2541 honore
2768 2487 3137 2557 ampliﬁcavit
3179 2492 3235 2541 et
3284 2486 3524 2540 ornavit.
3572 2485 3703 2537 Boe-

2015 2577 2188 2629 miam
2220 2576 2352 2628 vicit
2379 2579 2434 2627 et
2454 2574 2812 2645 subjugavit:
2850 2574 3239 2644 Burgundiam
3269 2574 3330 2626 in
3350 2572 3703 2626 deditionem

2015 2662 2230 2731 recepit
2264 2678 2276 2715 :
2312 2662 2665 2715 Pannoniam
2690 2679 2921 2733 quoque
2944 2662 3246 2716 Catholica
3298 2660 3451 2725 ﬁdei,
3489 2664 3546 2712 et
3589 2660 3701 2714 Ro-

2016 2765 2185 2803 mano
2247 2750 2496 2820 Imperio
2549 2750 2929 2804 coadunavit:
2980 2749 3158 2803 victor
3216 2754 3411 2801 autem
3459 2746 3702 2800 aliarum

2016 2837 2334 2904 nationum,
2367 2837 2670 2907 Apostolus
2698 2836 2761 2891 ﬁt
2783 2838 3161 2907 Ungarorum.
3187 2837 3327 2890 Cum
3362 2835 3516 2888 enim
3573 2850 3705 2888 om-

2016 2939 2116 2977 nes
2144 2923 2328 2976 adhuc
2375 2923 2636 2977 inﬁdeles
2689 2926 2898 2990 essent,
2938 2921 3212 2977 Henricus
3270 2923 3586 2992 Imperator
3634 2918 3705 2972 ad

2020 3010 2155 3065 tidei
2186 3011 2629 3066 confesssionem
2684 3012 2809 3066 illos
2858 3010 3105 3065 attraxit.
3152 3010 3313 3075 Quod
3362 3012 3424 3062 ut
3486 3006 3709 3063 facilius

2018 3100 2199 3163 ﬁeret,
2235 3116 2486 3154 sororem
2516 3116 2677 3154 suam
2726 3100 2968 3156 Giselam
3019 3101 3308 3170 Stephano
3340 3097 3480 3167 Regi
3512 3095 3708 3149 matri-

2021 3187 2217 3241 monia
2262 3188 2567 3258 copulavit,
2628 3189 2940 3243 secundum
2981 3188 3318 3257 Apostolum
3376 3186 3705 3240 dicentem:

2019 3276 2413 3331 Sanctiﬁcatur
2443 3278 2526 3331 vir
2573 3277 2823 3331 inﬁdelis
2852 3293 2957 3347 per
3008 3276 3310 3332 mulierem
3355 3274 3620 3341 ﬁdelem;
3653 3276 3711 3325 et

2021 3364 2404 3419 sanctiﬁcatur
2456 3366 2665 3419 mulier
2718 3365 2967 3419 inﬁdelis
3040 3380 3142 3435 per
3202 3365 3388 3417 virum
3457 3363 3707 3416 fidelem.

2020 3452 2308 3522 Stephano
2342 3452 2535 3523 itaque
2565 3454 2716 3524 Rege
2744 3452 3032 3523 baptizato
3056 3452 3194 3523 (65),
3243 3452 3511 3506 universa
3558 3452 3707 3504 Pan-

2023 3541 2197 3595 nonia
2226 3541 2459 3596 verbum
2493 3543 2619 3595 vita
2648 3543 2913 3612 suscepit,
2937 3546 2994 3595 et
3018 3542 3162 3595 mira
3211 3556 3403 3595 rerum
3460 3539 3711 3593 novitate

2022 3645 2125 3699 per
2154 3630 2335 3698 Reges
2358 3630 2641 3699 apostolos
2705 3635 2916 3683 sancta
2958 3628 3264 3683 Catholica
3303 3626 3563 3682 Ecclesia
3621 3627 3709 3680 in-

2022 3722 2324 3787 corporata
2353 3722 2453 3770 est.
2487 3719 2667 3782 Quam
2724 3718 2997 3788 praclara
3038 3716 3185 3771 tanti
3230 3717 3585 3788 apostolatus
3626 3732 3713 3769 so-

2023 3804 2221 3873 cietas;
2258 3821 2432 3876 quam
2483 3806 2722 3860 colenda
2774 3811 2831 3860 et
2857 3806 3182 3861 veneranda
3240 3804 3538 3872 utriusque
3590 3817 3715 3855 san-

2024 3893 2209 3961 ctitas,
2242 3909 2345 3964 per
2377 3911 2520 3965 quos
2545 3900 2631 3948 tot
2662 3894 2858 3949 salvati
2874 3900 2932 3949 et
2984 3893 3317 3949 sanctiﬁcati
3373 3896 3524 3946 sunt.
3556 3892 3712 3946 Pra-

2025 3982 2173 4035 fatus
2204 3987 2393 4036 autem
2426 3984 2539 4038 Rex
2573 3985 2954 4055 Ungarorum,
2986 3983 3287 4053 religiosus
3335 3982 3567 4052 Deoque
3611 3978 3715 4032 de-

2026 4075 2211 4138 votus,
2291 4077 2493 4142 postea
2565 4072 2624 4125 in
2701 4073 3037 4127 executione
3122 4072 3407 4125 bonorum
3471 4082 3712 4139 operum

2028 4162 2371 4229 permansit;
2432 4163 2585 4233 quod
2633 4162 2825 4216 divina
2890 4162 3071 4231 pietas
3122 4164 3250 4230 post
3312 4162 3553 4212 mortem
3595 4156 3717 4225 ejus

1953 4278 1992 4332 ι)
2033 4252 2391 4311 evidentibus
2446 4249 2670 4304 indiciis
2714 4250 2787 4303 ad
2844 4251 3169 4319 sepulcrum
3205 4246 3365 4301 factis
3412 4245 3710 4314 signorum

2038 4343 2327 4397 miraculis
2350 4339 2783 4395 demonstravit.

2105 4451 2193 4503 35.
2250 4430 2983 4516 Burgundiorum'quoque
3033 4458 3148 4495 non
3206 4441 3461 4497 humana
3500 4439 3595 4493 sed
3633 4438 3721 4492 di-

2033 4535 2164 4590 vina
2216 4535 2323 4590 fuit
2371 4534 2623 4599 victoria,
2685 4533 2785 4604 qui
2855 4532 2984 4585 cu'm
3030 4530 3205 4585 armis
3263 4529 3530 4583 omnibus
3586 4526 3721 4581 belli

2034 4623 2213 4694 copiis
2243 4627 2431 4676 essent
2458 4622 2739 4685 instructi,
2777 4620 2878 4674 viri
2904 4622 2975 4674 ad
3000 4620 3150 4674 bella
3180 4618 3515 4683 doctissimi,
3544 4614 3719 4670 armis

2034 4711 2249 4781 positis,
2288 4725 2404 4763 non
2442 4708 2695 4763 hominis
2728 4713 2904 4772 metu,
2947 4706 3046 4761 sed
3100 4705 3199 4760 Dei
3231 4711 3394 4771 nutu,
3459 4709 3722 4774 rogantes

2033 4817 2118 4865 ea,
2150 4815 2280 4870 qua
2331 4797 2485 4870 pacis
2528 4803 2681 4862 sunt,
2719 4797 2945 4851 dextras
2971 4796 3275 4849 dederunt.
3339 4793 3717 4858 Quemadmo-

2032 4889 2169 4943 dum
2197 4888 2268 4942 ad
2307 4886 2644 4941 celebranda
2681 4884 2833 4940 beati
2880 4884 3103 4938 Martini
3147 4882 3489 4937 confessoris
3520 4882 3722 4934 merita

2032 5066 2180 5120 dicto
2209 5067 2359 5136 Papa
2390 5068 2800 5136 consecratum,
2832 5079 2960 5117 cum
3006 5062 3078 5136 id
3120 5062 3343 5136 pridem
3399 5061 3723 5116 dedicatum

2034 5144 2201 5202 esset,
2231 5133 2382 5191 ut‘ex
2416 5135 2829 5189 commentario
2863 5134 3090 5205 plenius
3130 5133 3435 5199 intelliges.

2103 5209 2212 5278 (64)
2245 5208 2574 5278 Cluniacum
2606 5207 2912 5278 aliquanto
2945 5206 3109 5258 ivisse
3146 5205 3203 5259 S.
3258 5205 3546 5257 Mauricum
3600 5218 3717 5278 non

2032 5274 2292 5333 videatur
2315 5277 2510 5347 negari
2543 5274 2728 5346 posse,
2759 5277 2859 5331 sed
2892 5291 3065 5346 quam
3091 5290 3294 5346 parum
3328 5277 3563 5347 apteet
3600 5274 3720 5327 hac

2032 5355 2089 5403 et
2116 5351 2227 5429 alia
2255 5344 2598 5429 disposuerit
2625 5348 2868 5429 scriptor
2888 5344 3108 5413 noster,
3130 5346 3265 5429 satis
3291 5345 3429 5399 alibi
3450 5344 3723 5413 diximus,

2030 5426 2091 5474 ut
2115 5421 2281 5489 plura
2304 5417 2396 5474 hic
2423 5419 2777 5473 observanda
2803 5434 2918 5472 non
2951 5417 3266 5485 supersint.

2103 5485 2211 5559 (65)
2244 5491 2371 5544 Hac
2396 5491 2569 5543 etiam
2611 5489 2679 5543 ad
2735 5489 3103 5542 commodum
3134 5502 3366 5541 sensum
3411 5486 3470 5539 in
3538 5485 3715 5540 Com-

2030 5562 2312 5615 mentario
2346 5561 2582 5615 reducta
2597 5564 2747 5613 sunt.
