3938 6308
75 360 86 368 ι
180 287 277 339 127

1473 283 1527 338 S.
1573 279 1861 337 HENRICI
1899 283 1970 339 1M
1981 283 2368 338 PERATORIS

3581 283 3679 337 128

184 408 462 465 Dominus
487 405 789 477 paciﬁcum
812 403 947 459 belli
975 403 1136 458 dedit
1172 401 1388 458 exitum
1420 419 1434 456 :
1489 403 1569 458 ita
1625 406 1682 458 et
1715 419 1868 458 nunc
1905 407 1950 459 Α
1979 419 2082 475 per
2111 404 2436 476 corporales
2467 401 3169 474 exprimunturimagines
3197 417 3211 456 :
3243 417 3491 473 cumque
3521 401 3678 456 aliud

184 498 331 552 servi
351 497 440 550 sui
470 494 690 551 meritis
733 492 1087 547 consimilem
1119 491 1386 546 virtutem
1439 492 1737 547 ostendere
1794 492 1874 546 di-

180 591 388 656 gnatus
427 588 530 638 est.
563 582 821 638 Similem
843 581 1161 652 ergoillum
1210 579 1344 635 fecit
1381 579 1581 652 gloria!
1639 581 1872 636 Sancto-

183 689 332 728 rum.
372 674 437 727 Et
486 672 634 726 sicut
678 671 896 739 Moyses
945 667 1209 739 precibus
1241 668 1426 738 magis
1474 685 1647 740 quam
1698 669 1872 722 armis

99 771 102 774 ‘
175 759 572 832 triumphavit,
618 759 698 812 ita
745 756 1186 828 gloriosissimus
1244 758 1516 826 Princeps
1552 773 1656 827 per
1711 773 1873 810 arma

174 848 414 919 justitias
433 848 628 903 omnia
653 847 798 902 bella
817 846 1058 901 feliciter
1077 845 1516 910 consummavit,
1540 861 1605 899 ac
1633 845 1870 898 minime

176 934 460 988 funestam
517 939 571 988 et
627 935 987 989 incruentam
1030 933 1324 988 victoriam
1375 949 1600 1004 semper
1645 933 1866 988 habuit.

182 1022 440 1092 Denique
468 1021 876 1075 consummatis
897 1021 1306 1091 gloriosissime
1331 1021 1503 1090 hujus
1550 1019 1680 1073 vitae
1711 1019 1864 1073 labo-

183 1109 364 1177 ribus,
390 1115 691 1181 postquam
742 1109 910 1163 bonaa
941 1108 1230 1180 opinionis
1260 1109 1495 1163 odorem
1535 1109 1704 1178 longe
1726 1107 1864 1162 late~

179 1213 290 1268 que
333 1198 592 1252 redolere
648 1198 874 1264 fecerat,
911 1198 1215 1267 locumque
1267 1196 1374 1251 sibi
1421 1196 1687 1250 dilectum
1735 1211 1865 1249 cum

178 1285 380 1340 ceteris
407 1285 768 1339 monasteriis
795 1285 1053 1352 ditando,
1075 1290 1133 1338 et
1157 1284 1436 1350 ornando,
1469 1289 1527 1338 et
1555 1284 1865 1338 excolendo

177 1374 248 1428 ad
281 1375 594 1444 perfectum
617 1374 952 1436 adduxerat,
975 1373 1042 1428 ad
1067 1373 1492 1444 percipiendam
1533 1372 1862 1428 immarces-

177 1460 406 1516 cibilem
440 1477 708 1516 coronam
741 1462 812 1515 ab
853 1461 1138 1531 ergastulo
1169 1461 1354 1515 carnis
1408 1478 1442 1515 a
1480 1460 1722 1515 Domino
1779 1464 1866 1514 est

176 1555 432 1604 vocatus.
483 1549 590 1614 Qui
645 1565 775 1603 cum
838 1553 1097 1604 cerneret
1148 1548 1452 1603 imminere
1505 1548 1613 1602 sibi
1663 1548 1865 1603 mortis

1982 493 2119 547 foris
2149 493 2341 564 agitur
2369 493 2716 552 autdicitur.
2747 491 2906 546 intus
2934 491 3091 546 aliud
3124 491 3247 561 geri
3297 490 3671 560 signiﬁcatur.

1981 583 2463 636 Prasmemoratus
2491 585 2548 636 et
2576 597 2727 651 saepe
2767 581 3241 634 rememorandus
3273 579 3374 634 Dei
3425 579 3678 634 famulus

1979 670 2214 724 calicem
2243 685 2481 724 aureum
2523 669 2583 724 in
2613 670 2893 724 honorem
2937 667 3037 722 Dei
3085 673 3140 721 et
3176 667 3674 722 commemoratio-

1979 773 2112 812 nem
2165 757 2219 812 S.
2277 756 2566 812 Laurentii
2603 756 2871 826 martyris
2920 755 3173 810 ecclesia:
3221 754 3675 826 Merseburgensi

1979 847 2318 912 contulerat,
2350 845 2512 916 cujus
2541 843 2776 914 speciali
2807 843 3131 915 patrocinio
3161 859 3351 898 coram
3413 845 3526 898 Deo
3574 843 3675 897 ad-

1971 933 2155 1003 jutus,
2178 937 2235 987 et
2275 933 2335 987 in
2373 933 2499 1002 ipsa
2523 931 2612 986 sui
2649 931 2852 998 exitus,
2882 931 3026 985 hora
3078 931 3327 985 creditur
3371 929 3668 984 liberatus.

1978 1021 2145 1076 Omni
2175 1037 2308 1076 vero
2339 1019 2706 1074 veneratione
2737 1024 2791 1073 et
2837 1018 3219 1073 admiratione
3253 1019 3494 1088 dignum
3547 1035 3670 1072 esse

1976 1109 2372 1181 perpenditur,
2405 1109 2556 1179 quod
2589 1108 2788 1162 eadem
2818 1108 2960 1161 hora
2990 1107 3132 1161 calix
3161 1106 3223 1160 in
3276 1113 3429 1162 certa
3470 1112 3669 1160 custo—

1973 1199 2068 1253 dia
2097 1199 2321 1252 clausus
2344 1197 2681 1263 habebatur,
2731 1211 2836 1250 nec
2879 1195 3071 1250 minus
3127 1200 3324 1250 tamen
3379 1196 3670 1268 prmdictaa

1971 1285 2280 1340 collisionis
2302 1284 2598 1339 materiale
2628 1285 2858 1354 signum
2883 1283 3124 1354 excepit.

2043 1378 2130 1430 38.
2185 1375 2263 1429 De
2309 1374 2511 1429 eodem
2541 1389 2671 1427 vero
2705 1373 2900 1440 calice,
2942 1373 3081 1444 quid
3130 1371 3533 1442 religiosorum
3584 1371 3668 1424 vi-
3735 1444 3737 1447 ι

1972 1479 2167 1518 rorum
2199 1463 2476 1516 relatione
2507 1461 2567 1516 in
2612 1461 2848 1516 veritate
2897 1461 3275 1526 audierimus,
3337 1462 3665 1515 futurorum

1972 1551 2266 1606 memoriis
2292 1550 2562 1605 intimare
2588 1565 2779 1622 operas
2805 1549 3060 1620 pretium
3088 1549 3328 1619 dignum
3371 1548 3663 1602 duximus.

176 1637 352 1704 diem,
378 1637 564 1692 citatis
595 1638 666 1692 ad
696 1653 755 1691 se
783 1636 1118 1707 parentibus
1147 1641 1204 1690 et
1242 1636 1499 1706 cognatis
1519 1636 1862 1691 beatissimos
1895 1675 1935 1728 Β
1975 1639 2118 1693 Cum
2171 1638 2327 1694 enim
2382 1638 2691 1710 praedictus
2742 1637 2950 1693 Christi
3005 1638 3297 1691 confessor
3351 1636 3668 1703 Heiuricus,

178 1726 563 1797 Imperatricis
608 1725 1039 1797 Chunegundaz,
1096 1724 1386 1779 nonnullis
1465 1725 1638 1779 etiam
1701 1724 1866 1796 regni

175 1814 550 1887 primoribus,
580 1830 754 1869 manu
787 1829 914 1868 eam
949 1814 1367 1884 apprehensam
1399 1813 1512 1867 illis
1569 1828 1861 1867 commen-

177 1901 331 1956 davit
357 1901 686 1973 hujusmodi
710 1891 895 1954 verbis
924 1899 1203 1954 memoria
1243 1899 1432 1969 dignis
1465 1913 1478 1953 :
1536 1901 1689 1954 Hanc
1714 1915 1860 1966 ecce,

175 1989 386 2060 inquit,
424 1989 566 2043 mihi
607 2006 641 2044 a
687 1988 848 2043 vobis
875 1988 994 2043 imo
1011 2004 1115 2059 per
1144 1987 1434 2042 Christum
1469 1987 1861 2058 consignatam

174 2077 567 2148 ipso'Christo
623 2077 864 2132 Domino
924 2081 1141 2142 nostro,
1205 2081 1261 2130 et
1307 2075 1466 2130 vobis
1523 2075 1862 2147 reconsigno

174 2166 457 2236 virginem
480 2169 749 2221 vestram.

245 2258 332 2310 36.
373 2255 436 2308 In
467 2254 589 2324 ejus
631 2269 764 2307 vero
826 2251 1088 2318 transitu,
1134 2256 1286 2306 terra
1330 2251 1614 2322 plorante,
1655 2253 1859 2307 caelum

179 2341 472 2404 exultavit,
533 2341 678 2394 sicut
720 2339 996 2394 Dominus
1050 2355 1155 2411 per
1195 2356 1356 2394 suam
1418 2339 1865 2394 misericordiam

175 2432 429 2486 revelare
458 2431 728 2501 dignatus
752 2434 854 2484 est.
907 2430 1020 2484 Sub
1050 2430 1174 2501 ipsa
1217 2429 1430 2483 etenim
1487 2430 1628 2483 hora
1682 2430 1864 2484 exitus

175 2511 332 2574 illius
365 2519 591 2575 cuidam
643 2535 803 2573 servo
845 2518 944 2572 Dei
997 2519 1057 2572 in
1102 2517 1408 2572 solitudine
1463 2519 1860 2582 commoranti,

175 2607 434 2662 diabolus
479 2608 584 2661 sub
615 2608 868 2662 humana
897 2606 1083 2677 specie
1105 2607 1345 2661 traditur
1373 2607 1704 2677 apparuisse
1725 2608 1861 2678 (65).

174 2696 356 2758 Quem
383 2695 470 2748 vir
502 2694 597 2750 Dei
629 2711 730 2765 per
759 2693 1026 2765 spiritum
1054 2696 1319 2764 protinus
1345 2696 1596 2766 agnovit,
1629 2701 1686 2750 et
1735 2696 1815 2750 ait
1845 2713 1858 2750 :

175 2784 296 2848 Quo
330 2782 530 2837 vadis?
568 2782 672 2838 Cui
700 2783 796 2837 ille
828 2799 842 2838 :
873 2783 958 2838 Ad
995 2784 1288 2852 exequias,
1319 2783 1529 2855 inquit,
1584 2784 1864 2856 Principis

178 2887 376 2942 pergo.
408 2872 578 2925 Atille
610 2871 944 2941 respondit:
977 2872 1147 2938 Vade,
1173 2871 1383 2942 inquit,
1414 2877 1470 2926 et
1516 2874 1736 2943 comple
1768 2889 1863 2927 ue-

1975 1744 2079 1798 pro
2107 1727 2476 1799 disponendis
2505 1727 2669 1797 regni
2707 1726 2954 1797 negotiis
3001 1725 3347 1795 Marsipolim
3398 1725 3669 1791 venisset,

1973 1815 2199 1881 accidit,
2233 1820 2296 1868 ut
2321 1814 2571 1884 quadam
2595 1814 2685 1868 die
2716 1813 2785 1868 ad
2818 1814 3021 1867 altare.
3054 1814 3110 1868 S.
3148 1812 3440 1868 Laurentii
3475 1817 3666 1866 atten-

1972 1901 2191 1958 tissime
2229 1901 2454 1958 Missam
2479 1903 2721 1957 audiret.
2757 1902 2876 1966 Qua
2907 1901 3210 1973 completa,
3249 1901 3392 1956 sicut
3429 1917 3672 1972 semper

1971 1990 2154 2045 facere
2171 1996 2568 2056 consueverat,
2609 1989 2964 2044 ablutionem
2996 1989 3187 2043 calicis
3226 2005 3452 2044 sumere
3503 1991 3670 2042 vole-

1969 2078 2085 2146 bat,
2124 2078 2222 2132 sed
2243 2077 2656 2132 interveniente
2687 2092 2898 2147 magno
2931 2077 3164 2146 negotio
3194 2077 3378 2148 regni,
3404 2075 3558 2147 quod
3579 2076 3671 2130 vir

1974 2172 2204 2220 sanctus
2241 2165 2560 2236 proposuit,
2583 2171 2722 2220 tunc
2776 2165 3056 2236 temporis
3113 2164 3241 2220 lieri
3291 2181 3406 2219 non
3454 2165 3663 2235 potuit,

1974 2253 2182 2306 Vocato
2239 2251 2430 2323 itaque
2484 2253 2716 2306 custode
2773 2252 3046 2321 ecclesiae,
3119 2252 3346 2324 rogavit
3398 2268 3552 2318 eum,
3603 2256 3670 2307 ut

1971 2341 2202 2396 calicem
2225 2357 2356 2395 cum
2387 2341 2680 2395 ablutione
2705 2341 2762 2394 in
2797 2341 3013 2394 mundo
3060 2341 3186 2394 loco
3236 2345 3559 2411 reponeret,
3607 2345 3670 2394 et

1971 2445 2105 2483 eum
2171 2429 2331 2483 omni
2386 2429 2683 2501 diligentia
2749 2434 3035 2483 servaret:
3115 2429 3486 2501 quoadusque
3539 2429 3667 2499 ipse

1973 2523 2347 2588 exoccupatus
2377 2523 2574 2590 aptum
2597 2524 2822 2589 tempus
2854 2523 2910 2572 et
2948 2517 3138 2572 locum
3193 2519 3264 2572 ad
3325 2517 3668 2572 sumendam

1973 2607 2134 2661 illam
2161 2607 2465 2662 inveniret.
2500 2607 2962 2662 Excrescentibus
2987 2610 3180 2660 autem
3210 2608 3393 2660 causis
3423 2612 3477 2661 et
3542 2607 3666 2676 pla-

1971 2695 2118 2764 citis,
2147 2700 2262 2751 tota
2288 2695 2380 2749 die
2427 2695 2526 2749 illa
2563 2695 2842 2761 turbatus,
2876 2711 2990 2748 non
3041 2694 3226 2764 potuit
3267 2711 3325 2748 se
3375 2694 3664 2765 expedire.

1972 2786 2206 2839 Postera
2229 2799 2360 2837 vero
2390 2783 2501 2851 die,
2534 2789 2663 2852 post
2701 2782 3032 2848 matutinas,
3062 2798 3193 2835 cum
3238 2782 3436 2852 paucis
3479 2798 3665 2835 secre-

1971 2872 2133 2927 tariis
2159 2871 2297 2937 suis,
2331 2873 2586 2926 clanculo
2629 2871 3042 2925 monasterium
3094 2869 3373 2937 introivit,
3425 2875 3480 2925 et
3534 2871 3666 2924 diu-

175 2961 397 3026 gotium
430 2965 613 3026 tuum,
645 2959 706 3012 in
736 2965 1017 3030 quantum
1039 2959 1143 3014 tibi
1173 2977 1206 3014 a
1236 2960 1476 3014 Domino
1511 2961 1862 3032 permittitur
1893 2957 1933 3011 C
1971 2961 2085 3015 tius
2131 2961 2290 3016 ﬂexis
2326 2960 2569 3031 genibus
2624 2965 2680 3014 et
2725 2959 2974 3030 profusis
3007 2960 3270 3030 lacrymis
3301 2961 3479 3014 Deum
3533 2976 3666 3013 exo-

175 3049 580 3102 Verumtamen
609 3052 1005 3101 consummato
1030 3047 1217 3101 oflicio
1257 3053 1376 3114 tuo,
1409 3048 1706 3118 adjuratus
1763 3065 1864 3119 per

175 3136 358 3189 Deum
385 3135 598 3198 vivum,
633 3135 704 3189 ad
736 3150 828 3189 me
850 3140 1152 3202 revertere,
1201 3140 1266 3189 ut
1307 3151 1410 3206 per
1448 3145 1500 3189 te
1531 3137 1612 3190 rei
1643 3137 1856 3192 exitum

175 3239 535 3294 cognoscam.
597 3224 730 3278 Post
785 3224 1074 3278 modicum
1149 3240 1282 3278 vero
1358 3241 1616 3278 reversus
1669 3243 1860 3281 coram

175 3325 338 3363 servo
370 3308 470 3364 Dei
491 3309 888 3380 gemebundus
909 3309 1143 3375 adstitit,
1199 3315 1255 3364 et
1297 3326 1433 3365 voce
1489 3312 1751 3382 querula,
1808 3317 1864 3367 et

178 3396 402 3468 ingenti
426 3397 648 3451 ululatu
665 3395 810 3451 dixit
845 3398 1003 3452 :Heu
1031 3398 1177 3453 heu!
1208 3398 1391 3453 delusi
1429 3415 1647 3468 sumus,
1682 3401 1740 3455 in
1773 3418 1863 3455 va-

175 3501 316 3540 num
347 3485 758 3555 laboravimus,
788 3485 928 3556 quin
961 3487 1136 3540 etiam
1165 3487 1234 3540 ab
1265 3488 1484 3558 angelis
1511 3488 1609 3544 Dei
1643 3489 1862 3544 confusi

170 3573 550 3630 discessimus.
591 3573 1002 3628 Assistentibus
1032 3574 1184 3629 enim
1216 3573 1350 3628 hinc
1404 3581 1463 3629 et
1506 3575 1642 3631 inde
1698 3578 1861 3633 nobis

172 3668 230 3716 et
254 3661 554 3732 spiritibus
574 3660 872 3732 angelicis,
893 3662 1100 3715 merita
1134 3662 1341 3716 animae
1383 3663 1533 3734 juste
1563 3665 1624 3719 in
1653 3671 1862 3721 statera

172 3766 426 3822 appensa
446 3754 606 3817 sunt;
639 3755 696 3805 et
723 3751 1005 3805 fasciculis
1060 3756 1418 3822 peccatorum
1478 3753 1861 3825 deprimenti—

171 3837 298 3903 bus,
317 3839 439 3910 jam
470 3854 615 3910 pene
643 3855 777 3909 pars
795 3844 988 3893 nostra
1013 3840 1570 3911 praeponderaverat.

246 3929 333 3982 37.
404 3928 560 3982 Tunc
618 3927 806 3982 subito
880 3928 1116 3983 adustus
1181 3928 1415 4001 quidam
1455 3931 1862 4002 superveniens

172 4029 304 4069 cum
335 4014 524 4070 catino
563 4032 760 4083 aureo,
803 4017 980 4087 partis
1041 4017 1252 4072 dextras
1305 4019 1527 4075 lancem
1581 4023 1858 4086 oneravit,

177 4103 506 4174 mirumque
534 4102 593 4158 in
624 4105 862 4158 modum
891 4104 1041 4175 parti
1065 4111 1273 4160 nostra:
1331 4107 1474 4162 adeo
1522 4111 1861 4180 praaponde-

1973 3049 2150 3116 ravit;
2185 3049 2571 3120 accersitoque
2610 3048 2865 3115 custode,
2895 3047 3129 3102 calicem
3187 3065 3314 3101 cum
3370 3047 3665 3102 ablutione

1972 3137 2080 3192 sibi
2126 3136 2317 3191 atl‘erri
2378 3135 2670 3208 precepit.
2735 3136 2991 3207 Cumque
3063 3136 3268 3190 allatus
3325 3137 3524 3190 fuisset
3608 3142 3666 3191 et

1972 3226 2380 3297 discoopertus,
2403 3225 2748 3280 invenerunt
2773 3225 3124 3280 ablutionem
3154 3225 3309 3282 illam
3337 3225 3394 3279 in
3418 3226 3662 3279 formam

1971 3315 2088 3368 veri
2117 3313 2412 3384 sanguinis
2441 3318 2900 3368 transmutatam.
2929 3313 3088 3378 Quod
3132 3314 3346 3368 factum
3397 3313 3662 3370 mirabile

1969 3419 2102 3457 mox
2165 3402 2462 3469 universis,
2517 3401 2618 3473 qui
2675 3402 2933 3470 aderant,
2987 3401 3257 3466 innotuit,
3320 3407 3376 3456 et
3420 3407 3556 3456 tunc
3602 3409 3664 3456 et

1971 3505 2200 3560 semper
2229 3490 2288 3543 in
2315 3489 2546 3544 laudem
2597 3489 2719 3554 Dei,
2781 3493 2839 3543 et
2881 3489 3121 3558 gloriam
3180 3489 3522 3543 confessoris
3571 3489 3663 3542 sui

1971 3576 2160 3632 omnis
2190 3577 2433 3632 Ecclesia
2463 3576 2880 3631 successoribus
2905 3577 3022 3631 suis
3061 3577 3371 3632 enarrabit.

2041 3670 2129 3722 39.
2164 3667 2370 3721 Discite
2398 3683 2534 3736 ergo
2566 3666 2768 3722 divites
2797 3667 2968 3737 hujus
3016 3666 3202 3721 facere
3251 3665 3444 3721 saeculi
3501 3667 3665 3721 vobis

1970 3755 2186 3810 amicos
2217 3755 2287 3809 de
2318 3771 2651 3810 mammona
2679 3754 3016 3826 iniquitatis,
3038 3759 3122 3821 ut,
3154 3771 3284 3809 cum
3317 3755 3661 3822 defeceritis,

1969 3843 2080 3914 ipsi
2099 3860 2198 3898 vos
2227 3843 2289 3897 in
2318 3847 2531 3898 aeterna
2561 3842 2870 3914 rescipiant
2897 3844 3282 3899 tabernacula.
3322 3845 3500 3916 Hujus
3529 3861 3665 3899 vero

1972 3931 2370 4004 gloriosissimi
2397 3950 2461 3986 ac
2491 3931 2806 3986 beatissimi
2837 3932 3016 3987 Patris
3064 3932 3352 4003 praeconia
3403 3933 3664 4004 linguam

1968 4021 2156 4076 carnis
2182 4020 2420 4075 reticere
2459 4038 2572 4076 non
2603 4021 2880 4086 convenit,
2933 4021 2992 4075 in
3025 4022 3189 4093 cujus
3217 4021 3459 4076 transitu
3493 4039 3667 4093 augeo

1971 4111 2041 4164 lis
2062 4109 2553 4180 triumphantibus
2583 4111 2788 4164 caelum
2818 4110 3103 4164 exultavit.
3140 4111 3414 4166 Defuncto
3468 4111 3666 4183 itaque

173 4192 339 4260 ravit,
371 4197 435 4245 ut
475 4197 530 4247 et
582 4193 708 4263 ipso
756 4193 943 4248 catino
985 4194 1054 4248 ad
1115 4199 1326 4249 terram
1373 4197 1643 4268 collapso,
1694 4200 1932 4291 ruinaD
1969 4198 2301 4254 beatissimo
2338 4199 2436 4253 Dei
2492 4199 2708 4253 famulo
2764 4215 2914 4253 anno
2964 4199 3129 4270 regni
3187 4199 3276 4253 sui
3332 4216 3477 4268 xxrv,
3531 4201 3667 4255 vitas

172 4278 487 4334 collisionis
507 4279 736 4351 signum
761 4281 1131 4352 impresserit.
1167 4285 1362 4355 Itaque
1393 4283 1633 4341 victores
1673 4288 1862 4358 angeli

172 4367 428 4422 animam
459 4367 624 4422 nobis
649 4375 902 4440 ereptam
959 4371 1273 4441 gaudentes
1302 4373 1360 4426 in
1413 4389 1582 4429 suum
1633 4391 1863 4431 consor-

173 4455 321 4509 tium
376 4455 756 4511 abduxerunt.
827 4457 955 4513 Htcc
1004 4475 1138 4512 vero
1204 4460 1431 4515 tametsi
1494 4463 1867 4532 corporaliter

175 4547 333 4613 gesta
365 4542 704 4607 referantur,
741 4561 968 4600 necesse
1016 4551 1206 4601 tamen
1252 4554 1337 4603 est
1393 4553 1455 4604 ut
1501 4549 1708 4604 virtute
1746 4552 1862 4622 spi-

174 4630 372 4685 rituali
393 4632 677 4703 completa
704 4631 1122 4705 intelligantur.
1157 4637 1265 4690 Res
1294 4635 1505 4690 etenim
1537 4636 1865 4707 spirituales

1972 4287 2454 4360 quinquagesimo
2501 4287 2771 4354 secundo,
2833 4287 3069 4358 Imperii
3147 4305 3283 4343 vero
3333 4289 3660 4354 undecimo,

1971 4392 2180 4445 corpus
2205 4376 2328 4447 ejus
2348 4377 2410 4431 in
2436 4375 2674 4431 ecclesia
2701 4375 3002 4431 beatorum
3039 4377 3448 4447 Apostolorum
3509 4377 3664 4433 Petri

1967 4468 2025 4519 et
2080 4465 2242 4518 Pauli
2294 4464 2680 4535 Babenbergae
2713 4464 3029 4518 honoriﬁce
3081 4464 3370 4535 sepultum
3445 4469 3531 4519 est
3597 4481 3666 4518 ac

1971 4551 2337 4624 postmodum
2359 4552 2552 4607 multis
2583 4551 2993 4607 miraculorum
3023 4551 3326 4607 virtutibus
3358 4570 3389 4608 a
3420 4553 3668 4608 Domino

1971 4640 2351 4712 gloriﬁcatum
2382 4645 2485 4696 est.

725 4825 842 4890 AD
905 4825 1255 4890 LIBRUM
1309 4827 1983 4898 MIRACULORUM
2047 4834 2633 4901 OBSERVATIO
2695 4836 3098 4900 PR/EVIA.

243 4957 465 5048 ﬂetur-git
495 4957 994 5048 ,Eretserus__pag.
1027 5046 1049 5048 ἑν
1334 4965 1658 5048 apogrgpho
1699 4968 2107 5048 Bumbergensig
2156 4973 2292 5048 Vitae
2337 4973 2397 5048 ετ
2462 4974 2685 5048 Henrici
2730 4976 2885 5048 hunc_
2921 4991 2978 5032 se
3037 4978 3255 5031 titulum
3329 4980 3602 5048 reperisse
3644 4995 3658 5033 :

170 5028 442 5117 «ξ
491 5028 874 5117 ιὶρςνλιζνῡηηε
1024 5033 1139 5114 cita
1186 5037 1236 5117 et
1277 5028 1454 5117 gestis;
1491 5028 1560 5090 Sf
1599 5038 1830 5117 .H-enrici
1872 5028 2224 5117 Imperatoris
2268 5045 2588 5117 confessoris
2622 5028 2678 5112 n,
2700 5028 2970 5101 inieodein
3023 5028 3338 5117 deditisne
3364 5028 3667 5117 iisiiss;

177 5113 467 5184 apparere,
499 5120 525 5147 α
550 5105 647 5182 aut
671 5103 832 5184 ﬁnem
886 5103 1059 5168 primi
1114 5107 1230 5184 (ηιξ
1257 5105 1542 5160 exordium
1594 5107 1725 5184 libri
1779 5103 2030 5184 secundi;
2089 5133 2117 5162 «
2166 5115 2276 5168 nisi
2301 5103 2464 5182 forte,
2494 5103 2700 5184 inquit,
2754 5117 2816 5170 id
2857 5103 3173 5172 sumendum
3216 5103 3290 5174 sit
3347 5136 3378 5172 a
3436 5103 3663 5175 eamme;

537 5171 944 5258 miraculorum,
1009 5187 1129 5241 quae
1195 5175 1350 5258 Deus
1391 5191 1492 5258 per
1545 5183 1804 5258 sanctum
1858 5171 2260 5258 Imperatorem,
2301 5171 2430 5254 'jam
2452 5171 2591 5241 ὐἰεᾶ
2654 5171 2915 5254 functum
2982 5171 3380 5257 patrauittltd
3438 5171 3665 5258 prorsus

173 5239 494 5327 ἐξεζνξξθηάαῖη
539 5245 843 5327 ίρυιαζηιιες
901 5239 1035 5324 ϐᾶρις
1072 5249 1236 5312 caput
1285 5247 1354 5299 30
1367 5239 1628 5327 _'dicatur
1691 5239 1988 5327 paraenesis
2041 5259 2112 5327 et,
2149 5239 2436 5324 exitiosius:
2487 5239 2897 5327 sequehﬂéib’
2942 5239 3467 5316 31"ﬂi’irabiug
3478 5239 3488 5244 ⁷
3512 5239 3663 5317 Bia?

173 5312 314 5378 piat,
393 5326 584 5379 nempe
652 5312 720 5366 ab
785 5327 847 5367 ea
915 5314 1137 5382 visione,
1197 5331 1302 5384 quo
1358 5319 1542 5372 Bruno
1584 5312 1940 5389 Augjustanus
1993 5312 2239 5392 antistes,
2287 5312 2506 5382 νεανιειί
2554 5312 2780 5396 'l‘rater,
2803 5312 2914 5384 "ab
2951 5312 3666 5402 "evertenda—"episcopatu

243 5433 349 5501 (65)
374 5434 454 5488 De
484 5435 590 5490 hac
610 5436 1016 5508 qualicumque
1058 5437 1275 5494 visione
1297 5443 1678 5499 consulendus
1705 5447 1859 5501 Cret-

173 5536 334 5575 serus
362 5537 396 5575 a
418 5538 550 5594 pag.
582 5526 650 5579 94
681 5541 694 5579 :
728 5541 832 5579 nos
864 5525 1085 5597 reliqua
1113 5543 1244 5600 quin
1289 5530 1362 5585 ad
1389 5531 1578 5588 Sancti
1601 5533 1857 5590 felicissi-

1967 5465 2128 5504 mum
2167 5451 2379 5506 exitum
2407 5453 2718 5524 pertinent,
2749 5471 2852 5510 suo
2883 5455 3003 5510 loco
3033 5456 3418 5528 exposuimus.
