  <div class='ocr_page' id='page_1' title='image "/cluster/home/n/w/nwhite01/storage/ocr_20150623/140/umn.31951002477433x/092.png"; bbox 0 0 3938 6322; ppageno 0'>
   <div class='ocr_carea' id='block_1_1' title="bbox 256 341 356 391">
    <p class='ocr_par' dir='ltr' id='par_1_1' title="bbox 256 341 356 391">
     <span class='ocr_line' id='line_1_1' title="bbox 256 341 356 391; baseline -0.02 0"><span class='ocrx_word' id='word_1_1' title='bbox 256 341 356 391; x_wconf 68' lang='lat'><strong><em>129</em></strong></span> 
     </span>
    </p>
   </div>
   <div class='ocr_carea' id='block_1_2' title="bbox 1916 346 2109 401">
    <p class='ocr_par' dir='ltr' id='par_1_2' title="bbox 1916 346 2109 401">
     <span class='ocr_line' id='line_1_2' title="bbox 1916 346 2109 401; baseline -0.016 0"><span class='ocrx_word' id='word_1_2' title='bbox 1916 346 2109 401; x_wconf 85' lang='lat' dir='ltr'><strong><em>ACTA.</em></strong></span> 
     </span>
    </p>
   </div>
   <div class='ocr_carea' id='block_1_3' title="bbox 3668 358 3766 409">
    <p class='ocr_par' dir='ltr' id='par_1_3' title="bbox 3668 358 3766 409">
     <span class='ocr_line' id='line_1_3' title="bbox 3668 358 3766 409; baseline 0.031 -3"><span class='ocrx_word' id='word_1_3' title='bbox 3668 358 3766 409; x_wconf 77' lang='lat'><strong><em>130</em></strong></span> 
     </span>
    </p>
   </div>
   <div class='ocr_carea' id='block_1_4' title="bbox 250 457 3759 545">
    <p class='ocr_par' dir='ltr' id='par_1_4' title="bbox 250 457 3759 545">
     <span class='ocr_line' id='line_1_4' title="bbox 250 457 3759 545; baseline 0.005 -34"><span class='ocrx_word' id='word_1_4' title='bbox 250 457 645 545; x_wconf 36' lang='lat' dir='ltr'><strong><em>Bambergms&#39;i</em></strong></span> <span class='ocrx_word' id='word_1_5' title='bbox 706 459 1037 545; x_wconf 69' lang='lat' dir='ltr'><strong><em>absterritus</em></strong></span> <span class='ocrx_word' id='word_1_6' title='bbox 1080 466 1194 545; x_wconf 40' lang='lat' dir='ltr'><strong><em>est.</em></strong></span> <span class='ocrx_word' id='word_1_7' title='bbox 1226 462 1645 545; x_wconf 42' lang='lat' dir='ltr'><strong><em>Efctenduntur”</em></strong></span> <span class='ocrx_word' id='word_1_8' title='bbox 1685 481 1851 545; x_wconf 79' lang='lat' dir='ltr'><strong><em>porro</em></strong></span> <span class='ocrx_word' id='word_1_9' title='bbox 1881 468 2193 545; x_wconf 33' lang='lat' dir='ltr'><strong><em>“miracula</em></strong></span> <span class='ocrx_word' id='word_1_10' title='bbox 2276 483 2309 520; x_wconf 90' lang='lat' dir='ltr'><strong><em>a</em></strong></span> <span class='ocrx_word' id='word_1_11' title='bbox 2396 466 2551 545; x_wconf 79' lang='lat' dir='ltr'><strong><em>dicto</em></strong></span> <span class='ocrx_word' id='word_1_12' title='bbox 2585 484 2703 545; x_wconf 74' lang='lat' dir='ltr'><strong><em>cap.</em></strong></span> <span class='ocrx_word' id='word_1_13' title='bbox 2772 472 2829 523; x_wconf 86' lang='lat' dir='ltr'><strong><em>3t</em></strong></span> <span class='ocrx_word' id='word_1_14' title='bbox 2858 470 2969 545; x_wconf 63' lang='grc' dir='ltr'><strong><em>Δ(ιᾴ</em></strong></span> <span class='ocrx_word' id='word_1_15' title='bbox 3021 474 3136 545; x_wconf 33' lang='grc' dir='ltr'><strong><em>54η</em></strong></span> <span class='ocrx_word' id='word_1_16' title='bbox 3166 477 3227 526; x_wconf 89' lang='lat' dir='ltr'><strong><em>ut</em></strong></span> <span class='ocrx_word' id='word_1_17' title='bbox 3279 489 3506 531; x_wconf 83' lang='lat' dir='ltr'><strong><em>numero</em></strong></span> <span class='ocrx_word' id='word_1_18' title='bbox 3582 493 3719 530; x_wconf 77' lang='lat' dir='ltr'><strong><em>xxiv</em></strong></span> <span class='ocrx_word' id='word_1_19' title='bbox 3744 518 3759 545; x_wconf 91' lang='lat'><strong><em>,</em></strong></span> 
     </span>
    </p>
   </div>
   <div class='ocr_carea' id='block_1_5' title="bbox 248 533 3760 607">
    <p class='ocr_par' dir='ltr' id='par_1_5' title="bbox 248 533 3760 607">
     <span class='ocr_line' id='line_1_5' title="bbox 248 533 3760 607; baseline 0.006 -26"><span class='ocrx_word' id='word_1_20' title='bbox 248 544 504 607; x_wconf 76' lang='lat' dir='ltr'><strong><em>qu_orum_</em></strong></span> <span class='ocrx_word' id='word_1_21' title='bbox 536 533 717 607; x_wconf 80' lang='lat' dir='ltr'><strong><em>prima</em></strong></span> <span class='ocrx_word' id='word_1_22' title='bbox 743 546 775 583; x_wconf 82' lang='lat' dir='ltr'><strong><em>x</em></strong></span> <span class='ocrx_word' id='word_1_23' title='bbox 807 538 948 607; x_wconf 84' lang='lat' dir='ltr'><strong><em>_ante</em></strong></span> <span class='ocrx_word' id='word_1_24' title='bbox 999 536 1461 587; x_wconf 82' lang='lat' dir='ltr'><strong><em>oanonizationem</em></strong></span> <span class='ocrx_word' id='word_1_25' title='bbox 1501 533 1786 602; x_wconf 76' lang='lat' dir='ltr'><strong><em>contigisse</em></strong></span> <span class='ocrx_word' id='word_1_26' title='bbox 1832 538 2131 592; x_wconf 81' lang='lat' dir='ltr'><strong><em>videntur:</em></strong></span> <span class='ocrx_word' id='word_1_27' title='bbox 2184 552 2315 591; x_wconf 86' lang='lat' dir='ltr'><strong><em>nam</em></strong></span> <span class='ocrx_word' id='word_1_28' title='bbox 2376 541 2551 606; x_wconf 77' lang='lat' dir='ltr'><strong><em>capiti</em></strong></span> <span class='ocrx_word' id='word_1_29' title='bbox 2601 533 2661 591; x_wconf 72' lang='lat' dir='ltr'><strong><em>4t</em></strong></span> <span class='ocrx_word' id='word_1_30' title='bbox 2725 542 3030 607; x_wconf 72' lang='lat' dir='ltr'><strong><em>prae/igitur</em></strong></span> <span class='ocrx_word' id='word_1_31' title='bbox 3079 543 3166 596; x_wconf 84' lang='lat' dir='ltr'><strong><em>hic</em></strong></span> <span class='ocrx_word' id='word_1_32' title='bbox 3216 546 3443 599; x_wconf 75' lang='lat' dir='ltr'><strong><em>titulus:</em></strong></span> <span class='ocrx_word' id='word_1_33' title='bbox 3492 567 3513 594; x_wconf 77' lang='grc' dir='ltr'>ι</span> <span class='ocrx_word' id='word_1_34' title='bbox 3568 533 3760 601; x_wconf 52' lang='lat' dir='ltr'><strong><em>Proca:</em></strong></span> 
     </span>
    </p>
   </div>
   <div class='ocr_carea' id='block_1_6' title="bbox 246 602 3760 685">
    <p class='ocr_par' dir='ltr' id='par_1_6' title="bbox 246 602 3760 685">
     <span class='ocr_line' id='line_1_6' title="bbox 246 602 3760 685; baseline 0.005 -33"><span class='ocrx_word' id='word_1_35' title='bbox 246 604 417 653; x_wconf 88' lang='lat' dir='ltr'><strong><em>mium</em></strong></span> <span class='ocrx_word' id='word_1_36' title='bbox 482 602 541 685; x_wconf 65' lang='lat' dir='ltr'><strong><em>in</em></strong></span> <span class='ocrx_word' id='word_1_37' title='bbox 589 603 853 685; x_wconf 78' lang='lat' dir='ltr'><strong><em>miracula</em></strong></span> <span class='ocrx_word' id='word_1_38' title='bbox 893 618 1012 671; x_wconf 58' lang='lat' dir='ltr'><strong><em>qua</em></strong></span> <span class='ocrx_word' id='word_1_39' title='bbox 1062 607 1121 656; x_wconf 83' lang='lat' dir='ltr'><strong><em>in</em></strong></span> <span class='ocrx_word' id='word_1_40' title='bbox 1174 609 1496 659; x_wconf 78' lang='lat' dir='ltr'><strong><em>tractatione</em></strong></span> <span class='ocrx_word' id='word_1_41' title='bbox 1550 606 1604 660; x_wconf 92' lang='lat' dir='ltr'><strong><em>S.</em></strong></span> <span class='ocrx_word' id='word_1_42' title='bbox 1684 607 2113 685; x_wconf 84' lang='lat' dir='ltr'><strong><em>Henrici_1mp.</em></strong></span> <span class='ocrx_word' id='word_1_43' title='bbox 2167 614 2394 685; x_wconf 77' lang='lat' dir='ltr'><strong><em>patrata</em></strong></span> <span class='ocrx_word' id='word_1_44' title='bbox 2438 602 2563 662; x_wconf 73' lang='lat' dir='ltr'><strong><em>sunt</em></strong></span> <span class='ocrx_word' id='word_1_45' title='bbox 2595 630 2671 685; x_wconf 82' lang='lat'><strong><em>,-_»</em></strong></span> <span class='ocrx_word' id='word_1_46' title='bbox 2726 602 3035 685; x_wconf 47' lang='lat' dir='ltr'><strong><em>trans&#39;iatas</em></strong></span> <span class='ocrx_word' id='word_1_47' title='bbox 3086 618 3266 685; x_wconf 73' lang='lat' dir='ltr'><strong><em>autem</em></strong></span> <span class='ocrx_word' id='word_1_48' title='bbox 3308 616 3423 683; x_wconf 84' lang='lat' dir='ltr'><strong><em>ejus</em></strong></span> <span class='ocrx_word' id='word_1_49' title='bbox 3479 618 3760 685; x_wconf 77' lang='lat' dir='ltr'><strong><em>reliquias</em></strong></span> 
     </span>
    </p>
   </div>
   <div class='ocr_carea' id='block_1_7' title="bbox 246 672 3760 751">
    <p class='ocr_par' dir='ltr' id='par_1_7' title="bbox 246 672 3760 751">
     <span class='ocr_line' id='line_1_7' title="bbox 246 672 3760 751; baseline 0.005 -29"><span class='ocrx_word' id='word_1_50' title='bbox 246 686 399 724; x_wconf 86' lang='lat' dir='ltr'><strong><em>nemo</em></strong></span> <span class='ocrx_word' id='word_1_51' title='bbox 457 672 709 751; x_wconf 33' lang='lat' dir='ltr'><strong><em>sitirent;</em></strong></span> <span class='ocrx_word' id='word_1_52' title='bbox 746 680 1074 751; x_wconf 5' lang='lat' dir='ltr'><strong><em>antequam,</em></strong></span> <span class='ocrx_word' id='word_1_53' title='bbox 1111 690 1326 751; x_wconf 75' lang='lat' dir='ltr'><strong><em>sacrum</em></strong></span> <span class='ocrx_word' id='word_1_54' title='bbox 1393 692 1585 751; x_wconf 76' lang='lat' dir='ltr'><strong><em>corpus</em></strong></span> <span class='ocrx_word' id='word_1_55' title='bbox 1638 693 1704 751; x_wconf 48' lang='lat' dir='ltr'><strong><em>eu</em></strong></span> <span class='ocrx_word' id='word_1_56' title='bbox 1720 684 1880 751; x_wconf 12' lang='lat' dir='ltr'><strong><em>terra,</em></strong></span> <span class='ocrx_word' id='word_1_57' title='bbox 1936 672 2181 733; x_wconf 74' lang='lat' dir='ltr'><strong><em>levatum</em></strong></span> <span class='ocrx_word' id='word_1_58' title='bbox 2230 683 2422 747; x_wconf 83' lang='lat' dir='ltr'><strong><em>fuerit,</em></strong></span> <span class='ocrx_word' id='word_1_59' title='bbox 2496 672 2641 747; x_wconf 85' lang='lat' dir='ltr'><strong><em>quod</em></strong></span> <span class='ocrx_word' id='word_1_60' title='bbox 2696 695 2865 749; x_wconf 85' lang='lat' dir='ltr'><strong><em>supra</em></strong></span> <span class='ocrx_word' id='word_1_61' title='bbox 2908 681 2939 751; x_wconf 90' lang='lat'><strong>§</strong></span> <span class='ocrx_word' id='word_1_62' title='bbox 2985 684 3013 736; x_wconf 89' lang='lat'>3</span> <span class='ocrx_word' id='word_1_63' title='bbox 3071 672 3349 738; x_wconf 63' lang='lat' dir='ltr'><strong><em>accidisse</em></strong></span> <span class='ocrx_word' id='word_1_64' title='bbox 3416 672 3760 742; x_wconf 55' lang='lat' dir='ltr'><strong><em>ostendimus</em></strong></span> 
     </span>
    </p>
   </div>
   <div class='ocr_carea' id='block_1_8' title="bbox 246 745 3766 825">
    <p class='ocr_par' dir='ltr' id='par_1_8' title="bbox 246 745 3766 825">
     <span class='ocr_line' id='line_1_8' title="bbox 246 745 3766 825; baseline 0.006 -33"><span class='ocrx_word' id='word_1_65' title='bbox 246 756 388 825; x_wconf 76' lang='lat' dir='ltr'><strong><em>anno</em></strong></span> <span class='ocrx_word' id='word_1_66' title='bbox 454 746 606 795; x_wconf 69' lang='lat' dir='ltr'><strong><em>1H7.</em></strong></span> <span class='ocrx_word' id='word_1_67' title='bbox 658 745 777 797; x_wconf 85' lang='lat' dir='ltr'><strong><em>Non</em></strong></span> <span class='ocrx_word' id='word_1_68' title='bbox 828 746 1018 823; x_wconf 83' lang='lat' dir='ltr'><strong><em>ignoro</em></strong></span> <span class='ocrx_word' id='word_1_69' title='bbox 1056 745 1490 825; x_wconf 49' lang='lat' dir='ltr'><strong><em>translationem&#39;</em></strong></span> <span class='ocrx_word' id='word_1_70' title='bbox 1525 748 1585 801; x_wconf 91' lang='lat' dir='ltr'><strong><em>S.</em></strong></span> <span class='ocrx_word' id='word_1_71' title='bbox 1637 748 1885 825; x_wconf 73' lang='lat' dir='ltr'><strong><em>_l_Ienrici</em></strong></span> <span class='ocrx_word' id='word_1_72' title='bbox 1948 752 2112 825; x_wconf 79' lang='lat' dir='ltr'><strong><em>etiam</em></strong></span> <span class='ocrx_word' id='word_1_73' title='bbox 2183 751 2358 825; x_wconf 68' lang='lat' dir='ltr'><strong><em>accipi</em></strong></span> <span class='ocrx_word' id='word_1_74' title='bbox 2409 745 2601 825; x_wconf 71' lang='lat' dir='ltr'><strong><em>posse,</em></strong></span> <span class='ocrx_word' id='word_1_75' title='bbox 2646 757 2708 804; x_wconf 88' lang='lat' dir='ltr'><strong><em>ut</em></strong></span> <span class='ocrx_word' id='word_1_76' title='bbox 2760 745 3028 825; x_wconf 67' lang='lat' dir='ltr'><strong><em>miracula</em></strong></span> <span class='ocrx_word' id='word_1_77' title='bbox 3081 758 3205 822; x_wconf 87' lang='lat' dir='ltr'><strong><em>quis</em></strong></span> <span class='ocrx_word' id='word_1_78' title='bbox 3275 758 3429 821; x_wconf 82' lang='lat' dir='ltr'><strong><em>facta</em></strong></span> <span class='ocrx_word' id='word_1_79' title='bbox 3480 763 3636 825; x_wconf 81' lang='lat' dir='ltr'><strong><em>putet</em></strong></span> <span class='ocrx_word' id='word_1_80' title='bbox 3702 774 3766 813; x_wconf 94' lang='lat' dir='ltr'><strong><em>eo</em></strong></span> 
     </span>
    </p>
   </div>
   <div class='ocr_carea' id='block_1_9' title="bbox 246 815 3761 889">
    <p class='ocr_par' dir='ltr' id='par_1_9' title="bbox 246 815 3761 889">
     <span class='ocr_line' id='line_1_9' title="bbox 246 815 3761 889; baseline 0.005 -26"><span class='ocrx_word' id='word_1_81' title='bbox 246 820 481 889; x_wconf 69' lang='lat' dir='ltr'><strong><em>tempore</em></strong></span> <span class='ocrx_word' id='word_1_82' title='bbox 511 828 613 880; x_wconf 80' lang='lat' dir='ltr'><strong><em>quo</em></strong></span> <span class='ocrx_word' id='word_1_83' title='bbox 660 828 872 866; x_wconf 85' lang='lat' dir='ltr'><strong><em>sacrum</em></strong></span> <span class='ocrx_word' id='word_1_84' title='bbox 902 815 1035 889; x_wconf 5' lang='lat' dir='ltr'><strong><em>ejus,</em></strong></span> <span class='ocrx_word' id='word_1_85' title='bbox 1078 830 1270 889; x_wconf 74' lang='lat' dir='ltr'><strong><em>corpus</em></strong></span> <span class='ocrx_word' id='word_1_86' title='bbox 1315 833 1399 889; x_wconf 14' lang='lat' dir='ltr'><strong><em>ex,</em></strong></span> <span class='ocrx_word' id='word_1_87' title='bbox 1430 818 1539 871; x_wconf 84' lang='lat' dir='ltr'><strong><em>loco</em></strong></span> <span class='ocrx_word' id='word_1_88' title='bbox 1590 818 1687 871; x_wconf 87' lang='lat' dir='ltr'><strong><em>ubi</em></strong></span> <span class='ocrx_word' id='word_1_89' title='bbox 1743 825 1965 873; x_wconf 88' lang='lat' dir='ltr'><strong><em>mortem</em></strong></span> <span class='ocrx_word' id='word_1_90' title='bbox 2020 821 2247 885; x_wconf 84' lang='lat' dir='ltr'><strong><em>obierat,</em></strong></span> <span class='ocrx_word' id='word_1_91' title='bbox 2299 815 2658 889; x_wconf 66' lang='lat' dir='ltr'><strong><em>Barribergam</em></strong></span> <span class='ocrx_word' id='word_1_92' title='bbox 2700 824 3043 886; x_wconf 82' lang='lat' dir='ltr'><strong><em>referretur:</em></strong></span> <span class='ocrx_word' id='word_1_93' title='bbox 3087 815 3289 878; x_wconf 50' lang='lat' dir='ltr'><strong><em>&#39;verum</em></strong></span> <span class='ocrx_word' id='word_1_94' title='bbox 3327 815 3761 881; x_wconf 73' lang='lat' dir='ltr'><strong><em>circumstantiae</em></strong></span> 
     </span>
    </p>
   </div>
   <div class='ocr_carea' id='block_1_10' title="bbox 244 884 3758 964">
    <p class='ocr_par' dir='ltr' id='par_1_10' title="bbox 244 884 3758 964">
     <span class='ocr_line' id='line_1_10' title="bbox 244 884 3758 964; baseline 0.005 -30"><span class='ocrx_word' id='word_1_95' title='bbox 244 885 327 934; x_wconf 84' lang='lat' dir='ltr'><strong><em>ita</em></strong></span> <span class='ocrx_word' id='word_1_96' title='bbox 362 884 697 964; x_wconf 47' lang='lat' dir='ltr'><strong><em>tequuntur,</em></strong></span> <span class='ocrx_word' id='word_1_97' title='bbox 737 889 807 964; x_wconf 60' lang='lat' dir='ltr'><strong><em>ut</em></strong></span> <span class='ocrx_word' id='word_1_98' title='bbox 870 887 1252 964; x_wconf 69' lang='lat' dir='ltr'><strong><em>restringenda</em></strong></span> <span class='ocrx_word' id='word_1_99' title='bbox 1306 888 1600 964; x_wconf 81' lang='lat' dir='ltr'><strong><em>videantur</em></strong></span> <span class='ocrx_word' id='word_1_100' title='bbox 1654 889 2190 964; x_wconf 9' lang='lat' dir='ltr'><strong><em>adgtranstationem</em></strong></span> <span class='ocrx_word' id='word_1_101' title='bbox 2249 892 2492 958; x_wconf 84' lang='lat' dir='ltr'><strong><em>aliquam</em></strong></span> <span class='ocrx_word' id='word_1_102' title='bbox 2534 884 2903 964; x_wconf 66' lang='lat' dir='ltr'><strong><em>reliquiarum</em></strong></span> <span class='ocrx_word' id='word_1_103' title='bbox 2954 896 3164 960; x_wconf 87' lang='lat' dir='ltr'><strong><em>factam</em></strong></span> <span class='ocrx_word' id='word_1_104' title='bbox 3215 901 3336 964; x_wconf 85' lang='lat' dir='ltr'><strong><em>post</em></strong></span> <span class='ocrx_word' id='word_1_105' title='bbox 3390 896 3587 951; x_wconf 82' lang='lat' dir='ltr'><strong><em>Sancti</em></strong></span> <span class='ocrx_word' id='word_1_106' title='bbox 3647 914 3758 951; x_wconf 89' lang='lat' dir='ltr'><strong><em>ca-</em></strong></span> 
     </span>
    </p>
   </div>
   <div class='ocr_carea' id='block_1_11' title="bbox 242 954 3752 1033">
    <p class='ocr_par' dir='ltr' id='par_1_11' title="bbox 242 954 3752 1033">
     <span class='ocr_line' id='line_1_11' title="bbox 242 954 3752 1033; baseline 0.005 -30"><span class='ocrx_word' id='word_1_107' title='bbox 242 954 661 1033; x_wconf 54' lang='lat' dir='ltr'><strong><em>noniaationem.</em></strong></span> <span class='ocrx_word' id='word_1_108' title='bbox 737 956 926 1033; x_wconf 83' lang='lat' dir='ltr'><strong><em>Visum</em></strong></span> <span class='ocrx_word' id='word_1_109' title='bbox 1001 957 1231 1033; x_wconf 75' lang='lat' dir='ltr'><strong><em>proinde</em></strong></span> <span class='ocrx_word' id='word_1_110' title='bbox 1286 962 1364 1010; x_wconf 85' lang='lat' dir='ltr'><strong><em>est</em></strong></span> <span class='ocrx_word' id='word_1_111' title='bbox 1436 963 1603 1012; x_wconf 73' lang='lat' dir='ltr'><strong><em>totum</em></strong></span> <span class='ocrx_word' id='word_1_112' title='bbox 1675 962 2063 1033; x_wconf 79' lang='lat' dir='ltr'><strong><em>miraculorum</em></strong></span> <span class='ocrx_word' id='word_1_113' title='bbox 2134 954 2441 1024; x_wconf 76' lang='lat' dir='ltr'><strong><em>historiam,</em></strong></span> <span class='ocrx_word' id='word_1_114' title='bbox 2513 961 2587 1015; x_wconf 85' lang='lat' dir='ltr'><strong><em>ad</em></strong></span> <span class='ocrx_word' id='word_1_115' title='bbox 2655 954 2905 1016; x_wconf 67' lang='lat' dir='ltr'><strong><em>normam</em></strong></span> <span class='ocrx_word' id='word_1_116' title='bbox 2954 954 3261 1029; x_wconf 45' lang='lat' dir='ltr'><strong><em>&#39;nostram&#39;,</em></strong></span> <span class='ocrx_word' id='word_1_117' title='bbox 3336 968 3419 1019; x_wconf 87' lang='lat' dir='ltr'><strong><em>ita</em></strong></span> <span class='ocrx_word' id='word_1_118' title='bbox 3476 967 3752 1033; x_wconf 86' lang='lat' dir='ltr'><strong><em>dividere,</em></strong></span> 
     </span>
    </p>
   </div>
   <div class='ocr_carea' id='block_1_12' title="bbox 242 1023 2808 1100">
    <p class='ocr_par' dir='ltr' id='par_1_12' title="bbox 242 1023 2808 1100">
     <span class='ocr_line' id='line_1_12' title="bbox 242 1023 2808 1100; baseline 0.005 -26"><span class='ocrx_word' id='word_1_119' title='bbox 242 1028 304 1075; x_wconf 84' lang='lat' dir='ltr'><strong><em>ut</em></strong></span> <span class='ocrx_word' id='word_1_120' title='bbox 341 1023 536 1100; x_wconf 55' lang='lat' dir='ltr'><strong><em>necem</em></strong></span> <span class='ocrx_word' id='word_1_121' title='bbox 582 1025 681 1077; x_wconf 81' lang='lat' dir='ltr'><strong><em>illa</em></strong></span> <span class='ocrx_word' id='word_1_122' title='bbox 717 1029 929 1100; x_wconf 22' lang='lat' dir='ltr'><strong><em>Apriora</em></strong></span> <span class='ocrx_word' id='word_1_123' title='bbox 975 1023 1307 1100; x_wconf 81' lang='lat' dir='ltr'><strong><em>constituant</em></strong></span> <span class='ocrx_word' id='word_1_124' title='bbox 1350 1034 1564 1100; x_wconf 82' lang='lat' dir='ltr'><strong><em>partem</em></strong></span> <span class='ocrx_word' id='word_1_125' title='bbox 1618 1034 1880 1097; x_wconf 85' lang='lat' dir='ltr'><strong><em>primam,</em></strong></span> <span class='ocrx_word' id='word_1_126' title='bbox 1950 1032 2165 1099; x_wconf 85' lang='lat' dir='ltr'><strong><em>reliqua</em></strong></span> <span class='ocrx_word' id='word_1_127' title='bbox 2239 1023 2452 1100; x_wconf 81' lang='lat' dir='ltr'><strong><em>partem</em></strong></span> <span class='ocrx_word' id='word_1_128' title='bbox 2511 1034 2737 1087; x_wconf 83' lang='lat' dir='ltr'><strong><em>alterum</em></strong></span> <span class='ocrx_word' id='word_1_129' title='bbox 2796 1050 2808 1086; x_wconf 90' lang='lat'><strong><em>:</em></strong></span> 
     </span>
    </p>
   </div>
   <div class='ocr_carea' id='block_1_13' title="bbox 242 1094 1865 1170">
    <p class='ocr_par' dir='ltr' id='par_1_13' title="bbox 242 1094 1865 1170">
     <span class='ocr_line' id='line_1_13' title="bbox 242 1094 1865 1170; baseline 0.005 -24"><span class='ocrx_word' id='word_1_130' title='bbox 242 1095 457 1146; x_wconf 82' lang='lat' dir='ltr'><strong><em>omissis</em></strong></span> <span class='ocrx_word' id='word_1_131' title='bbox 488 1094 849 1149; x_wconf 76' lang='lat' dir='ltr'><strong><em>Gretserianis</em></strong></span> <span class='ocrx_word' id='word_1_132' title='bbox 877 1098 1120 1164; x_wconf 83' lang='lat' dir='ltr'><strong><em>capitum</em></strong></span> <span class='ocrx_word' id='word_1_133' title='bbox 1149 1094 1531 1153; x_wconf 70' lang='lat' dir='ltr'><strong><em>divisionibus.</em></strong></span> <span class='ocrx_word' id='word_1_134' title='bbox 1557 1094 1640 1154; x_wconf 73' lang='lat' dir='ltr'><strong><em>Sit</em></strong></span> <span class='ocrx_word' id='word_1_135' title='bbox 1672 1094 1865 1170; x_wconf 83' lang='lat' dir='ltr'><strong><em>itaque</em></strong></span> 
     </span>
    </p>
   </div>
   <div class='ocr_carea' id='block_1_14' title="bbox 2867 1036 3754 1101">
    <p class='ocr_par' dir='ltr' id='par_1_14' title="bbox 2867 1036 3754 1101">
     <span class='ocr_line' id='line_1_14' title="bbox 2867 1036 3754 1101; baseline 0.008 -16"><span class='ocrx_word' id='word_1_136' title='bbox 2867 1050 3035 1101; x_wconf 85' lang='lat' dir='ltr'><strong><em>eaque</em></strong></span> <span class='ocrx_word' id='word_1_137' title='bbox 3103 1052 3171 1089; x_wconf 68' lang='lat' dir='ltr'><strong><em>em</em></strong></span> <span class='ocrx_word' id='word_1_138' title='bbox 3225 1036 3386 1091; x_wconf 83' lang='lat' dir='ltr'><strong><em>Surio</em></strong></span> <span class='ocrx_word' id='word_1_139' title='bbox 3444 1037 3754 1092; x_wconf 77' lang='lat' dir='ltr'><strong><em>describere</em></strong></span> 
     </span>
    </p>
   </div>
   <div class='ocr_carea' id='block_1_15' title="bbox 256 1198 3746 1225">
    <p class='ocr_par' dir='ltr' id='par_1_15' title="bbox 256 1198 3746 1225">
     <span class='ocr_line' id='line_1_15' title="bbox 256 1198 3746 1225; baseline -0.002 1"><span class='ocrx_word' id='word_1_140' title='bbox 256 1198 3746 1225; x_wconf 41' lang='grc' dir='ltr'>Ἢ</span> 
     </span>
    </p>
   </div>
   <div class='ocr_carea' id='block_1_16' title="bbox 506 1220 3495 1394">
    <p class='ocr_par' dir='ltr' id='par_1_16' title="bbox 506 1220 3495 1394">
     <span class='ocr_line' id='line_1_16' title="bbox 506 1220 3495 1394; baseline 0.004 -11"><span class='ocrx_word' id='word_1_141' title='bbox 506 1220 1573 1390; x_wconf 82' lang='lat' dir='ltr'><strong><em>MIRACULOBUM</em></strong></span> <span class='ocrx_word' id='word_1_142' title='bbox 1670 1286 1769 1389; x_wconf 88' lang='lat' dir='ltr'><strong><em>s.</em></strong></span> <span class='ocrx_word' id='word_1_143' title='bbox 1871 1288 2466 1389; x_wconf 83' lang='lat' dir='ltr'><strong><em>HENRICI</em></strong></span> <span class='ocrx_word' id='word_1_144' title='bbox 2555 1288 2921 1392; x_wconf 84' lang='lat' dir='ltr'><strong><em>PARS</em></strong></span> <span class='ocrx_word' id='word_1_145' title='bbox 3010 1291 3495 1394; x_wconf 83' lang='lat' dir='ltr'><strong><em>PRIMA.</em></strong></span> 
     </span>
    </p>
   </div>
   <div class='ocr_carea' id='block_1_17' title="bbox 312 1510 3757 1590">
    <p class='ocr_par' dir='ltr' id='par_1_17' title="bbox 312 1510 3757 1590">
     <span class='ocr_line' id='line_1_17' title="bbox 312 1510 3757 1590; baseline 0.005 -28"><span class='ocrx_word' id='word_1_146' title='bbox 312 1512 360 1562; x_wconf 78' lang='lat' dir='ltr'><strong><em>t.</em></strong></span> <span class='ocrx_word' id='word_1_147' title='bbox 438 1512 601 1563; x_wconf 83' lang='lat' dir='ltr'><strong><em>Anno</em></strong></span> <span class='ocrx_word' id='word_1_148' title='bbox 661 1510 969 1566; x_wconf 68' lang='lat' dir='ltr'><strong><em>Dominicae</em></strong></span> <span class='ocrx_word' id='word_1_149' title='bbox 1016 1510 1428 1567; x_wconf 81' lang='lat' dir='ltr'><strong><em>incarnationis</em></strong></span> <span class='ocrx_word' id='word_1_150' title='bbox 1480 1530 1646 1580; x_wconf 70' lang='lat' dir='ltr'><strong><em>xxxv,</em></strong></span> <span class='ocrx_word' id='word_1_151' title='bbox 1681 1514 1749 1568; x_wconf 89' lang='lat' dir='ltr'><strong><em>ab</em></strong></span> <span class='ocrx_word' id='word_1_152' title='bbox 1789 1514 1937 1568; x_wconf 85' lang='lat' dir='ltr'><strong><em>Urbe</em></strong></span> <span class='ocrx_word' id='word_1_153' title='bbox 1966 1519 2012 1570; x_wconf 83' lang='grc' dir='ltr'><strong>Α</strong></span> <span class='ocrx_word' id='word_1_154' title='bbox 2051 1514 2196 1568; x_wconf 88' lang='lat' dir='ltr'><strong><em>bene</em></strong></span> <span class='ocrx_word' id='word_1_155' title='bbox 2236 1518 2485 1585; x_wconf 86' lang='lat' dir='ltr'><strong><em>coeptum</em></strong></span> <span class='ocrx_word' id='word_1_156' title='bbox 2534 1521 2635 1582; x_wconf 90' lang='lat' dir='ltr'><strong><em>est,</em></strong></span> <span class='ocrx_word' id='word_1_157' title='bbox 2684 1517 3100 1584; x_wconf 90' lang='lat' dir='ltr'><strong><em>conﬁrmando,</em></strong></span> <span class='ocrx_word' id='word_1_158' title='bbox 3159 1534 3386 1590; x_wconf 84' lang='lat' dir='ltr'><strong><em>semper</em></strong></span> <span class='ocrx_word' id='word_1_159' title='bbox 3432 1521 3637 1577; x_wconf 82' lang='lat' dir='ltr'><strong><em>exinde</em></strong></span> <span class='ocrx_word' id='word_1_160' title='bbox 3684 1523 3757 1577; x_wconf 89' lang='lat' dir='ltr'><strong><em>ad</em></strong></span> 
     </span>
    </p>
   </div>
   <div class='ocr_carea' id='block_1_18' title="bbox 233 1597 1939 1672">
    <p class='ocr_par' dir='ltr' id='par_1_18' title="bbox 233 1597 1939 1672">
     <span class='ocr_line' id='line_1_18' title="bbox 233 1597 1939 1672; baseline 0.004 -22"><span class='ocrx_word' id='word_1_161' title='bbox 233 1597 469 1651; x_wconf 87' lang='lat' dir='ltr'><strong><em>condita</em></strong></span> <span class='ocrx_word' id='word_1_162' title='bbox 503 1598 803 1653; x_wconf 88' lang='lat' dir='ltr'><strong><em>millesimo</em></strong></span> <span class='ocrx_word' id='word_1_163' title='bbox 823 1600 1328 1671; x_wconf 72' lang='lat' dir='ltr'><strong><em>septingentesimo</em></strong></span> <span class='ocrx_word' id='word_1_164' title='bbox 1342 1603 1761 1672; x_wconf 88' lang='lat' dir='ltr'><strong><em>septuagesimo</em></strong></span> <span class='ocrx_word' id='word_1_165' title='bbox 1782 1608 1939 1657; x_wconf 89' lang='lat' dir='ltr'><strong><em>sexto</em></strong></span> 
     </span>
    </p>
   </div>
   <div class='ocr_carea' id='block_1_19' title="bbox 232 1686 1938 1762">
    <p class='ocr_par' dir='ltr' id='par_1_19' title="bbox 232 1686 1938 1762">
     <span class='ocr_line' id='line_1_19' title="bbox 232 1686 1938 1762; baseline 0.004 -23"><span class='ocrx_word' id='word_1_166' title='bbox 232 1686 572 1740; x_wconf 89' lang='lat' dir='ltr'><strong><em>Chunradus</em></strong></span> <span class='ocrx_word' id='word_1_167' title='bbox 616 1704 680 1740; x_wconf 84' lang='lat' dir='ltr'><strong><em>ex</em></strong></span> <span class='ocrx_word' id='word_1_168' title='bbox 713 1688 872 1757; x_wconf 82' lang='lat' dir='ltr'><strong><em>regni</em></strong></span> <span class='ocrx_word' id='word_1_169' title='bbox 905 1689 1255 1758; x_wconf 85' lang='lat' dir='ltr'><strong><em>primoribus</em></strong></span> <span class='ocrx_word' id='word_1_170' title='bbox 1287 1706 1453 1745; x_wconf 91' lang='lat' dir='ltr'><strong><em>unus.</em></strong></span> <span class='ocrx_word' id='word_1_171' title='bbox 1508 1692 1604 1745; x_wconf 85' lang='lat' dir='ltr'><strong><em>sed</em></strong></span> <span class='ocrx_word' id='word_1_172' title='bbox 1636 1708 1814 1762; x_wconf 89' lang='lat' dir='ltr'><strong><em>regno</em></strong></span> <span class='ocrx_word' id='word_1_173' title='bbox 1837 1708 1938 1746; x_wconf 83' lang='lat' dir='ltr'><strong><em>an-</em></strong></span> 
     </span>
    </p>
   </div>
   <div class='ocr_carea' id='block_1_20' title="bbox 230 1774 1939 1849">
    <p class='ocr_par' dir='ltr' id='par_1_20' title="bbox 230 1774 1939 1849">
     <span class='ocr_line' id='line_1_20' title="bbox 230 1774 1939 1849; baseline 0.004 -23"><span class='ocrx_word' id='word_1_174' title='bbox 230 1780 324 1827; x_wconf 88' lang='lat' dir='ltr'><strong><em>tea</em></strong></span> <span class='ocrx_word' id='word_1_175' title='bbox 358 1791 464 1844; x_wconf 89' lang='lat' dir='ltr'><strong><em>per</em></strong></span> <span class='ocrx_word' id='word_1_176' title='bbox 520 1774 891 1830; x_wconf 81' lang='lat' dir='ltr'><strong><em>rebellionem</em></strong></span> <span class='ocrx_word' id='word_1_177' title='bbox 941 1778 1228 1841; x_wconf 87' lang='lat' dir='ltr'><strong><em>adversus,</em></strong></span> <span class='ocrx_word' id='word_1_178' title='bbox 1265 1779 1630 1848; x_wconf 85' lang='lat' dir='ltr'><strong><em>Principibus</em></strong></span> <span class='ocrx_word' id='word_1_179' title='bbox 1685 1796 1789 1849; x_wconf 91' lang='lat' dir='ltr'><strong><em>pro</em></strong></span> <span class='ocrx_word' id='word_1_180' title='bbox 1817 1780 1939 1849; x_wconf 90' lang='lat' dir='ltr'><strong><em>ejus</em></strong></span> 
     </span>
    </p>
   </div>
   <div class='ocr_carea' id='block_1_21' title="bbox 228 1861 1937 1937">
    <p class='ocr_par' dir='ltr' id='par_1_21' title="bbox 228 1861 1937 1937">
     <span class='ocr_line' id='line_1_21' title="bbox 228 1861 1937 1937; baseline 0.004 -24"><span class='ocrx_word' id='word_1_181' title='bbox 228 1861 513 1916; x_wconf 70' lang='lat' dir='ltr'><strong><em>electione</em></strong></span> <span class='ocrx_word' id='word_1_182' title='bbox 539 1864 1013 1932; x_wconf 84' lang='lat' dir='ltr'><strong><em>discordantibus,</em></strong></span> <span class='ocrx_word' id='word_1_183' title='bbox 1069 1866 1322 1921; x_wconf 86' lang='lat' dir='ltr'><strong><em>Aribone</em></strong></span> <span class='ocrx_word' id='word_1_184' title='bbox 1355 1874 1547 1921; x_wconf 89' lang='lat' dir='ltr'><strong><em>autem</em></strong></span> <span class='ocrx_word' id='word_1_185' title='bbox 1602 1868 1937 1937; x_wconf 74' lang='lat' dir='ltr'><strong><em>Moguntina</em></strong></span> 
     </span>
    </p>
   </div>
   <div class='ocr_carea' id='block_1_22' title="bbox 230 1950 1937 2026">
    <p class='ocr_par' dir='ltr' id='par_1_22' title="bbox 230 1950 1937 2026">
     <span class='ocr_line' id='line_1_22' title="bbox 230 1950 1937 2026; baseline 0.003 -22"><span class='ocrx_word' id='word_1_186' title='bbox 230 1950 692 2022; x_wconf 78' lang='lat' dir='ltr'><strong><em>Archiepiscopo,</em></strong></span> <span class='ocrx_word' id='word_1_187' title='bbox 735 1958 788 2005; x_wconf 91' lang='lat' dir='ltr'><strong><em>et</em></strong></span> <span class='ocrx_word' id='word_1_188' title='bbox 820 1953 1144 2007; x_wconf 86' lang='lat' dir='ltr'><strong><em>Eberhardo</em></strong></span> <span class='ocrx_word' id='word_1_189' title='bbox 1202 1955 1656 2026; x_wconf 83' lang='lat' dir='ltr'><strong><em>Babenbergensi</em></strong></span> <span class='ocrx_word' id='word_1_190' title='bbox 1691 1957 1937 2009; x_wconf 65' lang='lat' dir='ltr'><strong><em>Praesule</em></strong></span> 
     </span>
    </p>
   </div>
   <div class='ocr_carea' id='block_1_23' title="bbox 231 2039 1936 2113">
    <p class='ocr_par' dir='ltr' id='par_1_23' title="bbox 231 2039 1936 2113">
     <span class='ocr_line' id='line_1_23' title="bbox 231 2039 1936 2113; baseline 0.002 -20"><span class='ocrx_word' id='word_1_191' title='bbox 231 2039 338 2093; x_wconf 86' lang='lat' dir='ltr'><strong><em>sibi</em></strong></span> <span class='ocrx_word' id='word_1_192' title='bbox 369 2039 710 2106; x_wconf 84' lang='lat' dir='ltr'><strong><em>faventibus,</em></strong></span> <span class='ocrx_word' id='word_1_193' title='bbox 741 2041 1105 2112; x_wconf 70' lang='lat' dir='ltr'><strong><em>[octogesimo</em></strong></span> <span class='ocrx_word' id='word_1_194' title='bbox 1154 2043 1354 2113; x_wconf 89' lang='lat' dir='ltr'><strong><em>quinto</em></strong></span> <span class='ocrx_word' id='word_1_195' title='bbox 1384 2044 1509 2097; x_wconf 90' lang='lat' dir='ltr'><strong><em>loco</em></strong></span> <span class='ocrx_word' id='word_1_196' title='bbox 1554 2044 1625 2098; x_wconf 91' lang='lat' dir='ltr'><strong><em>ab</em></strong></span> <span class='ocrx_word' id='word_1_197' title='bbox 1680 2047 1936 2113; x_wconf 84' lang='lat' dir='ltr'><strong><em>Augusto</em></strong></span> 
     </span>
    </p>
   </div>
   <div class='ocr_carea' id='block_1_24' title="bbox 229 2129 1937 2202">
    <p class='ocr_par' dir='ltr' id='par_1_24' title="bbox 229 2129 1937 2202">
     <span class='ocr_line' id='line_1_24' title="bbox 229 2129 1937 2202; baseline 0.002 -20"><span class='ocrx_word' id='word_1_198' title='bbox 229 2143 477 2197; x_wconf 84' lang='lat' dir='ltr'><strong><em>regnum</em></strong></span> <span class='ocrx_word' id='word_1_199' title='bbox 526 2129 774 2199; x_wconf 83' lang='lat' dir='ltr'><strong><em>suscepit</em></strong></span> <span class='ocrx_word' id='word_1_200' title='bbox 823 2133 880 2182; x_wconf 91' lang='lat' dir='ltr'><strong><em>et</em></strong></span> <span class='ocrx_word' id='word_1_201' title='bbox 923 2131 1088 2183; x_wconf 88' lang='lat' dir='ltr'><strong><em>annis</em></strong></span> <span class='ocrx_word' id='word_1_202' title='bbox 1140 2148 1208 2184; x_wconf 85' lang='lat' dir='ltr'><strong><em>xv</em></strong></span> <span class='ocrx_word' id='word_1_203' title='bbox 1261 2132 1538 2202; x_wconf 84' lang='lat' dir='ltr'><strong><em>regnavit.</em></strong></span> <span class='ocrx_word' id='word_1_204' title='bbox 1589 2132 1937 2187; x_wconf 88' lang='lat' dir='ltr'><strong><em>Sublimatus</em></strong></span> 
     </span>
    </p>
   </div>
   <div class='ocr_carea' id='block_1_25' title="bbox 230 2217 1937 2290">
    <p class='ocr_par' dir='ltr' id='par_1_25' title="bbox 230 2217 1937 2290">
     <span class='ocr_line' id='line_1_25' title="bbox 230 2217 1937 2290; baseline 0.002 -21"><span class='ocrx_word' id='word_1_205' title='bbox 230 2224 426 2270; x_wconf 87' lang='lat' dir='ltr'><strong><em>autem</em></strong></span> <span class='ocrx_word' id='word_1_206' title='bbox 469 2217 527 2270; x_wconf 91' lang='lat' dir='ltr'><strong><em>in</em></strong></span> <span class='ocrx_word' id='word_1_207' title='bbox 558 2217 721 2287; x_wconf 82' lang='lat' dir='ltr'><strong><em>regni</em></strong></span> <span class='ocrx_word' id='word_1_208' title='bbox 767 2218 916 2284; x_wconf 89' lang='lat' dir='ltr'><strong><em>sede,</em></strong></span> <span class='ocrx_word' id='word_1_209' title='bbox 950 2217 1189 2273; x_wconf 89' lang='lat' dir='ltr'><strong><em>consilio</em></strong></span> <span class='ocrx_word' id='word_1_210' title='bbox 1247 2220 1533 2274; x_wconf 88' lang='lat' dir='ltr'><strong><em>Brunonis</em></strong></span> <span class='ocrx_word' id='word_1_211' title='bbox 1562 2222 1937 2290; x_wconf 78' lang='lat' dir='ltr'><strong><em>Augustensis</em></strong></span> 
     </span>
    </p>
   </div>
   <div class='ocr_carea' id='block_1_26' title="bbox 231 2305 1937 2378">
    <p class='ocr_par' dir='ltr' id='par_1_26' title="bbox 231 2305 1937 2378">
     <span class='ocr_line' id='line_1_26' title="bbox 231 2305 1937 2378; baseline 0.002 -21"><span class='ocrx_word' id='word_1_212' title='bbox 231 2305 517 2375; x_wconf 83' lang='lat' dir='ltr'><strong><em>Episcopi,</em></strong></span> <span class='ocrx_word' id='word_1_213' title='bbox 548 2305 737 2358; x_wconf 79' lang='lat' dir='ltr'><strong><em>fratris</em></strong></span> <span class='ocrx_word' id='word_1_214' title='bbox 768 2306 1011 2358; x_wconf 88' lang='lat' dir='ltr'><strong><em>Heinrici</em></strong></span> <span class='ocrx_word' id='word_1_215' title='bbox 1042 2306 1424 2377; x_wconf 83' lang='lat' dir='ltr'><strong><em>imperatoris,</em></strong></span> <span class='ocrx_word' id='word_1_216' title='bbox 1461 2308 1561 2378; x_wconf 89' lang='lat' dir='ltr'><strong><em>qui</em></strong></span> <span class='ocrx_word' id='word_1_217' title='bbox 1595 2323 1841 2377; x_wconf 87' lang='lat' dir='ltr'><strong><em>semper,</em></strong></span> <span class='ocrx_word' id='word_1_218' title='bbox 1874 2312 1937 2360; x_wconf 90' lang='lat' dir='ltr'><strong><em>ut</em></strong></span> 
     </span>
    </p>
   </div>
   <div class='ocr_carea' id='block_1_27' title="bbox 231 2394 1931 2464">
    <p class='ocr_par' dir='ltr' id='par_1_27' title="bbox 231 2394 1931 2464">
     <span class='ocr_line' id='line_1_27' title="bbox 231 2394 1931 2464; baseline 0.002 -19"><span class='ocrx_word' id='word_1_219' title='bbox 231 2409 406 2462; x_wconf 82' lang='lat' dir='ltr'><strong><em>supra</em></strong></span> <span class='ocrx_word' id='word_1_220' title='bbox 445 2394 659 2447; x_wconf 87' lang='lat' dir='ltr'><strong><em>dictum</em></strong></span> <span class='ocrx_word' id='word_1_221' title='bbox 707 2398 810 2456; x_wconf 87' lang='lat' dir='ltr'><strong><em>est,</em></strong></span> <span class='ocrx_word' id='word_1_222' title='bbox 868 2394 1125 2448; x_wconf 86' lang='lat' dir='ltr'><strong><em>felicibus</em></strong></span> <span class='ocrx_word' id='word_1_223' title='bbox 1183 2394 1306 2464; x_wconf 88' lang='lat' dir='ltr'><strong><em>ejus</em></strong></span> <span class='ocrx_word' id='word_1_224' title='bbox 1350 2395 1644 2449; x_wconf 86' lang='lat' dir='ltr'><strong><em>invidebat</em></strong></span> <span class='ocrx_word' id='word_1_225' title='bbox 1692 2395 1931 2463; x_wconf 87' lang='lat' dir='ltr'><strong><em>actibus,</em></strong></span> 
     </span>
    </p>
   </div>
   <div class='ocr_carea' id='block_1_28' title="bbox 230 2482 1932 2553">
    <p class='ocr_par' dir='ltr' id='par_1_28' title="bbox 230 2482 1932 2553">
     <span class='ocr_line' id='line_1_28' title="bbox 230 2482 1932 2553; baseline 0.001 -18"><span class='ocrx_word' id='word_1_226' title='bbox 230 2482 762 2551; x_wconf 67' lang='lat' dir='ltr'><strong><em>Bahenbergensem</em></strong></span> <span class='ocrx_word' id='word_1_227' title='bbox 785 2483 1173 2553; x_wconf 85' lang='lat' dir='ltr'><strong><em>episcopatum</em></strong></span> <span class='ocrx_word' id='word_1_228' title='bbox 1207 2483 1587 2537; x_wconf 85' lang='lat' dir='ltr'><strong><em>meditabatur</em></strong></span> <span class='ocrx_word' id='word_1_229' title='bbox 1618 2484 1932 2548; x_wconf 87' lang='lat' dir='ltr'><strong><em>destruere,</em></strong></span> 
     </span>
    </p>
   </div>
   <div class='ocr_carea' id='block_1_29' title="bbox 227 2570 1933 2643">
    <p class='ocr_par' dir='ltr' id='par_1_29' title="bbox 227 2570 1933 2643">
     <span class='ocr_line' id='line_1_29' title="bbox 227 2570 1933 2643; baseline 0.001 -20"><span class='ocrx_word' id='word_1_230' title='bbox 227 2571 371 2634; x_wconf 85' lang='lat' dir='ltr'><strong><em>Quia</em></strong></span> <span class='ocrx_word' id='word_1_231' title='bbox 405 2570 555 2624; x_wconf 89' lang='lat' dir='ltr'><strong><em>idem</em></strong></span> <span class='ocrx_word' id='word_1_232' title='bbox 594 2573 777 2624; x_wconf 86' lang='lat' dir='ltr'><strong><em>Bruno</em></strong></span> <span class='ocrx_word' id='word_1_233' title='bbox 806 2573 1117 2641; x_wconf 88' lang='lat' dir='ltr'><strong><em>Episcopus</em></strong></span> <span class='ocrx_word' id='word_1_234' title='bbox 1163 2572 1430 2643; x_wconf 87' lang='lat' dir='ltr'><strong><em>promisit</em></strong></span> <span class='ocrx_word' id='word_1_235' title='bbox 1467 2572 1681 2643; x_wconf 68' lang='lat' dir='ltr'><strong><em>reginas</em></strong></span> <span class='ocrx_word' id='word_1_236' title='bbox 1723 2572 1933 2640; x_wconf 72' lang='lat' dir='ltr'><strong><em>Gisilte,</em></strong></span> 
     </span>
    </p>
   </div>
   <div class='ocr_carea' id='block_1_30' title="bbox 228 2659 1932 2730">
    <p class='ocr_par' dir='ltr' id='par_1_30' title="bbox 228 2659 1932 2730">
     <span class='ocr_line' id='line_1_30' title="bbox 228 2659 1932 2730; baseline 0.002 -21"><span class='ocrx_word' id='word_1_237' title='bbox 228 2660 427 2711; x_wconf 83' lang='lat' dir='ltr'><strong><em>omnia</em></strong></span> <span class='ocrx_word' id='word_1_238' title='bbox 474 2659 691 2727; x_wconf 58' lang='lat' dir='ltr'><strong><em>praedia</em></strong></span> <span class='ocrx_word' id='word_1_239' title='bbox 746 2659 1092 2712; x_wconf 85' lang='lat' dir='ltr'><strong><em>hereditario</em></strong></span> <span class='ocrx_word' id='word_1_240' title='bbox 1142 2661 1274 2729; x_wconf 84' lang='lat' dir='ltr'><strong><em>jure.</em></strong></span> <span class='ocrx_word' id='word_1_241' title='bbox 1334 2660 1399 2714; x_wconf 92' lang='lat' dir='ltr'><strong><em>ad</em></strong></span> <span class='ocrx_word' id='word_1_242' title='bbox 1451 2677 1509 2713; x_wconf 91' lang='lat' dir='ltr'><strong><em>se</em></strong></span> <span class='ocrx_word' id='word_1_243' title='bbox 1565 2660 1932 2730; x_wconf 87' lang='lat' dir='ltr'><strong><em>pertinentia,</em></strong></span> 
     </span>
    </p>
   </div>
   <div class='ocr_carea' id='block_1_31' title="bbox 224 2746 1934 2818">
    <p class='ocr_par' dir='ltr' id='par_1_31' title="bbox 224 2746 1934 2818">
     <span class='ocr_line' id='line_1_31' title="bbox 224 2746 1934 2818; baseline 0.001 -19"><span class='ocrx_word' id='word_1_244' title='bbox 224 2746 345 2799; x_wconf 90' lang='lat' dir='ltr'><strong><em>ﬁlio</em></strong></span> <span class='ocrx_word' id='word_1_245' title='bbox 375 2748 500 2815; x_wconf 84' lang='lat' dir='ltr'><strong><em>ejus</em></strong></span> <span class='ocrx_word' id='word_1_246' title='bbox 532 2746 791 2799; x_wconf 82' lang='lat' dir='ltr'><strong><em>Heinrico</em></strong></span> <span class='ocrx_word' id='word_1_247' title='bbox 821 2746 1171 2800; x_wconf 87' lang='lat' dir='ltr'><strong><em>contradere.</em></strong></span> <span class='ocrx_word' id='word_1_248' title='bbox 1212 2748 1386 2801; x_wconf 88' lang='lat' dir='ltr'><strong><em>Locus</em></strong></span> <span class='ocrx_word' id='word_1_249' title='bbox 1412 2747 1589 2817; x_wconf 87' lang='lat' dir='ltr'><strong><em>igitur</em></strong></span> <span class='ocrx_word' id='word_1_250' title='bbox 1610 2748 1689 2817; x_wconf 70' lang='lat' dir='ltr'><strong><em>{et</em></strong></span> <span class='ocrx_word' id='word_1_251' title='bbox 1709 2752 1934 2818; x_wconf 85' lang='lat' dir='ltr'><strong><em>tempus</em></strong></span> 
     </span>
    </p>
   </div>
   <div class='ocr_carea' id='block_1_32' title="bbox 224 2834 1930 2905">
    <p class='ocr_par' dir='ltr' id='par_1_32' title="bbox 224 2834 1930 2905">
     <span class='ocr_line' id='line_1_32' title="bbox 224 2834 1930 2905; baseline 0.001 -19"><span class='ocrx_word' id='word_1_252' title='bbox 224 2834 530 2888; x_wconf 83' lang='lat' dir='ltr'><strong><em>conventui</em></strong></span> <span class='ocrx_word' id='word_1_253' title='bbox 563 2834 848 2899; x_wconf 82' lang='lat' dir='ltr'><strong><em>statuitur,</em></strong></span> <span class='ocrx_word' id='word_1_254' title='bbox 893 2835 994 2887; x_wconf 90' lang='lat' dir='ltr'><strong><em>ubi</em></strong></span> <span class='ocrx_word' id='word_1_255' title='bbox 1042 2836 1163 2887; x_wconf 82' lang='lat' dir='ltr'><strong><em>haec</em></strong></span> <span class='ocrx_word' id='word_1_256' title='bbox 1207 2851 1299 2887; x_wconf 88' lang='lat' dir='ltr'><strong><em>res</em></strong></span> <span class='ocrx_word' id='word_1_257' title='bbox 1346 2835 1415 2889; x_wconf 87' lang='lat' dir='ltr'><strong><em>ad</em></strong></span> <span class='ocrx_word' id='word_1_258' title='bbox 1473 2835 1690 2889; x_wconf 85' lang='lat' dir='ltr'><strong><em>exitum</em></strong></span> <span class='ocrx_word' id='word_1_259' title='bbox 1720 2836 1930 2905; x_wconf 91' lang='lat' dir='ltr'><strong><em>perdu-</em></strong></span> 
     </span>
    </p>
   </div>
   <div class='ocr_carea' id='block_1_33' title="bbox 223 2923 1931 2995">
    <p class='ocr_par' dir='ltr' id='par_1_33' title="bbox 223 2923 1931 2995">
     <span class='ocr_line' id='line_1_33' title="bbox 223 2923 1931 2995; baseline 0.001 -19"><span class='ocrx_word' id='word_1_260' title='bbox 223 2923 396 2977; x_wconf 90' lang='lat' dir='ltr'><strong><em>citur.</em></strong></span> <span class='ocrx_word' id='word_1_261' title='bbox 449 2925 619 2976; x_wconf 81' lang='lat' dir='ltr'><strong><em>Nocte</em></strong></span> <span class='ocrx_word' id='word_1_262' title='bbox 668 2939 825 2988; x_wconf 79' lang='lat' dir='ltr'><strong><em>vero,</em></strong></span> <span class='ocrx_word' id='word_1_263' title='bbox 879 2939 1007 2993; x_wconf 62' lang='lat' dir='ltr'><strong><em>quae</em></strong></span> <span class='ocrx_word' id='word_1_264' title='bbox 1059 2923 1209 2976; x_wconf 87' lang='lat' dir='ltr'><strong><em>diem</em></strong></span> <span class='ocrx_word' id='word_1_265' title='bbox 1257 2930 1643 2993; x_wconf 75' lang='lat' dir='ltr'><strong><em>praecesserat,</em></strong></span> <span class='ocrx_word' id='word_1_266' title='bbox 1692 2924 1751 2977; x_wconf 91' lang='lat' dir='ltr'><strong><em>in</em></strong></span> <span class='ocrx_word' id='word_1_267' title='bbox 1819 2941 1931 2995; x_wconf 89' lang='lat' dir='ltr'><strong><em>qua</em></strong></span> 
     </span>
    </p>
   </div>
   <div class='ocr_carea' id='block_1_34' title="bbox 222 3010 1931 3081">
    <p class='ocr_par' dir='ltr' id='par_1_34' title="bbox 222 3010 1931 3081">
     <span class='ocr_line' id='line_1_34' title="bbox 222 3010 1931 3081; baseline 0.001 -16"><span class='ocrx_word' id='word_1_268' title='bbox 222 3012 349 3065; x_wconf 61' lang='lat' dir='ltr'><strong><em>haec</em></strong></span> <span class='ocrx_word' id='word_1_269' title='bbox 374 3011 701 3063; x_wconf 78' lang='lat' dir='ltr'><strong><em>ventilanda</em></strong></span> <span class='ocrx_word' id='word_1_270' title='bbox 755 3016 934 3076; x_wconf 83' lang='lat' dir='ltr'><strong><em>erant,</em></strong></span> <span class='ocrx_word' id='word_1_271' title='bbox 984 3010 1342 3064; x_wconf 88' lang='lat' dir='ltr'><strong><em>Eberhardus</em></strong></span> <span class='ocrx_word' id='word_1_272' title='bbox 1382 3012 1679 3081; x_wconf 87' lang='lat' dir='ltr'><strong><em>episcopus</em></strong></span> <span class='ocrx_word' id='word_1_273' title='bbox 1710 3012 1779 3066; x_wconf 89' lang='lat' dir='ltr'><strong><em>ad</em></strong></span> <span class='ocrx_word' id='word_1_274' title='bbox 1805 3016 1931 3066; x_wconf 88' lang='lat' dir='ltr'><strong><em>ten-</em></strong></span> 
     </span>
    </p>
   </div>
   <div class='ocr_carea' id='block_1_35' title="bbox 222 3098 1929 3169">
    <p class='ocr_par' dir='ltr' id='par_1_35' title="bbox 222 3098 1929 3169">
     <span class='ocr_line' id='line_1_35' title="bbox 222 3098 1929 3169; baseline 0 -17"><span class='ocrx_word' id='word_1_275' title='bbox 222 3099 433 3153; x_wconf 89' lang='lat' dir='ltr'><strong><em>torium</em></strong></span> <span class='ocrx_word' id='word_1_276' title='bbox 481 3098 740 3169; x_wconf 69' lang='lat' dir='ltr'><strong><em>przedicti</em></strong></span> <span class='ocrx_word' id='word_1_277' title='bbox 792 3098 1073 3152; x_wconf 77' lang='lat' dir='ltr'><strong><em>Brunonis</em></strong></span> <span class='ocrx_word' id='word_1_278' title='bbox 1140 3098 1284 3151; x_wconf 88' lang='lat' dir='ltr'><strong><em>clam</em></strong></span> <span class='ocrx_word' id='word_1_279' title='bbox 1364 3099 1616 3163; x_wconf 86' lang='lat' dir='ltr'><strong><em>accessit,</em></strong></span> <span class='ocrx_word' id='word_1_280' title='bbox 1669 3098 1929 3168; x_wconf 88' lang='lat' dir='ltr'><strong><em>lectoque</em></strong></span> 
     </span>
    </p>
   </div>
   <div class='ocr_carea' id='block_1_36' title="bbox 221 3187 1929 3257">
    <p class='ocr_par' dir='ltr' id='par_1_36' title="bbox 221 3187 1929 3257">
     <span class='ocr_line' id='line_1_36' title="bbox 221 3187 1929 3257; baseline -0.001 -16"><span class='ocrx_word' id='word_1_281' title='bbox 221 3188 347 3257; x_wconf 89' lang='lat' dir='ltr'><strong><em>ejus</em></strong></span> <span class='ocrx_word' id='word_1_282' title='bbox 379 3187 649 3253; x_wconf 85' lang='lat' dir='ltr'><strong><em>assidens,</em></strong></span> <span class='ocrx_word' id='word_1_283' title='bbox 704 3189 883 3240; x_wconf 90' lang='lat' dir='ltr'><strong><em>multa</em></strong></span> <span class='ocrx_word' id='word_1_284' title='bbox 933 3202 1104 3257; x_wconf 88' lang='lat' dir='ltr'><strong><em>super</em></strong></span> <span class='ocrx_word' id='word_1_285' title='bbox 1144 3189 1248 3240; x_wconf 87' lang='lat' dir='ltr'><strong><em>hac</em></strong></span> <span class='ocrx_word' id='word_1_286' title='bbox 1288 3203 1347 3240; x_wconf 89' lang='lat' dir='ltr'><strong><em>re</em></strong></span> <span class='ocrx_word' id='word_1_287' title='bbox 1402 3187 1710 3250; x_wconf 90' lang='lat' dir='ltr'><strong><em>monendo,</em></strong></span> <span class='ocrx_word' id='word_1_288' title='bbox 1756 3187 1929 3241; x_wconf 87' lang='lat' dir='ltr'><strong><em>obse-</em></strong></span> 
     </span>
    </p>
   </div>
   <div class='ocr_carea' id='block_1_37' title="bbox 221 3275 1926 3338">
    <p class='ocr_par' dir='ltr' id='par_1_37' title="bbox 221 3275 1926 3338">
     <span class='ocr_line' id='line_1_37' title="bbox 221 3275 1926 3338; baseline -0.001 -8"><span class='ocrx_word' id='word_1_289' title='bbox 221 3276 458 3338; x_wconf 87' lang='lat' dir='ltr'><strong><em>crando,</em></strong></span> <span class='ocrx_word' id='word_1_290' title='bbox 519 3276 854 3329; x_wconf 82' lang='lat' dir='ltr'><strong><em>memoriam</em></strong></span> <span class='ocrx_word' id='word_1_291' title='bbox 912 3276 1101 3329; x_wconf 86' lang='lat' dir='ltr'><strong><em>fratris</em></strong></span> <span class='ocrx_word' id='word_1_292' title='bbox 1156 3276 1349 3329; x_wconf 88' lang='lat' dir='ltr'><strong><em>animo</em></strong></span> <span class='ocrx_word' id='word_1_293' title='bbox 1402 3275 1742 3329; x_wconf 88' lang='lat' dir='ltr'><strong><em>inculcaudo</em></strong></span> <span class='ocrx_word' id='word_1_294' title='bbox 1797 3291 1926 3329; x_wconf 91' lang='lat' dir='ltr'><strong><em>cum</em></strong></span> 
     </span>
    </p>
   </div>
   <div class='ocr_carea' id='block_1_38' title="bbox 220 3363 1928 3434">
    <p class='ocr_par' dir='ltr' id='par_1_38' title="bbox 220 3363 1928 3434">
     <span class='ocr_line' id='line_1_38' title="bbox 220 3363 1928 3434; baseline -0.001 -15"><span class='ocrx_word' id='word_1_295' title='bbox 220 3365 427 3419; x_wconf 91' lang='lat' dir='ltr'><strong><em>eodem</em></strong></span> <span class='ocrx_word' id='word_1_296' title='bbox 471 3364 744 3418; x_wconf 81' lang='lat' dir='ltr'><strong><em>sollicitus</em></strong></span> <span class='ocrx_word' id='word_1_297' title='bbox 806 3364 939 3434; x_wconf 87' lang='lat' dir='ltr'><strong><em>egit.</em></strong></span> <span class='ocrx_word' id='word_1_298' title='bbox 974 3363 1116 3427; x_wconf 86' lang='lat' dir='ltr'><strong><em>Quia</em></strong></span> <span class='ocrx_word' id='word_1_299' title='bbox 1168 3380 1300 3417; x_wconf 86' lang='lat' dir='ltr'><strong><em>vero</em></strong></span> <span class='ocrx_word' id='word_1_300' title='bbox 1341 3364 1461 3434; x_wconf 92' lang='lat' dir='ltr'><strong><em>jam</em></strong></span> <span class='ocrx_word' id='word_1_301' title='bbox 1522 3367 1700 3419; x_wconf 86' lang='lat' dir='ltr'><strong><em>multa</em></strong></span> <span class='ocrx_word' id='word_1_302' title='bbox 1748 3365 1928 3418; x_wconf 88' lang='lat' dir='ltr'><strong><em>noctis</em></strong></span> 
     </span>
    </p>
   </div>
   <div class='ocr_carea' id='block_1_39' title="bbox 220 3453 1926 3523">
    <p class='ocr_par' dir='ltr' id='par_1_39' title="bbox 220 3453 1926 3523">
     <span class='ocr_line' id='line_1_39' title="bbox 220 3453 1926 3523; baseline -0.002 -14"><span class='ocrx_word' id='word_1_303' title='bbox 220 3455 366 3509; x_wconf 90' lang='lat' dir='ltr'><strong><em>hora</em></strong></span> <span class='ocrx_word' id='word_1_304' title='bbox 395 3458 677 3507; x_wconf 87' lang='lat' dir='ltr'><strong><em>transacta</em></strong></span> <span class='ocrx_word' id='word_1_305' title='bbox 712 3460 1040 3516; x_wconf 83' lang='lat' dir='ltr'><strong><em>recesserat,</em></strong></span> <span class='ocrx_word' id='word_1_306' title='bbox 1100 3458 1157 3506; x_wconf 91' lang='lat' dir='ltr'><strong><em>et</em></strong></span> <span class='ocrx_word' id='word_1_307' title='bbox 1186 3454 1526 3523; x_wconf 87' lang='lat' dir='ltr'><strong><em>Episcopum</em></strong></span> <span class='ocrx_word' id='word_1_308' title='bbox 1580 3469 1685 3522; x_wconf 89' lang='lat' dir='ltr'><strong><em>pro</em></strong></span> <span class='ocrx_word' id='word_1_309' title='bbox 1717 3453 1926 3506; x_wconf 86' lang='lat' dir='ltr'><strong><em>auditis</em></strong></span> 
     </span>
    </p>
   </div>
   <div class='ocr_carea' id='block_1_40' title="bbox 220 3541 1927 3613">
    <p class='ocr_par' dir='ltr' id='par_1_40' title="bbox 220 3541 1927 3613">
     <span class='ocr_line' id='line_1_40' title="bbox 220 3541 1927 3613; baseline -0.001 -17"><span class='ocrx_word' id='word_1_310' title='bbox 220 3543 590 3596; x_wconf 87' lang='lat' dir='ltr'><strong><em>sollicitatum</em></strong></span> <span class='ocrx_word' id='word_1_311' title='bbox 636 3557 869 3595; x_wconf 86' lang='lat' dir='ltr'><strong><em>somnus</em></strong></span> <span class='ocrx_word' id='word_1_312' title='bbox 909 3546 1291 3613; x_wconf 88' lang='lat' dir='ltr'><strong><em>oppresserat,</em></strong></span> <span class='ocrx_word' id='word_1_313' title='bbox 1332 3542 1486 3594; x_wconf 87' lang='lat' dir='ltr'><strong><em>visus</em></strong></span> <span class='ocrx_word' id='word_1_314' title='bbox 1531 3546 1617 3595; x_wconf 89' lang='lat' dir='ltr'><strong><em>est</em></strong></span> <span class='ocrx_word' id='word_1_315' title='bbox 1669 3541 1720 3594; x_wconf 91' lang='lat' dir='ltr'><strong><em>ei</em></strong></span> <span class='ocrx_word' id='word_1_316' title='bbox 1750 3541 1927 3594; x_wconf 88' lang='lat' dir='ltr'><strong><em>frater</em></strong></span> 
     </span>
    </p>
   </div>
   <div class='ocr_carea' id='block_1_41' title="bbox 221 3629 1921 3702">
    <p class='ocr_par' dir='ltr' id='par_1_41' title="bbox 221 3629 1921 3702">
     <span class='ocr_line' id='line_1_41' title="bbox 221 3629 1921 3702; baseline -0.001 -18"><span class='ocrx_word' id='word_1_317' title='bbox 221 3648 360 3685; x_wconf 86' lang='lat' dir='ltr'><strong><em>suus</em></strong></span> <span class='ocrx_word' id='word_1_318' title='bbox 393 3632 712 3702; x_wconf 86' lang='lat' dir='ltr'><strong><em>Imperator</em></strong></span> <span class='ocrx_word' id='word_1_319' title='bbox 759 3630 1050 3684; x_wconf 87' lang='lat' dir='ltr'><strong><em>Heinricus</em></strong></span> <span class='ocrx_word' id='word_1_320' title='bbox 1077 3630 1219 3684; x_wconf 91' lang='lat' dir='ltr'><strong><em>lecto</em></strong></span> <span class='ocrx_word' id='word_1_321' title='bbox 1249 3647 1351 3684; x_wconf 90' lang='lat' dir='ltr'><strong><em>suo</em></strong></span> <span class='ocrx_word' id='word_1_322' title='bbox 1405 3631 1651 3698; x_wconf 86' lang='lat' dir='ltr'><strong><em>adstare,</em></strong></span> <span class='ocrx_word' id='word_1_323' title='bbox 1693 3629 1921 3683; x_wconf 88' lang='lat' dir='ltr'><strong><em>faciem-</em></strong></span> 
     </span>
    </p>
   </div>
   <div class='ocr_carea' id='block_1_42' title="bbox 222 3716 1918 3790">
    <p class='ocr_par' dir='ltr' id='par_1_42' title="bbox 222 3716 1918 3790">
     <span class='ocr_line' id='line_1_42' title="bbox 222 3716 1918 3790; baseline -0.001 -18"><span class='ocrx_word' id='word_1_324' title='bbox 222 3735 336 3790; x_wconf 87' lang='lat' dir='ltr'><strong><em>que</em></strong></span> <span class='ocrx_word' id='word_1_325' title='bbox 391 3735 552 3771; x_wconf 89' lang='lat' dir='ltr'><strong><em>suam</em></strong></span> <span class='ocrx_word' id='word_1_326' title='bbox 611 3717 786 3772; x_wconf 77' lang='lat' dir='ltr'><strong><em>barba</em></strong></span> <span class='ocrx_word' id='word_1_327' title='bbox 839 3732 907 3771; x_wconf 83' lang='lat' dir='ltr'><strong><em>ex</em></strong></span> <span class='ocrx_word' id='word_1_328' title='bbox 958 3733 1076 3771; x_wconf 88' lang='lat' dir='ltr'><strong><em>una</em></strong></span> <span class='ocrx_word' id='word_1_329' title='bbox 1117 3721 1274 3786; x_wconf 89' lang='lat' dir='ltr'><strong><em>parte</em></strong></span> <span class='ocrx_word' id='word_1_330' title='bbox 1327 3716 1577 3787; x_wconf 88' lang='lat' dir='ltr'><strong><em>depilata</em></strong></span> <span class='ocrx_word' id='word_1_331' title='bbox 1633 3722 1918 3787; x_wconf 86' lang='lat' dir='ltr'><strong><em>turpatam</em></strong></span> 
     </span>
    </p>
   </div>
   <div class='ocr_carea' id='block_1_43' title="bbox 220 3805 1921 3878">
    <p class='ocr_par' dir='ltr' id='par_1_43' title="bbox 220 3805 1921 3878">
     <span class='ocr_line' id='line_1_43' title="bbox 220 3805 1921 3878; baseline -0.003 -15"><span class='ocrx_word' id='word_1_332' title='bbox 220 3809 527 3878; x_wconf 81' lang='lat' dir='ltr'><strong><em>objectare.</em></strong></span> <span class='ocrx_word' id='word_1_333' title='bbox 559 3806 700 3861; x_wconf 89' lang='lat' dir='ltr'><strong><em>Cum</em></strong></span> <span class='ocrx_word' id='word_1_334' title='bbox 732 3822 905 3876; x_wconf 87' lang='lat' dir='ltr'><strong><em>super</em></strong></span> <span class='ocrx_word' id='word_1_335' title='bbox 933 3805 1037 3859; x_wconf 89' lang='lat' dir='ltr'><strong><em>hac</em></strong></span> <span class='ocrx_word' id='word_1_336' title='bbox 1068 3822 1129 3859; x_wconf 90' lang='lat' dir='ltr'><strong><em>re</em></strong></span> <span class='ocrx_word' id='word_1_337' title='bbox 1156 3805 1382 3876; x_wconf 88' lang='lat' dir='ltr'><strong><em>stupido</em></strong></span> <span class='ocrx_word' id='word_1_338' title='bbox 1413 3810 1469 3858; x_wconf 89' lang='lat' dir='ltr'><strong><em>et</em></strong></span> <span class='ocrx_word' id='word_1_339' title='bbox 1498 3805 1824 3871; x_wconf 82' lang='lat' dir='ltr'><strong><em>admiranti,</em></strong></span> <span class='ocrx_word' id='word_1_340' title='bbox 1858 3822 1921 3859; x_wconf 90' lang='lat' dir='ltr'><strong><em>ac</em></strong></span> 
     </span>
    </p>
   </div>
   <div class='ocr_carea' id='block_1_44' title="bbox 219 3895 1918 3967">
    <p class='ocr_par' dir='ltr' id='par_1_44' title="bbox 219 3895 1918 3967">
     <span class='ocr_line' id='line_1_44' title="bbox 219 3895 1918 3967; baseline -0.001 -18"><span class='ocrx_word' id='word_1_341' title='bbox 219 3897 351 3967; x_wconf 86' lang='lat' dir='ltr'><strong><em>quis</em></strong></span> <span class='ocrx_word' id='word_1_342' title='bbox 408 3901 526 3951; x_wconf 89' lang='lat' dir='ltr'><strong><em>tam</em></strong></span> <span class='ocrx_word' id='word_1_343' title='bbox 571 3895 905 3949; x_wconf 90' lang='lat' dir='ltr'><strong><em>temerarios</em></strong></span> <span class='ocrx_word' id='word_1_344' title='bbox 983 3911 1152 3948; x_wconf 90' lang='lat' dir='ltr'><strong><em>ausus</em></strong></span> <span class='ocrx_word' id='word_1_345' title='bbox 1201 3895 1257 3948; x_wconf 90' lang='lat' dir='ltr'><strong><em>in</em></strong></span> <span class='ocrx_word' id='word_1_346' title='bbox 1332 3910 1465 3948; x_wconf 90' lang='lat' dir='ltr'><strong><em>eum</em></strong></span> <span class='ocrx_word' id='word_1_347' title='bbox 1524 3900 1918 3964; x_wconf 76' lang='lat' dir='ltr'><strong><em>praesumeret,</em></strong></span> 
     </span>
    </p>
   </div>
   <div class='ocr_carea' id='block_1_45' title="bbox 216 3982 1920 4053">
    <p class='ocr_par' dir='ltr' id='par_1_45' title="bbox 216 3982 1920 4053">
     <span class='ocr_line' id='line_1_45' title="bbox 216 3982 1920 4053; baseline -0.001 -16"><span class='ocrx_word' id='word_1_348' title='bbox 216 3984 599 4053; x_wconf 87' lang='lat' dir='ltr'><strong><em>interroganti</em></strong></span> <span class='ocrx_word' id='word_1_349' title='bbox 653 4001 666 4039; x_wconf 88' lang='lat'><strong><em>:</em></strong></span> <span class='ocrx_word' id='word_1_350' title='bbox 737 3985 840 4049; x_wconf 91' lang='lat' dir='ltr'><strong><em>Tu,</em></strong></span> <span class='ocrx_word' id='word_1_351' title='bbox 896 3983 995 4053; x_wconf 88' lang='lat' dir='ltr'><strong><em>ait,</em></strong></span> <span class='ocrx_word' id='word_1_352' title='bbox 1056 3984 1177 4037; x_wconf 64' lang='lat' dir='ltr'><strong><em>haec</em></strong></span> <span class='ocrx_word' id='word_1_353' title='bbox 1234 3983 1417 4037; x_wconf 86' lang='lat' dir='ltr'><strong><em>fecisti</em></strong></span> <span class='ocrx_word' id='word_1_354' title='bbox 1470 3998 1485 4036; x_wconf 88' lang='lat'><strong><em>:</em></strong></span> <span class='ocrx_word' id='word_1_355' title='bbox 1537 3982 1635 4053; x_wconf 91' lang='lat' dir='ltr'><strong><em>qui</em></strong></span> <span class='ocrx_word' id='word_1_356' title='bbox 1700 3998 1814 4050; x_wconf 89' lang='lat' dir='ltr'><strong><em>me,</em></strong></span> <span class='ocrx_word' id='word_1_357' title='bbox 1862 3988 1920 4035; x_wconf 89' lang='lat' dir='ltr'><strong><em>et</em></strong></span> 
     </span>
    </p>
   </div>
   <div class='ocr_carea' id='block_1_46' title="bbox 216 4071 1988 4144">
    <p class='ocr_par' dir='ltr' id='par_1_46' title="bbox 216 4071 1988 4144">
     <span class='ocr_line' id='line_1_46' title="bbox 216 4071 1988 4144; baseline -0.003 -15"><span class='ocrx_word' id='word_1_358' title='bbox 216 4080 445 4129; x_wconf 87' lang='lat' dir='ltr'><strong><em>sanctos</em></strong></span> <span class='ocrx_word' id='word_1_359' title='bbox 478 4074 598 4139; x_wconf 92' lang='lat' dir='ltr'><strong><em>Dei,</em></strong></span> <span class='ocrx_word' id='word_1_360' title='bbox 628 4090 771 4144; x_wconf 89' lang='lat' dir='ltr'><strong><em>quos</em></strong></span> <span class='ocrx_word' id='word_1_361' title='bbox 796 4073 965 4127; x_wconf 91' lang='lat' dir='ltr'><strong><em>rebus</em></strong></span> <span class='ocrx_word' id='word_1_362' title='bbox 994 4072 1133 4127; x_wconf 90' lang='lat' dir='ltr'><strong><em>mihi</em></strong></span> <span class='ocrx_word' id='word_1_363' title='bbox 1172 4089 1203 4126; x_wconf 91' lang='lat' dir='ltr'><strong><em>a</em></strong></span> <span class='ocrx_word' id='word_1_364' title='bbox 1234 4072 1348 4125; x_wconf 91' lang='lat' dir='ltr'><strong><em>Deo</em></strong></span> <span class='ocrx_word' id='word_1_365' title='bbox 1394 4071 1676 4125; x_wconf 89' lang='lat' dir='ltr'><strong><em>concessis</em></strong></span> <span class='ocrx_word' id='word_1_366' title='bbox 1707 4071 1914 4137; x_wconf 87' lang='lat' dir='ltr'><strong><em>dotavi,</em></strong></span> <span class='ocrx_word' id='word_1_367' title='bbox 1949 4080 1988 4133; x_wconf 67' lang='grc' dir='ltr'><strong><em>(ζ</em></strong></span> 
     </span>
    </p>
   </div>
   <div class='ocr_carea' id='block_1_47' title="bbox 215 4160 1922 4233">
    <p class='ocr_par' dir='ltr' id='par_1_47' title="bbox 215 4160 1922 4233">
     <span class='ocr_line' id='line_1_47' title="bbox 215 4160 1922 4233; baseline -0.002 -16"><span class='ocrx_word' id='word_1_368' title='bbox 215 4163 538 4233; x_wconf 87' lang='lat' dir='ltr'><strong><em>despoliare</em></strong></span> <span class='ocrx_word' id='word_1_369' title='bbox 583 4161 932 4233; x_wconf 90' lang='lat' dir='ltr'><strong><em>disposuisti.</em></strong></span> <span class='ocrx_word' id='word_1_370' title='bbox 991 4163 1133 4216; x_wconf 87' lang='lat' dir='ltr'><strong><em>Cave</em></strong></span> <span class='ocrx_word' id='word_1_371' title='bbox 1177 4162 1297 4230; x_wconf 90' lang='lat' dir='ltr'><strong><em>jam</em></strong></span> <span class='ocrx_word' id='word_1_372' title='bbox 1330 4160 1567 4214; x_wconf 90' lang='lat' dir='ltr'><strong><em>ulterius</em></strong></span> <span class='ocrx_word' id='word_1_373' title='bbox 1616 4175 1788 4231; x_wconf 89' lang='lat' dir='ltr'><strong><em>super</em></strong></span> <span class='ocrx_word' id='word_1_374' title='bbox 1816 4160 1922 4213; x_wconf 88' lang='lat' dir='ltr'><strong><em>hac</em></strong></span> 
     </span>
    </p>
   </div>
   <div class='ocr_carea' id='block_1_48' title="bbox 211 4247 1918 4320">
    <p class='ocr_par' dir='ltr' id='par_1_48' title="bbox 211 4247 1918 4320">
     <span class='ocr_line' id='line_1_48' title="bbox 211 4247 1918 4320; baseline -0.002 -15"><span class='ocrx_word' id='word_1_375' title='bbox 211 4251 562 4313; x_wconf 86' lang='lat' dir='ltr'><strong><em>temeritate,</em></strong></span> <span class='ocrx_word' id='word_1_376' title='bbox 614 4266 685 4304; x_wconf 91' lang='lat' dir='ltr'><strong><em>ne</em></strong></span> <span class='ocrx_word' id='word_1_377' title='bbox 740 4250 966 4320; x_wconf 91' lang='lat' dir='ltr'><strong><em>incepta</em></strong></span> <span class='ocrx_word' id='word_1_378' title='bbox 1014 4248 1137 4302; x_wconf 89' lang='lat' dir='ltr'><strong><em>luas</em></strong></span> <span class='ocrx_word' id='word_1_379' title='bbox 1194 4263 1401 4318; x_wconf 90' lang='lat' dir='ltr'><strong><em>magna</em></strong></span> <span class='ocrx_word' id='word_1_380' title='bbox 1458 4247 1805 4302; x_wconf 81' lang='lat' dir='ltr'><strong><em>infelicitate.</em></strong></span> <span class='ocrx_word' id='word_1_381' title='bbox 1834 4248 1918 4301; x_wconf 84' lang='lat' dir='ltr'><strong><em>Ad</em></strong></span> 
     </span>
    </p>
   </div>
   <div class='ocr_carea' id='block_1_49' title="bbox 212 4335 1918 4409">
    <p class='ocr_par' dir='ltr' id='par_1_49' title="bbox 212 4335 1918 4409">
     <span class='ocr_line' id='line_1_49' title="bbox 212 4335 1918 4409; baseline -0.004 -16"><span class='ocrx_word' id='word_1_382' title='bbox 212 4338 339 4394; x_wconf 64' lang='lat' dir='ltr'><strong><em>haec</em></strong></span> <span class='ocrx_word' id='word_1_383' title='bbox 386 4338 483 4392; x_wconf 89' lang='lat' dir='ltr'><strong><em>ille</em></strong></span> <span class='ocrx_word' id='word_1_384' title='bbox 530 4337 978 4409; x_wconf 85' lang='lat' dir='ltr'><strong><em>expergefactus,</em></strong></span> <span class='ocrx_word' id='word_1_385' title='bbox 1026 4352 1090 4389; x_wconf 89' lang='lat' dir='ltr'><strong><em>ac</em></strong></span> <span class='ocrx_word' id='word_1_386' title='bbox 1145 4335 1214 4390; x_wconf 90' lang='lat' dir='ltr'><strong><em>de</em></strong></span> <span class='ocrx_word' id='word_1_387' title='bbox 1270 4335 1489 4389; x_wconf 88' lang='lat' dir='ltr'><strong><em>visione</em></strong></span> <span class='ocrx_word' id='word_1_388' title='bbox 1539 4351 1654 4389; x_wconf 90' lang='lat' dir='ltr'><strong><em>non</em></strong></span> <span class='ocrx_word' id='word_1_389' title='bbox 1713 4350 1918 4405; x_wconf 88' lang='lat' dir='ltr'><strong><em>parum</em></strong></span> 
     </span>
    </p>
   </div>
   <div class='ocr_carea' id='block_1_50' title="bbox 213 4424 1916 4499">
    <p class='ocr_par' dir='ltr' id='par_1_50' title="bbox 213 4424 1916 4499">
     <span class='ocr_line' id='line_1_50' title="bbox 213 4424 1916 4499; baseline -0.002 -18"><span class='ocrx_word' id='word_1_390' title='bbox 213 4426 573 4499; x_wconf 87' lang='lat' dir='ltr'><strong><em>perterritus,</em></strong></span> <span class='ocrx_word' id='word_1_391' title='bbox 607 4426 997 4479; x_wconf 87' lang='lat' dir='ltr'><strong><em>membrorum</em></strong></span> <span class='ocrx_word' id='word_1_392' title='bbox 1035 4439 1264 4495; x_wconf 87' lang='lat' dir='ltr'><strong><em>quoque</em></strong></span> <span class='ocrx_word' id='word_1_393' title='bbox 1322 4425 1557 4478; x_wconf 90' lang='lat' dir='ltr'><strong><em>horrore</em></strong></span> <span class='ocrx_word' id='word_1_394' title='bbox 1615 4439 1679 4477; x_wconf 90' lang='lat' dir='ltr'><strong><em>ac</em></strong></span> <span class='ocrx_word' id='word_1_395' title='bbox 1709 4424 1916 4477; x_wconf 89' lang='lat' dir='ltr'><strong><em>timore</em></strong></span> 
     </span>
    </p>
   </div>
   <div class='ocr_carea' id='block_1_51' title="bbox 214 4512 1916 4580">
    <p class='ocr_par' dir='ltr' id='par_1_51' title="bbox 214 4512 1916 4580">
     <span class='ocr_line' id='line_1_51' title="bbox 214 4512 1916 4580; baseline -0.004 -9"><span class='ocrx_word' id='word_1_396' title='bbox 214 4532 334 4571; x_wconf 90' lang='lat' dir='ltr'><strong><em>non</em></strong></span> <span class='ocrx_word' id='word_1_397' title='bbox 362 4515 566 4570; x_wconf 86' lang='lat' dir='ltr'><strong><em>leviter</em></strong></span> <span class='ocrx_word' id='word_1_398' title='bbox 597 4519 682 4568; x_wconf 89' lang='lat' dir='ltr'><strong><em>est</em></strong></span> <span class='ocrx_word' id='word_1_399' title='bbox 710 4519 970 4568; x_wconf 88' lang='lat' dir='ltr'><strong><em>attactus.</em></strong></span> <span class='ocrx_word' id='word_1_400' title='bbox 1015 4513 1176 4567; x_wconf 87' lang='lat' dir='ltr'><strong><em>Mane</em></strong></span> <span class='ocrx_word' id='word_1_401' title='bbox 1210 4518 1401 4566; x_wconf 89' lang='lat' dir='ltr'><strong><em>autem</em></strong></span> <span class='ocrx_word' id='word_1_402' title='bbox 1428 4513 1598 4580; x_wconf 87' lang='lat' dir='ltr'><strong><em>facto,</em></strong></span> <span class='ocrx_word' id='word_1_403' title='bbox 1640 4528 1770 4566; x_wconf 91' lang='lat' dir='ltr'><strong><em>cum</em></strong></span> <span class='ocrx_word' id='word_1_404' title='bbox 1818 4512 1916 4566; x_wconf 89' lang='lat' dir='ltr'><strong><em>diu</em></strong></span> 
     </span>
    </p>
   </div>
   <div class='ocr_carea' id='block_1_52' title="bbox 213 4602 1914 4677">
    <p class='ocr_par' dir='ltr' id='par_1_52' title="bbox 213 4602 1914 4677">
     <span class='ocr_line' id='line_1_52' title="bbox 213 4602 1914 4677; baseline -0.003 -17"><span class='ocrx_word' id='word_1_405' title='bbox 213 4610 573 4677; x_wconf 82' lang='lat' dir='ltr'><strong><em>exspectatus</em></strong></span> <span class='ocrx_word' id='word_1_406' title='bbox 626 4603 697 4658; x_wconf 88' lang='lat' dir='ltr'><strong><em>ad</em></strong></span> <span class='ocrx_word' id='word_1_407' title='bbox 754 4606 1100 4658; x_wconf 88' lang='lat' dir='ltr'><strong><em>conventum</em></strong></span> <span class='ocrx_word' id='word_1_408' title='bbox 1160 4618 1464 4672; x_wconf 86' lang='lat' dir='ltr'><strong><em>procerum</em></strong></span> <span class='ocrx_word' id='word_1_409' title='bbox 1517 4618 1635 4655; x_wconf 91' lang='lat' dir='ltr'><strong><em>non</em></strong></span> <span class='ocrx_word' id='word_1_410' title='bbox 1676 4602 1914 4667; x_wconf 83' lang='lat' dir='ltr'><strong><em>veniret,</em></strong></span> 
     </span>
    </p>
   </div>
   <div class='ocr_carea' id='block_1_53' title="bbox 210 4690 1914 4765">
    <p class='ocr_par' dir='ltr' id='par_1_53' title="bbox 210 4690 1914 4765">
     <span class='ocr_line' id='line_1_53' title="bbox 210 4690 1914 4765; baseline -0.005 -16"><span class='ocrx_word' id='word_1_411' title='bbox 210 4696 417 4765; x_wconf 78' lang='lat' dir='ltr'><strong><em>regina</em></strong></span> <span class='ocrx_word' id='word_1_412' title='bbox 441 4710 545 4764; x_wconf 91' lang='lat' dir='ltr'><strong><em>pro</em></strong></span> <span class='ocrx_word' id='word_1_413' title='bbox 605 4693 721 4747; x_wconf 88' lang='lat' dir='ltr'><strong><em>ﬁlio</em></strong></span> <span class='ocrx_word' id='word_1_414' title='bbox 752 4692 988 4758; x_wconf 89' lang='lat' dir='ltr'><strong><em>solicita,</em></strong></span> <span class='ocrx_word' id='word_1_415' title='bbox 1021 4690 1240 4745; x_wconf 90' lang='lat' dir='ltr'><strong><em>nuntiis</em></strong></span> <span class='ocrx_word' id='word_1_416' title='bbox 1269 4690 1479 4759; x_wconf 82' lang='lat' dir='ltr'><strong><em>missis,</em></strong></span> <span class='ocrx_word' id='word_1_417' title='bbox 1510 4690 1717 4744; x_wconf 85' lang='lat' dir='ltr'><strong><em>obnixe</em></strong></span> <span class='ocrx_word' id='word_1_418' title='bbox 1742 4705 1914 4758; x_wconf 87' lang='lat' dir='ltr'><strong><em>roga-</em></strong></span> 
     </span>
    </p>
   </div>
   <div class='ocr_carea' id='block_1_54' title="bbox 211 4780 1915 4851">
    <p class='ocr_par' dir='ltr' id='par_1_54' title="bbox 211 4780 1915 4851">
     <span class='ocr_line' id='line_1_54' title="bbox 211 4780 1915 4851; baseline -0.004 -14"><span class='ocrx_word' id='word_1_419' title='bbox 211 4786 333 4850; x_wconf 84' lang='lat' dir='ltr'><strong><em>bat,</em></strong></span> <span class='ocrx_word' id='word_1_420' title='bbox 382 4788 448 4837; x_wconf 91' lang='lat' dir='ltr'><strong><em>ut</em></strong></span> <span class='ocrx_word' id='word_1_421' title='bbox 495 4782 803 4837; x_wconf 85' lang='lat' dir='ltr'><strong><em>adveniens</em></strong></span> <span class='ocrx_word' id='word_1_422' title='bbox 878 4780 1156 4851; x_wconf 89' lang='lat' dir='ltr'><strong><em>promissa</em></strong></span> <span class='ocrx_word' id='word_1_423' title='bbox 1216 4780 1531 4849; x_wconf 84' lang='lat' dir='ltr'><strong><em>perﬁceret.</em></strong></span> <span class='ocrx_word' id='word_1_424' title='bbox 1619 4780 1717 4832; x_wconf 88' lang='lat' dir='ltr'><strong><em>Ille</em></strong></span> <span class='ocrx_word' id='word_1_425' title='bbox 1784 4794 1915 4831; x_wconf 91' lang='lat' dir='ltr'><strong><em>vero</em></strong></span> 
     </span>
    </p>
   </div>
   <div class='ocr_carea' id='block_1_55' title="bbox 214 4866 1914 4938">
    <p class='ocr_par' dir='ltr' id='par_1_55' title="bbox 214 4866 1914 4938">
     <span class='ocr_line' id='line_1_55' title="bbox 214 4866 1914 4938; baseline -0.004 -13"><span class='ocrx_word' id='word_1_426' title='bbox 214 4871 534 4925; x_wconf 84' lang='lat' dir='ltr'><strong><em>afﬁrmabat</em></strong></span> <span class='ocrx_word' id='word_1_427' title='bbox 596 4887 653 4923; x_wconf 88' lang='lat' dir='ltr'><strong><em>se</em></strong></span> <span class='ocrx_word' id='word_1_428' title='bbox 701 4874 862 4924; x_wconf 88' lang='lat' dir='ltr'><strong><em>tanta</em></strong></span> <span class='ocrx_word' id='word_1_429' title='bbox 944 4868 1275 4922; x_wconf 88' lang='lat' dir='ltr'><strong><em>inﬁrmitate</em></strong></span> <span class='ocrx_word' id='word_1_430' title='bbox 1315 4867 1557 4938; x_wconf 84' lang='lat' dir='ltr'><strong><em>gravari,</em></strong></span> <span class='ocrx_word' id='word_1_431' title='bbox 1602 4872 1665 4921; x_wconf 88' lang='lat' dir='ltr'><strong><em>ut</em></strong></span> <span class='ocrx_word' id='word_1_432' title='bbox 1712 4882 1814 4920; x_wconf 91' lang='lat' dir='ltr'><strong><em>nec</em></strong></span> <span class='ocrx_word' id='word_1_433' title='bbox 1844 4866 1914 4920; x_wconf 93' lang='lat' dir='ltr'><strong><em>de</em></strong></span> 
     </span>
    </p>
   </div>
   <div class='ocr_carea' id='block_1_56' title="bbox 211 4957 1909 5029">
    <p class='ocr_par' dir='ltr' id='par_1_56' title="bbox 211 4957 1909 5029">
     <span class='ocr_line' id='line_1_56' title="bbox 211 4957 1909 5029; baseline -0.004 -15"><span class='ocrx_word' id='word_1_434' title='bbox 211 4961 361 5015; x_wconf 88' lang='lat' dir='ltr'><strong><em>lecto</em></strong></span> <span class='ocrx_word' id='word_1_435' title='bbox 388 4974 644 5029; x_wconf 88' lang='lat' dir='ltr'><strong><em>surgere,</em></strong></span> <span class='ocrx_word' id='word_1_436' title='bbox 690 4974 793 5011; x_wconf 89' lang='lat' dir='ltr'><strong><em>nec</em></strong></span> <span class='ocrx_word' id='word_1_437' title='bbox 822 4957 1027 5027; x_wconf 90' lang='lat' dir='ltr'><strong><em>pedem</em></strong></span> <span class='ocrx_word' id='word_1_438' title='bbox 1086 4961 1279 5027; x_wconf 83' lang='lat' dir='ltr'><strong><em>posset</em></strong></span> <span class='ocrx_word' id='word_1_439' title='bbox 1324 4971 1615 5027; x_wconf 88' lang='lat' dir='ltr'><strong><em>quoquam</em></strong></span> <span class='ocrx_word' id='word_1_440' title='bbox 1662 4970 1909 5008; x_wconf 89' lang='lat' dir='ltr'><strong><em>movere.</em></strong></span> 
     </span>
    </p>
   </div>
   <div class='ocr_carea' id='block_1_57' title="bbox 213 5043 1914 5119">
    <p class='ocr_par' dir='ltr' id='par_1_57' title="bbox 213 5043 1914 5119">
     <span class='ocr_line' id='line_1_57' title="bbox 213 5043 1914 5119; baseline -0.005 -15"><span class='ocrx_word' id='word_1_441' title='bbox 213 5049 358 5104; x_wconf 89' lang='lat' dir='ltr'><strong><em>Cum</em></strong></span> <span class='ocrx_word' id='word_1_442' title='bbox 385 5053 684 5119; x_wconf 87' lang='lat' dir='ltr'><strong><em>rogaretur</em></strong></span> <span class='ocrx_word' id='word_1_443' title='bbox 712 5051 774 5101; x_wconf 89' lang='lat' dir='ltr'><strong><em>ut</em></strong></span> <span class='ocrx_word' id='word_1_444' title='bbox 801 5063 860 5100; x_wconf 92' lang='lat' dir='ltr'><strong><em>se</em></strong></span> <span class='ocrx_word' id='word_1_445' title='bbox 915 5047 973 5101; x_wconf 93' lang='lat' dir='ltr'><strong><em>in</em></strong></span> <span class='ocrx_word' id='word_1_446' title='bbox 1020 5046 1164 5100; x_wconf 91' lang='lat' dir='ltr'><strong><em>lecto</em></strong></span> <span class='ocrx_word' id='word_1_447' title='bbox 1195 5045 1266 5099; x_wconf 89' lang='lat' dir='ltr'><strong><em>ad</em></strong></span> <span class='ocrx_word' id='word_1_448' title='bbox 1316 5049 1658 5098; x_wconf 79' lang='lat' dir='ltr'><strong><em>conventum</em></strong></span> <span class='ocrx_word' id='word_1_449' title='bbox 1704 5043 1914 5114; x_wconf 88' lang='lat' dir='ltr'><strong><em>depor-</em></strong></span> 
     </span>
    </p>
   </div>
   <div class='ocr_carea' id='block_1_58' title="bbox 216 5132 1910 5208">
    <p class='ocr_par' dir='ltr' id='par_1_58' title="bbox 216 5132 1910 5208">
     <span class='ocr_line' id='line_1_58' title="bbox 216 5132 1910 5208; baseline -0.004 -17"><span class='ocrx_word' id='word_1_450' title='bbox 216 5138 324 5191; x_wconf 87' lang='lat' dir='ltr'><strong><em>tari</em></strong></span> <span class='ocrx_word' id='word_1_451' title='bbox 372 5142 689 5208; x_wconf 86' lang='lat' dir='ltr'><strong><em>putaretur,</em></strong></span> <span class='ocrx_word' id='word_1_452' title='bbox 749 5152 863 5207; x_wconf 92' lang='lat' dir='ltr'><strong><em>quo</em></strong></span> <span class='ocrx_word' id='word_1_453' title='bbox 909 5136 994 5189; x_wconf 88' lang='lat' dir='ltr'><strong><em>vel</em></strong></span> <span class='ocrx_word' id='word_1_454' title='bbox 1029 5135 1107 5188; x_wconf 88' lang='lat' dir='ltr'><strong><em>sic</em></strong></span> <span class='ocrx_word' id='word_1_455' title='bbox 1162 5133 1466 5204; x_wconf 85' lang='lat' dir='ltr'><strong><em>promissio</em></strong></span> <span class='ocrx_word' id='word_1_456' title='bbox 1517 5132 1910 5203; x_wconf 88' lang='lat' dir='ltr'><strong><em>perﬁceretur,</em></strong></span> 
     </span>
    </p>
   </div>
   <div class='ocr_carea' id='block_1_59' title="bbox 213 5220 1911 5295">
    <p class='ocr_par' dir='ltr' id='par_1_59' title="bbox 213 5220 1911 5295">
     <span class='ocr_line' id='line_1_59' title="bbox 213 5220 1911 5295; baseline -0.005 -14"><span class='ocrx_word' id='word_1_457' title='bbox 213 5227 449 5281; x_wconf 90' lang='lat' dir='ltr'><strong><em>omnino</em></strong></span> <span class='ocrx_word' id='word_1_458' title='bbox 491 5225 794 5293; x_wconf 88' lang='lat' dir='ltr'><strong><em>abdicavit,</em></strong></span> <span class='ocrx_word' id='word_1_459' title='bbox 844 5240 1016 5295; x_wconf 90' lang='lat' dir='ltr'><strong><em>seque</em></strong></span> <span class='ocrx_word' id='word_1_460' title='bbox 1062 5224 1124 5277; x_wconf 91' lang='lat' dir='ltr'><strong><em>in</em></strong></span> <span class='ocrx_word' id='word_1_461' title='bbox 1168 5223 1346 5276; x_wconf 90' lang='lat' dir='ltr'><strong><em>Deum</em></strong></span> <span class='ocrx_word' id='word_1_462' title='bbox 1380 5228 1436 5275; x_wconf 90' lang='lat' dir='ltr'><strong><em>et</em></strong></span> <span class='ocrx_word' id='word_1_463' title='bbox 1489 5221 1727 5295; x_wconf 88' lang='lat' dir='ltr'><strong><em>Sanctos</em></strong></span> <span class='ocrx_word' id='word_1_464' title='bbox 1789 5220 1911 5288; x_wconf 88' lang='lat' dir='ltr'><strong><em>ejus</em></strong></span> 
     </span>
    </p>
   </div>
   <div class='ocr_carea' id='block_1_60' title="bbox 210 5307 1908 5387">
    <p class='ocr_par' dir='ltr' id='par_1_60' title="bbox 210 5307 1908 5387">
     <span class='ocr_line' id='line_1_60' title="bbox 210 5307 1908 5387; baseline -0.005 -18"><span class='ocrx_word' id='word_1_465' title='bbox 210 5331 495 5387; x_wconf 86' lang='lat' dir='ltr'><strong><em>peccasse,</em></strong></span> <span class='ocrx_word' id='word_1_466' title='bbox 528 5314 707 5368; x_wconf 91' lang='lat' dir='ltr'><strong><em>libera</em></strong></span> <span class='ocrx_word' id='word_1_467' title='bbox 732 5313 961 5367; x_wconf 89' lang='lat' dir='ltr'><strong><em>tandem</em></strong></span> <span class='ocrx_word' id='word_1_468' title='bbox 1009 5328 1141 5367; x_wconf 89' lang='lat' dir='ltr'><strong><em>voce</em></strong></span> <span class='ocrx_word' id='word_1_469' title='bbox 1170 5309 1561 5382; x_wconf 88' lang='lat' dir='ltr'><strong><em>proclamavit.</em></strong></span> <span class='ocrx_word' id='word_1_470' title='bbox 1596 5308 1685 5363; x_wconf 90' lang='lat' dir='ltr'><strong><em>Sic</em></strong></span> <span class='ocrx_word' id='word_1_471' title='bbox 1715 5307 1908 5379; x_wconf 87' lang='lat' dir='ltr'><strong><em>itaque</em></strong></span> 
     </span>
    </p>
   </div>
   <div class='ocr_carea' id='block_1_61' title="bbox 213 5397 1907 5474">
    <p class='ocr_par' dir='ltr' id='par_1_61' title="bbox 213 5397 1907 5474">
     <span class='ocr_line' id='line_1_61' title="bbox 213 5397 1907 5474; baseline -0.005 -16"><span class='ocrx_word' id='word_1_472' title='bbox 213 5405 402 5458; x_wconf 88' lang='lat' dir='ltr'><strong><em>divina</em></strong></span> <span class='ocrx_word' id='word_1_473' title='bbox 435 5404 616 5474; x_wconf 90' lang='lat' dir='ltr'><strong><em>pietas</em></strong></span> <span class='ocrx_word' id='word_1_474' title='bbox 650 5418 755 5472; x_wconf 91' lang='lat' dir='ltr'><strong><em>per</em></strong></span> <span class='ocrx_word' id='word_1_475' title='bbox 783 5401 986 5456; x_wconf 90' lang='lat' dir='ltr'><strong><em>merita</em></strong></span> <span class='ocrx_word' id='word_1_476' title='bbox 1016 5401 1227 5454; x_wconf 85' lang='lat' dir='ltr'><strong><em>famula</em></strong></span> <span class='ocrx_word' id='word_1_477' title='bbox 1266 5398 1375 5465; x_wconf 90' lang='lat' dir='ltr'><strong><em>sui,</em></strong></span> <span class='ocrx_word' id='word_1_478' title='bbox 1402 5414 1473 5451; x_wconf 90' lang='lat' dir='ltr'><strong><em>ne</em></strong></span> <span class='ocrx_word' id='word_1_479' title='bbox 1516 5413 1614 5468; x_wconf 90' lang='lat' dir='ltr'><strong><em>spe</em></strong></span> <span class='ocrx_word' id='word_1_480' title='bbox 1641 5412 1816 5468; x_wconf 87' lang='lat' dir='ltr'><strong><em>quam</em></strong></span> <span class='ocrx_word' id='word_1_481' title='bbox 1848 5397 1907 5450; x_wconf 89' lang='lat' dir='ltr'><strong><em>in</em></strong></span> 
     </span>
    </p>
   </div>
   <div class='ocr_carea' id='block_1_62' title="bbox 212 5484 1910 5563">
    <p class='ocr_par' dir='ltr' id='par_1_62' title="bbox 212 5484 1910 5563">
     <span class='ocr_line' id='line_1_62' title="bbox 212 5484 1910 5563; baseline -0.005 -17"><span class='ocrx_word' id='word_1_482' title='bbox 212 5509 270 5546; x_wconf 87' lang='lat' dir='ltr'><strong><em>se</em></strong></span> <span class='ocrx_word' id='word_1_483' title='bbox 299 5492 495 5563; x_wconf 87' lang='lat' dir='ltr'><strong><em>posuit</em></strong></span> <span class='ocrx_word' id='word_1_484' title='bbox 519 5491 902 5557; x_wconf 87' lang='lat' dir='ltr'><strong><em>fraudaretur,</em></strong></span> <span class='ocrx_word' id='word_1_485' title='bbox 945 5490 1140 5544; x_wconf 89' lang='lat' dir='ltr'><strong><em>omnia</em></strong></span> <span class='ocrx_word' id='word_1_486' title='bbox 1162 5488 1260 5542; x_wconf 90' lang='lat' dir='ltr'><strong><em>illa</em></strong></span> <span class='ocrx_word' id='word_1_487' title='bbox 1310 5502 1501 5558; x_wconf 66' lang='lat' dir='ltr'><strong><em>pravae</em></strong></span> <span class='ocrx_word' id='word_1_488' title='bbox 1530 5484 1910 5556; x_wconf 90' lang='lat' dir='ltr'><strong><em>conspiratio-</em></strong></span> 
     </span>
    </p>
   </div>
   <div class='ocr_carea' id='block_1_63' title="bbox 214 5572 1909 5649">
    <p class='ocr_par' dir='ltr' id='par_1_63' title="bbox 214 5572 1909 5649">
     <span class='ocr_line' id='line_1_63' title="bbox 214 5572 1909 5649; baseline -0.005 -13"><span class='ocrx_word' id='word_1_489' title='bbox 214 5582 300 5637; x_wconf 87' lang='lat' dir='ltr'><strong><em>nis</em></strong></span> <span class='ocrx_word' id='word_1_490' title='bbox 344 5581 808 5636; x_wconf 87' lang='lat' dir='ltr'><strong><em>machinamenta</em></strong></span> <span class='ocrx_word' id='word_1_491' title='bbox 861 5576 1182 5649; x_wconf 88' lang='lat' dir='ltr'><strong><em>repressit:</em></strong></span> <span class='ocrx_word' id='word_1_492' title='bbox 1230 5577 1443 5648; x_wconf 87' lang='lat' dir='ltr'><strong><em>itaque,</em></strong></span> <span class='ocrx_word' id='word_1_493' title='bbox 1509 5574 1657 5646; x_wconf 88' lang='lat' dir='ltr'><strong><em>quod</em></strong></span> <span class='ocrx_word' id='word_1_494' title='bbox 1717 5572 1787 5627; x_wconf 87' lang='lat' dir='ltr'><strong><em>ab</em></strong></span> <span class='ocrx_word' id='word_1_495' title='bbox 1841 5589 1909 5628; x_wconf 91' lang='lat' dir='ltr'><strong><em>eo</em></strong></span> 
     </span>
    </p>
   </div>
   <div class='ocr_carea' id='block_1_64' title="bbox 2052 1602 2598 1672">
    <p class='ocr_par' dir='ltr' id='par_1_64' title="bbox 2052 1602 2598 1672">
     <span class='ocr_line' id='line_1_64' title="bbox 2052 1602 2598 1672; baseline 0.002 -17"><span class='ocrx_word' id='word_1_496' title='bbox 2052 1602 2295 1655; x_wconf 88' lang='lat' dir='ltr'><strong><em>meliora</em></strong></span> <span class='ocrx_word' id='word_1_497' title='bbox 2322 1603 2598 1672; x_wconf 85' lang='lat' dir='ltr'><strong><em>provexit.</em></strong></span> 
     </span>
    </p>
   </div>
   <div class='ocr_carea' id='block_1_65' title="bbox 2121 1690 3753 1765">
    <p class='ocr_par' dir='ltr' id='par_1_65' title="bbox 2121 1690 3753 1765">
     <span class='ocr_line' id='line_1_65' title="bbox 2121 1690 3753 1765; baseline 0.005 -21"><span class='ocrx_word' id='word_1_498' title='bbox 2121 1693 2173 1744; x_wconf 77' lang='lat'><strong><em>2.</em></strong></span> <span class='ocrx_word' id='word_1_499' title='bbox 2205 1690 2314 1745; x_wconf 89' lang='lat' dir='ltr'><strong><em>Sed</em></strong></span> <span class='ocrx_word' id='word_1_500' title='bbox 2356 1691 2475 1760; x_wconf 90' lang='lat' dir='ltr'><strong><em>jam</em></strong></span> <span class='ocrx_word' id='word_1_501' title='bbox 2517 1706 2666 1745; x_wconf 90' lang='lat' dir='ltr'><strong><em>nunc</em></strong></span> <span class='ocrx_word' id='word_1_502' title='bbox 2714 1692 2787 1745; x_wconf 90' lang='lat' dir='ltr'><strong><em>ad</em></strong></span> <span class='ocrx_word' id='word_1_503' title='bbox 2836 1693 3131 1759; x_wconf 89' lang='lat' dir='ltr'><strong><em>miracula,</em></strong></span> <span class='ocrx_word' id='word_1_504' title='bbox 3174 1710 3305 1765; x_wconf 68' lang='lat' dir='ltr'><strong><em>qua:</em></strong></span> <span class='ocrx_word' id='word_1_505' title='bbox 3350 1701 3482 1765; x_wconf 88' lang='lat' dir='ltr'><strong><em>post</em></strong></span> <span class='ocrx_word' id='word_1_506' title='bbox 3532 1697 3753 1752; x_wconf 86' lang='lat' dir='ltr'><strong><em>felicem</em></strong></span> 
     </span>
    </p>
   </div>
   <div class='ocr_carea' id='block_1_66' title="bbox 2050 1776 3753 1845">
    <p class='ocr_par' dir='ltr' id='par_1_66' title="bbox 2050 1776 3753 1845">
     <span class='ocr_line' id='line_1_66' title="bbox 2050 1776 3753 1845; baseline 0.005 -15"><span class='ocrx_word' id='word_1_507' title='bbox 2050 1776 2202 1831; x_wconf 89' lang='lat' dir='ltr'><strong><em>illius</em></strong></span> <span class='ocrx_word' id='word_1_508' title='bbox 2224 1778 2525 1833; x_wconf 89' lang='lat' dir='ltr'><strong><em>transitum</em></strong></span> <span class='ocrx_word' id='word_1_509' title='bbox 2569 1779 2867 1845; x_wconf 90' lang='lat' dir='ltr'><strong><em>Dominus,</em></strong></span> <span class='ocrx_word' id='word_1_510' title='bbox 2919 1782 2986 1836; x_wconf 90' lang='lat' dir='ltr'><strong><em>ad</em></strong></span> <span class='ocrx_word' id='word_1_511' title='bbox 3029 1782 3371 1836; x_wconf 88' lang='lat' dir='ltr'><strong><em>declaranda</em></strong></span> <span class='ocrx_word' id='word_1_512' title='bbox 3414 1784 3753 1839; x_wconf 89' lang='lat' dir='ltr'><strong><em>meritorum</em></strong></span> 
     </span>
    </p>
   </div>
   <div class='ocr_carea' id='block_1_67' title="bbox 2048 1865 3754 1942">
    <p class='ocr_par' dir='ltr' id='par_1_67' title="bbox 2048 1865 3754 1942">
     <span class='ocr_line' id='line_1_67' title="bbox 2048 1865 3754 1942; baseline 0.005 -23"><span class='ocrx_word' id='word_1_513' title='bbox 2048 1865 2203 1919; x_wconf 90' lang='lat' dir='ltr'><strong><em>illius</em></strong></span> <span class='ocrx_word' id='word_1_514' title='bbox 2233 1865 2500 1935; x_wconf 88' lang='lat' dir='ltr'><strong><em>insignia,</em></strong></span> <span class='ocrx_word' id='word_1_515' title='bbox 2533 1868 2682 1921; x_wconf 89' lang='lat' dir='ltr'><strong><em>circa</em></strong></span> <span class='ocrx_word' id='word_1_516' title='bbox 2702 1868 2938 1938; x_wconf 88' lang='lat' dir='ltr'><strong><em>gloriosi</em></strong></span> <span class='ocrx_word' id='word_1_517' title='bbox 2968 1870 3224 1939; x_wconf 88' lang='lat' dir='ltr'><strong><em>corporis</em></strong></span> <span class='ocrx_word' id='word_1_518' title='bbox 3246 1871 3369 1941; x_wconf 90' lang='lat' dir='ltr'><strong><em>ejus</em></strong></span> <span class='ocrx_word' id='word_1_519' title='bbox 3399 1873 3754 1942; x_wconf 88' lang='lat' dir='ltr'><strong><em>sepulturam</em></strong></span> 
     </span>
    </p>
   </div>
   <div class='ocr_carea' id='block_1_68' title="bbox 2049 1955 3753 2029">
    <p class='ocr_par' dir='ltr' id='par_1_68' title="bbox 2049 1955 3753 2029">
     <span class='ocr_line' id='line_1_68' title="bbox 2049 1955 3753 2029; baseline 0.005 -23"><span class='ocrx_word' id='word_1_520' title='bbox 2049 1960 2322 2023; x_wconf 90' lang='lat' dir='ltr'><strong><em>operatus</em></strong></span> <span class='ocrx_word' id='word_1_521' title='bbox 2344 1960 2446 2021; x_wconf 90' lang='lat' dir='ltr'><strong><em>est,</em></strong></span> <span class='ocrx_word' id='word_1_522' title='bbox 2478 1955 2776 2009; x_wconf 90' lang='lat' dir='ltr'><strong><em>veniamus</em></strong></span> <span class='ocrx_word' id='word_1_523' title='bbox 2804 1974 2817 2022; x_wconf 86' lang='lat'><strong>;</strong></span> <span class='ocrx_word' id='word_1_524' title='bbox 2848 1973 3031 2027; x_wconf 87' lang='lat' dir='ltr'><strong><em>pauca</em></strong></span> <span class='ocrx_word' id='word_1_525' title='bbox 3068 1974 3135 2012; x_wconf 85' lang='lat' dir='ltr'><strong><em>ex</em></strong></span> <span class='ocrx_word' id='word_1_526' title='bbox 3164 1958 3254 2012; x_wconf 90' lang='lat' dir='ltr'><strong><em>his</em></strong></span> <span class='ocrx_word' id='word_1_527' title='bbox 3286 1960 3357 2013; x_wconf 88' lang='lat' dir='ltr'><strong><em>ad</em></strong></span> <span class='ocrx_word' id='word_1_528' title='bbox 3387 1966 3753 2029; x_wconf 87' lang='lat' dir='ltr'><strong><em>posterorum</em></strong></span> 
     </span>
    </p>
   </div>
   <div class='ocr_carea' id='block_1_69' title="bbox 2046 2042 3753 2115">
    <p class='ocr_par' dir='ltr' id='par_1_69' title="bbox 2046 2042 3753 2115">
     <span class='ocr_line' id='line_1_69' title="bbox 2046 2042 3753 2115; baseline 0.005 -20"><span class='ocrx_word' id='word_1_529' title='bbox 2046 2042 2311 2096; x_wconf 85' lang='lat' dir='ltr'><strong><em>notitiam</em></strong></span> <span class='ocrx_word' id='word_1_530' title='bbox 2366 2044 2815 2109; x_wconf 87' lang='lat' dir='ltr'><strong><em>transferentes;</em></strong></span> <span class='ocrx_word' id='word_1_531' title='bbox 2857 2061 2987 2115; x_wconf 69' lang='lat' dir='ltr'><strong><em>qua:</em></strong></span> <span class='ocrx_word' id='word_1_532' title='bbox 3037 2052 3135 2098; x_wconf 89' lang='lat' dir='ltr'><strong><em>aut</em></strong></span> <span class='ocrx_word' id='word_1_533' title='bbox 3180 2047 3367 2100; x_wconf 88' lang='lat' dir='ltr'><strong><em>veraci</em></strong></span> <span class='ocrx_word' id='word_1_534' title='bbox 3398 2052 3497 2101; x_wconf 91' lang='lat' dir='ltr'><strong><em>aut</em></strong></span> <span class='ocrx_word' id='word_1_535' title='bbox 3525 2048 3753 2103; x_wconf 90' lang='lat' dir='ltr'><strong><em>indubi-</em></strong></span> 
     </span>
    </p>
   </div>
   <div class='ocr_carea' id='block_1_70' title="bbox 2044 2132 3754 2207">
    <p class='ocr_par' dir='ltr' id='par_1_70' title="bbox 2044 2132 3754 2207">
     <span class='ocr_line' id='line_1_70' title="bbox 2044 2132 3754 2207; baseline 0.005 -24"><span class='ocrx_word' id='word_1_536' title='bbox 2044 2134 2161 2184; x_wconf 86' lang='lat' dir='ltr'><strong><em>tata</em></strong></span> <span class='ocrx_word' id='word_1_537' title='bbox 2196 2132 2477 2201; x_wconf 90' lang='lat' dir='ltr'><strong><em>majorum</em></strong></span> <span class='ocrx_word' id='word_1_538' title='bbox 2509 2133 2789 2186; x_wconf 90' lang='lat' dir='ltr'><strong><em>relatione</em></strong></span> <span class='ocrx_word' id='word_1_539' title='bbox 2841 2133 2910 2186; x_wconf 89' lang='lat' dir='ltr'><strong><em>ad</em></strong></span> <span class='ocrx_word' id='word_1_540' title='bbox 2951 2149 3056 2186; x_wconf 90' lang='lat' dir='ltr'><strong><em>nos</em></strong></span> <span class='ocrx_word' id='word_1_541' title='bbox 3108 2133 3297 2186; x_wconf 89' lang='lat' dir='ltr'><strong><em>delata</em></strong></span> <span class='ocrx_word' id='word_1_542' title='bbox 3327 2138 3481 2200; x_wconf 90' lang='lat' dir='ltr'><strong><em>sunt,</em></strong></span> <span class='ocrx_word' id='word_1_543' title='bbox 3514 2141 3616 2189; x_wconf 85' lang='lat' dir='ltr'><strong><em>aut</em></strong></span> <span class='ocrx_word' id='word_1_544' title='bbox 3642 2137 3754 2207; x_wconf 89' lang='lat' dir='ltr'><strong><em>ipsi</em></strong></span> 
     </span>
    </p>
   </div>
   <div class='ocr_carea' id='block_1_71' title="bbox 2046 2219 3749 2290">
    <p class='ocr_par' dir='ltr' id='par_1_71' title="bbox 2046 2219 3749 2290">
     <span class='ocr_line' id='line_1_71' title="bbox 2046 2219 3749 2290; baseline 0.004 -18"><span class='ocrx_word' id='word_1_545' title='bbox 2046 2219 2335 2272; x_wconf 89' lang='lat' dir='ltr'><strong><em>modernis</em></strong></span> <span class='ocrx_word' id='word_1_546' title='bbox 2363 2221 2720 2290; x_wconf 88' lang='lat' dir='ltr'><strong><em>temporibus</em></strong></span> <span class='ocrx_word' id='word_1_547' title='bbox 2758 2224 2915 2290; x_wconf 87' lang='lat' dir='ltr'><strong><em>gesta</em></strong></span> <span class='ocrx_word' id='word_1_548' title='bbox 2958 2221 3344 2290; x_wconf 88' lang='lat' dir='ltr'><strong><em>probavimus,</em></strong></span> <span class='ocrx_word' id='word_1_549' title='bbox 3396 2227 3455 2275; x_wconf 90' lang='lat' dir='ltr'><strong><em>et</em></strong></span> <span class='ocrx_word' id='word_1_550' title='bbox 3486 2223 3749 2278; x_wconf 88' lang='lat' dir='ltr'><strong><em>vidimus.</em></strong></span> 
     </span>
    </p>
   </div>
   <div class='ocr_carea' id='block_1_72' title="bbox 2044 2304 3750 2378">
    <p class='ocr_par' dir='ltr' id='par_1_72' title="bbox 2044 2304 3750 2378">
     <span class='ocr_line' id='line_1_72' title="bbox 2044 2304 3750 2378; baseline 0.004 -21"><span class='ocrx_word' id='word_1_551' title='bbox 2044 2304 2244 2358; x_wconf 84' lang='lat' dir='ltr'><strong><em>Mulier</em></strong></span> <span class='ocrx_word' id='word_1_552' title='bbox 2270 2306 2532 2376; x_wconf 68' lang='lat' dir='ltr'><strong><em>quaedam</em></strong></span> <span class='ocrx_word' id='word_1_553' title='bbox 2592 2310 2879 2360; x_wconf 89' lang='lat' dir='ltr'><strong><em>contracta</em></strong></span> <span class='ocrx_word' id='word_1_554' title='bbox 2926 2307 2984 2360; x_wconf 87' lang='lat' dir='ltr'><strong><em>in</em></strong></span> <span class='ocrx_word' id='word_1_555' title='bbox 3034 2307 3157 2377; x_wconf 90' lang='lat' dir='ltr'><strong><em>ipsa</em></strong></span> <span class='ocrx_word' id='word_1_556' title='bbox 3200 2307 3423 2362; x_wconf 88' lang='lat' dir='ltr'><strong><em>civitate</em></strong></span> <span class='ocrx_word' id='word_1_557' title='bbox 3463 2310 3750 2378; x_wconf 88' lang='lat' dir='ltr'><strong><em>manebat,</em></strong></span> 
     </span>
    </p>
   </div>
   <div class='ocr_carea' id='block_1_73' title="bbox 2046 2393 3752 2467">
    <p class='ocr_par' dir='ltr' id='par_1_73' title="bbox 2046 2393 3752 2467">
     <span class='ocr_line' id='line_1_73' title="bbox 2046 2393 3752 2467; baseline 0.004 -20"><span class='ocrx_word' id='word_1_558' title='bbox 2046 2393 2188 2447; x_wconf 88' lang='lat' dir='ltr'><strong><em>adeo</em></strong></span> <span class='ocrx_word' id='word_1_559' title='bbox 2216 2393 2531 2461; x_wconf 86' lang='lat' dir='ltr'><strong><em>incurvata,</em></strong></span> <span class='ocrx_word' id='word_1_560' title='bbox 2581 2399 2644 2447; x_wconf 91' lang='lat' dir='ltr'><strong><em>ut</em></strong></span> <span class='ocrx_word' id='word_1_561' title='bbox 2698 2395 2768 2448; x_wconf 89' lang='lat' dir='ltr'><strong><em>ad</em></strong></span> <span class='ocrx_word' id='word_1_562' title='bbox 2826 2394 3209 2464; x_wconf 89' lang='lat' dir='ltr'><strong><em>gradiendum</em></strong></span> <span class='ocrx_word' id='word_1_563' title='bbox 3243 2396 3387 2467; x_wconf 87' lang='lat' dir='ltr'><strong><em>erigi</em></strong></span> <span class='ocrx_word' id='word_1_564' title='bbox 3416 2398 3752 2453; x_wconf 86' lang='lat' dir='ltr'><strong><em>nullatenus</em></strong></span> 
     </span>
    </p>
   </div>
   <div class='ocr_carea' id='block_1_74' title="bbox 2044 2480 3749 2556">
    <p class='ocr_par' dir='ltr' id='par_1_74' title="bbox 2044 2480 3749 2556">
     <span class='ocr_line' id='line_1_74' title="bbox 2044 2480 3749 2556; baseline 0.004 -23"><span class='ocrx_word' id='word_1_565' title='bbox 2044 2480 2342 2551; x_wconf 89' lang='lat' dir='ltr'><strong><em>potuisset,</em></strong></span> <span class='ocrx_word' id='word_1_566' title='bbox 2376 2482 2472 2535; x_wconf 90' lang='lat' dir='ltr'><strong><em>sed</em></strong></span> <span class='ocrx_word' id='word_1_567' title='bbox 2520 2486 2774 2553; x_wconf 85' lang='lat' dir='ltr'><strong><em>reptaret</em></strong></span> <span class='ocrx_word' id='word_1_568' title='bbox 2823 2483 3014 2552; x_wconf 89' lang='lat' dir='ltr'><strong><em>potius</em></strong></span> <span class='ocrx_word' id='word_1_569' title='bbox 3064 2484 3330 2537; x_wconf 89' lang='lat' dir='ltr'><strong><em>manibus</em></strong></span> <span class='ocrx_word' id='word_1_570' title='bbox 3381 2501 3555 2555; x_wconf 89' lang='lat' dir='ltr'><strong><em>quam</em></strong></span> <span class='ocrx_word' id='word_1_571' title='bbox 3587 2487 3749 2556; x_wconf 88' lang='lat' dir='ltr'><strong><em>pedi-</em></strong></span> 
     </span>
    </p>
   </div>
   <div class='ocr_carea' id='block_1_75' title="bbox 2046 2569 3752 2641">
    <p class='ocr_par' dir='ltr' id='par_1_75' title="bbox 2046 2569 3752 2641">
     <span class='ocr_line' id='line_1_75' title="bbox 2046 2569 3752 2641; baseline 0.004 -19"><span class='ocrx_word' id='word_1_572' title='bbox 2046 2570 2152 2622; x_wconf 89' lang='lat' dir='ltr'><strong><em>bus</em></strong></span> <span class='ocrx_word' id='word_1_573' title='bbox 2192 2569 2531 2625; x_wconf 89' lang='lat' dir='ltr'><strong><em>ambularet.</em></strong></span> <span class='ocrx_word' id='word_1_574' title='bbox 2596 2570 2734 2623; x_wconf 83' lang='lat' dir='ltr'><strong><em>Huic</em></strong></span> <span class='ocrx_word' id='word_1_575' title='bbox 2778 2571 3129 2625; x_wconf 87' lang='lat' dir='ltr'><strong><em>orationibus</em></strong></span> <span class='ocrx_word' id='word_1_576' title='bbox 3162 2572 3492 2641; x_wconf 87' lang='lat' dir='ltr'><strong><em>frequenter</em></strong></span> <span class='ocrx_word' id='word_1_577' title='bbox 3532 2573 3752 2628; x_wconf 89' lang='lat' dir='ltr'><strong><em>incum-</em></strong></span> 
     </span>
    </p>
   </div>
   <div class='ocr_carea' id='block_1_76' title="bbox 2046 2656 3746 2728">
    <p class='ocr_par' dir='ltr' id='par_1_76' title="bbox 2046 2656 3746 2728">
     <span class='ocr_line' id='line_1_76' title="bbox 2046 2656 3746 2728; baseline 0.004 -18"><span class='ocrx_word' id='word_1_578' title='bbox 2046 2656 2203 2710; x_wconf 89' lang='lat' dir='ltr'><strong><em>benti</em></strong></span> <span class='ocrx_word' id='word_1_579' title='bbox 2265 2657 2536 2711; x_wconf 90' lang='lat' dir='ltr'><strong><em>divinitus</em></strong></span> <span class='ocrx_word' id='word_1_580' title='bbox 2585 2657 2929 2728; x_wconf 87' lang='lat' dir='ltr'><strong><em>inspiratum</em></strong></span> <span class='ocrx_word' id='word_1_581' title='bbox 3008 2664 3109 2724; x_wconf 87' lang='lat' dir='ltr'><strong><em>est,</em></strong></span> <span class='ocrx_word' id='word_1_582' title='bbox 3166 2664 3228 2712; x_wconf 89' lang='lat' dir='ltr'><strong><em>ut</em></strong></span> <span class='ocrx_word' id='word_1_583' title='bbox 3277 2661 3348 2714; x_wconf 93' lang='lat' dir='ltr'><strong><em>ad</em></strong></span> <span class='ocrx_word' id='word_1_584' title='bbox 3408 2662 3746 2716; x_wconf 90' lang='lat' dir='ltr'><strong><em>memoriam</em></strong></span> 
     </span>
    </p>
   </div>
   <div class='ocr_carea' id='block_1_77' title="bbox 2047 2744 3748 2818">
    <p class='ocr_par' dir='ltr' id='par_1_77' title="bbox 2047 2744 3748 2818">
     <span class='ocr_line' id='line_1_77' title="bbox 2047 2744 3748 2818; baseline 0.002 -21"><span class='ocrx_word' id='word_1_585' title='bbox 2047 2744 2361 2798; x_wconf 88' lang='lat' dir='ltr'><strong><em>beatissimi</em></strong></span> <span class='ocrx_word' id='word_1_586' title='bbox 2408 2745 2515 2799; x_wconf 91' lang='lat' dir='ltr'><strong><em>viri</em></strong></span> <span class='ocrx_word' id='word_1_587' title='bbox 2573 2746 2885 2811; x_wconf 89' lang='lat' dir='ltr'><strong><em>accederet,</em></strong></span> <span class='ocrx_word' id='word_1_588' title='bbox 2949 2750 3119 2816; x_wconf 85' lang='lat' dir='ltr'><strong><em>atque</em></strong></span> <span class='ocrx_word' id='word_1_589' title='bbox 3177 2747 3587 2818; x_wconf 85' lang='lat' dir='ltr'><strong><em>omnipotentis</em></strong></span> <span class='ocrx_word' id='word_1_590' title='bbox 3647 2750 3748 2803; x_wconf 92' lang='lat' dir='ltr'><strong><em>Dei</em></strong></span> 
     </span>
    </p>
   </div>
   <div class='ocr_carea' id='block_1_78' title="bbox 2046 2832 3747 2904">
    <p class='ocr_par' dir='ltr' id='par_1_78' title="bbox 2046 2832 3747 2904">
     <span class='ocr_line' id='line_1_78' title="bbox 2046 2832 3747 2904; baseline 0.004 -20"><span class='ocrx_word' id='word_1_591' title='bbox 2046 2832 2496 2886; x_wconf 90' lang='lat' dir='ltr'><strong><em>misericordiam</em></strong></span> <span class='ocrx_word' id='word_1_592' title='bbox 2552 2832 2818 2887; x_wconf 86' lang='lat' dir='ltr'><strong><em>obnixius</em></strong></span> <span class='ocrx_word' id='word_1_593' title='bbox 2875 2833 3231 2904; x_wconf 88' lang='lat' dir='ltr'><strong><em>imploraret.</em></strong></span> <span class='ocrx_word' id='word_1_594' title='bbox 3288 2836 3504 2889; x_wconf 83' lang='lat' dir='ltr'><strong><em>Accidit</em></strong></span> <span class='ocrx_word' id='word_1_595' title='bbox 3555 2842 3747 2891; x_wconf 89' lang='lat' dir='ltr'><strong><em>autem</em></strong></span> 
     </span>
    </p>
   </div>
   <div class='ocr_carea' id='block_1_79' title="bbox 2039 2920 3749 2992">
    <p class='ocr_par' dir='ltr' id='par_1_79' title="bbox 2039 2920 3749 2992">
     <span class='ocr_line' id='line_1_79' title="bbox 2039 2920 3749 2992; baseline 0.002 -17"><span class='ocrx_word' id='word_1_596' title='bbox 2039 2924 2104 2975; x_wconf 88' lang='lat' dir='ltr'><strong><em>ut</em></strong></span> <span class='ocrx_word' id='word_1_597' title='bbox 2142 2921 2261 2975; x_wconf 90' lang='lat' dir='ltr'><strong><em>dies</em></strong></span> <span class='ocrx_word' id='word_1_598' title='bbox 2318 2920 2738 2974; x_wconf 80' lang='lat' dir='ltr'><strong><em>anniversarias</em></strong></span> <span class='ocrx_word' id='word_1_599' title='bbox 2796 2922 3017 2992; x_wconf 71' lang='lat' dir='ltr'><strong><em>praefati</em></strong></span> <span class='ocrx_word' id='word_1_600' title='bbox 3072 2922 3251 2977; x_wconf 79' lang='lat' dir='ltr'><strong><em>Patris</em></strong></span> <span class='ocrx_word' id='word_1_601' title='bbox 3289 2923 3517 2978; x_wconf 90' lang='lat' dir='ltr'><strong><em>Domini</em></strong></span> <span class='ocrx_word' id='word_1_602' title='bbox 3568 2925 3749 2978; x_wconf 88' lang='lat' dir='ltr'><strong><em>nostri</em></strong></span> 
     </span>
    </p>
   </div>
   <div class='ocr_carea' id='block_1_80' title="bbox 2039 3010 3739 3082">
    <p class='ocr_par' dir='ltr' id='par_1_80' title="bbox 2039 3010 3739 3082">
     <span class='ocr_line' id='line_1_80' title="bbox 2039 3010 3739 3082; baseline 0.001 -19"><span class='ocrx_word' id='word_1_603' title='bbox 2039 3025 2293 3080; x_wconf 87' lang='lat' dir='ltr'><strong><em>congrua</em></strong></span> <span class='ocrx_word' id='word_1_604' title='bbox 2376 3010 2775 3064; x_wconf 88' lang='lat' dir='ltr'><strong><em>observatione</em></strong></span> <span class='ocrx_word' id='word_1_605' title='bbox 2850 3010 3128 3065; x_wconf 88' lang='lat' dir='ltr'><strong><em>celebrari</em></strong></span> <span class='ocrx_word' id='word_1_606' title='bbox 3208 3011 3461 3067; x_wconf 88' lang='lat' dir='ltr'><strong><em>deberet.</em></strong></span> <span class='ocrx_word' id='word_1_607' title='bbox 3520 3013 3739 3082; x_wconf 87' lang='lat' dir='ltr'><strong><em>Populo</em></strong></span> 
     </span>
    </p>
   </div>
   <div class='ocr_carea' id='block_1_81' title="bbox 2040 3098 3739 3168">
    <p class='ocr_par' dir='ltr' id='par_1_81' title="bbox 2040 3098 3739 3168">
     <span class='ocr_line' id='line_1_81' title="bbox 2040 3098 3739 3168; baseline 0.002 -17"><span class='ocrx_word' id='word_1_608' title='bbox 2040 3114 2196 3168; x_wconf 87' lang='lat' dir='ltr'><strong><em>ergo,</em></strong></span> <span class='ocrx_word' id='word_1_609' title='bbox 2234 3114 2389 3151; x_wconf 90' lang='lat' dir='ltr'><strong><em>more</em></strong></span> <span class='ocrx_word' id='word_1_610' title='bbox 2413 3099 2604 3162; x_wconf 88' lang='lat' dir='ltr'><strong><em>solito,</em></strong></span> <span class='ocrx_word' id='word_1_611' title='bbox 2651 3099 2723 3152; x_wconf 89' lang='lat' dir='ltr'><strong><em>ad</em></strong></span> <span class='ocrx_word' id='word_1_612' title='bbox 2766 3098 3065 3153; x_wconf 88' lang='lat' dir='ltr'><strong><em>ecclesiam</em></strong></span> <span class='ocrx_word' id='word_1_613' title='bbox 3121 3098 3469 3168; x_wconf 86' lang='lat' dir='ltr'><strong><em>conﬂuente,</em></strong></span> <span class='ocrx_word' id='word_1_614' title='bbox 3502 3105 3557 3153; x_wconf 87' lang='lat' dir='ltr'><strong><em>et</em></strong></span> <span class='ocrx_word' id='word_1_615' title='bbox 3586 3100 3739 3154; x_wconf 90' lang='lat' dir='ltr'><strong><em>clero</em></strong></span> 
     </span>
    </p>
   </div>
   <div class='ocr_carea' id='block_1_82' title="bbox 2039 3185 3745 3259">
    <p class='ocr_par' dir='ltr' id='par_1_82' title="bbox 2039 3185 3745 3259">
     <span class='ocr_line' id='line_1_82' title="bbox 2039 3185 3745 3259; baseline 0.003 -23"><span class='ocrx_word' id='word_1_616' title='bbox 2039 3185 2259 3255; x_wconf 90' lang='lat' dir='ltr'><strong><em>vigilias</em></strong></span> <span class='ocrx_word' id='word_1_617' title='bbox 2314 3187 2666 3256; x_wconf 84' lang='lat' dir='ltr'><strong><em>vespertinas</em></strong></span> <span class='ocrx_word' id='word_1_618' title='bbox 2713 3186 3059 3251; x_wconf 87' lang='lat' dir='ltr'><strong><em>celebrante,</em></strong></span> <span class='ocrx_word' id='word_1_619' title='bbox 3120 3188 3328 3241; x_wconf 87' lang='lat' dir='ltr'><strong><em>mulier</em></strong></span> <span class='ocrx_word' id='word_1_620' title='bbox 3384 3204 3614 3259; x_wconf 89' lang='lat' dir='ltr'><strong><em>quoque</em></strong></span> <span class='ocrx_word' id='word_1_621' title='bbox 3668 3189 3745 3242; x_wconf 91' lang='lat' dir='ltr'><strong><em>ila</em></strong></span> 
     </span>
    </p>
   </div>
   <div class='ocr_carea' id='block_1_83' title="bbox 2037 3274 3744 3344">
    <p class='ocr_par' dir='ltr' id='par_1_83' title="bbox 2037 3274 3744 3344">
     <span class='ocr_line' id='line_1_83' title="bbox 2037 3274 3744 3344; baseline 0.002 -17"><span class='ocrx_word' id='word_1_622' title='bbox 2037 3274 2333 3328; x_wconf 88' lang='lat' dir='ltr'><strong><em>incurvata</em></strong></span> <span class='ocrx_word' id='word_1_623' title='bbox 2381 3280 2437 3328; x_wconf 91' lang='lat' dir='ltr'><strong><em>et</em></strong></span> <span class='ocrx_word' id='word_1_624' title='bbox 2466 3279 2758 3329; x_wconf 88' lang='lat' dir='ltr'><strong><em>contracta</em></strong></span> <span class='ocrx_word' id='word_1_625' title='bbox 2787 3275 3036 3337; x_wconf 90' lang='lat' dir='ltr'><strong><em>advenit,</em></strong></span> <span class='ocrx_word' id='word_1_626' title='bbox 3069 3280 3128 3329; x_wconf 90' lang='lat' dir='ltr'><strong><em>et</em></strong></span> <span class='ocrx_word' id='word_1_627' title='bbox 3179 3277 3349 3344; x_wconf 89' lang='lat' dir='ltr'><strong><em>plena</em></strong></span> <span class='ocrx_word' id='word_1_628' title='bbox 3382 3277 3492 3330; x_wconf 91' lang='lat' dir='ltr'><strong><em>ﬁde</em></strong></span> <span class='ocrx_word' id='word_1_629' title='bbox 3527 3293 3592 3331; x_wconf 88' lang='lat' dir='ltr'><strong><em>ac</em></strong></span> <span class='ocrx_word' id='word_1_630' title='bbox 3637 3277 3744 3331; x_wconf 92' lang='lat' dir='ltr'><strong><em>de-</em></strong></span> 
     </span>
    </p>
   </div>
   <div class='ocr_carea' id='block_1_84' title="bbox 2039 3362 3741 3433">
    <p class='ocr_par' dir='ltr' id='par_1_84' title="bbox 2039 3362 3741 3433">
     <span class='ocr_line' id='line_1_84' title="bbox 2039 3362 3741 3433; baseline 0.002 -18"><span class='ocrx_word' id='word_1_631' title='bbox 2039 3362 2265 3416; x_wconf 89' lang='lat' dir='ltr'><strong><em>votione</em></strong></span> <span class='ocrx_word' id='word_1_632' title='bbox 2326 3378 2507 3432; x_wconf 90' lang='lat' dir='ltr'><strong><em>usque</em></strong></span> <span class='ocrx_word' id='word_1_633' title='bbox 2549 3362 2622 3416; x_wconf 91' lang='lat' dir='ltr'><strong><em>ad</em></strong></span> <span class='ocrx_word' id='word_1_634' title='bbox 2698 3363 2882 3416; x_wconf 91' lang='lat' dir='ltr'><strong><em>locum</em></strong></span> <span class='ocrx_word' id='word_1_635' title='bbox 2947 3363 3194 3433; x_wconf 89' lang='lat' dir='ltr'><strong><em>sepulcri</em></strong></span> <span class='ocrx_word' id='word_1_636' title='bbox 3240 3363 3493 3430; x_wconf 90' lang='lat' dir='ltr'><strong><em>accessit,</em></strong></span> <span class='ocrx_word' id='word_1_637' title='bbox 3545 3364 3741 3419; x_wconf 90' lang='lat' dir='ltr'><strong><em>dicens</em></strong></span> 
     </span>
    </p>
   </div>
   <div class='ocr_carea' id='block_1_85' title="bbox 2036 3449 3741 3518">
    <p class='ocr_par' dir='ltr' id='par_1_85' title="bbox 2036 3449 3741 3518">
     <span class='ocr_line' id='line_1_85' title="bbox 2036 3449 3741 3518; baseline 0.001 -14"><span class='ocrx_word' id='word_1_638' title='bbox 2036 3465 2166 3504; x_wconf 92' lang='lat' dir='ltr'><strong><em>cum</em></strong></span> <span class='ocrx_word' id='word_1_639' title='bbox 2214 3449 2533 3518; x_wconf 89' lang='lat' dir='ltr'><strong><em>Propheta:</em></strong></span> <span class='ocrx_word' id='word_1_640' title='bbox 2586 3450 2729 3503; x_wconf 85' lang='lat' dir='ltr'><strong><em>Vota</em></strong></span> <span class='ocrx_word' id='word_1_641' title='bbox 2777 3465 2903 3503; x_wconf 87' lang='lat' dir='ltr'><strong><em>mea</em></strong></span> <span class='ocrx_word' id='word_1_642' title='bbox 2944 3449 3188 3504; x_wconf 90' lang='lat' dir='ltr'><strong><em>Domino</em></strong></span> <span class='ocrx_word' id='word_1_643' title='bbox 3235 3451 3468 3504; x_wconf 90' lang='lat' dir='ltr'><strong><em>reddam</em></strong></span> <span class='ocrx_word' id='word_1_644' title='bbox 3511 3452 3571 3506; x_wconf 90' lang='lat' dir='ltr'><strong><em>in</em></strong></span> <span class='ocrx_word' id='word_1_645' title='bbox 3601 3470 3741 3506; x_wconf 87' lang='lat' dir='ltr'><strong><em>con-</em></strong></span> 
     </span>
    </p>
   </div>
   <div class='ocr_carea' id='block_1_86' title="bbox 2034 3543 3738 3614">
    <p class='ocr_par' dir='ltr' id='par_1_86' title="bbox 2034 3543 3738 3614">
     <span class='ocr_line' id='line_1_86' title="bbox 2034 3543 3738 3614; baseline 0.002 -18"><span class='ocrx_word' id='word_1_646' title='bbox 2034 3547 2230 3613; x_wconf 89' lang='lat' dir='ltr'><strong><em>spectu</em></strong></span> <span class='ocrx_word' id='word_1_647' title='bbox 2268 3543 2455 3597; x_wconf 91' lang='lat' dir='ltr'><strong><em>omnis</em></strong></span> <span class='ocrx_word' id='word_1_648' title='bbox 2513 3543 2716 3614; x_wconf 89' lang='lat' dir='ltr'><strong><em>populi</em></strong></span> <span class='ocrx_word' id='word_1_649' title='bbox 2754 3545 2897 3613; x_wconf 89' lang='lat' dir='ltr'><strong><em>ejus,</em></strong></span> <span class='ocrx_word' id='word_1_650' title='bbox 2945 3544 3009 3597; x_wconf 90' lang='lat' dir='ltr'><strong><em>in</em></strong></span> <span class='ocrx_word' id='word_1_651' title='bbox 3050 3543 3208 3598; x_wconf 88' lang='lat' dir='ltr'><strong><em>atriis</em></strong></span> <span class='ocrx_word' id='word_1_652' title='bbox 3244 3545 3447 3599; x_wconf 86' lang='lat' dir='ltr'><strong><em>domus</em></strong></span> <span class='ocrx_word' id='word_1_653' title='bbox 3488 3546 3738 3600; x_wconf 91' lang='lat' dir='ltr'><strong><em>Domini.</em></strong></span> 
     </span>
    </p>
   </div>
   <div class='ocr_carea' id='block_1_87' title="bbox 2033 3632 3739 3703">
    <p class='ocr_par' dir='ltr' id='par_1_87' title="bbox 2033 3632 3739 3703">
     <span class='ocr_line' id='line_1_87' title="bbox 2033 3632 3739 3703; baseline 0.001 -17"><span class='ocrx_word' id='word_1_654' title='bbox 2033 3632 2251 3686; x_wconf 90' lang='lat' dir='ltr'><strong><em>Ibidem</em></strong></span> <span class='ocrx_word' id='word_1_655' title='bbox 2320 3648 2456 3701; x_wconf 89' lang='lat' dir='ltr'><strong><em>ergo</em></strong></span> <span class='ocrx_word' id='word_1_656' title='bbox 2514 3636 2854 3703; x_wconf 89' lang='lat' dir='ltr'><strong><em>pernoctans</em></strong></span> <span class='ocrx_word' id='word_1_657' title='bbox 2928 3633 2990 3687; x_wconf 91' lang='lat' dir='ltr'><strong><em>in</em></strong></span> <span class='ocrx_word' id='word_1_658' title='bbox 3053 3633 3331 3695; x_wconf 88' lang='lat' dir='ltr'><strong><em>oratione,</em></strong></span> <span class='ocrx_word' id='word_1_659' title='bbox 3407 3635 3739 3688; x_wconf 90' lang='lat' dir='ltr'><strong><em>universum</em></strong></span> 
     </span>
    </p>
   </div>
   <div class='ocr_carea' id='block_1_88' title="bbox 2033 3719 3733 3789">
    <p class='ocr_par' dir='ltr' id='par_1_88' title="bbox 2033 3719 3733 3789">
     <span class='ocr_line' id='line_1_88' title="bbox 2033 3719 3733 3789; baseline 0.003 -17"><span class='ocrx_word' id='word_1_660' title='bbox 2033 3719 2183 3789; x_wconf 92' lang='lat' dir='ltr'><strong><em>quod</em></strong></span> <span class='ocrx_word' id='word_1_661' title='bbox 2214 3719 2485 3788; x_wconf 89' lang='lat' dir='ltr'><strong><em>habebat,</em></strong></span> <span class='ocrx_word' id='word_1_662' title='bbox 2529 3719 2583 3774; x_wconf 88' lang='lat' dir='ltr'><strong><em>id</em></strong></span> <span class='ocrx_word' id='word_1_663' title='bbox 2630 3724 2713 3773; x_wconf 89' lang='lat' dir='ltr'><strong><em>est</em></strong></span> <span class='ocrx_word' id='word_1_664' title='bbox 2769 3736 2867 3774; x_wconf 87' lang='lat' dir='ltr'><strong><em>cor</em></strong></span> <span class='ocrx_word' id='word_1_665' title='bbox 2913 3721 3222 3775; x_wconf 89' lang='lat' dir='ltr'><strong><em>contritum</em></strong></span> <span class='ocrx_word' id='word_1_666' title='bbox 3268 3732 3325 3775; x_wconf 86' lang='lat' dir='ltr'><strong><em>et</em></strong></span> <span class='ocrx_word' id='word_1_667' title='bbox 3370 3722 3733 3777; x_wconf 89' lang='lat' dir='ltr'><strong><em>humiliatum</em></strong></span> 
     </span>
    </p>
   </div>
   <div class='ocr_carea' id='block_1_89' title="bbox 2033 3808 3740 3882">
    <p class='ocr_par' dir='ltr' id='par_1_89' title="bbox 2033 3808 3740 3882">
     <span class='ocr_line' id='line_1_89' title="bbox 2033 3808 3740 3882; baseline 0.002 -21"><span class='ocrx_word' id='word_1_668' title='bbox 2033 3808 2277 3862; x_wconf 91' lang='lat' dir='ltr'><strong><em>Domino</em></strong></span> <span class='ocrx_word' id='word_1_669' title='bbox 2309 3808 2537 3875; x_wconf 90' lang='lat' dir='ltr'><strong><em>obtulit,</em></strong></span> <span class='ocrx_word' id='word_1_670' title='bbox 2582 3814 2637 3862; x_wconf 90' lang='lat' dir='ltr'><strong><em>et</em></strong></span> <span class='ocrx_word' id='word_1_671' title='bbox 2691 3809 2753 3863; x_wconf 91' lang='lat' dir='ltr'><strong><em>in</em></strong></span> <span class='ocrx_word' id='word_1_672' title='bbox 2808 3809 2919 3863; x_wconf 89' lang='lat' dir='ltr'><strong><em>ﬁde</em></strong></span> <span class='ocrx_word' id='word_1_673' title='bbox 2971 3809 3181 3865; x_wconf 86' lang='lat' dir='ltr'><strong><em>Christi</em></strong></span> <span class='ocrx_word' id='word_1_674' title='bbox 3220 3810 3487 3880; x_wconf 87' lang='lat' dir='ltr'><strong><em>lacrymis</em></strong></span> <span class='ocrx_word' id='word_1_675' title='bbox 3532 3811 3740 3882; x_wconf 85' lang='lat' dir='ltr'><strong><em>rigavit</em></strong></span> 
     </span>
    </p>
   </div>
   <div class='ocr_carea' id='block_1_90' title="bbox 2030 3896 3736 3968">
    <p class='ocr_par' dir='ltr' id='par_1_90' title="bbox 2030 3896 3736 3968">
     <span class='ocr_line' id='line_1_90' title="bbox 2030 3896 3736 3968; baseline 0.002 -18"><span class='ocrx_word' id='word_1_676' title='bbox 2030 3897 2206 3965; x_wconf 87' lang='lat' dir='ltr'><strong><em>pedes</em></strong></span> <span class='ocrx_word' id='word_1_677' title='bbox 2236 3899 2377 3966; x_wconf 89' lang='lat' dir='ltr'><strong><em>ejus,</em></strong></span> <span class='ocrx_word' id='word_1_678' title='bbox 2429 3901 2485 3951; x_wconf 83' lang='lat' dir='ltr'><strong><em>et</em></strong></span> <span class='ocrx_word' id='word_1_679' title='bbox 2536 3896 2752 3966; x_wconf 89' lang='lat' dir='ltr'><strong><em>capillis</em></strong></span> <span class='ocrx_word' id='word_1_680' title='bbox 2795 3897 2995 3967; x_wconf 89' lang='lat' dir='ltr'><strong><em>capitis</em></strong></span> <span class='ocrx_word' id='word_1_681' title='bbox 3042 3898 3129 3950; x_wconf 90' lang='lat' dir='ltr'><strong><em>sui</em></strong></span> <span class='ocrx_word' id='word_1_682' title='bbox 3174 3899 3452 3968; x_wconf 89' lang='lat' dir='ltr'><strong><em>tergebat,</em></strong></span> <span class='ocrx_word' id='word_1_683' title='bbox 3502 3905 3560 3953; x_wconf 91' lang='lat' dir='ltr'><strong><em>et</em></strong></span> <span class='ocrx_word' id='word_1_684' title='bbox 3623 3915 3736 3953; x_wconf 88' lang='lat' dir='ltr'><strong><em>un-</em></strong></span> 
     </span>
    </p>
   </div>
   <div class='ocr_carea' id='block_1_91' title="bbox 2030 3985 3735 4058">
    <p class='ocr_par' dir='ltr' id='par_1_91' title="bbox 2030 3985 3735 4058">
     <span class='ocr_line' id='line_1_91' title="bbox 2030 3985 3735 4058; baseline 0.002 -21"><span class='ocrx_word' id='word_1_685' title='bbox 2030 3988 2245 4054; x_wconf 88' lang='lat' dir='ltr'><strong><em>guento</em></strong></span> <span class='ocrx_word' id='word_1_686' title='bbox 2276 3985 2549 4054; x_wconf 88' lang='lat' dir='ltr'><strong><em>ungebat.</em></strong></span> <span class='ocrx_word' id='word_1_687' title='bbox 2582 3985 2650 4037; x_wconf 85' lang='lat' dir='ltr'><strong><em>Et</em></strong></span> <span class='ocrx_word' id='word_1_688' title='bbox 2672 3985 2944 4055; x_wconf 89' lang='lat' dir='ltr'><strong><em>quoniam</em></strong></span> <span class='ocrx_word' id='word_1_689' title='bbox 2996 3986 3240 4039; x_wconf 88' lang='lat' dir='ltr'><strong><em>multum</em></strong></span> <span class='ocrx_word' id='word_1_690' title='bbox 3272 3988 3420 4040; x_wconf 89' lang='lat' dir='ltr'><strong><em>valet</em></strong></span> <span class='ocrx_word' id='word_1_691' title='bbox 3464 3988 3735 4058; x_wconf 86' lang='lat' dir='ltr'><strong><em>depreca-</em></strong></span> 
     </span>
    </p>
   </div>
   <div class='ocr_carea' id='block_1_92' title="bbox 2030 4070 3736 4143">
    <p class='ocr_par' dir='ltr' id='par_1_92' title="bbox 2030 4070 3736 4143">
     <span class='ocr_line' id='line_1_92' title="bbox 2030 4070 3736 4143; baseline 0.002 -19"><span class='ocrx_word' id='word_1_692' title='bbox 2030 4072 2110 4124; x_wconf 90' lang='lat' dir='ltr'><strong><em>tio</em></strong></span> <span class='ocrx_word' id='word_1_693' title='bbox 2126 4070 2269 4141; x_wconf 89' lang='lat' dir='ltr'><strong><em>justi</em></strong></span> <span class='ocrx_word' id='word_1_694' title='bbox 2301 4072 2546 4137; x_wconf 90' lang='lat' dir='ltr'><strong><em>assidua,</em></strong></span> <span class='ocrx_word' id='word_1_695' title='bbox 2575 4087 2705 4125; x_wconf 91' lang='lat' dir='ltr'><strong><em>cum</em></strong></span> <span class='ocrx_word' id='word_1_696' title='bbox 2737 4070 3019 4126; x_wconf 85' lang='lat' dir='ltr'><strong><em>indefessa</em></strong></span> <span class='ocrx_word' id='word_1_697' title='bbox 3060 4088 3239 4143; x_wconf 88' lang='lat' dir='ltr'><strong><em>usque</em></strong></span> <span class='ocrx_word' id='word_1_698' title='bbox 3271 4073 3329 4126; x_wconf 92' lang='lat' dir='ltr'><strong><em>in</em></strong></span> <span class='ocrx_word' id='word_1_699' title='bbox 3358 4074 3508 4128; x_wconf 91' lang='lat' dir='ltr'><strong><em>diem</em></strong></span> <span class='ocrx_word' id='word_1_700' title='bbox 3528 4075 3736 4128; x_wconf 88' lang='lat' dir='ltr'><strong><em>talibus</em></strong></span> 
     </span>
    </p>
   </div>
   <div class='ocr_carea' id='block_1_93' title="bbox 2031 4159 3737 4226">
    <p class='ocr_par' dir='ltr' id='par_1_93' title="bbox 2031 4159 3737 4226">
     <span class='ocr_line' id='line_1_93' title="bbox 2031 4159 3737 4226; baseline 0.002 -15"><span class='ocrx_word' id='word_1_701' title='bbox 2031 4159 2321 4213; x_wconf 87' lang='lat' dir='ltr'><strong><em>sacriﬁciis</em></strong></span> <span class='ocrx_word' id='word_1_702' title='bbox 2371 4160 2660 4213; x_wconf 89' lang='lat' dir='ltr'><strong><em>insisteret</em></strong></span> <span class='ocrx_word' id='word_1_703' title='bbox 2693 4180 2709 4226; x_wconf 86' lang='lat'><strong>;</strong></span> <span class='ocrx_word' id='word_1_704' title='bbox 2758 4161 2908 4213; x_wconf 88' lang='lat' dir='ltr'><strong><em>circa</em></strong></span> <span class='ocrx_word' id='word_1_705' title='bbox 2937 4162 3137 4214; x_wconf 87' lang='lat' dir='ltr'><strong><em>horam</em></strong></span> <span class='ocrx_word' id='word_1_706' title='bbox 3164 4161 3279 4215; x_wconf 90' lang='lat' dir='ltr'><strong><em>diei</em></strong></span> <span class='ocrx_word' id='word_1_707' title='bbox 3310 4162 3537 4215; x_wconf 91' lang='lat' dir='ltr'><strong><em>tertiam</em></strong></span> <span class='ocrx_word' id='word_1_708' title='bbox 3588 4164 3737 4216; x_wconf 84' lang='lat' dir='ltr'><strong><em>inter</em></strong></span> 
     </span>
    </p>
   </div>
   <div class='ocr_carea' id='block_1_94' title="bbox 2029 4246 3735 4317">
    <p class='ocr_par' dir='ltr' id='par_1_94' title="bbox 2029 4246 3735 4317">
     <span class='ocr_line' id='line_1_94' title="bbox 2029 4246 3735 4317; baseline 0.002 -17"><span class='ocrx_word' id='word_1_709' title='bbox 2029 4248 2154 4317; x_wconf 88' lang='lat' dir='ltr'><strong><em>ipsa</em></strong></span> <span class='ocrx_word' id='word_1_710' title='bbox 2207 4247 2503 4301; x_wconf 89' lang='lat' dir='ltr'><strong><em>Missarum</em></strong></span> <span class='ocrx_word' id='word_1_711' title='bbox 2548 4246 2843 4312; x_wconf 87' lang='lat' dir='ltr'><strong><em>solemnia,</em></strong></span> <span class='ocrx_word' id='word_1_712' title='bbox 2902 4247 3036 4300; x_wconf 90' lang='lat' dir='ltr'><strong><em>dum</em></strong></span> <span class='ocrx_word' id='word_1_713' title='bbox 3086 4248 3145 4301; x_wconf 94' lang='lat' dir='ltr'><strong><em>in</em></strong></span> <span class='ocrx_word' id='word_1_714' title='bbox 3180 4248 3428 4301; x_wconf 88' lang='lat' dir='ltr'><strong><em>secunda</em></strong></span> <span class='ocrx_word' id='word_1_715' title='bbox 3455 4250 3616 4303; x_wconf 84' lang='lat' dir='ltr'><strong><em>Missa</em></strong></span> <span class='ocrx_word' id='word_1_716' title='bbox 3639 4251 3735 4303; x_wconf 88' lang='lat' dir='ltr'><strong><em>Al-</em></strong></span> 
     </span>
    </p>
   </div>
   <div class='ocr_carea' id='block_1_95' title="bbox 2033 4333 3733 4406">
    <p class='ocr_par' dir='ltr' id='par_1_95' title="bbox 2033 4333 3733 4406">
     <span class='ocr_line' id='line_1_95' title="bbox 2033 4333 3733 4406; baseline 0.002 -19"><span class='ocrx_word' id='word_1_717' title='bbox 2033 4334 2200 4388; x_wconf 89' lang='lat' dir='ltr'><strong><em>leluia</em></strong></span> <span class='ocrx_word' id='word_1_718' title='bbox 2242 4336 2485 4401; x_wconf 90' lang='lat' dir='ltr'><strong><em>canitur,</em></strong></span> <span class='ocrx_word' id='word_1_719' title='bbox 2529 4336 2674 4388; x_wconf 90' lang='lat' dir='ltr'><strong><em>Laus</em></strong></span> <span class='ocrx_word' id='word_1_720' title='bbox 2733 4335 2832 4387; x_wconf 91' lang='lat' dir='ltr'><strong><em>Dei</em></strong></span> <span class='ocrx_word' id='word_1_721' title='bbox 2872 4334 2933 4387; x_wconf 92' lang='lat' dir='ltr'><strong><em>in</em></strong></span> <span class='ocrx_word' id='word_1_722' title='bbox 2973 4333 3324 4401; x_wconf 89' lang='lat' dir='ltr'><strong><em>hominibus,</em></strong></span> <span class='ocrx_word' id='word_1_723' title='bbox 3372 4335 3495 4404; x_wconf 92' lang='lat' dir='ltr'><strong><em>ipso</em></strong></span> <span class='ocrx_word' id='word_1_724' title='bbox 3544 4338 3733 4406; x_wconf 90' lang='lat' dir='ltr'><strong><em>operis</em></strong></span> 
     </span>
    </p>
   </div>
   <div class='ocr_carea' id='block_1_96' title="bbox 2028 4422 3731 4493">
    <p class='ocr_par' dir='ltr' id='par_1_96' title="bbox 2028 4422 3731 4493">
     <span class='ocr_line' id='line_1_96' title="bbox 2028 4422 3731 4493; baseline 0.002 -19"><span class='ocrx_word' id='word_1_725' title='bbox 2028 4424 2230 4476; x_wconf 82' lang='lat' dir='ltr'><strong><em>ett&#39;ectu</em></strong></span> <span class='ocrx_word' id='word_1_726' title='bbox 2283 4423 2650 4493; x_wconf 89' lang='lat' dir='ltr'><strong><em>adimpletur.</em></strong></span> <span class='ocrx_word' id='word_1_727' title='bbox 2701 4422 2899 4475; x_wconf 88' lang='lat' dir='ltr'><strong><em>Subito</em></strong></span> <span class='ocrx_word' id='word_1_728' title='bbox 2952 4422 3130 4488; x_wconf 90' lang='lat' dir='ltr'><strong><em>enim,</em></strong></span> <span class='ocrx_word' id='word_1_729' title='bbox 3187 4424 3547 4477; x_wconf 89' lang='lat' dir='ltr'><strong><em>cernentibus</em></strong></span> <span class='ocrx_word' id='word_1_730' title='bbox 3592 4441 3731 4478; x_wconf 92' lang='lat' dir='ltr'><strong><em>cun-</em></strong></span> 
     </span>
    </p>
   </div>
   <div class='ocr_carea' id='block_1_97' title="bbox 2026 4508 3729 4579">
    <p class='ocr_par' dir='ltr' id='par_1_97' title="bbox 2026 4508 3729 4579">
     <span class='ocr_line' id='line_1_97' title="bbox 2026 4508 3729 4579; baseline 0.002 -16"><span class='ocrx_word' id='word_1_731' title='bbox 2026 4510 2127 4563; x_wconf 90' lang='lat' dir='ltr'><strong><em>ctis</em></strong></span> <span class='ocrx_word' id='word_1_732' title='bbox 2159 4509 2258 4579; x_wconf 85' lang='lat' dir='ltr'><strong><em>qui</em></strong></span> <span class='ocrx_word' id='word_1_733' title='bbox 2299 4510 2553 4575; x_wconf 88' lang='lat' dir='ltr'><strong><em>aderant,</em></strong></span> <span class='ocrx_word' id='word_1_734' title='bbox 2608 4508 2817 4562; x_wconf 87' lang='lat' dir='ltr'><strong><em>mulier</em></strong></span> <span class='ocrx_word' id='word_1_735' title='bbox 2872 4508 3037 4579; x_wconf 89' lang='lat' dir='ltr'><strong><em>quasi</em></strong></span> <span class='ocrx_word' id='word_1_736' title='bbox 3091 4511 3152 4563; x_wconf 91' lang='lat' dir='ltr'><strong><em>in</em></strong></span> <span class='ocrx_word' id='word_1_737' title='bbox 3209 4512 3410 4565; x_wconf 86' lang='lat' dir='ltr'><strong><em>ecstasi</em></strong></span> <span class='ocrx_word' id='word_1_738' title='bbox 3450 4511 3596 4566; x_wconf 88' lang='lat' dir='ltr'><strong><em>facta</em></strong></span> <span class='ocrx_word' id='word_1_739' title='bbox 3627 4518 3729 4579; x_wconf 89' lang='lat' dir='ltr'><strong><em>est,</em></strong></span> 
     </span>
    </p>
   </div>
   <div class='ocr_carea' id='block_1_98' title="bbox 2026 4595 3733 4671">
    <p class='ocr_par' dir='ltr' id='par_1_98' title="bbox 2026 4595 3733 4671">
     <span class='ocr_line' id='line_1_98' title="bbox 2026 4595 3733 4671; baseline 0.002 -20"><span class='ocrx_word' id='word_1_740' title='bbox 2026 4614 2089 4651; x_wconf 90' lang='lat' dir='ltr'><strong><em>ac</em></strong></span> <span class='ocrx_word' id='word_1_741' title='bbox 2105 4595 2312 4651; x_wconf 90' lang='lat' dir='ltr'><strong><em>deinde</em></strong></span> <span class='ocrx_word' id='word_1_742' title='bbox 2342 4596 2553 4649; x_wconf 89' lang='lat' dir='ltr'><strong><em>sensim</em></strong></span> <span class='ocrx_word' id='word_1_743' title='bbox 2601 4596 2779 4661; x_wconf 87' lang='lat' dir='ltr'><strong><em>nervi,</em></strong></span> <span class='ocrx_word' id='word_1_744' title='bbox 2830 4597 2931 4666; x_wconf 86' lang='lat' dir='ltr'><strong><em>qui</em></strong></span> <span class='ocrx_word' id='word_1_745' title='bbox 2980 4597 3360 4668; x_wconf 88' lang='lat' dir='ltr'><strong><em>diriguerant,</em></strong></span> <span class='ocrx_word' id='word_1_746' title='bbox 3391 4599 3651 4671; x_wconf 90' lang='lat' dir='ltr'><strong><em>dissolvi,</em></strong></span> <span class='ocrx_word' id='word_1_747' title='bbox 3678 4606 3733 4655; x_wconf 90' lang='lat' dir='ltr'><strong><em>et</em></strong></span> 
     </span>
    </p>
   </div>
   <div class='ocr_carea' id='block_1_99' title="bbox 2025 4683 3733 4758">
    <p class='ocr_par' dir='ltr' id='par_1_99' title="bbox 2025 4683 3733 4758">
     <span class='ocr_line' id='line_1_99' title="bbox 2025 4683 3733 4758; baseline 0.002 -20"><span class='ocrx_word' id='word_1_748' title='bbox 2025 4684 2289 4738; x_wconf 89' lang='lat' dir='ltr'><strong><em>universa</em></strong></span> <span class='ocrx_word' id='word_1_749' title='bbox 2340 4683 2594 4753; x_wconf 89' lang='lat' dir='ltr'><strong><em>corporis</em></strong></span> <span class='ocrx_word' id='word_1_750' title='bbox 2637 4684 2897 4738; x_wconf 90' lang='lat' dir='ltr'><strong><em>membra</em></strong></span> <span class='ocrx_word' id='word_1_751' title='bbox 2968 4687 3373 4757; x_wconf 87' lang='lat' dir='ltr'><strong><em>concrepantia</em></strong></span> <span class='ocrx_word' id='word_1_752' title='bbox 3435 4693 3733 4758; x_wconf 60' lang='lat' dir='ltr'><strong><em>coeperunt</em></strong></span> 
     </span>
    </p>
   </div>
   <div class='ocr_carea' id='block_1_100' title="bbox 2024 4771 3731 4847">
    <p class='ocr_par' dir='ltr' id='par_1_100' title="bbox 2024 4771 3731 4847">
     <span class='ocr_line' id='line_1_100' title="bbox 2024 4771 3731 4847; baseline 0.002 -20"><span class='ocrx_word' id='word_1_753' title='bbox 2024 4771 2251 4827; x_wconf 89' lang='lat' dir='ltr'><strong><em>extendi</em></strong></span> <span class='ocrx_word' id='word_1_754' title='bbox 2285 4788 2387 4839; x_wconf 91' lang='lat' dir='ltr'><strong><em>;ac</em></strong></span> <span class='ocrx_word' id='word_1_755' title='bbox 2448 4772 2528 4825; x_wconf 90' lang='lat' dir='ltr'><strong><em>sic</em></strong></span> <span class='ocrx_word' id='word_1_756' title='bbox 2584 4772 2786 4826; x_wconf 86' lang='lat' dir='ltr'><strong><em>ordine</em></strong></span> <span class='ocrx_word' id='word_1_757' title='bbox 2833 4790 2936 4826; x_wconf 90' lang='lat' dir='ltr'><strong><em>suo</em></strong></span> <span class='ocrx_word' id='word_1_758' title='bbox 2971 4779 3088 4827; x_wconf 91' lang='lat' dir='ltr'><strong><em>tota</em></strong></span> <span class='ocrx_word' id='word_1_759' title='bbox 3143 4774 3426 4829; x_wconf 88' lang='lat' dir='ltr'><strong><em>incurvati</em></strong></span> <span class='ocrx_word' id='word_1_760' title='bbox 3472 4777 3731 4847; x_wconf 87' lang='lat' dir='ltr'><strong><em>corporis</em></strong></span> 
     </span>
    </p>
   </div>
   <div class='ocr_carea' id='block_1_101' title="bbox 2022 4860 3731 4931">
    <p class='ocr_par' dir='ltr' id='par_1_101' title="bbox 2022 4860 3731 4931">
     <span class='ocr_line' id='line_1_101' title="bbox 2022 4860 3731 4931; baseline 0.002 -16"><span class='ocrx_word' id='word_1_761' title='bbox 2022 4860 2351 4915; x_wconf 87' lang='lat' dir='ltr'><strong><em>deformitas</em></strong></span> <span class='ocrx_word' id='word_1_762' title='bbox 2375 4860 2436 4914; x_wconf 91' lang='lat' dir='ltr'><strong><em>in</em></strong></span> <span class='ocrx_word' id='word_1_763' title='bbox 2457 4876 2617 4915; x_wconf 90' lang='lat' dir='ltr'><strong><em>suam</em></strong></span> <span class='ocrx_word' id='word_1_764' title='bbox 2655 4861 3140 4931; x_wconf 88' lang='lat' dir='ltr'><strong><em>pulchritudinem</em></strong></span> <span class='ocrx_word' id='word_1_765' title='bbox 3171 4864 3479 4917; x_wconf 86' lang='lat' dir='ltr'><strong><em>reformata</em></strong></span> <span class='ocrx_word' id='word_1_766' title='bbox 3509 4869 3613 4930; x_wconf 89' lang='lat' dir='ltr'><strong><em>est,</em></strong></span> <span class='ocrx_word' id='word_1_767' title='bbox 3673 4869 3731 4919; x_wconf 90' lang='lat' dir='ltr'><strong><em>et</em></strong></span> 
     </span>
    </p>
   </div>
   <div class='ocr_carea' id='block_1_102' title="bbox 2023 4948 3727 5021">
    <p class='ocr_par' dir='ltr' id='par_1_102' title="bbox 2023 4948 3727 5021">
     <span class='ocr_line' id='line_1_102' title="bbox 2023 4948 3727 5021; baseline 0.001 -18"><span class='ocrx_word' id='word_1_768' title='bbox 2023 4948 2231 5003; x_wconf 87' lang='lat' dir='ltr'><strong><em>mulier</em></strong></span> <span class='ocrx_word' id='word_1_769' title='bbox 2260 4953 2467 5015; x_wconf 89' lang='lat' dir='ltr'><strong><em>erecta,</em></strong></span> <span class='ocrx_word' id='word_1_770' title='bbox 2494 4954 2551 5002; x_wconf 90' lang='lat' dir='ltr'><strong><em>et</em></strong></span> <span class='ocrx_word' id='word_1_771' title='bbox 2592 4963 2763 5002; x_wconf 90' lang='lat' dir='ltr'><strong><em>usum</em></strong></span> <span class='ocrx_word' id='word_1_772' title='bbox 2813 4948 3168 5014; x_wconf 89' lang='lat' dir='ltr'><strong><em>ambulandi,</em></strong></span> <span class='ocrx_word' id='word_1_773' title='bbox 3199 4956 3253 5002; x_wconf 90' lang='lat' dir='ltr'><strong><em>et</em></strong></span> <span class='ocrx_word' id='word_1_774' title='bbox 3281 4950 3502 5021; x_wconf 89' lang='lat' dir='ltr'><strong><em>reliqua</em></strong></span> <span class='ocrx_word' id='word_1_775' title='bbox 3534 4966 3727 5004; x_wconf 87' lang='lat' dir='ltr'><strong><em>mem-</em></strong></span> 
     </span>
    </p>
   </div>
   <div class='ocr_carea' id='block_1_103' title="bbox 2021 5036 3727 5109">
    <p class='ocr_par' dir='ltr' id='par_1_103' title="bbox 2021 5036 3727 5109">
     <span class='ocr_line' id='line_1_103' title="bbox 2021 5036 3727 5109; baseline 0.001 -17"><span class='ocrx_word' id='word_1_776' title='bbox 2021 5038 2253 5092; x_wconf 91' lang='lat' dir='ltr'><strong><em>brorum</em></strong></span> <span class='ocrx_word' id='word_1_777' title='bbox 2293 5036 2481 5091; x_wconf 84' lang='lat' dir='ltr'><strong><em>ofﬁcia</em></strong></span> <span class='ocrx_word' id='word_1_778' title='bbox 2533 5052 2662 5090; x_wconf 88' lang='lat' dir='ltr'><strong><em>cum</em></strong></span> <span class='ocrx_word' id='word_1_779' title='bbox 2701 5036 2858 5090; x_wconf 89' lang='lat' dir='ltr'><strong><em>omni</em></strong></span> <span class='ocrx_word' id='word_1_780' title='bbox 2914 5036 3242 5106; x_wconf 84' lang='lat' dir='ltr'><strong><em>integritate</em></strong></span> <span class='ocrx_word' id='word_1_781' title='bbox 3303 5041 3601 5109; x_wconf 84' lang='lat' dir='ltr'><strong><em>reciperet.</em></strong></span> <span class='ocrx_word' id='word_1_782' title='bbox 3666 5040 3727 5093; x_wconf 90' lang='lat' dir='ltr'><strong><em>ld</em></strong></span> 
     </span>
    </p>
   </div>
   <div class='ocr_carea' id='block_1_104' title="bbox 2022 5124 3727 5195">
    <p class='ocr_par' dir='ltr' id='par_1_104' title="bbox 2022 5124 3727 5195">
     <span class='ocr_line' id='line_1_104' title="bbox 2022 5124 3727 5195; baseline -0.001 -14"><span class='ocrx_word' id='word_1_783' title='bbox 2022 5132 2213 5182; x_wconf 90' lang='lat' dir='ltr'><strong><em>autem</em></strong></span> <span class='ocrx_word' id='word_1_784' title='bbox 2263 5126 2575 5180; x_wconf 86' lang='lat' dir='ltr'><strong><em>certissima</em></strong></span> <span class='ocrx_word' id='word_1_785' title='bbox 2641 5124 2754 5179; x_wconf 88' lang='lat' dir='ltr'><strong><em>ﬁde</em></strong></span> <span class='ocrx_word' id='word_1_786' title='bbox 2819 5124 3115 5195; x_wconf 88' lang='lat' dir='ltr'><strong><em>cognitum</em></strong></span> <span class='ocrx_word' id='word_1_787' title='bbox 3170 5129 3275 5190; x_wconf 84' lang='lat' dir='ltr'><strong><em>est,</em></strong></span> <span class='ocrx_word' id='word_1_788' title='bbox 3349 5125 3727 5180; x_wconf 89' lang='lat' dir='ltr'><strong><em>referentibus</em></strong></span> 
     </span>
    </p>
   </div>
   <div class='ocr_carea' id='block_1_105' title="bbox 2020 5212 3729 5284">
    <p class='ocr_par' dir='ltr' id='par_1_105' title="bbox 2020 5212 3729 5284">
     <span class='ocr_line' id='line_1_105' title="bbox 2020 5212 3729 5284; baseline -0.002 -14"><span class='ocrx_word' id='word_1_789' title='bbox 2020 5215 2156 5270; x_wconf 91' lang='lat' dir='ltr'><strong><em>boni</em></strong></span> <span class='ocrx_word' id='word_1_790' title='bbox 2187 5213 2499 5269; x_wconf 90' lang='lat' dir='ltr'><strong><em>testimonii</em></strong></span> <span class='ocrx_word' id='word_1_791' title='bbox 2545 5212 2836 5279; x_wconf 86' lang='lat' dir='ltr'><strong><em>fratribus,</em></strong></span> <span class='ocrx_word' id='word_1_792' title='bbox 2890 5213 2989 5284; x_wconf 88' lang='lat' dir='ltr'><strong><em>qui</em></strong></span> <span class='ocrx_word' id='word_1_793' title='bbox 3030 5218 3342 5283; x_wconf 69' lang='lat' dir='ltr'><strong><em>praesentes</em></strong></span> <span class='ocrx_word' id='word_1_794' title='bbox 3378 5214 3513 5267; x_wconf 89' lang='lat' dir='ltr'><strong><em>huic</em></strong></span> <span class='ocrx_word' id='word_1_795' title='bbox 3560 5215 3729 5268; x_wconf 89' lang='lat' dir='ltr'><strong><em>mira-</em></strong></span> 
     </span>
    </p>
   </div>
   <div class='ocr_carea' id='block_1_106' title="bbox 2021 5307 3315 5364">
    <p class='ocr_par' dir='ltr' id='par_1_106' title="bbox 2021 5307 3315 5364">
     <span class='ocr_line' id='line_1_106' title="bbox 2021 5307 3315 5364; baseline -0.001 -1"><span class='ocrx_word' id='word_1_796' title='bbox 2021 5311 2150 5364; x_wconf 90' lang='lat' dir='ltr'><strong><em>culo</em></strong></span> <span class='ocrx_word' id='word_1_797' title='bbox 2179 5325 2238 5363; x_wconf 89' lang='lat' dir='ltr'><strong><em>se</em></strong></span> <span class='ocrx_word' id='word_1_798' title='bbox 2264 5308 2589 5363; x_wconf 83' lang='lat' dir='ltr'><strong><em>interfuisse</em></strong></span> <span class='ocrx_word' id='word_1_799' title='bbox 2619 5314 2678 5362; x_wconf 89' lang='lat' dir='ltr'><strong><em>et</em></strong></span> <span class='ocrx_word' id='word_1_800' title='bbox 2703 5308 2913 5362; x_wconf 89' lang='lat' dir='ltr'><strong><em>vidisse</em></strong></span> <span class='ocrx_word' id='word_1_801' title='bbox 2943 5307 3133 5362; x_wconf 88' lang='lat' dir='ltr'><strong><em>testati</em></strong></span> <span class='ocrx_word' id='word_1_802' title='bbox 3164 5312 3315 5362; x_wconf 89' lang='lat' dir='ltr'><strong><em>sunt.</em></strong></span> 
     </span>
    </p>
   </div>
   <div class='ocr_carea' id='block_1_107' title="bbox 2112 5396 3723 5468">
    <p class='ocr_par' dir='ltr' id='par_1_107' title="bbox 2112 5396 3723 5468">
     <span class='ocr_line' id='line_1_107' title="bbox 2112 5396 3723 5468; baseline -0.001 -16"><span class='ocrx_word' id='word_1_803' title='bbox 2112 5401 2163 5452; x_wconf 90' lang='lat'><strong><em>3.</em></strong></span> <span class='ocrx_word' id='word_1_804' title='bbox 2211 5398 2403 5468; x_wconf 88' lang='lat' dir='ltr'><strong><em>Neque</em></strong></span> <span class='ocrx_word' id='word_1_805' title='bbox 2473 5397 2579 5451; x_wconf 89' lang='lat' dir='ltr'><strong><em>hoc</em></strong></span> <span class='ocrx_word' id='word_1_806' title='bbox 2659 5396 3067 5468; x_wconf 88' lang='lat' dir='ltr'><strong><em>negligendum</em></strong></span> <span class='ocrx_word' id='word_1_807' title='bbox 3120 5400 3217 5449; x_wconf 87' lang='lat' dir='ltr'><strong><em>aut</em></strong></span> <span class='ocrx_word' id='word_1_808' title='bbox 3296 5396 3522 5450; x_wconf 90' lang='lat' dir='ltr'><strong><em>silentio</em></strong></span> <span class='ocrx_word' id='word_1_809' title='bbox 3574 5412 3723 5467; x_wconf 68' lang='lat' dir='ltr'><strong><em>prae-</em></strong></span> 
     </span>
    </p>
   </div>
   <div class='ocr_carea' id='block_1_108' title="bbox 2017 5484 3723 5556">
    <p class='ocr_par' dir='ltr' id='par_1_108' title="bbox 2017 5484 3723 5556">
     <span class='ocr_line' id='line_1_108' title="bbox 2017 5484 3723 5556; baseline -0.001 -16"><span class='ocrx_word' id='word_1_810' title='bbox 2017 5486 2364 5540; x_wconf 89' lang='lat' dir='ltr'><strong><em>tereundum</em></strong></span> <span class='ocrx_word' id='word_1_811' title='bbox 2395 5485 2638 5552; x_wconf 88' lang='lat' dir='ltr'><strong><em>videtur,</em></strong></span> <span class='ocrx_word' id='word_1_812' title='bbox 2673 5486 2825 5556; x_wconf 88' lang='lat' dir='ltr'><strong><em>quod</em></strong></span> <span class='ocrx_word' id='word_1_813' title='bbox 2882 5484 3196 5555; x_wconf 88' lang='lat' dir='ltr'><strong><em>antiquitas</em></strong></span> <span class='ocrx_word' id='word_1_814' title='bbox 3251 5485 3503 5551; x_wconf 89' lang='lat' dir='ltr'><strong><em>tradidit,</em></strong></span> <span class='ocrx_word' id='word_1_815' title='bbox 3536 5490 3595 5539; x_wconf 89' lang='lat' dir='ltr'><strong><em>et</em></strong></span> <span class='ocrx_word' id='word_1_816' title='bbox 3624 5500 3723 5538; x_wconf 82' lang='lat' dir='ltr'><strong><em>ve-</em></strong></span> 
     </span>
    </p>
   </div>
   <div class='ocr_carea' id='block_1_109' title="bbox 2018 5573 3722 5628">
    <p class='ocr_par' dir='ltr' id='par_1_109' title="bbox 2018 5573 3722 5628">
     <span class='ocr_line' id='line_1_109' title="bbox 2018 5573 3722 5628; baseline -0.001 -1"><span class='ocrx_word' id='word_1_817' title='bbox 2018 5574 2195 5628; x_wconf 90' lang='lat' dir='ltr'><strong><em>ridica</em></strong></span> <span class='ocrx_word' id='word_1_818' title='bbox 2240 5573 2518 5628; x_wconf 86' lang='lat' dir='ltr'><strong><em>relatione</em></strong></span> <span class='ocrx_word' id='word_1_819' title='bbox 2574 5574 2885 5627; x_wconf 88' lang='lat' dir='ltr'><strong><em>multorum</em></strong></span> <span class='ocrx_word' id='word_1_820' title='bbox 2926 5573 3218 5627; x_wconf 65' lang='lat' dir='ltr'><strong><em>memoria:</em></strong></span> <span class='ocrx_word' id='word_1_821' title='bbox 3266 5573 3722 5628; x_wconf 84' lang='lat' dir='ltr'><strong><em>commendavit.</em></strong></span> 
     </span>
    </p>
   </div>
  </div>
