3938 6316
267 328 357 379 131
1569 316 1622 368 S.
1669 311 1956 369 HENRICI
1998 309 2465 365 IMPERATORIS

3672 308 3775 359 l3?

256 446 497 510 Quidam
557 442 801 498 aedituus
847 440 905 495 in
957 440 1159 494 ordine
1208 438 1350 513 laico
1403 437 1469 491 ad
1508 434 1820 489 custodiam
1865 449 1952 486 θαι
1985 436 2024 486 Α
2072 432 2138 485 ad
2173 433 2461 485 dexteram
2526 430 2730 493 Patris,
2764 430 2968 483 eodem
3030 428 3293 483 invocato
3338 428 3637 495 miraculo,
3671 444 3782 498 per

256 534 439 587 clesiaz
468 532 792 601 deputatus,
825 528 991 582 furtis
1021 528 1193 597 coepit
1249 539 1632 582 consuescere,
1668 528 1725 575 et
1754 521 1809 574 in
1834 520 1956 589 ipsa

256 620 514 685 ecclesia,
547 632 925 689 quaecumque
975 620 1217 685 poterat,
1271 613 1526 666 clanculo
1576 608 1951 664 decrustahat.

256 709 363 763 Sed
397 706 879 778 quemadmodum
910 703 1075 757 bonis
1097 703 1195 756 Dei
1230 702 1375 753 male
1411 698 1643 763 utendo,
1679 697 1810 750 mali
1833 696 1956 765 ipsa

258 798 412 851 bona
462 795 583 859 Dei,
640 797 918 863 quantum
974 792 1031 843 in
1090 806 1147 842 se.
1196 795 1296 854 est,
1351 785 1775 857 quodammodo
1820 802 1957 838 con-

258 887 489 936 vertunt
528 882 645 933 imo
700 882 1032 949 pervertunt
1079 876 1139 929 in
1195 876 1452 939 malum;
1501 874 1575 925 ita
1607 889 1637 925 e
1669 874 1953 925 contrario

259 986 517 1023 summus
566 968 763 1022 artifex
796 966 944 1019 mala
975 964 1255 1018 malorum
1311 962 1656 1032 quandoque
1693 960 1864 1013 etiam
1895 961 1955 1011 in

255 1057 473 1110 bonum
513 1054 793 1108 convertit
824 1053 1104 1122 ipsorum.
1160 1053 1228 1104 Ut
1260 1050 1415 1103 enim
1464 1050 1529 1103 ad
1593 1048 1951 1119 propositum

256 1145 579 1207 redeamus,
612 1143 705 1194 ille
733 1141 1034 1210 praedictus
1089 1138 1483 1191 ecclesiasticae.
1531 1136 1799 1189 custodiae
1855 1135 1953 1188 de—

258 1237 516 1303 putatur,
549 1246 676 1284 cum
703 1229 821 1298 jam
849 1227 1048 1281 inolita
1090 1227 1357 1279 vitiorum
1417 1223 1829 1277 consuetudine
1858 1222 1955 1292 ip-

253 1336 373 1374 sam
421 1317 825 1372 consuetudine
886 1314 1155 1386 peccandi
1212 1313 1320 1367 sibi
1398 1313 1560 1384 quasi
1629 1312 1813 1381 legem
1871 1313 1955 1364 fe-

253 1409 440 1467 cisset,
519 1404 959 1459 misericorditer
1015 1420 1048 1456 a
1128 1402 1370 1456 Domino
1440 1400 1700 1453 visitatus
1783 1405 1954 1470 atque

255 1498 551 1563 cerreptus
582 1497 683 1559 est,
725 1494 887 1560 juxta
911 1490 1100 1544 illud:
1148 1490 1206 1544 Si
1250 1489 1504 1560 justitias
1551 1504 1709 1541 meas
1762 1488 1954 1557 profa-

255 1583 538 1646 naverint,
575 1587 631 1635 et
653 1581 920 1634 mandata
943 1595 1068 1632 mea
1128 1595 1241 1631 non
1287 1576 1681 1642 custodierint,
1716 1576 1954 1630 visitabo

255 1672 313 1725 in
344 1672 506 1740 virga
534 1669 864 1739 iniquitates
894 1682 1112 1733 eorum,
1158 1671 1212 1719 et
1263 1665 1321 1719 in
1354 1664 1685 1718 verberibus
1727 1669 1952 1734 peccata

255 1775 473 1813 eorum.
538 1759 709 1811 Nocte
740 1756 917 1826 igitur
962 1754 1231 1826 quadam,
1274 1755 1408 1807 dum
1456 1753 1515 1805 in
1570 1751 1694 1821 ipsa
1720 1752 1953 1805 ecclesia

252 1861 521 1899 somnum
571 1848 820 1913 caperet,
866 1858 1062 1895 servus
1093 1842 1191 1895 Dei
1240 1846 1468 1911 aspectu
1526 1840 1799 1893 terribilis
1868 1841 1950 1894 illi

254 1934 542 2004 apparuit,
578 1932 676 2002 qui
699 1936 752 1985 et
785 1947 983 2000 aspere
1030 1931 1285 1983 invectus
1310 1930 1368 1982 in
1417 1944 1547 1982 eum
1581 1929 1723 1981 dixit
1764 1945 1776 1981 :
1810 1928 1949 1998 Spe-

253 2023 364 2075 cies
395 2021 605 2091 decipit
632 2026 708 2083 te,
741 2023 798 2072 et
822 2018 1276 2088 concupiscentia
1312 2017 1584 2071 subvertit
1626 2033 1723 2069 cor
1760 2022 1946 2083 tuum,

253 2111 435 2174 Quare
475 2109 582 2162 hoc
603 2113 659 2160 et
695 2107 803 2159 hoc
852 2106 1081 2159 fecisti?
1134 2104 1283 2159 Scito
1335 2105 1469 2175 quia
1526 2120 1644 2158 rem
1690 2106 1949 2175 iniquam

254 2202 522 2269 operatus
553 2213 631 2249 es.
666 2196 776 2249 Hoc
801 2194 969 2258 dicto,
1002 2194 1165 2247 illum
1188 2193 1257 2247 de
1288 2198 1467 2247 stratu
1498 2210 1602 2246 suo
1653 2193 1949 2263 protraxit,

254 2292 311 2339 et
344 2284 539 2338 multis
556 2282 887 2336 verberibus
916 2298 1148 2345 cassum,
1206 2286 1570 2336 cruentatum
1619 2281 1945 2351 dereliquit.

254 2374 381 2426 Haec
435 2371 669 2442 quidem
718 2369 1008 2422 somnians
1052 2369 1301 2438 pertulit,
1363 2368 1464 2420 sed
1518 2368 1948 2437 expergefactus

250 2462 415 2530 signa
445 2460 743 2530 plagarum
813 2457 1095 2510 evidentia
1172 2457 1601 2521 demonstravit,
1661 2463 1719 2509 et
1779 2456 1949 2509 verba

248 2548 548 2601 verberum
603 2544 958 2615 argumentis
1004 2543 1411 2613 comprobavit.
1473 2544 1683 2598 Taliter
1743 2546 1815 2599 ab
1845 2544 1947 2597 im-

249 2636 403 2690 mani
424 2634 743 2705 praecipitio
787 2637 1083 2696 retractus,
1142 2632 1292 2685 idem
1325 2632 1447 2701 ipse
1495 2632 1859 2700 postmodum
1888 2633 1945 2685 in

248 2740 350 2777 suo
401 2721 717 2776 ministerio
772 2736 955 2790 usque
1009 2719 1079 2773 ad
1140 2721 1551 2789 provectiorem
1605 2725 1829 2773 aetatem
1888 2722 1943 2774 in

248 2812 483 2865 ecclesia
510 2808 841 2880 permansit,
893 2815 950 2862 et
996 2808 1054 2861 in
1085 2809 1207 2877 ejus
1244 2810 1595 2861 correctione
1629 2810 1792 2861 multi
1822 2824 1945 2861 cor-

248 2900 385 2953 recti
415 2905 566 2965 sunt,
601 2897 986 2967 gloriﬁcantes
1014 2898 1216 2953 Deum.
1264 2896 1365 2966 qui
1394 2913 1497 2964 per
1524 2911 1749 2949 servum
1780 2913 1946 2949 suum

2066 522 2269 574 merita
2298 519 2488 574 dilecti
2528 519 2635 584 sui,
2671 518 2987 587 supplicem
3047 518 3219 571 istum
3274 516 3554 571 liberavit.
3587 517 3778 571 Sanus

2065 610 2332 679 equidem
2368 609 2435 661 ab
2473 607 2734 660 oratione
2774 608 3042 670 surrexit,
3098 614 3156 659 et
3206 608 3385 659 Deum
3436 605 3780 675 propitiato-

2065 714 2185 751 rem
2219 697 2279 750 in
2325 694 2871 749 commemoratione
2917 695 3106 747 Sancti
3138 694 3224 747 sui
3268 694 3622 764 gloriﬁcavit.
3660 691 3782 747 Cla-

2062 802 2193 840 mor
2243 785 2307 839 ad
2365 786 2565 837 caelum
2611 782 2871 836 attolitur
2916 788 2973 836 et
3025 799 3155 836 cum
3206 784 3397 837 debita
3452 783 3775 853 gratiarum

2063 875 2286 927 actione
2318 873 2566 942 hymnus
2599 870 2798 941 gloria:
2816 870 3201 941 omnipotenti
3234 871 3349 925 Deo
3380 870 3450 925 ab
3489 870 3776 924 universis

2063 962 2453 1016 assistentibus
2483 960 2833 1013 decantatur.

2133 1053 2184 1103 6.
2274 1050 2389 1104 Hoc
2462 1064 2692 1120 quoque
2756 1046 3174 1100 successoribus
3237 1046 3445 1100 nostris
3513 1045 3770 1100 indicare

2062 1138 2407 1202 curavimus,
2457 1137 2609 1208 quod
2658 1137 2717 1189 in
2764 1134 2964 1189 diebus
3019 1135 3400 1205 Rogationum
3448 1134 3521 1189 ad
3569 1135 3771 1205 sepul-

2062 1244 2223 1280 crum
2273 1226 2531 1297 praedicti
2571 1223 2928 1279 Confessoris
2970 1224 3277 1294 contigisse
3325 1223 3601 1276 veraciter
3628 1239 3769 1292 cog-

2061 1316 2344 1371 novimus.
2387 1314 2627 1378 Quidam
2696 1312 2851 1366 enim
2890 1312 3151 1366 sacerdos
3208 1328 3336 1365 cum
3384 1313 3597 1382 populo
3645 1328 3768 1365 suae.

2063 1402 2455 1475 procurationi
2514 1400 2819 1455 commisso
2863 1400 2921 1454 in
2970 1400 3170 1454 diebus
3207 1401 3592 1470 Rogationum
3640 1416 3772 1453 cru-

2064 1509 2186 1547 cem
2218 1508 2348 1548 cum
2408 1489 2639 1560 hymnis
2692 1494 2749 1543 et
2798 1488 3033 1543 canticis
3064 1489 3129 1543 ad
3182 1489 3599 1543 monasterium
3650 1488 3771 1541 sci-

2065 1582 2192 1635 licet
2224 1579 2401 1633 sancti
2451 1578 2599 1632 Petri
2631 1582 2687 1630 et
2733 1577 2786 1631 S.
2831 1577 3059 1645 Georgii
3118 1577 3409 1631 deferebat
3439 1593 3452 1631 :
3486 1593 3614 1630 cum
3648 1594 3770 1646 quo

2063 1670 2294 1740 quidam
2350 1683 2550 1731 cmcus,
2598 1666 2830 1719 alterius
2884 1681 3056 1718 manu
3115 1666 3339 1726 ductus,
3387 1664 3670 1718 veniebat.
3714 1666 3772 1718 Is

2063 1774 2192 1811 cum
2238 1757 2306 1810 ad
2349 1756 2675 1825 sepulcrum
2735 1753 3083 1808 Confessoris
3132 1753 3339 1807 Christi
3396 1753 3663 1814 venisset,
3701 1769 3771 1806 ex

2061 1851 2184 1900 toto
2235 1845 2403 1898 corde
2448 1860 2551 1897 suo
2597 1842 2815 1912 rogavit
2865 1846 3123 1894 sanctum
3173 1841 3521 1907 Heinricum,
3570 1846 3635 1894 ut
3664 1857 3775 1911 per

2062 1935 2185 2005 ejus
2232 1935 2639 1997 interventum,
2689 1932 3083 1984 restitueretur
3133 1930 3184 1983 ei
3218 1931 3411 1983 lumen
3444 1930 3768 1984 oculorum.

2062 2026 2318 2093 Cumque
2350 2021 2446 2076 diu
2478 2020 2743 2090 precibus
2773 2024 2827 2071 et
2857 2019 3122 2088 lacrymis
3153 2019 3405 2087 pulsaret
3432 2018 3501 2073 ad
3553 2019 3767 2072 ostium

2061 2113 2140 2183 pii
2171 2110 2545 2177 Confessoris,
2590 2108 2807 2160 cunctis
2847 2106 3169 2160 videntibus
3216 2113 3275 2159 et
3314 2107 3372 2159 iu
3406 2106 3629 2160 laudem
3667 2107 3770 2160 Dei

2061 2198 2524 2264 acclamantibus,
2585 2195 2841 2249 redditus
2892 2199 2976 2247 est
3044 2193 3095 2246 ei
3152 2194 3306 2247 visus
3368 2210 3471 2263 per
3517 2193 3765 2264 gratiam

2059 2284 2503 2356 Omnipotentis.
2558 2285 2625 2337 Et
2671 2284 2884 2336 mirum
2950 2282 3008 2335 in
3061 2281 3317 2348 modum,
3380 2282 3477 2352 qui
3527 2282 3770 2336 alterius

2059 2390 2234 2428 manu
2260 2375 2459 2427 ductus
2506 2386 2729 2424 crucem
2786 2369 3012 2423 Domini
3046 2374 3292 2436 secutus,
3342 2369 3527 2422 fuerat
3555 2385 3765 2437 caecus,

2058 2463 2229 2517 modo
2269 2461 2518 2533 propriis
2568 2458 2831 2513 manibus
2884 2474 3108 2511 crucem
3180 2458 3369 2511 ferens
3445 2474 3572 2511 cum
3634 2459 3764 2511 lau-

2057 2553 2223 2606 dibus
2280 2549 2507 2613 Christi,
2530 2547 2745 2618 populo
2776 2548 3013 2600 domum
3049 2546 3308 2599 redeunti
3337 2547 3568 2599 ductum
3618 2562 3771 2615 prte-

2056 2640 2181 2695 buit
2208 2638 2593 2693 illuminatus.

2130 2733 2180 2781 7.
2214 2727 2381 2780 Aliud
2430 2739 2659 2795 quoque
2714 2722 2923 2777 divina:
2986 2720 3212 2774 virtutis
3279 2721 3619 2774 miraculum
3680 2738 3774 2774 ce-

2057 2814 2201 2869 lebri
2254 2812 2798 2867 commemoratione
2848 2816 2905 2864 et
2962 2814 3113 2863 certa
3164 2809 3277 2862 tide
3326 2809 3617 2877 cognitum
3655 2813 3769 2863 est.

2059 2904 2189 2956 Erat
2254 2900 2484 2970 quidam
2541 2898 2847 2969 languidus
2884 2898 3006 2968 ipsa
3071 2897 3131 2950 in
3192 2897 3418 2950 civitate
3494 2897 3770 2950 omnibus

241 2987 361 3055 jam
415 2991 754 3040 coronatum
810 2985 870 3038 in
926 2984 1081 3038 caelis
1136 2984 1274 3038 talia
1321 2989 1592 3054 operatur
1648 2984 1834 3037 adhuc
1889 2984 2020 3045 inC
2057 2989 2342 3059 cognitus,
2387 2987 2549 3057 cujus
2596 2985 2869 3040 inferiora
2895 2984 3088 3039 omnia
3144 3001 3177 3038 a
3221 2985 3428 3038 lumbis
3503 2990 3558 3038 et
3613 2986 3769 3038 infra

246 3076 431 3127 terris.

246 3166 256 3175 '
318 3162 352 3215 4
407 3161 665 3225 Quadam
721 3160 841 3213 vice
904 3159 1123 3213 incerto
1180 3175 1308 3212 casu
1357 3158 1581 3211 cuidam
1627 3158 1851 3221 accidit,
1884 3164 1947 3213 ut

247 3249 563 3303 dissociatis
640 3248 711 3301 ab
798 3247 1041 3301 invicem
1128 3246 1484 3299 naturalibus
1526 3246 1944 3312 instrumentis,

246 3337 577 3391 mandibula
606 3336 730 3389 loco
784 3352 886 3389 suo
921 3335 1158 3399 dimota,
1191 3339 1248 3388 et
1306 3332 1419 3386 oris
1462 3332 1771 3403 impediret
1817 3334 1947 3388 ofﬁ-

246 3424 422 3490 cium,
454 3431 511 3479 et
547 3424 868 3477 naturalem
923 3422 1162 3477 humani
1218 3422 1436 3475 decoris
1469 3422 1946 3491 compositionem

246 3512 585 3566 deformare.
640 3512 879 3576 Doloris,
936 3515 993 3562 et
1051 3508 1433 3563 deformitatis
1482 3509 1781 3564 accedebat
1822 3527 1945 3564 mo-

244 3600 430 3666 lestia,
488 3616 660 3671 quam
716 3599 1069 3670 perpendere
1114 3598 1171 3650 in
1203 3597 1314 3650 alio
1380 3597 1678 3651 commode
1734 3599 1943 3653 valebi-

248 3704 394 3751 mus,
429 3688 477 3742 si
526 3687 595 3741 ad
643 3687 822 3741 nostri
885 3686 1143 3755 corporis
1202 3684 1592 3739 infirmitatem
1638 3686 1831 3740 animo
1864 3704 1947 3741 re-

247 3792 563 3831 curremus.
620 3776 849 3830 Talibus
919 3773 1337 3827 circumventus
1390 3773 1767 3828 incommodis
1832 3777 1944 3829 cla-

246 3865 422 3918 mavit
450 3865 519 3918 ad
552 3864 881 3929 Dominum,
918 3867 972 3916 et
997 3862 1204 3915 divinas
1238 3862 1465 3931 pietatis
1518 3862 1795 3916 obnoxius
1834 3864 1944 3917 im-

247 3952 491 4021 ploravit
549 3952 846 4006 auxilium.
902 3951 971 4004 Ut
1023 3965 1160 4019 ergo
1215 3966 1390 4020 opera
1450 3951 1550 4004 Dei
1616 3951 1943 4005 manifesta-

245 4045 444 4094 rentur
467 4040 526 4093 in
552 4039 675 4107 illo,
722 4037 917 4092 multis
952 4037 1344 4091 assistentibus
1402 4042 1456 4091 et
1501 4038 1846 4105 videntibus,
1871 4040 1942 4094 ad

246 4128 505 4182 tumbam
532 4126 686 4180 Beati
730 4125 981 4191 accessit,
1039 4130 1094 4179 et
1121 4126 1302 4196 capite
1331 4126 1792 4197 superimposito,
1823 4131 1941 4182 tam

247 4217 345 4270 diu
388 4215 652 4285 precibus
708 4212 933 4274 institit.
978 4214 1350 4285 quoadusque
1390 4231 1492 4285 per
1547 4215 1753 4268 merita
1793 4215 1939 4269 servi

246 4305 346 4357 Dei
400 4303 721 4361 sanitatem,
801 4317 972 4372 quam
1033 4302 1408 4364 desiderabat,
1466 4303 1704 4373 accepit.

244 4393 399 4446 enim
432 4392 459 4447 'i
488 4390 877 4445 Necessarium
919 4391 1073 4445 enim
1131 4396 1217 4445 est
1268 4394 1346 4458 ut,
1382 4391 1481 4462 qui
1536 4392 1781 4446 Domino
1814 4393 1944 4446 uni-

243 4494 421 4534 versae
447 4484 719 4532 creaturae
766 4478 1059 4546 obediunt,
1118 4480 1229 4533 illis
1276 4485 1535 4533 creatura
1564 4481 1751 4534 omnis
1776 4482 1944 4535 certis

243 4567 465 4637 legibus
496 4567 736 4621 rationis
766 4583 867 4638 per
913 4567 1322 4638 omnipotentis
1355 4569 1453 4622 Dei
1513 4568 1779 4623 virtutem
1811 4570 1944 4623 obe-

244 4655 380 4709 diat.

316 4746 367 4796 ‘5.
428 4744 568 4796 Item
617 4743 676 4797 in
736 4743 847 4796 alio
897 4747 1158 4812 tempore
1216 4742 1518 4811 contigisse
1589 4744 1646 4797 in
1704 4744 1940 4800 veritate

244 4830 585 4897 audivimus,
618 4836 683 4885 ut
732 4831 966 4901 quidam
997 4847 1029 4883 a
1075 4830 1324 4900 paralysi
1360 4846 1539 4901 usque
1594 4833 1735 4886 adeo
1770 4850 1939 4888 vexa-

242 4925 419 4985 retur,
455 4923 513 4972 ut
570 4919 772 4973 exinde
831 4935 1000 4972 usum
1056 4918 1275 4972 brachii
1355 4919 1739 4987 perdidisset:
1796 4927 1939 4975 nutu

240 5009 433 5062 divino
481 5008 807 5062 admonitus
864 5013 948 5061 est
1002 5012 1067 5060 ut
1111 5007 1179 5061 ad
1213 5006 1564 5076 sepulturam
1596 5008 1787 5063 Sancti
1818 5026 1938 5063 cor-

241 5097 397 5165 poris
458 5096 771 5163 accederet,
840 5101 896 5149 et
940 5099 1258 5165 prostratus
1338 5095 1397 5148 in
1477 5095 1753 5163 oratione,
1838 5097 1939 5150 Dei

244 5185 661 5256 omnipotentis
717 5183 1169 5238 misericordiam
1221 5200 1323 5254 per
1362 5184 1678 5238 beatissimi
1707 5184 1811 5237 viri
1839 5184 1940 5237 ibi-

245 5281 373 5334 dem
429 5280 838 5352 requiescentis
907 5279 1111 5334 merita
1164 5279 1469 5335 invocaret.
1547 5282 1684 5335 Toto
1744 5280 1937 5350 itaque

238 5384 476 5437 corpore
498 5375 816 5439 prostratus
868 5368 1216 5423 orationibus
1272 5368 1553 5422 incubuit.
1584 5368 1730 5431 Quid
1762 5368 1937 5437 ergo?

241 5456 494 5510 Christus
528 5458 702 5512 Filius
753 5457 873 5525 Dei,
928 5456 1028 5528 qui
1074 5473 1243 5527 super
1272 5463 1483 5511 terram
1516 5456 1780 5524 gradiens
1822 5472 1936 5510 ma-

243 5559 382 5597 num
412 5544 631 5599 aridam
682 5544 990 5600 habentem
1024 5546 1239 5599 sanavit
1288 5562 1301 5612 ;
1334 5546 1488 5601 idem
1550 5559 1704 5599 nunc
1729 5543 1935 5600 sedens

1793 4303 1939 4368 Quid
1972 4272 2014 4326 θ

2059 3078 2296 3130 omnino
2351 3080 2700 3146 praemortua
2742 3074 2993 3136 fuerunt,
3041 3072 3180 3125 adeo
3239 3077 3303 3123 ut
3351 3086 3455 3123 nec
3520 3068 3767 3139 pedibus

2058 3167 2177 3220 solo
2215 3165 2321 3219 niti
2376 3165 2610 3230 valeret,
2662 3162 2761 3216 sed
2824 3162 3205 3215 instrumento
3273 3159 3498 3213 cuidam
3553 3158 3766 3209 rotulis

2058 3261 2306 3325 quatuor
2334 3257 2594 3324 coaptato
2653 3251 2936 3322 pendulus
2982 3247 3315 3312 inhaerebat,
3378 3247 3580 3316 suique
3628 3261 3765 3298 cor-

2054 3342 2210 3413 poris
2243 3342 2453 3395 molem
2506 3340 2772 3394 manibus
2821 3338 3066 3409 propriis
3122 3353 3227 3407 pro
3270 3335 3642 3406 possibilitate
3668 3350 3765 3386 ar-

2056 3429 2223 3485 tiﬁcis
2246 3430 2554 3483 volutabat.
2599 3429 2754 3483 Idem
2810 3428 3059 3481 loculum
3115 3424 3459 3478 sanctissimi
3503 3422 3763 3492 corporis

2055 3518 2412 3590 frequentius
2457 3517 2688 3570 visitare
2738 3515 2961 3569 solebat
2992 3532 3004 3569 :
3040 3518 3095 3568 et
3143 3530 3246 3584 per
3291 3514 3387 3567 Dei
3424 3512 3763 3567 misericor-

2056 3607 2231 3675 diam,
2280 3608 2349 3661 ad
2403 3605 2739 3660 celebranda
2793 3604 2940 3658 servi
2996 3604 3081 3657 sui
3126 3603 3351 3669 merita,
3383 3607 3600 3655 tantam
3633 3617 3765 3671 gra-

2053 3697 2191 3749 tiam
2249 3700 2332 3749 est
2386 3698 2740 3758 consecutus,
2791 3697 2855 3746 ut
2912 3692 3171 3746 membra
3226 3695 3578 3761 praemortua
3622 3690 3764 3744 vivi-

2056 3784 2379 3845 ficarentur,
2416 3800 2480 3836 ac
2516 3781 2722 3836 deinde
2782 3781 2998 3835 baculis
3046 3786 3291 3851 utroque
3348 3780 3589 3834 humero
3622 3795 3763 3849 sup-

2055 3873 2274 3943 positis,
2324 3872 2566 3943 pedibus
2618 3876 2829 3925 terram
2894 3875 3158 3941 tangeret
3219 3875 3274 3923 et
3324 3874 3543 3923 erectus
3603 3868 3762 3922 ince-

2054 3963 2232 4015 deret.

2123 4053 2173 4105 8.
2227 4048 2510 4103 Modernis
2567 4048 2734 4102 etiam
2797 4047 3153 4117 temporibus
3229 4045 3459 4117 quidam
3528 4049 3761 4099 contra-

2051 4143 2193 4204 ctus,
2219 4137 2353 4208 quia
2400 4137 2586 4192 adhuc
2644 4137 2705 4189 in
2755 4152 2925 4189 carne
2980 4138 3261 4206 superest,
3300 4134 3357 4187 in
3410 4134 3609 4187 eodem
3633 4134 3761 4186 loco

2052 4231 2287 4279 sanatus
2314 4229 2417 4290 est,
2475 4229 2532 4278 et
2582 4225 2905 4278 naturalem
2937 4239 3105 4278 usum
3155 4222 3486 4277 ambulandi
3516 4222 3756 4292 recepit.

2058 4316 2267 4367 Praeter
2336 4313 2459 4367 hac
2521 4313 2703 4366 multa
2772 4312 2883 4365 alia
2946 4311 3259 4366 sanctitatis
3313 4315 3649 4381 argumenta
3696 4316 3761 4364 et

2055 4401 2448 4471 experimenta
2520 4400 2853 4471 frequenter
2938 4400 2997 4454 in
3081 4399 3283 4454 eodem
3368 4400 3490 4452 loco
3578 4401 3754 4452 sunt:

2054 4489 2268 4544 debiles
2324 4488 2525 4551 curati,
2582 4488 2714 4542 caeci
2793 4488 3144 4555 illuminati;
3204 4488 3499 4542 daemones
3545 4501 3612 4539 ex
3656 4486 3760 4539 ob-

2051 4578 2218 4631 sessis
2250 4577 2587 4647 corporibus
2625 4576 2925 4631 visibiliter
2956 4576 3135 4647 fugati
3171 4592 3184 4629 :
3221 4574 3385 4629 multi
3418 4591 3483 4627 ex
3517 4573 3758 4627 diversis

2050 4666 2477 4719 inﬁrmitatibus
2524 4665 2741 4720 ibidem
2792 4665 3255 4735 frequentissime
3323 4663 3549 4717 liberati
3598 4666 3753 4727 sunt,

2052 4754 2290 4807 Domino
2347 4753 2707 4818 testiﬁcante,
2791 4759 3007 4825 quanta
3064 4754 3400 4807 Sanctorum
3460 4750 3643 4821 gloria
3694 4750 3759 4804 in

2050 4843 2202 4894 caelis
2260 4841 2353 4911 sit,
2412 4858 2557 4912 quos
2628 4842 2804 4896 tantis
2864 4842 3276 4896 miraculorum
3334 4839 3641 4893 virtutibus
3693 4838 3758 4894 in

2049 4929 2216 4982 terris
2273 4946 2570 4984 coruscare
2621 4930 2927 4985 concedit:
2961 4947 3032 4983 ne
3086 4929 3238 4999 apud
3308 4928 3572 4983 homines
3626 4927 3758 4982 loco

2048 5017 2254 5071 humili
2296 5023 2620 5085 teneantur,
2687 5018 2788 5089 qui
2845 5019 2995 5089 apud
3054 5019 3236 5072 Deum
3293 5016 3512 5071 meritis
3545 5016 3758 5070 excelsi

2048 5121 2170 5158 esse
2202 5104 2670 5175 comprobantur.

2119 5196 2169 5247 9.
2260 5195 2399 5249 Cum
2483 5194 2698 5248 etenim
2788 5194 3198 5249 miraculorum
3268 5192 3752 5262 attestationibns,

2048 5281 2404 5336 sanctitatem
2482 5282 2835 5337 Confessoris
2923 5283 3008 5336 sui
3058 5283 3335 5337 Dominus
3412 5282 3750 5350 declararet,

2049 5370 2531 5441 Babenbergensis
2608 5371 2866 5425 Ecclesiae
2952 5371 3176 5425 Praelati
3260 5358 3753 5425 crebrescentibus

2046 5458 2244 5528 signis,
2272 5474 2400 5513 cum
2433 5459 2717 5514 mandatis
2748 5465 2805 5514 et
2859 5460 3063 5513 litteris
3121 5459 3409 5514 Chunradi
3465 5458 3636 5529 Regis
3686 5477 3752 5514 ac

2046 5546 2379 5618 Principum
2411 5548 2653 5603 Romam
2686 5547 2951 5603 abierunt
3007 5563 3216 5618 magna
3276 5551 3332 5600 et
3363 5561 3535 5617 quam
3564 5545 3749 5601 mira-
