3938 6308
156 301 253 353 I33

1776 362 1779 365 λ
1817 306 2020 361 ACTA.

3567 315 3667 367 134

152 420 288 474 bilia
322 423 472 476 Deus
503 437 609 493 per
637 422 1030 477 Confessorem
1083 438 1251 477 suum
1282 429 1575 495 operetur,
1614 426 1856 481 Domino
1888 434 1933 483 A
1972 429 2321 499 tegritatem,
2378 430 2872 502 eleemosynarum
2924 432 3272 503 largitatem,
3325 435 3667 490 humilitatis

152 510 319 580 Papa
361 511 644 581 Eugenio,
675 518 733 566 et
763 513 1034 567 Romanae
1063 513 1241 567 curiae
1294 516 1725 568 nuntiaverunt.
1788 518 1861 569 At

153 598 233 651 illi
264 599 608 668 gaudentes,
643 607 700 653 et
749 616 852 670 pro
904 605 1074 654 tanta?
1117 601 1284 654 fama:
1344 602 1646 656 dulcedine
1678 603 1857 657 Deum

153 685 559 755 gloriﬁcantes,
603 688 671 741 de
702 688 1134 741 canonizatione
1164 689 1345 741 sancti
1404 690 1573 759 Regis
1631 690 1857 744 Henrici

155 782 454 844 cceperunt
482 775 721 829 sollicite
776 792 840 829 ac
865 776 1173 846 diligenter
1204 777 1271 830 ad
1306 776 1548 830 invicem
1577 778 1856 844 conferre,

155 870 441 932 quatenus
494 863 555 917 in
620 864 890 934 Catalogo
972 865 1429 919 conscriberetur
1495 866 1852 934 Sanctorum,

162 953 259 1021 qui
309 952 619 1006 virtutibus
648 960 706 1007 et
756 954 936 1023 signis
976 955 1321 1025 probaretur
1370 962 1697 1025 assumptus
1738 971 1859 1009 esse

155 1040 211 1093 in
244 1057 493 1111 regnum
524 1043 819 1096 caelorum.
855 1042 958 1096 Cui
998 1042 1415 1096 canonizationi
1445 1044 1680 1114 quidam
1718 1045 1856 1097 Car-

156 1129 688 1194 dinalis,-Joannes
744 1132 1001 1196 nomine,
1064 1132 1239 1201 C(Bpit
1282 1131 1649 1185 vehementer
1704 1132 1857 1185 obsi-

157 1222 324 1282 stere,
366 1221 425 1269 et
453 1218 707 1287 projecto
738 1218 949 1271 timore
985 1219 1104 1282 Dei,
1141 1220 1199 1272 in
1250 1219 1708 1290 quibuscumque
1754 1236 1859 1289 po-

157 1305 285 1365 tuit,
337 1321 455 1358 non
498 1306 914 1360 verecundatus
957 1311 1042 1360 est
1095 1307 1368 1377 praedicto
1404 1308 1729 1363 Confessori
1770 1309 1862 1362 de-

157 1393 406 1446 trahere.
442 1393 552 1447 Sed
603 1393 795 1447 divina
845 1394 989 1449 ultio
1041 1394 1440 1449 detrahentem
1495 1395 1707 1449 caelesti
1734 1411 1859 1450 ver-

160 1482 293 1536 bere
350 1489 591 1552 repente
653 1484 924 1547 coercuit,
987 1489 1044 1537 et
1070 1484 1208 1538 dum
1256 1484 1469 1538 famam
1528 1484 1679 1539 beati
1754 1484 1861 1538 viri

160 1571 458 1635 laceraret,
515 1576 762 1640 potestas
812 1572 912 1625 Dei
956 1572 1174 1625 lumine
1222 1573 1519 1626 oculorum
1567 1588 1697 1625 eum
1748 1571 1861 1641 pri-

161 1659 331 1711 vavit.
374 1659 564 1712 Atille
598 1659 743 1713 adeo
791 1675 1093 1729 percussus
1134 1665 1191 1714 et
1226 1660 1563 1714 humiliatus
1593 1660 1861 1713 caecitatis

159 1746 430 1800 molestia
477 1751 537 1801 et
574 1755 768 1801 reatus
820 1748 908 1801 sui
960 1748 1311 1802 conscientia
1360 1750 1532 1819 coepit
1574 1748 1859 1818 torqueri;

159 1840 214 1887 et
269 1835 565 1905 quomodo
614 1836 760 1889 hanc
808 1836 1036 1905 plagam
1098 1836 1157 1889 in
1197 1836 1590 1891 Confessorem
1654 1836 1862 1890 Christi

158 1922 452 1993 peccando
479 1924 800 1993 meruisset,
840 1926 1072 1994 publica
1114 1940 1246 1978 voce
1307 1925 1587 1990 conﬁteri,
1642 1925 1725 1994 [et
1763 1925 1861 1977 mi-

160 2027 288 2065 rum
322 2012 384 2065 in
452 2012 710 2080 modum,
758 2027 929 2083 quem
978 2013 1140 2082 prius
1179 2012 1451 2067 dentibus
1492 2013 1863 2067 detractionis

159 2100 851 2171 lacerabagbunctmodo
901 2101 1166 2155 laudibus
1219 2106 1276 2155 et
1317 2101 1622 2170 praeconiis
1681 2116 1862 2171 usque

159 2192 227 2242 ad
258 2189 452 2243 sidera
506 2190 834 2243 extollebat.
878 2190 1193 2244 Conversus
1244 2190 1438 2260 itaque
1470 2191 1538 2243 ad
1580 2189 1862 2259 paeniten-

160 2277 325 2344 tiam,
362 2277 607 2330 celerem
655 2284 991 2331 consecutus
1022 2282 1103 2331 est
1154 2278 1595 2347 indulgentiam,
1651 2284 1705 2330 et
1760 2294 1865 2347 per

159 2366 633 2419 intercessionem
660 2365 1010 2419 Confessoris
1050 2365 1259 2419 Christi
1305 2366 1497 2418 denuo
1531 2372 1615 2419 est
1648 2365 1862 2418 illumi-

160 2460 349 2519 natus,
386 2454 461 2507 ob
520 2455 683 2523 cujus
736 2455 1015 2509 ultionem
1071 2455 1230 2525 justo
1279 2453 1496 2524 judicio
1530 2454 1630 2507 Dei
1679 2454 1865 2509 fuerat

160 2548 499 2597 excmcatus.

233 2633 322 2684 l0.
377 2631 565 2685 Simili
607 2631 777 2685 modo
808 2646 939 2685 cum
978 2630 1037 2684 in
1069 2631 1192 2684 loco
1256 2629 1731 2699 Babenbergensi,
1767 2630 1865 2684 ubi

160 2719 476 2791 praedictus
504 2720 801 2773 Confessor
839 2721 1153 2773 tumulatus
1184 2720 1389 2799 fuerat,
1451 2719 1519 2772 dc
1560 2717 1861 2771 canoniza-

162 2809 321 2862 tione
352 2808 477 2878 ejus
508 2808 746 2861 celebris
784 2808 937 2862 fama
983 2808 1315 2873 haberetur,
1348 2808 1432 2859 vir
1464 2806 1698 2876 quidam
1732 2807 1863 2859 reli-

162 2896 365 2966 giosus
396 2896 467 2950 de
497 2896 694 2966 signis,
745 2912 873 2967 qua!
920 2912 1022 2967 per
1048 2912 1179 2949 eum
1220 2896 1453 2963 ﬁebant,
1485 2894 1655 2963 ccepit
1696 2894 1861 2947 dubi-

1967 518 2308 585 custodiam,
2367 524 2423 572 et
2449 520 2645 573 omnia
2677 536 2851 589 opera
2872 520 3118 590 justitiae
3166 538 3347 592 usque
3380 523 3438 577 in
3486 526 3660 579 tinem

1967 606 2096 660 vita
2152 624 2270 661 sua:
2317 623 2449 661 cum
2505 608 2812 662 devotione
2859 626 3086 663 summa
3141 613 3467 666 servaverit.
3525 613 3656 679 Sed,

1967 693 2115 747 sicut
2142 697 2419 765 scriptum
2450 700 2538 749 est
2569 711 2582 749 :
2620 696 2797 749 Nemo
2844 699 3128 766 propheta
3171 704 3435 769 acceptus
3473 706 3557 754 est
3603 702 3665 755 in

1967 781 2152 849 patria
2171 798 2291 836 sua.
2328 783 2421 836 Vir
2457 799 2594 853 ergo
2627 784 2955 853 praedictus,
3016 785 3238 839 defectu
3272 787 3477 841 lumini
3534 804 3663 858 gra-

1965 874 2150 935 vatus,
2174 870 2431 940 confugit
2459 871 2529 924 ad
2571 872 2886 941 patrocinia
2914 872 3278 938 Sanctorum,
3348 875 3665 944 deprecans

1966 963 2032 1011 ut
2061 974 2161 1028 per
2192 974 2389 1012 eorum
2441 958 2714 1029 suffragia
2743 959 2955 1013 sanitas
2997 960 3105 1014 sibi
3137 962 3475 1016 restituatur
3524 980 3667 1018 ocu—

1967 1045 2178 1100 lorum.
2219 1048 2429 1101 Etcum
2467 1063 2531 1100 ex
2563 1049 2758 1100 dolore
2794 1055 2849 1100 et
2877 1048 3071 1102 labore
3102 1050 3331 1104 assidua
3390 1067 3667 1105 venarum

1966 1134 2358 1189 incurvatione
2389 1135 2658 1204 fatigatus
2681 1136 2896 1203 fuisset,
2924 1139 3191 1191 lassatum
3222 1155 3427 1209 corpus
3462 1156 3664 1193 somno

1967 1229 2269 1293 reparavnt.
2325 1223 2426 1277 Cui
2458 1224 2766 1277 dormienti
2796 1224 2850 1278 S.
2916 1225 3324 1296 Woltfgangus,
3383 1243 3452 1281 eo
3512 1228 3663 1297 quod

1969 1328 2102 1366 eum
2132 1312 2473 1365 familiarem
2506 1312 2565 1365 in
2624 1312 2980 1366 orationibus
3011 1315 3129 1367 suis
3160 1315 3445 1377 habuerit,
3483 1332 3667 1385 appa-

1968 1397 2104 1461 ruit,
2138 1404 2194 1451 et
2248 1399 2327 1454 ait
2370 1398 2422 1452 ei
2455 1414 2468 1451 :
2502 1398 2613 1453 Ora
2651 1399 3048 1454 Confessorem
3081 1401 3288 1455 Christi
3316 1402 3664 1468 Heinricum,

1971 1490 2026 1538 et
2064 1485 2329 1540 liberabit
2354 1493 2431 1552 te,
2464 1486 2620 1557 quia,
2653 1487 2806 1558 quod
2839 1489 2964 1557 ejus
3019 1489 3303 1543 sanctitati
3355 1491 3665 1561 derogasti,

1971 1573 2183 1627 idcirco
2233 1575 2355 1628 haec
2421 1575 2592 1644 plaga
2632 1576 2901 1629 caecitatis
2960 1577 3115 1629 venit
3180 1593 3352 1648 super
3410 1583 3483 1632 te.
3534 1580 3669 1634 Post

1972 1663 2117 1715 hanc
2156 1663 2436 1716 visionem
2493 1663 2919 1733 expergefactus
2974 1680 3040 1718 ex
3083 1665 3432 1719 conscientia
3475 1668 3671 1722 delicit

1972 1748 2060 1800 sui
2110 1751 2478 1817 contremuit,
2539 1758 2596 1804 et
2651 1752 2721 1805 ad
2765 1752 3022 1805 tumbam
3056 1752 3266 1807 Christi
3313 1754 3666 1809 Confessoris

1971 1838 2196 1890 concito
2226 1838 2409 1907 gradu
2432 1844 2488 1892 et
2543 1839 2744 1891 devota
2794 1845 2984 1893 mente
3043 1841 3385 1909 properavit.
3435 1842 3502 1894 Et
3528 1858 3669 1912 pro-

1971 1926 2247 1978 cumbens
2298 1930 2488 1992 terra},
2537 1943 2571 1979 a
2619 1926 2949 1980 Confessore
3007 1928 3215 1982 Christi
3290 1930 3555 1999 lacrymis
3612 1935 3669 1985 et

1970 2014 2258 2083 precibus,
2316 2015 2437 2067 suis
2502 2015 2826 2068 excessibus
2897 2015 3121 2069 veniam
3177 2016 3503 2085 postulavit.
3558 2018 3667 2081 Qui

1972 2101 2162 2155 statim
2235 2102 2557 2167 exauditus,
2621 2107 2676 2156 et
2731 2102 2987 2173 pristinae
3053 2103 3285 2157 sanitati
3342 2106 3659 2171 restitutus,

1972 2189 2289 2259 gratiarum
2346 2190 2597 2243 actiones
2631 2192 2746 2244 Deo
2786 2196 2841 2244 et
2897 2197 3091 2245 sancto
3148 2192 3409 2246 Heinrico
3441 2195 3663 2260 retulit;

1971 2283 2027 2330 et
2056 2277 2342 2347 magnalia
2388 2278 2511 2341 Dei,
2544 2295 2674 2349 qua;
2721 2280 2870 2332 circa
2900 2280 3088 2349 ipsum
3122 2282 3271 2333 Deus
3308 2280 3537 2349 fecerat,
3575 2298 3665 2335 re-

1971 2365 2190 2434 ligiosis
2235 2365 2394 2431 viris,
2448 2366 2548 2435 qui
2605 2367 2769 2420 nobis
2854 2368 3125 2433 retulere,
3192 2369 3314 2437 ipse
3388 2369 3662 2423 narravit.

1972 2454 2220 2507 Caveant
2249 2453 2428 2524 igitur
2456 2454 2803 2508 habitatores
2834 2454 3029 2508 saeculi
3081 2455 3406 2509 domesticis
3454 2457 3557 2509 Dei
3614 2462 3671 2510 et

1972 2541 2188 2595 civibus
2249 2541 2584 2596 Sanctorum
2616 2542 2945 2608 detrahere;
2990 2542 3125 2612 quia
3177 2558 3406 2595 necesse
3459 2548 3543 2595 est
3572 2560 3666 2596 eos

1972 2630 2066 2683 hic
2107 2629 2242 2683 etin
2284 2635 2560 2683 aeternum
2594 2630 2801 2700 perire,
2836 2629 2936 2701 qui
2966 2630 3303 2683 Sanctorum
3325 2628 3491 2682 bonis
3522 2647 3666 2699 ope-

1972 2718 2132 2771 ribus
2162 2719 2347 2771 solent
2371 2717 2608 2787 obloqui
2642 2723 2700 2771 et
2725 2717 2997 2771 invidere.
3028 2716 3295 2779 Quamvis
3338 2732 3477 2786 ergo
3508 2734 3663 2771 nunc

1973 2812 2233 2875 tempora
2265 2807 2675 2859 miraculorum
2709 2821 2821 2858 non
2844 2805 2979 2870 sint,
3012 2806 3174 2874 signa
3199 2805 3357 2858 enim
3386 2805 3669 2859 debentur

1972 2910 2089 2948 non
2123 2893 2407 2962 ﬁdelibus,
2467 2894 2564 2947 sed
2622 2893 2990 2947 inﬁdelibus:
3048 2900 3242 2945 tamen
3290 2909 3421 2946 cum
3470 2893 3665 2963 aliqua

161 2991 310 3050 tare,
341 2990 403 3037 et
436 2984 505 3037 de
538 2983 960 3053 permutatione
992 2985 1384 3054 exequiarum,
1420 2998 1548 3053 qua:
1589 2982 1647 3034 in
1698 2982 1869 3035 anni-
1899 2984 1939 3037 C
1980 2983 2141 3036 nobis
2170 2987 2381 3052 praeter
2435 2982 2668 3035 solitum
2723 2998 2951 3035 cursum
3011 2982 3388 3052 ordinemque
3438 2988 3660 3035 natura:

162 3072 423 3125 versario
466 3074 589 3142 ejus
642 3072 946 3126 celebriter
1001 3072 1236 3136 ﬁebant,
1289 3071 1436 3124 intra
1491 3070 1866 3139 semetipsum

166 3160 413 3214 dolere:
465 3160 566 3230 qui
624 3176 751 3213 mox
804 3161 1104 3214 oculorum
1168 3159 1413 3229 caligine
1444 3159 1586 3212 adeo
1627 3163 1709 3211 est
1740 3159 1866 3228 pla-

164 3256 361 3318 gatus,
421 3253 482 3302 ut
536 3254 736 3319 postea
786 3265 889 3319 per
943 3250 1337 3304 Confessorem
1378 3247 1590 3301 Christi
1613 3250 1863 3311 sanatus,

164 3344 453 3407 quantum
478 3338 746 3391 sanctitas
772 3339 913 3407 {ejus
943 3338 1095 3409 apud
1133 3339 1307 3391 Deum
1344 3340 1553 3406 posset,
1604 3335 1663 3389 in
1694 3352 1861 3388 cura-

162 3426 321 3479 tione
369 3425 554 3495 ipsius
598 3426 969 3495 experiretur.
1018 3428 1083 3481 Et
1153 3425 1482 3479 mirandum
1538 3429 1624 3477 est
1677 3423 1863 3491 valde,

162 3514 317 3585 quod
360 3515 433 3568 de
490 3514 789 3569 sanctitate
834 3516 976 3569 tanti
1036 3514 1139 3567 viri
1171 3512 1381 3583 aliquis
1437 3511 1699 3566 dubitare
1756 3528 1859 3581 po-

159 3606 357 3669 tuerit,
395 3619 526 3657 cum
556 3604 1006 3657 conversationis
1046 3603 1429 3667 sanctitatem,
1473 3600 1746 3654 castitatis
1777 3601 1861 3653 in-

1977 3071 2267 3137 eveniunt,
2296 3070 2455 3123 omni
2484 3071 2847 3124 veneratione
2886 3071 3285 3139 amplectenda
3312 3076 3444 3123 sunt
3471 3086 3482 3123 :
3526 3086 3667 3141 qua-

1975 3165 2141 3214 tenus
2170 3164 2227 3213 et
2253 3159 2394 3230 ipse,
2432 3159 2531 3229 qui
2564 3159 2622 3212 in
2656 3158 2872 3213 Sanctis
2928 3160 3044 3212 suis
3076 3160 3357 3213 mirabilis
3411 3167 3516 3228 est,
3572 3160 3670 3214 lio-

1976 3252 2232 3311 noretur,
2283 3252 2339 3300 et
2409 3247 2645 3301 tarditas
2724 3253 2917 3300 nostra
2968 3246 3040 3300 ad
3122 3248 3360 3300 meliora
3422 3264 3668 3318 quaeque

1976 3336 2148 3389 tantis
2184 3335 2486 3388 virtutibus
2506 3335 2881 3399 accendatur;
2915 3339 3222 3404 praestante
3252 3335 3495 3389 Domino
3550 3351 3661 3388 no-

1973 3430 2088 3476 stro
2117 3425 2247 3477 Jesu
2302 3424 2542 3483 Christo.
2576 3423 2676 3492 qui
2707 3438 2835 3476 cum
2871 3423 3029 3475 Patre
3086 3427 3145 3475 et
3194 3422 3408 3491 Spiritu
3468 3428 3665 3477 sancto

1974 3511 2110 3564 vivit
2138 3516 2194 3564 et
2230 3515 2431 3580 regnat
2461 3511 2610 3564 Deus
2648 3525 2752 3580 per
2793 3509 2988 3563 omnia
3018 3509 3228 3563 secula
3279 3508 3656 3565 saeculurum.

1971 3604 2149 3653 Amen
2166 3639 2178 3653 .

1374 3812 1738 3915 PARS
1841 3812 2438 3914 ALTERA.

233 4044 319 4093 Η.
350 4039 631 4106 Tempore
661 4036 782 4103 illo,
814 4051 927 4106 quo
957 4032 1299 4088 venerabilis
1331 4029 1508 4085 abbas
1539 4030 1853 4085 Mersebur-

158 4128 355 4197 gensis
384 4126 663 4195 jEcclesia‘e
718 4125 1040 4177 Volcmarus
1088 4120 1362 4191 reliquias
1414 4119 1567 4173 beati
1612 4117 1858 4171 Heinrici

156 4214 513 4269 Confessoris
542 4212 829 4266 Sixonicae
862 4219 1026 4265 terrm
1076 4209 1308 4274 invexit,
1343 4225 1508 4263 sexus
1556 4207 1855 4276 utriusque

159 4306 352 4368 turba,
412 4304 563 4356 fama
624 4302 931 4371 divulgata,
994 4299 1217 4353 obviam
1277 4298 1485 4351 venit:
1537 4312 1600 4349 ex
1645 4295 1851 4367 quibus
1886 4298 1925 4350 D

158 4392 445 4463 quosdam
503 4390 906 4460 recuperandae
962 4387 1254 4458 sospitatis
1324 4402 1510 4451 causa,
1581 4384 1856 4455 quosdam

161 4499 293 4535 vero
328 4484 516 4534 ferens
567 4480 841 4545 studium,
898 4479 1051 4548 quod
1102 4477 1169 4529 ab
1221 4476 1459 4546 antiquo
1497 4474 1642 4528 circa
1704 4474 1855 4543 ejus-

158 4572 291 4624 dem
348 4569 519 4639 Regis
573 4583 783 4621 nomen
841 4567 1181 4629 habuerant,
1245 4564 1528 4618 attraxit:
1584 4579 1651 4617 eo
1703 4562 1855 4632 quod

158 4666 329 4713 terra:
386 4674 504 4710 suta:
563 4661 772 4709 statum
838 4654 1126 4725 frequenti
1186 4668 1546 4723 paganorum
1622 4651 1854 4703 incursu

157 4753 518 4818 quassatum.
552 4744 713 4798 illum
755 4744 1112 4810 reformasse,
1160 4741 1415 4812 priorum
1470 4740 1745 4793 relatione
1780 4738 1858 4792 di-

160 4837 438 4890 dicerant.
502 4833 609 4888 Sed
658 4832 996 4886 meritorum
1062 4832 1185 4900 ejus
1244 4828 1525 4899 praeconia
1561 4830 1859 4896 coeperunt

158 4926 213 4978 in
264 4924 391 4994 ipso
446 4921 668 4976 itineris
722 4936 982 4991 processu
1032 4918 1392 4972 evidentibus
1450 4915 1857 4970 miraculorum

160 5013 387 5068 indiciis
410 5010 687 5065 declarari
721 5026 734 5063 :
771 5025 827 5062 1n
863 5024 977 5079 quo
1036 5006 1276 5061 diversis
1304 5005 1634 5058 morborum
1676 5018 1857 5072 gene-

159 5102 315 5155 ribus
355 5099 630 5171 oppressi,
667 5097 836 5151 saluti
885 5096 1141 5166 pristinae
1191 5092 1375 5167 [quot]
1432 5092 1645 5146 fuerint
1692 5089 1855 5143 resti-

156 5192 282 5258 tuti,
310 5190 525 5243 referre
556 5202 661 5257 per
713 5186 957 5254 singula,
1022 5183 1262 5238 taedium
1291 5180 1563 5235 scribenti
1605 5184 1659 5231 et
1706 5177 1855 5231 fasti-

158 5279 313 5333 dium
374 5277 616 5331 forsitan
674 5278 976 5345 generaret
1016 5271 1251 5343 legenti.
1306 5272 1521 5324 Tamen
1582 5268 1687 5321 hoc
1736 5282 1853 5319 non

157 5368 461 5432 silendum,
491 5365 644 5436 quod
687 5364 745 5417 in
801 5363 1093 5433 plerisque
1141 5360 1507 5414 curationum
1566 5357 1727 5422 locis,
1789 5354 1847 5407 in

159 5455 552 5510 testimonium
584 5452 856 5507 divinitus
896 5457 1140 5504 ostensa:
1172 5447 1419 5514 virtutis,
1461 5444 1675 5500 cumuli
1708 5444 1853 5496 hanc

160 5545 418 5615 grandes,
475 5541 634 5611 vulgi
685 5540 893 5607 studio,
946 5536 1202 5609 congesti
1240 5549 1576 5591 exorevere:
1632 5535 1696 5585 ut
1764 5528 1852 5585 his

1964 4031 2098 4083 visis
2153 4030 2458 4100 posteritas
2514 4028 2601 4082 illi
2663 4028 3040 4083 reverentiam
3127 4029 3446 4094 exhiberet,
3505 4030 3667 4099 cujus

1966 4119 2185 4173 meritis
2217 4124 2301 4172 tot
2330 4117 2483 4189 genti
2519 4134 2637 4171 sua:
2678 4116 2957 4171 beneﬁcia
3007 4118 3212 4171 collata
3266 4116 3503 4170 videret.
3556 4119 3662 4170 Ve-

1965 4213 2292 4262 rumtamen
2342 4207 2429 4259 his
2468 4206 2697 4259 interim
2730 4205 2975 4267 omissis,
3025 4221 3091 4256 ea
3156 4204 3451 4257 referenda
3510 4210 3663 4268 sunt,

1967 4313 2095 4366 quae,
2120 4296 2176 4349 in
2212 4294 2488 4348 memoria
2520 4293 2804 4362 hodieque
2833 4297 3098 4344 tenentur
3126 4308 3160 4343 a
3200 4290 3415 4344 multis.

2042 4387 2125 4437 12.
2188 4385 2340 4437 Inter
2384 4397 2589 4444 (egros,
2623 4394 2868 4449 quorum
2927 4378 3234 4431 multitudo
3273 4378 3516 4431 salutem
3564 4393 3664 4447 pe-

1966 4476 2090 4525 tens
2146 4470 2545 4533 comitabatur,
2609 4466 2940 4519 adolescens
2992 4465 3229 4535 quidam
3286 4464 3663 4534 irrefragabili

1966 4559 2359 4613 membrorum
2391 4561 2686 4608 contractu
2717 4553 3004 4624 globatus,
3046 4571 3079 4607 a
3107 4555 3440 4624 parentibus
3471 4559 3658 4623 porta-

1964 4643 2335 4718 batur[sella]
2371 4642 2850 4713 gestatoria.0ui,
2882 4644 2961 4696 nil
2993 4642 3053 4696 in
3086 4644 3176 4696 via
3212 4648 3569 4709 consecutus,
3596 4641 3665 4695 ad

1964 4736 2214 4791 ecclesiae
2246 4734 2420 4787 limen
2451 4748 2633 4802 usque
2657 4732 3003 4802 perducitur.
3039 4733 3299 4785 Procedit
3331 4732 3556 4785 obviam
3582 4745 3667 4782 re-

1964 4822 2159 4894 liquiis
2180 4822 2354 4892 digno
2372 4821 2527 4873 cultu
2548 4821 2757 4873 chorus
2782 4821 3192 4873 monachorum
3210 4835 3274 4873 ac
3302 4819 3665 4885 clericorum,

1964 4928 2079 4965 non
2114 4916 2227 4965 tam
2262 4910 2383 4980 ejus
2437 4908 2546 4962 loci
2601 4924 2775 4978 quam
2825 4924 2888 4960 ex
2911 4907 3037 4960 aliis
3083 4907 3332 4960 ecclesiis
3377 4907 3665 4959 conﬂuen-

1963 5000 2131 5054 tium.
2166 4997 2401 5065 Deinde,
2437 5004 2499 5050 ut
2554 4996 2730 5050 moris
2775 5000 2877 5061 est,
2920 5000 3200 5049 concentu
3232 4994 3389 5064 vulgi
3442 4998 3497 5046 et
3528 4994 3665 5046 cleri

1966 5088 2189 5142 mixtim
2244 5088 2641 5155 concrepante,
2682 5082 3025 5153 regreditur.
3092 5083 3388 5135 Missarnm
3433 5096 3663 5151 quoque

1964 5176 2274 5230 solennitas
2304 5173 2415 5228 ritu
2448 5172 2735 5226 festiviore
2792 5171 2860 5225 de
2894 5171 3017 5241 ipso
3066 5170 3230 5223 beato
3272 5169 3533 5223 Heinrico
3567 5168 3659 5220 in-

1963 5265 2222 5318 choatur.
2264 5266 2333 5317 At
2362 5261 2596 5315 claudus
2626 5260 2721 5313 ille
2764 5259 2910 5312 inter
2946 5256 3179 5328 agmina
3209 5254 3653 5326 constipantium

1962 5351 2050 5404 vix
2089 5350 2338 5404 ecclesia:
2364 5349 2578 5414 illatus,
2607 5349 2768 5418 juxta
2799 5346 3006 5412 altare,
3037 5344 3135 5398 ubi
3164 5342 3423 5413 reliquiae
3473 5343 3661 5395 ferant

1960 5441 2269 5505 collocatae,
2302 5438 2629 5509 deponitur.
2674 5436 2904 5490 Videres
2931 5435 2989 5487 in
3009 5450 3078 5488 eo
3127 5432 3270 5489 illud
3302 5432 3460 5486 Isaiae
3499 5448 3656 5485 com-

1960 5528 2107 5599 pleri
2135 5527 2309 5583 Saliet
2356 5526 2502 5581 sicut
2546 5540 2747 5580 cervus
2801 5523 3060 5590 claudus,
3121 5526 3178 5576 et
3217 5521 3369 5575 clara
3403 5520 3512 5575 erit
3542 5520 3657 5574 lin-
