  <div class='ocr_page' id='page_1' title='image "/cluster/home/n/w/nwhite01/storage/ocr_20150623/140/umn.31951002477433x/095.png"; bbox 0 0 3938 6302; ppageno 0'>
   <div class='ocr_carea' id='block_1_1' title="bbox 258 314 355 366">
    <p class='ocr_par' dir='ltr' id='par_1_1' title="bbox 258 314 355 366">
     <span class='ocr_line' id='line_1_1' title="bbox 258 314 355 366; baseline -0.021 0"><span class='ocrx_word' id='word_1_1' title='bbox 258 314 355 366; x_wconf 85' lang='lat'><strong>135</strong></span> 
     </span>
    </p>
   </div>
   <div class='ocr_carea' id='block_1_2' title="bbox 1550 298 2448 356">
    <p class='ocr_par' dir='ltr' id='par_1_2' title="bbox 1550 298 2448 356">
     <span class='ocr_line' id='line_1_2' title="bbox 1550 298 2448 356; baseline -0.002 0"><span class='ocrx_word' id='word_1_2' title='bbox 1550 302 1606 356; x_wconf 91' lang='lat' dir='ltr'><strong>S.</strong></span> <span class='ocrx_word' id='word_1_3' title='bbox 1650 299 1927 355; x_wconf 76' lang='lat' dir='ltr'><strong>HENRICI</strong></span> <span class='ocrx_word' id='word_1_4' title='bbox 1970 298 2448 356; x_wconf 77' lang='lat' dir='ltr'><strong>IMPERATOBIS</strong></span> 
     </span>
    </p>
   </div>
   <div class='ocr_carea' id='block_1_3' title="bbox 3656 304 3757 354">
    <p class='ocr_par' dir='ltr' id='par_1_3' title="bbox 3656 304 3757 354">
     <span class='ocr_line' id='line_1_3' title="bbox 3656 304 3757 354; baseline -0.059 0"><span class='ocrx_word' id='word_1_5' title='bbox 3656 305 3672 354; x_wconf 85' lang='lat'><strong>1</strong></span> <span class='ocrx_word' id='word_1_6' title='bbox 3691 304 3757 354; x_wconf 74' lang='lat'><strong>36</strong></span> 
     </span>
    </p>
   </div>
   <div class='ocr_carea' id='block_1_4' title="bbox 253 420 3758 503">
    <p class='ocr_par' dir='ltr' id='par_1_4' title="bbox 253 420 3758 503">
     <span class='ocr_line' id='line_1_4' title="bbox 253 420 3758 503; baseline -0.003 -16"><span class='ocrx_word' id='word_1_7' title='bbox 253 450 363 503; x_wconf 87' lang='lat' dir='ltr'><strong>gua</strong></span> <span class='ocrx_word' id='word_1_8' title='bbox 388 435 695 486; x_wconf 89' lang='lat' dir='ltr'><strong>mutorum.</strong></span> <span class='ocrx_word' id='word_1_9' title='bbox 722 428 1032 499; x_wconf 83' lang='lat' dir='ltr'><strong>Cceperunt</strong></span> <span class='ocrx_word' id='word_1_10' title='bbox 1060 425 1212 480; x_wconf 89' lang='lat' dir='ltr'><strong>enim</strong></span> <span class='ocrx_word' id='word_1_11' title='bbox 1232 439 1539 479; x_wconf 77' lang='lat' dir='ltr'><strong>nervorum</strong></span> <span class='ocrx_word' id='word_1_12' title='bbox 1560 423 1684 492; x_wconf 86' lang='lat' dir='ltr'><strong>ejus</strong></span> <span class='ocrx_word' id='word_1_13' title='bbox 1714 421 1938 475; x_wconf 89' lang='lat' dir='ltr'><strong>vincula</strong></span> <span class='ocrx_word' id='word_1_14' title='bbox 1969 421 2014 472; x_wconf 79' lang='grc' dir='ltr'><strong>Α</strong></span> <span class='ocrx_word' id='word_1_15' title='bbox 2051 421 2236 475; x_wconf 92' lang='lat' dir='ltr'><strong>noctis</strong></span> <span class='ocrx_word' id='word_1_16' title='bbox 2264 437 2370 492; x_wconf 89' lang='lat' dir='ltr'><strong>per</strong></span> <span class='ocrx_word' id='word_1_17' title='bbox 2418 424 2580 475; x_wconf 88' lang='lat' dir='ltr'><strong>tuum</strong></span> <span class='ocrx_word' id='word_1_18' title='bbox 2647 420 3035 492; x_wconf 83' lang='lat' dir='ltr'><strong>patrocinium</strong></span> <span class='ocrx_word' id='word_1_19' title='bbox 3087 422 3352 492; x_wconf 85' lang='lat' dir='ltr'><strong>perfruar</strong></span> <span class='ocrx_word' id='word_1_20' title='bbox 3389 423 3604 493; x_wconf 85' lang='lat' dir='ltr'><strong>quiete.</strong></span> <span class='ocrx_word' id='word_1_21' title='bbox 3656 423 3758 476; x_wconf 92' lang='lat' dir='ltr'><strong>Hic</strong></span> 
     </span>
    </p>
   </div>
   <div class='ocr_carea' id='block_1_5' title="bbox 255 510 1946 591">
    <p class='ocr_par' dir='ltr' id='par_1_5' title="bbox 255 510 1946 591">
     <span class='ocr_line' id='line_1_5' title="bbox 255 510 1946 591; baseline -0.008 -16"><span class='ocrx_word' id='word_1_22' title='bbox 255 521 414 585; x_wconf 89' lang='lat' dir='ltr'><strong>solvi,</strong></span> <span class='ocrx_word' id='word_1_23' title='bbox 455 519 648 591; x_wconf 90' lang='lat' dir='ltr'><strong>pedes,</strong></span> <span class='ocrx_word' id='word_1_24' title='bbox 681 533 962 587; x_wconf 89' lang='lat' dir='ltr'><strong>cruraque</strong></span> <span class='ocrx_word' id='word_1_25' title='bbox 995 515 1254 582; x_wconf 78' lang='lat' dir='ltr'><strong>extendi;</strong></span> <span class='ocrx_word' id='word_1_26' title='bbox 1279 513 1490 584; x_wconf 87' lang='lat' dir='ltr'><strong>illeque</strong></span> <span class='ocrx_word' id='word_1_27' title='bbox 1528 511 1586 565; x_wconf 92' lang='lat' dir='ltr'><strong>in</strong></span> <span class='ocrx_word' id='word_1_28' title='bbox 1613 510 1792 564; x_wconf 89' lang='lat' dir='ltr'><strong>oculis</strong></span> <span class='ocrx_word' id='word_1_29' title='bbox 1821 525 1946 563; x_wconf 89' lang='lat' dir='ltr'><strong>om-</strong></span> 
     </span>
    </p>
   </div>
   <div class='ocr_carea' id='block_1_6' title="bbox 257 599 1948 680">
    <p class='ocr_par' dir='ltr' id='par_1_6' title="bbox 257 599 1948 680">
     <span class='ocr_line' id='line_1_6' title="bbox 257 599 1948 680; baseline -0.008 -17"><span class='ocrx_word' id='word_1_30' title='bbox 257 610 416 663; x_wconf 90' lang='lat' dir='ltr'><strong>nium</strong></span> <span class='ocrx_word' id='word_1_31' title='bbox 450 607 767 680; x_wconf 82' lang='lat' dir='ltr'><strong>prosiliens,</strong></span> <span class='ocrx_word' id='word_1_32' title='bbox 797 611 1012 676; x_wconf 88' lang='lat' dir='ltr'><strong>quanto</strong></span> <span class='ocrx_word' id='word_1_33' title='bbox 1040 604 1230 674; x_wconf 88' lang='lat' dir='ltr'><strong>potuit</strong></span> <span class='ocrx_word' id='word_1_34' title='bbox 1259 601 1409 654; x_wconf 88' lang='lat' dir='ltr'><strong>vocis</strong></span> <span class='ocrx_word' id='word_1_35' title='bbox 1429 599 1749 665; x_wconf 87' lang='lat' dir='ltr'><strong>conamiue,</strong></span> <span class='ocrx_word' id='word_1_36' title='bbox 1773 599 1948 651; x_wconf 89' lang='lat' dir='ltr'><strong>virtu-</strong></span> 
     </span>
    </p>
   </div>
   <div class='ocr_carea' id='block_1_7' title="bbox 252 689 1944 765">
    <p class='ocr_par' dir='ltr' id='par_1_7' title="bbox 252 689 1944 765">
     <span class='ocr_line' id='line_1_7' title="bbox 252 689 1944 765; baseline -0.007 -14"><span class='ocrx_word' id='word_1_37' title='bbox 252 703 368 751; x_wconf 88' lang='lat' dir='ltr'><strong>tem</strong></span> <span class='ocrx_word' id='word_1_38' title='bbox 395 699 456 751; x_wconf 91' lang='lat' dir='ltr'><strong>in</strong></span> <span class='ocrx_word' id='word_1_39' title='bbox 487 713 544 750; x_wconf 91' lang='lat' dir='ltr'><strong>se</strong></span> <span class='ocrx_word' id='word_1_40' title='bbox 577 697 781 751; x_wconf 84' lang='lat' dir='ltr'><strong>factam</strong></span> <span class='ocrx_word' id='word_1_41' title='bbox 815 692 1136 765; x_wconf 88' lang='lat' dir='ltr'><strong>protestari.</strong></span> <span class='ocrx_word' id='word_1_42' title='bbox 1171 692 1374 760; x_wconf 88' lang='lat' dir='ltr'><strong>Sicque</strong></span> <span class='ocrx_word' id='word_1_43' title='bbox 1414 689 1664 743; x_wconf 88' lang='lat' dir='ltr'><strong>ofﬁcium</strong></span> <span class='ocrx_word' id='word_1_44' title='bbox 1697 703 1944 758; x_wconf 79' lang='lat' dir='ltr'><strong>gressus.</strong></span> 
     </span>
    </p>
   </div>
   <div class='ocr_carea' id='block_1_8' title="bbox 255 777 1946 857">
    <p class='ocr_par' dir='ltr' id='par_1_8' title="bbox 255 777 1946 857">
     <span class='ocr_line' id='line_1_8' title="bbox 255 777 1946 857; baseline -0.006 -19"><span class='ocrx_word' id='word_1_45' title='bbox 255 786 411 857; x_wconf 92' lang='lat' dir='ltr'><strong>quod</strong></span> <span class='ocrx_word' id='word_1_46' title='bbox 445 801 581 839; x_wconf 88' lang='lat' dir='ltr'><strong>usus</strong></span> <span class='ocrx_word' id='word_1_47' title='bbox 613 784 680 836; x_wconf 90' lang='lat' dir='ltr'><strong>ab</strong></span> <span class='ocrx_word' id='word_1_48' title='bbox 707 782 830 853; x_wconf 91' lang='lat' dir='ltr'><strong>ipso</strong></span> <span class='ocrx_word' id='word_1_49' title='bbox 869 780 1180 836; x_wconf 86' lang='lat' dir='ltr'><strong>nativitatis</strong></span> <span class='ocrx_word' id='word_1_50' title='bbox 1212 779 1335 848; x_wconf 84' lang='lat' dir='ltr'><strong>ejus</strong></span> <span class='ocrx_word' id='word_1_51' title='bbox 1362 777 1594 831; x_wconf 87' lang='lat' dir='ltr'><strong>exordio</strong></span> <span class='ocrx_word' id='word_1_52' title='bbox 1617 779 1946 845; x_wconf 80' lang='lat' dir='ltr'><strong>negaverat,</strong></span> 
     </span>
    </p>
   </div>
   <div class='ocr_carea' id='block_1_9' title="bbox 255 864 1942 945">
    <p class='ocr_par' dir='ltr' id='par_1_9' title="bbox 255 864 1942 945">
     <span class='ocr_line' id='line_1_9' title="bbox 255 864 1942 945; baseline -0.007 -17"><span class='ocrx_word' id='word_1_53' title='bbox 255 874 437 945; x_wconf 89' lang='lat' dir='ltr'><strong>gratia</strong></span> <span class='ocrx_word' id='word_1_54' title='bbox 470 872 675 928; x_wconf 82' lang='lat' dir='ltr'><strong>Christi</strong></span> <span class='ocrx_word' id='word_1_55' title='bbox 705 887 808 941; x_wconf 93' lang='lat' dir='ltr'><strong>per</strong></span> <span class='ocrx_word' id='word_1_56' title='bbox 843 869 1044 924; x_wconf 90' lang='lat' dir='ltr'><strong>merita</strong></span> <span class='ocrx_word' id='word_1_57' title='bbox 1098 868 1252 922; x_wconf 80' lang='lat' dir='ltr'><strong>beati</strong></span> <span class='ocrx_word' id='word_1_58' title='bbox 1304 865 1555 920; x_wconf 85' lang='lat' dir='ltr'><strong>Heinrici</strong></span> <span class='ocrx_word' id='word_1_59' title='bbox 1621 864 1942 934; x_wconf 77' lang='lat' dir='ltr'><strong>reparabat.</strong></span> 
     </span>
    </p>
   </div>
   <div class='ocr_carea' id='block_1_10' title="bbox 254 953 1942 1028">
    <p class='ocr_par' dir='ltr' id='par_1_10' title="bbox 254 953 1942 1028">
     <span class='ocr_line' id='line_1_10' title="bbox 254 953 1942 1028; baseline -0.004 -17"><span class='ocrx_word' id='word_1_60' title='bbox 254 964 371 1016; x_wconf 81' lang='lat' dir='ltr'><strong>Vox</strong></span> <span class='ocrx_word' id='word_1_61' title='bbox 394 963 452 1015; x_wconf 91' lang='lat' dir='ltr'><strong>in</strong></span> <span class='ocrx_word' id='word_1_62' title='bbox 480 961 648 1015; x_wconf 89' lang='lat' dir='ltr'><strong>laude</strong></span> <span class='ocrx_word' id='word_1_63' title='bbox 675 959 774 1014; x_wconf 87' lang='lat' dir='ltr'><strong>Dei</strong></span> <span class='ocrx_word' id='word_1_64' title='bbox 805 958 1106 1028; x_wconf 88' lang='lat' dir='ltr'><strong>utriusque</strong></span> <span class='ocrx_word' id='word_1_65' title='bbox 1129 972 1295 1009; x_wconf 87' lang='lat' dir='ltr'><strong>sexus</strong></span> <span class='ocrx_word' id='word_1_66' title='bbox 1316 955 1597 1008; x_wconf 86' lang='lat' dir='ltr'><strong>attollitur</strong></span> <span class='ocrx_word' id='word_1_67' title='bbox 1635 953 1695 1007; x_wconf 90' lang='lat' dir='ltr'><strong>in</strong></span> <span class='ocrx_word' id='word_1_68' title='bbox 1727 954 1903 1006; x_wconf 85' lang='lat' dir='ltr'><strong>altum</strong></span> <span class='ocrx_word' id='word_1_69' title='bbox 1929 969 1942 1005; x_wconf 86' lang='lat'><strong>:</strong></span> 
     </span>
    </p>
   </div>
   <div class='ocr_carea' id='block_1_11' title="bbox 255 1041 1946 1111">
    <p class='ocr_par' dir='ltr' id='par_1_11' title="bbox 255 1041 1946 1111">
     <span class='ocr_line' id='line_1_11' title="bbox 255 1041 1946 1111; baseline -0.006 -8"><span class='ocrx_word' id='word_1_70' title='bbox 255 1055 486 1103; x_wconf 88' lang='lat' dir='ltr'><strong>sanatus</strong></span> <span class='ocrx_word' id='word_1_71' title='bbox 517 1055 650 1103; x_wconf 91' lang='lat' dir='ltr'><strong>ante</strong></span> <span class='ocrx_word' id='word_1_72' title='bbox 681 1049 858 1102; x_wconf 85' lang='lat' dir='ltr'><strong>altare</strong></span> <span class='ocrx_word' id='word_1_73' title='bbox 909 1045 1437 1100; x_wconf 81' lang='lat' dir='ltr'><strong>communicaturus</strong></span> <span class='ocrx_word' id='word_1_74' title='bbox 1466 1042 1719 1107; x_wconf 86' lang='lat' dir='ltr'><strong>sistitur;</strong></span> <span class='ocrx_word' id='word_1_75' title='bbox 1753 1041 1946 1111; x_wconf 88' lang='lat' dir='ltr'><strong>sicque</strong></span> 
     </span>
    </p>
   </div>
   <div class='ocr_carea' id='block_1_12' title="bbox 253 1131 1451 1208">
    <p class='ocr_par' dir='ltr' id='par_1_12' title="bbox 253 1131 1451 1208">
     <span class='ocr_line' id='line_1_12' title="bbox 253 1131 1451 1208; baseline -0.007 -16"><span class='ocrx_word' id='word_1_76' title='bbox 253 1138 319 1192; x_wconf 84' lang='lat' dir='ltr'><strong>ad</strong></span> <span class='ocrx_word' id='word_1_77' title='bbox 351 1137 586 1208; x_wconf 87' lang='lat' dir='ltr'><strong>prepria</strong></span> <span class='ocrx_word' id='word_1_78' title='bbox 600 1152 727 1190; x_wconf 90' lang='lat' dir='ltr'><strong>cum</strong></span> <span class='ocrx_word' id='word_1_79' title='bbox 750 1133 1085 1205; x_wconf 84' lang='lat' dir='ltr'><strong>parentibus</strong></span> <span class='ocrx_word' id='word_1_80' title='bbox 1110 1131 1451 1202; x_wconf 81' lang='lat' dir='ltr'><strong>regreditur.</strong></span> 
     </span>
    </p>
   </div>
   <div class='ocr_carea' id='block_1_13' title="bbox 327 1215 1945 1287">
    <p class='ocr_par' dir='ltr' id='par_1_13' title="bbox 327 1215 1945 1287">
     <span class='ocr_line' id='line_1_13' title="bbox 327 1215 1945 1287; baseline -0.006 -8"><span class='ocrx_word' id='word_1_81' title='bbox 327 1228 410 1280; x_wconf 89' lang='lat'><strong>13.</strong></span> <span class='ocrx_word' id='word_1_82' title='bbox 455 1223 799 1278; x_wconf 72' lang='lat' dir='ltr'><strong>Daemoniaci</strong></span> <span class='ocrx_word' id='word_1_83' title='bbox 825 1227 960 1287; x_wconf 87' lang='lat' dir='ltr'><strong>tres,</strong></span> <span class='ocrx_word' id='word_1_84' title='bbox 1023 1237 1171 1274; x_wconf 91' lang='lat' dir='ltr'><strong>unus</strong></span> <span class='ocrx_word' id='word_1_85' title='bbox 1218 1219 1506 1274; x_wconf 89' lang='lat' dir='ltr'><strong>masculus</strong></span> <span class='ocrx_word' id='word_1_86' title='bbox 1570 1221 1626 1271; x_wconf 90' lang='lat' dir='ltr'><strong>et</strong></span> <span class='ocrx_word' id='word_1_87' title='bbox 1679 1217 1805 1271; x_wconf 67' lang='lat' dir='ltr'><strong>duae</strong></span> <span class='ocrx_word' id='word_1_88' title='bbox 1867 1215 1945 1270; x_wconf 88' lang='lat' dir='ltr'><strong>fe-</strong></span> 
     </span>
    </p>
   </div>
   <div class='ocr_carea' id='block_1_14' title="bbox 256 1303 1940 1377">
    <p class='ocr_par' dir='ltr' id='par_1_14' title="bbox 256 1303 1940 1377">
     <span class='ocr_line' id='line_1_14' title="bbox 256 1303 1940 1377; baseline -0.006 -10"><span class='ocrx_word' id='word_1_89' title='bbox 256 1313 429 1367; x_wconf 70' lang='lat' dir='ltr'><strong>minae</strong></span> <span class='ocrx_word' id='word_1_90' title='bbox 462 1312 521 1366; x_wconf 92' lang='lat' dir='ltr'><strong>iu</strong></span> <span class='ocrx_word' id='word_1_91' title='bbox 552 1311 750 1365; x_wconf 89' lang='lat' dir='ltr'><strong>eodem</strong></span> <span class='ocrx_word' id='word_1_92' title='bbox 780 1310 904 1362; x_wconf 93' lang='lat' dir='ltr'><strong>loco</strong></span> <span class='ocrx_word' id='word_1_93' title='bbox 937 1307 1118 1362; x_wconf 88' lang='lat' dir='ltr'><strong>curati</strong></span> <span class='ocrx_word' id='word_1_94' title='bbox 1157 1311 1291 1361; x_wconf 84' lang='lat' dir='ltr'><strong>sunt</strong></span> <span class='ocrx_word' id='word_1_95' title='bbox 1323 1322 1336 1360; x_wconf 98' lang='lat'><strong>:</strong></span> <span class='ocrx_word' id='word_1_96' title='bbox 1363 1305 1463 1377; x_wconf 90' lang='lat' dir='ltr'><strong>qui</strong></span> <span class='ocrx_word' id='word_1_97' title='bbox 1503 1319 1713 1358; x_wconf 89' lang='lat' dir='ltr'><strong>nomen</strong></span> <span class='ocrx_word' id='word_1_98' title='bbox 1773 1303 1940 1358; x_wconf 84' lang='lat' dir='ltr'><strong>Hein-</strong></span> 
     </span>
    </p>
   </div>
   <div class='ocr_carea' id='block_1_15' title="bbox 251 1393 1942 1469">
    <p class='ocr_par' dir='ltr' id='par_1_15' title="bbox 251 1393 1942 1469">
     <span class='ocr_line' id='line_1_15' title="bbox 251 1393 1942 1469; baseline -0.007 -15"><span class='ocrx_word' id='word_1_99' title='bbox 251 1401 352 1454; x_wconf 90' lang='lat' dir='ltr'><strong>rici</strong></span> <span class='ocrx_word' id='word_1_100' title='bbox 402 1397 854 1469; x_wconf 85' lang='lat' dir='ltr'><strong>blasphemando</strong></span> <span class='ocrx_word' id='word_1_101' title='bbox 931 1395 1354 1466; x_wconf 88' lang='lat' dir='ltr'><strong>ingeminantes</strong></span> <span class='ocrx_word' id='word_1_102' title='bbox 1409 1393 1762 1464; x_wconf 87' lang='lat' dir='ltr'><strong>frequenter,</strong></span> <span class='ocrx_word' id='word_1_103' title='bbox 1816 1395 1942 1443; x_wconf 85' lang='lat' dir='ltr'><strong>tan-</strong></span> 
     </span>
    </p>
   </div>
   <div class='ocr_carea' id='block_1_16' title="bbox 253 1481 1936 1552">
    <p class='ocr_par' dir='ltr' id='par_1_16' title="bbox 253 1481 1936 1552">
     <span class='ocr_line' id='line_1_16' title="bbox 253 1481 1936 1552; baseline -0.007 -10"><span class='ocrx_word' id='word_1_104' title='bbox 253 1489 382 1543; x_wconf 90' lang='lat' dir='ltr'><strong>dem</strong></span> <span class='ocrx_word' id='word_1_105' title='bbox 421 1503 550 1541; x_wconf 90' lang='lat' dir='ltr'><strong>cum</strong></span> <span class='ocrx_word' id='word_1_106' title='bbox 587 1486 827 1541; x_wconf 89' lang='lat' dir='ltr'><strong>stridore</strong></span> <span class='ocrx_word' id='word_1_107' title='bbox 863 1484 1156 1552; x_wconf 87' lang='lat' dir='ltr'><strong>horriﬁco,</strong></span> <span class='ocrx_word' id='word_1_108' title='bbox 1193 1481 1378 1543; x_wconf 85' lang='lat' dir='ltr'><strong>sedes,</strong></span> <span class='ocrx_word' id='word_1_109' title='bbox 1437 1496 1578 1551; x_wconf 92' lang='lat' dir='ltr'><strong>quas</strong></span> <span class='ocrx_word' id='word_1_110' title='bbox 1607 1481 1936 1545; x_wconf 87' lang='lat' dir='ltr'><strong>tenuerant,</strong></span> 
     </span>
    </p>
   </div>
   <div class='ocr_carea' id='block_1_17' title="bbox 255 1565 1942 1647">
    <p class='ocr_par' dir='ltr' id='par_1_17' title="bbox 255 1565 1942 1647">
     <span class='ocr_line' id='line_1_17' title="bbox 255 1565 1942 1647; baseline -0.007 -17"><span class='ocrx_word' id='word_1_111' title='bbox 255 1577 632 1647; x_wconf 87' lang='lat' dir='ltr'><strong>reliquerunt.</strong></span> <span class='ocrx_word' id='word_1_112' title='bbox 701 1575 856 1628; x_wconf 90' lang='lat' dir='ltr'><strong>Unus</strong></span> <span class='ocrx_word' id='word_1_113' title='bbox 907 1588 1104 1626; x_wconf 89' lang='lat' dir='ltr'><strong>eorum</strong></span> <span class='ocrx_word' id='word_1_114' title='bbox 1177 1568 1527 1640; x_wconf 84' lang='lat' dir='ltr'><strong>pertinacior</strong></span> <span class='ocrx_word' id='word_1_115' title='bbox 1591 1566 1812 1633; x_wconf 86' lang='lat' dir='ltr'><strong>ceteris,</strong></span> <span class='ocrx_word' id='word_1_116' title='bbox 1845 1565 1942 1619; x_wconf 91' lang='lat' dir='ltr'><strong>diu</strong></span> 
     </span>
    </p>
   </div>
   <div class='ocr_carea' id='block_1_18' title="bbox 251 1654 1940 1723">
    <p class='ocr_par' dir='ltr' id='par_1_18' title="bbox 251 1654 1940 1723">
     <span class='ocr_line' id='line_1_18' title="bbox 251 1654 1940 1723; baseline -0.007 -5"><span class='ocrx_word' id='word_1_117' title='bbox 251 1664 429 1718; x_wconf 83' lang='lat' dir='ltr'><strong>sancti</strong></span> <span class='ocrx_word' id='word_1_118' title='bbox 493 1661 746 1717; x_wconf 90' lang='lat' dir='ltr'><strong>nominis</strong></span> <span class='ocrx_word' id='word_1_119' title='bbox 802 1659 1145 1714; x_wconf 67' lang='lat' dir='ltr'><strong>invocationi</strong></span> <span class='ocrx_word' id='word_1_120' title='bbox 1205 1659 1476 1723; x_wconf 87' lang='lat' dir='ltr'><strong>renitens,</strong></span> <span class='ocrx_word' id='word_1_121' title='bbox 1553 1671 1682 1709; x_wconf 91' lang='lat' dir='ltr'><strong>cum</strong></span> <span class='ocrx_word' id='word_1_122' title='bbox 1739 1654 1806 1708; x_wconf 91' lang='lat' dir='ltr'><strong>ad</strong></span> <span class='ocrx_word' id='word_1_123' title='bbox 1883 1670 1940 1706; x_wconf 91' lang='lat' dir='ltr'><strong>se</strong></span> 
     </span>
    </p>
   </div>
   <div class='ocr_carea' id='block_1_19' title="bbox 251 1746 1938 1822">
    <p class='ocr_par' dir='ltr' id='par_1_19' title="bbox 251 1746 1938 1822">
     <span class='ocr_line' id='line_1_19' title="bbox 251 1746 1938 1822; baseline -0.006 -17"><span class='ocrx_word' id='word_1_124' title='bbox 251 1751 526 1822; x_wconf 86' lang='lat' dir='ltr'><strong>reliquias</strong></span> <span class='ocrx_word' id='word_1_125' title='bbox 571 1749 779 1804; x_wconf 84' lang='lat' dir='ltr'><strong>deferri</strong></span> <span class='ocrx_word' id='word_1_126' title='bbox 845 1752 1249 1818; x_wconf 87' lang='lat' dir='ltr'><strong>cognosceret;</strong></span> <span class='ocrx_word' id='word_1_127' title='bbox 1311 1746 1501 1810; x_wconf 90' lang='lat' dir='ltr'><strong>modo,</strong></span> <span class='ocrx_word' id='word_1_128' title='bbox 1541 1759 1670 1797; x_wconf 89' lang='lat' dir='ltr'><strong>eum</strong></span> <span class='ocrx_word' id='word_1_129' title='bbox 1725 1759 1828 1814; x_wconf 90' lang='lat' dir='ltr'><strong>per</strong></span> <span class='ocrx_word' id='word_1_130' title='bbox 1880 1759 1938 1795; x_wconf 90' lang='lat' dir='ltr'><strong>se</strong></span> 
     </span>
    </p>
   </div>
   <div class='ocr_carea' id='block_1_20' title="bbox 253 1832 1936 1906">
    <p class='ocr_par' dir='ltr' id='par_1_20' title="bbox 253 1832 1936 1906">
     <span class='ocr_line' id='line_1_20' title="bbox 253 1832 1936 1906; baseline -0.007 -12"><span class='ocrx_word' id='word_1_131' title='bbox 253 1841 550 1894; x_wconf 86' lang='lat' dir='ltr'><strong>Heinricus</strong></span> <span class='ocrx_word' id='word_1_132' title='bbox 597 1837 770 1904; x_wconf 87' lang='lat' dir='ltr'><strong>venit,</strong></span> <span class='ocrx_word' id='word_1_133' title='bbox 823 1854 937 1890; x_wconf 92' lang='lat' dir='ltr'><strong>non</strong></span> <span class='ocrx_word' id='word_1_134' title='bbox 961 1836 1285 1900; x_wconf 83' lang='lat' dir='ltr'><strong>subsistam,</strong></span> <span class='ocrx_word' id='word_1_135' title='bbox 1334 1833 1562 1906; x_wconf 89' lang='lat' dir='ltr'><strong>inquit:</strong></span> <span class='ocrx_word' id='word_1_136' title='bbox 1611 1832 1936 1902; x_wconf 88' lang='lat' dir='ltr'><strong>statimque,</strong></span> 
     </span>
    </p>
   </div>
   <div class='ocr_carea' id='block_1_21' title="bbox 251 1918 1935 1995">
    <p class='ocr_par' dir='ltr' id='par_1_21' title="bbox 251 1918 1935 1995">
     <span class='ocr_line' id='line_1_21' title="bbox 251 1918 1935 1995; baseline -0.004 -14"><span class='ocrx_word' id='word_1_137' title='bbox 251 1943 378 1981; x_wconf 89' lang='lat' dir='ltr'><strong>cum</strong></span> <span class='ocrx_word' id='word_1_138' title='bbox 419 1929 666 1980; x_wconf 90' lang='lat' dir='ltr'><strong>clamore</strong></span> <span class='ocrx_word' id='word_1_139' title='bbox 694 1941 903 1995; x_wconf 87' lang='lat' dir='ltr'><strong>magno</strong></span> <span class='ocrx_word' id='word_1_140' title='bbox 950 1924 1242 1978; x_wconf 84' lang='lat' dir='ltr'><strong>hominem</strong></span> <span class='ocrx_word' id='word_1_141' title='bbox 1285 1937 1608 1993; x_wconf 90' lang='lat' dir='ltr'><strong>possessum</strong></span> <span class='ocrx_word' id='word_1_142' title='bbox 1663 1918 1935 1974; x_wconf 88' lang='lat' dir='ltr'><strong>deseruit.</strong></span> 
     </span>
    </p>
   </div>
   <div class='ocr_carea' id='block_1_22' title="bbox 253 2008 1938 2086">
    <p class='ocr_par' dir='ltr' id='par_1_22' title="bbox 253 2008 1938 2086">
     <span class='ocr_line' id='line_1_22' title="bbox 253 2008 1938 2086; baseline -0.005 -16"><span class='ocrx_word' id='word_1_143' title='bbox 253 2017 382 2070; x_wconf 64' lang='grc' dir='ltr'><strong>Ησθο</strong></span> <span class='ocrx_word' id='word_1_144' title='bbox 439 2015 560 2086; x_wconf 80' lang='lat' dir='ltr'><strong>ipsa</strong></span> <span class='ocrx_word' id='word_1_145' title='bbox 601 2013 694 2067; x_wconf 88' lang='lat' dir='ltr'><strong>die</strong></span> <span class='ocrx_word' id='word_1_146' title='bbox 745 2013 1023 2066; x_wconf 89' lang='lat' dir='ltr'><strong>adventus</strong></span> <span class='ocrx_word' id='word_1_147' title='bbox 1084 2011 1459 2082; x_wconf 86' lang='lat' dir='ltr'><strong>reliquiarum</strong></span> <span class='ocrx_word' id='word_1_148' title='bbox 1516 2009 1665 2062; x_wconf 84' lang='lat' dir='ltr'><strong>infra</strong></span> <span class='ocrx_word' id='word_1_149' title='bbox 1710 2008 1938 2063; x_wconf 84' lang='lat' dir='ltr'><strong>Missam</strong></span> 
     </span>
    </p>
   </div>
   <div class='ocr_carea' id='block_1_23' title="bbox 255 2107 592 2173">
    <p class='ocr_par' dir='ltr' id='par_1_23' title="bbox 255 2107 592 2173">
     <span class='ocr_line' id='line_1_23' title="bbox 255 2107 592 2173; baseline -0.006 -17"><span class='ocrx_word' id='word_1_150' title='bbox 255 2110 414 2173; x_wconf 81' lang='lat' dir='ltr'><strong>gesta</strong></span> <span class='ocrx_word' id='word_1_151' title='bbox 444 2107 592 2156; x_wconf 90' lang='lat' dir='ltr'><strong>sunt.</strong></span> 
     </span>
    </p>
   </div>
   <div class='ocr_carea' id='block_1_24' title="bbox 329 2181 1940 2254">
    <p class='ocr_par' dir='ltr' id='par_1_24' title="bbox 329 2181 1940 2254">
     <span class='ocr_line' id='line_1_24' title="bbox 329 2181 1940 2254; baseline -0.005 -11"><span class='ocrx_word' id='word_1_152' title='bbox 329 2191 412 2243; x_wconf 75' lang='grc'><strong>14.</strong></span> <span class='ocrx_word' id='word_1_153' title='bbox 473 2190 604 2242; x_wconf 88' lang='lat' dir='ltr'><strong>Erat</strong></span> <span class='ocrx_word' id='word_1_154' title='bbox 653 2187 710 2240; x_wconf 92' lang='lat' dir='ltr'><strong>in</strong></span> <span class='ocrx_word' id='word_1_155' title='bbox 742 2185 1032 2240; x_wconf 88' lang='lat' dir='ltr'><strong>territorio</strong></span> <span class='ocrx_word' id='word_1_156' title='bbox 1093 2182 1542 2254; x_wconf 83' lang='lat' dir='ltr'><strong>Merseburgensi</strong></span> <span class='ocrx_word' id='word_1_157' title='bbox 1581 2183 1790 2236; x_wconf 89' lang='lat' dir='ltr'><strong>mulier</strong></span> <span class='ocrx_word' id='word_1_158' title='bbox 1841 2181 1940 2236; x_wconf 91' lang='lat' dir='ltr'><strong>diu</strong></span> 
     </span>
    </p>
   </div>
   <div class='ocr_carea' id='block_1_25' title="bbox 252 2271 1936 2349">
    <p class='ocr_par' dir='ltr' id='par_1_25' title="bbox 252 2271 1936 2349">
     <span class='ocr_line' id='line_1_25' title="bbox 252 2271 1936 2349; baseline -0.004 -18"><span class='ocrx_word' id='word_1_159' title='bbox 252 2293 419 2338; x_wconf 66' lang='lat' dir='ltr'><strong>caeca,</strong></span> <span class='ocrx_word' id='word_1_160' title='bbox 449 2292 600 2347; x_wconf 67' lang='lat' dir='ltr'><strong>quae,</strong></span> <span class='ocrx_word' id='word_1_161' title='bbox 648 2275 1024 2349; x_wconf 70' lang='lat' dir='ltr'><strong>familiaribus</strong></span> <span class='ocrx_word' id='word_1_162' title='bbox 1075 2289 1298 2345; x_wconf 89' lang='lat' dir='ltr'><strong>gressus</strong></span> <span class='ocrx_word' id='word_1_163' title='bbox 1325 2289 1455 2327; x_wconf 90' lang='lat' dir='ltr'><strong>suos</strong></span> <span class='ocrx_word' id='word_1_164' title='bbox 1497 2273 1846 2343; x_wconf 88' lang='lat' dir='ltr'><strong>regentibus,</strong></span> <span class='ocrx_word' id='word_1_165' title='bbox 1880 2271 1936 2325; x_wconf 92' lang='lat' dir='ltr'><strong>in</strong></span> 
     </span>
    </p>
   </div>
   <div class='ocr_carea' id='block_1_26' title="bbox 253 2361 1939 2434">
    <p class='ocr_par' dir='ltr' id='par_1_26' title="bbox 253 2361 1939 2434">
     <span class='ocr_line' id='line_1_26' title="bbox 253 2361 1939 2434; baseline -0.002 -16"><span class='ocrx_word' id='word_1_166' title='bbox 253 2381 548 2419; x_wconf 90' lang='lat' dir='ltr'><strong>occursum</strong></span> <span class='ocrx_word' id='word_1_167' title='bbox 611 2364 871 2434; x_wconf 91' lang='lat' dir='ltr'><strong>reliquiis</strong></span> <span class='ocrx_word' id='word_1_168' title='bbox 932 2363 1080 2416; x_wconf 91' lang='lat' dir='ltr'><strong>ultra</strong></span> <span class='ocrx_word' id='word_1_169' title='bbox 1129 2361 1587 2432; x_wconf 86' lang='lat' dir='ltr'><strong>possibilitatem,</strong></span> <span class='ocrx_word' id='word_1_170' title='bbox 1641 2377 1738 2429; x_wconf 87' lang='lat' dir='ltr'><strong>spe</strong></span> <span class='ocrx_word' id='word_1_171' title='bbox 1777 2375 1939 2414; x_wconf 85' lang='lat' dir='ltr'><strong>recu-</strong></span> 
     </span>
    </p>
   </div>
   <div class='ocr_carea' id='block_1_27' title="bbox 251 2447 1941 2524">
    <p class='ocr_par' dir='ltr' id='par_1_27' title="bbox 251 2447 1941 2524">
     <span class='ocr_line' id='line_1_27' title="bbox 251 2447 1941 2524; baseline -0.004 -17"><span class='ocrx_word' id='word_1_172' title='bbox 251 2453 490 2524; x_wconf 87' lang='lat' dir='ltr'><strong>perandi</strong></span> <span class='ocrx_word' id='word_1_173' title='bbox 532 2453 705 2517; x_wconf 90' lang='lat' dir='ltr'><strong>visus,</strong></span> <span class='ocrx_word' id='word_1_174' title='bbox 758 2451 1122 2521; x_wconf 87' lang='lat' dir='ltr'><strong>properabat,</strong></span> <span class='ocrx_word' id='word_1_175' title='bbox 1175 2449 1436 2520; x_wconf 90' lang='lat' dir='ltr'><strong>nihilque</strong></span> <span class='ocrx_word' id='word_1_176' title='bbox 1497 2448 1698 2502; x_wconf 88' lang='lat' dir='ltr'><strong>salutis</strong></span> <span class='ocrx_word' id='word_1_177' title='bbox 1751 2448 1810 2501; x_wconf 91' lang='lat' dir='ltr'><strong>in</strong></span> <span class='ocrx_word' id='word_1_178' title='bbox 1849 2447 1941 2501; x_wconf 86' lang='lat' dir='ltr'><strong>via</strong></span> 
     </span>
    </p>
   </div>
   <div class='ocr_carea' id='block_1_28' title="bbox 252 2535 1940 2611">
    <p class='ocr_par' dir='ltr' id='par_1_28' title="bbox 252 2535 1940 2611">
     <span class='ocr_line' id='line_1_28' title="bbox 252 2535 1940 2611; baseline -0.005 -15"><span class='ocrx_word' id='word_1_179' title='bbox 252 2559 311 2596; x_wconf 89' lang='lat' dir='ltr'><strong>se</strong></span> <span class='ocrx_word' id='word_1_180' title='bbox 350 2541 658 2611; x_wconf 90' lang='lat' dir='ltr'><strong>recepisse,</strong></span> <span class='ocrx_word' id='word_1_181' title='bbox 705 2545 1066 2610; x_wconf 85' lang='lat' dir='ltr'><strong>peccatorum</strong></span> <span class='ocrx_word' id='word_1_182' title='bbox 1119 2554 1351 2592; x_wconf 91' lang='lat' dir='ltr'><strong>suorum</strong></span> <span class='ocrx_word' id='word_1_183' title='bbox 1402 2535 1690 2591; x_wconf 89' lang='lat' dir='ltr'><strong>obstaculo</strong></span> <span class='ocrx_word' id='word_1_184' title='bbox 1730 2535 1940 2590; x_wconf 90' lang='lat' dir='ltr'><strong>adscri-</strong></span> 
     </span>
    </p>
   </div>
   <div class='ocr_carea' id='block_1_29' title="bbox 249 2623 1940 2698">
    <p class='ocr_par' dir='ltr' id='par_1_29' title="bbox 249 2623 1940 2698">
     <span class='ocr_line' id='line_1_29' title="bbox 249 2623 1940 2698; baseline -0.005 -14"><span class='ocrx_word' id='word_1_185' title='bbox 249 2630 412 2691; x_wconf 80' lang='lat' dir='ltr'><strong>bens,</strong></span> <span class='ocrx_word' id='word_1_186' title='bbox 446 2628 637 2682; x_wconf 88' lang='lat' dir='ltr'><strong>triduo</strong></span> <span class='ocrx_word' id='word_1_187' title='bbox 670 2627 908 2698; x_wconf 84' lang='lat' dir='ltr'><strong>pervigil</strong></span> <span class='ocrx_word' id='word_1_188' title='bbox 951 2631 1006 2680; x_wconf 89' lang='lat' dir='ltr'><strong>et</strong></span> <span class='ocrx_word' id='word_1_189' title='bbox 1034 2626 1314 2680; x_wconf 86' lang='lat' dir='ltr'><strong>indefessa</strong></span> <span class='ocrx_word' id='word_1_190' title='bbox 1357 2641 1543 2696; x_wconf 88' lang='lat' dir='ltr'><strong>prece,</strong></span> <span class='ocrx_word' id='word_1_191' title='bbox 1581 2623 1786 2679; x_wconf 88' lang='lat' dir='ltr'><strong>Christi</strong></span> <span class='ocrx_word' id='word_1_192' title='bbox 1830 2623 1940 2676; x_wconf 91' lang='lat' dir='ltr'><strong>mi-</strong></span> 
     </span>
    </p>
   </div>
   <div class='ocr_carea' id='block_1_30' title="bbox 251 2713 1942 2786">
    <p class='ocr_par' dir='ltr' id='par_1_30' title="bbox 251 2713 1942 2786">
     <span class='ocr_line' id='line_1_30' title="bbox 251 2713 1942 2786; baseline -0.004 -16"><span class='ocrx_word' id='word_1_193' title='bbox 251 2716 571 2770; x_wconf 69' lang='lat' dir='ltr'><strong>sericordias</strong></span> <span class='ocrx_word' id='word_1_194' title='bbox 586 2715 824 2785; x_wconf 86' lang='lat' dir='ltr'><strong>januam</strong></span> <span class='ocrx_word' id='word_1_195' title='bbox 853 2714 1096 2786; x_wconf 89' lang='lat' dir='ltr'><strong>pulsavit</strong></span> <span class='ocrx_word' id='word_1_196' title='bbox 1128 2731 1140 2768; x_wconf 96' lang='lat'><strong>:</strong></span> <span class='ocrx_word' id='word_1_197' title='bbox 1171 2714 1518 2785; x_wconf 87' lang='lat' dir='ltr'><strong>tandemque</strong></span> <span class='ocrx_word' id='word_1_198' title='bbox 1564 2713 1704 2766; x_wconf 90' lang='lat' dir='ltr'><strong>lucis</strong></span> <span class='ocrx_word' id='word_1_199' title='bbox 1737 2717 1942 2784; x_wconf 66' lang='lat' dir='ltr'><strong>optatae</strong></span> 
     </span>
    </p>
   </div>
   <div class='ocr_carea' id='block_1_31' title="bbox 251 2801 1946 2874">
    <p class='ocr_par' dir='ltr' id='par_1_31' title="bbox 251 2801 1946 2874">
     <span class='ocr_line' id='line_1_31' title="bbox 251 2801 1946 2874; baseline -0.002 -17"><span class='ocrx_word' id='word_1_200' title='bbox 251 2803 587 2874; x_wconf 77' lang='lat' dir='ltr'><strong>suffragium</strong></span> <span class='ocrx_word' id='word_1_201' title='bbox 615 2820 717 2874; x_wconf 91' lang='lat' dir='ltr'><strong>per</strong></span> <span class='ocrx_word' id='word_1_202' title='bbox 767 2803 969 2856; x_wconf 87' lang='lat' dir='ltr'><strong>merita</strong></span> <span class='ocrx_word' id='word_1_203' title='bbox 1017 2803 1170 2856; x_wconf 88' lang='lat' dir='ltr'><strong>beati</strong></span> <span class='ocrx_word' id='word_1_204' title='bbox 1218 2802 1462 2857; x_wconf 79' lang='lat' dir='ltr'><strong>Heinrici</strong></span> <span class='ocrx_word' id='word_1_205' title='bbox 1515 2801 1780 2855; x_wconf 90' lang='lat' dir='ltr'><strong>obtinuit.</strong></span> <span class='ocrx_word' id='word_1_206' title='bbox 1816 2801 1946 2854; x_wconf 62' lang='lat' dir='ltr'><strong>Haec</strong></span> 
     </span>
    </p>
   </div>
   <div class='ocr_carea' id='block_1_32' title="bbox 251 2889 1941 2962">
    <p class='ocr_par' dir='ltr' id='par_1_32' title="bbox 251 2889 1941 2962">
     <span class='ocr_line' id='line_1_32' title="bbox 251 2889 1941 2962; baseline -0.003 -15"><span class='ocrx_word' id='word_1_207' title='bbox 251 2895 311 2948; x_wconf 93' lang='lat' dir='ltr'><strong>in</strong></span> <span class='ocrx_word' id='word_1_208' title='bbox 351 2894 571 2957; x_wconf 86' lang='lat' dir='ltr'><strong>eadem,</strong></span> <span class='ocrx_word' id='word_1_209' title='bbox 606 2908 718 2962; x_wconf 86' lang='lat' dir='ltr'><strong>qua</strong></span> <span class='ocrx_word' id='word_1_210' title='bbox 765 2891 943 2961; x_wconf 89' lang='lat' dir='ltr'><strong>prius,</strong></span> <span class='ocrx_word' id='word_1_211' title='bbox 999 2891 1153 2958; x_wconf 91' lang='lat' dir='ltr'><strong>villa,</strong></span> <span class='ocrx_word' id='word_1_212' title='bbox 1218 2892 1315 2945; x_wconf 90' lang='lat' dir='ltr'><strong>diu</strong></span> <span class='ocrx_word' id='word_1_213' title='bbox 1346 2890 1486 2944; x_wconf 86' lang='lat' dir='ltr'><strong>vixit</strong></span> <span class='ocrx_word' id='word_1_214' title='bbox 1520 2907 1532 2942; x_wconf 90' lang='lat'><strong>:</strong></span> <span class='ocrx_word' id='word_1_215' title='bbox 1565 2894 1798 2960; x_wconf 89' lang='lat' dir='ltr'><strong>tamque</strong></span> <span class='ocrx_word' id='word_1_216' title='bbox 1829 2889 1941 2942; x_wconf 87' lang='lat' dir='ltr'><strong>cla—</strong></span> 
     </span>
    </p>
   </div>
   <div class='ocr_carea' id='block_1_33' title="bbox 2057 509 3757 581">
    <p class='ocr_par' dir='ltr' id='par_1_33' title="bbox 2057 509 3757 581">
     <span class='ocr_line' id='line_1_33' title="bbox 2057 509 3757 581; baseline 0.001 -17"><span class='ocrx_word' id='word_1_217' title='bbox 2057 509 2244 579; x_wconf 90' lang='lat' dir='ltr'><strong>dictis,</strong></span> <span class='ocrx_word' id='word_1_218' title='bbox 2302 526 2421 581; x_wconf 68' lang='lat' dir='ltr'><strong>prae</strong></span> <span class='ocrx_word' id='word_1_219' title='bbox 2469 510 2660 575; x_wconf 80' lang='lat' dir='ltr'><strong>taedio,</strong></span> <span class='ocrx_word' id='word_1_220' title='bbox 2720 514 2891 580; x_wconf 91' lang='lat' dir='ltr'><strong>caput</strong></span> <span class='ocrx_word' id='word_1_221' title='bbox 2963 510 3032 564; x_wconf 91' lang='lat' dir='ltr'><strong>ad</strong></span> <span class='ocrx_word' id='word_1_222' title='bbox 3103 510 3390 565; x_wconf 89' lang='lat' dir='ltr'><strong>modicum</strong></span> <span class='ocrx_word' id='word_1_223' title='bbox 3447 511 3757 565; x_wconf 87' lang='lat' dir='ltr'><strong>reclinanti</strong></span> 
     </span>
    </p>
   </div>
   <div class='ocr_carea' id='block_1_34' title="bbox 2057 599 3756 670">
    <p class='ocr_par' dir='ltr' id='par_1_34' title="bbox 2057 599 3756 670">
     <span class='ocr_line' id='line_1_34' title="bbox 2057 599 3756 670; baseline 0.001 -18"><span class='ocrx_word' id='word_1_224' title='bbox 2057 614 2295 652; x_wconf 89' lang='lat' dir='ltr'><strong>somnus</strong></span> <span class='ocrx_word' id='word_1_225' title='bbox 2325 599 2578 668; x_wconf 91' lang='lat' dir='ltr'><strong>obrepsit</strong></span> <span class='ocrx_word' id='word_1_226' title='bbox 2609 616 2621 652; x_wconf 92' lang='lat'><strong>:</strong></span> <span class='ocrx_word' id='word_1_227' title='bbox 2655 599 2961 668; x_wconf 90' lang='lat' dir='ltr'><strong>statimque</strong></span> <span class='ocrx_word' id='word_1_228' title='bbox 2993 599 3202 665; x_wconf 90' lang='lat' dir='ltr'><strong>omnis,</strong></span> <span class='ocrx_word' id='word_1_229' title='bbox 3237 615 3351 670; x_wconf 89' lang='lat' dir='ltr'><strong>quo</strong></span> <span class='ocrx_word' id='word_1_230' title='bbox 3395 599 3493 653; x_wconf 91' lang='lat' dir='ltr'><strong>diu</strong></span> <span class='ocrx_word' id='word_1_231' title='bbox 3524 599 3756 654; x_wconf 87' lang='lat' dir='ltr'><strong>labora-</strong></span> 
     </span>
    </p>
   </div>
   <div class='ocr_carea' id='block_1_35' title="bbox 2054 687 3034 752">
    <p class='ocr_par' dir='ltr' id='par_1_35' title="bbox 2054 687 3034 752">
     <span class='ocr_line' id='line_1_35' title="bbox 2054 687 3034 752; baseline 0.002 -13"><span class='ocrx_word' id='word_1_232' title='bbox 2054 691 2234 752; x_wconf 86' lang='lat' dir='ltr'><strong>verat,</strong></span> <span class='ocrx_word' id='word_1_233' title='bbox 2267 687 2433 740; x_wconf 90' lang='lat' dir='ltr'><strong>dolor</strong></span> <span class='ocrx_word' id='word_1_234' title='bbox 2462 687 2718 740; x_wconf 87' lang='lat' dir='ltr'><strong>funditus</strong></span> <span class='ocrx_word' id='word_1_235' title='bbox 2748 687 3034 741; x_wconf 84' lang='lat' dir='ltr'><strong>abscessit.</strong></span> 
     </span>
    </p>
   </div>
   <div class='ocr_carea' id='block_1_36' title="bbox 2133 774 3756 848">
    <p class='ocr_par' dir='ltr' id='par_1_36' title="bbox 2133 774 3756 848">
     <span class='ocr_line' id='line_1_36' title="bbox 2133 774 3756 848; baseline 0.001 -20"><span class='ocrx_word' id='word_1_236' title='bbox 2133 774 2314 828; x_wconf 87' lang='lat' dir='ltr'><strong>17.1n</strong></span> <span class='ocrx_word' id='word_1_237' title='bbox 2373 775 2714 828; x_wconf 87' lang='lat' dir='ltr'><strong>Monasterio</strong></span> <span class='ocrx_word' id='word_1_238' title='bbox 2773 774 2926 829; x_wconf 89' lang='lat' dir='ltr'><strong>beati</strong></span> <span class='ocrx_word' id='word_1_239' title='bbox 2986 775 3162 843; x_wconf 88' lang='lat' dir='ltr'><strong>Petri,</strong></span> <span class='ocrx_word' id='word_1_240' title='bbox 3217 776 3370 848; x_wconf 80' lang='lat' dir='ltr'><strong>quod</strong></span> <span class='ocrx_word' id='word_1_241' title='bbox 3433 776 3756 830; x_wconf 79' lang='lat' dir='ltr'><strong>Mersebur-</strong></span> 
     </span>
    </p>
   </div>
   <div class='ocr_carea' id='block_1_37' title="bbox 2057 862 3757 933">
    <p class='ocr_par' dir='ltr' id='par_1_37' title="bbox 2057 862 3757 933">
     <span class='ocr_line' id='line_1_37' title="bbox 2057 862 3757 933; baseline 0.001 -19"><span class='ocrx_word' id='word_1_242' title='bbox 2057 862 2220 929; x_wconf 73' lang='lat' dir='ltr'><strong>gensi</strong></span> <span class='ocrx_word' id='word_1_243' title='bbox 2249 863 2465 917; x_wconf 85' lang='lat' dir='ltr'><strong>civitati</strong></span> <span class='ocrx_word' id='word_1_244' title='bbox 2513 863 2849 933; x_wconf 88' lang='lat' dir='ltr'><strong>contiguum</strong></span> <span class='ocrx_word' id='word_1_245' title='bbox 2882 868 2986 929; x_wconf 90' lang='lat' dir='ltr'><strong>est,</strong></span> <span class='ocrx_word' id='word_1_246' title='bbox 3017 879 3108 917; x_wconf 88' lang='lat' dir='ltr'><strong>res</strong></span> <span class='ocrx_word' id='word_1_247' title='bbox 3141 864 3268 917; x_wconf 90' lang='lat' dir='ltr'><strong>talis</strong></span> <span class='ocrx_word' id='word_1_248' title='bbox 3316 864 3536 931; x_wconf 90' lang='lat' dir='ltr'><strong>accidit,</strong></span> <span class='ocrx_word' id='word_1_249' title='bbox 3588 865 3757 932; x_wconf 85' lang='lat' dir='ltr'><strong>cujus</strong></span> 
     </span>
    </p>
   </div>
   <div class='ocr_carea' id='block_1_38' title="bbox 2055 951 3757 1022">
    <p class='ocr_par' dir='ltr' id='par_1_38' title="bbox 2055 951 3757 1022">
     <span class='ocr_line' id='line_1_38' title="bbox 2055 951 3757 1022; baseline 0 -18"><span class='ocrx_word' id='word_1_250' title='bbox 2055 954 2174 1004; x_wconf 85' lang='lat' dir='ltr'><strong>fere</strong></span> <span class='ocrx_word' id='word_1_251' title='bbox 2212 951 2398 1004; x_wconf 89' lang='lat' dir='ltr'><strong>omnis</strong></span> <span class='ocrx_word' id='word_1_252' title='bbox 2428 951 2796 1022; x_wconf 87' lang='lat' dir='ltr'><strong>congregatio</strong></span> <span class='ocrx_word' id='word_1_253' title='bbox 2835 951 3142 1017; x_wconf 85' lang='lat' dir='ltr'><strong>meminit;</strong></span> <span class='ocrx_word' id='word_1_254' title='bbox 3177 951 3417 1022; x_wconf 85' lang='lat' dir='ltr'><strong>ipseque</strong></span> <span class='ocrx_word' id='word_1_255' title='bbox 3463 951 3656 1019; x_wconf 85' lang='lat' dir='ltr'><strong>frater,</strong></span> <span class='ocrx_word' id='word_1_256' title='bbox 3683 951 3757 1004; x_wconf 89' lang='lat' dir='ltr'><strong>de</strong></span> 
     </span>
    </p>
   </div>
   <div class='ocr_carea' id='block_1_39' title="bbox 2057 1038 3760 1110">
    <p class='ocr_par' dir='ltr' id='par_1_39' title="bbox 2057 1038 3760 1110">
     <span class='ocr_line' id='line_1_39' title="bbox 2057 1038 3760 1110; baseline -0.001 -18"><span class='ocrx_word' id='word_1_257' title='bbox 2057 1055 2170 1110; x_wconf 91' lang='lat' dir='ltr'><strong>quo</strong></span> <span class='ocrx_word' id='word_1_258' title='bbox 2223 1055 2411 1094; x_wconf 87' lang='lat' dir='ltr'><strong>sermo</strong></span> <span class='ocrx_word' id='word_1_259' title='bbox 2442 1043 2546 1103; x_wconf 90' lang='lat' dir='ltr'><strong>est,</strong></span> <span class='ocrx_word' id='word_1_260' title='bbox 2600 1039 2786 1093; x_wconf 90' lang='lat' dir='ltr'><strong>adhuc</strong></span> <span class='ocrx_word' id='word_1_261' title='bbox 2816 1044 3102 1109; x_wconf 88' lang='lat' dir='ltr'><strong>superstes</strong></span> <span class='ocrx_word' id='word_1_262' title='bbox 3132 1038 3464 1110; x_wconf 87' lang='lat' dir='ltr'><strong>inquisitus,</strong></span> <span class='ocrx_word' id='word_1_263' title='bbox 3501 1055 3630 1092; x_wconf 90' lang='lat' dir='ltr'><strong>cum</strong></span> <span class='ocrx_word' id='word_1_264' title='bbox 3665 1054 3760 1108; x_wconf 85' lang='lat' dir='ltr'><strong>ge-</strong></span> 
     </span>
    </p>
   </div>
   <div class='ocr_carea' id='block_1_40' title="bbox 2056 1126 3753 1188">
    <p class='ocr_par' dir='ltr' id='par_1_40' title="bbox 2056 1126 3753 1188">
     <span class='ocr_line' id='line_1_40' title="bbox 2056 1126 3753 1188; baseline -0.001 -8"><span class='ocrx_word' id='word_1_265' title='bbox 2056 1126 2204 1181; x_wconf 89' lang='lat' dir='ltr'><strong>mitu</strong></span> <span class='ocrx_word' id='word_1_266' title='bbox 2239 1129 2451 1181; x_wconf 83' lang='lat' dir='ltr'><strong>referre</strong></span> <span class='ocrx_word' id='word_1_267' title='bbox 2499 1127 2809 1181; x_wconf 89' lang='lat' dir='ltr'><strong>consuevit.</strong></span> <span class='ocrx_word' id='word_1_268' title='bbox 2857 1127 2995 1180; x_wconf 91' lang='lat' dir='ltr'><strong>Cum</strong></span> <span class='ocrx_word' id='word_1_269' title='bbox 3041 1127 3250 1181; x_wconf 90' lang='lat' dir='ltr'><strong>festum</strong></span> <span class='ocrx_word' id='word_1_270' title='bbox 3278 1127 3430 1181; x_wconf 88' lang='lat' dir='ltr'><strong>beati</strong></span> <span class='ocrx_word' id='word_1_271' title='bbox 3473 1126 3753 1188; x_wconf 69' lang='lat' dir='ltr'><strong>‘Heinrici,</strong></span> 
     </span>
    </p>
   </div>
   <div class='ocr_carea' id='block_1_41' title="bbox 2053 1215 3757 1286">
    <p class='ocr_par' dir='ltr' id='par_1_41' title="bbox 2053 1215 3757 1286">
     <span class='ocr_line' id='line_1_41' title="bbox 2053 1215 3757 1286; baseline -0.001 -17"><span class='ocrx_word' id='word_1_272' title='bbox 2053 1215 2180 1286; x_wconf 89' lang='lat' dir='ltr'><strong>pari</strong></span> <span class='ocrx_word' id='word_1_273' title='bbox 2206 1219 2360 1282; x_wconf 90' lang='lat' dir='ltr'><strong>voto,</strong></span> <span class='ocrx_word' id='word_1_274' title='bbox 2393 1215 2563 1286; x_wconf 87' lang='lat' dir='ltr'><strong>longe</strong></span> <span class='ocrx_word' id='word_1_275' title='bbox 2630 1216 2880 1286; x_wconf 79' lang='lat' dir='ltr'><strong>lateque,</strong></span> <span class='ocrx_word' id='word_1_276' title='bbox 2937 1231 3135 1269; x_wconf 89' lang='lat' dir='ltr'><strong>omnes</strong></span> <span class='ocrx_word' id='word_1_277' title='bbox 3173 1221 3342 1269; x_wconf 63' lang='lat' dir='ltr'><strong>terra:</strong></span> <span class='ocrx_word' id='word_1_278' title='bbox 3390 1215 3521 1269; x_wconf 89' lang='lat' dir='ltr'><strong>illus</strong></span> <span class='ocrx_word' id='word_1_279' title='bbox 3571 1216 3757 1268; x_wconf 89' lang='lat' dir='ltr'><strong>eccle-</strong></span> 
     </span>
    </p>
   </div>
   <div class='ocr_carea' id='block_1_42' title="bbox 2054 1303 3758 1374">
    <p class='ocr_par' dir='ltr' id='par_1_42' title="bbox 2054 1303 3758 1374">
     <span class='ocr_line' id='line_1_42' title="bbox 2054 1303 3758 1374; baseline 0 -17"><span class='ocrx_word' id='word_1_280' title='bbox 2054 1304 2177 1372; x_wconf 78' lang='lat' dir='ltr'><strong>siae,</strong></span> <span class='ocrx_word' id='word_1_281' title='bbox 2231 1304 2341 1358; x_wconf 93' lang='lat' dir='ltr'><strong>ritu</strong></span> <span class='ocrx_word' id='word_1_282' title='bbox 2396 1303 2684 1358; x_wconf 87' lang='lat' dir='ltr'><strong>festiviore</strong></span> <span class='ocrx_word' id='word_1_283' title='bbox 2741 1304 3043 1358; x_wconf 89' lang='lat' dir='ltr'><strong>colendum</strong></span> <span class='ocrx_word' id='word_1_284' title='bbox 3118 1305 3474 1374; x_wconf 83' lang='lat' dir='ltr'><strong>exciperent;</strong></span> <span class='ocrx_word' id='word_1_285' title='bbox 3527 1304 3758 1368; x_wconf 88' lang='lat' dir='ltr'><strong>eadem,</strong></span> 
     </span>
    </p>
   </div>
   <div class='ocr_carea' id='block_1_43' title="bbox 2054 1392 3759 1465">
    <p class='ocr_par' dir='ltr' id='par_1_43' title="bbox 2054 1392 3759 1465">
     <span class='ocr_line' id='line_1_43' title="bbox 2054 1392 3759 1465; baseline -0.001 -19"><span class='ocrx_word' id='word_1_286' title='bbox 2054 1397 2272 1465; x_wconf 90' lang='lat' dir='ltr'><strong>quanto</strong></span> <span class='ocrx_word' id='word_1_287' title='bbox 2301 1392 2564 1462; x_wconf 84' lang='lat' dir='ltr'><strong>vicinior,</strong></span> <span class='ocrx_word' id='word_1_288' title='bbox 2604 1397 2762 1446; x_wconf 91' lang='lat' dir='ltr'><strong>tanto</strong></span> <span class='ocrx_word' id='word_1_289' title='bbox 2790 1393 2851 1446; x_wconf 91' lang='lat' dir='ltr'><strong>in</strong></span> <span class='ocrx_word' id='word_1_290' title='bbox 2901 1393 3068 1447; x_wconf 86' lang='lat' dir='ltr'><strong>laude</strong></span> <span class='ocrx_word' id='word_1_291' title='bbox 3117 1393 3272 1446; x_wconf 88' lang='lat' dir='ltr'><strong>illius</strong></span> <span class='ocrx_word' id='word_1_292' title='bbox 3309 1396 3600 1462; x_wconf 85' lang='lat' dir='ltr'><strong>prompta,</strong></span> <span class='ocrx_word' id='word_1_293' title='bbox 3647 1407 3759 1462; x_wconf 90' lang='lat' dir='ltr'><strong>pro</strong></span> 
     </span>
    </p>
   </div>
   <div class='ocr_carea' id='block_1_44' title="bbox 2055 1478 3758 1552">
    <p class='ocr_par' dir='ltr' id='par_1_44' title="bbox 2055 1478 3758 1552">
     <span class='ocr_line' id='line_1_44' title="bbox 2055 1478 3758 1552; baseline -0.001 -18"><span class='ocrx_word' id='word_1_294' title='bbox 2055 1497 2159 1535; x_wconf 92' lang='lat' dir='ltr'><strong>suo</strong></span> <span class='ocrx_word' id='word_1_295' title='bbox 2191 1497 2378 1552; x_wconf 89' lang='lat' dir='ltr'><strong>posse,</strong></span> <span class='ocrx_word' id='word_1_296' title='bbox 2414 1481 2586 1550; x_wconf 63' lang='lat' dir='ltr'><strong>caspit</strong></span> <span class='ocrx_word' id='word_1_297' title='bbox 2611 1496 2732 1534; x_wconf 90' lang='lat' dir='ltr'><strong>esse</strong></span> <span class='ocrx_word' id='word_1_298' title='bbox 2764 1480 3039 1535; x_wconf 86' lang='lat' dir='ltr'><strong>ornatior.</strong></span> <span class='ocrx_word' id='word_1_299' title='bbox 3074 1479 3182 1534; x_wconf 88' lang='lat' dir='ltr'><strong>Sed</strong></span> <span class='ocrx_word' id='word_1_300' title='bbox 3213 1479 3350 1550; x_wconf 89' lang='lat' dir='ltr'><strong>quia</strong></span> <span class='ocrx_word' id='word_1_301' title='bbox 3392 1478 3758 1550; x_wconf 89' lang='lat' dir='ltr'><strong>impossibile</strong></span> 
     </span>
    </p>
   </div>
   <div class='ocr_carea' id='block_1_45' title="bbox 2057 1565 3759 1640">
    <p class='ocr_par' dir='ltr' id='par_1_45' title="bbox 2057 1565 3759 1640">
     <span class='ocr_line' id='line_1_45' title="bbox 2057 1565 3759 1640; baseline -0.001 -18"><span class='ocrx_word' id='word_1_302' title='bbox 2057 1573 2140 1623; x_wconf 85' lang='lat' dir='ltr'><strong>est</strong></span> <span class='ocrx_word' id='word_1_303' title='bbox 2169 1574 2254 1635; x_wconf 90' lang='lat' dir='ltr'><strong>ut,</strong></span> <span class='ocrx_word' id='word_1_304' title='bbox 2281 1569 2338 1623; x_wconf 90' lang='lat' dir='ltr'><strong>in</strong></span> <span class='ocrx_word' id='word_1_305' title='bbox 2392 1568 2680 1639; x_wconf 86' lang='lat' dir='ltr'><strong>prosperis</strong></span> <span class='ocrx_word' id='word_1_306' title='bbox 2724 1565 2872 1639; x_wconf 87' lang='lat' dir='ltr'><strong>quis,</strong></span> <span class='ocrx_word' id='word_1_307' title='bbox 2925 1568 3187 1640; x_wconf 86' lang='lat' dir='ltr'><strong>quamvis</strong></span> <span class='ocrx_word' id='word_1_308' title='bbox 3231 1569 3440 1638; x_wconf 88' lang='lat' dir='ltr'><strong>justus,</strong></span> <span class='ocrx_word' id='word_1_309' title='bbox 3489 1567 3759 1638; x_wconf 86' lang='lat' dir='ltr'><strong>quamvis</strong></span> 
     </span>
    </p>
   </div>
   <div class='ocr_carea' id='block_1_46' title="bbox 2056 1655 3804 1728">
    <p class='ocr_par' dir='ltr' id='par_1_46' title="bbox 2056 1655 3804 1728">
     <span class='ocr_line' id='line_1_46' title="bbox 2056 1655 3804 1728; baseline -0.001 -18"><span class='ocrx_word' id='word_1_310' title='bbox 2056 1663 2304 1722; x_wconf 89' lang='lat' dir='ltr'><strong>sanctus,</strong></span> <span class='ocrx_word' id='word_1_311' title='bbox 2361 1658 2597 1711; x_wconf 84' lang='lat' dir='ltr'><strong>livorem</strong></span> <span class='ocrx_word' id='word_1_312' title='bbox 2657 1657 2915 1727; x_wconf 78' lang='lat' dir='ltr'><strong>effugiat,</strong></span> <span class='ocrx_word' id='word_1_313' title='bbox 2982 1657 3160 1711; x_wconf 85' lang='lat' dir='ltr'><strong>frater</strong></span> <span class='ocrx_word' id='word_1_314' title='bbox 3211 1657 3462 1728; x_wconf 90' lang='lat' dir='ltr'><strong>quidam,</strong></span> <span class='ocrx_word' id='word_1_315' title='bbox 3520 1655 3804 1709; x_wconf 52' lang='lat' dir='ltr'><strong>invidias</strong></span> 
     </span>
    </p>
   </div>
   <div class='ocr_carea' id='block_1_47' title="bbox 2051 1744 3753 1815">
    <p class='ocr_par' dir='ltr' id='par_1_47' title="bbox 2051 1744 3753 1815">
     <span class='ocr_line' id='line_1_47' title="bbox 2051 1744 3753 1815; baseline -0.002 -16"><span class='ocrx_word' id='word_1_316' title='bbox 2051 1745 2297 1799; x_wconf 89' lang='lat' dir='ltr'><strong>stimulis</strong></span> <span class='ocrx_word' id='word_1_317' title='bbox 2327 1749 2503 1811; x_wconf 91' lang='lat' dir='ltr'><strong>actus,</strong></span> <span class='ocrx_word' id='word_1_318' title='bbox 2549 1745 2672 1815; x_wconf 89' lang='lat' dir='ltr'><strong>ejus</strong></span> <span class='ocrx_word' id='word_1_319' title='bbox 2730 1745 3012 1799; x_wconf 88' lang='lat' dir='ltr'><strong>sanctitati</strong></span> <span class='ocrx_word' id='word_1_320' title='bbox 3047 1761 3162 1798; x_wconf 91' lang='lat' dir='ltr'><strong>non</strong></span> <span class='ocrx_word' id='word_1_321' title='bbox 3217 1745 3410 1798; x_wconf 86' lang='lat' dir='ltr'><strong>timuit</strong></span> <span class='ocrx_word' id='word_1_322' title='bbox 3447 1744 3753 1813; x_wconf 87' lang='lat' dir='ltr'><strong>derogare,</strong></span> 
     </span>
    </p>
   </div>
   <div class='ocr_carea' id='block_1_48' title="bbox 2051 1831 3756 1904">
    <p class='ocr_par' dir='ltr' id='par_1_48' title="bbox 2051 1831 3756 1904">
     <span class='ocr_line' id='line_1_48' title="bbox 2051 1831 3756 1904; baseline -0.002 -17"><span class='ocrx_word' id='word_1_323' title='bbox 2051 1839 2107 1887; x_wconf 92' lang='lat' dir='ltr'><strong>et</strong></span> <span class='ocrx_word' id='word_1_324' title='bbox 2138 1833 2323 1888; x_wconf 91' lang='lat' dir='ltr'><strong>modis</strong></span> <span class='ocrx_word' id='word_1_325' title='bbox 2363 1834 2652 1901; x_wconf 89' lang='lat' dir='ltr'><strong>omnibus,</strong></span> <span class='ocrx_word' id='word_1_326' title='bbox 2684 1835 2807 1903; x_wconf 89' lang='lat' dir='ltr'><strong>ejus</strong></span> <span class='ocrx_word' id='word_1_327' title='bbox 2847 1839 3130 1904; x_wconf 88' lang='lat' dir='ltr'><strong>quantum</strong></span> <span class='ocrx_word' id='word_1_328' title='bbox 3163 1836 3221 1886; x_wconf 92' lang='lat' dir='ltr'><strong>in</strong></span> <span class='ocrx_word' id='word_1_329' title='bbox 3251 1834 3374 1904; x_wconf 90' lang='lat' dir='ltr'><strong>ipso</strong></span> <span class='ocrx_word' id='word_1_330' title='bbox 3418 1831 3546 1898; x_wconf 82' lang='lat' dir='ltr'><strong>fuit,</strong></span> <span class='ocrx_word' id='word_1_331' title='bbox 3577 1831 3756 1886; x_wconf 87' lang='lat' dir='ltr'><strong>reniti</strong></span> 
     </span>
    </p>
   </div>
   <div class='ocr_carea' id='block_1_49' title="bbox 2051 1920 3757 1992">
    <p class='ocr_par' dir='ltr' id='par_1_49' title="bbox 2051 1920 3757 1992">
     <span class='ocr_line' id='line_1_49' title="bbox 2051 1920 3757 1992; baseline -0.001 -18"><span class='ocrx_word' id='word_1_332' title='bbox 2051 1921 2270 1991; x_wconf 71' lang='lat' dir='ltr'><strong>glorim,</strong></span> <span class='ocrx_word' id='word_1_333' title='bbox 2302 1921 2362 1974; x_wconf 91' lang='lat' dir='ltr'><strong>in</strong></span> <span class='ocrx_word' id='word_1_334' title='bbox 2393 1925 2640 1987; x_wconf 88' lang='lat' dir='ltr'><strong>tantum,</strong></span> <span class='ocrx_word' id='word_1_335' title='bbox 2694 1925 2758 1974; x_wconf 87' lang='lat' dir='ltr'><strong>ut</strong></span> <span class='ocrx_word' id='word_1_336' title='bbox 2785 1937 2851 1974; x_wconf 90' lang='lat' dir='ltr'><strong>ea</strong></span> <span class='ocrx_word' id='word_1_337' title='bbox 2911 1921 3001 1974; x_wconf 93' lang='lat' dir='ltr'><strong>die</strong></span> <span class='ocrx_word' id='word_1_338' title='bbox 3026 1921 3270 1974; x_wconf 89' lang='lat' dir='ltr'><strong>cultiora</strong></span> <span class='ocrx_word' id='word_1_339' title='bbox 3298 1936 3544 1992; x_wconf 76' lang='lat' dir='ltr'><strong>quaeque</strong></span> <span class='ocrx_word' id='word_1_340' title='bbox 3593 1920 3757 1990; x_wconf 89' lang='lat' dir='ltr'><strong>(quia</strong></span> 
     </span>
    </p>
   </div>
   <div class='ocr_carea' id='block_1_50' title="bbox 2048 2007 3754 2079">
    <p class='ocr_par' dir='ltr' id='par_1_50' title="bbox 2048 2007 3754 2079">
     <span class='ocr_line' id='line_1_50' title="bbox 2048 2007 3754 2079; baseline 0 -18"><span class='ocrx_word' id='word_1_341' title='bbox 2048 2015 2186 2062; x_wconf 87' lang='lat' dir='ltr'><strong>tunc</strong></span> <span class='ocrx_word' id='word_1_342' title='bbox 2223 2009 2471 2063; x_wconf 89' lang='lat' dir='ltr'><strong>custodis</strong></span> <span class='ocrx_word' id='word_1_343' title='bbox 2514 2008 2701 2062; x_wconf 86' lang='lat' dir='ltr'><strong>ofﬁcio</strong></span> <span class='ocrx_word' id='word_1_344' title='bbox 2754 2008 3149 2079; x_wconf 87' lang='lat' dir='ltr'><strong>fungebatur),</strong></span> <span class='ocrx_word' id='word_1_345' title='bbox 3185 2011 3514 2074; x_wconf 86' lang='lat' dir='ltr'><strong>occultaret,</strong></span> <span class='ocrx_word' id='word_1_346' title='bbox 3549 2013 3606 2062; x_wconf 92' lang='lat' dir='ltr'><strong>et</strong></span> <span class='ocrx_word' id='word_1_347' title='bbox 3669 2007 3754 2061; x_wconf 90' lang='lat' dir='ltr'><strong>si-</strong></span> 
     </span>
    </p>
   </div>
   <div class='ocr_carea' id='block_1_51' title="bbox 2049 2097 3750 2168">
    <p class='ocr_par' dir='ltr' id='par_1_51' title="bbox 2049 2097 3750 2168">
     <span class='ocr_line' id='line_1_51' title="bbox 2049 2097 3750 2168; baseline 0 -18"><span class='ocrx_word' id='word_1_348' title='bbox 2049 2113 2295 2167; x_wconf 87' lang='lat' dir='ltr'><strong>gnorum</strong></span> <span class='ocrx_word' id='word_1_349' title='bbox 2348 2097 2655 2166; x_wconf 88' lang='lat' dir='ltr'><strong>grandium</strong></span> <span class='ocrx_word' id='word_1_350' title='bbox 2711 2097 3145 2151; x_wconf 86' lang='lat' dir='ltr'><strong>consonantiam</strong></span> <span class='ocrx_word' id='word_1_351' title='bbox 3207 2097 3573 2168; x_wconf 71' lang='lat' dir='ltr'><strong>praepediret.</strong></span> <span class='ocrx_word' id='word_1_352' title='bbox 3637 2097 3750 2151; x_wconf 83' lang='lat' dir='ltr'><strong>Sed</strong></span> 
     </span>
    </p>
   </div>
   <div class='ocr_carea' id='block_1_52' title="bbox 2051 2183 3754 2256">
    <p class='ocr_par' dir='ltr' id='par_1_52' title="bbox 2051 2183 3754 2256">
     <span class='ocr_line' id='line_1_52' title="bbox 2051 2183 3754 2256; baseline -0.001 -16"><span class='ocrx_word' id='word_1_353' title='bbox 2051 2201 2167 2240; x_wconf 91' lang='lat' dir='ltr'><strong>non</strong></span> <span class='ocrx_word' id='word_1_354' title='bbox 2217 2185 2313 2240; x_wconf 91' lang='lat' dir='ltr'><strong>diu</strong></span> <span class='ocrx_word' id='word_1_355' title='bbox 2370 2186 2547 2240; x_wconf 90' lang='lat' dir='ltr'><strong>frater</strong></span> <span class='ocrx_word' id='word_1_356' title='bbox 2575 2185 2672 2239; x_wconf 91' lang='lat' dir='ltr'><strong>ille</strong></span> <span class='ocrx_word' id='word_1_357' title='bbox 2729 2185 2968 2256; x_wconf 89' lang='lat' dir='ltr'><strong>impune</strong></span> <span class='ocrx_word' id='word_1_358' title='bbox 3029 2185 3148 2250; x_wconf 87' lang='lat' dir='ltr'><strong>Dei,</strong></span> <span class='ocrx_word' id='word_1_359' title='bbox 3205 2191 3261 2239; x_wconf 89' lang='lat' dir='ltr'><strong>et</strong></span> <span class='ocrx_word' id='word_1_360' title='bbox 3296 2185 3447 2240; x_wconf 90' lang='lat' dir='ltr'><strong>beati</strong></span> <span class='ocrx_word' id='word_1_361' title='bbox 3493 2183 3754 2240; x_wconf 83' lang='lat' dir='ltr'><strong>Heinrici</strong></span> 
     </span>
    </p>
   </div>
   <div class='ocr_carea' id='block_1_53' title="bbox 2049 2274 3753 2345">
    <p class='ocr_par' dir='ltr' id='par_1_53' title="bbox 2049 2274 3753 2345">
     <span class='ocr_line' id='line_1_53' title="bbox 2049 2274 3753 2345; baseline -0.001 -17"><span class='ocrx_word' id='word_1_362' title='bbox 2049 2275 2183 2329; x_wconf 87' lang='lat' dir='ltr'><strong>tulit</strong></span> <span class='ocrx_word' id='word_1_363' title='bbox 2237 2274 2540 2329; x_wconf 81' lang='lat' dir='ltr'><strong>offensam.</strong></span> <span class='ocrx_word' id='word_1_364' title='bbox 2611 2275 2752 2328; x_wconf 85' lang='lat' dir='ltr'><strong>Nam</strong></span> <span class='ocrx_word' id='word_1_365' title='bbox 2830 2275 3003 2345; x_wconf 75' lang='lat' dir='ltr'><strong>coepit</strong></span> <span class='ocrx_word' id='word_1_366' title='bbox 3087 2275 3277 2328; x_wconf 86' lang='lat' dir='ltr'><strong>subito</strong></span> <span class='ocrx_word' id='word_1_367' title='bbox 3333 2291 3572 2344; x_wconf 90' lang='lat' dir='ltr'><strong>corpore</strong></span> <span class='ocrx_word' id='word_1_368' title='bbox 3627 2276 3753 2328; x_wconf 86' lang='lat' dir='ltr'><strong>fere</strong></span> 
     </span>
    </p>
   </div>
   <div class='ocr_carea' id='block_1_54' title="bbox 2053 2362 3750 2435">
    <p class='ocr_par' dir='ltr' id='par_1_54' title="bbox 2053 2362 3750 2435">
     <span class='ocr_line' id='line_1_54' title="bbox 2053 2362 3750 2435; baseline -0.001 -18"><span class='ocrx_word' id='word_1_369' title='bbox 2053 2363 2310 2435; x_wconf 91' lang='lat' dir='ltr'><strong>quinque</strong></span> <span class='ocrx_word' id='word_1_370' title='bbox 2350 2379 2622 2417; x_wconf 91' lang='lat' dir='ltr'><strong>sensuum</strong></span> <span class='ocrx_word' id='word_1_371' title='bbox 2655 2362 2845 2417; x_wconf 89' lang='lat' dir='ltr'><strong>ofﬁcio</strong></span> <span class='ocrx_word' id='word_1_372' title='bbox 2887 2363 3144 2434; x_wconf 87' lang='lat' dir='ltr'><strong>privari:</strong></span> <span class='ocrx_word' id='word_1_373' title='bbox 3184 2363 3389 2418; x_wconf 88' lang='lat' dir='ltr'><strong>deinde</strong></span> <span class='ocrx_word' id='word_1_374' title='bbox 3431 2362 3612 2417; x_wconf 84' lang='lat' dir='ltr'><strong>animi</strong></span> <span class='ocrx_word' id='word_1_375' title='bbox 3664 2362 3750 2415; x_wconf 92' lang='lat' dir='ltr'><strong>ri-</strong></span> 
     </span>
    </p>
   </div>
   <div class='ocr_carea' id='block_1_55' title="bbox 2052 2451 3755 2522">
    <p class='ocr_par' dir='ltr' id='par_1_55' title="bbox 2052 2451 3755 2522">
     <span class='ocr_line' id='line_1_55' title="bbox 2052 2451 3755 2522; baseline -0.001 -17"><span class='ocrx_word' id='word_1_376' title='bbox 2052 2467 2189 2521; x_wconf 89' lang='lat' dir='ltr'><strong>gore</strong></span> <span class='ocrx_word' id='word_1_377' title='bbox 2239 2452 2449 2516; x_wconf 84' lang='lat' dir='ltr'><strong>laxato,</strong></span> <span class='ocrx_word' id='word_1_378' title='bbox 2485 2451 2673 2522; x_wconf 89' lang='lat' dir='ltr'><strong>palam</strong></span> <span class='ocrx_word' id='word_1_379' title='bbox 2707 2451 2972 2505; x_wconf 89' lang='lat' dir='ltr'><strong>omnibus</strong></span> <span class='ocrx_word' id='word_1_380' title='bbox 3010 2451 3108 2505; x_wconf 89' lang='lat' dir='ltr'><strong>Dei</strong></span> <span class='ocrx_word' id='word_1_381' title='bbox 3133 2451 3413 2521; x_wconf 89' lang='lat' dir='ltr'><strong>judicium</strong></span> <span class='ocrx_word' id='word_1_382' title='bbox 3439 2451 3499 2504; x_wconf 91' lang='lat' dir='ltr'><strong>in</strong></span> <span class='ocrx_word' id='word_1_383' title='bbox 3528 2466 3586 2504; x_wconf 89' lang='lat' dir='ltr'><strong>se</strong></span> <span class='ocrx_word' id='word_1_384' title='bbox 3618 2466 3755 2520; x_wconf 88' lang='lat' dir='ltr'><strong>pro-</strong></span> 
     </span>
    </p>
   </div>
   <div class='ocr_carea' id='block_1_56' title="bbox 2050 2538 3752 2611">
    <p class='ocr_par' dir='ltr' id='par_1_56' title="bbox 2050 2538 3752 2611">
     <span class='ocr_line' id='line_1_56' title="bbox 2050 2538 3752 2611; baseline -0.001 -17"><span class='ocrx_word' id='word_1_385' title='bbox 2050 2541 2269 2608; x_wconf 85' lang='lat' dir='ltr'><strong>testari,</strong></span> <span class='ocrx_word' id='word_1_386' title='bbox 2313 2539 2506 2611; x_wconf 90' lang='lat' dir='ltr'><strong>sicque</strong></span> <span class='ocrx_word' id='word_1_387' title='bbox 2558 2539 2797 2594; x_wconf 89' lang='lat' dir='ltr'><strong>necdum</strong></span> <span class='ocrx_word' id='word_1_388' title='bbox 2848 2539 2916 2593; x_wconf 90' lang='lat' dir='ltr'><strong>ad</strong></span> <span class='ocrx_word' id='word_1_389' title='bbox 2979 2540 3296 2610; x_wconf 88' lang='lat' dir='ltr'><strong>perfectum</strong></span> <span class='ocrx_word' id='word_1_390' title='bbox 3357 2545 3608 2606; x_wconf 76' lang='lat' dir='ltr'><strong>sanatus,</strong></span> <span class='ocrx_word' id='word_1_391' title='bbox 3643 2538 3752 2592; x_wconf 83' lang='lat' dir='ltr'><strong>ali-</strong></span> 
     </span>
    </p>
   </div>
   <div class='ocr_carea' id='block_1_57' title="bbox 2052 2633 3034 2708">
    <p class='ocr_par' dir='ltr' id='par_1_57' title="bbox 2052 2633 3034 2708">
     <span class='ocr_line' id='line_1_57' title="bbox 2052 2633 3034 2708; baseline -0.001 -18"><span class='ocrx_word' id='word_1_392' title='bbox 2052 2635 2392 2708; x_wconf 87' lang='lat' dir='ltr'><strong>quantulum</strong></span> <span class='ocrx_word' id='word_1_393' title='bbox 2426 2633 2483 2688; x_wconf 92' lang='lat' dir='ltr'><strong>in</strong></span> <span class='ocrx_word' id='word_1_394' title='bbox 2514 2634 2722 2688; x_wconf 87' lang='lat' dir='ltr'><strong>melius</strong></span> <span class='ocrx_word' id='word_1_395' title='bbox 2759 2633 3034 2705; x_wconf 87' lang='lat' dir='ltr'><strong>reparari.</strong></span> 
     </span>
    </p>
   </div>
   <div class='ocr_carea' id='block_1_58' title="bbox 2129 2720 3755 2793">
    <p class='ocr_par' dir='ltr' id='par_1_58' title="bbox 2129 2720 3755 2793">
     <span class='ocr_line' id='line_1_58' title="bbox 2129 2720 3755 2793; baseline -0.001 -17"><span class='ocrx_word' id='word_1_396' title='bbox 2129 2726 2212 2778; x_wconf 91' lang='lat'><strong>18.</strong></span> <span class='ocrx_word' id='word_1_397' title='bbox 2247 2725 2384 2787; x_wconf 87' lang='lat' dir='ltr'><strong>Hoc,</strong></span> <span class='ocrx_word' id='word_1_398' title='bbox 2420 2721 2572 2793; x_wconf 88' lang='lat' dir='ltr'><strong>quod</strong></span> <span class='ocrx_word' id='word_1_399' title='bbox 2607 2721 2973 2792; x_wconf 84' lang='lat' dir='ltr'><strong>subjungam,</strong></span> <span class='ocrx_word' id='word_1_400' title='bbox 3028 2720 3177 2792; x_wconf 85' lang='lat' dir='ltr'><strong>ipso,</strong></span> <span class='ocrx_word' id='word_1_401' title='bbox 3232 2721 3299 2776; x_wconf 88' lang='lat' dir='ltr'><strong>de</strong></span> <span class='ocrx_word' id='word_1_402' title='bbox 3329 2737 3443 2792; x_wconf 93' lang='lat' dir='ltr'><strong>quo</strong></span> <span class='ocrx_word' id='word_1_403' title='bbox 3490 2720 3755 2775; x_wconf 89' lang='lat' dir='ltr'><strong>dicturus</strong></span> 
     </span>
    </p>
   </div>
   <div class='ocr_carea' id='block_1_59' title="bbox 2055 2809 3755 2881">
    <p class='ocr_par' dir='ltr' id='par_1_59' title="bbox 2055 2809 3755 2881">
     <span class='ocr_line' id='line_1_59' title="bbox 2055 2809 3755 2881; baseline 0 -17"><span class='ocrx_word' id='word_1_404' title='bbox 2055 2828 2200 2876; x_wconf 89' lang='lat' dir='ltr'><strong>sum,</strong></span> <span class='ocrx_word' id='word_1_405' title='bbox 2244 2811 2522 2881; x_wconf 87' lang='lat' dir='ltr'><strong>Episcopo</strong></span> <span class='ocrx_word' id='word_1_406' title='bbox 2560 2809 2862 2877; x_wconf 89' lang='lat' dir='ltr'><strong>referente,</strong></span> <span class='ocrx_word' id='word_1_407' title='bbox 2908 2811 3024 2864; x_wconf 90' lang='lat' dir='ltr'><strong>Deo</strong></span> <span class='ocrx_word' id='word_1_408' title='bbox 3076 2814 3239 2877; x_wconf 89' lang='lat' dir='ltr'><strong>teste,</strong></span> <span class='ocrx_word' id='word_1_409' title='bbox 3299 2809 3561 2879; x_wconf 87' lang='lat' dir='ltr'><strong>cognovi.</strong></span> <span class='ocrx_word' id='word_1_410' title='bbox 3603 2809 3755 2864; x_wconf 91' lang='lat' dir='ltr'><strong>Cum</strong></span> 
     </span>
    </p>
   </div>
   <div class='ocr_carea' id='block_1_60' title="bbox 2057 2897 3757 2969">
    <p class='ocr_par' dir='ltr' id='par_1_60' title="bbox 2057 2897 3757 2969">
     <span class='ocr_line' id='line_1_60' title="bbox 2057 2897 3757 2969; baseline -0.001 -16"><span class='ocrx_word' id='word_1_411' title='bbox 2057 2899 2293 2954; x_wconf 87' lang='lat' dir='ltr'><strong>Polonia</strong></span> <span class='ocrx_word' id='word_1_412' title='bbox 2317 2899 2524 2969; x_wconf 89' lang='lat' dir='ltr'><strong>jugum</strong></span> <span class='ocrx_word' id='word_1_413' title='bbox 2557 2897 2805 2968; x_wconf 90' lang='lat' dir='ltr'><strong>imperii,</strong></span> <span class='ocrx_word' id='word_1_414' title='bbox 2866 2903 3063 2968; x_wconf 91' lang='lat' dir='ltr'><strong>utpote</strong></span> <span class='ocrx_word' id='word_1_415' title='bbox 3117 2913 3256 2968; x_wconf 89' lang='lat' dir='ltr'><strong>gens</strong></span> <span class='ocrx_word' id='word_1_416' title='bbox 3315 2897 3546 2952; x_wconf 89' lang='lat' dir='ltr'><strong>rebellis</strong></span> <span class='ocrx_word' id='word_1_417' title='bbox 3575 2902 3633 2951; x_wconf 91' lang='lat' dir='ltr'><strong>et</strong></span> <span class='ocrx_word' id='word_1_418' title='bbox 3661 2899 3757 2952; x_wconf 91' lang='lat' dir='ltr'><strong>ef-</strong></span> 
     </span>
    </p>
   </div>
   <div class='ocr_carea' id='block_1_61' title="bbox 253 2977 3755 3057">
    <p class='ocr_par' dir='ltr' id='par_1_61' title="bbox 253 2977 3755 3057">
     <span class='ocr_line' id='line_1_61' title="bbox 253 2977 3755 3057; baseline 0.002 -26"><span class='ocrx_word' id='word_1_419' title='bbox 253 2995 383 3033; x_wconf 86' lang='lat' dir='ltr'><strong>rens</strong></span> <span class='ocrx_word' id='word_1_420' title='bbox 423 2980 583 3033; x_wconf 90' lang='lat' dir='ltr'><strong>omni</strong></span> <span class='ocrx_word' id='word_1_421' title='bbox 611 2986 774 3033; x_wconf 69' lang='lat' dir='ltr'><strong>terrae</strong></span> <span class='ocrx_word' id='word_1_422' title='bbox 835 2980 919 3032; x_wconf 92' lang='lat' dir='ltr'><strong>illi</strong></span> <span class='ocrx_word' id='word_1_423' title='bbox 954 2979 1236 3049; x_wconf 87' lang='lat' dir='ltr'><strong>ejusmodi</strong></span> <span class='ocrx_word' id='word_1_424' title='bbox 1291 2979 1626 3032; x_wconf 89' lang='lat' dir='ltr'><strong>miraculum</strong></span> <span class='ocrx_word' id='word_1_425' title='bbox 1695 2977 1824 3044; x_wconf 90' lang='lat' dir='ltr'><strong>fuit,</strong></span> <span class='ocrx_word' id='word_1_426' title='bbox 1882 2980 1949 3029; x_wconf 89' lang='lat' dir='ltr'><strong>ut</strong></span> <span class='ocrx_word' id='word_1_427' title='bbox 1987 2977 2193 3054; x_wconf 70' lang='lat' dir='ltr'><strong>Cfera,</strong></span> <span class='ocrx_word' id='word_1_428' title='bbox 2259 2991 2311 3041; x_wconf 85' lang='lat' dir='ltr'><strong>et</strong></span> <span class='ocrx_word' id='word_1_429' title='bbox 2360 2985 2542 3057; x_wconf 81' lang='lat' dir='ltr'><strong>magis</strong></span> <span class='ocrx_word' id='word_1_430' title='bbox 2586 2987 2835 3040; x_wconf 87' lang='lat' dir='ltr'><strong>saltuum</strong></span> <span class='ocrx_word' id='word_1_431' title='bbox 2892 2992 2948 3040; x_wconf 89' lang='lat' dir='ltr'><strong>et</strong></span> <span class='ocrx_word' id='word_1_432' title='bbox 3001 2987 3274 3057; x_wconf 78' lang='lat' dir='ltr'><strong>paludum</strong></span> <span class='ocrx_word' id='word_1_433' title='bbox 3326 2985 3494 3040; x_wconf 83' lang='lat' dir='ltr'><strong>inviis</strong></span> <span class='ocrx_word' id='word_1_434' title='bbox 3572 3002 3755 3056; x_wconf 88' lang='lat' dir='ltr'><strong>quam</strong></span> 
     </span>
    </p>
   </div>
   <div class='ocr_carea' id='block_1_62' title="bbox 251 3065 1940 3138">
    <p class='ocr_par' dir='ltr' id='par_1_62' title="bbox 251 3065 1940 3138">
     <span class='ocr_line' id='line_1_62' title="bbox 251 3065 1940 3138; baseline -0.002 -17"><span class='ocrx_word' id='word_1_435' title='bbox 251 3069 397 3121; x_wconf 91' lang='lat' dir='ltr'><strong>nulli</strong></span> <span class='ocrx_word' id='word_1_436' title='bbox 427 3069 564 3134; x_wconf 89' lang='lat' dir='ltr'><strong>fere,</strong></span> <span class='ocrx_word' id='word_1_437' title='bbox 605 3068 850 3122; x_wconf 85' lang='lat' dir='ltr'><strong>maxime</strong></span> <span class='ocrx_word' id='word_1_438' title='bbox 881 3069 1112 3132; x_wconf 90' lang='lat' dir='ltr'><strong>horum,</strong></span> <span class='ocrx_word' id='word_1_439' title='bbox 1139 3067 1240 3138; x_wconf 91' lang='lat' dir='ltr'><strong>qui</strong></span> <span class='ocrx_word' id='word_1_440' title='bbox 1293 3071 1430 3120; x_wconf 92' lang='lat' dir='ltr'><strong>tunc</strong></span> <span class='ocrx_word' id='word_1_441' title='bbox 1458 3067 1730 3134; x_wconf 88' lang='lat' dir='ltr'><strong>temporis</strong></span> <span class='ocrx_word' id='word_1_442' title='bbox 1760 3065 1940 3132; x_wconf 87' lang='lat' dir='ltr'><strong>fuare,</strong></span> 
     </span>
    </p>
   </div>
   <div class='ocr_carea' id='block_1_63' title="bbox 254 3155 982 3226">
    <p class='ocr_par' dir='ltr' id='par_1_63' title="bbox 254 3155 982 3226">
     <span class='ocr_line' id='line_1_63' title="bbox 254 3155 982 3226; baseline 0.003 -18"><span class='ocrx_word' id='word_1_443' title='bbox 254 3155 612 3225; x_wconf 87' lang='lat' dir='ltr'><strong>incognitum</strong></span> <span class='ocrx_word' id='word_1_444' title='bbox 644 3172 763 3209; x_wconf 90' lang='lat' dir='ltr'><strong>esse</strong></span> <span class='ocrx_word' id='word_1_445' title='bbox 785 3157 982 3226; x_wconf 88' lang='lat' dir='ltr'><strong>possit.</strong></span> 
     </span>
    </p>
   </div>
   <div class='ocr_carea' id='block_1_64' title="bbox 329 3241 1942 3300">
    <p class='ocr_par' dir='ltr' id='par_1_64' title="bbox 329 3241 1942 3300">
     <span class='ocr_line' id='line_1_64' title="bbox 329 3241 1942 3300; baseline -0.003 -2"><span class='ocrx_word' id='word_1_446' title='bbox 329 3247 419 3300; x_wconf 83' lang='lat'><strong>15.</strong></span> <span class='ocrx_word' id='word_1_447' title='bbox 454 3246 593 3298; x_wconf 86' lang='lat' dir='ltr'><strong>Item</strong></span> <span class='ocrx_word' id='word_1_448' title='bbox 650 3244 799 3298; x_wconf 89' lang='lat' dir='ltr'><strong>inter</strong></span> <span class='ocrx_word' id='word_1_449' title='bbox 829 3247 1189 3299; x_wconf 89' lang='lat' dir='ltr'><strong>occursantes</strong></span> <span class='ocrx_word' id='word_1_450' title='bbox 1244 3258 1277 3296; x_wconf 89' lang='lat' dir='ltr'><strong>a</strong></span> <span class='ocrx_word' id='word_1_451' title='bbox 1334 3241 1738 3296; x_wconf 87' lang='lat' dir='ltr'><strong>remotioribus</strong></span> <span class='ocrx_word' id='word_1_452' title='bbox 1775 3244 1942 3294; x_wconf 69' lang='lat' dir='ltr'><strong>terra:</strong></span> 
     </span>
    </p>
   </div>
   <div class='ocr_carea' id='block_1_65' title="bbox 254 3328 1943 3404">
    <p class='ocr_par' dir='ltr' id='par_1_65' title="bbox 254 3328 1943 3404">
     <span class='ocr_line' id='line_1_65' title="bbox 254 3328 1943 3404; baseline -0.003 -18"><span class='ocrx_word' id='word_1_453' title='bbox 254 3333 412 3386; x_wconf 91' lang='lat' dir='ltr'><strong>illius</strong></span> <span class='ocrx_word' id='word_1_454' title='bbox 427 3333 703 3403; x_wconf 88' lang='lat' dir='ltr'><strong>partibus,</strong></span> <span class='ocrx_word' id='word_1_455' title='bbox 722 3333 933 3387; x_wconf 86' lang='lat' dir='ltr'><strong>mulier</strong></span> <span class='ocrx_word' id='word_1_456' title='bbox 950 3332 1212 3404; x_wconf 59' lang='lat' dir='ltr'><strong>quasdam</strong></span> <span class='ocrx_word' id='word_1_457' title='bbox 1231 3347 1346 3384; x_wconf 90' lang='lat' dir='ltr'><strong>non</strong></span> <span class='ocrx_word' id='word_1_458' title='bbox 1370 3331 1555 3384; x_wconf 91' lang='lat' dir='ltr'><strong>solum</strong></span> <span class='ocrx_word' id='word_1_459' title='bbox 1582 3329 1801 3383; x_wconf 89' lang='lat' dir='ltr'><strong>incessu</strong></span> <span class='ocrx_word' id='word_1_460' title='bbox 1830 3328 1943 3399; x_wconf 88' lang='lat' dir='ltr'><strong>pri-</strong></span> 
     </span>
    </p>
   </div>
   <div class='ocr_carea' id='block_1_66' title="bbox 253 3417 1944 3491">
    <p class='ocr_par' dir='ltr' id='par_1_66' title="bbox 253 3417 1944 3491">
     <span class='ocr_line' id='line_1_66' title="bbox 253 3417 1944 3491; baseline -0.002 -17"><span class='ocrx_word' id='word_1_461' title='bbox 253 3425 402 3488; x_wconf 86' lang='lat' dir='ltr'><strong>vata,</strong></span> <span class='ocrx_word' id='word_1_462' title='bbox 423 3421 516 3475; x_wconf 91' lang='lat' dir='ltr'><strong>sed</strong></span> <span class='ocrx_word' id='word_1_463' title='bbox 547 3426 604 3474; x_wconf 90' lang='lat' dir='ltr'><strong>et</strong></span> <span class='ocrx_word' id='word_1_464' title='bbox 627 3422 803 3475; x_wconf 90' lang='lat' dir='ltr'><strong>totius</strong></span> <span class='ocrx_word' id='word_1_465' title='bbox 823 3421 1077 3491; x_wconf 89' lang='lat' dir='ltr'><strong>corporis</strong></span> <span class='ocrx_word' id='word_1_466' title='bbox 1102 3418 1414 3474; x_wconf 89' lang='lat' dir='ltr'><strong>miserabili</strong></span> <span class='ocrx_word' id='word_1_467' title='bbox 1437 3418 1626 3488; x_wconf 88' lang='lat' dir='ltr'><strong>specie</strong></span> <span class='ocrx_word' id='word_1_468' title='bbox 1672 3417 1944 3472; x_wconf 89' lang='lat' dir='ltr'><strong>deformis</strong></span> 
     </span>
    </p>
   </div>
   <div class='ocr_carea' id='block_1_67' title="bbox 251 3504 1942 3579">
    <p class='ocr_par' dir='ltr' id='par_1_67' title="bbox 251 3504 1942 3579">
     <span class='ocr_line' id='line_1_67' title="bbox 251 3504 1942 3579; baseline -0.002 -17"><span class='ocrx_word' id='word_1_469' title='bbox 251 3513 307 3562; x_wconf 90' lang='lat' dir='ltr'><strong>et</strong></span> <span class='ocrx_word' id='word_1_470' title='bbox 336 3509 571 3563; x_wconf 86' lang='lat' dir='ltr'><strong>distorta</strong></span> <span class='ocrx_word' id='word_1_471' title='bbox 603 3526 631 3562; x_wconf 91' lang='lat' dir='ltr'><strong>a</strong></span> <span class='ocrx_word' id='word_1_472' title='bbox 652 3509 1006 3563; x_wconf 88' lang='lat' dir='ltr'><strong>eonviatibus</strong></span> <span class='ocrx_word' id='word_1_473' title='bbox 1043 3507 1300 3562; x_wconf 87' lang='lat' dir='ltr'><strong>vehicule</strong></span> <span class='ocrx_word' id='word_1_474' title='bbox 1336 3505 1414 3579; x_wconf 90' lang='lat'><strong>[1.</strong></span> <span class='ocrx_word' id='word_1_475' title='bbox 1448 3507 1553 3560; x_wconf 67' lang='lat' dir='ltr'><strong>vite</strong></span> <span class='ocrx_word' id='word_1_476' title='bbox 1597 3504 1786 3577; x_wconf 80' lang='lat' dir='ltr'><strong>sociis]</strong></span> <span class='ocrx_word' id='word_1_477' title='bbox 1829 3511 1942 3558; x_wconf 90' lang='lat' dir='ltr'><strong>tra-</strong></span> 
     </span>
    </p>
   </div>
   <div class='ocr_carea' id='block_1_68' title="bbox 250 3593 1940 3664">
    <p class='ocr_par' dir='ltr' id='par_1_68' title="bbox 250 3593 1940 3664">
     <span class='ocr_line' id='line_1_68' title="bbox 250 3593 1940 3664; baseline -0.003 -14"><span class='ocrx_word' id='word_1_478' title='bbox 250 3597 514 3651; x_wconf 88' lang='lat' dir='ltr'><strong>hebatur.</strong></span> <span class='ocrx_word' id='word_1_479' title='bbox 545 3597 704 3664; x_wconf 73' lang='lat' dir='ltr'><strong>Quae,</strong></span> <span class='ocrx_word' id='word_1_480' title='bbox 737 3596 807 3650; x_wconf 90' lang='lat' dir='ltr'><strong>de</strong></span> <span class='ocrx_word' id='word_1_481' title='bbox 837 3595 988 3650; x_wconf 81' lang='lat' dir='ltr'><strong>beati</strong></span> <span class='ocrx_word' id='word_1_482' title='bbox 1020 3594 1267 3649; x_wconf 85' lang='lat' dir='ltr'><strong>Heinrici</strong></span> <span class='ocrx_word' id='word_1_483' title='bbox 1291 3593 1610 3664; x_wconf 90' lang='lat' dir='ltr'><strong>patrocinio</strong></span> <span class='ocrx_word' id='word_1_484' title='bbox 1630 3593 1940 3659; x_wconf 87' lang='lat' dir='ltr'><strong>conﬁdens,</strong></span> 
     </span>
    </p>
   </div>
   <div class='ocr_carea' id='block_1_69' title="bbox 249 3681 1938 3755">
    <p class='ocr_par' dir='ltr' id='par_1_69' title="bbox 249 3681 1938 3755">
     <span class='ocr_line' id='line_1_69' title="bbox 249 3681 1938 3755; baseline -0.002 -17"><span class='ocrx_word' id='word_1_485' title='bbox 249 3690 489 3755; x_wconf 87' lang='lat' dir='ltr'><strong>propter</strong></span> <span class='ocrx_word' id='word_1_486' title='bbox 526 3685 624 3738; x_wconf 90' lang='lat' dir='ltr'><strong>ubi</strong></span> <span class='ocrx_word' id='word_1_487' title='bbox 676 3685 796 3754; x_wconf 89' lang='lat' dir='ltr'><strong>jam</strong></span> <span class='ocrx_word' id='word_1_488' title='bbox 842 3684 1072 3754; x_wconf 90' lang='lat' dir='ltr'><strong>vulgata</strong></span> <span class='ocrx_word' id='word_1_489' title='bbox 1130 3682 1411 3736; x_wconf 87' lang='lat' dir='ltr'><strong>virtutum</strong></span> <span class='ocrx_word' id='word_1_490' title='bbox 1487 3682 1611 3752; x_wconf 89' lang='lat' dir='ltr'><strong>ejus</strong></span> <span class='ocrx_word' id='word_1_491' title='bbox 1666 3681 1938 3750; x_wconf 90' lang='lat' dir='ltr'><strong>insignia,</strong></span> 
     </span>
    </p>
   </div>
   <div class='ocr_carea' id='block_1_70' title="bbox 253 3769 1940 3835">
    <p class='ocr_par' dir='ltr' id='par_1_70' title="bbox 253 3769 1940 3835">
     <span class='ocr_line' id='line_1_70' title="bbox 253 3769 1940 3835; baseline -0.002 -9"><span class='ocrx_word' id='word_1_492' title='bbox 253 3789 464 3827; x_wconf 89' lang='lat' dir='ltr'><strong>nomen</strong></span> <span class='ocrx_word' id='word_1_493' title='bbox 512 3773 665 3826; x_wconf 91' lang='lat' dir='ltr'><strong>illius</strong></span> <span class='ocrx_word' id='word_1_494' title='bbox 722 3770 950 3825; x_wconf 87' lang='lat' dir='ltr'><strong>assidua</strong></span> <span class='ocrx_word' id='word_1_495' title='bbox 1023 3769 1402 3835; x_wconf 76' lang='lat' dir='ltr'><strong>invocatione,</strong></span> <span class='ocrx_word' id='word_1_496' title='bbox 1459 3786 1588 3822; x_wconf 91' lang='lat' dir='ltr'><strong>cum</strong></span> <span class='ocrx_word' id='word_1_497' title='bbox 1645 3770 1940 3823; x_wconf 89' lang='lat' dir='ltr'><strong>oculorum</strong></span> 
     </span>
    </p>
   </div>
   <div class='ocr_carea' id='block_1_71' title="bbox 251 3857 1942 3932">
    <p class='ocr_par' dir='ltr' id='par_1_71' title="bbox 251 3857 1942 3932">
     <span class='ocr_line' id='line_1_71' title="bbox 251 3857 1942 3932; baseline -0.002 -17"><span class='ocrx_word' id='word_1_498' title='bbox 251 3877 645 3932; x_wconf 88' lang='lat' dir='ltr'><strong>manuumque</strong></span> <span class='ocrx_word' id='word_1_499' title='bbox 680 3859 1008 3914; x_wconf 86' lang='lat' dir='ltr'><strong>extensione</strong></span> <span class='ocrx_word' id='word_1_500' title='bbox 1056 3858 1432 3912; x_wconf 88' lang='lat' dir='ltr'><strong>memorabat.</strong></span> <span class='ocrx_word' id='word_1_501' title='bbox 1484 3858 1734 3927; x_wconf 80' lang='lat' dir='ltr'><strong>Ideoque</strong></span> <span class='ocrx_word' id='word_1_502' title='bbox 1790 3857 1942 3928; x_wconf 91' lang='lat' dir='ltr'><strong>quod</strong></span> 
     </span>
    </p>
   </div>
   <div class='ocr_carea' id='block_1_72' title="bbox 251 3946 1942 4018">
    <p class='ocr_par' dir='ltr' id='par_1_72' title="bbox 251 3946 1942 4018">
     <span class='ocr_line' id='line_1_72' title="bbox 251 3946 1942 4018; baseline -0.002 -15"><span class='ocrx_word' id='word_1_503' title='bbox 251 3950 386 4004; x_wconf 90' lang='lat' dir='ltr'><strong>totis</strong></span> <span class='ocrx_word' id='word_1_504' title='bbox 416 3949 595 4003; x_wconf 90' lang='lat' dir='ltr'><strong>animi</strong></span> <span class='ocrx_word' id='word_1_505' title='bbox 624 3950 770 4004; x_wconf 75' lang='lat' dir='ltr'><strong>votis</strong></span> <span class='ocrx_word' id='word_1_506' title='bbox 801 3946 1086 4018; x_wconf 73' lang='lat' dir='ltr'><strong>qumsivit,</strong></span> <span class='ocrx_word' id='word_1_507' title='bbox 1143 3946 1202 4000; x_wconf 91' lang='lat' dir='ltr'><strong>in</strong></span> <span class='ocrx_word' id='word_1_508' title='bbox 1230 3946 1436 4000; x_wconf 90' lang='lat' dir='ltr'><strong>itinere</strong></span> <span class='ocrx_word' id='word_1_509' title='bbox 1461 3946 1647 3999; x_wconf 89' lang='lat' dir='ltr'><strong>adhuc</strong></span> <span class='ocrx_word' id='word_1_510' title='bbox 1687 3946 1942 4000; x_wconf 89' lang='lat' dir='ltr'><strong>invenire</strong></span> 
     </span>
    </p>
   </div>
   <div class='ocr_carea' id='block_1_73' title="bbox 252 4020 1943 4105">
    <p class='ocr_par' dir='ltr' id='par_1_73' title="bbox 252 4020 1943 4105">
     <span class='ocr_line' id='line_1_73' title="bbox 252 4020 1943 4105; baseline -0.001 -15"><span class='ocrx_word' id='word_1_511' title='bbox 252 4036 485 4099; x_wconf 89' lang='lat' dir='ltr'><strong>meruit,</strong></span> <span class='ocrx_word' id='word_1_512' title='bbox 530 4020 751 4089; x_wconf 83' lang='lat' dir='ltr'><strong>Laxatis</strong></span> <span class='ocrx_word' id='word_1_513' title='bbox 793 4034 1078 4105; x_wconf 80' lang='lat' dir='ltr'><strong>siquidem</strong></span> <span class='ocrx_word' id='word_1_514' title='bbox 1125 4033 1303 4102; x_wconf 84' lang='lat' dir='ltr'><strong>fibris,</strong></span> <span class='ocrx_word' id='word_1_515' title='bbox 1372 4050 1435 4087; x_wconf 91' lang='lat' dir='ltr'><strong>ac</strong></span> <span class='ocrx_word' id='word_1_516' title='bbox 1465 4032 1622 4104; x_wconf 87' lang='lat' dir='ltr'><strong>gibbi</strong></span> <span class='ocrx_word' id='word_1_517' title='bbox 1655 4033 1826 4087; x_wconf 88' lang='lat' dir='ltr'><strong>modo</strong></span> <span class='ocrx_word' id='word_1_518' title='bbox 1854 4049 1943 4088; x_wconf 87' lang='lat' dir='ltr'><strong>re-</strong></span> 
     </span>
    </p>
   </div>
   <div class='ocr_carea' id='block_1_74' title="bbox 253 4121 1938 4193">
    <p class='ocr_par' dir='ltr' id='par_1_74' title="bbox 253 4121 1938 4193">
     <span class='ocr_line' id='line_1_74' title="bbox 253 4121 1938 4193; baseline -0.001 -17"><span class='ocrx_word' id='word_1_519' title='bbox 253 4123 420 4192; x_wconf 86' lang='lat' dir='ltr'><strong>flexo,</strong></span> <span class='ocrx_word' id='word_1_520' title='bbox 449 4129 685 4193; x_wconf 90' lang='lat' dir='ltr'><strong>totoque</strong></span> <span class='ocrx_word' id='word_1_521' title='bbox 711 4137 950 4191; x_wconf 89' lang='lat' dir='ltr'><strong>corpore</strong></span> <span class='ocrx_word' id='word_1_522' title='bbox 1005 4121 1066 4175; x_wconf 93' lang='lat' dir='ltr'><strong>in</strong></span> <span class='ocrx_word' id='word_1_523' title='bbox 1096 4121 1349 4176; x_wconf 89' lang='lat' dir='ltr'><strong>habilem</strong></span> <span class='ocrx_word' id='word_1_524' title='bbox 1390 4121 1776 4190; x_wconf 86' lang='lat' dir='ltr'><strong>redintegrato</strong></span> <span class='ocrx_word' id='word_1_525' title='bbox 1828 4122 1938 4175; x_wconf 85' lang='lat' dir='ltr'><strong>for-</strong></span> 
     </span>
    </p>
   </div>
   <div class='ocr_carea' id='block_1_75' title="bbox 2054 3075 3754 3141">
    <p class='ocr_par' dir='ltr' id='par_1_75' title="bbox 2054 3075 3754 3141">
     <span class='ocr_line' id='line_1_75' title="bbox 2054 3075 3754 3141; baseline 0.001 -13"><span class='ocrx_word' id='word_1_526' title='bbox 2054 3075 2264 3130; x_wconf 88' lang='lat' dir='ltr'><strong>virium</strong></span> <span class='ocrx_word' id='word_1_527' title='bbox 2312 3076 2514 3130; x_wconf 89' lang='lat' dir='ltr'><strong>robore</strong></span> <span class='ocrx_word' id='word_1_528' title='bbox 2591 3075 2827 3141; x_wconf 90' lang='lat' dir='ltr'><strong>conﬁsa,</strong></span> <span class='ocrx_word' id='word_1_529' title='bbox 2879 3075 2948 3130; x_wconf 88' lang='lat' dir='ltr'><strong>de</strong></span> <span class='ocrx_word' id='word_1_530' title='bbox 2999 3076 3214 3129; x_wconf 90' lang='lat' dir='ltr'><strong>cervice</strong></span> <span class='ocrx_word' id='word_1_531' title='bbox 3304 3091 3405 3129; x_wconf 90' lang='lat' dir='ltr'><strong>sua</strong></span> <span class='ocrx_word' id='word_1_532' title='bbox 3459 3075 3754 3130; x_wconf 87' lang='lat' dir='ltr'><strong>niteretur</strong></span> 
     </span>
    </p>
   </div>
   <div class='ocr_carea' id='block_1_76' title="bbox 2053 3163 3754 3235">
    <p class='ocr_par' dir='ltr' id='par_1_76' title="bbox 2053 3163 3754 3235">
     <span class='ocr_line' id='line_1_76' title="bbox 2053 3163 3754 3235; baseline -0.001 -17"><span class='ocrx_word' id='word_1_533' title='bbox 2053 3167 2317 3218; x_wconf 85' lang='lat' dir='ltr'><strong>excutere</strong></span> <span class='ocrx_word' id='word_1_534' title='bbox 2350 3181 2366 3217; x_wconf 88' lang='lat'><strong>:</strong></span> <span class='ocrx_word' id='word_1_535' title='bbox 2397 3164 2465 3218; x_wconf 90' lang='lat' dir='ltr'><strong>ad</strong></span> <span class='ocrx_word' id='word_1_536' title='bbox 2498 3163 2927 3235; x_wconf 88' lang='lat' dir='ltr'><strong>reprimendam</strong></span> <span class='ocrx_word' id='word_1_537' title='bbox 2988 3164 3112 3234; x_wconf 89' lang='lat' dir='ltr'><strong>ejus</strong></span> <span class='ocrx_word' id='word_1_538' title='bbox 3142 3163 3561 3218; x_wconf 89' lang='lat' dir='ltr'><strong>contumaciam</strong></span> <span class='ocrx_word' id='word_1_539' title='bbox 3620 3163 3754 3234; x_wconf 86' lang='lat' dir='ltr'><strong>glo-</strong></span> 
     </span>
    </p>
   </div>
   <div class='ocr_carea' id='block_1_77' title="bbox 2054 3251 3757 3323">
    <p class='ocr_par' dir='ltr' id='par_1_77' title="bbox 2054 3251 3757 3323">
     <span class='ocr_line' id='line_1_77' title="bbox 2054 3251 3757 3323; baseline 0 -17"><span class='ocrx_word' id='word_1_540' title='bbox 2054 3253 2237 3306; x_wconf 90' lang='lat' dir='ltr'><strong>riosus</strong></span> <span class='ocrx_word' id='word_1_541' title='bbox 2283 3253 2601 3323; x_wconf 86' lang='lat' dir='ltr'><strong>imperator</strong></span> <span class='ocrx_word' id='word_1_542' title='bbox 2630 3251 2948 3308; x_wconf 88' lang='lat' dir='ltr'><strong>Fridericus</strong></span> <span class='ocrx_word' id='word_1_543' title='bbox 2997 3253 3252 3307; x_wconf 89' lang='lat' dir='ltr'><strong>animum</strong></span> <span class='ocrx_word' id='word_1_544' title='bbox 3283 3251 3546 3307; x_wconf 88' lang='lat' dir='ltr'><strong>intendit.</strong></span> <span class='ocrx_word' id='word_1_545' title='bbox 3581 3251 3757 3307; x_wconf 89' lang='lat' dir='ltr'><strong>Cum-</strong></span> 
     </span>
    </p>
   </div>
   <div class='ocr_carea' id='block_1_78' title="bbox 2053 3340 3756 3412">
    <p class='ocr_par' dir='ltr' id='par_1_78' title="bbox 2053 3340 3756 3412">
     <span class='ocr_line' id='line_1_78' title="bbox 2053 3340 3756 3412; baseline -0.001 -17"><span class='ocrx_word' id='word_1_546' title='bbox 2053 3357 2165 3412; x_wconf 90' lang='lat' dir='ltr'><strong>que</strong></span> <span class='ocrx_word' id='word_1_547' title='bbox 2214 3340 2427 3395; x_wconf 91' lang='lat' dir='ltr'><strong>indicta</strong></span> <span class='ocrx_word' id='word_1_548' title='bbox 2485 3341 2744 3412; x_wconf 87' lang='lat' dir='ltr'><strong>generali</strong></span> <span class='ocrx_word' id='word_1_549' title='bbox 2800 3341 3188 3411; x_wconf 86' lang='lat' dir='ltr'><strong>expeditione,</strong></span> <span class='ocrx_word' id='word_1_550' title='bbox 3261 3341 3526 3412; x_wconf 91' lang='lat' dir='ltr'><strong>copiosus</strong></span> <span class='ocrx_word' id='word_1_551' title='bbox 3579 3357 3612 3394; x_wconf 92' lang='lat' dir='ltr'><strong>a</strong></span> <span class='ocrx_word' id='word_1_552' title='bbox 3669 3341 3756 3395; x_wconf 88' lang='lat' dir='ltr'><strong>di-</strong></span> 
     </span>
    </p>
   </div>
   <div class='ocr_carea' id='block_1_79' title="bbox 2051 3429 3750 3500">
    <p class='ocr_par' dir='ltr' id='par_1_79' title="bbox 2051 3429 3750 3500">
     <span class='ocr_line' id='line_1_79' title="bbox 2051 3429 3750 3500; baseline 0.001 -18"><span class='ocrx_word' id='word_1_553' title='bbox 2051 3429 2228 3483; x_wconf 86' lang='lat' dir='ltr'><strong>versis</strong></span> <span class='ocrx_word' id='word_1_554' title='bbox 2291 3429 2453 3499; x_wconf 86' lang='lat' dir='ltr'><strong>regni</strong></span> <span class='ocrx_word' id='word_1_555' title='bbox 2515 3429 2774 3500; x_wconf 91' lang='lat' dir='ltr'><strong>partibus</strong></span> <span class='ocrx_word' id='word_1_556' title='bbox 2826 3433 3151 3484; x_wconf 86' lang='lat' dir='ltr'><strong>contractus</strong></span> <span class='ocrx_word' id='word_1_557' title='bbox 3233 3434 3378 3484; x_wconf 90' lang='lat' dir='ltr'><strong>esset</strong></span> <span class='ocrx_word' id='word_1_558' title='bbox 3443 3429 3750 3498; x_wconf 85' lang='lat' dir='ltr'><strong>exercitus,</strong></span> 
     </span>
    </p>
   </div>
   <div class='ocr_carea' id='block_1_80' title="bbox 2051 3517 3754 3589">
    <p class='ocr_par' dir='ltr' id='par_1_80' title="bbox 2051 3517 3754 3589">
     <span class='ocr_line' id='line_1_80' title="bbox 2051 3517 3754 3589; baseline -0.002 -16"><span class='ocrx_word' id='word_1_559' title='bbox 2051 3518 2342 3588; x_wconf 88' lang='lat' dir='ltr'><strong>Principes</strong></span> <span class='ocrx_word' id='word_1_560' title='bbox 2369 3523 2537 3572; x_wconf 60' lang='lat' dir='ltr'><strong>terra;</strong></span> <span class='ocrx_word' id='word_1_561' title='bbox 2579 3517 2754 3586; x_wconf 90' lang='lat' dir='ltr'><strong>illius,</strong></span> <span class='ocrx_word' id='word_1_562' title='bbox 2789 3523 2844 3572; x_wconf 91' lang='lat' dir='ltr'><strong>et</strong></span> <span class='ocrx_word' id='word_1_563' title='bbox 2875 3518 3064 3572; x_wconf 90' lang='lat' dir='ltr'><strong>omnis</strong></span> <span class='ocrx_word' id='word_1_564' title='bbox 3093 3519 3344 3589; x_wconf 89' lang='lat' dir='ltr'><strong>populus</strong></span> <span class='ocrx_word' id='word_1_565' title='bbox 3385 3517 3593 3571; x_wconf 90' lang='lat' dir='ltr'><strong>timore</strong></span> <span class='ocrx_word' id='word_1_566' title='bbox 3621 3532 3754 3570; x_wconf 91' lang='lat' dir='ltr'><strong>cor-</strong></span> 
     </span>
    </p>
   </div>
   <div class='ocr_carea' id='block_1_81' title="bbox 2052 3605 3754 3677">
    <p class='ocr_par' dir='ltr' id='par_1_81' title="bbox 2052 3605 3754 3677">
     <span class='ocr_line' id='line_1_81' title="bbox 2052 3605 3754 3677; baseline 0.001 -18"><span class='ocrx_word' id='word_1_567' title='bbox 2052 3605 2222 3676; x_wconf 88' lang='lat' dir='ltr'><strong>repti,</strong></span> <span class='ocrx_word' id='word_1_568' title='bbox 2269 3607 2482 3677; x_wconf 91' lang='lat' dir='ltr'><strong>quippe</strong></span> <span class='ocrx_word' id='word_1_569' title='bbox 2513 3606 2612 3677; x_wconf 91' lang='lat' dir='ltr'><strong>qui</strong></span> <span class='ocrx_word' id='word_1_570' title='bbox 2665 3606 2827 3677; x_wconf 85' lang='lat' dir='ltr'><strong>regni</strong></span> <span class='ocrx_word' id='word_1_571' title='bbox 2858 3607 3009 3660; x_wconf 88' lang='lat' dir='ltr'><strong>vires</strong></span> <span class='ocrx_word' id='word_1_572' title='bbox 3064 3610 3263 3661; x_wconf 88' lang='lat' dir='ltr'><strong>contra</strong></span> <span class='ocrx_word' id='word_1_573' title='bbox 3293 3623 3351 3660; x_wconf 92' lang='lat' dir='ltr'><strong>se</strong></span> <span class='ocrx_word' id='word_1_574' title='bbox 3381 3605 3626 3672; x_wconf 88' lang='lat' dir='ltr'><strong>moveri;</strong></span> <span class='ocrx_word' id='word_1_575' title='bbox 3686 3622 3754 3660; x_wconf 87' lang='lat' dir='ltr'><strong>se</strong></span> 
     </span>
    </p>
   </div>
   <div class='ocr_carea' id='block_1_82' title="bbox 2051 3694 3749 3766">
    <p class='ocr_par' dir='ltr' id='par_1_82' title="bbox 2051 3694 3749 3766">
     <span class='ocr_line' id='line_1_82' title="bbox 2051 3694 3749 3766; baseline 0 -18"><span class='ocrx_word' id='word_1_576' title='bbox 2051 3701 2242 3749; x_wconf 89' lang='lat' dir='ltr'><strong>autem</strong></span> <span class='ocrx_word' id='word_1_577' title='bbox 2273 3694 2522 3765; x_wconf 90' lang='lat' dir='ltr'><strong>impares</strong></span> <span class='ocrx_word' id='word_1_578' title='bbox 2547 3699 2603 3748; x_wconf 90' lang='lat' dir='ltr'><strong>et</strong></span> <span class='ocrx_word' id='word_1_579' title='bbox 2654 3695 2981 3765; x_wconf 90' lang='lat' dir='ltr'><strong>inexpertos</strong></span> <span class='ocrx_word' id='word_1_580' title='bbox 3012 3695 3233 3766; x_wconf 63' lang='lat' dir='ltr'><strong>peritia!</strong></span> <span class='ocrx_word' id='word_1_581' title='bbox 3263 3695 3400 3749; x_wconf 89' lang='lat' dir='ltr'><strong>belli</strong></span> <span class='ocrx_word' id='word_1_582' title='bbox 3451 3695 3749 3761; x_wconf 89' lang='lat' dir='ltr'><strong>videbant,</strong></span> 
     </span>
    </p>
   </div>
   <div class='ocr_carea' id='block_1_83' title="bbox 2053 3782 3756 3854">
    <p class='ocr_par' dir='ltr' id='par_1_83' title="bbox 2053 3782 3756 3854">
     <span class='ocr_line' id='line_1_83' title="bbox 2053 3782 3756 3854; baseline 0.001 -18"><span class='ocrx_word' id='word_1_583' title='bbox 2053 3782 2120 3837; x_wconf 90' lang='lat' dir='ltr'><strong>ad</strong></span> <span class='ocrx_word' id='word_1_584' title='bbox 2175 3783 2513 3854; x_wconf 89' lang='lat' dir='ltr'><strong>placandam</strong></span> <span class='ocrx_word' id='word_1_585' title='bbox 2562 3782 2711 3852; x_wconf 88' lang='lat' dir='ltr'><strong>regis</strong></span> <span class='ocrx_word' id='word_1_586' title='bbox 2742 3782 2886 3837; x_wconf 90' lang='lat' dir='ltr'><strong>iram</strong></span> <span class='ocrx_word' id='word_1_587' title='bbox 2922 3783 3136 3853; x_wconf 90' lang='lat' dir='ltr'><strong>legatos</strong></span> <span class='ocrx_word' id='word_1_588' title='bbox 3183 3783 3495 3847; x_wconf 87' lang='lat' dir='ltr'><strong>mittentes,</strong></span> <span class='ocrx_word' id='word_1_589' title='bbox 3542 3784 3756 3838; x_wconf 82' lang='lat' dir='ltr'><strong>iterata</strong></span> 
     </span>
    </p>
   </div>
   <div class='ocr_carea' id='block_1_84' title="bbox 2053 3871 3752 3943">
    <p class='ocr_par' dir='ltr' id='par_1_84' title="bbox 2053 3871 3752 3943">
     <span class='ocr_line' id='line_1_84' title="bbox 2053 3871 3752 3943; baseline 0.001 -19"><span class='ocrx_word' id='word_1_590' title='bbox 2053 3871 2406 3942; x_wconf 87' lang='lat' dir='ltr'><strong>subjectione</strong></span> <span class='ocrx_word' id='word_1_591' title='bbox 2433 3871 2646 3942; x_wconf 88' lang='lat' dir='ltr'><strong>prioris</strong></span> <span class='ocrx_word' id='word_1_592' title='bbox 2675 3871 2896 3926; x_wconf 91' lang='lat' dir='ltr'><strong>dissidii</strong></span> <span class='ocrx_word' id='word_1_593' title='bbox 2920 3888 3171 3926; x_wconf 90' lang='lat' dir='ltr'><strong>errorem</strong></span> <span class='ocrx_word' id='word_1_594' title='bbox 3218 3872 3500 3943; x_wconf 88' lang='lat' dir='ltr'><strong>corrigere</strong></span> <span class='ocrx_word' id='word_1_595' title='bbox 3554 3872 3752 3926; x_wconf 87' lang='lat' dir='ltr'><strong>omni-</strong></span> 
     </span>
    </p>
   </div>
   <div class='ocr_carea' id='block_1_85' title="bbox 2056 3959 3752 4032">
    <p class='ocr_par' dir='ltr' id='par_1_85' title="bbox 2056 3959 3752 4032">
     <span class='ocr_line' id='line_1_85' title="bbox 2056 3959 3752 4032; baseline 0.002 -20"><span class='ocrx_word' id='word_1_596' title='bbox 2056 3960 2238 4013; x_wconf 88' lang='lat' dir='ltr'><strong>modis</strong></span> <span class='ocrx_word' id='word_1_597' title='bbox 2296 3959 2727 4030; x_wconf 89' lang='lat' dir='ltr'><strong>promittebant.</strong></span> <span class='ocrx_word' id='word_1_598' title='bbox 2775 3960 2854 4013; x_wconf 84' lang='lat' dir='ltr'><strong>Ad</strong></span> <span class='ocrx_word' id='word_1_599' title='bbox 2903 3959 3012 4014; x_wconf 91' lang='lat' dir='ltr'><strong>hoc</strong></span> <span class='ocrx_word' id='word_1_600' title='bbox 3069 3976 3204 4030; x_wconf 89' lang='lat' dir='ltr'><strong>ergo</strong></span> <span class='ocrx_word' id='word_1_601' title='bbox 3242 3961 3566 4014; x_wconf 79' lang='lat' dir='ltr'><strong>reverendae</strong></span> <span class='ocrx_word' id='word_1_602' title='bbox 3614 3977 3752 4032; x_wconf 85' lang='lat' dir='ltr'><strong>per-</strong></span> 
     </span>
    </p>
   </div>
   <div class='ocr_carea' id='block_1_86' title="bbox 2055 4047 3752 4118">
    <p class='ocr_par' dir='ltr' id='par_1_86' title="bbox 2055 4047 3752 4118">
     <span class='ocr_line' id='line_1_86' title="bbox 2055 4047 3752 4118; baseline 0.001 -17"><span class='ocrx_word' id='word_1_603' title='bbox 2055 4064 2230 4114; x_wconf 64' lang='lat' dir='ltr'><strong>sonas,</strong></span> <span class='ocrx_word' id='word_1_604' title='bbox 2283 4048 2561 4117; x_wconf 55' lang='lat' dir='ltr'><strong>mireque</strong></span> <span class='ocrx_word' id='word_1_605' title='bbox 2592 4047 2916 4117; x_wconf 64' lang='lat' dir='ltr'><strong>prudentiae</strong></span> <span class='ocrx_word' id='word_1_606' title='bbox 2949 4047 3280 4118; x_wconf 89' lang='lat' dir='ltr'><strong>episcopum</strong></span> <span class='ocrx_word' id='word_1_607' title='bbox 3324 4049 3606 4104; x_wconf 87' lang='lat' dir='ltr'><strong>Plocensis</strong></span> <span class='ocrx_word' id='word_1_608' title='bbox 3649 4065 3752 4103; x_wconf 80' lang='lat' dir='ltr'><strong>ec-</strong></span> 
     </span>
    </p>
   </div>
   <div class='ocr_carea' id='block_1_87' title="bbox 2055 4134 3754 4207">
    <p class='ocr_par' dir='ltr' id='par_1_87' title="bbox 2055 4134 3754 4207">
     <span class='ocr_line' id='line_1_87' title="bbox 2055 4134 3754 4207; baseline -0.001 -18"><span class='ocrx_word' id='word_1_609' title='bbox 2055 4136 2240 4190; x_wconf 61' lang='lat' dir='ltr'><strong>clesiae</strong></span> <span class='ocrx_word' id='word_1_610' title='bbox 2299 4134 2673 4189; x_wconf 79' lang='lat' dir='ltr'><strong>Wernlierum</strong></span> <span class='ocrx_word' id='word_1_611' title='bbox 2717 4136 3037 4204; x_wconf 88' lang='lat' dir='ltr'><strong>elegerunt,</strong></span> <span class='ocrx_word' id='word_1_612' title='bbox 3085 4151 3335 4207; x_wconf 91' lang='lat' dir='ltr'><strong>eumque</strong></span> <span class='ocrx_word' id='word_1_613' title='bbox 3382 4151 3510 4189; x_wconf 90' lang='lat' dir='ltr'><strong>cum</strong></span> <span class='ocrx_word' id='word_1_614' title='bbox 3577 4137 3754 4190; x_wconf 86' lang='lat' dir='ltr'><strong>donis</strong></span> 
     </span>
    </p>
   </div>
   <div class='ocr_carea' id='block_1_88' title="bbox 253 4209 1942 4310">
    <p class='ocr_par' dir='ltr' id='par_1_88' title="bbox 253 4209 1940 4281">
     <span class='ocr_line' id='line_1_88' title="bbox 253 4209 1940 4281; baseline -0.002 -14"><span class='ocrx_word' id='word_1_615' title='bbox 253 4229 428 4280; x_wconf 89' lang='lat' dir='ltr'><strong>mam,</strong></span> <span class='ocrx_word' id='word_1_616' title='bbox 451 4228 648 4266; x_wconf 88' lang='lat' dir='ltr'><strong>vocem</strong></span> <span class='ocrx_word' id='word_1_617' title='bbox 673 4211 732 4264; x_wconf 91' lang='lat' dir='ltr'><strong>in</strong></span> <span class='ocrx_word' id='word_1_618' title='bbox 760 4227 818 4264; x_wconf 90' lang='lat' dir='ltr'><strong>se</strong></span> <span class='ocrx_word' id='word_1_619' title='bbox 839 4209 1064 4265; x_wconf 88' lang='lat' dir='ltr'><strong>virtutis</strong></span> <span class='ocrx_word' id='word_1_620' title='bbox 1107 4216 1353 4264; x_wconf 59' lang='lat' dir='ltr'><strong>ostensa!</strong></span> <span class='ocrx_word' id='word_1_621' title='bbox 1378 4226 1704 4281; x_wconf 68' lang='lat' dir='ltr'><strong>prmconam</strong></span> <span class='ocrx_word' id='word_1_622' title='bbox 1764 4210 1940 4277; x_wconf 88' lang='lat' dir='ltr'><strong>fudit;</strong></span> 
     </span>
    </p>
   </div>
   <div class='ocr_carea' id='block_1_89' title="bbox 2131 4209 3751 4310">
    <p class='ocr_par' dir='ltr' id='par_1_89' title="bbox 2131 4223 3751 4295">
     <span class='ocr_line' id='line_1_89' title="bbox 2131 4223 3751 4295; baseline 0.001 -18"><span class='ocrx_word' id='word_1_623' title='bbox 2131 4224 2274 4294; x_wconf 68' lang='lat' dir='ltr'><strong>giam</strong></span> <span class='ocrx_word' id='word_1_624' title='bbox 2321 4223 2806 4294; x_wconf 88' lang='lat' dir='ltr'><strong>magniﬁcentiam</strong></span> <span class='ocrx_word' id='word_1_625' title='bbox 2838 4224 3192 4290; x_wconf 90' lang='lat' dir='ltr'><strong>decentibus,</strong></span> <span class='ocrx_word' id='word_1_626' title='bbox 3239 4225 3306 4279; x_wconf 91' lang='lat' dir='ltr'><strong>ad</strong></span> <span class='ocrx_word' id='word_1_627' title='bbox 3336 4225 3751 4295; x_wconf 83' lang='lat' dir='ltr'><strong>Imperatorem</strong></span> 
     </span>
    </p>
   </div>
   <div class='ocr_carea' id='block_1_90' title="bbox 252 4297 1937 4370">
    <p class='ocr_par' dir='ltr' id='par_1_90' title="bbox 252 4297 1937 4370">
     <span class='ocr_line' id='line_1_90' title="bbox 252 4297 1937 4370; baseline -0.001 -17"><span class='ocrx_word' id='word_1_628' title='bbox 252 4301 542 4370; x_wconf 90' lang='lat' dir='ltr'><strong>versisque</strong></span> <span class='ocrx_word' id='word_1_629' title='bbox 599 4299 659 4353; x_wconf 93' lang='lat' dir='ltr'><strong>in</strong></span> <span class='ocrx_word' id='word_1_630' title='bbox 709 4303 1002 4370; x_wconf 90' lang='lat' dir='ltr'><strong>stuporem</strong></span> <span class='ocrx_word' id='word_1_631' title='bbox 1069 4298 1549 4366; x_wconf 85' lang='lat' dir='ltr'><strong>commeantibus,</strong></span> <span class='ocrx_word' id='word_1_632' title='bbox 1611 4297 1937 4352; x_wconf 84' lang='lat' dir='ltr'><strong>vehiculum</strong></span> 
     </span>
    </p>
   </div>
   <div class='ocr_carea' id='block_1_91' title="bbox 251 4386 1942 4457">
    <p class='ocr_par' dir='ltr' id='par_1_91' title="bbox 251 4386 1942 4457">
     <span class='ocr_line' id='line_1_91' title="bbox 251 4386 1942 4457; baseline -0.001 -15"><span class='ocrx_word' id='word_1_633' title='bbox 251 4388 481 4454; x_wconf 87' lang='lat' dir='ltr'><strong>deserit,</strong></span> <span class='ocrx_word' id='word_1_634' title='bbox 515 4392 570 4441; x_wconf 87' lang='lat' dir='ltr'><strong>et</strong></span> <span class='ocrx_word' id='word_1_635' title='bbox 612 4388 871 4442; x_wconf 62' lang='lat' dir='ltr'><strong>laetantes</strong></span> <span class='ocrx_word' id='word_1_636' title='bbox 916 4388 986 4441; x_wconf 87' lang='lat' dir='ltr'><strong>de</strong></span> <span class='ocrx_word' id='word_1_637' title='bbox 1029 4388 1128 4441; x_wconf 87' lang='lat' dir='ltr'><strong>Dei</strong></span> <span class='ocrx_word' id='word_1_638' title='bbox 1159 4386 1542 4457; x_wconf 88' lang='lat' dir='ltr'><strong>magnalibus,</strong></span> <span class='ocrx_word' id='word_1_639' title='bbox 1588 4386 1774 4440; x_wconf 66' lang='lat' dir='ltr'><strong>laetior</strong></span> <span class='ocrx_word' id='word_1_640' title='bbox 1818 4387 1942 4457; x_wconf 87' lang='lat' dir='ltr'><strong>ipsa</strong></span> 
     </span>
    </p>
   </div>
   <div class='ocr_carea' id='block_1_92' title="bbox 252 4474 1942 4547">
    <p class='ocr_par' dir='ltr' id='par_1_92' title="bbox 252 4474 1942 4547">
     <span class='ocr_line' id='line_1_92' title="bbox 252 4474 1942 4547; baseline 0 -19"><span class='ocrx_word' id='word_1_641' title='bbox 252 4477 575 4546; x_wconf 62' lang='lat' dir='ltr'><strong>praecedens</strong></span> <span class='ocrx_word' id='word_1_642' title='bbox 604 4476 674 4531; x_wconf 88' lang='lat' dir='ltr'><strong>ad</strong></span> <span class='ocrx_word' id='word_1_643' title='bbox 731 4477 1026 4530; x_wconf 90' lang='lat' dir='ltr'><strong>ecclesiam</strong></span> <span class='ocrx_word' id='word_1_644' title='bbox 1063 4476 1264 4530; x_wconf 86' lang='lat' dir='ltr'><strong>venit:</strong></span> <span class='ocrx_word' id='word_1_645' title='bbox 1307 4492 1370 4529; x_wconf 88' lang='lat' dir='ltr'><strong>ac</strong></span> <span class='ocrx_word' id='word_1_646' title='bbox 1427 4481 1556 4529; x_wconf 90' lang='lat' dir='ltr'><strong>vota</strong></span> <span class='ocrx_word' id='word_1_647' title='bbox 1611 4474 1789 4547; x_wconf 73' lang='lat' dir='ltr'><strong>[quae]</strong></span> <span class='ocrx_word' id='word_1_648' title='bbox 1838 4491 1942 4546; x_wconf 91' lang='lat' dir='ltr'><strong>pro</strong></span> 
     </span>
    </p>
   </div>
   <div class='ocr_carea' id='block_1_93' title="bbox 250 4563 1941 4635">
    <p class='ocr_par' dir='ltr' id='par_1_93' title="bbox 250 4563 1941 4635">
     <span class='ocr_line' id='line_1_93' title="bbox 250 4563 1941 4635; baseline 0.001 -18"><span class='ocrx_word' id='word_1_649' title='bbox 250 4563 578 4634; x_wconf 89' lang='lat' dir='ltr'><strong>recipienda</strong></span> <span class='ocrx_word' id='word_1_650' title='bbox 612 4564 879 4635; x_wconf 90' lang='lat' dir='ltr'><strong>sospitate</strong></span> <span class='ocrx_word' id='word_1_651' title='bbox 908 4565 1120 4618; x_wconf 88' lang='lat' dir='ltr'><strong>factura</strong></span> <span class='ocrx_word' id='word_1_652' title='bbox 1154 4568 1406 4631; x_wconf 87' lang='lat' dir='ltr'><strong>venerat,</strong></span> <span class='ocrx_word' id='word_1_653' title='bbox 1465 4565 1586 4634; x_wconf 90' lang='lat' dir='ltr'><strong>jam</strong></span> <span class='ocrx_word' id='word_1_654' title='bbox 1616 4581 1681 4618; x_wconf 88' lang='lat' dir='ltr'><strong>ea</strong></span> <span class='ocrx_word' id='word_1_655' title='bbox 1738 4563 1941 4634; x_wconf 88' lang='lat' dir='ltr'><strong>potita,</strong></span> 
     </span>
    </p>
   </div>
   <div class='ocr_carea' id='block_1_94' title="bbox 251 4652 1141 4708">
    <p class='ocr_par' dir='ltr' id='par_1_94' title="bbox 251 4652 1141 4708">
     <span class='ocr_line' id='line_1_94' title="bbox 251 4652 1141 4708; baseline 0.002 -3"><span class='ocrx_word' id='word_1_656' title='bbox 251 4652 444 4706; x_wconf 89' lang='lat' dir='ltr'><strong>triduo</strong></span> <span class='ocrx_word' id='word_1_657' title='bbox 470 4652 586 4706; x_wconf 91' lang='lat' dir='ltr'><strong>illic</strong></span> <span class='ocrx_word' id='word_1_658' title='bbox 615 4659 837 4707; x_wconf 88' lang='lat' dir='ltr'><strong>morata</strong></span> <span class='ocrx_word' id='word_1_659' title='bbox 863 4653 1141 4708; x_wconf 86' lang='lat' dir='ltr'><strong>solvebat.</strong></span> 
     </span>
    </p>
   </div>
   <div class='ocr_carea' id='block_1_95' title="bbox 327 4756 1944 4828">
    <p class='ocr_par' dir='ltr' id='par_1_95' title="bbox 327 4756 1944 4828">
     <span class='ocr_line' id='line_1_95' title="bbox 327 4756 1944 4828; baseline -0.001 -17"><span class='ocrx_word' id='word_1_660' title='bbox 327 4761 409 4812; x_wconf 88' lang='lat'><strong>16.</strong></span> <span class='ocrx_word' id='word_1_661' title='bbox 443 4759 505 4812; x_wconf 91' lang='lat' dir='ltr'><strong>In</strong></span> <span class='ocrx_word' id='word_1_662' title='bbox 533 4757 760 4812; x_wconf 87' lang='lat' dir='ltr'><strong>civitate</strong></span> <span class='ocrx_word' id='word_1_663' title='bbox 812 4757 1080 4826; x_wconf 83' lang='lat' dir='ltr'><strong>Hallensi,</strong></span> <span class='ocrx_word' id='word_1_664' title='bbox 1123 4773 1250 4828; x_wconf 70' lang='lat' dir='ltr'><strong>quae</strong></span> <span class='ocrx_word' id='word_1_665' title='bbox 1296 4757 1520 4811; x_wconf 85' lang='lat' dir='ltr'><strong>duobus</strong></span> <span class='ocrx_word' id='word_1_666' title='bbox 1560 4774 1593 4810; x_wconf 93' lang='lat' dir='ltr'><strong>a</strong></span> <span class='ocrx_word' id='word_1_667' title='bbox 1624 4756 1944 4812; x_wconf 83' lang='lat' dir='ltr'><strong>Mersebur-</strong></span> 
     </span>
    </p>
   </div>
   <div class='ocr_carea' id='block_1_96' title="bbox 253 4845 1944 4917">
    <p class='ocr_par' dir='ltr' id='par_1_96' title="bbox 253 4845 1944 4917">
     <span class='ocr_line' id='line_1_96' title="bbox 253 4845 1944 4917; baseline -0.001 -18"><span class='ocrx_word' id='word_1_668' title='bbox 253 4845 414 4917; x_wconf 89' lang='lat' dir='ltr'><strong>gensi</strong></span> <span class='ocrx_word' id='word_1_669' title='bbox 446 4845 569 4899; x_wconf 92' lang='lat' dir='ltr'><strong>loco</strong></span> <span class='ocrx_word' id='word_1_670' title='bbox 601 4845 947 4900; x_wconf 86' lang='lat' dir='ltr'><strong>milliaribus</strong></span> <span class='ocrx_word' id='word_1_671' title='bbox 980 4845 1169 4912; x_wconf 90' lang='lat' dir='ltr'><strong>distat,</strong></span> <span class='ocrx_word' id='word_1_672' title='bbox 1205 4845 1316 4899; x_wconf 89' lang='lat' dir='ltr'><strong>fuit</strong></span> <span class='ocrx_word' id='word_1_673' title='bbox 1365 4851 1627 4898; x_wconf 89' lang='lat' dir='ltr'><strong>matrona</strong></span> <span class='ocrx_word' id='word_1_674' title='bbox 1678 4845 1944 4916; x_wconf 71' lang='lat' dir='ltr'><strong>quaedam</strong></span> 
     </span>
    </p>
   </div>
   <div class='ocr_carea' id='block_1_97' title="bbox 251 4931 1946 5003">
    <p class='ocr_par' dir='ltr' id='par_1_97' title="bbox 251 4931 1946 5003">
     <span class='ocr_line' id='line_1_97' title="bbox 251 4931 1946 5003; baseline -0.001 -16"><span class='ocrx_word' id='word_1_675' title='bbox 251 4950 368 4987; x_wconf 90' lang='lat' dir='ltr'><strong>non</strong></span> <span class='ocrx_word' id='word_1_676' title='bbox 399 4933 700 5003; x_wconf 88' lang='lat' dir='ltr'><strong>ignobilis;</strong></span> <span class='ocrx_word' id='word_1_677' title='bbox 737 4949 886 5003; x_wconf 73' lang='lat' dir='ltr'><strong>quae,</strong></span> <span class='ocrx_word' id='word_1_678' title='bbox 911 4931 1038 5003; x_wconf 89' lang='lat' dir='ltr'><strong>jugi</strong></span> <span class='ocrx_word' id='word_1_679' title='bbox 1069 4933 1183 4986; x_wconf 90' lang='lat' dir='ltr'><strong>fere</strong></span> <span class='ocrx_word' id='word_1_680' title='bbox 1216 4932 1474 4986; x_wconf 88' lang='lat' dir='ltr'><strong>dentium</strong></span> <span class='ocrx_word' id='word_1_681' title='bbox 1509 4933 1706 4988; x_wconf 92' lang='lat' dir='ltr'><strong>dolore</strong></span> <span class='ocrx_word' id='word_1_682' title='bbox 1772 4948 1946 4987; x_wconf 78' lang='lat' dir='ltr'><strong>vexa-</strong></span> 
     </span>
    </p>
   </div>
   <div class='ocr_carea' id='block_1_98' title="bbox 253 5021 1944 5092">
    <p class='ocr_par' dir='ltr' id='par_1_98' title="bbox 253 5021 1944 5092">
     <span class='ocr_line' id='line_1_98' title="bbox 253 5021 1944 5092; baseline -0.001 -16"><span class='ocrx_word' id='word_1_683' title='bbox 253 5023 442 5088; x_wconf 83' lang='lat' dir='ltr'><strong>batur,</strong></span> <span class='ocrx_word' id='word_1_684' title='bbox 477 5022 620 5076; x_wconf 90' lang='lat' dir='ltr'><strong>adeo</strong></span> <span class='ocrx_word' id='word_1_685' title='bbox 652 5025 714 5075; x_wconf 91' lang='lat' dir='ltr'><strong>ut</strong></span> <span class='ocrx_word' id='word_1_686' title='bbox 746 5021 1021 5091; x_wconf 82' lang='lat' dir='ltr'><strong>paulatim</strong></span> <span class='ocrx_word' id='word_1_687' title='bbox 1056 5022 1263 5075; x_wconf 88' lang='lat' dir='ltr'><strong>robore</strong></span> <span class='ocrx_word' id='word_1_688' title='bbox 1311 5021 1573 5075; x_wconf 87' lang='lat' dir='ltr'><strong>dentium</strong></span> <span class='ocrx_word' id='word_1_689' title='bbox 1621 5021 1944 5092; x_wconf 88' lang='lat' dir='ltr'><strong>absumpto,</strong></span> 
     </span>
    </p>
   </div>
   <div class='ocr_carea' id='block_1_99' title="bbox 253 5109 1946 5180">
    <p class='ocr_par' dir='ltr' id='par_1_99' title="bbox 253 5109 1946 5180">
     <span class='ocr_line' id='line_1_99' title="bbox 253 5109 1946 5180; baseline 0 -18"><span class='ocrx_word' id='word_1_690' title='bbox 253 5126 412 5180; x_wconf 88' lang='lat' dir='ltr'><strong>spem</strong></span> <span class='ocrx_word' id='word_1_691' title='bbox 462 5110 660 5164; x_wconf 89' lang='lat' dir='ltr'><strong>salutis</strong></span> <span class='ocrx_word' id='word_1_692' title='bbox 715 5109 1009 5164; x_wconf 86' lang='lat' dir='ltr'><strong>assiduitas</strong></span> <span class='ocrx_word' id='word_1_693' title='bbox 1071 5113 1307 5180; x_wconf 87' lang='lat' dir='ltr'><strong>negaret</strong></span> <span class='ocrx_word' id='word_1_694' title='bbox 1375 5109 1608 5164; x_wconf 89' lang='lat' dir='ltr'><strong>doloris.</strong></span> <span class='ocrx_word' id='word_1_695' title='bbox 1686 5109 1946 5179; x_wconf 90' lang='lat' dir='ltr'><strong>Cumque</strong></span> 
     </span>
    </p>
   </div>
   <div class='ocr_carea' id='block_1_100' title="bbox 251 5197 1948 5269">
    <p class='ocr_par' dir='ltr' id='par_1_100' title="bbox 251 5197 1948 5269">
     <span class='ocr_line' id='line_1_100' title="bbox 251 5197 1948 5269; baseline -0.001 -17"><span class='ocrx_word' id='word_1_696' title='bbox 251 5199 432 5254; x_wconf 91' lang='lat' dir='ltr'><strong>noctis</strong></span> <span class='ocrx_word' id='word_1_697' title='bbox 459 5198 754 5269; x_wconf 90' lang='lat' dir='ltr'><strong>cujusdam</strong></span> <span class='ocrx_word' id='word_1_698' title='bbox 787 5198 950 5252; x_wconf 88' lang='lat' dir='ltr'><strong>initio</strong></span> <span class='ocrx_word' id='word_1_699' title='bbox 980 5198 1374 5252; x_wconf 83' lang='lat' dir='ltr'><strong>vehementius</strong></span> <span class='ocrx_word' id='word_1_700' title='bbox 1403 5197 1710 5252; x_wconf 87' lang='lat' dir='ltr'><strong>acerbitate</strong></span> <span class='ocrx_word' id='word_1_701' title='bbox 1759 5197 1948 5251; x_wconf 90' lang='lat' dir='ltr'><strong>morbi</strong></span> 
     </span>
    </p>
   </div>
   <div class='ocr_carea' id='block_1_101' title="bbox 252 5284 1945 5357">
    <p class='ocr_par' dir='ltr' id='par_1_101' title="bbox 252 5284 1945 5357">
     <span class='ocr_line' id='line_1_101' title="bbox 252 5284 1945 5357; baseline -0.001 -17"><span class='ocrx_word' id='word_1_702' title='bbox 252 5286 664 5356; x_wconf 88' lang='lat' dir='ltr'><strong>stimularetur,</strong></span> <span class='ocrx_word' id='word_1_703' title='bbox 695 5301 826 5340; x_wconf 89' lang='lat' dir='ltr'><strong>cum</strong></span> <span class='ocrx_word' id='word_1_704' title='bbox 883 5285 1041 5355; x_wconf 90' lang='lat' dir='ltr'><strong>gravi</strong></span> <span class='ocrx_word' id='word_1_705' title='bbox 1090 5286 1335 5357; x_wconf 90' lang='lat' dir='ltr'><strong>suspirio</strong></span> <span class='ocrx_word' id='word_1_706' title='bbox 1366 5287 1511 5340; x_wconf 89' lang='lat' dir='ltr'><strong>hanc</strong></span> <span class='ocrx_word' id='word_1_707' title='bbox 1566 5285 1833 5356; x_wconf 87' lang='lat' dir='ltr'><strong>prorupit</strong></span> <span class='ocrx_word' id='word_1_708' title='bbox 1885 5284 1945 5338; x_wconf 91' lang='lat' dir='ltr'><strong>in</strong></span> 
     </span>
    </p>
   </div>
   <div class='ocr_carea' id='block_1_102' title="bbox 254 5374 1945 5447">
    <p class='ocr_par' dir='ltr' id='par_1_102' title="bbox 254 5374 1945 5447">
     <span class='ocr_line' id='line_1_102' title="bbox 254 5374 1945 5447; baseline -0.002 -20"><span class='ocrx_word' id='word_1_709' title='bbox 254 5391 448 5429; x_wconf 88' lang='lat' dir='ltr'><strong>vocem</strong></span> <span class='ocrx_word' id='word_1_710' title='bbox 485 5392 496 5428; x_wconf 90' lang='lat'><strong>:</strong></span> <span class='ocrx_word' id='word_1_711' title='bbox 531 5376 574 5430; x_wconf 93' lang='grc' dir='ltr'><strong>Ο</strong></span> <span class='ocrx_word' id='word_1_712' title='bbox 629 5375 794 5430; x_wconf 88' lang='lat' dir='ltr'><strong>beate</strong></span> <span class='ocrx_word' id='word_1_713' title='bbox 854 5374 1137 5444; x_wconf 83' lang='lat' dir='ltr'><strong>Heinrice,</strong></span> <span class='ocrx_word' id='word_1_714' title='bbox 1171 5376 1270 5447; x_wconf 92' lang='lat' dir='ltr'><strong>qui</strong></span> <span class='ocrx_word' id='word_1_715' title='bbox 1295 5376 1557 5430; x_wconf 89' lang='lat' dir='ltr'><strong>omnium</strong></span> <span class='ocrx_word' id='word_1_716' title='bbox 1602 5378 1658 5427; x_wconf 91' lang='lat' dir='ltr'><strong>te</strong></span> <span class='ocrx_word' id='word_1_717' title='bbox 1687 5389 1945 5444; x_wconf 65' lang='lat' dir='ltr'><strong>quaeren-</strong></span> 
     </span>
    </p>
   </div>
   <div class='ocr_carea' id='block_1_103' title="bbox 251 5462 1948 5533">
    <p class='ocr_par' dir='ltr' id='par_1_103' title="bbox 251 5462 1948 5533">
     <span class='ocr_line' id='line_1_103' title="bbox 251 5462 1948 5533; baseline -0.001 -17"><span class='ocrx_word' id='word_1_718' title='bbox 251 5463 394 5517; x_wconf 89' lang='lat' dir='ltr'><strong>tium</strong></span> <span class='ocrx_word' id='word_1_719' title='bbox 443 5464 770 5518; x_wconf 89' lang='lat' dir='ltr'><strong>necessitati</strong></span> <span class='ocrx_word' id='word_1_720' title='bbox 838 5463 1140 5532; x_wconf 89' lang='lat' dir='ltr'><strong>succurris,</strong></span> <span class='ocrx_word' id='word_1_721' title='bbox 1199 5481 1290 5518; x_wconf 91' lang='lat' dir='ltr'><strong>me</strong></span> <span class='ocrx_word' id='word_1_722' title='bbox 1345 5462 1721 5533; x_wconf 89' lang='lat' dir='ltr'><strong>peccatricem</strong></span> <span class='ocrx_word' id='word_1_723' title='bbox 1776 5463 1948 5532; x_wconf 90' lang='lat' dir='ltr'><strong>plena</strong></span> 
     </span>
    </p>
   </div>
   <div class='ocr_carea' id='block_1_104' title="bbox 252 5549 1947 5622">
    <p class='ocr_par' dir='ltr' id='par_1_104' title="bbox 252 5549 1947 5622">
     <span class='ocr_line' id='line_1_104' title="bbox 252 5549 1947 5622; baseline -0.001 -17"><span class='ocrx_word' id='word_1_724' title='bbox 252 5551 363 5605; x_wconf 90' lang='lat' dir='ltr'><strong>ﬁde</strong></span> <span class='ocrx_word' id='word_1_725' title='bbox 392 5555 447 5605; x_wconf 90' lang='lat' dir='ltr'><strong>te</strong></span> <span class='ocrx_word' id='word_1_726' title='bbox 477 5551 857 5618; x_wconf 89' lang='lat' dir='ltr'><strong>invocantem,</strong></span> <span class='ocrx_word' id='word_1_727' title='bbox 889 5567 959 5606; x_wconf 90' lang='lat' dir='ltr'><strong>ne</strong></span> <span class='ocrx_word' id='word_1_728' title='bbox 989 5551 1243 5622; x_wconf 88' lang='lat' dir='ltr'><strong>despice;</strong></span> <span class='ocrx_word' id='word_1_729' title='bbox 1277 5551 1372 5604; x_wconf 90' lang='lat' dir='ltr'><strong>sed</strong></span> <span class='ocrx_word' id='word_1_730' title='bbox 1402 5551 1510 5620; x_wconf 90' lang='lat' dir='ltr'><strong>fac,</strong></span> <span class='ocrx_word' id='word_1_731' title='bbox 1542 5555 1607 5604; x_wconf 93' lang='lat' dir='ltr'><strong>ut</strong></span> <span class='ocrx_word' id='word_1_732' title='bbox 1641 5550 1729 5605; x_wconf 87' lang='lat' dir='ltr'><strong>vel</strong></span> <span class='ocrx_word' id='word_1_733' title='bbox 1775 5549 1947 5604; x_wconf 83' lang='lat' dir='ltr'><strong>unius</strong></span> 
     </span>
    </p>
   </div>
   <div class='ocr_carea' id='block_1_105' title="bbox 2049 4311 3753 4384">
    <p class='ocr_par' dir='ltr' id='par_1_105' title="bbox 2049 4311 3753 4384">
     <span class='ocr_line' id='line_1_105' title="bbox 2049 4311 3753 4384; baseline -0.001 -15"><span class='ocrx_word' id='word_1_734' title='bbox 2049 4311 2394 4384; x_wconf 85' lang='lat' dir='ltr'><strong>Aquisgrani</strong></span> <span class='ocrx_word' id='word_1_735' title='bbox 2435 4317 2779 4379; x_wconf 88' lang='lat' dir='ltr'><strong>morantem,</strong></span> <span class='ocrx_word' id='word_1_736' title='bbox 2815 4317 2871 4366; x_wconf 89' lang='lat' dir='ltr'><strong>et</strong></span> <span class='ocrx_word' id='word_1_737' title='bbox 2928 4329 3053 4366; x_wconf 90' lang='lat' dir='ltr'><strong>ossa</strong></span> <span class='ocrx_word' id='word_1_738' title='bbox 3105 4313 3288 4367; x_wconf 88' lang='lat' dir='ltr'><strong>Caroli</strong></span> <span class='ocrx_word' id='word_1_739' title='bbox 3337 4313 3525 4383; x_wconf 82' lang='lat' dir='ltr'><strong>Magni</strong></span> <span class='ocrx_word' id='word_1_740' title='bbox 3563 4315 3753 4369; x_wconf 87' lang='lat' dir='ltr'><strong>levata</strong></span> 
     </span>
    </p>
   </div>
   <div class='ocr_carea' id='block_1_106' title="bbox 2052 4399 3748 4471">
    <p class='ocr_par' dir='ltr' id='par_1_106' title="bbox 2052 4399 3748 4471">
     <span class='ocr_line' id='line_1_106' title="bbox 2052 4399 3748 4471; baseline 0.002 -17"><span class='ocrx_word' id='word_1_741' title='bbox 2052 4400 2110 4454; x_wconf 92' lang='lat' dir='ltr'><strong>in</strong></span> <span class='ocrx_word' id='word_1_742' title='bbox 2161 4400 2339 4454; x_wconf 89' lang='lat' dir='ltr'><strong>thecis</strong></span> <span class='ocrx_word' id='word_1_743' title='bbox 2414 4417 2553 4454; x_wconf 87' lang='lat' dir='ltr'><strong>auro</strong></span> <span class='ocrx_word' id='word_1_744' title='bbox 2603 4399 2962 4471; x_wconf 89' lang='lat' dir='ltr'><strong>gemmisque</strong></span> <span class='ocrx_word' id='word_1_745' title='bbox 3015 4400 3288 4455; x_wconf 88' lang='lat' dir='ltr'><strong>confectis</strong></span> <span class='ocrx_word' id='word_1_746' title='bbox 3340 4401 3748 4457; x_wconf 86' lang='lat' dir='ltr'><strong>recondcntem</strong></span> 
     </span>
    </p>
   </div>
   <div class='ocr_carea' id='block_1_107' title="bbox 2052 4489 3752 4561">
    <p class='ocr_par' dir='ltr' id='par_1_107' title="bbox 2052 4489 3752 4561">
     <span class='ocr_line' id='line_1_107' title="bbox 2052 4489 3752 4561; baseline 0.002 -18"><span class='ocrx_word' id='word_1_747' title='bbox 2052 4490 2399 4543; x_wconf 89' lang='lat' dir='ltr'><strong>direxeruut.</strong></span> <span class='ocrx_word' id='word_1_748' title='bbox 2452 4491 2496 4542; x_wconf 86' lang='grc' dir='ltr'>Α</span> <span class='ocrx_word' id='word_1_749' title='bbox 2527 4505 2640 4560; x_wconf 90' lang='lat' dir='ltr'><strong>quo</strong></span> <span class='ocrx_word' id='word_1_750' title='bbox 2683 4489 2778 4543; x_wconf 91' lang='lat' dir='ltr'><strong>diu</strong></span> <span class='ocrx_word' id='word_1_751' title='bbox 2812 4491 3096 4561; x_wconf 86' lang='lat' dir='ltr'><strong>repulsus,</strong></span> <span class='ocrx_word' id='word_1_752' title='bbox 3131 4491 3360 4545; x_wconf 87' lang='lat' dir='ltr'><strong>tandem</strong></span> <span class='ocrx_word' id='word_1_753' title='bbox 3418 4490 3752 4546; x_wconf 88' lang='lat' dir='ltr'><strong>interventu</strong></span> 
     </span>
    </p>
   </div>
   <div class='ocr_carea' id='block_1_108' title="bbox 2053 4577 3749 4649">
    <p class='ocr_par' dir='ltr' id='par_1_108' title="bbox 2053 4577 3749 4649">
     <span class='ocr_line' id='line_1_108' title="bbox 2053 4577 3749 4649; baseline 0 -16"><span class='ocrx_word' id='word_1_754' title='bbox 2053 4577 2380 4649; x_wconf 86' lang='lat' dir='ltr'><strong>Principum</strong></span> <span class='ocrx_word' id='word_1_755' title='bbox 2405 4577 2465 4631; x_wconf 90' lang='lat' dir='ltr'><strong>in</strong></span> <span class='ocrx_word' id='word_1_756' title='bbox 2517 4578 2763 4648; x_wconf 84' lang='lat' dir='ltr'><strong>gratiam</strong></span> <span class='ocrx_word' id='word_1_757' title='bbox 2795 4578 3097 4644; x_wconf 88' lang='lat' dir='ltr'><strong>admissus,</strong></span> <span class='ocrx_word' id='word_1_758' title='bbox 3131 4579 3419 4649; x_wconf 86' lang='lat' dir='ltr'><strong>legatione</strong></span> <span class='ocrx_word' id='word_1_759' title='bbox 3451 4579 3522 4633; x_wconf 89' lang='lat' dir='ltr'><strong>ad</strong></span> <span class='ocrx_word' id='word_1_760' title='bbox 3547 4584 3749 4633; x_wconf 88' lang='lat' dir='ltr'><strong>votum</strong></span> 
     </span>
    </p>
   </div>
   <div class='ocr_carea' id='block_1_109' title="bbox 2051 4667 3751 4738">
    <p class='ocr_par' dir='ltr' id='par_1_109' title="bbox 2051 4667 3751 4738">
     <span class='ocr_line' id='line_1_109' title="bbox 2051 4667 3751 4738; baseline 0.002 -18"><span class='ocrx_word' id='word_1_761' title='bbox 2051 4672 2300 4737; x_wconf 89' lang='lat' dir='ltr'><strong>peracta,</strong></span> <span class='ocrx_word' id='word_1_762' title='bbox 2332 4682 2463 4720; x_wconf 90' lang='lat' dir='ltr'><strong>cum</strong></span> <span class='ocrx_word' id='word_1_763' title='bbox 2514 4667 2770 4737; x_wconf 91' lang='lat' dir='ltr'><strong>reliquiis</strong></span> <span class='ocrx_word' id='word_1_764' title='bbox 2795 4667 2849 4721; x_wconf 90' lang='lat' dir='ltr'><strong>S.</strong></span> <span class='ocrx_word' id='word_1_765' title='bbox 2889 4667 3140 4733; x_wconf 88' lang='lat' dir='ltr'><strong>Henrici,</strong></span> <span class='ocrx_word' id='word_1_766' title='bbox 3172 4667 3411 4738; x_wconf 90' lang='lat' dir='ltr'><strong>aliisque</strong></span> <span class='ocrx_word' id='word_1_767' title='bbox 3463 4667 3626 4722; x_wconf 92' lang='lat' dir='ltr'><strong>donis</strong></span> <span class='ocrx_word' id='word_1_768' title='bbox 3677 4670 3751 4723; x_wconf 90' lang='lat' dir='ltr'><strong>ab</strong></span> 
     </span>
    </p>
   </div>
   <div class='ocr_carea' id='block_1_110' title="bbox 2053 4755 3747 4828">
    <p class='ocr_par' dir='ltr' id='par_1_110' title="bbox 2053 4755 3747 4828">
     <span class='ocr_line' id='line_1_110' title="bbox 2053 4755 3747 4828; baseline 0.001 -19"><span class='ocrx_word' id='word_1_769' title='bbox 2053 4757 2404 4825; x_wconf 88' lang='lat' dir='ltr'><strong>lmperatore</strong></span> <span class='ocrx_word' id='word_1_770' title='bbox 2448 4756 2730 4825; x_wconf 86' lang='lat' dir='ltr'><strong>perceptis</strong></span> <span class='ocrx_word' id='word_1_771' title='bbox 2775 4755 2927 4809; x_wconf 84' lang='lat' dir='ltr'><strong>redit</strong></span> <span class='ocrx_word' id='word_1_772' title='bbox 2988 4773 3001 4809; x_wconf 91' lang='lat'><strong>:</strong></span> <span class='ocrx_word' id='word_1_773' title='bbox 3061 4760 3116 4809; x_wconf 91' lang='lat' dir='ltr'><strong>et</strong></span> <span class='ocrx_word' id='word_1_774' title='bbox 3162 4755 3223 4809; x_wconf 89' lang='lat' dir='ltr'><strong>in</strong></span> <span class='ocrx_word' id='word_1_775' title='bbox 3279 4773 3515 4810; x_wconf 87' lang='lat' dir='ltr'><strong>nemore</strong></span> <span class='ocrx_word' id='word_1_776' title='bbox 3591 4759 3747 4828; x_wconf 91' lang='lat' dir='ltr'><strong>quod</strong></span> 
     </span>
    </p>
   </div>
   <div class='ocr_carea' id='block_1_111' title="bbox 2053 4843 3816 4915">
    <p class='ocr_par' dir='ltr' id='par_1_111' title="bbox 2053 4843 3816 4915">
     <span class='ocr_line' id='line_1_111' title="bbox 2053 4843 3816 4915; baseline 0.003 -19"><span class='ocrx_word' id='word_1_777' title='bbox 2053 4843 2276 4897; x_wconf 66' lang='lat' dir='ltr'><strong>Xubrim</strong></span> <span class='ocrx_word' id='word_1_778' title='bbox 2322 4859 2386 4897; x_wconf 87' lang='lat' dir='ltr'><strong>ac</strong></span> <span class='ocrx_word' id='word_1_779' title='bbox 2437 4843 2693 4897; x_wconf 63' lang='lat' dir='ltr'><strong>Polonias</strong></span> <span class='ocrx_word' id='word_1_780' title='bbox 2762 4843 3025 4897; x_wconf 81' lang='lat' dir='ltr'><strong>terminis</strong></span> <span class='ocrx_word' id='word_1_781' title='bbox 3083 4843 3398 4915; x_wconf 88' lang='lat' dir='ltr'><strong>interjacet,</strong></span> <span class='ocrx_word' id='word_1_782' title='bbox 3457 4846 3748 4901; x_wconf 88' lang='lat' dir='ltr'><strong>mediante</strong></span> <span class='ocrx_word' id='word_1_783' title='bbox 3807 4859 3816 4869; x_wconf 85' lang='lat'><strong><em>‘</em></strong></span> 
     </span>
    </p>
   </div>
   <div class='ocr_carea' id='block_1_112' title="bbox 2047 4931 3750 5003">
    <p class='ocr_par' dir='ltr' id='par_1_112' title="bbox 2047 4931 3750 5003">
     <span class='ocr_line' id='line_1_112' title="bbox 2047 4931 3750 5003; baseline 0.002 -19"><span class='ocrx_word' id='word_1_784' title='bbox 2047 4932 2169 5002; x_wconf 89' lang='lat' dir='ltr'><strong>jam</strong></span> <span class='ocrx_word' id='word_1_785' title='bbox 2221 4932 2332 4997; x_wconf 91' lang='lat' dir='ltr'><strong>die,</strong></span> <span class='ocrx_word' id='word_1_786' title='bbox 2367 4931 2619 4985; x_wconf 86' lang='lat' dir='ltr'><strong>tentoria</strong></span> <span class='ocrx_word' id='word_1_787' title='bbox 2667 4931 2765 5001; x_wconf 92' lang='lat' dir='ltr'><strong>ﬁgi</strong></span> <span class='ocrx_word' id='word_1_788' title='bbox 2796 4931 3084 5003; x_wconf 82' lang='lat' dir='ltr'><strong>praecepit.</strong></span> <span class='ocrx_word' id='word_1_789' title='bbox 3137 4933 3392 5003; x_wconf 89' lang='lat' dir='ltr'><strong>Cumque</strong></span> <span class='ocrx_word' id='word_1_790' title='bbox 3448 4937 3577 5002; x_wconf 88' lang='lat' dir='ltr'><strong>post</strong></span> <span class='ocrx_word' id='word_1_791' title='bbox 3605 4935 3750 4988; x_wconf 88' lang='lat' dir='ltr'><strong>refe—</strong></span> 
     </span>
    </p>
   </div>
   <div class='ocr_carea' id='block_1_113' title="bbox 2053 5010 3744 5093">
    <p class='ocr_par' dir='ltr' id='par_1_113' title="bbox 2053 5010 3744 5093">
     <span class='ocr_line' id='line_1_113' title="bbox 2053 5010 3744 5093; baseline 0.002 -20"><span class='ocrx_word' id='word_1_792' title='bbox 2053 5019 2304 5074; x_wconf 89' lang='lat' dir='ltr'><strong>ctionem</strong></span> <span class='ocrx_word' id='word_1_793' title='bbox 2353 5020 2524 5073; x_wconf 87' lang='lat' dir='ltr'><strong>fessos</strong></span> <span class='ocrx_word' id='word_1_794' title='bbox 2555 5036 2620 5074; x_wconf 91' lang='lat' dir='ltr'><strong>ex</strong></span> <span class='ocrx_word' id='word_1_795' title='bbox 2675 5020 2878 5074; x_wconf 88' lang='lat' dir='ltr'><strong>itinere</strong></span> <span class='ocrx_word' id='word_1_796' title='bbox 2910 5027 3066 5075; x_wconf 89' lang='lat' dir='ltr'><strong>artus</strong></span> <span class='ocrx_word' id='word_1_797' title='bbox 3098 5010 3280 5091; x_wconf 88' lang='lat' dir='ltr'><strong>quieti</strong></span> <span class='ocrx_word' id='word_1_798' title='bbox 3313 5021 3578 5087; x_wconf 87' lang='lat' dir='ltr'><strong>dedisset,</strong></span> <span class='ocrx_word' id='word_1_799' title='bbox 3613 5023 3744 5093; x_wconf 85' lang='lat' dir='ltr'><strong>qui-</strong></span> 
     </span>
    </p>
   </div>
   <div class='ocr_carea' id='block_1_114' title="bbox 2055 5107 3750 5178">
    <p class='ocr_par' dir='ltr' id='par_1_114' title="bbox 2055 5107 3750 5178">
     <span class='ocr_line' id='line_1_114' title="bbox 2055 5107 3750 5178; baseline 0.002 -16"><span class='ocrx_word' id='word_1_800' title='bbox 2055 5109 2186 5163; x_wconf 90' lang='lat' dir='ltr'><strong>dam</strong></span> <span class='ocrx_word' id='word_1_801' title='bbox 2217 5107 2276 5162; x_wconf 91' lang='lat' dir='ltr'><strong>in</strong></span> <span class='ocrx_word' id='word_1_802' title='bbox 2307 5107 2532 5174; x_wconf 74' lang='lat' dir='ltr'><strong>somno,</strong></span> <span class='ocrx_word' id='word_1_803' title='bbox 2558 5108 2714 5178; x_wconf 88' lang='lat' dir='ltr'><strong>regia</strong></span> <span class='ocrx_word' id='word_1_804' title='bbox 2745 5114 2900 5162; x_wconf 90' lang='lat' dir='ltr'><strong>veste</strong></span> <span class='ocrx_word' id='word_1_805' title='bbox 2943 5109 3422 5175; x_wconf 91' lang='lat' dir='ltr'><strong>circumamictus,</strong></span> <span class='ocrx_word' id='word_1_806' title='bbox 3455 5115 3508 5164; x_wconf 89' lang='lat' dir='ltr'><strong>et</strong></span> <span class='ocrx_word' id='word_1_807' title='bbox 3549 5111 3750 5166; x_wconf 85' lang='lat' dir='ltr'><strong>dextra</strong></span> 
     </span>
    </p>
   </div>
   <div class='ocr_carea' id='block_1_115' title="bbox 2056 5197 3746 5270">
    <p class='ocr_par' dir='ltr' id='par_1_115' title="bbox 2056 5197 3746 5270">
     <span class='ocr_line' id='line_1_115' title="bbox 2056 5197 3746 5270; baseline 0.002 -19"><span class='ocrx_word' id='word_1_808' title='bbox 2056 5203 2343 5270; x_wconf 88' lang='lat' dir='ltr'><strong>sceptrum</strong></span> <span class='ocrx_word' id='word_1_809' title='bbox 2389 5213 2594 5268; x_wconf 86' lang='lat' dir='ltr'><strong>gerens</strong></span> <span class='ocrx_word' id='word_1_810' title='bbox 2659 5197 2741 5251; x_wconf 91' lang='lat' dir='ltr'><strong>illi</strong></span> <span class='ocrx_word' id='word_1_811' title='bbox 2806 5199 3042 5266; x_wconf 90' lang='lat' dir='ltr'><strong>adstitit,</strong></span> <span class='ocrx_word' id='word_1_812' title='bbox 3116 5199 3319 5270; x_wconf 90' lang='lat' dir='ltr'><strong>hisque</strong></span> <span class='ocrx_word' id='word_1_813' title='bbox 3376 5199 3567 5253; x_wconf 86' lang='lat' dir='ltr'><strong>verbis</strong></span> <span class='ocrx_word' id='word_1_814' title='bbox 3614 5216 3746 5255; x_wconf 89' lang='lat' dir='ltr'><strong>eum</strong></span> 
     </span>
    </p>
   </div>
   <div class='ocr_carea' id='block_1_116' title="bbox 2055 5285 3748 5349">
    <p class='ocr_par' dir='ltr' id='par_1_116' title="bbox 2055 5285 3748 5349">
     <span class='ocr_line' id='line_1_116' title="bbox 2055 5285 3748 5349; baseline 0.001 -8"><span class='ocrx_word' id='word_1_815' title='bbox 2055 5288 2337 5341; x_wconf 88' lang='lat' dir='ltr'><strong>allocutus</strong></span> <span class='ocrx_word' id='word_1_816' title='bbox 2376 5287 2500 5340; x_wconf 89' lang='lat' dir='ltr'><strong>ait:</strong></span> <span class='ocrx_word' id='word_1_817' title='bbox 2533 5285 2678 5349; x_wconf 87' lang='lat' dir='ltr'><strong>Quid</strong></span> <span class='ocrx_word' id='word_1_818' title='bbox 2730 5285 2791 5339; x_wconf 90' lang='lat' dir='ltr'><strong>in</strong></span> <span class='ocrx_word' id='word_1_819' title='bbox 2851 5287 2955 5340; x_wconf 91' lang='lat' dir='ltr'><strong>hac</strong></span> <span class='ocrx_word' id='word_1_820' title='bbox 2985 5291 3142 5340; x_wconf 89' lang='lat' dir='ltr'><strong>vasta</strong></span> <span class='ocrx_word' id='word_1_821' title='bbox 3196 5287 3502 5342; x_wconf 87' lang='lat' dir='ltr'><strong>solitudine</strong></span> <span class='ocrx_word' id='word_1_822' title='bbox 3542 5304 3748 5343; x_wconf 90' lang='lat' dir='ltr'><strong>somno</strong></span> 
     </span>
    </p>
   </div>
   <div class='ocr_carea' id='block_1_117' title="bbox 2055 5373 3748 5446">
    <p class='ocr_par' dir='ltr' id='par_1_117' title="bbox 2055 5373 3748 5446">
     <span class='ocr_line' id='line_1_117' title="bbox 2055 5373 3748 5446; baseline 0.002 -17"><span class='ocrx_word' id='word_1_823' title='bbox 2055 5373 2435 5446; x_wconf 84' lang='lat' dir='ltr'><strong>deprimeris?</strong></span> <span class='ocrx_word' id='word_1_824' title='bbox 2465 5375 2603 5438; x_wconf 63' lang='lat' dir='ltr'><strong>Qua:</strong></span> <span class='ocrx_word' id='word_1_825' title='bbox 2627 5379 2816 5428; x_wconf 91' lang='lat' dir='ltr'><strong>tecum</strong></span> <span class='ocrx_word' id='word_1_826' title='bbox 2847 5375 3108 5428; x_wconf 89' lang='lat' dir='ltr'><strong>nesciens</strong></span> <span class='ocrx_word' id='word_1_827' title='bbox 3135 5374 3286 5444; x_wconf 89' lang='lat' dir='ltr'><strong>geris</strong></span> <span class='ocrx_word' id='word_1_828' title='bbox 3313 5376 3343 5428; x_wconf 72' lang='lat'><strong>‘2</strong></span> <span class='ocrx_word' id='word_1_829' title='bbox 3367 5376 3432 5429; x_wconf 89' lang='lat' dir='ltr'><strong>Et</strong></span> <span class='ocrx_word' id='word_1_830' title='bbox 3469 5374 3610 5430; x_wconf 90' lang='lat' dir='ltr'><strong>dum</strong></span> <span class='ocrx_word' id='word_1_831' title='bbox 3649 5377 3748 5433; x_wconf 89' lang='lat' dir='ltr'><strong>ille</strong></span> 
     </span>
    </p>
   </div>
   <div class='ocr_carea' id='block_1_118' title="bbox 2055 5461 3747 5537">
    <p class='ocr_par' dir='ltr' id='par_1_118' title="bbox 2055 5461 3747 5537">
     <span class='ocr_line' id='line_1_118' title="bbox 2055 5461 3747 5537; baseline 0.001 -21"><span class='ocrx_word' id='word_1_832' title='bbox 2055 5461 2416 5532; x_wconf 88' lang='lat' dir='ltr'><strong>perterritus,</strong></span> <span class='ocrx_word' id='word_1_833' title='bbox 2456 5461 2720 5532; x_wconf 91' lang='lat' dir='ltr'><strong>quisnam</strong></span> <span class='ocrx_word' id='word_1_834' title='bbox 2774 5466 2920 5515; x_wconf 88' lang='lat' dir='ltr'><strong>esset</strong></span> <span class='ocrx_word' id='word_1_835' title='bbox 2969 5467 3357 5531; x_wconf 86' lang='lat' dir='ltr'><strong>merrogaret:</strong></span> <span class='ocrx_word' id='word_1_836' title='bbox 3411 5463 3526 5533; x_wconf 88' lang='lat' dir='ltr'><strong>Ego</strong></span> <span class='ocrx_word' id='word_1_837' title='bbox 3594 5481 3747 5537; x_wconf 85' lang='lat' dir='ltr'><strong>sum,</strong></span> 
     </span>
    </p>
   </div>
   <div class='ocr_carea' id='block_1_119' title="bbox 2054 5549 3745 5621">
    <p class='ocr_par' dir='ltr' id='par_1_119' title="bbox 2054 5549 3745 5621">
     <span class='ocr_line' id='line_1_119' title="bbox 2054 5549 3745 5621; baseline 0.004 -17"><span class='ocrx_word' id='word_1_838' title='bbox 2054 5549 2157 5618; x_wconf 87' lang='lat' dir='ltr'><strong>ait,</strong></span> <span class='ocrx_word' id='word_1_839' title='bbox 2207 5549 2528 5616; x_wconf 84' lang='lat' dir='ltr'><strong>Heinricus,</strong></span> <span class='ocrx_word' id='word_1_840' title='bbox 2587 5549 3073 5621; x_wconf 87' lang='lat' dir='ltr'><strong>Babenbergensis</strong></span> <span class='ocrx_word' id='word_1_841' title='bbox 3123 5550 3374 5605; x_wconf 67' lang='lat' dir='ltr'><strong>ecclesiae</strong></span> <span class='ocrx_word' id='word_1_842' title='bbox 3432 5551 3745 5610; x_wconf 89' lang='lat' dir='ltr'><strong>fundator:</strong></span> 
     </span>
    </p>
   </div>
  </div>
