3938 6350
108 338 195 389 13ἷ

1764 334 1959 391 ACTA.

3505 343 3602 395 l38

103 455 193 527 qui
246 457 309 511 in
344 454 684 527 temporalis
733 454 860 510 vitm
908 470 1093 520 cursu,
1146 454 1596 510 immortalitatis
1644 469 1802 508 com-
1833 459 1879 510 A
1918 455 2310 511 adhortantur.
2339 458 2548 512 Ductus
2588 459 2800 530 itaque,
2831 460 2933 515 ubi
2981 462 3239 534 reliquiae
3278 465 3428 520 beati
3458 468 3607 521 Con-

105 545 371 616 pendium
400 562 436 599 a
466 544 708 600 Domino
738 543 1053 615 promerui.
1083 545 1147 598 ln
1192 559 1259 597 eo
1288 559 1444 613 ergo,
1480 559 1595 614 quo
1624 543 1798 612 jaces,

107 635 239 700 loco,
272 634 575 689 ecclesiam
603 634 828 688 nomini
861 650 1009 701 meo,
1044 637 1217 704 prout
1245 638 1472 703 tempus
1500 631 1799 702 permittit,

107 730 387 792 construe,
423 725 625 791 sciens,
675 724 875 794 procul
930 723 1126 790 dubio,
1180 738 1450 792 processu
1501 720 1800 791 temporis,

108 811 361 866 divinum
408 812 467 866 in
518 829 587 867 eo
630 812 928 867 servitium
978 810 1357 881 augmentari.
1405 809 1599 880 Surgit
1628 809 1804 878 igitur

109 901 416 971 Episcopus
473 900 783 971 statimque
841 916 943 971 per
1007 899 1407 953 famulantium
1484 897 1535 951 ei
1599 914 1804 952 manus

107 990 362 1044 certatim
401 990 704 1044 ruentibus
755 988 949 1060 lignis,
990 988 1051 1042 in
1100 988 1335 1042 modum
1385 986 1639 1041 habilem
1674 986 1805 1040 fecit

112 1079 401 1133 ecclesiam
427 1098 443 1145 ;
467 1079 565 1133 sed
593 1079 669 1132 de
698 1078 953 1149 lapidum
1002 1076 1263 1148 penuria,
1322 1076 1423 1147 qui
1455 1074 1669 1129 ibidem
1711 1092 1805 1129 au-

113 1167 231 1233 diri,
259 1183 379 1221 non
407 1166 588 1221 videri
639 1171 1075 1232 consueverant,
1125 1165 1263 1219 dum
1295 1166 1498 1219 anxius
1541 1163 1809 1219 circuiret

116 1255 437 1325 Episcopus,
477 1271 612 1309 casu
665 1254 953 1321 baculum,
1013 1270 1185 1326 quem
1239 1254 1474 1320 ferebat,
1524 1253 1584 1307 in
1628 1269 1808 1323 agge-

114 1349 255 1399 stum
315 1347 487 1397 terra:
540 1343 833 1397 cumulum
910 1342 1113 1413 ﬁgens,
1170 1342 1425 1413 lapidum
1483 1341 1707 1412 copiam
1746 1340 1807 1395 in

113 1432 542 1485 similitudinem
600 1431 1011 1502 quadratorum
1067 1436 1321 1500 reperit;
1374 1431 1567 1500 sicque
1629 1428 1806 1482 altare

112 1535 482 1590 componens,
517 1519 616 1573 Dei
668 1525 724 1573 et
772 1518 919 1572 beati
963 1518 1229 1586 Heinrici,
1277 1518 1571 1588 sanctique
1633 1515 1805 1587 Sigis-

118 1608 316 1662 mundi
373 1608 541 1679 Regis
611 1607 831 1662 nomini
883 1607 1177 1662 dedicavit.
1238 1606 1346 1661 Ubi
1402 1621 1572 1673 uunc,
1614 1603 1808 1658 multis

1911 543 2141 597 fessoris
2188 546 2580 614 servabantur,
2645 547 2807 602 humi
2886 552 3308 621 prosternitur:
3346 560 3402 608 et
3437 557 3607 625 paulo

1910 638 2042 702 post
2070 632 2341 702 pietatem
2374 636 2688 700 Teutonici,
2736 637 2964 692 Sclavus
2994 640 3134 710 ipse,
3183 659 3355 712 quam
3414 647 3610 716 negari

1911 719 2018 775 sibi
2058 723 2422 791 querebatur,
2482 725 2787 794 experitur.
2826 728 3133 798 Cceperunt
3186 732 3338 784 enim
3370 734 3440 787 ab
3472 750 3609 787 ocu-

1911 807 1981 861 lis
2026 810 2147 879 ejus
2198 810 2489 864 albedines
2564 813 2621 866 in
2684 816 2918 869 modum
2986 834 3356 888 squamarum
3423 823 3610 888 avelli,

1914 903 2289 968 Optatumque
2348 900 2488 953 lucis
2561 902 2894 973 suffragium
2952 905 3010 959 in
3069 923 3135 960 eo
3212 910 3613 979 redintegrari.

1919 986 2074 1039 Unde
2127 1001 2268 1055 gens
2317 987 2435 1052 illa,
2488 1005 2638 1059 quae,
2693 996 2757 1045 ut
2795 992 2931 1059 dixi,
2995 997 3202 1049 rustica
3253 998 3615 1068 simplicitate

1914 1079 1969 1127 et
2007 1074 2141 1128 ﬁdei
2180 1075 2650 1145 pusillanimitate
2710 1096 2769 1132 se
2831 1082 3025 1150 sperni
3060 1083 3459 1153 arbitrabatur,
3509 1088 3617 1143 hoc

1914 1162 2189 1216 beneﬁcio
2234 1163 2441 1217 ﬁducia
2516 1182 2729 1237 speque
2812 1176 3123 1241 resumpta,
3210 1175 3361 1227 ultro
3420 1192 3619 1229 omnes

1917 1252 2146 1305 beatum
2182 1253 2506 1307 Heinrirum
2535 1255 2723 1308 studio
2742 1256 3015 1312 devotiori
3062 1262 3455 1317 venerabatur.

1988 1342 2073 1393 2|.
2102 1340 2281 1407 Hujus
2306 1342 2409 1406 rei,
2460 1359 2631 1411 quam
2665 1343 2918 1399 dicturus
2949 1362 3096 1414 sum,
3155 1354 3242 1402 tot
3292 1350 3409 1404 fere
3445 1356 3617 1405 testes

1917 1427 2221 1494 habentur,
2276 1435 2417 1500 quot
2479 1432 2699 1493 fratres,
2761 1434 2861 1503 qui
2920 1440 3057 1488 tunc
3111 1439 3384 1508 temporis
3438 1439 3617 1504 fuere,

1919 1515 2066 1585 apud
2100 1516 2396 1585 przefatam
2432 1518 2489 1571 Β.
2545 1520 2694 1572 Petri
2750 1521 3042 1577 ecclesiam
3071 1523 3444 1580 inveniuntur
3475 1543 3488 1593 ;
3523 1529 3623 1597 qui

1922 1620 2046 1657 eam
2102 1610 2263 1658 tanto
2324 1605 2564 1667 ﬁdelius,
2608 1615 2823 1677 quanto
2874 1611 3064 1665 verius
3126 1614 3424 1679 agnovisse
3493 1633 3625 1669 con-

118 1697 624 1767 adstipulantibus,
673 1696 858 1766 major
908 1696 1141 1749 ecclesia
1195 1694 1564 1761 construitur,
1591 1709 1655 1747 ac
1689 1708 1808 1746 mo-
1845 1733 1886 1786 Β
1922 1692 2074 1762 tigit,
2134 1698 2490 1749 attestantur.
2554 1696 2613 1749 lu
2661 1697 2907 1767 quadam
2943 1716 3142 1755 eorum
3196 1702 3350 1769 villa,
3410 1705 3625 1758 civitati

116 1786 387 1839 machicaa
428 1784 795 1855 professionis
841 1784 992 1839 Ordo
1027 1784 1379 1852 inchoatur;
1428 1783 1696 1855 quodque
1717 1782 1813 1835 ille

120 1874 487 1944 praedixerat,
549 1873 674 1943 jam
733 1871 959 1943 impleri
1010 1871 1251 1925 videtur.
1287 1872 1400 1925 Hac
1444 1870 1622 1940 igitur
1664 1885 1817 1923 occa-

119 1964 271 2017 sione
327 1978 545 2016 nomen
592 1962 744 2016 beati
791 1959 1042 2015 Heinrici
1093 1960 1240 2031 apud
1289 1960 1417 2013 illas
1464 1957 1726 2012 nationes
1755 1956 1815 2009 in

117 2052 485 2106 veneratione
506 2050 677 2121 coepit
697 2050 914 2104 haberi.

192 2142 275 2206 l9,
328 2138 591 2204 Quodam
632 2145 889 2208 tempore
921 2152 1047 2190 cum
1082 2152 1196 2191 non
1227 2135 1453 2190 modica
1505 2133 1816 2189 multitudo

119 2244 466 2300 pauperum,
509 2227 680 2281 variis
724 2225 1099 2297 languoribus
1152 2241 1444 2296 oppressa,
1492 2224 1553 2278 in
1584 2223 1819 2278 ecclesia

120 2315 570 2386 Ilerseburgensi
647 2332 763 2370 non
808 2316 991 2369 solum
1039 2315 1339 2368 sanitatem
1390 2313 1666 2385 corporis,
1719 2312 1815 2365 sed

118 2413 173 2461 et
201 2407 411 2475 stipem
475 2405 805 2476 importune
860 2409 1059 2474 petens
1108 2403 1486 2470 confluxisset,
1547 2402 1815 2472 populus,

118 2494 213 2564 qui
245 2491 523 2547 orationis
561 2474 746 2545 causa
796 2493 1123 2558 advenerat,
1177 2496 1348 2561 prout
1402 2490 1639 2544 facultas
1695 2505 1821 2559 per-

120 2580 410 2645 mittebat,
462 2580 772 2649 unicuique
818 2579 1224 2633 misericordire
1274 2595 1508 2633 manum
1564 2578 1820 2649 porrige-

122 2670 230 2723 bat.
269 2668 378 2722 Ubi
406 2668 651 2722 rusticus
676 2667 910 2738 quidam
944 2684 973 2720 e
1021 2668 1281 2738 proxima
1327 2667 1483 2735 villa,
1514 2666 1821 2737 cupiditate

119 2758 379 2823 sordens,
421 2772 728 2810 nervorum
781 2756 1227 2810 contractionem
1282 2756 1589 2821 simulavit,
1649 2759 1701 2808 et
1732 2770 1821 2808 re-

119 2852 352 2901 curvato
384 2846 529 2917 pede
558 2846 619 2899 in
651 2844 838 2899 medio
886 2844 1283 2915 languentium
1316 2844 1590 2897 consedit.
1619 2843 1821 2908 Quem,

122 2936 259 2990 dum
302 2937 389 2989 rei
421 2934 747 2988 domesticae
794 2950 928 2987 cura
962 2933 1187 3003 regredi
1236 2933 1627 3003 compulisset,
1672 2933 1823 3001 jam-

1925 1782 2211 1851 proxima,
2254 1784 2498 1836 rusticus
2547 1784 2805 1854 quidam,
2837 1789 2993 1857 gravi
3044 1794 3223 1844 tactus
3270 1790 3623 1859 inﬁrmitate,

1926 1870 2175 1923 ofﬁcium
2234 1870 2398 1940 pedis
2457 1872 2622 1924 unius
2678 1873 2967 1939 amiserat,
3018 1877 3276 1948 adeoque
3334 1880 3627 1934 arentibus

1926 1958 2113 2012 nervis
2170 1974 2233 2013 ac
2290 1975 2458 2012 carne
2513 1967 2863 2029 prtemortua
2940 1973 3315 2034 emarcuerat,
3394 1974 3461 2022 ut
3509 1976 3626 2024 tam

1928 2048 2161 2101 solertia
2208 2049 2295 2101 vel
2346 2048 2531 2102 studio
2572 2049 2631 2102 in
2681 2068 2749 2103 eo
2788 2057 3106 2122 recuperari
3154 2055 3475 2121 sanitatem,
3510 2062 3624 2111 tam

1926 2136 2037 2206 ipsi
2092 2152 2263 2207 quam
2322 2136 2589 2190 omnibus
2644 2154 2777 2191 eum
2830 2138 3208 2211 intuentibus,
3272 2147 3626 2214 impossibile

1926 2225 2234 2279 videretur.
2286 2225 2465 2291 Unde,
2515 2226 2671 2296 quod
2707 2227 2776 2280 ab
2824 2226 3058 2284 homine
3095 2230 3221 2284 ﬁeri
3273 2232 3625 2303 desperabat,

1930 2314 2001 2367 ab
2022 2330 2090 2367 eo
2121 2313 2211 2367 cui
2238 2312 2381 2367 nihil
2423 2318 2508 2367 est
2564 2313 2795 2369 difﬁcile
2848 2317 2946 2370 sed
3002 2319 3156 2371 solus
3189 2326 3471 2374 restaurat
3502 2322 3629 2374 uni-

1929 2419 2110 2471 versa,
2167 2417 2272 2472 per
2326 2402 2477 2455 beati
2530 2403 2776 2457 Heinrici
2831 2407 3238 2474 patrocinium,
3297 2409 3410 2463 ﬁde
3442 2412 3631 2476 ﬁrma,

1932 2507 2031 2561 spe
2089 2490 2284 2556 solida,
2350 2491 2636 2562 quaerens,
2717 2493 2839 2562 ejus
2911 2494 3317 2551 misericordiae
3393 2499 3631 2568 januam

1933 2578 2158 2633 fletibus
2189 2579 2710 2649 assiduis,jejuniis
2742 2581 2953 2636 crebris
2985 2584 3250 2653 pulsavit,
3305 2592 3362 2639 et
3395 2586 3628 2640 tandem

1930 2668 1989 2721 in
2012 2668 2254 2721 formam
2282 2667 2503 2738 pristini
2533 2684 2758 2738 gressus
2780 2670 3002 2724 restitui
3041 2675 3268 2726 meruit.

2002 2758 2090 2810 22.
2120 2757 2187 2809 In
2219 2773 2364 2827 pago
2396 2757 2665 2826 quodam,
2700 2757 2932 2811 milliari
2983 2776 3097 2813 uno
3124 2778 3156 2814 a
3186 2761 3637 2832 Merseburgensi

1935 2851 2119 2898 castro
2176 2844 2441 2909 distante,
2503 2845 2713 2899 mulier
2767 2847 2939 2901 surda
2981 2853 3037 2901 et
3067 2854 3227 2903 muta
3282 2851 3353 2905 ab
3408 2853 3637 2907 exordio

1935 2932 2246 2987 nativitatis
2277 2949 2415 3000 sum,
2449 2934 2840 3005 apropinquis
2877 2941 2933 2989 et
2963 2936 3199 3006 εἱνὶιηιει,
3236 2940 3638 2994 misericordia!

121 3040 253 3095 que,
287 3024 493 3078 baculo
525 3023 767 3089 inuisus,
800 3022 930 3076 ﬁcto
963 3039 1158 3093 gressu
1191 3032 1347 3075 extra
1374 3022 1549 3075 limen
1574 3022 1824 3076 ecclesia:
1858 3019 1897 3073 C
1936 3023 2061 3075 sinu
2115 3023 2432 3075 fovebatur.
2493 3026 2537 3075 Α
2585 3023 2814 3093 quibus,
2863 3025 2935 3078 ad
2991 3027 3283 3081 ecclesiam
3343 3030 3638 3099 perducta,

122 3113 512 3184 processisset,
570 3112 760 3165 locum
815 3112 1023 3181 quaerit
1078 3115 1492 3181 opportunum,
1549 3116 1629 3178 ut,
1683 3110 1825 3179 pede

122 3202 360 3265 reﬂexo,
413 3200 754 3270 expeditius,
809 3216 922 3269 quo
969 3200 1260 3264 tendebat,
1326 3199 1668 3269 perveniret.
1721 3198 1824 3251 Sed

125 3293 239 3346 Deo
272 3296 333 3344 et
371 3289 540 3344 beato
600 3288 862 3342 Heinrico
912 3288 1144 3357 dignam
1197 3291 1318 3357 ejus
1352 3287 1570 3340 meritis
1601 3301 1828 3357 pmnam

123 3383 450 3451 ingerente,
495 3378 783 3432 miseriam
842 3394 1015 3449 quam
1074 3383 1203 3431 ante
1259 3377 1645 3443 simulaverat,
1708 3376 1830 3446 jam

124 3471 326 3523 dolore
362 3466 743 3535 irrefragabili
794 3466 937 3536 pede
978 3466 1095 3518 nati
1141 3466 1486 3534 cohaerente,
1530 3466 1829 3519 sentiebat.

127 3559 271 3623 Quid
302 3558 558 3628 ageret?
594 3557 784 3610 Pudor
831 3556 1106 3626 dolorque
1156 3556 1421 3609 conﬂictu
1452 3556 1578 3626 pari
1614 3556 1673 3609 in
1712 3555 1834 3625 ejus

129 3653 324 3702 mente
374 3645 766 3700 decertabant.
831 3644 1017 3699 Pudor
1081 3645 1381 3715 propalare
1436 3661 1557 3698 rem
1615 3650 1835 3715 gestam

130 3735 522 3807 prohibebat;
581 3734 745 3787 dolor
799 3732 1057 3788 conﬁteri
1123 3733 1379 3803 cogebat.
1448 3733 1593 3787 Vicit
1642 3738 1836 3786 tamen

131 3827 321 3880 timor.
362 3824 427 3877 Et
456 3838 676 3886 omnes,
708 3822 831 3875 haec
860 3821 1177 3885 audientes,
1203 3820 1434 3891 grandis
1463 3821 1841 3892 apprehendit

130 3914 323 3967 timor.
364 3912 481 3966 Hoc
523 3912 718 3981 itaque
748 3910 959 3964 indicio
1016 3910 1231 3963 cunctis
1269 3909 1471 3963 claruit
1507 3909 1605 3963 Dei
1653 3909 1836 3963 famu-

132 4003 250 4057 lum
297 4016 424 4055 non
476 3999 660 4053 solum
700 3998 845 4052 votis
903 3998 994 4069 pie
1053 3998 1435 4069 qumrentium
1494 3998 1710 4061 adesse,
1739 4014 1842 4051 ve-

135 4108 262 4145 rum
308 4090 488 4143 etiam
521 4088 661 4141 talia
717 4087 1196 4158 prmsumentibus
1248 4086 1569 4140 districtum
1601 4086 1842 4153 obesse;

136 4180 334 4250 sicque
382 4178 656 4245 deinceps
710 4174 1060 4246 perﬁdorum
1121 4174 1496 4244 praesumptio
1550 4174 1678 4228 talis
1725 4190 1843 4227 ces-

136 4267 298 4322 savit.

204 4359 296 4412 20.
334 4357 431 4410 Est
485 4353 720 4408 ecclesia
768 4354 1112 4425 parochialis
1179 4353 1426 4408 ecclesiae
1472 4354 1528 4406 Β.
1588 4351 1740 4406 Petri
1786 4350 1843 4404 in

140 4446 319 4506 veteri
353 4446 551 4500 Castro
593 4443 878 4511 contigua,
930 4443 1093 4513 juxta
1138 4458 1310 4513 quam
1363 4440 1623 4495 residens
1666 4456 1847 4494 caecus

140 4536 404 4605 quidam,
446 4531 667 4586 audivit
715 4536 1057 4586 concentum
1114 4532 1499 4601 popularium
1534 4530 1594 4583 in
1625 4545 1849 4599 repara-

142 4626 298 4679 tione
326 4621 630 4692 cujusdam
675 4620 814 4691 tegri
868 4620 1234 4674 devotissime
1292 4618 1839 4689 congratulantium.

146 4714 274 4767 Erat
299 4720 501 4765 autem
552 4709 647 4763 hic
684 4708 754 4762 de
808 4712 962 4762 terra
1021 4712 1078 4762 et
1133 4708 1201 4762 de
1252 4714 1419 4778 gente
1474 4708 1847 4762 Sclavorum:

144 4802 356 4872 quibus
386 4796 721 4868 simplicitas
750 4797 835 4849 vel
869 4794 1350 4863 irrationabilitas,
1411 4795 1688 4866 pravitate
1718 4809 1853 4865 qua-

149 4890 278 4944 dam
311 4886 556 4958 ingenii,
589 4884 863 4939 naturalis
916 4888 1001 4938 est
1046 4884 1210 4953 adeo,
1243 4889 1308 4937 ut
1335 4883 1425 4936 vix
1472 4883 1561 4937 vel
1621 4888 1851 4936 tenuem

152 4979 285 5032 fidei
318 4976 622 5031 videantur
650 4973 861 5028 habere
916 4972 1241 5027 scintillam.
1301 4971 1517 5036 Quaerit
1561 4986 1698 5041 ergo
1727 4987 1853 5025 cau-

152 5082 271 5120 sam
301 5065 431 5119 talis
462 5068 796 5117 concentus.
854 5060 975 5127 Cui,
1032 5077 1161 5115 cum
1220 5077 1325 5130 pro
1383 5060 1680 5114 sanatione
1732 5060 1853 5113 lan-

159 5156 383 5221 guentis
413 5154 536 5208 bazc
566 5151 690 5206 ﬁeri
720 5151 1035 5206 indicatum
1067 5155 1233 5216 esset,
1258 5149 1338 5204 ait
1372 5165 1385 5203 :
1420 5150 1529 5203 Iste
1560 5147 1856 5203 Heinricus

158 5243 500 5297 Teutonicus
585 5256 715 5294 cum
777 5240 871 5307 sit,
920 5239 1054 5293 solis
1110 5237 1439 5293 Teutonicis
1489 5236 1689 5307 gratia:
1740 5252 1858 5290 suae

162 5336 387 5402 pra-stat
410 5328 771 5383 subsidium:
805 5327 949 5382 mihi
978 5344 1111 5381 vero
1144 5326 1445 5397 gentisque
1494 5341 1638 5380 mea:
1670 5325 1858 5378 homi-

162 5421 324 5473 nibus
390 5417 536 5471 nihil
601 5431 856 5487 unquam
915 5414 1177 5469 beneﬁcii
1225 5413 1484 5467 contulit.
1560 5413 1624 5466 In
1680 5411 1858 5465 risum

162 5524 314 5580 ergo,
346 5508 448 5580 qui
479 5505 737 5571 aderant,
769 5504 1102 5559 excitantur.
1136 5502 1380 5568 Quidam
1434 5516 1568 5555 vero
1616 5498 1861 5554 sanioris

165 5597 360 5667 animi,
393 5600 456 5651 ut
476 5592 777 5649 ecclesiam
818 5596 975 5665 petat
1002 5607 1107 5665 pro
1157 5593 1337 5646 salute
1387 5604 1490 5644 sua
1533 5591 1860 5659 rogaturus,

471 5705 750 5771 PATROL.
805 5701 977 5767 CXL.

1936 3112 2173 3167 nutibus
2230 3116 2286 3164 et
2342 3110 2541 3180 signis,
2595 3113 2803 3182 quibus
2860 3129 2997 3183 erga
3045 3132 3170 3169 eam
3234 3117 3317 3169 uti
3370 3119 3641 3188 possibile

1938 3200 2065 3268 fuit,
2108 3205 2240 3254 ante
2290 3199 2438 3253 beati
2485 3200 2837 3254 Confessoris
2906 3202 3181 3273 reliquias
3228 3221 3411 3275 prona
3465 3206 3644 3260 sterni

1935 3288 2261 3359 jubebatur.
2296 3288 2403 3341 Sed
2443 3288 2559 3356 illa,
2612 3290 2875 3357 jumento
2922 3290 3213 3361 insipienti
3270 3294 3493 3362 similis,
3541 3311 3643 3363 pro

1941 3394 1998 3430 se
2031 3378 2109 3430 nil
2140 3393 2344 3447 rogare
2377 3382 2615 3430 noverat
2650 3394 2662 3443 ;
2697 3379 2780 3430 vel
2811 3378 2963 3447 quod
2998 3389 3183 3433 essent
3236 3381 3514 3451 reliquiae,
3547 3389 3647 3436 aut

1942 3465 2080 3536 quid
2110 3470 2435 3536 generetur,
2474 3465 2706 3534 penitus
2762 3465 3050 3520 neSciebat
3082 3484 3094 3520 ε
3132 3468 3221 3521 cui
3260 3474 3450 3522 tamen
3502 3470 3643 3523 tide-

1943 3555 2083 3608 lium
2145 3569 2248 3623 pro
2304 3554 2484 3605 salute
2546 3554 2667 3622 ejus
2707 3552 2767 3606 in
2816 3568 3120 3609 commune
3197 3557 3643 3627 supplicantium

1946 3642 2125 3696 oratio
2184 3641 2435 3711 ﬁdesque
2484 3641 2851 3696 subveniebat
2896 3659 2910 3709 ;
2971 3648 3028 3697 et
3064 3660 3168 3715 per
3214 3645 3365 3699 beati
3399 3646 3649 3701 Heinrici

1947 3730 2236 3800 suﬁragia,
2272 3738 2335 3783 ut
2359 3729 2485 3800 ipsa
2530 3736 2726 3801 postea
2782 3731 3119 3795 testabatur.
3151 3733 3213 3788 in
3245 3740 3492 3807 utroque
3524 3752 3648 3789 cor-

1947 3821 2101 3891 poris
2130 3818 2317 3873 ofﬁcio
2342 3818 2640 3873 reformari
2663 3820 2871 3874 meruit
2902 3837 2967 3874 ex
2992 3821 3239 3893 integro.

2019 3911 2108 3963 23.
2150 3909 2292 3962 Cum
2336 3908 2588 3962 excubiae
2641 3925 2813 3963 sacrae
2861 3926 2895 3963 a
2924 3910 3192 3965 ﬁdelibus
3246 3913 3395 3966 circa
3423 3914 3650 3967 thesau-

1950 4014 2079 4052 rum
2118 3996 2631 4066 incomparabilem
2671 3995 2790 4050 sine
2838 3997 3264 4053 intermissione
3293 4000 3499 4055 ﬁerent
3530 4017 3543 4055 :
3575 4002 3655 4055 ita

1954 4090 2035 4154 ut,
2064 4084 2189 4139 aliis
2219 4084 2641 4152 recedentibus,
2672 4084 2798 4138 aliis
2844 4087 3335 4153 venientibus,die
3367 4094 3653 4160 noctuque

1953 4174 2106 4227 fores
2172 4174 2421 4228 ecclesiae
2471 4189 2589 4227 non
2649 4175 3069 4242 clauderentur,
3143 4182 3327 4230 custos
3385 4178 3655 4242 ecclesiae,

1877 4290 1919 4343 Β
1958 4262 2109 4316 inter
2170 4278 2301 4315 oves
2356 4263 2522 4331 lupos
2575 4261 2679 4315 sub
2737 4263 2944 4317 vellere
3005 4264 3198 4317 ovium
3243 4265 3483 4318 latentes
3538 4280 3655 4319 non

1958 4349 2120 4402 facile
2180 4349 2411 4419 agnosci
2464 4350 2854 4416 considerans,
2905 4350 3119 4404 auferri
3161 4350 3359 4405 furtim
3388 4352 3660 4424 reliquias

1960 4438 2269 4492 metuebat.
2302 4438 2384 4491 Ad
2433 4438 2585 4508 quod
2632 4439 3097 4508 praecavendum,
3130 4456 3194 4493 ex
3227 4441 3459 4511 quadris
3511 4442 3657 4512 lapi-

1960 4527 2127 4580 dibus
2149 4527 2294 4591 facto
2323 4526 2458 4578 satis
2485 4525 2664 4579 habili
2710 4528 3113 4595 reconditorio,
3150 4545 3243 4583 eas
3289 4530 3348 4583 in
3387 4530 3485 4584 illo
3518 4530 3663 4584 loca-

1960 4615 2056 4668 vit.
2108 4613 2211 4668 Cui
2274 4612 2447 4667 etiam
2505 4614 2775 4668 ostiolum
2833 4631 2898 4669 ex
2942 4615 3104 4687 pino,
3153 4618 3308 4689 quod
3359 4635 3527 4673 causa
3559 4636 3663 4689 po-

1962 4706 2154 4756 scente
2246 4701 2431 4755 claudi
2476 4706 2532 4756 et
2587 4702 2797 4773 aperiri
2852 4709 3065 4773 posset,
3123 4705 3424 4776 imposuit.
3493 4708 3665 4761 Nocte

1962 4805 2098 4860 ergo
2129 4788 2400 4860 quadam,
2458 4788 2609 4843 infra
2665 4806 2896 4845 cursum
2946 4792 3293 4847 matutinum
3328 4794 3522 4848 lumen
3574 4795 3667 4848 in-

1963 4879 2185 4933 cautius
2216 4878 2403 4932 eidem
2464 4895 2783 4949 apponens,
2830 4880 3092 4948 chorum,
3142 4898 3312 4952 quem
3362 4884 3668 4937 studiosius

1966 4967 2091 5022 aliis
2141 4966 2559 5038 frequentabat,
2628 4966 2998 5038 ingreditur:
3030 4970 3125 5022 sed
3189 4972 3361 5041 paulo
3407 4977 3536 5042 post
3578 4972 3669 5027 fu-

1968 5072 2127 5111 mum
2170 5056 2437 5121 sentiens,
2488 5060 2544 5109 et
2588 5056 2732 5127 quid
2814 5057 3099 5123 acciderit,
3158 5060 3353 5113 animo
3410 5076 3669 5130 praesago

1968 5144 2314 5215 concipiens,
2343 5144 2410 5198 ad
2444 5146 2631 5198 lonum
2679 5145 2918 5200 festinus
2957 5146 3260 5201 revertitur
3292 5165 3304 5201 :
3340 5148 3671 5219 invenitque

1970 5233 2240 5288 ostiolum
2274 5250 2306 5287 a
2362 5234 2594 5287 ﬂamma
2650 5234 2811 5302 tangi
2878 5238 2933 5288 et
2975 5235 3199 5289 fumum
3240 5236 3397 5302 dare,
3435 5237 3531 5291 sed
3555 5253 3672 5290 non

1975 5311 2123 5376 laedi.
2153 5323 2328 5392 Cujus
2381 5322 2503 5376 haec
2555 5322 2795 5389 meritis,
2848 5323 2959 5377 nisi
3020 5324 3141 5393 ejus
3197 5325 3358 5394 cujus
3400 5324 3516 5378 illic
3545 5326 3673 5380 reli-

1972 5410 2124 5481 quiae
2158 5411 2550 5479 servabantur,
2621 5417 2862 5483 possunt
2914 5412 3175 5467 adscribi.
3247 5414 3517 5467 Poterant
3546 5415 3674 5486 qui-

1975 5500 2128 5565 dem,
2176 5499 2404 5570 absque
2451 5499 2607 5571 ligno
2654 5505 2711 5555 et
2767 5500 2973 5572 lapidis
3027 5501 3404 5572 repositione,
3438 5518 3471 5556 a
3508 5510 3678 5574 raptu

1974 5586 2182 5655 alieno,
2214 5587 2361 5658 ipso.
2395 5588 2699 5657 mediante,
2763 5590 2971 5643 servari
3007 5606 3019 5644 :
3050 5591 3146 5646 sed
3203 5590 3335 5662 pius
3392 5591 3681 5649 confessor

3376 5711 3403 5727 υ

3373 5733 3407 5765 ὁ)
