3938 6374
387 327 483 378 139
1693 323 1749 376 S.
1793 321 2074 377 IIENRICI

2176 322 2597 378 IPEBATOIKIS
3809 320 3906 372 HO

385 445 504 510 Dei,
539 445 788 498 laborem
817 447 874 496 et
919 442 1170 496 studium
1199 442 1401 496 devote
1451 442 1558 496 sibi
1603 443 2068 514 obsequentium,
2103 449 2148 499 Α
2186 445 2504 515 sigillatim,
2530 459 2658 515 quas
2689 443 2892 497 diebus
2945 442 3186 514 singulis
3216 441 3364 497 facta
3417 449 3571 508 sunt,
3616 443 3904 496 miracula

377 535 560 588 noluit
591 531 876 586 incassum
911 531 1196 601 deperire,
1229 547 1300 584 ne
1321 532 1408 584 vel
1444 531 1504 584 in
1535 547 1712 600 parvo
1737 533 2084 586 detrimento

373 624 567 692 janum
607 621 938 674 viderentur
977 619 1319 684 contristari,
1369 621 1612 691 ideoque
1671 621 1728 674 in
1763 621 1940 690 ligno,
1974 621 2084 674 fuci

380 709 508 763 usui
563 715 722 779 apto,
772 709 881 762 vim
943 709 1165 762 virtutis
1210 724 1327 761 sum
1375 708 1568 778 ignem
1601 725 1632 760 a
1673 710 1786 762 Deo
1837 708 2086 762 obtinuit

381 797 652 850 oblivisci.

451 886 536 938 24.
583 884 784 938 Mulier
831 885 1129 954 arreptitia
1179 885 1248 938 de
1301 885 1543 938 restibus
1593 900 1846 938 connexa
1881 900 2082 937 manus

379 990 568 1028 coram
603 973 880 1042 praedicto
915 973 1320 1038 reconditorio,
1376 974 1507 1026 licet
1533 974 1777 1026 multum
1809 973 2076 1040 renitens,

379 1063 614 1116 sistitur.
648 1061 785 1123 Quae
833 1061 1096 1114 daemone
1134 1061 1420 1130 mugitum
1447 1059 1506 1113 in
1549 1076 1682 1113 aera
1712 1061 1879 1114 dante
1906 1077 2080 1130 seque

379 1153 450 1204 ab
499 1149 758 1204 Ileinrico
813 1149 1070 1220 torqueri
1119 1149 1486 1214 vociferante,
1548 1149 1685 1201 satis
1765 1148 1890 1218 ipsa
1935 1153 2082 1202 torta

379 1239 672 1293 liberatur.
711 1238 901 1291 Visum
961 1243 1048 1291 est
1083 1236 1188 1300 illi,
1233 1243 1294 1289 ut
1349 1237 1728 1306 praesentibus
1777 1237 2077 1302 referebat,

379 1329 688 1398 quemdam
718 1327 900 1397 capite
927 1343 1087 1392 cano,
1125 1325 1298 1378 barba
1327 1326 1570 1395 prolixa,
1622 1331 1776 1379 veste
1808 1326 2079 1380 amictum

379 1417 556 1485 regia,
613 1433 680 1468 ex
737 1415 936 1468 eodem
985 1417 1110 1468 loco
1155 1414 1516 1482 processisse,
1549 1417 1604 1466 et
1637 1430 1669 1466 a
1725 1430 1784 1466 se
1815 1415 2077 1484 spiritum

379 1519 626 1573 nequam
661 1503 888 1572 pugnis,
924 1507 980 1554 et
1009 1501 1182 1554 minis
1211 1501 1534 1555 extorsisse.
1573 1503 1774 1554 Verum
1809 1503 1854 1554 si
1878 1509 2078 1556 cuncta

2194 533 2463 602 persequi
2519 533 2778 590 voluero.
2827 537 3056 600 tempus
3113 547 3204 584 me
3255 531 3414 602 prius
3448 547 3620 602 quam
3655 531 3904 586 materia

2193 622 2450 675 deseret:
2511 619 2831 691 prmsertiln
2865 635 2996 673 cum
3049 635 3288 673 numero
3329 620 3772 691 possibilitatem
3811 637 3906 674 ex-

2192 711 2446 779 cedente,
2493 715 2681 762 custos
2743 709 2865 778 ipse
2897 709 3168 768 ecclesiae,
3207 709 3306 778 qni
3351 710 3618 763 omnibus
3653 711 3774 763 fere
3809 709 3900 762 in-

2190 802 2419 862 tererat,
2453 813 2630 866 pauca
2679 797 2750 849 de
2809 796 3002 850 multis
3057 795 3350 849 memoria),
3385 797 3610 849 tradere
3665 814 3726 849 se
3789 813 3898 866 po-

2187 886 2364 939 tuisse
2407 885 2760 955 perhibebat.
2799 885 2914 937 Hoc
2955 885 3138 937 solum
3193 884 3284 936 hic
3335 886 3722 938 omittendum
3775 901 3896 937 non

2189 979 2291 1038 est,
2327 974 2481 1044 quod
2512 973 2581 1026 de
2609 973 2780 1026 calice
2810 989 3005 1037 aureo,
3061 973 3131 1026 de
3185 988 3300 1042 quo
3333 989 3506 1042 supra
3533 973 3748 1028 dictum
3785 980 3896 1034 est,

2188 1077 2358 1132 quem
2409 1061 2482 1114 ob
2529 1060 2772 1130 speciale
2819 1060 3138 1113 devotionis
3201 1076 3318 1114 sine.
3389 1061 3663 1115 indicium
3735 1062 3896 1115 idem

2189 1151 2501 1220 Imperator
2523 1149 2690 1203 beato
2737 1147 3040 1202 Laurentio
3091 1149 3296 1201 conﬁci
3336 1151 3604 1218 jusserat,
3659 1149 3896 1203 febrici-

2185 1243 2374 1292 tantes
2405 1253 2590 1308 aquae,
2631 1237 2717 1290 vel
2759 1237 2993 1290 alterius
3051 1237 3291 1307 liquoris
3333 1237 3538 1290 haustu
3570 1245 3894 1291 curantur:

2185 1331 2492 1398 praestante
2525 1325 2765 1379 Domino
2797 1331 2988 1380 nostro
3017 1327 3146 1380 Jesu
3187 1325 3427 1392 Christo,
3481 1327 3579 1396 qui
3609 1343 3741 1379 cum
3781 1327 3899 1379 Deo

2187 1417 2352 1470 Patre
2382 1421 2435 1467 et
2463 1413 2678 1484 Spiritu
2709 1420 2902 1467 sancto
2955 1413 3090 1467 vivit
3119 1419 3175 1466 et
3211 1421 3414 1482 regnat
3441 1415 3588 1467 Dens
3615 1429 3721 1484 per
3753 1414 3900 1467 inﬁ-

2186 1507 2304 1557 nita
2335 1503 2537 1556 saecula
2569 1504 2929 1556 steculorum.
2965 1507 3166 1556 Amen.

1763 1732 2484 1818 APPENDIX
2559 1677 2600 1719 ⁸

379 1886 444 1949 Ε
447 1907 611 1947 orum
649 1907 778 1968 qua:
809 1887 891 1947 ad
915 1891 1278 1968 superiorem
1325 1887 1541 1965 Vitam,
1577 1889 1650 1949 ab
1699 1893 2014 1970 Anonymo
2057 1892 2366 1972 scriptam,
2399 1891 2482 1950 ad
2505 1891 2578 1951 S.
2621 1891 3226 1952 Henricz'recenh’ora
3249 1892 3554 1974 bene/iota,
3585 1901 3890 1960 mantum,

459 1995 712 2051 enicem,
747 1975 986 2056 aliaque
1017 1996 1190 2036 sacra
1229 1977 1462 2036 cimelz'a
1483 1997 1509 2054 ,°
1536 1977 1618 2038 ad
1637 1978 1984 2039 hodiernam
2015 1979 2440 2040 solemnitatem
2477 1979 2558 2040 ad
2583 1991 2869 2040 renovata
2901 1983 3152 2061 pietatis
3186 1979 3430 2062 Ofﬁcia,
3465 1979 3544 2040 ad
3572 1977 3800 2059 templa
3833 1989 3892 2038 et

457 2065 675 2125 sacella
697 2075 890 2124 erecta
913 2067 1288 2144 potz'sszimzm
1321 2077 1610 2146 spectant.

983 2269 1208 2323 CAPUT
1249 2270 1536 2324 PRIMUM.

590 2358 670 2410 De
690 2357 1078 2426 diplomatibus
1109 2373 1177 2411 ea:
1205 2358 1338 2412 data
1379 2360 1500 2412 Vita
1531 2359 1632 2413 huc
1669 2360 1900 2428 rejectis.

449 2449 496 2499 1.
546 2446 662 2499 IIuc
708 2445 1007 2515 rejecimus
1039 2444 1352 2514 diplomata
1397 2446 1536 2500 Vita;
1589 2447 1643 2501 S.
1689 2445 1912 2500 Henrici
1955 2463 2071 2501 non

374 2533 507 2588 satis
540 2540 667 2604 apte
715 2533 925 2587 innexa
981 2533 1150 2586 variis
1205 2534 1487 2604 capitibus
1541 2535 1610 2589 de
1663 2535 1870 2605 quibus
1899 2549 2073 2604 supra

371 2621 546 2676 locuti
613 2637 828 2675 sumus.
887 2621 1144 2675 Primum
1195 2622 1382 2676 locum
1451 2623 1544 2677 hic
1598 2627 1893 2692 occupant.
1941 2639 2070 2692 qua!

371 2717 698 2782 temporum
771 2709 966 2764 ordine
1037 2711 1388 2778 praecedunt,
1467 2712 1712 2782 geminae
1787 2710 2072 2765 Benedicti

372 2799 477 2852 PP.
511 2799 625 2852 VIII
659 2799 862 2852 litteras
906 2799 976 2853 ad
1015 2801 1070 2854 S.
1117 2800 1442 2864 llenricum,
1495 2801 1734 2854 necdum
1769 2802 1962 2857 Romae
1983 2817 2072 2855 co-

368 2891 655 2952 ronatum,
688 2887 742 2936 et
773 2885 840 2938 ad
891 2886 1276 2942 Eberhardum
1329 2887 1806 2956 Bambergensem
1849 2891 2068 2959 episco-

368 2988 508 3043 pum
539 2973 790 3042 primum
838 2974 906 3028 de
956 2975 1078 3044 ejus
1117 2975 1368 3028 ecclesia:
1419 2975 1852 3030 conﬁrmatione
1901 2978 2068 3042 datae,

369 3077 612 3133 quarum
673 3061 890 3132 priores
954 3065 1178 3134 scriptae
1224 3063 1491 3116 dicuntur
1541 3063 1601 3116 in
1659 3080 1854 3118 mense
1900 3065 2069 3118 Junio

371 3149 568 3204 Indict.
601 3165 692 3216 x1;
726 3149 872 3204 data:
915 3167 1050 3205 vero
1083 3169 1109 3199 «
1165 3167 1238 3204 xu
1289 3151 1408 3204 Kal.
1469 3151 1782 3218 Februarii,
1831 3153 2069 3222 pontiﬁ-

370 3243 527 3290 catus
557 3254 709 3292 anno
768 3239 973 3307 primo.
1013 3258 1038 3288 ι)
1075 3240 1192 3293 Νοη
1227 3244 1312 3291 est
1367 3238 1502 3292 satis
1529 3241 1786 3309 pervium
1820 3240 2071 3311 reperire

369 3325 542 3380 ﬁnem
575 3327 937 3397 pontificatus
965 3327 1147 3398 Sergii
1203 3327 1289 3392 IV,
1344 3333 1444 3380 aut
1499 3327 1726 3382 initium
1783 3329 2070 3382 Benedicti

371 3414 512 3480 VIII,
563 3421 626 3468 ut
675 3421 822 3470 recte
877 3417 1145 3486 expendit
1200 3415 1474 3468 Baronius
1534 3416 1604 3468 ad
1663 3432 1876 3470 annum
1915 3418 2066 3482 t0t2,

371 3503 630 3574 quamvis
669 3504 790 3576 ipse
815 3521 882 3558 eo
921 3520 1070 3558 anno
1094 3505 1216 3572 jam
1248 3503 1382 3558 dicti
1429 3502 1607 3574 Sergii
1641 3505 1860 3558 obitum
1893 3504 2068 3558 collo-

367 3598 476 3652 cet,
509 3599 678 3662 atque
725 3593 866 3646 adeo
930 3591 1215 3646 Benedicti
1273 3591 1332 3644 in
1377 3591 1730 3645 Pontiﬁciam
1761 3593 1960 3646 Sedem
1993 3593 2073 3646 in-

367 3696 645 3750 gressum.
709 3680 928 3734 Etenim
996 3679 1042 3732 si
1110 3681 1215 3733 hoc
1281 3680 1592 3750 diplomate
1654 3687 1803 3734 recte
1848 3682 2071 3752 signata

367 3775 500 3822 sunt
529 3769 744 3836 omnia,
777 3785 890 3822 non
923 3767 1109 3838 potuit
1141 3768 1290 3822 Petri
1329 3770 1656 3822 cathedram
1686 3771 2068 3822 conscendere

367 3859 702 3912 Benedictus
735 3863 866 3910 ante
918 3873 1134 3910 annum
1197 3857 1330 3911 1013
1369 3857 1564 3911 Indict.
1613 3873 1690 3924 x1,
1744 3858 1843 3928 qui
1903 3857 2069 3912 istius

363 3945 500 3999 anni
543 3947 834 4000 character
871 3951 958 4000 est
990 3961 1002 3998 :
1035 3961 1164 3998 cum
1197 3961 1329 3999 vero
1359 3951 1415 3999 et
1456 3945 1728 4015 scriptum
1775 3953 1834 4000 et
1869 3946 2066 4002 datum

365 4034 435 4087 sit
459 4033 714 4105 diploma
764 4049 915 4087 anno
985 4034 1171 4104 primo
1220 4034 1343 4104 ejus
1401 4035 1784 4104 pontiﬁcatus,
1839 4051 2066 4091 necesse

363 4128 446 4176 est
475 4123 660 4193 ipsum
697 4123 907 4178 {iadlmc
957 4123 1188 4176 ﬂuxisse
1247 4139 1442 4176 mense
1484 4123 1777 4191 Januario,
1829 4140 1930 4178 seu
1991 4141 2062 4177 xu

363 4210 600 4264 Kalend.
655 4210 946 4264 Februarii
1005 4210 1136 4264 anni
1193 4211 1482 4282 sequentis
1531 4212 1686 4278 lOli,
1737 4212 1808 4266 de
1865 4229 1978 4284 qua
2007 4229 2064 4264 re

359 4298 530 4367 hujus
554 4297 664 4352 loci
695 4314 810 4352 non
842 4303 928 4352 est
956 4299 1117 4370 plura
1141 4299 1504 4370 investigare.

427 4389 481 4440 2.
518 4385 652 4440 Inde
683 4387 915 4441 fortasse
957 4403 1072 4441 non
1119 4387 1312 4456 inepte
1369 4387 1496 4458 quis
1529 4387 1777 4458 colligat,
1811 4387 2065 4458 diploma

355 4475 528 4540 istud,
578 4475 922 4546 praecedenti
976 4493 1126 4530 anno
1163 4479 1294 4530 1013
1347 4477 1645 4546 scriptum,
1681 4494 1714 4530 a
1767 4478 1920 4546 Papa
1964 4479 2060 4532 Be-

354 4563 581 4618 nedicto
628 4563 880 4617 studiose
934 4569 1218 4617 servatum
1265 4564 1465 4628 videri,
1512 4571 1576 4618 ut
1619 4565 1674 4619 id
1721 4566 2058 4636 Imperatori

353 4653 484 4723 ipsi,
513 4653 633 4721 jam
675 4658 945 4706 coronato
1000 4668 1100 4705 seu
1148 4653 1498 4714 coronando,
1555 4654 1660 4707 sub
1710 4653 2059 4724 principium

353 4741 486 4794 anni
515 4742 650 4794 1014
680 4741 984 4795 offerretur
1014 4741 1074 4794 in
1123 4739 1246 4808 ipsa
1277 4739 1416 4794 urbe
1474 4741 1674 4806 Roma,
1709 4757 2056 4813 quamquam

350 4831 533 4882 solum
568 4830 736 4898 Regis
783 4829 1014 4882 titulum
1043 4827 1328 4898 praeferat.
1381 4828 1719 4899 Conjectura
1747 4834 1850 4898 est,
1883 4847 2056 4901 quam
2087 4823 2130 4878 D

351 4918 616 4988 redargui
647 4917 808 4972 facile
865 4918 1068 4988 patiar.
1131 4917 1188 4971 Id
1237 4917 1421 4970 obiter
1480 4919 1735 4982 observo,
1766 4920 1920 4990 quod
1954 4918 2058 4974 sub

345 5008 520 5062 ﬁnem
553 5021 816 5060 summus
871 5007 1147 5064 Pontifex.
1181 5021 1294 5058 non
1341 5005 1461 5074 jam
1493 5007 1559 5060 ad
1606 5007 1662 5061 S.
1725 5007 2052 5071 Henricum,

347 5093 442 5146 sed
466 5093 537 5146 ad
571 5095 758 5152 solum
792 5115 818 5141 ‹‹
853 5093 1287 5147 dilectissimum
1339 5093 1592 5156 fratrem,
1633 5117 1658 5145 ν
1694 5096 1952 5166 adeoque
1983 5096 2052 5149 ad

343 5183 526 5236 solum
559 5181 892 5252 episcopum
932 5182 1319 5236 Eberhardnm
1351 5199 1675 5237 sermonem
1708 5189 2004 5238 convertat
2038 5202 2049 5238 :

344 5271 442 5324 sed
488 5287 676 5341 neque
735 5271 857 5324 haec
912 5269 1300 5341 scrupulosius
1330 5270 1420 5324 hic
1473 5270 1855 5324 examinanda
1882 5272 2054 5326 susci-

341 5359 536 5430 pimus
593 5359 856 5430 Diplima
883 5359 1148 5426 alterum,
1181 5359 1286 5412 soli
1318 5359 1643 5413 Eberhardo
1687 5359 2048 5429 inscriptum,

339 5449 558 5502 nullam
611 5448 890 5520 temporis
951 5453 1144 5500 notam
1199 5447 1432 5514 signat;
1485 5453 1542 5501 at
1605 5455 1758 5502 recte
1810 5447 2052 5510 advertit

342 5536 660 5604 Gretserns,
693 5553 758 5590 ex
789 5537 858 5590 iis
887 5552 1014 5608 qua:
1046 5537 1244 5590 asserit
1297 5537 1628 5592 Benedictus
1683 5552 1742 5591 se
1769 5545 2050 5608 praesente

2104 2273 2144 2326 Β
2185 2271 2513 2342 Bambergaa
2571 2273 2714 2326 facta
2786 2273 2981 2340 fuisse,

3067 2274 3264 2328 datum
3319 2289 3444 2328 esse
3510 2276 3896 2344 posteaquam

2185 2361 2558 2430 Bambergam
2589 2361 2710 2431 ipse
2739 2368 2992 2428 venerat,
3027 2378 3234 2432 nempe
3265 2379 3415 2417 anno
3449 2363 3604 2426 l0l9,
3625 2361 3772 2416 dum
3801 2361 3902 2414 ba-

2183 2449 2396 2504 silicam
2453 2450 2506 2504 S.
2551 2450 2950 2520 Stephanivm
3007 2451 3126 2504 Kal.
3168 2451 3296 2506 Maii
3341 2439 3798 2516 consecraverat,
3837 2455 3904 2504 ut

2181 2544 2268 2590 est
2287 2554 2412 2608 cap.
2443 2542 2532 2603 23,
2559 2539 2705 2608 apud
2735 2555 2838 2592 nos
2866 2555 3026 2592 num.
3061 2542 3128 2594 3'2
3163 2559 3179 2604 ;
3213 2540 3448 2594 fortasse
3505 2539 3563 2592 in
3593 2538 3718 2608 ipsa
3752 2537 3900 2592 urbe

2181 2627 2607 2696 Bambergensi,
2661 2627 2996 2697 priusquam
3039 2628 3100 2682 in
3158 2628 3378 2682 Italiam
3429 2633 3728 2682 remearet.
3819 2628 3901 2681 De

2179 2714 2364 2768 tribus
2393 2715 2520 2768 aliis
2563 2717 2975 2785 posterioribus
3000 2716 3412 2786 diplomatibus
3455 2715 3770 2771 Clementis
3825 2717 3898 2780 ll,

2183 2803 2384 2858 Leonis
2416 2803 2480 2856 ιΧ
2509 2811 2562 2857 et
2594 2803 2819 2858 Henrici
2853 2805 2926 2859 Ill
2985 2804 3239 2872 Caesaris,
3284 2805 3426 2859 nihil
3481 2810 3565 2858 est
3613 2805 3772 2876 quod
3805 2805 3899 2858 hic

2181 2907 2532 2962 magnopere
2567 2893 2862 2962 explicem.

2251 2983 2301 3034 3.
2342 2981 2526 3034 Unum
2559 2987 2834 3050 superest,
2897 2983 3034 3036 dum
3063 2983 3132 3037 de
3183 2981 3593 3053 diplomatibus
3633 2982 3894 3052 agimus,

2179 3068 2284 3121 hac
2337 3070 2768 3138 opportunitate
2829 3070 3218 3138 indicandum,
3295 3071 3511 3124 variam
3571 3086 3689 3124 non
3742 3071 3892 3124 nihil

2179 3172 2298 3209 esse
2348 3157 2591 3211 formam
2651 3173 2780 3228 quas
2835 3159 2898 3213 S.
2946 3160 3174 3214 Henrici
3207 3159 3394 3230 sigilla
3459 3159 3711 3212 exhibet.
3769 3161 3894 3214 IIuc

2179 3261 2270 3298 me
2297 3245 2533 3300 adduxit
2562 3245 2817 3316 diploma
2867 3248 3291 3310 Henricianum.
3351 3249 3412 3301 in
3443 3248 3692 3302 maximo
3751 3247 3893 3300 folio

2179 3349 2451 3404 expanso,
2483 3335 2556 3388 ad
2612 3336 2956 3407 autographi
3019 3353 3282 3390 normam
3339 3344 3655 3400 exaratum,
3711 3343 3892 3406 atque.

2179 3422 2330 3476 inter
2383 3422 2620 3476 scliedas
2675 3433 2894 3477 nostras
2950 3435 3314 3495 repertum,«
3353 3427 3636 3479 datum'vt
3699 3426 3893 3478 Nonas

2179 3510 2407 3580 Aprilis,
2437 3527 2586 3564 anno
2621 3511 2926 3566 Dominicm
2979 3514 2998 3566 I
3029 3513 3394 3568 acarnationis
3429 3531 3550 3578 nni,
3607 3515 3815 3568 Indict.
3853 3532 3890 3578 ι,

2182 3614 2332 3651 anno
2357 3599 2605 3652 secundo
2639 3600 2842 3653 Domni
2885 3603 3108 3656 Henrici
3151 3603 3322 3672 Regis
3353 3604 3395 3657 ι.
3447 3606 3652 3656 Actum
3689 3601 3893 3666 Ouidi-

2179 3686 2498 3754 Iingaburc,
2565 3708 2586 3734 ο
2646 3689 2800 3758 quod
2835 3690 2927 3743 hic
2975 3691 3264 3762 integrum
3324 3697 3381 3746 et
3421 3691 3664 3762 'quidem
3723 3691 3782 3744 in
3813 3709 3892 3744 aes

2177 3775 2421 3830 incisum
2470 3778 2761 3846 referrem,
2792 3779 2840 3832 si
2885 3779 2940 3832 id
2989 3797 3178 3851 operte
3219 3780 3468 3850 pretium
3519 3785 3668 3832 esset
3702 3796 3716 3833 :
3751 3785 3892 3833 nota

2177 3863 2330 3917 enim
2363 3865 2484 3920 haec
2531 3867 2756 3937 pridem
2802 3874 2954 3933 sunt,
3010 3875 3068 3922 et
3115 3875 3299 3924 totum
3351 3870 3573 3940 pridem
3622 3869 3890 3922 exhibuit

2176 3952 2442 4008 laudatus
2471 3971 2642 4026 supra
2699 3957 3012 4012 Schatenus
3055 3959 3114 4012 in
3153 3961 3472 4014 Annalibus
3526 3958 3648 4013 suis
3675 3960 3891 4014 Peder-

2176 4041 2550 4098 bornensibus
2571 4045 2642 4100 ad
2682 4045 2896 4100 dictum
2919 4063 3134 4102 annum
3167 4050 3320 4114 t003,
3363 4065 3496 4119 pag.
3528 4051 3658 4104 367.

2802 4275 3108 4332 ﬂ
3125 4287 3298 4342 κη

2432 4809 2634 5130 κς»
3393 4939 3530 5176 ές

2491 5131 2616 5304 \
3325 5131 3408 5234 Ca
