  <div class='ocr_page' id='page_1' title='image "/cluster/home/n/w/nwhite01/storage/ocr_20150623/140/umn.31951002477433x/098.png"; bbox 0 0 3938 6324; ppageno 0'>
   <div class='ocr_carea' id='block_1_1' title="bbox 35 341 3540 400">
    <p class='ocr_par' dir='ltr' id='par_1_1' title="bbox 35 341 3540 400">
     <span class='ocr_line' id='line_1_1' title="bbox 35 341 3540 400; baseline -0.001 -2"><span class='ocrx_word' id='word_1_1' title='bbox 35 350 115 400; x_wconf 55' lang='lat' dir='ltr'><strong>tsi</strong></span> <span class='ocrx_word' id='word_1_2' title='bbox 1695 343 1888 398; x_wconf 78' lang='lat' dir='ltr'><strong>ACTA.</strong></span> <span class='ocrx_word' id='word_1_3' title='bbox 3445 341 3540 394; x_wconf 67' lang='lat' dir='ltr'><strong>tt?</strong></span> 
     </span>
    </p>
   </div>
   <div class='ocr_carea' id='block_1_2' title="bbox 101 463 3544 541">
    <p class='ocr_par' dir='ltr' id='par_1_2' title="bbox 101 463 3544 541">
     <span class='ocr_line' id='line_1_2' title="bbox 101 463 3544 541; baseline -0.002 -18"><span class='ocrx_word' id='word_1_4' title='bbox 101 471 307 541; x_wconf 67' lang='lat' dir='ltr'><strong>Neque</strong></span> <span class='ocrx_word' id='word_1_5' title='bbox 336 471 414 525; x_wconf 90' lang='lat' dir='ltr'><strong>de</strong></span> <span class='ocrx_word' id='word_1_6' title='bbox 439 471 937 539; x_wconf 86' lang='lat' dir='ltr'><strong>monogrammate</strong></span> <span class='ocrx_word' id='word_1_7' title='bbox 983 466 1075 520; x_wconf 89' lang='lat' dir='ltr'><strong>hic</strong></span> <span class='ocrx_word' id='word_1_8' title='bbox 1126 467 1296 520; x_wconf 80' lang='lat' dir='ltr'><strong>mihi</strong></span> <span class='ocrx_word' id='word_1_9' title='bbox 1333 466 1576 537; x_wconf 69' lang='lat' dir='ltr'><strong>quasstio</strong></span> <span class='ocrx_word' id='word_1_10' title='bbox 1630 469 1736 532; x_wconf 82' lang='lat' dir='ltr'><strong>est,</strong></span> <span class='ocrx_word' id='word_1_11' title='bbox 1775 469 1817 521; x_wconf 88' lang='grc' dir='ltr'><strong>Λ</strong></span> <span class='ocrx_word' id='word_1_12' title='bbox 1853 467 2014 536; x_wconf 81' lang='lat' dir='ltr'><strong>cujus</strong></span> <span class='ocrx_word' id='word_1_13' title='bbox 2052 465 2476 538; x_wconf 80' lang='lat' dir='ltr'><strong>permutatione</strong></span> <span class='ocrx_word' id='word_1_14' title='bbox 2523 481 2655 520; x_wconf 88' lang='lat' dir='ltr'><strong>eum</strong></span> <span class='ocrx_word' id='word_1_15' title='bbox 2687 465 2979 519; x_wconf 87' lang='lat' dir='ltr'><strong>territorio</strong></span> <span class='ocrx_word' id='word_1_16' title='bbox 3013 466 3410 518; x_wconf 80' lang='lat' dir='ltr'><strong>Beneventano</strong></span> <span class='ocrx_word' id='word_1_17' title='bbox 3468 463 3544 516; x_wconf 89' lang='lat' dir='ltr'><strong>vi-</strong></span> 
     </span>
    </p>
   </div>
   <div class='ocr_carea' id='block_1_3' title="bbox 30 550 1736 626">
    <p class='ocr_par' dir='ltr' id='par_1_3' title="bbox 30 550 1736 626">
     <span class='ocr_line' id='line_1_3' title="bbox 30 550 1736 626; baseline -0.003 -18"><span class='ocrx_word' id='word_1_18' title='bbox 30 572 212 626; x_wconf 88' lang='lat' dir='ltr'><strong>neque</strong></span> <span class='ocrx_word' id='word_1_19' title='bbox 235 556 633 610; x_wconf 73' lang='lat' dir='ltr'><strong>characterem</strong></span> <span class='ocrx_word' id='word_1_20' title='bbox 667 552 932 607; x_wconf 89' lang='lat' dir='ltr'><strong>examino</strong></span> <span class='ocrx_word' id='word_1_21' title='bbox 954 567 1082 606; x_wconf 90' lang='lat' dir='ltr'><strong>cum</strong></span> <span class='ocrx_word' id='word_1_22' title='bbox 1116 553 1184 605; x_wconf 89' lang='lat' dir='ltr'><strong>de</strong></span> <span class='ocrx_word' id='word_1_23' title='bbox 1241 550 1328 604; x_wconf 87' lang='lat' dir='ltr'><strong>his</strong></span> <span class='ocrx_word' id='word_1_24' title='bbox 1359 550 1494 604; x_wconf 81' lang='lat' dir='ltr'><strong>alibi</strong></span> <span class='ocrx_word' id='word_1_25' title='bbox 1552 550 1736 604; x_wconf 85' lang='lat' dir='ltr'><strong>abun-</strong></span> 
     </span>
    </p>
   </div>
   <div class='ocr_carea' id='block_1_4' title="bbox 30 639 1738 710">
    <p class='ocr_par' dir='ltr' id='par_1_4' title="bbox 30 639 1738 710">
     <span class='ocr_line' id='line_1_4' title="bbox 30 639 1738 710; baseline -0.004 -13"><span class='ocrx_word' id='word_1_26' title='bbox 30 646 92 697; x_wconf 91' lang='lat' dir='ltr'><strong>de</strong></span> <span class='ocrx_word' id='word_1_27' title='bbox 119 644 344 696; x_wconf 88' lang='lat' dir='ltr'><strong>dictum</strong></span> <span class='ocrx_word' id='word_1_28' title='bbox 380 643 451 696; x_wconf 90' lang='lat' dir='ltr'><strong>sit</strong></span> <span class='ocrx_word' id='word_1_29' title='bbox 485 659 498 696; x_wconf 88' lang='lat'>:</span> <span class='ocrx_word' id='word_1_30' title='bbox 536 642 596 695; x_wconf 91' lang='lat' dir='ltr'><strong>in</strong></span> <span class='ocrx_word' id='word_1_31' title='bbox 628 641 829 710; x_wconf 83' lang='lat' dir='ltr'><strong>sigillis</strong></span> <span class='ocrx_word' id='word_1_32' title='bbox 857 658 923 694; x_wconf 87' lang='lat' dir='ltr'><strong>ea</strong></span> <span class='ocrx_word' id='word_1_33' title='bbox 956 641 1203 694; x_wconf 89' lang='lat' dir='ltr'><strong>occurrit</strong></span> <span class='ocrx_word' id='word_1_34' title='bbox 1235 639 1556 705; x_wconf 74' lang='lat' dir='ltr'><strong>diversitas,</strong></span> <span class='ocrx_word' id='word_1_35' title='bbox 1610 655 1738 708; x_wconf 82' lang='lat' dir='ltr'><strong>quae</strong></span> 
     </span>
    </p>
   </div>
   <div class='ocr_carea' id='block_1_5' title="bbox 39 727 1734 799">
    <p class='ocr_par' dir='ltr' id='par_1_5' title="bbox 39 727 1734 799">
     <span class='ocr_line' id='line_1_5' title="bbox 39 727 1734 799; baseline -0.003 -15"><span class='ocrx_word' id='word_1_36' title='bbox 39 733 411 786; x_wconf 85' lang='lat' dir='ltr'><strong>curiosorum</strong></span> <span class='ocrx_word' id='word_1_37' title='bbox 442 731 498 783; x_wconf 91' lang='lat' dir='ltr'><strong>id</strong></span> <span class='ocrx_word' id='word_1_38' title='bbox 533 747 714 799; x_wconf 84' lang='lat' dir='ltr'><strong>genus</strong></span> <span class='ocrx_word' id='word_1_39' title='bbox 740 729 1094 783; x_wconf 89' lang='lat' dir='ltr'><strong>cimeliorum</strong></span> <span class='ocrx_word' id='word_1_40' title='bbox 1131 729 1325 781; x_wconf 90' lang='lat' dir='ltr'><strong>oculos</strong></span> <span class='ocrx_word' id='word_1_41' title='bbox 1382 727 1573 780; x_wconf 91' lang='lat' dir='ltr'><strong>subire</strong></span> <span class='ocrx_word' id='word_1_42' title='bbox 1614 743 1734 780; x_wconf 87' lang='lat' dir='ltr'><strong>me-</strong></span> 
     </span>
    </p>
   </div>
   <div class='ocr_carea' id='block_1_6' title="bbox 37 815 1736 885">
    <p class='ocr_par' dir='ltr' id='par_1_6' title="bbox 37 815 1736 885">
     <span class='ocr_line' id='line_1_6' title="bbox 37 815 1736 885; baseline -0.002 -13"><span class='ocrx_word' id='word_1_43' title='bbox 37 827 252 873; x_wconf 77' lang='lat' dir='ltr'><strong>reatur.</strong></span> <span class='ocrx_word' id='word_1_44' title='bbox 296 821 431 873; x_wconf 80' lang='lat' dir='ltr'><strong>Eam</strong></span> <span class='ocrx_word' id='word_1_45' title='bbox 474 818 790 883; x_wconf 87' lang='lat' dir='ltr'><strong>observavi,</strong></span> <span class='ocrx_word' id='word_1_46' title='bbox 821 817 1079 885; x_wconf 64' lang='lat' dir='ltr'><strong>praedicti</strong></span> <span class='ocrx_word' id='word_1_47' title='bbox 1111 816 1427 885; x_wconf 80' lang='lat' dir='ltr'><strong>apographi</strong></span> <span class='ocrx_word' id='word_1_48' title='bbox 1485 815 1736 884; x_wconf 89' lang='lat' dir='ltr'><strong>sigillum</strong></span> 
     </span>
    </p>
   </div>
   <div class='ocr_carea' id='block_1_7' title="bbox 35 902 1737 971">
    <p class='ocr_par' dir='ltr' id='par_1_7' title="bbox 35 902 1737 971">
     <span class='ocr_line' id='line_1_7' title="bbox 35 902 1737 971; baseline -0.004 -14"><span class='ocrx_word' id='word_1_49' title='bbox 35 906 396 958; x_wconf 66' lang='lat' dir='ltr'><strong>conferendo</strong></span> <span class='ocrx_word' id='word_1_50' title='bbox 428 920 558 957; x_wconf 90' lang='lat' dir='ltr'><strong>cum</strong></span> <span class='ocrx_word' id='word_1_51' title='bbox 583 905 762 956; x_wconf 87' lang='lat' dir='ltr'><strong>altero</strong></span> <span class='ocrx_word' id='word_1_52' title='bbox 797 902 1219 971; x_wconf 74' lang='lat' dir='ltr'><strong>Bambergeusi,</strong></span> <span class='ocrx_word' id='word_1_53' title='bbox 1263 902 1484 971; x_wconf 79' lang='lat' dir='ltr'><strong>pridem</strong></span> <span class='ocrx_word' id='word_1_54' title='bbox 1513 903 1581 954; x_wconf 88' lang='lat' dir='ltr'><strong>ad</strong></span> <span class='ocrx_word' id='word_1_55' title='bbox 1636 917 1737 954; x_wconf 89' lang='lat' dir='ltr'><strong>nos</strong></span> 
     </span>
    </p>
   </div>
   <div class='ocr_carea' id='block_1_8' title="bbox 35 989 1734 1063">
    <p class='ocr_par' dir='ltr' id='par_1_8' title="bbox 35 989 1734 1063">
     <span class='ocr_line' id='line_1_8' title="bbox 35 989 1734 1063; baseline -0.003 -16"><span class='ocrx_word' id='word_1_56' title='bbox 35 995 402 1058; x_wconf 86' lang='lat' dir='ltr'><strong>transmisso,</strong></span> <span class='ocrx_word' id='word_1_57' title='bbox 427 1008 676 1063; x_wconf 86' lang='lat' dir='ltr'><strong>quorum</strong></span> <span class='ocrx_word' id='word_1_58' title='bbox 717 997 916 1061; x_wconf 82' lang='lat' dir='ltr'><strong>ectypa</strong></span> <span class='ocrx_word' id='word_1_59' title='bbox 971 991 1062 1044; x_wconf 87' lang='lat' dir='ltr'><strong>hic</strong></span> <span class='ocrx_word' id='word_1_60' title='bbox 1121 990 1438 1058; x_wconf 82' lang='lat' dir='ltr'><strong>subjiciam.</strong></span> <span class='ocrx_word' id='word_1_61' title='bbox 1490 989 1580 1042; x_wconf 91' lang='lat' dir='ltr'><strong>Sic</strong></span> <span class='ocrx_word' id='word_1_62' title='bbox 1637 1005 1734 1042; x_wconf 88' lang='lat' dir='ltr'><strong>ex-</strong></span> 
     </span>
    </p>
   </div>
   <div class='ocr_carea' id='block_1_9' title="bbox 35 1077 1731 1151">
    <p class='ocr_par' dir='ltr' id='par_1_9' title="bbox 35 1077 1731 1151">
     <span class='ocr_line' id='line_1_9' title="bbox 35 1077 1731 1151; baseline -0.002 -19"><span class='ocrx_word' id='word_1_63' title='bbox 35 1083 313 1151; x_wconf 84' lang='lat' dir='ltr'><strong>primitur</strong></span> <span class='ocrx_word' id='word_1_64' title='bbox 343 1083 398 1135; x_wconf 85' lang='lat' dir='ltr'><strong>S.</strong></span> <span class='ocrx_word' id='word_1_65' title='bbox 440 1081 710 1135; x_wconf 82' lang='lat' dir='ltr'><strong>Henricus</strong></span> <span class='ocrx_word' id='word_1_66' title='bbox 740 1081 798 1133; x_wconf 89' lang='lat' dir='ltr'><strong>in</strong></span> <span class='ocrx_word' id='word_1_67' title='bbox 827 1081 1138 1150; x_wconf 77' lang='lat' dir='ltr'><strong>diplomate</strong></span> <span class='ocrx_word' id='word_1_68' title='bbox 1159 1077 1731 1146; x_wconf 84' lang='lat' dir='ltr'><strong>Ouidlingburgensi;</strong></span> 
     </span>
    </p>
   </div>
   <div class='ocr_carea' id='block_1_10' title="bbox 38 1166 1735 1239">
    <p class='ocr_par' dir='ltr' id='par_1_10' title="bbox 38 1166 1735 1239">
     <span class='ocr_line' id='line_1_10' title="bbox 38 1166 1735 1239; baseline -0.003 -16"><span class='ocrx_word' id='word_1_69' title='bbox 38 1174 200 1238; x_wconf 84' lang='lat' dir='ltr'><strong>cujus</strong></span> <span class='ocrx_word' id='word_1_70' title='bbox 229 1172 491 1239; x_wconf 75' lang='lat' dir='ltr'><strong>sigillum</strong></span> <span class='ocrx_word' id='word_1_71' title='bbox 555 1171 841 1222; x_wconf 85' lang='lat' dir='ltr'><strong>revulsum</strong></span> <span class='ocrx_word' id='word_1_72' title='bbox 877 1170 994 1236; x_wconf 87' lang='lat' dir='ltr'><strong>jam</strong></span> <span class='ocrx_word' id='word_1_73' title='bbox 1055 1167 1144 1220; x_wconf 88' lang='lat' dir='ltr'><strong>hic</strong></span> <span class='ocrx_word' id='word_1_74' title='bbox 1203 1166 1516 1219; x_wconf 82' lang='lat' dir='ltr'><strong>exhibitum</strong></span> <span class='ocrx_word' id='word_1_75' title='bbox 1564 1170 1735 1235; x_wconf 87' lang='lat' dir='ltr'><strong>atquc</strong></span> 
     </span>
    </p>
   </div>
   <div class='ocr_carea' id='block_1_11' title="bbox 36 1253 1732 1329">
    <p class='ocr_par' dir='ltr' id='par_1_11' title="bbox 36 1253 1732 1329">
     <span class='ocr_line' id='line_1_11' title="bbox 36 1253 1732 1329; baseline -0.003 -18"><span class='ocrx_word' id='word_1_76' title='bbox 36 1259 578 1329; x_wconf 78' lang='lat' dir='ltr'><strong>alteriapplicatnm</strong></span> <span class='ocrx_word' id='word_1_77' title='bbox 612 1258 833 1327; x_wconf 83' lang='lat' dir='ltr'><strong>pridem</strong></span> <span class='ocrx_word' id='word_1_78' title='bbox 867 1255 1082 1310; x_wconf 86' lang='lat' dir='ltr'><strong>notavit</strong></span> <span class='ocrx_word' id='word_1_79' title='bbox 1114 1253 1556 1324; x_wconf 72' lang='lat' dir='ltr'><strong>Pnpebrochius,</strong></span> <span class='ocrx_word' id='word_1_80' title='bbox 1594 1259 1732 1306; x_wconf 87' lang='lat' dir='ltr'><strong>tom.</strong></span> 
     </span>
    </p>
   </div>
   <div class='ocr_carea' id='block_1_12' title="bbox 40 1343 1473 1418">
    <p class='ocr_par' dir='ltr' id='par_1_12' title="bbox 40 1343 1473 1418">
     <span class='ocr_line' id='line_1_12' title="bbox 40 1343 1473 1418; baseline -0.004 -17"><span class='ocrx_word' id='word_1_81' title='bbox 40 1366 70 1401; x_wconf 87' lang='grc' dir='ltr'>ιι</span> <span class='ocrx_word' id='word_1_82' title='bbox 102 1349 261 1402; x_wconf 80' lang='lat' dir='ltr'><strong>Junii</strong></span> <span class='ocrx_word' id='word_1_83' title='bbox 297 1363 430 1418; x_wconf 84' lang='lat' dir='ltr'><strong>pag.</strong></span> <span class='ocrx_word' id='word_1_84' title='bbox 452 1349 544 1412; x_wconf 80' lang='lat'><strong>79,</strong></span> <span class='ocrx_word' id='word_1_85' title='bbox 586 1346 741 1416; x_wconf 88' lang='lat' dir='ltr'><strong>quod</strong></span> <span class='ocrx_word' id='word_1_86' title='bbox 771 1361 835 1399; x_wconf 77' lang='lat' dir='ltr'><strong>ex</strong></span> <span class='ocrx_word' id='word_1_87' title='bbox 865 1350 1059 1399; x_wconf 83' lang='lat' dir='ltr'><strong>nostro</strong></span> <span class='ocrx_word' id='word_1_88' title='bbox 1083 1343 1473 1414; x_wconf 89' lang='lat' dir='ltr'><strong>producimus.</strong></span> 
     </span>
    </p>
   </div>
   <div class='ocr_carea' id='block_1_13' title="bbox 103 1429 1733 1504">
    <p class='ocr_par' dir='ltr' id='par_1_13' title="bbox 103 1429 1733 1504">
     <span class='ocr_line' id='line_1_13' title="bbox 103 1429 1733 1504; baseline -0.006 -13"><span class='ocrx_word' id='word_1_89' title='bbox 103 1441 157 1491; x_wconf 58' lang='grc'><strong>4.</strong></span> <span class='ocrx_word' id='word_1_90' title='bbox 193 1437 282 1490; x_wconf 78' lang='lat' dir='ltr'><strong>Ab</strong></span> <span class='ocrx_word' id='word_1_91' title='bbox 329 1437 437 1490; x_wconf 84' lang='lat' dir='ltr'><strong>hac</strong></span> <span class='ocrx_word' id='word_1_92' title='bbox 482 1435 666 1489; x_wconf 84' lang='lat' dir='ltr'><strong>forma</strong></span> <span class='ocrx_word' id='word_1_93' title='bbox 713 1450 828 1488; x_wconf 90' lang='lat' dir='ltr'><strong>non</strong></span> <span class='ocrx_word' id='word_1_94' title='bbox 887 1449 1086 1504; x_wconf 78' lang='lat' dir='ltr'><strong>parum</strong></span> <span class='ocrx_word' id='word_1_95' title='bbox 1138 1432 1422 1500; x_wconf 83' lang='lat' dir='ltr'><strong>discrepat</strong></span> <span class='ocrx_word' id='word_1_96' title='bbox 1479 1429 1733 1499; x_wconf 88' lang='lat' dir='ltr'><strong>sigillum</strong></span> 
     </span>
    </p>
   </div>
   <div class='ocr_carea' id='block_1_14' title="bbox 37 1519 1734 1594">
    <p class='ocr_par' dir='ltr' id='par_1_14' title="bbox 37 1519 1734 1594">
     <span class='ocr_line' id='line_1_14' title="bbox 37 1519 1734 1594; baseline -0.004 -18"><span class='ocrx_word' id='word_1_97' title='bbox 37 1528 281 1578; x_wconf 77' lang='lat' dir='ltr'><strong>alterum</strong></span> <span class='ocrx_word' id='word_1_98' title='bbox 309 1524 461 1594; x_wconf 86' lang='lat' dir='ltr'><strong>quod</strong></span> <span class='ocrx_word' id='word_1_99' title='bbox 497 1539 650 1576; x_wconf 87' lang='lat' dir='ltr'><strong>anno</strong></span> <span class='ocrx_word' id='word_1_100' title='bbox 691 1525 822 1576; x_wconf 78' lang='grc'><strong>1699</strong></span> <span class='ocrx_word' id='word_1_101' title='bbox 851 1521 1010 1574; x_wconf 87' lang='lat' dir='ltr'><strong>nobis</strong></span> <span class='ocrx_word' id='word_1_102' title='bbox 1042 1519 1347 1574; x_wconf 84' lang='lat' dir='ltr'><strong>delineavit</strong></span> <span class='ocrx_word' id='word_1_103' title='bbox 1387 1534 1559 1587; x_wconf 81' lang='lat' dir='ltr'><strong>supra</strong></span> <span class='ocrx_word' id='word_1_104' title='bbox 1614 1519 1734 1571; x_wconf 87' lang='lat' dir='ltr'><strong>lau-</strong></span> 
     </span>
    </p>
   </div>
   <div class='ocr_carea' id='block_1_15' title="bbox 37 1609 1736 1678">
    <p class='ocr_par' dir='ltr' id='par_1_15' title="bbox 37 1609 1736 1678">
     <span class='ocr_line' id='line_1_15' title="bbox 37 1609 1736 1678; baseline -0.005 -13"><span class='ocrx_word' id='word_1_105' title='bbox 37 1616 202 1666; x_wconf 83' lang='lat' dir='ltr'><strong>datus</strong></span> <span class='ocrx_word' id='word_1_106' title='bbox 222 1613 480 1667; x_wconf 77' lang='lat' dir='ltr'><strong>Joannes</strong></span> <span class='ocrx_word' id='word_1_107' title='bbox 528 1611 857 1666; x_wconf 85' lang='lat' dir='ltr'><strong>Franciscus</strong></span> <span class='ocrx_word' id='word_1_108' title='bbox 904 1609 1171 1664; x_wconf 76' lang='lat' dir='ltr'><strong>chrius</strong></span> <span class='ocrx_word' id='word_1_109' title='bbox 1233 1609 1588 1678; x_wconf 82' lang='lat' dir='ltr'><strong>Eppenauer,</strong></span> <span class='ocrx_word' id='word_1_110' title='bbox 1645 1623 1736 1658; x_wconf 87' lang='lat' dir='ltr'><strong>ar-</strong></span> 
     </span>
    </p>
   </div>
   <div class='ocr_carea' id='block_1_16' title="bbox 37 1696 1737 1770">
    <p class='ocr_par' dir='ltr' id='par_1_16' title="bbox 37 1696 1737 1770">
     <span class='ocr_line' id='line_1_16' title="bbox 37 1696 1737 1770; baseline -0.005 -16"><span class='ocrx_word' id='word_1_111' title='bbox 37 1702 187 1756; x_wconf 78' lang='lat' dir='ltr'><strong>chivi</strong></span> <span class='ocrx_word' id='word_1_112' title='bbox 279 1699 718 1770; x_wconf 88' lang='lat' dir='ltr'><strong>Bambergensis</strong></span> <span class='ocrx_word' id='word_1_113' title='bbox 795 1703 919 1753; x_wconf 89' lang='lat' dir='ltr'><strong>tum</strong></span> <span class='ocrx_word' id='word_1_114' title='bbox 989 1698 1328 1752; x_wconf 78' lang='lat' dir='ltr'><strong>substitutus</strong></span> <span class='ocrx_word' id='word_1_115' title='bbox 1403 1696 1737 1763; x_wconf 76' lang='lat' dir='ltr'><strong>registrator</strong></span> 
     </span>
    </p>
   </div>
   <div class='ocr_carea' id='block_1_17' title="bbox 35 1785 1738 1858">
    <p class='ocr_par' dir='ltr' id='par_1_17' title="bbox 35 1785 1738 1858">
     <span class='ocr_line' id='line_1_17' title="bbox 35 1785 1738 1858; baseline -0.003 -17"><span class='ocrx_word' id='word_1_116' title='bbox 35 1795 283 1858; x_wconf 85' lang='lat' dir='ltr'><strong>juratus,</strong></span> <span class='ocrx_word' id='word_1_117' title='bbox 319 1791 404 1843; x_wconf 84' lang='lat' dir='ltr'><strong>uti</strong></span> <span class='ocrx_word' id='word_1_118' title='bbox 463 1805 639 1842; x_wconf 90' lang='lat' dir='ltr'><strong>manu</strong></span> <span class='ocrx_word' id='word_1_119' title='bbox 694 1787 930 1858; x_wconf 88' lang='lat' dir='ltr'><strong>propria</strong></span> <span class='ocrx_word' id='word_1_120' title='bbox 967 1785 1300 1855; x_wconf 87' lang='lat' dir='ltr'><strong>subscripsit</strong></span> <span class='ocrx_word' id='word_1_121' title='bbox 1355 1791 1410 1838; x_wconf 85' lang='lat' dir='ltr'><strong>et</strong></span> <span class='ocrx_word' id='word_1_122' title='bbox 1469 1789 1738 1837; x_wconf 83' lang='lat' dir='ltr'><strong>testatum</strong></span> 
     </span>
    </p>
   </div>
   <div class='ocr_carea' id='block_1_18' title="bbox 45 1872 1738 1945">
    <p class='ocr_par' dir='ltr' id='par_1_18' title="bbox 45 1872 1738 1945">
     <span class='ocr_line' id='line_1_18' title="bbox 45 1872 1738 1945; baseline -0.003 -16"><span class='ocrx_word' id='word_1_123' title='bbox 45 1879 220 1932; x_wconf 74' lang='lat' dir='ltr'><strong>voluit</strong></span> <span class='ocrx_word' id='word_1_124' title='bbox 250 1895 385 1932; x_wconf 62' lang='grc' dir='ltr'><strong>ιιι-ιιι</strong></span> <span class='ocrx_word' id='word_1_125' title='bbox 430 1876 556 1932; x_wconf 83' lang='lat' dir='ltr'><strong>Maii</strong></span> <span class='ocrx_word' id='word_1_126' title='bbox 603 1875 857 1945; x_wconf 75' lang='lat' dir='ltr'><strong>ejusdem</strong></span> <span class='ocrx_word' id='word_1_127' title='bbox 914 1875 1069 1940; x_wconf 87' lang='lat' dir='ltr'><strong>anni,</strong></span> <span class='ocrx_word' id='word_1_128' title='bbox 1100 1875 1254 1928; x_wconf 89' lang='lat' dir='ltr'><strong>hisce</strong></span> <span class='ocrx_word' id='word_1_129' title='bbox 1283 1873 1468 1926; x_wconf 82' lang='lat' dir='ltr'><strong>verbis</strong></span> <span class='ocrx_word' id='word_1_130' title='bbox 1499 1887 1512 1925; x_wconf 89' lang='lat'><strong>:</strong></span> <span class='ocrx_word' id='word_1_131' title='bbox 1563 1889 1588 1922; x_wconf 67' lang='grc' dir='ltr'><strong>η</strong></span> <span class='ocrx_word' id='word_1_132' title='bbox 1625 1872 1738 1939; x_wconf 81' lang='lat' dir='ltr'><strong>Ego</strong></span> 
     </span>
    </p>
   </div>
   <div class='ocr_carea' id='block_1_19' title="bbox 41 1959 1736 2035">
    <p class='ocr_par' dir='ltr' id='par_1_19' title="bbox 41 1959 1736 2035">
     <span class='ocr_line' id='line_1_19' title="bbox 41 1959 1736 2035; baseline -0.004 -16"><span class='ocrx_word' id='word_1_133' title='bbox 41 1968 453 2035; x_wconf 76' lang='lat' dir='ltr'><strong>iuri-ascriptus</strong></span> <span class='ocrx_word' id='word_1_134' title='bbox 508 1971 692 2018; x_wconf 89' lang='lat' dir='ltr'><strong>testor</strong></span> <span class='ocrx_word' id='word_1_135' title='bbox 749 1979 920 2018; x_wconf 89' lang='lat' dir='ltr'><strong>manu</strong></span> <span class='ocrx_word' id='word_1_136' title='bbox 980 1962 1236 2034; x_wconf 88' lang='lat' dir='ltr'><strong>propria,</strong></span> <span class='ocrx_word' id='word_1_137' title='bbox 1294 1961 1448 2031; x_wconf 88' lang='lat' dir='ltr'><strong>quod</strong></span> <span class='ocrx_word' id='word_1_138' title='bbox 1489 1959 1736 2027; x_wconf 84' lang='lat' dir='ltr'><strong>sigillum</strong></span> 
     </span>
    </p>
   </div>
   <div class='ocr_carea' id='block_1_20' title="bbox 44 2048 1741 2126">
    <p class='ocr_par' dir='ltr' id='par_1_20' title="bbox 44 2048 1741 2126">
     <span class='ocr_line' id='line_1_20' title="bbox 44 2048 1741 2126; baseline -0.006 -17"><span class='ocrx_word' id='word_1_139' title='bbox 44 2057 346 2126; x_wconf 66' lang='lat' dir='ltr'><strong>praesentis</strong></span> <span class='ocrx_word' id='word_1_140' title='bbox 373 2055 572 2108; x_wconf 68' lang='lat' dir='ltr'><strong>form!!!</strong></span> <span class='ocrx_word' id='word_1_141' title='bbox 613 2054 925 2106; x_wconf 88' lang='lat' dir='ltr'><strong>secundum</strong></span> <span class='ocrx_word' id='word_1_142' title='bbox 957 2051 1234 2120; x_wconf 83' lang='lat' dir='ltr'><strong>originale</strong></span> <span class='ocrx_word' id='word_1_143' title='bbox 1277 2050 1475 2116; x_wconf 89' lang='lat' dir='ltr'><strong>(manu</strong></span> <span class='ocrx_word' id='word_1_144' title='bbox 1509 2048 1741 2119; x_wconf 87' lang='lat' dir='ltr'><strong>propria</strong></span> 
     </span>
    </p>
   </div>
   <div class='ocr_carea' id='block_1_21' title="bbox 46 2135 1739 2214">
    <p class='ocr_par' dir='ltr' id='par_1_21' title="bbox 46 2135 1739 2214">
     <span class='ocr_line' id='line_1_21' title="bbox 46 2135 1739 2214; baseline -0.006 -16"><span class='ocrx_word' id='word_1_145' title='bbox 46 2142 420 2214; x_wconf 85' lang='lat' dir='ltr'><strong>imperatoris</strong></span> <span class='ocrx_word' id='word_1_146' title='bbox 442 2142 497 2196; x_wconf 90' lang='lat' dir='ltr'><strong>S.</strong></span> <span class='ocrx_word' id='word_1_147' title='bbox 541 2140 818 2205; x_wconf 83' lang='lat' dir='ltr'><strong>Heinrici,</strong></span> <span class='ocrx_word' id='word_1_148' title='bbox 849 2147 906 2194; x_wconf 90' lang='lat' dir='ltr'><strong>et</strong></span> <span class='ocrx_word' id='word_1_149' title='bbox 931 2139 1116 2209; x_wconf 88' lang='lat' dir='ltr'><strong>sigi&#39;lo</strong></span> <span class='ocrx_word' id='word_1_150' title='bbox 1145 2138 1329 2192; x_wconf 88' lang='lat' dir='ltr'><strong>isthoc</strong></span> <span class='ocrx_word' id='word_1_151' title='bbox 1354 2153 1517 2190; x_wconf 88' lang='lat' dir='ltr'><strong>cereo</strong></span> <span class='ocrx_word' id='word_1_152' title='bbox 1565 2135 1739 2189; x_wconf 87' lang='lat' dir='ltr'><strong>robo-</strong></span> 
     </span>
    </p>
   </div>
   <div class='ocr_carea' id='block_1_22' title="bbox 43 2225 1740 2296">
    <p class='ocr_par' dir='ltr' id='par_1_22' title="bbox 43 2225 1740 2296">
     <span class='ocr_line' id='line_1_22' title="bbox 43 2225 1740 2296; baseline -0.006 -10"><span class='ocrx_word' id='word_1_153' title='bbox 43 2242 255 2296; x_wconf 78' lang='lat' dir='ltr'><strong>ratum,</strong></span> <span class='ocrx_word' id='word_1_154' title='bbox 301 2230 565 2284; x_wconf 84' lang='lat' dir='ltr'><strong>Calendis</strong></span> <span class='ocrx_word' id='word_1_155' title='bbox 598 2229 931 2284; x_wconf 82' lang='lat' dir='ltr'><strong>Novembris</strong></span> <span class='ocrx_word' id='word_1_156' title='bbox 960 2226 1400 2282; x_wconf 83' lang='lat' dir='ltr'><strong>Frankonofurti</strong></span> <span class='ocrx_word' id='word_1_157' title='bbox 1431 2240 1581 2278; x_wconf 88' lang='lat' dir='ltr'><strong>anno</strong></span> <span class='ocrx_word' id='word_1_158' title='bbox 1636 2225 1740 2278; x_wconf 88' lang='lat' dir='ltr'><strong>Do-</strong></span> 
     </span>
    </p>
   </div>
   <div class='ocr_carea' id='block_1_23' title="bbox 45 2312 1738 2385">
    <p class='ocr_par' dir='ltr' id='par_1_23' title="bbox 45 2312 1738 2385">
     <span class='ocr_line' id='line_1_23' title="bbox 45 2312 1738 2385; baseline -0.007 -9"><span class='ocrx_word' id='word_1_159' title='bbox 45 2322 270 2376; x_wconf 70' lang='lat' dir='ltr'><strong>minicm</strong></span> <span class='ocrx_word' id='word_1_160' title='bbox 307 2317 723 2374; x_wconf 87' lang='lat' dir='ltr'><strong>lncarnationis</strong></span> <span class='ocrx_word' id='word_1_161' title='bbox 753 2333 887 2382; x_wconf 74' lang='lat' dir='ltr'><strong>uvu,</strong></span> <span class='ocrx_word' id='word_1_162' title='bbox 929 2316 1124 2385; x_wconf 78' lang='lat' dir='ltr'><strong>vigore</strong></span> <span class='ocrx_word' id='word_1_163' title='bbox 1146 2315 1332 2384; x_wconf 88' lang='lat' dir='ltr'><strong>cujus,</strong></span> <span class='ocrx_word' id='word_1_164' title='bbox 1359 2319 1424 2367; x_wconf 88' lang='lat' dir='ltr'><strong>ut</strong></span> <span class='ocrx_word' id='word_1_165' title='bbox 1479 2312 1738 2367; x_wconf 84' lang='lat' dir='ltr'><strong>formalia</strong></span> 
     </span>
    </p>
   </div>
   <div class='ocr_carea' id='block_1_24' title="bbox 45 2402 1736 2475">
    <p class='ocr_par' dir='ltr' id='par_1_24' title="bbox 45 2402 1736 2475">
     <span class='ocr_line' id='line_1_24' title="bbox 45 2402 1736 2475; baseline -0.006 -12"><span class='ocrx_word' id='word_1_166' title='bbox 45 2413 219 2463; x_wconf 74' lang='lat' dir='ltr'><strong>latina</strong></span> <span class='ocrx_word' id='word_1_167' title='bbox 293 2413 524 2474; x_wconf 86' lang='lat' dir='ltr'><strong>sonant,</strong></span> <span class='ocrx_word' id='word_1_168' title='bbox 600 2423 716 2460; x_wconf 71' lang='lat' dir='ltr'><strong>suae</strong></span> <span class='ocrx_word' id='word_1_169' title='bbox 797 2413 1050 2475; x_wconf 67' lang='lat' dir='ltr'><strong>paterna:</strong></span> <span class='ocrx_word' id='word_1_170' title='bbox 1122 2402 1456 2457; x_wconf 85' lang='lat' dir='ltr'><strong>hereditatis</strong></span> <span class='ocrx_word' id='word_1_171' title='bbox 1524 2402 1736 2467; x_wconf 87' lang='lat' dir='ltr'><strong>locum,</strong></span> 
     </span>
    </p>
   </div>
   <div class='ocr_carea' id='block_1_25' title="bbox 47 2491 1740 2563">
    <p class='ocr_par' dir='ltr' id='par_1_25' title="bbox 47 2491 1740 2563">
     <span class='ocr_line' id='line_1_25' title="bbox 47 2491 1740 2563; baseline -0.006 -11"><span class='ocrx_word' id='word_1_172' title='bbox 47 2499 377 2553; x_wconf 80' lang='lat' dir='ltr'><strong>Bahenberc</strong></span> <span class='ocrx_word' id='word_1_173' title='bbox 399 2497 638 2558; x_wconf 85' lang='lat' dir='ltr'><strong>dictum,</strong></span> <span class='ocrx_word' id='word_1_174' title='bbox 669 2495 1062 2549; x_wconf 84' lang='lat' dir='ltr'><strong>consentiente</strong></span> <span class='ocrx_word' id='word_1_175' title='bbox 1119 2497 1288 2563; x_wconf 88' lang='lat' dir='ltr'><strong>atque</strong></span> <span class='ocrx_word' id='word_1_176' title='bbox 1335 2496 1568 2561; x_wconf 80' lang='lat' dir='ltr'><strong>rogante</strong></span> <span class='ocrx_word' id='word_1_177' title='bbox 1592 2491 1740 2545; x_wconf 90' lang='lat' dir='ltr'><strong>dile-</strong></span> 
     </span>
    </p>
   </div>
   <div class='ocr_carea' id='block_1_26' title="bbox 44 2578 1745 2654">
    <p class='ocr_par' dir='ltr' id='par_1_26' title="bbox 44 2578 1745 2654">
     <span class='ocr_line' id='line_1_26' title="bbox 44 2578 1745 2654; baseline -0.005 -16"><span class='ocrx_word' id='word_1_178' title='bbox 44 2588 296 2640; x_wconf 80' lang='lat' dir='ltr'><strong>ctissima</strong></span> <span class='ocrx_word' id='word_1_179' title='bbox 328 2585 577 2654; x_wconf 77' lang='lat' dir='ltr'><strong>conjuge</strong></span> <span class='ocrx_word' id='word_1_180' title='bbox 609 2599 709 2636; x_wconf 91' lang='lat' dir='ltr'><strong>sua</strong></span> <span class='ocrx_word' id='word_1_181' title='bbox 738 2581 1120 2649; x_wconf 83' lang='lat' dir='ltr'><strong>Chunignnda</strong></span> <span class='ocrx_word' id='word_1_182' title='bbox 1164 2579 1386 2649; x_wconf 89' lang='lat' dir='ltr'><strong>regina,</strong></span> <span class='ocrx_word' id='word_1_183' title='bbox 1445 2578 1503 2632; x_wconf 90' lang='lat' dir='ltr'><strong>in</strong></span> <span class='ocrx_word' id='word_1_184' title='bbox 1553 2578 1745 2631; x_wconf 81' lang='lat' dir='ltr'><strong>sedem</strong></span> 
     </span>
    </p>
   </div>
   <div class='ocr_carea' id='block_1_27' title="bbox 47 2666 1746 2742">
    <p class='ocr_par' dir='ltr' id='par_1_27' title="bbox 47 2666 1746 2742">
     <span class='ocr_line' id='line_1_27' title="bbox 47 2666 1746 2742; baseline -0.005 -17"><span class='ocrx_word' id='word_1_185' title='bbox 47 2685 96 2727; x_wconf 75' lang='lat' dir='ltr'><strong>et</strong></span> <span class='ocrx_word' id='word_1_186' title='bbox 119 2677 359 2728; x_wconf 88' lang='lat' dir='ltr'><strong>culmen</strong></span> <span class='ocrx_word' id='word_1_187' title='bbox 388 2673 756 2742; x_wconf 87' lang='lat' dir='ltr'><strong>episcopatus</strong></span> <span class='ocrx_word' id='word_1_188' title='bbox 785 2669 1146 2724; x_wconf 79' lang='lat' dir='ltr'><strong>sublimanda</strong></span> <span class='ocrx_word' id='word_1_189' title='bbox 1173 2667 1452 2738; x_wconf 83' lang='lat' dir='ltr'><strong>provexit)</strong></span> <span class='ocrx_word' id='word_1_190' title='bbox 1501 2666 1746 2720; x_wconf 81' lang='lat' dir='ltr'><strong>ﬁdeliter</strong></span> 
     </span>
    </p>
   </div>
   <div class='ocr_carea' id='block_1_28' title="bbox 49 2753 1743 2825">
    <p class='ocr_par' dir='ltr' id='par_1_28' title="bbox 49 2753 1743 2825">
     <span class='ocr_line' id='line_1_28' title="bbox 49 2753 1743 2825; baseline -0.006 -9"><span class='ocrx_word' id='word_1_191' title='bbox 49 2760 482 2816; x_wconf 85' lang='lat' dir='ltr'><strong>delineaverim.</strong></span> <span class='ocrx_word' id='word_1_192' title='bbox 517 2779 545 2809; x_wconf 75' lang='grc' dir='ltr'><strong>ι)</strong></span> <span class='ocrx_word' id='word_1_193' title='bbox 576 2758 672 2812; x_wconf 84' lang='lat' dir='ltr'><strong>Est</strong></span> <span class='ocrx_word' id='word_1_194' title='bbox 704 2763 894 2811; x_wconf 88' lang='lat' dir='ltr'><strong>autem</strong></span> <span class='ocrx_word' id='word_1_195' title='bbox 925 2757 1176 2825; x_wconf 89' lang='lat' dir='ltr'><strong>sigillum</strong></span> <span class='ocrx_word' id='word_1_196' title='bbox 1209 2755 1265 2809; x_wconf 92' lang='lat' dir='ltr'><strong>S.</strong></span> <span class='ocrx_word' id='word_1_197' title='bbox 1303 2753 1528 2808; x_wconf 86' lang='lat' dir='ltr'><strong>Henrici</strong></span> <span class='ocrx_word' id='word_1_198' title='bbox 1559 2754 1743 2806; x_wconf 84' lang='lat' dir='ltr'><strong>forma</strong></span> 
     </span>
    </p>
   </div>
   <div class='ocr_carea' id='block_1_29' title="bbox 53 2843 1750 2922">
    <p class='ocr_par' dir='ltr' id='par_1_29' title="bbox 53 2843 1750 2922">
     <span class='ocr_line' id='line_1_29' title="bbox 53 2843 1750 2922; baseline -0.008 -13"><span class='ocrx_word' id='word_1_199' title='bbox 53 2853 313 2908; x_wconf 87' lang='lat' dir='ltr'><strong>nonnihil</strong></span> <span class='ocrx_word' id='word_1_200' title='bbox 348 2867 381 2904; x_wconf 90' lang='lat' dir='ltr'><strong>a</strong></span> <span class='ocrx_word' id='word_1_201' title='bbox 431 2849 612 2922; x_wconf 87' lang='lat' dir='ltr'><strong>priori</strong></span> <span class='ocrx_word' id='word_1_202' title='bbox 665 2849 902 2908; x_wconf 85' lang='lat' dir='ltr'><strong>diversa.</strong></span> <span class='ocrx_word' id='word_1_203' title='bbox 966 2848 1022 2901; x_wconf 91' lang='lat' dir='ltr'><strong>in</strong></span> <span class='ocrx_word' id='word_1_204' title='bbox 1052 2847 1202 2900; x_wconf 90' lang='lat' dir='ltr'><strong>hunc</strong></span> <span class='ocrx_word' id='word_1_205' title='bbox 1242 2845 1474 2900; x_wconf 91' lang='lat' dir='ltr'><strong>modum</strong></span> <span class='ocrx_word' id='word_1_206' title='bbox 1523 2843 1750 2908; x_wconf 70' lang='lat' dir='ltr'><strong>ettigia-</strong></span> 
     </span>
    </p>
   </div>
   <div class='ocr_carea' id='block_1_30' title="bbox 53 2951 219 2998">
    <p class='ocr_par' dir='ltr' id='par_1_30' title="bbox 53 2951 219 2998">
     <span class='ocr_line' id='line_1_30' title="bbox 53 2951 219 2998; baseline 0 -2"><span class='ocrx_word' id='word_1_207' title='bbox 53 2951 168 2998; x_wconf 84' lang='lat' dir='ltr'><strong>tum</strong></span> <span class='ocrx_word' id='word_1_208' title='bbox 204 2959 219 2996; x_wconf 91' lang='lat'>:</span> 
     </span>
    </p>
   </div>
   <div class='ocr_carea' id='block_1_31' title="bbox 303 3292 1525 4502">
    <p class='ocr_par' dir='ltr' id='par_1_31' title="bbox 309 3374 1519 4498">
     <span class='ocr_line' id='line_1_31' title="bbox 309 3374 1430 3862; baseline 0.008 -56"><span class='ocrx_word' id='word_1_209' title='bbox 309 3396 610 3862; x_wconf 29' lang='lat' dir='ltr'><strong>(si?</strong></span> <span class='ocrx_word' id='word_1_210' title='bbox 668 3675 726 3793; x_wconf 53' lang='grc' dir='ltr'><strong>εί</strong></span> 
     </span>
     <span class='ocr_line' id='line_1_32' title="bbox 407 3741 1519 4003; baseline -0.025 -13"><span class='ocrx_word' id='word_1_211' title='bbox 407 3807 498 3936; x_wconf 42' lang='grc' dir='ltr'><strong>δ’</strong></span> <span class='ocrx_word' id='word_1_212' title='bbox 814 3762 1130 4003; x_wconf 35' lang='grc' dir='ltr'><strong>λθ]</strong></span> <span class='ocrx_word' id='word_1_213' title='bbox 1341 3793 1434 3967; x_wconf 65' lang='grc' dir='ltr'>ἓ</span> <span class='ocrx_word' id='word_1_214' title='bbox 1507 3911 1519 3968; x_wconf 67' lang='grc' dir='ltr'><em>ι</em></span> 
     </span>
     <span class='ocr_line' id='line_1_33' title="bbox 309 3416 1437 4424; baseline -0.038 -414"><span class='ocrx_word' id='word_1_215' title='bbox 309 3416 1437 4424; x_wconf 42' lang='grc' dir='ltr'>ι</span> 
     </span>
     <span class='ocr_line' id='line_1_34' title="bbox 329 3973 1513 4498; baseline -0.038 20"><span class='ocrx_word' id='word_1_216' title='bbox 329 3973 1513 4498; x_wconf 71' lang='lat'>\</span> 
     </span>
    </p>
   </div>
   <div class='ocr_carea' id='block_1_32' title="bbox 1849 554 3545 619">
    <p class='ocr_par' dir='ltr' id='par_1_32' title="bbox 1849 554 3545 619">
     <span class='ocr_line' id='line_1_35' title="bbox 1849 554 3545 619; baseline -0.001 -11"><span class='ocrx_word' id='word_1_217' title='bbox 1849 555 1918 608; x_wconf 93' lang='lat' dir='ltr'><strong>de</strong></span> <span class='ocrx_word' id='word_1_218' title='bbox 1943 556 2191 609; x_wconf 78' lang='lat' dir='ltr'><strong>Annales</strong></span> <span class='ocrx_word' id='word_1_219' title='bbox 2227 555 2451 610; x_wconf 90' lang='lat' dir='ltr'><strong>Baronii</strong></span> <span class='ocrx_word' id='word_1_220' title='bbox 2482 554 2552 609; x_wconf 90' lang='lat' dir='ltr'><strong>ad</strong></span> <span class='ocrx_word' id='word_1_221' title='bbox 2585 569 2803 609; x_wconf 90' lang='lat' dir='ltr'><strong>annum</strong></span> <span class='ocrx_word' id='word_1_222' title='bbox 2858 554 3015 619; x_wconf 75' lang='grc'><strong>1053,</strong></span> <span class='ocrx_word' id='word_1_223' title='bbox 3069 567 3314 608; x_wconf 89' lang='lat' dir='ltr'><strong>numero</strong></span> <span class='ocrx_word' id='word_1_224' title='bbox 3378 556 3427 619; x_wconf 80' lang='lat' dir='ltr'><strong>i,</strong></span> <span class='ocrx_word' id='word_1_225' title='bbox 3479 557 3545 606; x_wconf 88' lang='lat' dir='ltr'><strong>ut</strong></span> 
     </span>
    </p>
   </div>
   <div class='ocr_carea' id='block_1_33' title="bbox 1846 643 2870 715">
    <p class='ocr_par' dir='ltr' id='par_1_33' title="bbox 1846 643 2870 715">
     <span class='ocr_line' id='line_1_36' title="bbox 1846 643 2870 715; baseline -0.001 -19"><span class='ocrx_word' id='word_1_226' title='bbox 1846 643 1965 697; x_wconf 62' lang='lat' dir='ltr'><strong>haec</strong></span> <span class='ocrx_word' id='word_1_227' title='bbox 1996 644 2161 698; x_wconf 82' lang='lat' dir='ltr'><strong>facile</strong></span> <span class='ocrx_word' id='word_1_228' title='bbox 2194 643 2484 715; x_wconf 60' lang='lat' dir='ltr'><strong>praeteriri</strong></span> <span class='ocrx_word' id='word_1_229' title='bbox 2514 643 2605 698; x_wconf 86' lang='lat' dir='ltr'><strong>hic</strong></span> <span class='ocrx_word' id='word_1_230' title='bbox 2628 643 2870 714; x_wconf 87' lang='lat' dir='ltr'><strong>possint.</strong></span> 
     </span>
    </p>
   </div>
   <div class='ocr_carea' id='block_1_34' title="bbox 1850 747 3544 820">
    <p class='ocr_par' dir='ltr' id='par_1_34' title="bbox 1850 747 3544 820">
     <span class='ocr_line' id='line_1_37' title="bbox 1850 747 3544 820; baseline -0.002 -15"><span class='ocrx_word' id='word_1_231' title='bbox 1850 751 2208 812; x_wconf 77' lang='lat' dir='ltr'><strong>Conﬁrmalio</strong></span> <span class='ocrx_word' id='word_1_232' title='bbox 2266 752 2685 820; x_wconf 81' lang='lat' dir='ltr'><strong>privilegiorum</strong></span> <span class='ocrx_word' id='word_1_233' title='bbox 2751 750 2978 803; x_wconf 67' lang='lat' dir='ltr'><strong>ecclesia:</strong></span> <span class='ocrx_word' id='word_1_234' title='bbox 3029 747 3438 820; x_wconf 82' lang='lat' dir='ltr'><strong>Bambergensis</strong></span> <span class='ocrx_word' id='word_1_235' title='bbox 3510 763 3544 800; x_wconf 90' lang='lat' dir='ltr'><strong>a</strong></span> 
     </span>
    </p>
   </div>
   <div class='ocr_carea' id='block_1_35' title="bbox 1919 819 3540 962">
    <p class='ocr_par' dir='ltr' id='par_1_35' title="bbox 1919 819 3540 962">
     <span class='ocr_line' id='line_1_38' title="bbox 1919 819 3540 962; baseline -0.001 -88"><span class='ocrx_word' id='word_1_236' title='bbox 1919 821 2215 962; x_wconf 42' lang='lat' dir='ltr'><strong>appetitam</strong></span> <span class='ocrx_word' id='word_1_237' title='bbox 2268 819 2418 876; x_wconf 30' lang='lat' dir='ltr'><strong>’Vlll</strong></span> <span class='ocrx_word' id='word_1_238' title='bbox 2490 836 2694 875; x_wconf 85' lang='lat' dir='ltr'><strong>summa</strong></span> <span class='ocrx_word' id='word_1_239' title='bbox 2750 822 3028 888; x_wconf 79' lang='lat' dir='ltr'><strong>Pontiﬁce.</strong></span> <span class='ocrx_word' id='word_1_240' title='bbox 3107 819 3384 889; x_wconf 58' lang='lat' dir='ltr'><strong>Legenda;</strong></span> <span class='ocrx_word' id='word_1_241' title='bbox 3448 833 3540 872; x_wconf 87' lang='lat' dir='ltr'><strong>ca-</strong></span> 
     </span>
    </p>
   </div>
   <div class='ocr_carea' id='block_1_36' title="bbox 1919 995 3543 1061">
    <p class='ocr_par' dir='ltr' id='par_1_36' title="bbox 1919 995 3543 1061">
     <span class='ocr_line' id='line_1_39' title="bbox 1919 995 3543 1061; baseline -0.001 -11"><span class='ocrx_word' id='word_1_242' title='bbox 1919 999 2034 1052; x_wconf 87' lang='lat'><strong>6-9.</strong></span> <span class='ocrx_word' id='word_1_243' title='bbox 2067 997 2403 1051; x_wconf 79' lang='lat' dir='ltr'><strong>Benedictus</strong></span> <span class='ocrx_word' id='word_1_244' title='bbox 2431 1012 2626 1050; x_wconf 88' lang='lat' dir='ltr'><strong>servus</strong></span> <span class='ocrx_word' id='word_1_245' title='bbox 2657 1011 2955 1050; x_wconf 89' lang='lat' dir='ltr'><strong>servorum</strong></span> <span class='ocrx_word' id='word_1_246' title='bbox 3002 995 3123 1061; x_wconf 87' lang='lat' dir='ltr'><strong>Dei,</strong></span> <span class='ocrx_word' id='word_1_247' title='bbox 3174 995 3543 1049; x_wconf 87' lang='lat' dir='ltr'><strong>dilectissimo</strong></span> 
     </span>
    </p>
   </div>
   <div class='ocr_carea' id='block_1_37' title="bbox 1839 1083 3545 1156">
    <p class='ocr_par' dir='ltr' id='par_1_37' title="bbox 1839 1083 3545 1156">
     <span class='ocr_line' id='line_1_40' title="bbox 1839 1083 3545 1156; baseline 0.001 -21"><span class='ocrx_word' id='word_1_248' title='bbox 1839 1085 1956 1139; x_wconf 82' lang='lat' dir='ltr'><strong>sibi</strong></span> <span class='ocrx_word' id='word_1_249' title='bbox 1977 1085 2035 1139; x_wconf 91' lang='lat' dir='ltr'><strong>in</strong></span> <span class='ocrx_word' id='word_1_250' title='bbox 2059 1085 2286 1140; x_wconf 86' lang='lat' dir='ltr'><strong>Christo</strong></span> <span class='ocrx_word' id='word_1_251' title='bbox 2316 1101 2544 1156; x_wconf 86' lang='lat' dir='ltr'><strong>semper</strong></span> <span class='ocrx_word' id='word_1_252' title='bbox 2572 1084 2836 1151; x_wconf 89' lang='lat' dir='ltr'><strong>Domino,</strong></span> <span class='ocrx_word' id='word_1_253' title='bbox 2873 1089 2930 1139; x_wconf 93' lang='lat' dir='ltr'><strong>et</strong></span> <span class='ocrx_word' id='word_1_254' title='bbox 2979 1083 3346 1138; x_wconf 87' lang='lat' dir='ltr'><strong>serenissimo</strong></span> <span class='ocrx_word' id='word_1_255' title='bbox 3403 1083 3545 1152; x_wconf 78' lang='lat' dir='ltr'><strong>Regi</strong></span> 
     </span>
    </p>
   </div>
   <div class='ocr_carea' id='block_1_38' title="bbox 1849 1158 3540 1242">
    <p class='ocr_par' dir='ltr' id='par_1_38' title="bbox 1849 1158 3540 1242">
     <span class='ocr_line' id='line_1_41' title="bbox 1849 1158 3540 1242; baseline -0.001 -16"><span class='ocrx_word' id='word_1_256' title='bbox 1849 1173 2112 1227; x_wconf 86' lang='lat' dir='ltr'><strong>lleinrico</strong></span> <span class='ocrx_word' id='word_1_257' title='bbox 2175 1189 2209 1226; x_wconf 89' lang='lat' dir='ltr'><strong>a</strong></span> <span class='ocrx_word' id='word_1_258' title='bbox 2272 1173 2386 1226; x_wconf 91' lang='lat' dir='ltr'><strong>Deo</strong></span> <span class='ocrx_word' id='word_1_259' title='bbox 2445 1176 2742 1236; x_wconf 83' lang='lat' dir='ltr'><strong>coronato,</strong></span> <span class='ocrx_word' id='word_1_260' title='bbox 2824 1187 3044 1242; x_wconf 89' lang='lat' dir='ltr'><strong>suoque</strong></span> <span class='ocrx_word' id='word_1_261' title='bbox 3097 1171 3340 1242; x_wconf 88' lang='lat' dir='ltr'><strong>spiritali</strong></span> <span class='ocrx_word' id='word_1_262' title='bbox 3379 1158 3540 1236; x_wconf 77' lang='lat' dir='ltr'><strong>lilio,</strong></span> 
     </span>
    </p>
   </div>
   <div class='ocr_carea' id='block_1_39' title="bbox 1848 1261 3540 1332">
    <p class='ocr_par' dir='ltr' id='par_1_39' title="bbox 1848 1261 3540 1332">
     <span class='ocr_line' id='line_1_42' title="bbox 1848 1261 3540 1332; baseline -0.001 -17"><span class='ocrx_word' id='word_1_263' title='bbox 1848 1261 2173 1315; x_wconf 88' lang='lat' dir='ltr'><strong>Eberhardo</strong></span> <span class='ocrx_word' id='word_1_264' title='bbox 2203 1277 2435 1332; x_wconf 88' lang='lat' dir='ltr'><strong>quoque</strong></span> <span class='ocrx_word' id='word_1_265' title='bbox 2463 1261 2734 1315; x_wconf 86' lang='lat' dir='ltr'><strong>confratri</strong></span> <span class='ocrx_word' id='word_1_266' title='bbox 2756 1265 2812 1314; x_wconf 93' lang='lat' dir='ltr'><strong>et</strong></span> <span class='ocrx_word' id='word_1_267' title='bbox 2828 1261 3096 1330; x_wconf 89' lang='lat' dir='ltr'><strong>episcopo</strong></span> <span class='ocrx_word' id='word_1_268' title='bbox 3155 1276 3283 1325; x_wconf 90' lang='lat' dir='ltr'><strong>suo,</strong></span> <span class='ocrx_word' id='word_1_269' title='bbox 3330 1265 3540 1314; x_wconf 75' lang='lat' dir='ltr'><strong>sanctte</strong></span> 
     </span>
    </p>
   </div>
   <div class='ocr_carea' id='block_1_40' title="bbox 1845 1348 3540 1419">
    <p class='ocr_par' dir='ltr' id='par_1_40' title="bbox 1845 1348 3540 1419">
     <span class='ocr_line' id='line_1_43' title="bbox 1845 1348 3540 1419; baseline 0.001 -18"><span class='ocrx_word' id='word_1_270' title='bbox 1845 1349 2110 1404; x_wconf 78' lang='lat' dir='ltr'><strong>videlicet</strong></span> <span class='ocrx_word' id='word_1_271' title='bbox 2131 1349 2618 1419; x_wconf 82' lang='lat' dir='ltr'><strong>Babenbergensis</strong></span> <span class='ocrx_word' id='word_1_272' title='bbox 2659 1350 2910 1403; x_wconf 52' lang='lat' dir='ltr'><strong>ecclesia!</strong></span> <span class='ocrx_word' id='word_1_273' title='bbox 2951 1348 3263 1402; x_wconf 84' lang='lat' dir='ltr'><strong>venerabili</strong></span> <span class='ocrx_word' id='word_1_274' title='bbox 3320 1348 3540 1418; x_wconf 89' lang='lat' dir='ltr'><strong>episco-</strong></span> 
     </span>
    </p>
   </div>
   <div class='ocr_carea' id='block_1_41' title="bbox 1848 1436 3541 1508">
    <p class='ocr_par' dir='ltr' id='par_1_41' title="bbox 1848 1436 3541 1508">
     <span class='ocr_line' id='line_1_44' title="bbox 1848 1436 3541 1508; baseline -0.001 -16"><span class='ocrx_word' id='word_1_275' title='bbox 1848 1454 1920 1508; x_wconf 92' lang='lat' dir='ltr'><strong>po</strong></span> <span class='ocrx_word' id='word_1_276' title='bbox 1950 1443 2221 1492; x_wconf 66' lang='lat' dir='ltr'><strong>aaternam</strong></span> <span class='ocrx_word' id='word_1_277' title='bbox 2255 1437 2314 1491; x_wconf 91' lang='lat' dir='ltr'><strong>in</strong></span> <span class='ocrx_word' id='word_1_278' title='bbox 2347 1438 2589 1492; x_wconf 91' lang='lat' dir='ltr'><strong>Domino</strong></span> <span class='ocrx_word' id='word_1_279' title='bbox 2620 1438 2885 1505; x_wconf 89' lang='lat' dir='ltr'><strong>salutem,</strong></span> <span class='ocrx_word' id='word_1_280' title='bbox 2920 1441 2977 1491; x_wconf 87' lang='lat' dir='ltr'><strong>et</strong></span> <span class='ocrx_word' id='word_1_281' title='bbox 2999 1437 3384 1508; x_wconf 84' lang='lat' dir='ltr'><strong>Apostolicam</strong></span> <span class='ocrx_word' id='word_1_282' title='bbox 3441 1436 3541 1490; x_wconf 89' lang='lat' dir='ltr'><strong>be-</strong></span> 
     </span>
    </p>
   </div>
   <div class='ocr_carea' id='block_1_42' title="bbox 1846 1524 3541 1593">
    <p class='ocr_par' dir='ltr' id='par_1_42' title="bbox 1846 1524 3541 1593">
     <span class='ocr_line' id='line_1_45' title="bbox 1846 1524 3541 1593; baseline -0.002 -12"><span class='ocrx_word' id='word_1_283' title='bbox 1846 1525 2257 1581; x_wconf 87' lang='lat' dir='ltr'><strong>nedictionem.</strong></span> <span class='ocrx_word' id='word_1_284' title='bbox 2306 1527 2460 1580; x_wconf 89' lang='lat' dir='ltr'><strong>Inter</strong></span> <span class='ocrx_word' id='word_1_285' title='bbox 2489 1525 2777 1580; x_wconf 89' lang='lat' dir='ltr'><strong>omnia....</strong></span> <span class='ocrx_word' id='word_1_286' title='bbox 2834 1527 3068 1593; x_wconf 82' lang='lat' dir='ltr'><strong>Reliqua</strong></span> <span class='ocrx_word' id='word_1_287' title='bbox 3113 1524 3238 1580; x_wconf 79' lang='lat' dir='ltr'><strong>vide</strong></span> <span class='ocrx_word' id='word_1_288' title='bbox 3267 1524 3418 1593; x_wconf 84' lang='lat' dir='ltr'><strong>apud</strong></span> <span class='ocrx_word' id='word_1_289' title='bbox 3445 1539 3541 1578; x_wconf 86' lang='lat' dir='ltr'><strong>nos</strong></span> 
     </span>
    </p>
   </div>
   <div class='ocr_carea' id='block_1_43' title="bbox 1848 1612 2828 1668">
    <p class='ocr_par' dir='ltr' id='par_1_43' title="bbox 1848 1612 2828 1668">
     <span class='ocr_line' id='line_1_46' title="bbox 1848 1612 2828 1668; baseline -0.002 -1"><span class='ocrx_word' id='word_1_290' title='bbox 1848 1616 1906 1667; x_wconf 88' lang='lat' dir='ltr'><strong>in</strong></span> <span class='ocrx_word' id='word_1_291' title='bbox 1926 1613 2208 1668; x_wconf 86' lang='lat' dir='ltr'><strong>Benedicto</strong></span> <span class='ocrx_word' id='word_1_292' title='bbox 2242 1613 2388 1667; x_wconf 83' lang='lat' dir='ltr'><strong>VIII.</strong></span> <span class='ocrx_word' id='word_1_293' title='bbox 2425 1612 2571 1666; x_wconf 75' lang='lat' dir='ltr'><strong>Eutr.</strong></span> <span class='ocrx_word' id='word_1_294' title='bbox 2597 1613 2828 1667; x_wconf 73' lang='grc' dir='ltr'><strong>ΡΑτιιοι.</strong></span> 
     </span>
    </p>
   </div>
   <div class='ocr_carea' id='block_1_44' title="bbox 1849 1717 3544 1787">
    <p class='ocr_par' dir='ltr' id='par_1_44' title="bbox 1849 1717 3544 1787">
     <span class='ocr_line' id='line_1_47' title="bbox 1849 1717 3544 1787; baseline -0.001 -15"><span class='ocrx_word' id='word_1_295' title='bbox 1849 1719 2067 1773; x_wconf 61' lang='lat' dir='ltr'><strong>Littera</strong></span> <span class='ocrx_word' id='word_1_296' title='bbox 2130 1717 2406 1772; x_wconf 80' lang='lat' dir='ltr'><strong>Benedicti</strong></span> <span class='ocrx_word' id='word_1_297' title='bbox 2465 1719 2638 1787; x_wconf 66' lang='lat' dir='ltr'><strong>Papz</strong></span> <span class='ocrx_word' id='word_1_298' title='bbox 2710 1717 2785 1771; x_wconf 89' lang='lat' dir='ltr'><strong>ad</strong></span> <span class='ocrx_word' id='word_1_299' title='bbox 2863 1717 3253 1772; x_wconf 83' lang='lat' dir='ltr'><strong>Eberhardum</strong></span> <span class='ocrx_word' id='word_1_300' title='bbox 3305 1719 3544 1786; x_wconf 82' lang='lat' dir='ltr'><strong>primum</strong></span> 
     </span>
    </p>
   </div>
   <div class='ocr_carea' id='block_1_45' title="bbox 1922 1787 3544 1913">
    <p class='ocr_par' dir='ltr' id='par_1_45' title="bbox 1922 1787 3544 1913">
     <span class='ocr_line' id='line_1_48' title="bbox 1922 1787 3544 1913; baseline -0.001 -70"><span class='ocrx_word' id='word_1_301' title='bbox 1922 1791 2151 1913; x_wconf 47' lang='lat' dir='ltr'><strong>cocleam</strong></span> <span class='ocrx_word' id='word_1_302' title='bbox 2227 1789 2635 1856; x_wconf 80' lang='lat' dir='ltr'><strong>Bambergensis</strong></span> <span class='ocrx_word' id='word_1_303' title='bbox 2705 1791 3030 1857; x_wconf 85' lang='lat' dir='ltr'><strong>cpiscOpum.</strong></span> <span class='ocrx_word' id='word_1_304' title='bbox 3096 1787 3373 1858; x_wconf 69' lang='lat' dir='ltr'><strong>Legenda:</strong></span> <span class='ocrx_word' id='word_1_305' title='bbox 3448 1804 3544 1842; x_wconf 80' lang='lat' dir='ltr'><strong>ca-</strong></span> 
     </span>
     <span class='ocr_line' id='line_1_49' title="bbox 1922 1863 2144 1913; baseline -0.005 0"><span class='ocrx_word' id='word_1_306' title='bbox 1922 1875 1998 1913; x_wconf 85' lang='lat' dir='ltr'><strong>nu</strong></span> <span class='ocrx_word' id='word_1_307' title='bbox 2095 1863 2144 1912; x_wconf 80' lang='lat'><strong>5.</strong></span> 
     </span>
    </p>
   </div>
   <div class='ocr_carea' id='block_1_46' title="bbox 1919 1875 2144 1930">
    <p class='ocr_par' dir='ltr' id='par_1_46' title="bbox 1919 1875 2144 1930">
     <span class='ocr_line' id='line_1_50' title="bbox 1919 1875 2144 1930; baseline -0.004 -17"><span class='ocrx_word' id='word_1_308' title='bbox 1919 1875 2027 1930; x_wconf 78' lang='lat' dir='ltr'><strong>put</strong></span> <span class='ocrx_word' id='word_1_309' title='bbox 2056 1875 2144 1913; x_wconf 70' lang='lat'><strong>2;).</strong></span> 
     </span>
    </p>
   </div>
   <div class='ocr_carea' id='block_1_47' title="bbox 1925 1963 3543 2036">
    <p class='ocr_par' dir='ltr' id='par_1_47' title="bbox 1925 1963 3543 2036">
     <span class='ocr_line' id='line_1_51' title="bbox 1925 1963 3543 2036; baseline -0.001 -16"><span class='ocrx_word' id='word_1_310' title='bbox 1925 1969 2110 2020; x_wconf 80' lang='lat' dir='ltr'><strong>lO-l2.</strong></span> <span class='ocrx_word' id='word_1_311' title='bbox 2170 1964 2494 2019; x_wconf 87' lang='lat' dir='ltr'><strong>Eberhardo</strong></span> <span class='ocrx_word' id='word_1_312' title='bbox 2548 1963 2738 2035; x_wconf 91' lang='lat' dir='ltr'><strong>primo</strong></span> <span class='ocrx_word' id='word_1_313' title='bbox 2769 1980 3002 2036; x_wconf 90' lang='lat' dir='ltr'><strong>quoque</strong></span> <span class='ocrx_word' id='word_1_314' title='bbox 3059 1963 3543 2034; x_wconf 86' lang='lat' dir='ltr'><strong>Babenbergensis</strong></span> 
     </span>
    </p>
   </div>
   <div class='ocr_carea' id='block_1_48' title="bbox 1849 2053 3544 2125">
    <p class='ocr_par' dir='ltr' id='par_1_48' title="bbox 1849 2053 3544 2125">
     <span class='ocr_line' id='line_1_52' title="bbox 1849 2053 3544 2125; baseline -0.001 -17"><span class='ocrx_word' id='word_1_315' title='bbox 1849 2055 2099 2108; x_wconf 66' lang='lat' dir='ltr'><strong>ecclesiae</strong></span> <span class='ocrx_word' id='word_1_316' title='bbox 2137 2054 2406 2125; x_wconf 83' lang='lat' dir='ltr'><strong>episcOpo</strong></span> <span class='ocrx_word' id='word_1_317' title='bbox 2438 2053 2592 2107; x_wconf 88' lang='lat' dir='ltr'><strong>idem</strong></span> <span class='ocrx_word' id='word_1_318' title='bbox 2624 2054 2776 2124; x_wconf 85' lang='lat' dir='ltr'><strong>Papa</strong></span> <span class='ocrx_word' id='word_1_319' title='bbox 2798 2053 3137 2107; x_wconf 87' lang='lat' dir='ltr'><strong>Benedictus</strong></span> <span class='ocrx_word' id='word_1_320' title='bbox 3171 2053 3400 2122; x_wconf 86' lang='lat' dir='ltr'><strong>scripsit</strong></span> <span class='ocrx_word' id='word_1_321' title='bbox 3428 2053 3544 2122; x_wconf 89' lang='lat' dir='ltr'><strong>epi-</strong></span> 
     </span>
    </p>
   </div>
   <div class='ocr_carea' id='block_1_49' title="bbox 1851 2138 3548 2212">
    <p class='ocr_par' dir='ltr' id='par_1_49' title="bbox 1851 2138 3548 2212">
     <span class='ocr_line' id='line_1_53' title="bbox 1851 2138 3548 2212; baseline -0.001 -17"><span class='ocrx_word' id='word_1_322' title='bbox 1851 2142 2057 2196; x_wconf 89' lang='lat' dir='ltr'><strong>stolam</strong></span> <span class='ocrx_word' id='word_1_323' title='bbox 2089 2141 2158 2195; x_wconf 92' lang='lat' dir='ltr'><strong>de</strong></span> <span class='ocrx_word' id='word_1_324' title='bbox 2188 2140 2625 2196; x_wconf 79' lang='lat' dir='ltr'><strong>conﬁrmatione</strong></span> <span class='ocrx_word' id='word_1_325' title='bbox 2657 2142 2914 2210; x_wconf 88' lang='lat' dir='ltr'><strong>ejusdem</strong></span> <span class='ocrx_word' id='word_1_326' title='bbox 2943 2140 3216 2212; x_wconf 89' lang='lat' dir='ltr'><strong>episcopi,</strong></span> <span class='ocrx_word' id='word_1_327' title='bbox 3276 2139 3338 2194; x_wconf 90' lang='lat' dir='ltr'><strong>in</strong></span> <span class='ocrx_word' id='word_1_328' title='bbox 3394 2138 3548 2193; x_wconf 91' lang='lat' dir='ltr'><strong>hunc</strong></span> 
     </span>
    </p>
   </div>
   <div class='ocr_carea' id='block_1_50' title="bbox 1850 2229 3547 2300">
    <p class='ocr_par' dir='ltr' id='par_1_50' title="bbox 1850 2229 3547 2300">
     <span class='ocr_line' id='line_1_54' title="bbox 1850 2229 3547 2300; baseline -0.001 -16"><span class='ocrx_word' id='word_1_329' title='bbox 1850 2230 2108 2285; x_wconf 90' lang='lat' dir='ltr'><strong>modum.</strong></span> <span class='ocrx_word' id='word_1_330' title='bbox 2173 2253 2196 2278; x_wconf 77' lang='grc' dir='ltr'>ι</span> <span class='ocrx_word' id='word_1_331' title='bbox 2235 2230 2572 2284; x_wconf 87' lang='lat' dir='ltr'><strong>Benedictus</strong></span> <span class='ocrx_word' id='word_1_332' title='bbox 2622 2229 2934 2300; x_wconf 84' lang='lat' dir='ltr'><strong>Episcopus</strong></span> <span class='ocrx_word' id='word_1_333' title='bbox 2993 2245 3191 2283; x_wconf 87' lang='lat' dir='ltr'><strong>servus</strong></span> <span class='ocrx_word' id='word_1_334' title='bbox 3250 2245 3547 2283; x_wconf 91' lang='lat' dir='ltr'><strong>servorum</strong></span> 
     </span>
    </p>
   </div>
   <div class='ocr_carea' id='block_1_51' title="bbox 1853 2318 3546 2386">
    <p class='ocr_par' dir='ltr' id='par_1_51' title="bbox 1853 2318 3546 2386">
     <span class='ocr_line' id='line_1_55' title="bbox 1853 2318 3546 2386; baseline -0.001 -13"><span class='ocrx_word' id='word_1_335' title='bbox 1853 2319 1975 2382; x_wconf 85' lang='lat' dir='ltr'><strong>Dei,</strong></span> <span class='ocrx_word' id='word_1_336' title='bbox 2009 2318 2375 2373; x_wconf 83' lang='lat' dir='ltr'><strong>dilectissimo</strong></span> <span class='ocrx_word' id='word_1_337' title='bbox 2407 2319 2465 2372; x_wconf 91' lang='lat' dir='ltr'><strong>in</strong></span> <span class='ocrx_word' id='word_1_338' title='bbox 2501 2319 2719 2373; x_wconf 90' lang='lat' dir='ltr'><strong>Domno</strong></span> <span class='ocrx_word' id='word_1_339' title='bbox 2749 2319 2876 2374; x_wconf 84' lang='lat' dir='ltr'><strong>Jesu</strong></span> <span class='ocrx_word' id='word_1_340' title='bbox 2911 2319 3132 2374; x_wconf 85' lang='lat' dir='ltr'><strong>Christo</strong></span> <span class='ocrx_word' id='word_1_341' title='bbox 3199 2318 3317 2386; x_wconf 77' lang='lat' dir='ltr'><strong>ﬁlio</strong></span> <span class='ocrx_word' id='word_1_342' title='bbox 3379 2319 3546 2372; x_wconf 86' lang='lat' dir='ltr'><strong>Eber-</strong></span> 
     </span>
    </p>
   </div>
   <div class='ocr_carea' id='block_1_52' title="bbox 1852 2405 3549 2478">
    <p class='ocr_par' dir='ltr' id='par_1_52' title="bbox 1852 2405 3549 2478">
     <span class='ocr_line' id='line_1_56' title="bbox 1852 2405 3549 2478; baseline -0.003 -16"><span class='ocrx_word' id='word_1_343' title='bbox 1852 2409 2055 2474; x_wconf 89' lang='lat' dir='ltr'><strong>hardo,</strong></span> <span class='ocrx_word' id='word_1_344' title='bbox 2113 2415 2321 2462; x_wconf 69' lang='lat' dir='ltr'><strong>sanctae</strong></span> <span class='ocrx_word' id='word_1_345' title='bbox 2372 2407 2861 2478; x_wconf 71' lang='lat' dir='ltr'><strong>Babenberge‘nsis</strong></span> <span class='ocrx_word' id='word_1_346' title='bbox 2921 2406 3172 2462; x_wconf 66' lang='lat' dir='ltr'><strong>ecclesiae</strong></span> <span class='ocrx_word' id='word_1_347' title='bbox 3237 2405 3549 2460; x_wconf 83' lang='lat' dir='ltr'><strong>venerabili</strong></span> 
     </span>
    </p>
   </div>
   <div class='ocr_carea' id='block_1_53' title="bbox 1853 2495 3549 2566">
    <p class='ocr_par' dir='ltr' id='par_1_53' title="bbox 1853 2495 3549 2566">
     <span class='ocr_line' id='line_1_57' title="bbox 1853 2495 3549 2566; baseline -0.004 -15"><span class='ocrx_word' id='word_1_348' title='bbox 1853 2497 2122 2566; x_wconf 89' lang='lat' dir='ltr'><strong>episcopo</strong></span> <span class='ocrx_word' id='word_1_349' title='bbox 2149 2502 2486 2566; x_wconf 86' lang='lat' dir='ltr'><strong>perpetuam</strong></span> <span class='ocrx_word' id='word_1_350' title='bbox 2511 2496 2774 2550; x_wconf 91' lang='lat' dir='ltr'><strong>salutem.</strong></span> <span class='ocrx_word' id='word_1_351' title='bbox 2813 2495 3188 2559; x_wconf 86' lang='lat' dir='ltr'><strong>Quandocum</strong></span> <span class='ocrx_word' id='word_1_352' title='bbox 3205 2511 3317 2564; x_wconf 90' lang='lat' dir='ltr'><strong>que</strong></span> <span class='ocrx_word' id='word_1_353' title='bbox 3339 2499 3549 2547; x_wconf 69' lang='lat' dir='ltr'><strong>nostrre.</strong></span> 
     </span>
    </p>
   </div>
   <div class='ocr_carea' id='block_1_54' title="bbox 1855 2580 3548 2655">
    <p class='ocr_par' dir='ltr' id='par_1_54' title="bbox 1855 2580 3548 2655">
     <span class='ocr_line' id='line_1_58' title="bbox 1855 2580 3548 2655; baseline -0.004 -16"><span class='ocrx_word' id='word_1_354' title='bbox 1855 2585 2183 2655; x_wconf 81' lang='lat' dir='ltr'><strong>apostolica:</strong></span> <span class='ocrx_word' id='word_1_355' title='bbox 2243 2584 2727 2637; x_wconf 86' lang='lat' dir='ltr'><strong>corroborationis</strong></span> <span class='ocrx_word' id='word_1_356' title='bbox 2795 2584 2886 2653; x_wconf 85' lang='lat' dir='ltr'><strong>pie</strong></span> <span class='ocrx_word' id='word_1_357' title='bbox 2970 2583 3295 2654; x_wconf 81' lang='lat' dir='ltr'><strong>exposcitur</strong></span> <span class='ocrx_word' id='word_1_358' title='bbox 3346 2580 3548 2634; x_wconf 69' lang='lat' dir='ltr'><strong>suifra-</strong></span> 
     </span>
    </p>
   </div>
   <div class='ocr_carea' id='block_1_55' title="bbox 1859 2672 2763 2744">
    <p class='ocr_par' dir='ltr' id='par_1_55' title="bbox 1859 2672 2763 2744">
     <span class='ocr_line' id='line_1_59' title="bbox 1859 2672 2763 2744; baseline -0.002 -18"><span class='ocrx_word' id='word_1_359' title='bbox 1859 2674 2042 2744; x_wconf 89' lang='lat' dir='ltr'><strong>gium,</strong></span> <span class='ocrx_word' id='word_1_360' title='bbox 2076 2691 2104 2723; x_wconf 82' lang='grc'><strong>)›</strong></span> <span class='ocrx_word' id='word_1_361' title='bbox 2139 2676 2248 2726; x_wconf 91' lang='lat' dir='ltr'><strong>etc.</strong></span> <span class='ocrx_word' id='word_1_362' title='bbox 2286 2672 2422 2728; x_wconf 84' lang='lat' dir='ltr'><strong>Vide</strong></span> <span class='ocrx_word' id='word_1_363' title='bbox 2450 2672 2547 2724; x_wconf 80' lang='lat' dir='ltr'><strong>ubi</strong></span> <span class='ocrx_word' id='word_1_364' title='bbox 2573 2686 2763 2740; x_wconf 84' lang='lat' dir='ltr'><strong>supra.</strong></span> 
     </span>
    </p>
   </div>
   <div class='ocr_carea' id='block_1_56' title="bbox 1858 2773 3548 2847">
    <p class='ocr_par' dir='ltr' id='par_1_56' title="bbox 1858 2773 3548 2847">
     <span class='ocr_line' id='line_1_60' title="bbox 1858 2773 3548 2847; baseline -0.005 -13"><span class='ocrx_word' id='word_1_365' title='bbox 1858 2782 2076 2836; x_wconf 74' lang='lat' dir='ltr'><strong>Litterae</strong></span> <span class='ocrx_word' id='word_1_366' title='bbox 2159 2778 2356 2847; x_wconf 86' lang='lat' dir='ltr'><strong>quibus</strong></span> <span class='ocrx_word' id='word_1_367' title='bbox 2417 2779 2662 2831; x_wconf 85' lang='lat' dir='ltr'><strong>Clemens</strong></span> <span class='ocrx_word' id='word_1_368' title='bbox 2748 2777 2809 2831; x_wconf 90' lang='lat' dir='ltr'><strong>lI</strong></span> <span class='ocrx_word' id='word_1_369' title='bbox 2876 2777 3032 2844; x_wconf 84' lang='lat' dir='ltr'><strong>Papa</strong></span> <span class='ocrx_word' id='word_1_370' title='bbox 3092 2775 3321 2828; x_wconf 67' lang='lat' dir='ltr'><strong>ecclesiae</strong></span> <span class='ocrx_word' id='word_1_371' title='bbox 3377 2773 3548 2847; x_wconf 79' lang='lat' dir='ltr'><strong>Bam-</strong></span> 
     </span>
    </p>
   </div>
   <div class='ocr_carea' id='block_1_57' title="bbox 1931 2845 3555 2919">
    <p class='ocr_par' dir='ltr' id='par_1_57' title="bbox 1931 2845 3555 2919">
     <span class='ocr_line' id='line_1_61' title="bbox 1931 2845 3555 2919; baseline -0.004 -16"><span class='ocrx_word' id='word_1_372' title='bbox 1931 2845 2202 2916; x_wconf 80' lang='lat' dir='ltr'><strong>bergensis</strong></span> <span class='ocrx_word' id='word_1_373' title='bbox 2222 2850 2516 2919; x_wconf 78' lang='lat' dir='ltr'><strong>privilegia</strong></span> <span class='ocrx_word' id='word_1_374' title='bbox 2542 2855 2591 2903; x_wconf 86' lang='lat' dir='ltr'><strong>et</strong></span> <span class='ocrx_word' id='word_1_375' title='bbox 2623 2850 2998 2902; x_wconf 80' lang='lat' dir='ltr'><strong>immunitates</strong></span> <span class='ocrx_word' id='word_1_376' title='bbox 3028 2847 3390 2915; x_wconf 70' lang='lat' dir='ltr'><strong>conﬁrmavit.</strong></span> <span class='ocrx_word' id='word_1_377' title='bbox 3448 2845 3555 2897; x_wconf 81' lang='lat' dir='ltr'><strong>Le-</strong></span> 
     </span>
    </p>
   </div>
   <div class='ocr_carea' id='block_1_58' title="bbox 1932 2922 2429 2991">
    <p class='ocr_par' dir='ltr' id='par_1_58' title="bbox 1932 2922 2429 2991">
     <span class='ocr_line' id='line_1_62' title="bbox 1932 2922 2429 2991; baseline -0.006 -15"><span class='ocrx_word' id='word_1_378' title='bbox 1932 2923 2137 2991; x_wconf 68' lang='lat' dir='ltr'><strong>gendie</strong></span> <span class='ocrx_word' id='word_1_379' title='bbox 2171 2937 2302 2990; x_wconf 87' lang='lat' dir='ltr'><strong>cap.</strong></span> <span class='ocrx_word' id='word_1_380' title='bbox 2343 2922 2429 2974; x_wconf 86' lang='grc'><strong>16.</strong></span> 
     </span>
    </p>
   </div>
   <div class='ocr_carea' id='block_1_59' title="bbox 1939 3021 3554 3096">
    <p class='ocr_par' dir='ltr' id='par_1_59' title="bbox 1939 3021 3554 3096">
     <span class='ocr_line' id='line_1_63' title="bbox 1939 3021 3554 3096; baseline -0.004 -16"><span class='ocrx_word' id='word_1_381' title='bbox 1939 3029 2115 3084; x_wconf 78' lang='grc'><strong>13-17,</strong></span> <span class='ocrx_word' id='word_1_382' title='bbox 2151 3027 2412 3081; x_wconf 89' lang='lat' dir='ltr'><strong>Clemens</strong></span> <span class='ocrx_word' id='word_1_383' title='bbox 2469 3025 2771 3096; x_wconf 88' lang='lat' dir='ltr'><strong>episcopus</strong></span> <span class='ocrx_word' id='word_1_384' title='bbox 2823 3039 3021 3078; x_wconf 89' lang='lat' dir='ltr'><strong>servus</strong></span> <span class='ocrx_word' id='word_1_385' title='bbox 3075 3037 3373 3076; x_wconf 85' lang='lat' dir='ltr'><strong>servorum</strong></span> <span class='ocrx_word' id='word_1_386' title='bbox 3436 3021 3554 3086; x_wconf 88' lang='lat' dir='ltr'><strong>Dei,</strong></span> 
     </span>
    </p>
   </div>
   <div class='ocr_carea' id='block_1_60' title="bbox 1868 3108 3558 3181">
    <p class='ocr_par' dir='ltr' id='par_1_60' title="bbox 1868 3108 3558 3181">
     <span class='ocr_line' id='line_1_64' title="bbox 1868 3108 3558 3181; baseline -0.007 -11"><span class='ocrx_word' id='word_1_387' title='bbox 1868 3116 2263 3170; x_wconf 63' lang='lat' dir='ltr'><strong>secretissimae</strong></span> <span class='ocrx_word' id='word_1_388' title='bbox 2294 3119 2503 3168; x_wconf 65' lang='lat' dir='ltr'><strong>nostrae</strong></span> <span class='ocrx_word' id='word_1_389' title='bbox 2538 3111 3001 3181; x_wconf 85' lang='lat' dir='ltr'><strong>Babenbergensi</strong></span> <span class='ocrx_word' id='word_1_390' title='bbox 3031 3112 3284 3166; x_wconf 51' lang='lat' dir='ltr'><strong>ecclesia!</strong></span> <span class='ocrx_word' id='word_1_391' title='bbox 3339 3110 3398 3163; x_wconf 86' lang='lat' dir='ltr'><strong>in</strong></span> <span class='ocrx_word' id='word_1_392' title='bbox 3426 3108 3558 3162; x_wconf 82' lang='lat' dir='ltr'><strong>ﬁliis</strong></span> 
     </span>
    </p>
   </div>
   <div class='ocr_carea' id='block_1_61' title="bbox 1869 3200 3553 3275">
    <p class='ocr_par' dir='ltr' id='par_1_61' title="bbox 1869 3200 3553 3275">
     <span class='ocr_line' id='line_1_65' title="bbox 1869 3200 3553 3275; baseline -0.005 -17"><span class='ocrx_word' id='word_1_393' title='bbox 1869 3211 1925 3260; x_wconf 84' lang='lat' dir='ltr'><strong>et</strong></span> <span class='ocrx_word' id='word_1_394' title='bbox 1950 3205 2180 3260; x_wconf 85' lang='lat' dir='ltr'><strong>ﬁliabus</strong></span> <span class='ocrx_word' id='word_1_395' title='bbox 2209 3207 2351 3275; x_wconf 88' lang='lat' dir='ltr'><strong>ejus,</strong></span> <span class='ocrx_word' id='word_1_396' title='bbox 2383 3203 2536 3257; x_wconf 91' lang='lat' dir='ltr'><strong>clero</strong></span> <span class='ocrx_word' id='word_1_397' title='bbox 2567 3202 2830 3256; x_wconf 82' lang='lat' dir='ltr'><strong>videlicet</strong></span> <span class='ocrx_word' id='word_1_398' title='bbox 2859 3217 2924 3256; x_wconf 92' lang='lat' dir='ltr'><strong>ac</strong></span> <span class='ocrx_word' id='word_1_399' title='bbox 2946 3200 3183 3271; x_wconf 91' lang='lat' dir='ltr'><strong>populo,</strong></span> <span class='ocrx_word' id='word_1_400' title='bbox 3217 3203 3553 3269; x_wconf 89' lang='lat' dir='ltr'><strong>perpetuam</strong></span> 
     </span>
    </p>
   </div>
   <div class='ocr_carea' id='block_1_62' title="bbox 1871 3285 3562 3362">
    <p class='ocr_par' dir='ltr' id='par_1_62' title="bbox 1871 3285 3562 3362">
     <span class='ocr_line' id='line_1_66' title="bbox 1871 3285 3562 3362; baseline -0.008 -14"><span class='ocrx_word' id='word_1_401' title='bbox 1871 3296 1930 3349; x_wconf 91' lang='lat' dir='ltr'><strong>in</strong></span> <span class='ocrx_word' id='word_1_402' title='bbox 1959 3294 2200 3349; x_wconf 91' lang='lat' dir='ltr'><strong>Domino</strong></span> <span class='ocrx_word' id='word_1_403' title='bbox 2231 3293 2496 3346; x_wconf 90' lang='lat' dir='ltr'><strong>salutem.</strong></span> <span class='ocrx_word' id='word_1_404' title='bbox 2534 3290 2890 3362; x_wconf 88' lang='lat' dir='ltr'><strong>Dispensatio</strong></span> <span class='ocrx_word' id='word_1_405' title='bbox 2953 3290 3366 3342; x_wconf 70' lang='lat' dir='ltr'><strong>saeculorum...</strong></span> <span class='ocrx_word' id='word_1_406' title='bbox 3429 3285 3562 3342; x_wconf 71' lang='lat' dir='ltr'><strong>Vide</strong></span> 
     </span>
    </p>
   </div>
   <div class='ocr_carea' id='block_1_63' title="bbox 1876 3381 2724 3449">
    <p class='ocr_par' dir='ltr' id='par_1_63' title="bbox 1876 3381 2724 3449">
     <span class='ocr_line' id='line_1_67' title="bbox 1876 3381 2724 3449; baseline -0.007 -10"><span class='ocrx_word' id='word_1_407' title='bbox 1876 3385 2237 3449; x_wconf 83' lang='lat' dir='ltr'><strong>Patrologiam</strong></span> <span class='ocrx_word' id='word_1_408' title='bbox 2268 3384 2326 3435; x_wconf 86' lang='lat' dir='ltr'><strong>in</strong></span> <span class='ocrx_word' id='word_1_409' title='bbox 2349 3383 2626 3434; x_wconf 77' lang='lat' dir='ltr'><strong>Clemente</strong></span> <span class='ocrx_word' id='word_1_410' title='bbox 2654 3381 2724 3434; x_wconf 85' lang='grc'><strong><em>11.</em></strong></span> 
     </span>
    </p>
   </div>
   <div class='ocr_carea' id='block_1_64' title="bbox 1873 3480 3561 3555">
    <p class='ocr_par' dir='ltr' id='par_1_64' title="bbox 1873 3480 3561 3555">
     <span class='ocr_line' id='line_1_68' title="bbox 1873 3480 3561 3555; baseline -0.009 -9"><span class='ocrx_word' id='word_1_411' title='bbox 1873 3493 2060 3547; x_wconf 82' lang='lat' dir='ltr'><strong>Leonis</strong></span> <span class='ocrx_word' id='word_1_412' title='bbox 2091 3490 2164 3543; x_wconf 83' lang='lat' dir='ltr'><strong><em>IX</em></strong></span> <span class='ocrx_word' id='word_1_413' title='bbox 2195 3487 2495 3555; x_wconf 83' lang='lat' dir='ltr'><strong>diplomata</strong></span> <span class='ocrx_word' id='word_1_414' title='bbox 2543 3485 2607 3539; x_wconf 80' lang='lat' dir='ltr'><strong>de</strong></span> <span class='ocrx_word' id='word_1_415' title='bbox 2663 3485 2971 3553; x_wconf 79' lang='lat' dir='ltr'><strong>privilegiis</strong></span> <span class='ocrx_word' id='word_1_416' title='bbox 3025 3483 3254 3536; x_wconf 64' lang='lat' dir='ltr'><strong>ecclesia:</strong></span> <span class='ocrx_word' id='word_1_417' title='bbox 3309 3480 3561 3555; x_wconf 67' lang='lat' dir='ltr'><strong>Bamber-</strong></span> 
     </span>
    </p>
   </div>
   <div class='ocr_carea' id='block_1_65' title="bbox 1941 3553 3563 3628">
    <p class='ocr_par' dir='ltr' id='par_1_65' title="bbox 1941 3553 3563 3628">
     <span class='ocr_line' id='line_1_69' title="bbox 1941 3553 3563 3628; baseline -0.007 -14"><span class='ocrx_word' id='word_1_418' title='bbox 1941 3563 2141 3628; x_wconf 83' lang='lat' dir='ltr'><strong>gensis,</strong></span> <span class='ocrx_word' id='word_1_419' title='bbox 2172 3553 2472 3628; x_wconf 68' lang='lat' dir='ltr'><strong>praesertim</strong></span> <span class='ocrx_word' id='word_1_420' title='bbox 2495 3556 2560 3610; x_wconf 88' lang='lat' dir='ltr'><strong>de</strong></span> <span class='ocrx_word' id='word_1_421' title='bbox 2591 3557 2781 3618; x_wconf 86' lang='lat' dir='ltr'><strong>Pallio,</strong></span> <span class='ocrx_word' id='word_1_422' title='bbox 2815 3559 2863 3607; x_wconf 86' lang='lat' dir='ltr'><strong>et</strong></span> <span class='ocrx_word' id='word_1_423' title='bbox 2918 3557 3124 3622; x_wconf 60' lang='lat' dir='ltr'><strong>quoties</strong></span> <span class='ocrx_word' id='word_1_424' title='bbox 3153 3568 3210 3606; x_wconf 77' lang='lat' dir='ltr'><strong>eo</strong></span> <span class='ocrx_word' id='word_1_425' title='bbox 3257 3554 3340 3606; x_wconf 88' lang='lat' dir='ltr'><strong>uti</strong></span> <span class='ocrx_word' id='word_1_426' title='bbox 3389 3553 3563 3622; x_wconf 77' lang='lat' dir='ltr'><strong>possit</strong></span> 
     </span>
    </p>
   </div>
   <div class='ocr_carea' id='block_1_66' title="bbox 1942 3628 2834 3701">
    <p class='ocr_par' dir='ltr' id='par_1_66' title="bbox 1942 3628 2834 3701">
     <span class='ocr_line' id='line_1_70' title="bbox 1942 3628 2834 3701; baseline -0.009 -13"><span class='ocrx_word' id='word_1_427' title='bbox 1942 3634 2262 3701; x_wconf 77' lang='lat' dir='ltr'><strong>Episcopus.</strong></span> <span class='ocrx_word' id='word_1_428' title='bbox 2292 3629 2567 3697; x_wconf 66' lang='lat' dir='ltr'><strong>Legenda:</strong></span> <span class='ocrx_word' id='word_1_429' title='bbox 2590 3643 2714 3697; x_wconf 87' lang='lat' dir='ltr'><strong>cap.</strong></span> <span class='ocrx_word' id='word_1_430' title='bbox 2752 3628 2834 3680; x_wconf 80' lang='lat' dir='ltr'><strong>l7.</strong></span> 
     </span>
    </p>
   </div>
   <div class='ocr_carea' id='block_1_67' title="bbox 1949 3727 3561 3805">
    <p class='ocr_par' dir='ltr' id='par_1_67' title="bbox 1949 3727 3561 3805">
     <span class='ocr_line' id='line_1_71' title="bbox 1949 3727 3561 3805; baseline -0.007 -13"><span class='ocrx_word' id='word_1_431' title='bbox 1949 3738 2136 3792; x_wconf 79' lang='lat'><strong>18-20.</strong></span> <span class='ocrx_word' id='word_1_432' title='bbox 2162 3738 2292 3790; x_wconf 91' lang='lat' dir='ltr'><strong>Post</strong></span> <span class='ocrx_word' id='word_1_433' title='bbox 2309 3735 2500 3805; x_wconf 87' lang='lat' dir='ltr'><strong>hujus,</strong></span> <span class='ocrx_word' id='word_1_434' title='bbox 2523 3732 2633 3804; x_wconf 67' lang='lat' dir='ltr'><strong>pia:</strong></span> <span class='ocrx_word' id='word_1_435' title='bbox 2652 3730 2967 3799; x_wconf 70' lang='lat' dir='ltr'><strong>memoriae,</strong></span> <span class='ocrx_word' id='word_1_436' title='bbox 2990 3727 3303 3784; x_wconf 86' lang='lat' dir='ltr'><strong>Clementis</strong></span> <span class='ocrx_word' id='word_1_437' title='bbox 3341 3727 3561 3782; x_wconf 85' lang='lat' dir='ltr'><strong>felicem</strong></span> 
     </span>
    </p>
   </div>
   <div class='ocr_carea' id='block_1_68' title="bbox 1875 3817 3567 3892">
    <p class='ocr_par' dir='ltr' id='par_1_68' title="bbox 1875 3817 3567 3892">
     <span class='ocr_line' id='line_1_72' title="bbox 1875 3817 3567 3892; baseline -0.007 -11"><span class='ocrx_word' id='word_1_438' title='bbox 1875 3843 2188 3892; x_wconf 84' lang='lat' dir='ltr'><strong>excessum,</strong></span> <span class='ocrx_word' id='word_1_439' title='bbox 2220 3840 2350 3878; x_wconf 90' lang='lat' dir='ltr'><strong>cum</strong></span> <span class='ocrx_word' id='word_1_440' title='bbox 2385 3825 2658 3878; x_wconf 90' lang='lat' dir='ltr'><strong>Damasus</strong></span> <span class='ocrx_word' id='word_1_441' title='bbox 2679 3823 2849 3892; x_wconf 88' lang='lat' dir='ltr'><strong>Papa.</strong></span> <span class='ocrx_word' id='word_1_442' title='bbox 2879 3819 2980 3891; x_wconf 88' lang='lat' dir='ltr'><strong>qui</strong></span> <span class='ocrx_word' id='word_1_443' title='bbox 3011 3823 3069 3873; x_wconf 91' lang='lat' dir='ltr'><strong>et</strong></span> <span class='ocrx_word' id='word_1_444' title='bbox 3087 3819 3280 3890; x_wconf 89' lang='lat' dir='ltr'><strong>Poppo</strong></span> <span class='ocrx_word' id='word_1_445' title='bbox 3315 3817 3567 3871; x_wconf 81' lang='lat' dir='ltr'><strong>Brixien-</strong></span> 
     </span>
    </p>
   </div>
   <div class='ocr_carea' id='block_1_69' title="bbox 1877 3904 3568 3986">
    <p class='ocr_par' dir='ltr' id='par_1_69' title="bbox 1877 3904 3568 3986">
     <span class='ocr_line' id='line_1_73' title="bbox 1877 3904 3568 3986; baseline -0.007 -19"><span class='ocrx_word' id='word_1_446' title='bbox 1877 3917 1950 3971; x_wconf 87' lang='lat' dir='ltr'><strong>sis</strong></span> <span class='ocrx_word' id='word_1_447' title='bbox 1980 3915 2142 3986; x_wconf 89' lang='lat' dir='ltr'><strong>prius</strong></span> <span class='ocrx_word' id='word_1_448' title='bbox 2177 3912 2507 3984; x_wconf 89' lang='lat' dir='ltr'><strong>Episcopus,</strong></span> <span class='ocrx_word' id='word_1_449' title='bbox 2555 3910 2792 3964; x_wconf 85' lang='lat' dir='ltr'><strong>sedisset</strong></span> <span class='ocrx_word' id='word_1_450' title='bbox 2847 3908 3085 3978; x_wconf 80' lang='lat' dir='ltr'><strong>triginta</strong></span> <span class='ocrx_word' id='word_1_451' title='bbox 3145 3910 3371 3960; x_wconf 87' lang='lat' dir='ltr'><strong>tantum</strong></span> <span class='ocrx_word' id='word_1_452' title='bbox 3427 3904 3568 3969; x_wconf 91' lang='lat' dir='ltr'><strong>dies,</strong></span> 
     </span>
    </p>
   </div>
   <div class='ocr_carea' id='block_1_70' title="bbox 1884 3993 3566 4072">
    <p class='ocr_par' dir='ltr' id='par_1_70' title="bbox 1884 3993 3566 4072">
     <span class='ocr_line' id='line_1_74' title="bbox 1884 3993 3566 4072; baseline -0.008 -14"><span class='ocrx_word' id='word_1_453' title='bbox 1884 4005 1991 4059; x_wconf 84' lang='lat' dir='ltr'><strong>Leo</strong></span> <span class='ocrx_word' id='word_1_454' title='bbox 2023 4004 2108 4070; x_wconf 83' lang='grc' dir='ltr'><strong>ΙΧ,</strong></span> <span class='ocrx_word' id='word_1_455' title='bbox 2143 4001 2244 4072; x_wconf 89' lang='lat' dir='ltr'><strong>qui</strong></span> <span class='ocrx_word' id='word_1_456' title='bbox 2274 4006 2331 4054; x_wconf 87' lang='lat' dir='ltr'><strong>et</strong></span> <span class='ocrx_word' id='word_1_457' title='bbox 2353 4001 2560 4064; x_wconf 85' lang='lat' dir='ltr'><strong>Bruno,</strong></span> <span class='ocrx_word' id='word_1_458' title='bbox 2598 4016 2632 4052; x_wconf 90' lang='lat' dir='ltr'><strong>a</strong></span> <span class='ocrx_word' id='word_1_459' title='bbox 2656 4013 2829 4068; x_wconf 89' lang='lat' dir='ltr'><strong>supra</strong></span> <span class='ocrx_word' id='word_1_460' title='bbox 2886 3997 3036 4050; x_wconf 92' lang='lat' dir='ltr'><strong>dicto</strong></span> <span class='ocrx_word' id='word_1_461' title='bbox 3095 3995 3339 4049; x_wconf 82' lang='lat' dir='ltr'><strong>Henrico</strong></span> <span class='ocrx_word' id='word_1_462' title='bbox 3397 3993 3566 4048; x_wconf 83' lang='lat' dir='ltr'><strong>tertio</strong></span> 
     </span>
    </p>
   </div>
   <div class='ocr_carea' id='block_1_71' title="bbox 1878 4082 3570 4164">
    <p class='ocr_par' dir='ltr' id='par_1_71' title="bbox 1878 4082 3570 4164">
     <span class='ocr_line' id='line_1_75' title="bbox 1878 4082 3570 4164; baseline -0.008 -18"><span class='ocrx_word' id='word_1_463' title='bbox 1878 4095 2229 4164; x_wconf 89' lang='lat' dir='ltr'><strong>lmperatore</strong></span> <span class='ocrx_word' id='word_1_464' title='bbox 2259 4091 2490 4154; x_wconf 91' lang='lat' dir='ltr'><strong>electus,</strong></span> <span class='ocrx_word' id='word_1_465' title='bbox 2550 4093 2608 4142; x_wconf 89' lang='lat' dir='ltr'><strong>et</strong></span> <span class='ocrx_word' id='word_1_466' title='bbox 2663 4085 3005 4141; x_wconf 88' lang='lat' dir='ltr'><strong>centesimus</strong></span> <span class='ocrx_word' id='word_1_467' title='bbox 3055 4082 3570 4154; x_wconf 79' lang='lat' dir='ltr'><strong>quinquagesimns</strong></span> 
     </span>
    </p>
   </div>
   <div class='ocr_carea' id='block_1_72' title="bbox 1882 4170 3570 4250">
    <p class='ocr_par' dir='ltr' id='par_1_72' title="bbox 1882 4170 3570 4250">
     <span class='ocr_line' id='line_1_76' title="bbox 1882 4170 3570 4250; baseline -0.009 -14"><span class='ocrx_word' id='word_1_468' title='bbox 1882 4181 2166 4235; x_wconf 79' lang='lat' dir='ltr'><strong>secundus</strong></span> <span class='ocrx_word' id='word_1_469' title='bbox 2197 4181 2350 4250; x_wconf 87' lang='lat' dir='ltr'><strong>Papa</strong></span> <span class='ocrx_word' id='word_1_470' title='bbox 2379 4176 2736 4241; x_wconf 89' lang='lat' dir='ltr'><strong>constitutus,</strong></span> <span class='ocrx_word' id='word_1_471' title='bbox 2796 4175 2854 4228; x_wconf 91' lang='lat' dir='ltr'><strong>in</strong></span> <span class='ocrx_word' id='word_1_472' title='bbox 2910 4175 3140 4244; x_wconf 90' lang='lat' dir='ltr'><strong>signum</strong></span> <span class='ocrx_word' id='word_1_473' title='bbox 3196 4170 3570 4240; x_wconf 83' lang='lat' dir='ltr'><strong>benignitatis</strong></span> 
     </span>
    </p>
   </div>
   <div class='ocr_carea' id='block_1_73' title="bbox 1802 4257 3571 4369">
    <p class='ocr_par' dir='ltr' id='par_1_73' title="bbox 1802 4257 3571 4369">
     <span class='ocr_line' id='line_1_77' title="bbox 1802 4257 3571 4369; baseline -0.008 -46"><span class='ocrx_word' id='word_1_474' title='bbox 1802 4316 1841 4369; x_wconf 66' lang='grc' dir='ltr'>ῃ</span> <span class='ocrx_word' id='word_1_475' title='bbox 1883 4285 2054 4346; x_wconf 77' lang='lat' dir='ltr'><strong>quam</strong></span> <span class='ocrx_word' id='word_1_476' title='bbox 2083 4283 2216 4338; x_wconf 86' lang='lat' dir='ltr'><strong>erga</strong></span> <span class='ocrx_word' id='word_1_477' title='bbox 2252 4263 3000 4369; x_wconf 43' lang='lat' dir='ltr'><strong>Babenbergensemdoculm</strong></span> <span class='ocrx_word' id='word_1_478' title='bbox 3037 4258 3273 4369; x_wconf 34' lang='lat' dir='ltr'><strong>habuit;</strong></span> <span class='ocrx_word' id='word_1_479' title='bbox 3295 4257 3571 4369; x_wconf 48' lang='lat' dir='ltr'><strong>Haréwi‘co</strong></span> 
     </span>
    </p>
   </div>
   <div class='ocr_carea' id='block_1_74' title="bbox 1884 4344 3566 4428">
    <p class='ocr_par' dir='ltr' id='par_1_74' title="bbox 1884 4344 3566 4428">
     <span class='ocr_line' id='line_1_78' title="bbox 1884 4344 3566 4428; baseline -0.01 -15"><span class='ocrx_word' id='word_1_480' title='bbox 1884 4359 1957 4413; x_wconf 88' lang='lat' dir='ltr'><strong>Ill</strong></span> <span class='ocrx_word' id='word_1_481' title='bbox 1994 4344 2266 4428; x_wconf 80' lang='lat' dir='ltr'><strong>Episcopo</strong></span> <span class='ocrx_word' id='word_1_482' title='bbox 2326 4353 2568 4409; x_wconf 87' lang='lat' dir='ltr'><strong>Pallium</strong></span> <span class='ocrx_word' id='word_1_483' title='bbox 2622 4349 2829 4405; x_wconf 84' lang='lat' dir='ltr'><strong>direxit</strong></span> <span class='ocrx_word' id='word_1_484' title='bbox 2893 4348 2963 4402; x_wconf 90' lang='lat' dir='ltr'><strong>ab</strong></span> <span class='ocrx_word' id='word_1_485' title='bbox 3019 4344 3346 4417; x_wconf 84' lang='lat' dir='ltr'><strong>Apostolica</strong></span> <span class='ocrx_word' id='word_1_486' title='bbox 3403 4344 3566 4408; x_wconf 90' lang='lat' dir='ltr'><strong>Sede,</strong></span> 
     </span>
    </p>
   </div>
   <div class='ocr_carea' id='block_1_75' title="bbox 1882 4435 3574 4514">
    <p class='ocr_par' dir='ltr' id='par_1_75' title="bbox 1882 4435 3574 4514">
     <span class='ocr_line' id='line_1_79' title="bbox 1882 4435 3574 4514; baseline -0.009 -12"><span class='ocrx_word' id='word_1_487' title='bbox 1882 4447 2133 4502; x_wconf 83' lang='lat' dir='ltr'><strong>scribens</strong></span> <span class='ocrx_word' id='word_1_488' title='bbox 2165 4445 2217 4499; x_wconf 90' lang='lat' dir='ltr'><strong>ei</strong></span> <span class='ocrx_word' id='word_1_489' title='bbox 2247 4443 2548 4514; x_wconf 86' lang='lat' dir='ltr'><strong>epistolam</strong></span> <span class='ocrx_word' id='word_1_490' title='bbox 2582 4441 2641 4493; x_wconf 92' lang='lat' dir='ltr'><strong>in</strong></span> <span class='ocrx_word' id='word_1_491' title='bbox 2673 4441 2794 4493; x_wconf 68' lang='lat' dir='ltr'><strong>haec</strong></span> <span class='ocrx_word' id='word_1_492' title='bbox 2822 4437 3030 4491; x_wconf 85' lang='lat' dir='ltr'><strong>verba:</strong></span> <span class='ocrx_word' id='word_1_493' title='bbox 3060 4459 3081 4483; x_wconf 73' lang='grc' dir='ltr'><strong>ιι</strong></span> <span class='ocrx_word' id='word_1_494' title='bbox 3118 4437 3228 4490; x_wconf 90' lang='lat' dir='ltr'><strong>Leo</strong></span> <span class='ocrx_word' id='word_1_495' title='bbox 3263 4435 3574 4505; x_wconf 89' lang='lat' dir='ltr'><strong>Episcopus</strong></span> 
     </span>
    </p>
   </div>
   <div class='ocr_carea' id='block_1_76' title="bbox 1884 4524 3575 4594">
    <p class='ocr_par' dir='ltr' id='par_1_76' title="bbox 1884 4524 3575 4594">
     <span class='ocr_line' id='line_1_80' title="bbox 1884 4524 3575 4594; baseline -0.008 -4"><span class='ocrx_word' id='word_1_496' title='bbox 1884 4551 2079 4590; x_wconf 87' lang='lat' dir='ltr'><strong>servus</strong></span> <span class='ocrx_word' id='word_1_497' title='bbox 2104 4547 2396 4586; x_wconf 88' lang='lat' dir='ltr'><strong>servorum</strong></span> <span class='ocrx_word' id='word_1_498' title='bbox 2438 4529 2537 4584; x_wconf 88' lang='lat' dir='ltr'><strong>Dei</strong></span> <span class='ocrx_word' id='word_1_499' title='bbox 2571 4527 2848 4581; x_wconf 80' lang='lat' dir='ltr'><strong>Hartwico</strong></span> <span class='ocrx_word' id='word_1_500' title='bbox 2873 4524 3362 4594; x_wconf 88' lang='lat' dir='ltr'><strong>Babenbergensis</strong></span> <span class='ocrx_word' id='word_1_501' title='bbox 3391 4524 3575 4577; x_wconf 90' lang='lat' dir='ltr'><strong>eccle-</strong></span> 
     </span>
    </p>
   </div>
   <div class='ocr_carea' id='block_1_77' title="bbox 1887 4613 3576 4688">
    <p class='ocr_par' dir='ltr' id='par_1_77' title="bbox 1887 4613 3576 4688">
     <span class='ocr_line' id='line_1_81' title="bbox 1887 4613 3576 4688; baseline -0.006 -12"><span class='ocrx_word' id='word_1_502' title='bbox 1887 4625 1984 4677; x_wconf 66' lang='lat' dir='ltr'><strong>siae</strong></span> <span class='ocrx_word' id='word_1_503' title='bbox 2037 4619 2351 4674; x_wconf 83' lang='lat' dir='ltr'><strong>venerabili</strong></span> <span class='ocrx_word' id='word_1_504' title='bbox 2444 4617 2730 4688; x_wconf 90' lang='lat' dir='ltr'><strong>episcopo,</strong></span> <span class='ocrx_word' id='word_1_505' title='bbox 2790 4619 3128 4685; x_wconf 88' lang='lat' dir='ltr'><strong>perpetuam</strong></span> <span class='ocrx_word' id='word_1_506' title='bbox 3203 4613 3262 4667; x_wconf 90' lang='lat' dir='ltr'><strong>in</strong></span> <span class='ocrx_word' id='word_1_507' title='bbox 3337 4613 3576 4666; x_wconf 91' lang='lat' dir='ltr'><strong>Domino</strong></span> 
     </span>
    </p>
   </div>
   <div class='ocr_carea' id='block_1_78' title="bbox 1885 4701 3578 4774">
    <p class='ocr_par' dir='ltr' id='par_1_78' title="bbox 1885 4701 3578 4774">
     <span class='ocr_line' id='line_1_82' title="bbox 1885 4701 3578 4774; baseline -0.006 -10"><span class='ocrx_word' id='word_1_508' title='bbox 1885 4714 2017 4765; x_wconf 85' lang='lat' dir='ltr'><strong>Jesu</strong></span> <span class='ocrx_word' id='word_1_509' title='bbox 2051 4709 2273 4763; x_wconf 82' lang='lat' dir='ltr'><strong>Christo</strong></span> <span class='ocrx_word' id='word_1_510' title='bbox 2305 4707 2573 4760; x_wconf 87' lang='lat' dir='ltr'><strong>salutem.</strong></span> <span class='ocrx_word' id='word_1_511' title='bbox 2611 4704 2670 4759; x_wconf 89' lang='lat' dir='ltr'><strong>Si</strong></span> <span class='ocrx_word' id='word_1_512' title='bbox 2699 4709 2957 4774; x_wconf 88' lang='lat' dir='ltr'><strong>pastores</strong></span> <span class='ocrx_word' id='word_1_513' title='bbox 2986 4702 3200 4757; x_wconf 88' lang='lat' dir='ltr'><strong>ovium.</strong></span> <span class='ocrx_word' id='word_1_514' title='bbox 3238 4721 3265 4751; x_wconf 66' lang='grc' dir='ltr'><strong>η</strong></span> <span class='ocrx_word' id='word_1_515' title='bbox 3297 4706 3402 4755; x_wconf 88' lang='lat' dir='ltr'><strong>etc.</strong></span> <span class='ocrx_word' id='word_1_516' title='bbox 3445 4701 3578 4756; x_wconf 69' lang='lat' dir='ltr'><strong>Vide</strong></span> 
     </span>
    </p>
   </div>
   <div class='ocr_carea' id='block_1_79' title="bbox 1889 4796 2478 4870">
    <p class='ocr_par' dir='ltr' id='par_1_79' title="bbox 1889 4796 2478 4870">
     <span class='ocr_line' id='line_1_83' title="bbox 1889 4796 2478 4870; baseline -0.01 -16"><span class='ocrx_word' id='word_1_517' title='bbox 1889 4798 2040 4870; x_wconf 83' lang='lat' dir='ltr'><strong>apud</strong></span> <span class='ocrx_word' id='word_1_518' title='bbox 2065 4813 2159 4852; x_wconf 86' lang='lat' dir='ltr'><strong>nos</strong></span> <span class='ocrx_word' id='word_1_519' title='bbox 2182 4797 2350 4850; x_wconf 77' lang='lat' dir='ltr'><strong>Leone</strong></span> <span class='ocrx_word' id='word_1_520' title='bbox 2378 4796 2478 4849; x_wconf 83' lang='lat' dir='ltr'><strong>IX.</strong></span> 
     </span>
    </p>
   </div>
   <div class='ocr_carea' id='block_1_80' title="bbox 1891 4898 3580 4966">
    <p class='ocr_par' dir='ltr' id='par_1_80' title="bbox 1891 4898 3580 4966">
     <span class='ocr_line' id='line_1_84' title="bbox 1891 4898 3580 4966; baseline -0.008 -4"><span class='ocrx_word' id='word_1_521' title='bbox 1891 4906 2199 4962; x_wconf 78' lang='lat' dir='ltr'><strong>Adventum</strong></span> <span class='ocrx_word' id='word_1_522' title='bbox 2251 4904 2440 4958; x_wconf 87' lang='lat' dir='ltr'><strong>Leonis</strong></span> <span class='ocrx_word' id='word_1_523' title='bbox 2484 4902 2567 4955; x_wconf 81' lang='lat' dir='ltr'><strong><em>IX</em></strong></span> <span class='ocrx_word' id='word_1_524' title='bbox 2621 4902 2681 4953; x_wconf 90' lang='lat' dir='ltr'><strong>in</strong></span> <span class='ocrx_word' id='word_1_525' title='bbox 2744 4899 3117 4953; x_wconf 85' lang='lat' dir='ltr'><strong>Germaniam.</strong></span> <span class='ocrx_word' id='word_1_526' title='bbox 3183 4898 3580 4966; x_wconf 77' lang='lat' dir='ltr'><strong>Conﬁrmantur</strong></span> 
     </span>
    </p>
   </div>
   <div class='ocr_carea' id='block_1_81' title="bbox 1961 4967 3578 5038">
    <p class='ocr_par' dir='ltr' id='par_1_81' title="bbox 1961 4967 3578 5038">
     <span class='ocr_line' id='line_1_85' title="bbox 1961 4967 3578 5038; baseline -0.006 -8"><span class='ocrx_word' id='word_1_527' title='bbox 1961 4977 2028 5031; x_wconf 85' lang='lat' dir='ltr'><strong>ab</strong></span> <span class='ocrx_word' id='word_1_528' title='bbox 2055 4975 2234 5030; x_wconf 82' lang='lat' dir='ltr'><strong>eodem</strong></span> <span class='ocrx_word' id='word_1_529' title='bbox 2261 4975 2488 5028; x_wconf 65' lang='lat' dir='ltr'><strong>ecclesiae</strong></span> <span class='ocrx_word' id='word_1_530' title='bbox 2545 4971 2958 5037; x_wconf 83' lang='lat' dir='ltr'><strong>Bambergensis</strong></span> <span class='ocrx_word' id='word_1_531' title='bbox 3001 4968 3310 5038; x_wconf 78' lang='lat' dir='ltr'><strong>privilegia.</strong></span> <span class='ocrx_word' id='word_1_532' title='bbox 3367 4967 3578 5037; x_wconf 81' lang='lat' dir='ltr'><strong>Legen-</strong></span> 
     </span>
    </p>
   </div>
   <div class='ocr_carea' id='block_1_82' title="bbox 1962 5047 2325 5117">
    <p class='ocr_par' dir='ltr' id='par_1_82' title="bbox 1962 5047 2325 5117">
     <span class='ocr_line' id='line_1_86' title="bbox 1962 5047 2325 5117; baseline -0.017 -13"><span class='ocrx_word' id='word_1_533' title='bbox 1962 5049 2049 5104; x_wconf 71' lang='lat' dir='ltr'><strong>da:</strong></span> <span class='ocrx_word' id='word_1_534' title='bbox 2080 5063 2201 5117; x_wconf 88' lang='lat' dir='ltr'><strong>cap.</strong></span> <span class='ocrx_word' id='word_1_535' title='bbox 2241 5047 2325 5099; x_wconf 83' lang='lat' dir='ltr'><strong>l8.</strong></span> 
     </span>
    </p>
   </div>
   <div class='ocr_carea' id='block_1_83' title="bbox 1963 5142 3596 5221">
    <p class='ocr_par' dir='ltr' id='par_1_83' title="bbox 1963 5142 3596 5221">
     <span class='ocr_line' id='line_1_87' title="bbox 1963 5142 3596 5221; baseline -0.008 -13"><span class='ocrx_word' id='word_1_536' title='bbox 1963 5155 2144 5208; x_wconf 77' lang='lat' dir='ltr'><strong>2t-26.</strong></span> <span class='ocrx_word' id='word_1_537' title='bbox 2176 5151 2331 5206; x_wconf 89' lang='lat' dir='ltr'><strong>ldem</strong></span> <span class='ocrx_word' id='word_1_538' title='bbox 2365 5163 2594 5221; x_wconf 89' lang='lat' dir='ltr'><strong>quoque</strong></span> <span class='ocrx_word' id='word_1_539' title='bbox 2630 5144 2841 5201; x_wconf 61' lang='lat' dir='ltr'><strong>Praesul</strong></span> <span class='ocrx_word' id='word_1_540' title='bbox 2872 5142 3251 5214; x_wconf 87' lang='lat' dir='ltr'><strong>Apostolicus,</strong></span> <span class='ocrx_word' id='word_1_541' title='bbox 3312 5142 3596 5196; x_wconf 85' lang='lat' dir='ltr'><strong>invitante&#39;</strong></span> 
     </span>
    </p>
   </div>
   <div class='ocr_carea' id='block_1_84' title="bbox 1898 5228 3586 5309">
    <p class='ocr_par' dir='ltr' id='par_1_84' title="bbox 1898 5228 3586 5309">
     <span class='ocr_line' id='line_1_88' title="bbox 1898 5228 3586 5309; baseline -0.009 -12"><span class='ocrx_word' id='word_1_542' title='bbox 1898 5241 2161 5297; x_wconf 83' lang='lat' dir='ltr'><strong>lleinrico</strong></span> <span class='ocrx_word' id='word_1_543' title='bbox 2191 5241 2565 5309; x_wconf 85' lang='lat' dir='ltr'><strong>lmperatore,</strong></span> <span class='ocrx_word' id='word_1_544' title='bbox 2588 5232 2926 5290; x_wconf 86' lang='lat' dir='ltr'><strong>Teutonicas</strong></span> <span class='ocrx_word' id='word_1_545' title='bbox 2977 5235 3164 5301; x_wconf 89' lang='lat' dir='ltr'><strong>partes</strong></span> <span class='ocrx_word' id='word_1_546' title='bbox 3195 5228 3392 5284; x_wconf 86' lang='lat' dir='ltr'><strong>adiens</strong></span> <span class='ocrx_word' id='word_1_547' title='bbox 3437 5229 3586 5284; x_wconf 82' lang='lat' dir='ltr'><strong>Rati-</strong></span> 
     </span>
    </p>
   </div>
   <div class='ocr_carea' id='block_1_85' title="bbox 1897 5317 3587 5402">
    <p class='ocr_par' dir='ltr' id='par_1_85' title="bbox 1897 5317 3587 5402">
     <span class='ocr_line' id='line_1_89' title="bbox 1897 5317 3587 5402; baseline -0.008 -17"><span class='ocrx_word' id='word_1_548' title='bbox 1897 5347 2135 5402; x_wconf 83' lang='lat' dir='ltr'><strong>sponam</strong></span> <span class='ocrx_word' id='word_1_549' title='bbox 2158 5329 2330 5391; x_wconf 85' lang='lat' dir='ltr'><strong>venit,</strong></span> <span class='ocrx_word' id='word_1_550' title='bbox 2355 5331 2729 5395; x_wconf 85' lang='lat' dir='ltr'><strong>sanctumque</strong></span> <span class='ocrx_word' id='word_1_551' title='bbox 2744 5321 3142 5392; x_wconf 85' lang='lat' dir='ltr'><strong>Wolfgangum</strong></span> <span class='ocrx_word' id='word_1_552' title='bbox 3159 5319 3413 5390; x_wconf 87' lang='lat' dir='ltr'><strong>ejusdem</strong></span> <span class='ocrx_word' id='word_1_553' title='bbox 3429 5317 3587 5372; x_wconf 90' lang='lat' dir='ltr'><strong>urbis</strong></span> 
     </span>
    </p>
   </div>
   <div class='ocr_carea' id='block_1_86' title="bbox 1900 5406 3589 5490">
    <p class='ocr_par' dir='ltr' id='par_1_86' title="bbox 1900 5406 3589 5490">
     <span class='ocr_line' id='line_1_90' title="bbox 1900 5406 3589 5490; baseline -0.009 -17"><span class='ocrx_word' id='word_1_554' title='bbox 1900 5419 2240 5490; x_wconf 88' lang='lat' dir='ltr'><strong>Episcopum</strong></span> <span class='ocrx_word' id='word_1_555' title='bbox 2271 5415 2341 5470; x_wconf 91' lang='lat' dir='ltr'><strong>de</strong></span> <span class='ocrx_word' id='word_1_556' title='bbox 2373 5412 2596 5467; x_wconf 90' lang='lat' dir='ltr'><strong>tumulo</strong></span> <span class='ocrx_word' id='word_1_557' title='bbox 2641 5409 2868 5474; x_wconf 84' lang='lat' dir='ltr'><strong>levavit,</strong></span> <span class='ocrx_word' id='word_1_558' title='bbox 2913 5408 3046 5462; x_wconf 91' lang='lat' dir='ltr'><strong>inde</strong></span> <span class='ocrx_word' id='word_1_559' title='bbox 3106 5406 3429 5461; x_wconf 76' lang='lat' dir='ltr'><strong>Babenberc</strong></span> <span class='ocrx_word' id='word_1_560' title='bbox 3457 5419 3589 5459; x_wconf 87' lang='lat' dir='ltr'><strong>cum</strong></span> 
     </span>
    </p>
   </div>
   <div class='ocr_carea' id='block_1_87' title="bbox 1898 5494 3591 5579">
    <p class='ocr_par' dir='ltr' id='par_1_87' title="bbox 1898 5494 3591 5579">
     <span class='ocr_line' id='line_1_91' title="bbox 1898 5494 3591 5579; baseline -0.007 -17"><span class='ocrx_word' id='word_1_561' title='bbox 1898 5509 2024 5579; x_wconf 88' lang='lat' dir='ltr'><strong>ipso</strong></span> <span class='ocrx_word' id='word_1_562' title='bbox 2065 5506 2415 5576; x_wconf 89' lang='lat' dir='ltr'><strong>lmperatore</strong></span> <span class='ocrx_word' id='word_1_563' title='bbox 2455 5500 2788 5574; x_wconf 88' lang='lat' dir='ltr'><strong>populoque</strong></span> <span class='ocrx_word' id='word_1_564' title='bbox 2819 5495 3180 5571; x_wconf 89' lang='lat' dir='ltr'><strong>pronuntiari</strong></span> <span class='ocrx_word' id='word_1_565' title='bbox 3214 5494 3505 5550; x_wconf 86' lang='lat' dir='ltr'><strong>mandavit</strong></span> <span class='ocrx_word' id='word_1_566' title='bbox 3533 5497 3591 5550; x_wconf 86' lang='lat' dir='ltr'><strong>et</strong></span> 
     </span>
    </p>
   </div>
   <div class='ocr_carea' id='block_1_88' title="bbox 1901 5584 3590 5656">
    <p class='ocr_par' dir='ltr' id='par_1_88' title="bbox 1901 5584 3590 5656">
     <span class='ocr_line' id='line_1_92' title="bbox 1901 5584 3590 5656; baseline -0.007 -6"><span class='ocrx_word' id='word_1_567' title='bbox 1901 5611 2001 5652; x_wconf 84' lang='lat' dir='ltr'><strong>sua</strong></span> <span class='ocrx_word' id='word_1_568' title='bbox 2035 5593 2373 5649; x_wconf 66' lang='lat' dir='ltr'><strong>auctoritate</strong></span> <span class='ocrx_word' id='word_1_569' title='bbox 2404 5591 2498 5644; x_wconf 78' lang='lat' dir='ltr'><strong>illa</strong></span> <span class='ocrx_word' id='word_1_570' title='bbox 2531 5586 2916 5643; x_wconf 73' lang='lat' dir='ltr'><strong>conﬁrmavit.</strong></span> <span class='ocrx_word' id='word_1_571' title='bbox 2955 5585 3125 5656; x_wconf 75' lang='lat' dir='ltr'><strong>Cujus</strong></span> <span class='ocrx_word' id='word_1_572' title='bbox 3153 5584 3427 5640; x_wconf 87' lang='lat' dir='ltr'><strong>nimirum</strong></span> <span class='ocrx_word' id='word_1_573' title='bbox 3455 5599 3590 5638; x_wconf 87' lang='lat' dir='ltr'><strong>con-</strong></span> 
     </span>
    </p>
   </div>
   <div class='ocr_carea' id='block_1_89' title="bbox 144 4809 1776 4885">
    <p class='ocr_par' dir='ltr' id='par_1_89' title="bbox 144 4809 1776 4885">
     <span class='ocr_line' id='line_1_93' title="bbox 144 4809 1776 4885; baseline -0.013 -5"><span class='ocrx_word' id='word_1_574' title='bbox 235 4827 313 4879; x_wconf 91' lang='lat' dir='ltr'><strong>De</strong></span> <span class='ocrx_word' id='word_1_575' title='bbox 342 4817 676 4875; x_wconf 88' lang='lat' dir='ltr'><strong>alterutrius</strong></span> <span class='ocrx_word' id='word_1_576' title='bbox 712 4814 913 4885; x_wconf 87' lang='lat' dir='ltr'><strong>majori</strong></span> <span class='ocrx_word' id='word_1_577' title='bbox 961 4816 1060 4867; x_wconf 90' lang='lat' dir='ltr'><strong>aut</strong></span> <span class='ocrx_word' id='word_1_578' title='bbox 1091 4809 1299 4864; x_wconf 87' lang='lat' dir='ltr'><strong>minori</strong></span> <span class='ocrx_word' id='word_1_579' title='bbox 1331 4809 1653 4863; x_wconf 79' lang='lat' dir='ltr'><strong>sinceritate.</strong></span> <span class='ocrx_word' id='word_1_580' title='bbox 1713 4823 1776 4859; x_wconf 86' lang='lat' dir='ltr'><strong>ex</strong></span> 
     </span>
    </p>
   </div>
   <div class='ocr_carea' id='block_1_90' title="bbox 81 4895 1780 4972">
    <p class='ocr_par' dir='ltr' id='par_1_90' title="bbox 81 4895 1780 4972">
     <span class='ocr_line' id='line_1_94' title="bbox 81 4895 1780 4972; baseline -0.012 -4"><span class='ocrx_word' id='word_1_581' title='bbox 81 4916 163 4968; x_wconf 86' lang='lat' dir='ltr'><strong>his</strong></span> <span class='ocrx_word' id='word_1_582' title='bbox 196 4912 430 4969; x_wconf 85' lang='lat' dir='ltr'><strong>duobus</strong></span> <span class='ocrx_word' id='word_1_583' title='bbox 461 4909 733 4962; x_wconf 88' lang='lat' dir='ltr'><strong>duntaxat</strong></span> <span class='ocrx_word' id='word_1_584' title='bbox 764 4900 1187 4972; x_wconf 79' lang='lat' dir='ltr'><strong>exemplaribus</strong></span> <span class='ocrx_word' id='word_1_585' title='bbox 1217 4898 1363 4953; x_wconf 82' lang='lat' dir='ltr'><strong>nihil</strong></span> <span class='ocrx_word' id='word_1_586' title='bbox 1397 4900 1522 4952; x_wconf 87' lang='lat' dir='ltr'><strong>tuto</strong></span> <span class='ocrx_word' id='word_1_587' title='bbox 1550 4895 1780 4951; x_wconf 85' lang='lat' dir='ltr'><strong>decerni</strong></span> 
     </span>
    </p>
   </div>
   <div class='ocr_carea' id='block_1_91' title="bbox 84 4984 1782 5071">
    <p class='ocr_par' dir='ltr' id='par_1_91' title="bbox 84 4984 1782 5071">
     <span class='ocr_line' id='line_1_95' title="bbox 84 4984 1782 5071; baseline -0.012 -15"><span class='ocrx_word' id='word_1_588' title='bbox 84 5017 247 5071; x_wconf 87' lang='lat' dir='ltr'><strong>posse</strong></span> <span class='ocrx_word' id='word_1_589' title='bbox 268 4999 436 5052; x_wconf 88' lang='lat' dir='ltr'><strong>video</strong></span> <span class='ocrx_word' id='word_1_590' title='bbox 468 5014 481 5064; x_wconf 89' lang='lat'><strong>;</strong></span> <span class='ocrx_word' id='word_1_591' title='bbox 515 4993 761 5049; x_wconf 76' lang='lat' dir='ltr'><strong>sufficiat</strong></span> <span class='ocrx_word' id='word_1_592' title='bbox 792 4991 931 5045; x_wconf 89' lang='lat' dir='ltr'><strong>mihi</strong></span> <span class='ocrx_word' id='word_1_593' title='bbox 966 4997 1296 5058; x_wconf 89' lang='lat' dir='ltr'><strong>utrumque,</strong></span> <span class='ocrx_word' id='word_1_594' title='bbox 1329 5002 1399 5040; x_wconf 89' lang='lat' dir='ltr'><strong>ne</strong></span> <span class='ocrx_word' id='word_1_595' title='bbox 1423 4985 1516 5038; x_wconf 91' lang='lat' dir='ltr'><strong>hic</strong></span> <span class='ocrx_word' id='word_1_596' title='bbox 1541 4984 1782 5038; x_wconf 90' lang='lat' dir='ltr'><strong>subinde</strong></span> 
     </span>
    </p>
   </div>
   <div class='ocr_carea' id='block_1_92' title="bbox 83 5075 1782 5160">
    <p class='ocr_par' dir='ltr' id='par_1_92' title="bbox 83 5075 1782 5160">
     <span class='ocr_line' id='line_1_96' title="bbox 83 5075 1782 5160; baseline -0.015 -16"><span class='ocrx_word' id='word_1_597' title='bbox 83 5095 294 5160; x_wconf 81' lang='lat' dir='ltr'><strong>pereat,</strong></span> <span class='ocrx_word' id='word_1_598' title='bbox 333 5083 682 5147; x_wconf 86' lang='lat' dir='ltr'><strong>exhibuisse,</strong></span> <span class='ocrx_word' id='word_1_599' title='bbox 720 5086 780 5134; x_wconf 90' lang='lat' dir='ltr'><strong>ut</strong></span> <span class='ocrx_word' id='word_1_600' title='bbox 811 5079 1020 5150; x_wconf 91' lang='lat' dir='ltr'><strong>quibus</strong></span> <span class='ocrx_word' id='word_1_601' title='bbox 1048 5078 1214 5149; x_wconf 78' lang='lat' dir='ltr'><strong>plura</strong></span> <span class='ocrx_word' id='word_1_602' title='bbox 1232 5075 1316 5129; x_wconf 91' lang='lat' dir='ltr'><strong>-ad</strong></span> <span class='ocrx_word' id='word_1_603' title='bbox 1349 5089 1583 5128; x_wconf 89' lang='lat' dir='ltr'><strong>manum</strong></span> <span class='ocrx_word' id='word_1_604' title='bbox 1629 5075 1782 5136; x_wconf 85' lang='lat' dir='ltr'><strong>sunt,</strong></span> 
     </span>
    </p>
   </div>
   <div class='ocr_carea' id='block_1_93' title="bbox 86 5158 1782 5240">
    <p class='ocr_par' dir='ltr' id='par_1_93' title="bbox 86 5158 1782 5240">
     <span class='ocr_line' id='line_1_97' title="bbox 86 5158 1782 5240; baseline -0.011 -12"><span class='ocrx_word' id='word_1_605' title='bbox 86 5158 499 5231; x_wconf 80' lang='lat' dir='ltr'><strong>accuratiorem</strong></span> <span class='ocrx_word' id='word_1_606' title='bbox 551 5168 1014 5240; x_wconf 88' lang='lat' dir='ltr'><strong>disquisitionem</strong></span> <span class='ocrx_word' id='word_1_607' title='bbox 1049 5164 1370 5218; x_wconf 88' lang='lat' dir='ltr'><strong>instituant.</strong></span> <span class='ocrx_word' id='word_1_608' title='bbox 1429 5160 1578 5215; x_wconf 85' lang='lat' dir='ltr'><strong>llabe</strong></span> <span class='ocrx_word' id='word_1_609' title='bbox 1614 5158 1782 5212; x_wconf 86' lang='lat' dir='ltr'><strong>modo</strong></span> 
     </span>
    </p>
   </div>
   <div class='ocr_carea' id='block_1_94' title="bbox 88 5247 1782 5336">
    <p class='ocr_par' dir='ltr' id='par_1_94' title="bbox 88 5247 1782 5336">
     <span class='ocr_line' id='line_1_98' title="bbox 88 5247 1782 5336; baseline -0.014 -16"><span class='ocrx_word' id='word_1_610' title='bbox 88 5265 366 5336; x_wconf 84' lang='lat' dir='ltr'><strong>promissa</strong></span> <span class='ocrx_word' id='word_1_611' title='bbox 414 5259 752 5331; x_wconf 87' lang='lat' dir='ltr'><strong>diplomata,</strong></span> <span class='ocrx_word' id='word_1_612' title='bbox 785 5272 846 5310; x_wconf 83' lang='lat' dir='ltr'><strong>ex</strong></span> <span class='ocrx_word' id='word_1_613' title='bbox 872 5253 1148 5323; x_wconf 84' lang='lat' dir='ltr'><strong>anonymi</strong></span> <span class='ocrx_word' id='word_1_614' title='bbox 1180 5267 1355 5322; x_wconf 88' lang='lat' dir='ltr'><strong>opere</strong></span> <span class='ocrx_word' id='word_1_615' title='bbox 1387 5249 1498 5302; x_wconf 89' lang='lat' dir='ltr'><strong>huc</strong></span> <span class='ocrx_word' id='word_1_616' title='bbox 1527 5247 1782 5311; x_wconf 88' lang='lat' dir='ltr'><strong>remissa,</strong></span> 
     </span>
    </p>
   </div>
   <div class='ocr_carea' id='block_1_95' title="bbox 91 5338 1785 5425">
    <p class='ocr_par' dir='ltr' id='par_1_95' title="bbox 91 5338 1785 5425">
     <span class='ocr_line' id='line_1_99' title="bbox 91 5338 1785 5425; baseline -0.014 -16"><span class='ocrx_word' id='word_1_617' title='bbox 91 5370 214 5425; x_wconf 75' lang='lat' dir='ltr'><strong>quae</strong></span> <span class='ocrx_word' id='word_1_618' title='bbox 273 5352 412 5405; x_wconf 86' lang='lat' dir='ltr'><strong>satis</strong></span> <span class='ocrx_word' id='word_1_619' title='bbox 462 5348 573 5403; x_wconf 89' lang='lat' dir='ltr'><strong>erit</strong></span> <span class='ocrx_word' id='word_1_620' title='bbox 620 5345 841 5415; x_wconf 85' lang='lat' dir='ltr'><strong>integre</strong></span> <span class='ocrx_word' id='word_1_621' title='bbox 893 5341 1210 5396; x_wconf 84' lang='lat' dir='ltr'><strong>reddidisse</strong></span> <span class='ocrx_word' id='word_1_622' title='bbox 1251 5345 1316 5392; x_wconf 90' lang='lat' dir='ltr'><strong>ut</strong></span> <span class='ocrx_word' id='word_1_623' title='bbox 1371 5338 1443 5391; x_wconf 90' lang='lat' dir='ltr'><strong>ab</strong></span> <span class='ocrx_word' id='word_1_624' title='bbox 1486 5339 1785 5405; x_wconf 84' lang='lat' dir='ltr'><strong>Anonymo</strong></span> 
     </span>
    </p>
   </div>
   <div class='ocr_carea' id='block_1_96' title="bbox 95 5424 1788 5504">
    <p class='ocr_par' dir='ltr' id='par_1_96' title="bbox 95 5424 1788 5504">
     <span class='ocr_line' id='line_1_100' title="bbox 95 5424 1788 5504; baseline -0.014 -7"><span class='ocrx_word' id='word_1_625' title='bbox 95 5424 241 5496; x_wconf 76' lang='lat' dir='ltr'><strong>edita</strong></span> <span class='ocrx_word' id='word_1_626' title='bbox 272 5447 437 5504; x_wconf 87' lang='lat' dir='ltr'><strong>sunt;</strong></span> <span class='ocrx_word' id='word_1_627' title='bbox 473 5451 606 5491; x_wconf 88' lang='lat' dir='ltr'><strong>cum</strong></span> <span class='ocrx_word' id='word_1_628' title='bbox 641 5435 759 5488; x_wconf 89' lang='lat' dir='ltr'><strong>sola</strong></span> <span class='ocrx_word' id='word_1_629' title='bbox 789 5433 901 5486; x_wconf 91' lang='lat' dir='ltr'><strong>duo</strong></span> <span class='ocrx_word' id='word_1_630' title='bbox 926 5431 1109 5502; x_wconf 90' lang='lat' dir='ltr'><strong>prima</strong></span> <span class='ocrx_word' id='word_1_631' title='bbox 1140 5430 1209 5483; x_wconf 87' lang='lat' dir='ltr'><strong>ad</strong></span> <span class='ocrx_word' id='word_1_632' title='bbox 1264 5428 1320 5481; x_wconf 93' lang='lat' dir='ltr'><strong>S.</strong></span> <span class='ocrx_word' id='word_1_633' title='bbox 1365 5424 1589 5479; x_wconf 86' lang='lat' dir='ltr'><strong>llcnrici</strong></span> <span class='ocrx_word' id='word_1_634' title='bbox 1635 5429 1788 5476; x_wconf 84' lang='lat' dir='ltr'><strong>tem-</strong></span> 
     </span>
    </p>
   </div>
   <div class='ocr_carea' id='block_1_97' title="bbox 100 5510 1788 5602">
    <p class='ocr_par' dir='ltr' id='par_1_97' title="bbox 100 5510 1788 5602">
     <span class='ocr_line' id='line_1_101' title="bbox 100 5510 1788 5602; baseline -0.014 -15"><span class='ocrx_word' id='word_1_635' title='bbox 100 5548 234 5602; x_wconf 87' lang='lat' dir='ltr'><strong>pora</strong></span> <span class='ocrx_word' id='word_1_636' title='bbox 266 5531 548 5602; x_wconf 88' lang='lat' dir='ltr'><strong>spectent,</strong></span> <span class='ocrx_word' id='word_1_637' title='bbox 584 5522 809 5578; x_wconf 86' lang='lat' dir='ltr'><strong>abunde</strong></span> <span class='ocrx_word' id='word_1_638' title='bbox 828 5521 948 5592; x_wconf 87' lang='lat' dir='ltr'><strong>jam</strong></span> <span class='ocrx_word' id='word_1_639' title='bbox 981 5519 1281 5590; x_wconf 85' lang='lat' dir='ltr'><strong>explicata,</strong></span> <span class='ocrx_word' id='word_1_640' title='bbox 1322 5519 1531 5602; x_wconf 64' lang='lat' dir='ltr'><strong>praeter</strong></span> <span class='ocrx_word' id='word_1_641' title='bbox 1562 5510 1788 5602; x_wconf 78' lang='lat' dir='ltr'><strong>pensio-</strong></span> 
     </span>
    </p>
   </div>
   <div class='ocr_carea' id='block_1_98' title="bbox 40 5591 1790 5678">
    <p class='ocr_par' dir='ltr' id='par_1_98' title="bbox 40 5591 1790 5678">
     <span class='ocr_line' id='line_1_102' title="bbox 40 5591 1790 5678; baseline -0.013 -4"><span class='ocrx_word' id='word_1_642' title='bbox 40 5591 50 5620; x_wconf 73' lang='grc'><em>’</em></span> <span class='ocrx_word' id='word_1_643' title='bbox 103 5591 228 5675; x_wconf 66' lang='lat' dir='ltr'><strong>item</strong></span> <span class='ocrx_word' id='word_1_644' title='bbox 271 5591 524 5674; x_wconf 62' lang='lat' dir='ltr'><strong>annuam</strong></span> <span class='ocrx_word' id='word_1_645' title='bbox 578 5613 837 5669; x_wconf 78' lang='lat' dir='ltr'><strong>Romano</strong></span> <span class='ocrx_word' id='word_1_646' title='bbox 871 5607 1131 5664; x_wconf 82' lang='lat' dir='ltr'><strong>Pontiiici</strong></span> <span class='ocrx_word' id='word_1_647' title='bbox 1189 5604 1361 5678; x_wconf 89' lang='lat' dir='ltr'><strong>pendi</strong></span> <span class='ocrx_word' id='word_1_648' title='bbox 1420 5601 1669 5666; x_wconf 89' lang='lat' dir='ltr'><strong>solitam,</strong></span> <span class='ocrx_word' id='word_1_649' title='bbox 1721 5597 1790 5652; x_wconf 87' lang='lat' dir='ltr'><strong>de</strong></span> 
     </span>
    </p>
   </div>
  </div>
