3938 6386
419 345 516 406 143

1712 356 1766 412 S.
1811 357 2094 415 HENlllCl
2140 358 2611 418 IMPERATORIS
3809 373 3822 421 l

3835 371 3892 422 44

412 484 755 540 ﬁrmationis
815 486 1120 557 descriptio
1184 487 1245 541 in
1297 487 1448 541 hunc
1496 489 1728 543 modum
1797 507 1854 545 se
1905 491 2098 549 habet.
2145 487 2184 538 Α
2219 485 2501 555 quidquid
2541 487 2616 541 ad
2652 502 2904 558 ρι’ωεεηε
2959 488 3100 543 illud
3149 490 3399 560 pertinet
3425 493 3514 546 vel
3539 509 3602 546 ex
3665 493 3752 546 his
3785 510 3891 547 am-

418 595 442 623 σ
483 575 590 629 Leo
619 575 926 646 Episcopus
954 592 1147 629 servus
1178 592 1468 630 servorum
1508 577 1609 632 Dei
1662 579 1936 635 Hartwico
1995 582 2100 635 Bi-

413 662 791 734 benbergensi
842 665 1134 735 Episcopo,
1206 664 1431 736 sibique
1486 668 1755 722 canonice
1822 669 1881 723 in
1969 670 2101 724 sede

415 752 772 823 episcopatus
805 753 1115 807 successori
1182 753 1242 807 in
1301 758 1665 824 perpetuum,
1730 762 2000 812 mternam
2041 758 2101 812 in

414 839 657 892 Domino
679 841 941 894 salutem.
975 841 1112 895 Cum
1145 842 1407 910 exigente
1438 857 1575 897 cura
1604 846 1898 914 pastorali,
1935 866 1962 894 »
1991 851 2099 901 etc.

420 927 556 980 Vide
578 929 673 981 ubi
701 943 888 997 supra.

412 1035 1042 1109 Henricijrnpcrntoris
1090 1036 1161 1100 Π,
1228 1037 1388 1109 Regiis
1455 1038 1537 1090 ΙΙΙ
1605 1040 1938 1103 constitutio,
1992 1057 2100 1109 qua

479 1105 708 1157 ecclesiae
735 1105 1141 1171 Bambergensis
1174 1108 1468 1174 privilegia
1516 1110 1925 1175 conﬁrmantur.
1992 1105 2095 1164 Le—

482 1176 684 1242 gendae
714 1188 838 1244 cap.
877 1178 959 1228 19.

476 1282 566 1333 27.
587 1279 698 1333 Nec
712 1279 1030 1350 minusipse
1045 1280 1161 1333 Rex
1184 1280 1455 1349 praefatus
1481 1282 1886 1350 Heinricuslll,
1912 1285 2095 1339 Chun-

407 1365 529 1418 radi
574 1367 937 1434 Imperatoris
988 1368 1158 1433 ﬁlius,
1193 1370 1434 1439 dudum,
1467 1373 1630 1424 Putre
1685 1372 1929 1438 vivente,
1984 1373 2096 1428 Rex

405 1455 750 1508 constitutus
777 1455 1154 1508 ordinationis
1183 1473 1298 1510 sum
1341 1474 1494 1511 anno
1537 1475 1633 1523 xu,
1689 1461 1853 1529 regni
1905 1467 2094 1515 autem

403 1543 616 1611 primo,
648 1542 718 1595 ad
740 1544 1198 1598 conﬁrmandum
1242 1545 1662 1616 Bambergense
1716 1547 2092 1619 episcopium,

403 1630 773 1701 privilegium
830 1633 978 1702 quod
1037 1633 1402 1703 subjunctum
1432 1642 1516 1688 est
1545 1635 1713 1689 scribi
1755 1637 1947 1706 jussit,
1998 1654 2095 1690 su-

405 1719 638 1788 perstite
665 1719 849 1813 adhuc
869 1720 1227 1813 iEberhardo‘
1247 1723 1434 1791 primo
1470 1723 1726 1813 ejusdem
1780 1725 1926 1778 sedis
1959 1725 2092 1795 Epi-
2126 1760 2164 1813 Β

405 1821 596 1876 scopo.
631 1827 653 1854 ι
691 1807 1009 1876 Heinricus,
1051 1809 1148 1862 Dei
1203 1808 1425 1863 favente
1455 1811 1779 1877 clementia,
1840 1813 1978 1866 Rex.
2032 1814 2095 1867 In

404 1895 666 1948 examine
712 1895 808 1948 Dei
858 1901 1062 1950 cuncta
1108 1897 1511 1968 conspicientis
1558 1901 1778 1970 mquale
1821 1900 2092 1955 meritum

400 1982 686 2037 credimus
710 1983 829 2038 fore
851 1983 1037 2038 dantis
1053 1990 1110 2038 et
1130 1986 1572 2042 corroborantis.
1599 1988 1899 2044 Credimus
1919 1989 2093 2045 etiam

403 2071 474 2125 ad
503 2073 752 2141 regalem
767 2079 1020 2127 nostram
1045 2075 1401 2144 majestatem
1425 2075 1711 2146 pertinere
1731 2076 1906 2131 totius
1929 2079 2092 2148 regni

402 2175 588 2225 curas,
619 2161 1018 2232 praecipueque
1050 2162 1311 2216 omnium
1372 2168 1695 2218 sanctarum
1757 2164 1857 2219 Dei
1913 2167 2090 2220 eccle-

401 2248 616 2302 siarum
646 2250 948 2303 commoda
997 2251 1374 2312 considerare,
1408 2257 1463 2306 et
1515 2253 1710 2307 omnia
1755 2252 1836 2307 eis
1891 2253 2088 2307 adver-

399 2336 582 2389 santia
613 2337 718 2390 sub
748 2337 906 2390 omni
955 2337 1319 2392 festinatione
1368 2339 1617 2402 abolere,
1660 2357 1731 2394 ne
1790 2341 1879 2394 vel
1931 2342 2089 2411 gravi

398 2424 866 2478 incommoditate
923 2426 1213 2492 vilescant,
1263 2429 1348 2481 vel
1391 2427 1664 2498 qualibet,
1726 2445 1830 2499 pro
1897 2435 2088 2483 nostra

400 2513 592 2582 eulpa,
621 2517 745 2565 orta
790 2513 1108 2579 occasione,
1140 2530 1172 2566 a
1216 2515 1456 2585 pristino
1509 2517 1667 2570 cultu
1697 2523 1754 2570 et
1808 2518 2086 2588 religione

393 2601 661 2653 recedant
696 2616 708 2652 :
736 2605 1037 2670 quatenus,
1071 2601 1205 2654 dum
1239 2603 1360 2655 hth
1387 2618 1492 2672 pro
1523 2618 1720 2658 amore
1755 2606 2086 2676 pariterque

391 2688 599 2741 timore
654 2689 750 2741 Dei
782 2687 1028 2742 ﬁdeliter
1059 2690 1408 2760 peregimus,
1442 2691 1672 2745 illorum
1705 2693 1801 2763 qui
1843 2693 1964 2747 haec
1990 2695 2084 2764 pio

389 2775 593 2830 ati'ectu
631 2777 742 2830 Deo
772 2777 1156 2844 contulerunt,
1192 2778 1411 2832 meritis
1451 2784 1506 2832 et
1534 2781 1732 2849 gloriae
1763 2783 2081 2836 communi-

388 2880 600 2918 cemns.
627 2865 869 2918 Proinde
896 2866 1162 2919 omnibus
1194 2867 1250 2919 in
1294 2867 1518 2921 Christo
1557 2869 1842 2937 fidelibus,
1869 2870 2082 2924 scilicet

384 2955 501 3005 tam
534 2952 739 3006 futuris
767 2969 940 3023 quam
973 2954 1368 3023 praesentibus,
1423 2962 1622 3009 notum
1656 2973 1778 3010 esse
1808 2958 2079 3013 volumus

383 3040 631 3109 qualiter
659 3041 731 3094 ob
762 3041 906 3094 hanc
932 3058 1113 3111 spem,
1140 3058 1244 3112 per
1263 3042 1647 3096 interventum
1691 3043 2074 3097 dilectissimm
2107 3037 2148 3090 C

385 3129 584 3181 matris
643 3136 851 3182 nostrae
930 3130 1117 3184 Gisilae
1191 3131 1579 3200 lmperatricis
1631 3134 1926 3202 Augusta,
1970 3149 2072 3202 pro

384 3233 576 3270 amore
633 3217 803 3271 etiam
858 3217 1047 3272 dilecti
1133 3218 1436 3289 ﬁdelisque
1487 3219 1664 3272 nostri
1742 3220 2070 3286 Eberliardi,

381 3306 556 3376 primi
601 3312 806 3359 sanctae
862 3307 1232 3378 Babergensis
1283 3306 1540 3360 Ecclesia
1571 3306 1845 3377 episcopi,
1905 3324 2072 3362 eum-

381 3395 510 3450 dem
569 3396 752 3448 locum
808 3413 837 3447 a
888 3397 1019 3448 divo
1071 3397 1416 3464 lmperatore
1477 3395 1740 3449 Heinrico
1801 3397 2068 3464 secundo,

380 3497 484 3550 pro
518 3498 620 3534 sua
649 3499 1000 3554 suorumque
1055 3483 1248 3535 anima
1281 3483 1338 3536 in
1402 3484 1817 3554 episcopatum,
1878 3484 2071 3538 divina

375 3569 693 3639 inspirante
749 3570 1073 3634 clementia,
1130 3570 1397 3641 perfecta:
1455 3571 1589 3625 fidei
1663 3572 2070 3644 charitatisque

379 3657 701 3724 devotione,
725 3659 785 3711 in
817 3657 1034 3712 honore
1064 3659 1341 3729 Principis
1367 3661 1758 3729 apostolorum
1810 3661 1959 3715 Petri
2015 3668 2072 3716 et

377 3747 437 3801 S.
478 3746 706 3816 Georgii
740 3737 1004 3816 martyris
1035 3747 1429 3807 sublimatum,
1470 3764 1750 3802 consensu
1809 3749 2068 3804 fidelium

377 3840 702 3888 nostrorum
731 3834 1037 3887 sancimus.
1057 3837 1305 3900 et,omni
1327 3835 1778 3890 contradictione
1825 3844 2066 3908 remota,

375 3923 585 3987 regalis
617 3927 825 3976 nostra
869 3923 1184 3991 majestatis
1217 3924 1553 3978 auctoritate
1588 3927 2063 3995 corroboramus;

375 4025 576 4064 omnes
633 4010 803 4063 etiam
857 4027 946 4064 res
999 4011 1240 4066 mobiles
1316 4016 1374 4066 et
1422 4012 1750 4067 immobiles
1809 4015 2062 4084 ejusdem

373 4105 582 4152 sancte
617 4099 716 4152 Dei
744 4099 1015 4163 ecclesiae,
1048 4116 1190 4170 quas
1210 4100 1333 4170 ipse
1386 4101 1551 4154 divus
1593 4103 1911 4174 Imperator
1959 4121 2063 4174 pro

373 4187 574 4241 ardore
609 4189 850 4241 caelestis
880 4191 1077 4258 patriae
1127 4189 1339 4242 ibidem
1389 4190 1546 4259 larga
1577 4207 1752 4245 manu
1802 4193 2061 4260 contulit,

371 4292 439 4329 ea
467 4277 690 4330 ratione
722 4277 1151 4346 conﬁrmamus,
1186 4284 1266 4344 ut,
1305 4278 1489 4332 tidelis
1536 4287 1729 4334 noster
1776 4281 2058 4360 Eberhar-

369 4365 475 4418 dus
521 4366 773 4435 ejusdem
831 4367 940 4420 loci
1019 4365 1240 4436 primus
1289 4366 1623 4438 Episcopus,
1700 4369 1939 4440 ejusque
2001 4370 2061 4423 in

371 4460 714 4523 perpetuum
740 4471 1090 4509 successores
1129 4472 1325 4510 secura
1360 4472 1456 4510 eas
1479 4457 1872 4528 tranquilitate
1926 4475 2059 4528 pos-

368 4541 613 4610 sideant,
658 4548 714 4595 et
760 4544 996 4597 liberam
1045 4549 1385 4614 potestatem
1428 4546 1699 4609 habeant,
1730 4550 1786 4600 et
1844 4561 1952 4611 res,
2004 4552 2062 4599 et

367 4631 743 4699 proprietates
774 4631 1026 4701 ejusdem
1051 4634 1303 4688 ecclesias
1333 4650 1463 4688 cum
1493 4650 1772 4688 consensu
1804 4633 1983 4688 deleri
2005 4639 2060 4686 et

366 4719 570 4789 populi
602 4719 888 4786 ordinare,
915 4737 1280 4791 componere,
1301 4728 1356 4776 et
1375 4729 1768 4793 augmentare.

437 4810 524 4862 28.
553 4829 580 4857 ‹‹
609 4809 808 4862 Nostra
837 4826 1069 4881 quoque
1131 4813 1470 4865 auctoritate
1527 4811 1815 4864 sancimus
1867 4816 1950 4874 ut,
1997 4811 2055 4864 in

365 4896 626 4963 abbatiis,
689 4899 1072 4967 monasteriis,
1128 4899 1516 4965 comitatibus,
1571 4900 1730 4962 foris,
1787 4901 2056 4952 mercati-

360 4982 488 5051 bus,
511 4985 774 5050 monetis,
802 4987 1007 5045 nautis,
1043 4985 1295 5051 telouiis,
1351 4986 1620 5051 castellis,
1677 4984 1846 5051 villis,
1891 4985 2049 5053 vicis,

361 5071 528 5140 areis,
574 5073 768 5132 servis,
821 5073 1060 5138 ancillis,
1111 5073 1450 5137 tributariis,
1503 5071 1762 5136 decimis,
1820 5072 2053 5126 {oresti-

358 5156 465 5210 bus
512 5159 685 5224 silvis,
729 5158 1148 5225 venationibus,
1202 5157 1628 5228 piscationibus,
1682 5157 2050 5224 molendinis,

357 5246 543 5316 aquis,
567 5262 917 5316 aquarumve
945 5246 1294 5310 decursibus,
1344 5245 1582 5316 campis.
1635 5246 1834 5316 pratis,
1877 5246 2048 5315 pisci-

356 5334 468 5401 nis,
499 5335 743 5388 terrenis
769 5334 937 5388 cultis
966 5339 1022 5388 et
1049 5334 1300 5399 incultis,
1323 5334 1504 5398 libris,
1537 5339 1777 5404 argento
1801 5339 1858 5386 et
1884 5350 2046 5396 auro,

356 5423 619 5492 gemmis,
647 5423 812 5490 vasis,
841 5423 1214 5487 ornamentis,
1245 5423 1330 5476 vel
1353 5422 1644 5492 aliquibus
1679 5421 2046 5476 usteusilibus

356 5512 414 5564 in
463 5515 679 5566 cultum
729 5519 785 5566 et
814 5513 1150 5583 religionem
1201 5512 1300 5566 Dei
1329 5512 1546 5565 ibidem
1586 5511 1825 5578 collatis,
1895 5516 1952 5565 et
1986 5511 2044 5564 in

355 5603 620 5660 omnibus
668 5601 928 5658 terminis
984 5601 1271 5675 rebusque
1318 5600 1573 5676 ejusdem
1617 5599 1892 5669 ecclesia,
1947 5601 2047 5653 aut

2103 4317 2145 4370 1)

2214 574 2454 644 pliticari
2532 581 2739 645 potest,
2809 577 2966 630 nulla
3037 577 3111 631 sit
3165 578 3453 634 infestatio
3505 586 3891 651 tyrannorum.

2212 661 2369 714 nulla
2399 668 2648 734 potestas
2678 664 2859 719 irruat
2888 665 2967 720 ibi
3018 682 3122 737 per
3168 667 3524 735 violentiam,
3595 671 3777 724 nullas
3822 672 3894 724 ibi

2211 765 2400 802 comes
2463 757 2562 803 aut
2611 751 2784 820 judex
2828 753 3014 824 legem
3071 753 3253 808 facere
3309 760 3641 825 praesumat,
3694 762 3894 828 praeter

2215 837 2552 908 Episcopum
2609 840 2866 910 ejusdem
2921 842 3046 907 loci,
3097 843 3401 914 omnisque
3454 847 3732 915 possessio
3774 848 3882 900 Deo

2211 925 2614 981 famnlantium
2647 928 2725 982 ibi
2745 945 2848 999 pro
2903 930 3266 984 immunitate
3315 933 3615 988 habeatur.
3669 934 3754 987 Sit
3804 935 3892 988 ille

2212 1016 2580 1086 Episcopatus
2638 1016 2801 1083 liber,
2834 1023 2890 1072 et
2931 1019 3002 1072 ab
3056 1019 3217 1072 omni
3271 1026 3537 1075 extranea
3587 1027 3645 1076 et
3698 1021 3895 1093 iniqua

2210 1118 2439 1156 securus
2463 1109 2742 1173 potestate
2772 1121 2784 1158 :
2818 1112 3122 1176 quatenus,
3154 1107 3366 1161 ibidem
3398 1110 3510 1162 Deo
3535 1109 3892 1174 famulantes,

2209 1196 2263 1243 et.
2297 1191 2467 1261 primi
2501 1194 2906 1247 constructoris
2960 1196 3294 1249 memoriam
3355 1197 3527 1268 digne
3583 1198 3890 1259 celebrare,

2209 1296 2422 1350 nosque
2451 1280 2703 1334 fautores
2730 1289 2786 1335 et
2839 1285 3300 1338 corroboratores
3351 1285 3574 1354 possint
3610 1290 3666 1338 et
3722 1288 3889 1339 velint

2211 1369 2322 1421 Deo
2346 1369 2607 1438 precibus
2633 1369 2719 1421 sui
2775 1373 3197 1426 commendare.
3263 1372 3349 1435 Et,
3400 1378 3462 1426 ut
3507 1373 3627 1426 haec
3682 1381 3891 1427 nostra»

2207 1456 2554 1509 auctoritatis
2584 1457 2815 1511 traditio
2847 1459 3011 1511 firma
3043 1464 3100 1512 et
3144 1460 3473 1514 inconvulsa
3537 1470 3888 1530 permaneat,

2206 1543 2312 1598 hoc
2367 1544 2726 1614 privilegium
2780 1545 2914 1600 inde
2982 1549 3370 1619 conscriptum
3419 1566 3592 1604 manu
3657 1552 3892 1621 propria

2205 1632 2657 1700 corroborantes,
2721 1634 2892 1703 sigilli
2953 1637 3132 1690 nostri
3183 1637 3559 1708 impressione
3613 1638 3894 1707 jussimus

2205 1720 2497 1791 insigniri.
2534 1741 2560 1773 n

2877 1811 3102 1866 CAPUT
3144 1813 3212 1865 Π.

2275 1915 2357 1967 De
2405 1917 2688 1968 recentiori
2732 1931 2832 1984 per
2878 1916 2934 1970 S.
2986 1919 3275 1971 Henricth
3334 1919 3578 1973 Ecclesia.v
3626 1921 3894 1975 Bamber-

2783 1989 2961 2054 geusis
2987 1991 3311 2056 patrocinio.

2269 2074 2356 2126 29.
2425 2073 2736 2127 Praemissis
2791 2074 3212 2145 antiquioribus
3271 2076 3450 2130 sancti
3523 2077 3899 2148 Imperatoris

2201 2158 2489 2214 miraculis
2527 2161 2674 2215 hanc
2704 2161 3080 2232 appendicem
3113 2164 3418 2235 subjungo,
3479 2181 3652 2236 quam
3706 2171 3898 2220 totam

2197 2254 2454 2302 accurate
2488 2251 2719 2319 collegit
2777 2250 3130 2322 digessitque
3187 2253 3450 2307 laudatus
3502 2270 3674 2324 supra
3719 2255 3900 2308 toties

2197 2335 2262 2390 Β.
2296 2337 2358 2390 Ρ.
2411 2337 2673 2392 Nicolaus
2703 2339 2887 2407 Pottu,
2955 2341 3184 2411 collegii
3214 2342 3393 2396 nostri
3451 2343 3900 2413 Bambergensis

2193 2425 2562 2495 dignissimus
2616 2427 2839 2492 Rector,
2889 2429 2950 2481 in
2999 2429 3483 2484 sanctissimorum
3536 2431 3897 2502 Conjugum,

2193 2514 2445 2568 ecclesias
2481 2515 2907 2584 Bambergensis
2936 2516 3324 2581 fundatorum,
3353 2518 3616 2588 gloriam,
3651 2535 3716 2571 ac
3739 2519 3899 2572 duo-

2193 2617 2320 2655 rum
2352 2602 2873 2672 insignissimorum
2896 2604 3230 2673 Praesulum,
3261 2605 3517 2674 ipsorum
3560 2606 3898 2668 clientium,

2194 2691 2455 2745 meritam
2487 2693 3074 2746 commendationem.
3117 2693 3310 2746 Virum
3370 2693 3897 2764 interrogaveram,

2191 2780 2484 2833 nullamne
2513 2779 2960 2848 Bambergenses
2981 2779 3392 2832 miraculorum
3427 2779 3732 2849 postremis
3763 2781 3900 2834 his-

2189 2882 2251 2920 ce
2273 2867 2489 2920 saeculis
2516 2881 2617 2936 per
2648 2865 2879 2920 Sanctos
2901 2871 3254 2936 patratorum
3315 2867 3598 2920 rationem
3649 2867 3902 2923 habuis-

2190 2957 2331 3015 sent,
2362 2969 2610 3023 quorum
2666 2955 2936 3007 elenchus
2991 2955 3083 3008 hic
3133 2954 3305 3006 etiam
3370 2954 3594 3007 adnecti
3651 2957 3903 3024 posset?

2187 3040 2332 3093 Voce
2365 3047 2544 3108 muta,
2579 3046 2636 3094 ut
2660 3041 2738 3094 ita
2761 3044 2982 3111 loquar,
3029 3042 3341 3110 respondit,
3402 3043 3738 3111 praedictam
3787 3061 3907 3114 ap-

2186 3128 2486 3197 pendicem
2544 3144 2640 3182 seu
2678 3135 2979 3182 tractatum
3034 3129 3441 3196 submittendo,
3486 3146 3678 3200 quem,
3750 3131 3906 3185 licet

2185 3215 2423 3268 arbritio
2475 3231 2601 3267 meo
2629 3216 2798 3284 plane
2854 3215 3172 3285 reliquerit,
3197 3215 3473 3270 intactum
3512 3233 3617 3286 ego
3648 3223 3705 3270 et
3736 3219 3901 3272 inte-

2183 3318 2350 3371 grum
2385 3304 2738 3357 reddendum
2761 3304 2976 3371 censui,
3013 3309 3076 3356 ut
3104 3309 3235 3372 pote
3268 3320 3330 3358 ex
3358 3305 3428 3357 iis
3475 3308 3893 3360 monumentis

2183 3394 2586 3445 concinnatum
2634 3392 2843 3460 quibus
2881 3407 2986 3445 nec
3031 3393 3359 3446 addendum
3393 3393 3708 3462 quidquam
3777 3412 3898 3449 nec

2182 3478 2533 3555 demendum
2590 3477 3078 3531 existimaverim:
3129 3485 3186 3531 et
3233 3479 3493 3548 quamvis
3543 3480 3897 3536 Henriciani

2181 3566 2421 3635 favores,
2451 3567 2688 3620 seorsim
2711 3582 2744 3619 a
2782 3567 3018 3633 caeteris,
3045 3568 3105 3619 in
3134 3568 3407 3636 pauciora
3454 3569 3717 3622 contrahi
3782 3586 3900 3640 po-

2179 3654 2442 3721 tuissent,
2471 3659 2586 3708 tam
2614 3654 2888 3724 praeclara
2920 3653 3298 3708 nihilominus
3329 3654 3448 3708 visa
3501 3661 3638 3710 sunt
3697 3657 3898 3713 virtu—

2180 3748 2300 3795 tum
2327 3743 2606 3812 exempla,
2639 3756 2672 3793 a
2701 3740 2849 3794 binis
2879 3741 3310 3811 Bambergensis
3342 3742 3593 3795 ecclesia!
3645 3743 3898 3812 Episco-

2177 3831 2288 3901 pis,
2315 3831 2375 3886 S.
2420 3831 2660 3884 Henrico
2697 3828 3059 3900 potissimum
3107 3830 3448 3899 opitulante,
3480 3831 3602 3884 orbi
3661 3832 3898 3886 Catho-

2178 3918 2286 3974 lico
2326 3919 2600 3984 exhibita,
2635 3923 2696 3972 ut
2751 3918 2842 3971 hic
2880 3917 3070 3972 locum
3113 3917 3325 3971 habere
3383 3926 3740 3975 mereantur.
3803 3923 3900 3976 Ex

2177 4008 2300 4079 ipsa
2323 4007 2673 4074 narratione,
2697 4022 2731 4058 a
2755 4007 3018 4060 Pottuvio
3049 4011 3196 4060 recte
3249 4006 3606 4072 concinnata,
3663 4009 3898 4064 intelli-

2175 4095 2333 4165 gitur
2363 4095 2541 4148 totius
2593 4094 2672 4148 rei
2721 4094 3061 4163 mconomia,
3117 4095 3208 4148 cui
3285 4095 3375 4149 hic
3437 4096 3634 4150 titulus
3678 4100 3893 4168 praeﬁ-

2177 4197 2280 4234 xus
2308 4186 2411 4234 est.

2249 4288 2482 4342 Furores
2535 4303 2570 4340 α
2658 4287 2711 4342 S.
2775 4288 2997 4340 Henrico
3079 4288 3283 4340 caelitus
3334 4291 3570 4357 praestiti

2600 4358 2890 4426 Episcopis
2933 4358 3434 4424 Bambergcnsibus.

2241 4450 2326 4501 30.
2366 4469 2392 4494 ‹‹
2425 4447 2729 4501 Postremis
2755 4445 2905 4499 hisce
2936 4446 3178 4510 smculis,
3235 4447 3444 4517 quibus
3499 4448 3754 4504 haereses
3816 4453 3894 4507 in

2171 4536 2471 4591 Germania
2501 4539 2766 4605 grassata!
2794 4539 3115 4605 suntatque
3137 4534 3310 4590 etiam
3338 4537 3718 4593 Franconiam
3746 4555 3898 4595 ma-

2169 4641 2284 4695 gna
2311 4641 2379 4678 ex
2408 4630 2566 4694 parte
2597 4623 2935 4688 iniecerunt,
2993 4622 3048 4678 S.
3086 4622 3361 4676 Henricus
3412 4640 3543 4678 cum
3590 4625 3887 4696 virginea

2169 4728 2269 4765 sua
2297 4713 2541 4780 conjuge
2572 4711 2879 4781 specialem
2927 4711 3177 4764 ecclesia:
3231 4711 3666 4782 Bambergensis
3719 4731 3756 4767 a
3814 4734 3896 4770 se

2167 4801 2304 4855 olim
2334 4800 2586 4854 fundatae
2607 4815 2803 4853 curam
2839 4813 3036 4868 gerere
3084 4799 3236 4852 visus
3284 4805 3396 4864 est;
3447 4801 3580 4854 dum
3625 4803 3888 4874 aliquot

2168 4888 2468 4958 Episcopos
2499 4887 2964 4958 Bambergeuses,
2996 4887 3139 4941 duos
3168 4889 3507 4958 praesertim,
3573 4889 3683 4944 sibi
3740 4893 3896 4946 sin-

2163 4977 2443 5046 gulariter
2468 4975 2722 5040 devotos,
2781 4976 3050 5028 nimirum
3096 4975 3445 5046 Nythardum
3509 4979 3888 5049 episcopum

2162 5081 2305 5130 XLVI,
2363 5070 2418 5118 et
2470 5065 2744 5118 Joannem
2823 5064 3193 5118 Godefridum
3265 5065 3597 5136 episcopum
3686 5084 3897 5126 XLVIII

2160 5153 2622 5208 extraordinariis
2640 5152 2981 5224 quibusdam
3015 5153 3300 5206 favoribus
3347 5161 3687 5224 prosecutus
3760 5168 3896 5225 est,

2158 5247 2332 5313 atque
2364 5241 2564 5295 eadem
2603 5257 2774 5311 opera
2824 5240 3129 5295 Ecclesiam
3165 5243 3667 5312 Bambergensem,
3741 5263 3897 5303 me-

2157 5331 2348 5385 diante
2386 5332 2505 5384 zelo
2536 5330 2740 5384 horum
2777 5328 3020 5383 duorum
3064 5329 3396 5396 Presulum,
3457 5333 3528 5386 ab
3583 5331 3897 5388 infelicis-

2158 5419 2304 5475 sima
2364 5419 2646 5472 haereseos
2703 5423 2758 5471 et
2788 5419 3137 5487 ﬂagitiorum
3193 5419 3464 5472 servitute
3523 5420 3897 5481 vindicavit.

2156 5508 2291 5572 Qum
2321 5507 2414 5561 hic
2440 5513 2748 5561 narrantur
2793 5507 3093 5576 desumpta
3148 5511 3282 5561 sunt
3350 5507 3727 5577 potissimum
3800 5530 3896 5569 ex

2157 5596 2440 5652 Friderico
2475 5597 2745 5662 Fornero,
2778 5595 3048 5668 scriptore
3073 5594 3367 5668 Episcopis
3411 5597 3523 5652 illis
3553 5615 3760 5653 coaevo
3817 5611 3909 5659 et

3654 4291 3897 4347 duobus
