3938 6316
64 317 159 371 145

62 434 331 491 familiari

0 592 3 595 γ
60 524 365 591 inscriptio
393 522 682 595 sepulchri
721 525 845 592 ejus
887 522 1216 593 Bambergze
1242 523 1302 577 in
1335 524 1551 594 templo
1600 540 1763 596 paro-

0 602 11 621 “
60 612 237 666 chiali
268 612 325 667 S.
355 611 600 677 Martini,
646 627 775 681 qua:
804 611 932 664 talis
988 617 1075 665 est
1107 627 1120 664 :
1177 632 1202 662 α
1235 612 1761 666 Reverendissimus

61 726 81 749 σ
125 702 185 754 in
222 701 451 756 Christo
493 703 658 754 Pater
695 716 760 753 ac
805 699 1084 753 Dominus
1119 700 1435 754 Fridericus
1476 703 1761 756 Fornerus

62 813 80 836 ‹
124 806 247 844 sac.
307 789 636 858 Theologiae
715 789 937 855 Doctor,
990 789 1289 859 episcopus
1357 790 1757 856 Ht-bronensis,

59 899 83 929 ι
125 879 531 947 suﬂ‘raganeus
584 877 1037 950 Bambergensis,
1071 895 1134 931 ac
1161 878 1373 932 ibidem
1409 879 1469 933 in
1491 878 1759 947 spiritua-

58 992 84 1015 ιι
126 968 287 1022 libus
321 967 575 1021 Vicarius
606 966 920 1030 Generalis,
949 982 1123 1020 sacra:
1178 968 1449 1021 Cesarete
1506 968 1759 1037 Majesta-

60 1074 84 1109 ι
130 1057 197 1123 ti,
232 1073 298 1110 ac
354 1055 731 1112 Serenissimo
782 1055 1029 1109 Bavariae
1060 1055 1197 1109 Daci
1237 1074 1269 1108 a
1316 1056 1590 1121 consiliis,
1642 1056 1760 1110 inte

0 1200 7 1217 ⁵
62 1164 87 1193 α
129 1145 346 1215 gritate
374 1144 524 1209 vitae,
584 1145 705 1197 zelo
758 1143 1075 1213 religionis,
1136 1145 1521 1213 legationibus
1566 1144 1757 1211 obitis,

61 1254 87 1281 ς
131 1233 367 1287 consilii
408 1232 735 1303 prudentia,
768 1248 833 1286 ac
861 1233 985 1286 vivo
1006 1231 1161 1286 verbi
1196 1233 1297 1286 Dei
1324 1232 1551 1303 eloquio
1577 1233 1761 1287 libris-

66 1344 87 1367 ›‹
129 1338 249 1392 que
285 1321 452 1377 editis
483 1320 611 1376 orbi
669 1326 859 1387 notus,
888 1321 979 1392 pie
1022 1321 1084 1374 in
1142 1320 1387 1374 Domino
1439 1322 1580 1375 obiit
1606 1338 1757 1376 anno

64 1435 85 1455 ιι
128 1427 382 1474 nucxxx,
404 1427 438 1461 v
470 1410 733 1465 Decemb.
772 1431 799 1458 ››

129 1503 223 1553 3|.
274 1518 302 1550 α
365 1499 503 1553 Huic
562 1499 748 1570 elogio
780 1503 1057 1551 consonat
1084 1498 1321 1552 historia
1369 1498 1758 1568 manuscripta

62 1587 291 1658 collegii
323 1588 448 1642 Soc.
506 1589 638 1643 Jesu
690 1588 1020 1656 Bambergas
1059 1587 1258 1641 eodem
1307 1603 1459 1641 anno
1518 1603 1753 1650 nncxxx,

64 1677 152 1730 ubi
203 1677 363 1731 inter
407 1681 615 1731 caetera
657 1677 726 1729 de
766 1677 865 1728 illo
925 1675 1174 1729 dicitur:
1239 1695 1267 1724 ι(
1325 1675 1420 1729 Vir
1466 1679 1586 1729 erat
1615 1675 1753 1730 boni

0 1788 7 1817 ι
62 1784 85 1811 ι
124 1764 456 1816 communis
503 1779 721 1826 amans,
754 1767 811 1815 et
857 1778 890 1815 a
936 1761 1146 1816 virtute
1199 1761 1516 1832 litterisque
1564 1762 1749 1832 pluri-

62 1875 76 1895 σ
126 1866 289 1904 mum
350 1850 861 1904 commendatus...
953 1849 1059 1903 sub
1127 1848 1311 1904 infula
1360 1850 1533 1903 vitam
1593 1849 1753 1904 duxit

62 1966 75 1985 -
124 1939 480 2007 religiosam.
518 1959 544 1988 ι)
596 1938 692 1992 Hie
718 1938 897 2008 igitur
944 1937 1347 2007 Suifraganeus
1401 1938 1580 1992 edidit
1608 1955 1749 2007 opu-

53 2029 278 2081 sculum
338 2027 431 2080 cui
476 2026 709 2080 titulum
774 2026 907 2081 fecit
967 2042 978 2080 :
1042 2028 1163 2080 Duo
1200 2029 1419 2096 specula
1475 2028 1753 2095 Principis

53 2118 425 2181 ecclesiastici,
485 2133 515 2169 e
563 2118 808 2169 duorum
857 2116 1379 2170 laudatissimorum
1434 2116 1752 2170 Praesulum

52 2222 111 2258 ac
168 2205 534 2274 Principum,
592 2205 824 2258 Joannis
896 2203 1182 2259 Godefridi
1262 2220 1414 2256 anno
1504 2220 1746 2269 uncxxn,

53 2309 177 2346 xxix
212 2292 507 2360 Decemb.,
538 2294 595 2345 et
653 2292 929 2361 Nythardi
957 2308 1108 2346 anno
1178 2309 1438 2358 nuxcvm,
1468 2309 1599 2347 xxw
1636 2294 1749 2345 De-

0 2382 237 2435 icemb.
301 2380 562 2450 piissime
618 2380 1013 2435 defunctorum
1084 2381 1255 2434 rebus
1326 2381 1598 2449 praeclare
1651 2399 1745 2450 ge-

0 3002 12 3017 ‘
58 2997 317 3068 Gregorii
396 2997 644 3063 Hceulin,
701 3013 852 3051 anno
905 2997 1110 3051 Christi
1169 3014 1427 3052 uncxxm.
1492 2999 1564 3051 Ex
1642 2999 1820 3052 hocC

58 2470 154 2523 stis
219 2469 588 2540 heroicisque
672 2468 976 2523 virtutibus
1070 2469 1437 2539 potissimum
1506 2472 1751 2523 conflata

53 2563 226 2628 atque
264 2558 627 2625 concinnata,
660 2561 716 2610 et
769 2562 1015 2627 quatuor
1072 2557 1444 2611 concionibus
1491 2557 1748 2611 funebri-

55 2646 156 2698 bus
188 2646 259 2698 ad
292 2661 610 2715 eorumque
642 2646 963 2715 sepulturas
1003 2650 1060 2698 et
1082 2646 1400 2715 exsequias,
1424 2646 1484 2699 in
1514 2646 1749 2699 ecclesia

54 2734 370 2788 cathedrali
429 2734 855 2803 Bambergensi,
916 2734 1116 2804 lingua
1174 2736 1475 2788 vernacula
1516 2734 1744 2799 habitis,

58 2823 229 2875 latine
291 2820 537 2890 scriptis,
591 2821 835 2890 publica:
878 2821 991 2875 luci
1046 2827 1102 2875 et
1160 2821 1467 2875 imitationi
1516 2822 1648 2875 data
1695 2827 1749 2875 et

57 2911 325 2977 evulgata
355 2925 389 2962 a
423 2909 704 2963 Friderico
737 2911 1000 2976 Fernero,
1049 2914 1155 2963 etc.
1215 2910 1563 2980 lngolstadii,
1597 2910 1746 2980 typis

56 3094 289 3141 auctore
320 3085 616 3155 pleraque,
653 3101 782 3154 quae
812 3083 907 3139 hic
960 3086 1349 3149 adducuntur,
1411 3087 1753 3157 deprompta

56 3180 203 3229 sunt.
270 3177 411 3237 Quae
469 3188 537 3225 ex
612 3172 737 3226 aliis
780 3172 1032 3227 fontibus
1075 3174 1277 3226 hausta
1330 3173 1577 3236 fuerunt,
1635 3176 1751 3228 suis

57 3263 194 3317 locis
252 3262 597 3316 indicantur.
659 3260 931 3314 Ordimur
985 3278 1018 3314 a
1069 3261 1374 3331 Nythardo,
1432 3260 1533 3333 qui
1586 3266 1749 3315 aetate

61 3353 213 3423 prior
241 3356 345 3404 est.

128 3444 218 3494 3‘2.
254 3459 284 3489 α
318 3438 660 3509 Nythardus,
683 3454 748 3492 ex
780 3438 959 3492 nobili
1007 3438 1334 3492 Franconiae
1375 3438 1643 3507 prosapia
1683 3439 1751 3493 de

61 3530 362 3598 Thungen,
394 3543 525 3581 cum
577 3527 637 3580 in
690 3526 927 3580 ecclesia
958 3526 1267 3580 cathedrali
1315 3526 1749 3595 Herbipolijam

64 3618 258 3670 fuisset
304 3615 642 3685 perfunctus
711 3614 897 3668 ofﬁcio
961 3614 1158 3668 decani
1221 3619 1278 3668 et
1332 3613 1507 3667 modo
1558 3617 1754 3683 ageret

0 3752 13 3767 ,
64 3706 317 3775 ejusdem
342 3704 592 3757 ecclesiae
619 3703 1020 3773 Praepositum,
1054 3703 1246 3756 divino
1283 3702 1540 3767 consilio,
1572 3702 1752 3755 inter-

0 4950 7 4974 ἱ

62 3792 400 3846 cedentibus
438 3791 639 3861 utique
699 3791 791 3845 SS.
840 3791 1080 3870 Henrico
1129 3795 1185 3844 et
1217 3790 1588 3859 Cuneguude,
1622 3788 1750 3859 qui-

68 3884 165 3935 bus
194 3885 323 3934 erat
356 3878 681 3950 specialiter
716 3878 994 3944 addictus,
1046 3878 1415 3948 amplissimae
1469 3876 1752 3948 praeposi-

65 3977 203 4023 tura:
235 3984 357 4021 suae
411 3967 724 4022 residentia
757 3967 817 4021 in
864 3967 1164 4038 postremis
1205 3966 1399 4021 habita
1448 3971 1506 4019 et
1550 3963 1755 4019 valedi-

62 4068 167 4123 cta,
207 4057 490 4111 translato
548 4055 861 4123 domicilio,
923 4056 1297 4126 Bambergam
1352 4053 1755 4123 commigravit

64 4147 258 4217 ibique
309 4145 556 4216 primam
590 4143 837 4215 junioris
891 4144 1072 4198 instar
1101 4143 1356 4198 canonici
1388 4143 1752 4197 residentiam

1716 319 1907 375 ACTA.

394 450 409 491 :
465 435 628 505 cujus
684 434 791 489 viri
848 434 1155 506 aliqualem
1231 436 1491 489 notitiam
1544 435 1833 507 pi'tebetA
1872 435 2252 491 secendunta
2300 437 2466 491 Patre
2527 436 2836 502 luminum,
2893 438 3293 511 capacissimas
3335 441 3568 497 effectus

3471 326 3568 381 N6

1874 541 1995 577 esse
2039 525 2391 578 crederetur.
2426 524 2573 579 Rara
2625 526 2746 580 hate
2793 528 3036 581 mutatio
3068 529 3126 582 in
3184 529 3450 591 vestibus,
3508 531 3567 585 in

1875 614 2152 677 moribus,
2175 614 2234 666 in
2274 613 2594 679 famulitiis,
2650 614 2711 668 in
2764 614 3069 669 domestico
3122 616 3450 685 splendore,
3507 619 3565 672 in

1876 701 2203 772 quotidiana
2249 703 2691 765 conversatione,
2720 705 2779 757 in
2834 704 2994 757 omni
3055 704 3416 775 negotiorum
3453 711 3564 759 tra-

1872 789 2140 855 ctatione,
2174 788 2442 842 omnibus
2501 791 2599 861 qui
2650 807 2779 844 eum
2831 792 3049 861 pridem
3090 800 3369 846 noverant
3426 810 3563 864 pro-

1873 876 2030 947 digio
2085 876 2291 931 similis
2339 878 2678 933 habebatur.
2739 879 2950 933 Exinde
3010 879 3262 934 innotuit
3310 881 3564 936 eftizacia

1871 966 2176 1035 patrocinii
2206 967 2298 1021 SS.
2352 966 2575 1020 Heurici
2623 973 2679 1021 et
2706 968 3094 1038 Cuuegundis,
3130 985 3380 1039 quorum
3437 971 3559 1024 cul-

1868 1055 1950 1109 tui
1980 1059 2038 1109 et
2061 1045 2371 1109 imitationi
2422 1061 2609 1110 totum
2670 1072 2729 1110 se
2759 1056 2951 1111 dabat.
2981 1057 3132 1110 Vitas
3156 1058 3413 1126 ipsorum
3446 1075 3560 1112 non

1870 1144 2056 1197 solum
2089 1143 2311 1197 assidue
2343 1144 2652 1211 lectitabat,
2689 1146 2787 1199 sed
2837 1146 3008 1199 etiam
3075 1146 3270 1201 ambas
3300 1164 3364 1201 ex
3410 1148 3557 1201 anti-

1870 1248 1984 1303 quo
2016 1232 2206 1286 codice
2246 1248 2349 1288 ms.
2409 1233 2669 1302 ipsemet,
2704 1235 3021 1306 apographi
3073 1234 3301 1289 functus
3348 1228 3583 1303 officio,

1868 1337 2043 1374 manu
2065 1338 2166 1374 sua
2196 1321 2511 1390 descripsit.

1940 1410 2024 1464 34.
2058 1433 2083 1459 ‹‹
2132 1409 2349 1463 Horum
2410 1414 2781 1479 patronorum
2840 1411 3114 1480 exemplis
3166 1411 3452 1479 incitatus,
3503 1420 3559 1468 et

1867 1499 2059 1553 divino
2107 1498 2285 1551 fletus
2336 1498 2570 1566 auxilio,
2611 1514 2754 1569 opus
2786 1516 3017 1569 prorsus
3074 1501 3336 1565 arduum,
3384 1507 3441 1555 et
3494 1502 3557 1557 in

1867 1587 1989 1641 istis
2022 1602 2213 1640 rerum
2278 1591 2725 1657 temporumque
2765 1588 3223 1653 circumstantiis,
3270 1595 3333 1644 ut
3387 1607 3553 1645 sum-

1796 1714 1833 1768 Β
1869 1675 1947 1727 mi
1988 1673 2158 1728 etiam
2194 1673 2295 1728 viri
2317 1674 2670 1744 judicabant,
2702 1677 2850 1730 factu
2874 1676 3225 1747 impossibile
3254 1695 3554 1749 aggressus

1861 1764 1990 1829 fuit,
2027 1763 2243 1818 scilicet
2292 1765 2759 1819 reformationem
2797 1767 3049 1820 ecclesias
3095 1768 3549 1839 Bambergeusis,

1862 1869 2034 1923 quam
2102 1852 2338 1907 haeresis
2391 1854 2572 1907 ferme
2644 1858 2819 1908 totam
2875 1860 3253 1925 occupaverat
3300 1862 3356 1910 et
3407 1857 3552 1912 foede

1860 1940 2362 1993 contaminaverat.
2403 1941 2541 1994 Nam
2576 1940 2635 1994 in
2689 1941 2890 2011 primis
2919 1941 2977 1994 in
3038 1942 3162 2012 ipsa
3199 1943 3339 1996 urbe
3380 1945 3548 1998 Bam-

1859 2026 2125 2097 bergensi
2184 2032 2344 2081 totus
2417 2034 2648 2082 senatus
2704 2028 2934 2093 civicus,
3001 2031 3245 2099 exceptis
3304 2031 3547 2098 duobus,

1862 2115 2244 2169 Lutheranam
2274 2121 2483 2169 sectam
2526 2133 2643 2170 non
2684 2118 2868 2170 solum
2927 2118 3379 2186 pertinacissime
3426 2124 3549 2173 tne-

1860 2204 2048 2267 batur,
2109 2206 2207 2258 sed
2242 2210 2299 2258 et
2354 2196 2660 2276 priecipuis
2692 2205 2964 2259 ditiorum
2999 2206 3345 2275 optimatum
3380 2207 3553 2261 totius

1857 2292 2284 2347 communitatis
2304 2293 2535 2357 civium,
2585 2309 2825 2348 numero
2854 2293 3081 2347 circiter
3111 2295 3547 2366 quinquaginta.

1858 2381 2312 2450 conjuraverant,
2365 2383 2509 2436 velle
2552 2398 2610 2435 se
2668 2382 2857 2450 potius
2896 2398 3023 2436 cum
3071 2383 3235 2437 bonis
3285 2385 3553 2438 omnibus

1858 2470 2212 2524 domicilium
2274 2469 2383 2523 alio
2424 2471 2755 2531 transferre.
2813 2487 2985 2541 quam
3045 2488 3246 2525 manus
3300 2474 3453 2527 dare.
3490 2474 3549 2527 In

1857 2558 1985 2612 aliis
2035 2558 2326 2629 pleri-que
2383 2558 2689 2612 dimceseos
2736 2558 3056 2613 civitatibus
3104 2565 3159 2613 et
3210 2560 3439 2630 oppidis
3482 2578 3550 2614 ne

1855 2644 2060 2698 unicus
2089 2645 2321 2716 quidem
2360 2646 2685 2699 Catholicus
2714 2646 2851 2700 civis
2884 2648 3296 2716 reperiebatur.
3333 2649 3548 2703 Nihilo-

1856 2732 2046 2787 minus
2101 2738 2161 2787 ut
2224 2733 2586 2804 lmperialem
2648 2734 2796 2787 hanc
2858 2735 3174 2803 ecclesiam,
3219 2742 3546 2789 sanctorum

1859 2822 2085 2875 Henrici
2125 2826 2183 2875 et
2239 2822 2605 2891 Cunegundis
2660 2822 2915 2876 nobilem
2954 2823 3152 2887 ﬁliam,
3204 2840 3233 2876 e
3281 2824 3547 2892 luporum

1855 2909 2113 2962 faucibus
2166 2908 2431 2979 eriperet,
2486 2914 2677 2978 pastor
2744 2910 2834 2963 hic
2897 2927 3011 2964 non
3065 2911 3254 2965 minus
3303 2912 3551 2982 prudens

1858 3014 2030 3069 quam
2053 2997 2214 3051 fortis
2246 2997 2387 3051 nihil
2423 2998 2766 3051 intentatum
2791 2998 3043 3070 reliquit.

1931 3090 2017 3141 33.
2067 3106 2094 3137 α
2131 3086 2211 3141 Re
2242 3086 2400 3157 prius
2457 3086 2879 3139 communicata
2917 3104 3046 3141 cum
3090 3087 3319 3142 Matthia
3352 3089 3546 3142 Roma-

1860 3191 2067 3228 norum
2099 3176 2469 3245 lmperatore,
2503 3191 2631 3227 cum
2665 3175 2965 3228 Wilhelmo
3001 3177 3148 3229 Duce
3196 3176 3466 3242 Bavariaa,
3497 3181 3552 3229 et

1859 3279 1988 3316 cum
2019 3262 2316 3316 nonnullis
2355 3262 2482 3315 aliis
2537 3262 2868 3316 orthodoxis
2923 3263 3296 3333 Principibus,
3359 3281 3421 3317 ac
3450 3281 3552 3317 suo

1859 3350 2174 3405 cathedrali
2204 3350 2478 3419 capitulo,
2509 3351 2698 3419 primo
2731 3351 2989 3404 omnium
3027 3351 3317 3404 ministros
3347 3353 3554 3406 Praedi-

1858 3443 2075 3502 cantes,
2111 3437 2210 3507 qui
2242 3437 2432 3490 nescio
2487 3453 2733 3507 quorum
2792 3437 3176 3503 conniwntia,
3233 3440 3555 3507 complures

1868 3524 2305 3595 Bambergensis
2334 3525 2566 3578 ditionis
2602 3524 2900 3595 parochias
2955 3531 3389 3593 occupaverant,
3442 3528 3554 3594 eje-

1861 3615 1958 3668 cit.
1997 3615 2213 3669 Deinde
2265 3617 2605 3684 potestatem
2663 3613 2918 3666 exercuit
2945 3622 3142 3666 contra
3170 3614 3554 3671 ludimodera-

1862 3709 2034 3769 tores,
2067 3702 2167 3772 qui
2201 3701 2281 3754 uti
2314 3701 2372 3754 iu
2404 3701 2698 3772 plerisque
2722 3700 3047 3754 civitatibus
3077 3707 3132 3753 et
3184 3701 3411 3771 oppidis
3443 3702 3555 3755 ba:-

1863 3791 1972 3844 rcsi
2004 3795 2167 3845 erant
2194 3789 2409 3857 infecti,
2454 3789 2532 3843 ita
2580 3796 2636 3841 et
2680 3790 2924 3843 haereses
2954 3788 3147 3858 pueris
3177 3789 3549 3852 iustillabant,

1860 3896 1976 3949 qua
2040 3878 2274 3934 Lutheri
2356 3878 2766 3932 catecbismum
2849 3871 2963 3931 illis
3022 3879 3380 3946 inculcanda,
3443 3895 3556 3949 qua

1861 3968 2238 4022 cantiunculis
2312 3968 2384 4021 ab
2467 3967 2703 4021 ecclesia
2784 3967 3070 4022 Catholica
3155 3968 3377 4037 rejectis
3459 3984 3556 4023 eos

1865 4056 2254 4125 depravando,
2309 4060 2365 4109 et
2410 4055 2539 4109 aliis
2589 4056 2939 4109 millemodis
2986 4071 3257 4126 perversa
3288 4057 3558 4125 dogmata

1864 4146 2201 4219 inserendo.
2269 4146 2379 4198 Hos
2446 4144 2623 4214 igitur
2696 4150 2970 4214 tanquam
3027 4144 3282 4198 exitiales
3336 4145 3558 4200 ﬂoridas

68 4234 413 4305 auspicatus,
465 4249 581 4287 uno
628 4233 1051 4304 propemodum
1083 4233 1399 4303 eodemque
1446 4247 1614 4293 anno,
1649 4231 1755 4285 de—
1785 4280 1827 4332 Β
1862 4232 2180 4305 juventutis
2217 4237 2583 4302 corruptores
2611 4232 2847 4296 amovit,
2875 4231 3057 4302 iisque
3074 4232 3393 4286 Catholicos
3416 4233 3556 4287 sub-

66 4340 229 4378 curso
276 4321 626 4389 residentite,
691 4321 847 4393 quod
892 4326 1113 4389 vocant,
1159 4320 1448 4387 tirocinio,
1506 4320 1753 4390 capitulo

68 4415 499 4475 annumeratus,
547 4408 887 4464 cathedralis
923 4409 1175 4463 ecclesia
1226 4409 1473 4463 decanus
1527 4408 1756 4471 electus,

70 4502 179 4556 xita
218 4501 417 4555 functo
475 4500 707 4553 Ernesto
755 4499 1026 4564 Praesule,
1060 4497 1324 4552 unanimi
1374 4497 1758 4567 concapitula-

72 4590 219 4643 rium
252 4587 618 4642 dominorum
639 4585 1106 4655 consensu,lsine
1151 4585 1446 4650 scrutinio,
1487 4601 1590 4656 per
1642 4584 1763 4653 Spi-

75 4679 213 4731 ritus
239 4676 294 4731 S.
328 4675 793 4747 inspirationem,
825 4674 981 4729 omni
1012 4674 1229 4745 populo
1258 4690 1291 4727 a
1315 4689 1540 4727 summo
1582 4688 1764 4742 usque

76 4766 141 4821 ad
184 4764 491 4820 minimum
541 4764 847 4834 jnbilante,
905 4762 1204 4834 episcopus
1259 4762 1471 4815 electus
1510 4762 1618 4815 fuit
1672 4776 1762 4815 xw

77 4854 339 4909 Novemb.
371 4868 563 4906 annuo
589 4868 773 4907 noxa.

143 4947 228 4998 33.
256 4962 283 4993 α
318 4942 403 5006 Ει,
435 4941 591 5012 quod
624 4941 836 4995 mirum
882 4940 1008 4995 visu
1064 4944 1235 5011 atque
1266 4940 1482 5005 auditu,
1528 4939 1598 4993 ad
1657 4939 1765 4992 hoc

0 5084 5 5091 ,
82 5045 368 5085 summum
399 5029 723 5083 animarum
756 5028 1018 5098 regimen
1067 5033 1127 5081 ut
1160 5044 1220 5082 se
1251 5027 1358 5082 rite
1416 5028 1760 5097 disponeret,

83 5118 505 5190 quamprimum
558 5118 931 5188 Bambergam
991 5116 1254 5179 accessit,
1317 5122 1533 5171 mutato
1586 5117 1765 5169 veteri

83 5208 483 5261 canonicorum
548 5207 738 5259 minus
789 5206 1023 5260 decente
1065 5205 1286 5270 habitu,
1347 5209 1403 5257 et
1438 5203 1595 5257 omni
1647 5203 1763 5271 pri-

84 5297 220 5349 stina
250 5296 680 5348 conversatione
712 5294 940 5365 penitus
968 5295 1246 5356 abdicata,
1307 5293 1387 5346 sic
1442 5309 1474 5346 a
1525 5308 1585 5346 se
1639 5291 1765 5361 ipso

85 5386 287 5439 distare
334 5382 526 5455 erepit,
586 5388 670 5450 ut,
729 5384 987 5437 omnium
1044 5399 1285 5437 censura
1313 5387 1369 5435 et
1414 5380 1651 5453 judicio,
1711 5380 1765 5434 in

89 5475 253 5528 alium
282 5473 599 5539 hominem,
631 5472 730 5544 qui
758 5472 1071 5527 secundum
1098 5472 1276 5527 Deum
1309 5474 1552 5535 creatus,
1582 5473 1767 5523 trans-

6 5546 19 5569 λ
91 5563 225 5617 latus
256 5577 397 5625 esse,
456 5560 700 5628 ideoque
753 5560 1071 5614 cmlestium
1136 5559 1441 5623 donorum,
1501 5572 1626 5628 qua:
1670 5557 1766 5610 de-

1871 4321 2112 4392 rogavit.
2170 4320 2416 4374 Ulterius
2448 4320 2652 4373 deinde
2701 4335 3055 4389 progressus,
3087 4319 3380 4389 praefectos
3432 4336 3553 4372 om-

1868 4427 1989 4477 nes,
2078 4415 2392 4479 quaestores
2469 4424 2689 4471 omnes,
2738 4407 2962 4477 judices
3017 4408 3272 4460 locorum
3337 4422 3556 4469 omnes,

1868 4500 2133 4551 scultetos
2185 4512 2403 4559 omnes,
2452 4496 2716 4548 consules
2744 4499 2801 4549 et
2847 4494 3052 4549 civicos
3090 4499 3381 4549 senatores
3436 4512 3559 4550 om-

1874 4602 1993 4649 nes,
2046 4584 2145 4655 qui
2200 4582 2507 4637 Catbolicaa
2548 4581 2817 4651 religioni
2873 4598 3079 4637 manus
3136 4583 3272 4637 dare
3322 4588 3379 4637 et
3433 4600 3557 4638 eam

1872 4673 2126 4745 profiteri
2179 4672 2518 4737 abnuerent,
2549 4669 2672 4723 loco
2701 4670 2897 4734 movit,
2932 4676 2989 4725 et
3017 4671 3157 4725 alios
3186 4687 3387 4726 eorum
3442 4672 3562 4726 vice

1871 4762 2177 4817 substituit.

1948 4854 2032 4905 36.
2071 4873 2095 4899 (ι
2132 4852 2243 4904 Hoc
2270 4848 2447 4901 veluti
2491 4846 2768 4918 prmludio
2797 4847 2971 4900 totius
3003 4848 3275 4901 dramatis
3305 4849 3560 4919 praemis-

1873 4956 1953 5005 so,
1983 4936 2410 4990 conversionem
2466 4934 2649 5004 ipsam
2682 4933 3037 4987 subditorum
3090 4935 3325 5002 provide
3379 4936 3566 5005 auspi-

1873 5031 2029 5080 catus
2055 5024 2181 5091 fuit,
2206 5028 2281 5089 et,
2330 5022 2482 5077 inter
2503 5022 2836 5075 innumeras
2867 5020 3261 5075 libertinorum
3278 5023 3562 5093 querelas,

1874 5112 2375 5178 contradictiones,
2420 5110 2637 5178 turbas,
2719 5108 3045 5175 seditiones,
3117 5110 3562 5164 acatholicorum

1874 5200 2202 5274 principum
2273 5198 2751 5253 comminationes
2822 5203 2879 5251 et
2952 5198 3394 5269 persecutiones,
3465 5215 3567 5270 per

1875 5293 2070 5362 plures
2149 5304 2333 5342 annos
2362 5287 2590 5341 fortiter
2620 5291 2954 5357 prosecutus
3011 5287 3139 5341 fuit.
3192 5287 3259 5341 Et
3308 5302 3438 5341 cum
3494 5288 3567 5341 ad

1877 5378 2093 5449 grande
2142 5377 2251 5431 hoc
2300 5376 2573 5429 molimen
2628 5375 2824 5444 magni
2889 5380 3151 5445 sumptus
3201 5374 3564 5446 requireren-

1877 5472 1991 5532 tur,
2032 5482 2105 5519 ne
2155 5481 2361 5519 nervus
2393 5464 2474 5518 rei
2504 5464 2650 5519 bene
2679 5463 2949 5534 gerenda:
2979 5464 3221 5531 deesset,
3278 5463 3569 5534 impensas

1880 5555 2028 5609 circa
2080 5570 2242 5607 suam
2302 5569 2627 5623 personam,
2715 5569 2840 5607 raro
2886 5553 3168 5623 exemplo,
3221 5551 3567 5623 ubicumque
