3938 6378
355 325 372 374 ·Ι
390 321 449 374 Η

1651 323 1703 375 S.
1753 321 2040 377 iiENlilCl
2079 319 2554 376 HII’EltA'I‘OtiiS

3762 321 3867 373 tis

351 449 598 519 poterat,
631 442 994 499 constrinxit.
1034 442 1362 498 Auiicorum
1431 443 1782 498 famulorum
1833 457 2038 496 numc-
2073 444 2118 496 Α
2155 439 2370 494 dralem
2403 439 2702 494 ecclesiam
2749 444 3093 509 spectantes,
3139 457 3294 496 auria
3325 441 3623 512 captanda:
3655 459 3868 504 causa,

353 552 480 588 rum
521 534 590 588 ai
621 538 838 586 tantam
895 532 1114 603 redegit
1165 532 1535 602 paucitatem,
1589 538 1652 586 ut
1701 533 1785 586 vix
1817 532 2048 604 Imperii

355 622 631 692 Principis
675 621 1011 690 dignitatem
1069 621 1216 674 tueri
1285 621 1588 676 videretur.
1655 621 1880 675 Festum
1927 637 2046 673 om-

355 728 484 766 nem
518 716 574 764 et
603 725 874 779 pompam
923 708 1250 778 respuebat,
1302 715 1358 762 et
1416 710 1703 764 victitabat
1741 714 1894 762 tanta
1921 709 2045 762 fru-

355 803 607 872 galitate,
641 797 905 868 privatim
939 799 1224 868 praecipue
1256 815 1385 852 cum
1441 801 1746 868 pranderet
1809 804 1908 851 aut
1935 815 2045 852 coa-

355 892 540 955 naret,
601 895 686 956 ut,
741 887 926 940 tribus
983 887 1052 940 ad
1084 903 1374 940 summum
1439 889 1665 941 ferculis
1723 887 2048 956 vulgaribus

359 979 686 1041 contentus,
736 974 1067 1042 religiosum
1145 974 1342 1042 potius
1407 974 1466 1027 in
1541 975 1803 1040 claustro,
1873 989 2045 1044 quam

362 1065 702 1134 Episcopum
737 1068 793 1114 et
834 1062 1156 1131 Principem
1215 1062 1270 1114 in
1316 1061 1531 1131 palatio
1595 1066 2045 1131 repraesentaret.

430 1153 516 1204 37.
557 1171 583 1200 ι(
639 1151 880 1202 Econtra
929 1149 1026 1202 ubi
1080 1149 1306 1202 divinus
1337 1151 1542 1215 cultus,
1579 1156 1675 1202 aut
1724 1149 2048 1202 animarum

357 1239 614 1292 reductio
644 1238 936 1308 agebatur,
969 1239 1161 1308 futtilis
1217 1240 1483 1308 parcebat
1529 1238 1819 1308 impensis.
1861 1237 1951 1291 Sic
1980 1238 2049 1292 ad

364 1327 727 1381 excitandum
759 1333 814 1381 et
865 1327 1315 1398 promovendum
1345 1329 1415 1396 tiu
1457 1327 1758 1397 juventute
1789 1325 2050 1379 ardorem

363 1416 720 1470 addiscendte
776 1417 1052 1470 doctrinae
1108 1416 1460 1479 Christianae,
1531 1414 1592 1467 in
1635 1414 1754 1466 sola
1837 1429 2049 1466 munu-

364 1506 518 1559 scula
586 1505 948 1568 catechetica,
1006 1505 1216 1557 scilicet
1271 1503 1676 1556 catechismum
1711 1499 1937 1567 Canisii,
1995 1505 2053 1554 et

364 1592 616 1660 ejusdem
664 1591 889 1645 libellos
921 1593 991 1646 de
1023 1591 1438 1661 praeparatione
1465 1591 1526 1641 ad
1554 1589 1963 1642 confessionem
1997 1593 2053 1642 et

363 1679 853 1737 communionem.
885 1679 1280 1747 precationum
1307 1675 1604 1742 formulas,
1649 1675 1882 1740 rosaria,
1907 1676 2049 1729 ima-

365 1765 527 1836 gines
556 1772 613 1820 et
641 1766 752 1820 alia
797 1765 1080 1836 ejusmodi
1127 1763 1432 1816 coemenda
1467 1763 1757 1833 ingentem
1791 1765 2051 1834 pecunia:

369 1855 482 1910 vim
503 1872 568 1910 ex
589 1855 820 1926 proprio
849 1855 1070 1925 peculio
1091 1853 1364 1924 profudit.
1417 1853 1552 1906 Sum
1586 1855 1843 1906 oculatus
1871 1852 2053 1918 testis,

371 1947 484 2000 imo
515 1950 569 1998 et
588 1951 923 2014 cooperator
943 1943 1149 2008 exstiti,
1181 1941 1410 2012 quando
1445 1957 1558 1993 una
1597 1943 1718 1994 vice
1747 1940 1858 1994 tria
1888 1943 2054 1995 tiore-

371 2051 574 2089 norum
609 2033 786 2086 millia
811 2035 868 2085 in
898 2034 1050 2085 hunc
1081 2032 1256 2084 tinem
1287 2036 1602 2098 Augustam
1636 2029 1961 2094 destinavit,
1997 2035 2058 2084 ut

367 2121 518 2174 aliud
569 2121 710 2174 nihil
743 2137 916 2190 quam
947 2135 1105 2173 sacra
1135 2119 1416 2188 ejusmodi
1454 2120 1722 2182 amuleta,
1754 2123 1810 2170 et
1847 2119 2056 2171 excita-

369 2209 511 2262 toria
565 2225 878 2277 puerorum
951 2208 1306 2277 apophoreta
1371 2211 1861 2274 compararentur.
1919 2208 2054 2268 Quae

367 2313 494 2349 cum
521 2297 896 2364 appulissent,
927 2297 1117 2349 omnia
1145 2296 1294 2348 intra
1323 2295 1493 2348 unius
1524 2295 1895 2348 hebdomadas
1925 2312 2056 2364 spa-

371 2385 534 2446 tium,
563 2400 666 2454 per
699 2400 898 2438 omnes
930 2385 1101 2454 hujus
1132 2384 1382 2436 ecclesia:
1417 2383 1730 2452 parochias,
1784 2383 2056 2436 admoni—

367 2473 526 2526 toriis
557 2471 839 2542 adjunotis
869 2471 1090 2538 litteris,
1125 2471 1518 2525 liberalissime
1557 2471 1842 2542 dispersit.

439 2565 524 2615 38.
563 2583 588 2609 ‹‹
643 2562 766 2615 Non
815 2562 1050 2614 deerant
1079 2575 1108 2612 e
1147 2560 1408 2630 pecunia}
1461 2560 1923 2624 faeneratoribus,
1957 2559 2058 2629 qui

368 2649 766 2720 oggannirent,
821 2649 1154 2702 immodicas
1209 2647 1454 2700 nimium
1485 2663 1759 2717 expensas
1789 2647 1849 2700 in
1882 2647 2060 2701 refor-

371 2741 684 2793 mationem
717 2738 1020 2792 dimceseos
1050 2735 1299 2805 erogari,
1335 2737 1584 2806 quando,
1617 2751 1746 2788 cum
1797 2742 2058 2806 tempore

371 2827 554 2895 magis
597 2831 941 2896 opportuno,
975 2825 1170 2877 omnia
1205 2824 1423 2878 minore
1453 2829 1686 2892 sumptu
1715 2823 2058 2892 perficienda

371 2915 656 2978 venirent;
716 2913 924 2984 quibus
953 2912 1048 2966 ille
1081 2911 1236 2966 dedit
1274 2928 1616 2982 responsum
1647 2911 1908 2982 Principe
1966 2928 2056 2965 ec-

371 3003 649 3056 clesiatico
686 3002 927 3072 dignum
961 3017 972 3054 :
1023 3021 1049 3052 α
1107 3000 1365 3055 Ecclesia:
1409 3017 1554 3054 meae
1585 3001 1736 3054 bona
1773 3005 2064 3069 tempora-

373 3109 400 3140 ιι
441 3091 534 3158 lia,
583 3091 901 3160 inquiebat,
943 3090 1141 3144 utilius
1179 3105 1496 3158 numquam
1551 3089 2057 3157 dispensabuntur,

375 3205 396 3227 ιι
442 3196 616 3251 quam
658 3180 704 3232 si
753 3180 822 3232 ad
871 3179 1268 3247 ampliandam
1311 3177 1410 3232 Dei
1459 3177 1722 3245 gloriam,
1753 3182 1810 3230 et
1829 3177 2058 3230 anima-

373 3291 400 3319 «
442 3285 567 3323 rum
615 3269 858 3322 salutem
907 3267 1358 3337 promovendam
1409 3272 1582 3336 atque
1621 3266 2054 3335 propagandam

373 3379 399 3405 κ
441 3359 823 3411 insumantur.
867 3357 1048 3419 Quem
1093 3354 1247 3408 enim
1279 3355 1456 3408 alium
1488 3353 1548 3407 in
1581 3355 1756 3407 tinem
1790 3355 1844 3408 S.
1881 3355 2056 3408 Hein-

375 3471 394 3495 ,ι
441 3446 592 3499 ricns
664 3444 958 3497 ecclesiam
1018 3459 1178 3496 suam
1220 3447 1517 3512 tantopere
1573 3443 1972 3511 locupletavit?
2032 3465 2054 3491 ι

373 3533 646 3589 Pastorali
697 3532 802 3586 hac
853 3531 1147 3602 vigilantia
1181 3535 1237 3584 et
1267 3530 1630 3597 liberalitate,
1675 3545 1916 3583 necnon
1969 3531 2057 3583 la-

373 3625 574 3676 borum
605 3619 1212 3674 etcontradictionum
1239 3619 1452 3673 invicta
1479 3618 1809 3687 tolerantia,
1853 3619 2059 3672 lauda-

372 3710 620 3764 tissimus
648 3709 740 3762 hic
770 3709 978 3762 Prassul
1025 3715 1253 3761 tantum
1284 3707 1492 3772 etiecit,
1525 3711 1588 3760 ut
1643 3707 1792 3759 intra
1824 3712 2057 3775 septen-

371 3800 552 3866 nium,
610 3797 874 3851 haeretica
933 3798 1052 3849 lues
1093 3812 1158 3849 ex
1218 3801 1337 3849 tota
1386 3795 1565 3848 ferme
1597 3795 1826 3849 dioecesi
1891 3794 2062 3847 fuerit

371 3887 692 3958 profligata,
721 3891 776 3938 et
805 3885 1121 3938 orthodoxa
1161 3885 1300 3937 fides
1331 3884 1390 3937 in
1421 3899 1546 3937 eam
1592 3884 1854 3948 reducta;
1897 3888 1953 3936 et
1983 3883 2062 3936 sic

373 3976 550 4030 multa
599 3973 778 4027 millia
843 3973 1143 4026 hominum
1220 3988 1336 4026 non
1387 3973 1569 4025 solum
1663 3977 1797 4024 tunc
1872 3972 2062 4024 viven-

373 4064 536 4120 tium.
573 4062 666 4114 sed
723 4061 894 4115 etiam
947 4065 1325 4131 posterorum,
1369 4059 1438 4114 ab
1490 4060 1724 4114 interitu
1779 4059 2062 4114 vindicata

374 4154 503 4206 sint.

427 4243 527 4293 -39.
587 4258 613 4290 ‹‹
665 4237 771 4302 Qui
821 4237 1082 4291 Praasnlis
1131 4239 1288 4290 zelus
1343 4253 1515 4306 quam
1565 4242 1828 4308 acceptus
1881 4235 2060 4290 fuerit

372 4330 424 4383 S.
499 4325 780 4391 Hcinrico,
866 4331 923 4379 et
971 4326 1120 4394 apud
1197 4327 1374 4379 Dcnm
1461 4326 1674 4394 meriti,
1753 4325 1948 4395 colligi
1991 4342 2058 4378 ex

373 4434 440 4470 eo
496 4421 687 4485 potest
739 4415 895 4484 quod
953 4415 1194 4468 caelestis
1229 4415 1641 4468 Paterfamilias
1693 4415 1867 4468 ﬁdem
1908 4415 2060 4467 hunc

375 4506 432 4558 in
463 4505 626 4556 vinea
659 4503 888 4556 Domini
919 4503 1269 4571 operarium,
1301 4503 1407 4556 sub
1447 4503 1576 4557 vitae
1600 4519 1918 4572 vesperam,
1959 4519 2060 4570 per

375 4595 683 4663 ipsummet
733 4592 783 4646 S.
848 4581 1278 4662 Imperatorem,
1353 4592 1590 4661 ejusque
1645 4589 2058 4643 sanctissimam

373 4681 697 4751 conjugem,
738 4680 806 4734 ad
843 4683 1158 4733 mercedem
1201 4687 1474 4733 aeternam
1507 4685 1625 4732 tam
1657 4679 1871 4748 egro-gii
1903 4679 2061 4732 labo-

373 4769 452 4824 ris
481 4768 888 4838 recipiendam,
937 4767 1124 4822 favore
1191 4767 1643 4822 extraordiuario
1697 4783 1896 4820 voc-Ire
1973 4767 2060 4820 di-

375 4862 584 4926 gnatus
631 4855 820 4909 fuerit.
883 4857 1022 4909 item
1087 4857 1254 4909 istam
1304 4853 1732 4908 memorabilem
1779 4854 2060 4908 Fornerus

373 4961 506 5014 pag.
573 4947 693 5010 110,
747 4943 932 4997 verbis
971 4945 1339 5015 sequentibus
1371 4943 1584 4996 refert:
1641 4943 1782 4997 Rem
1823 4958 2059 5012 prorsus

374 5032 738 5100 stupendam,
771 5031 975 5103 inquit,
1015 5032 1358 5085 virissimam
1379 5036 1568 5083 tamen
1593 5030 1755 5084 vobis
1781 5031 2058 5095 referam;

376 5120 524 5174 unde
573 5119 814 5190 liquebit
882 5120 1010 5191 quis
1069 5121 1122 5174 ei
1201 5121 1600 5173 imminentem
1659 5135 1726 5171 ex
1801 5118 1904 5171 hac
1949 5119 2062 5174 vita

373 5209 679 5263 transitum
736 5209 1096 5262 vaticinando
1152 5207 1502 5278 significarit.
1557 5211 1720 5258 Anno
1801 5223 2059 5275 nuxcvm,

377 5299 476 5369 qui
526 5298 579 5351 ei
635 5297 820 5352 fatalis
873 5297 998 5360 fuit,
1050 5311 1200 5362 cum,
1260 5296 1320 5349 in
1369 5295 1667 5349 festivitate
1719 5296 1772 5350 S.
1819 5295 2063 5350 Heinrici

379 5387 764 5456 Imperatoris,
820 5403 989 5440 mane
1044 5383 1360 5456 pontiﬁcali
1415 5384 1528 5436 ritu
1592 5383 1764 5436 sacris
1795 5392 2063 5453 operatus

377 5482 544 5542 esset,
605 5493 634 5529 a
685 5476 930 5547 prandio
975 5474 1150 5528 vitam
1190 5472 1448 5542 ejusdem
1485 5471 1698 5540 Sancti,
1752 5474 1952 5528 sedens
2004 5475 2064 5528 in

379 5566 627 5620 oratorio
658 5581 782 5630 suo,
836 5563 1144 5628 lectitabat,
1195 5561 1469 5615 fenestras
1524 5580 1552 5613 c
1613 5563 1840 5632 regione
1870 5564 2060 5616 cathe-

2091 4288 2132 4340 1)

2158 535 2384 599 apertas
2421 528 2668 582 habens.
2733 527 2986 599 Contigit
3031 527 3181 583 inter
3230 531 3534 598 legendum
3566 537 3630 585 ut
3661 533 3872 585 adver-

2157 633 2281 670 sum
2315 617 2657 687 campanile,
2684 617 2782 670 ubi
2811 617 3148 686 grandiores
3281 619 3528 673 Heinrici
3557 625 3614 672 et
3643 620 3699 674 S.
3740 622 3866 674 Gu-

2159 707 2439 775 negundis
2501 721 2797 774 campana:
2849 705 3123 776 pendent,
3185 708 3554 778 perspiceret,
3630 709 3868 779 ibique,

2157 794 2551 862 superioribus
2610 803 2654 848 e’
2693 795 2975 858 fenestris,
3035 795 3092 848 S.
3157 795 3402 849 Heinrici
3427 803 3485 850 et
3539 797 3594 850 S.
3659 798 3861 850 Gune-

2156 881 2366 951 gundis
2399 881 2682 952 imperiali
2735 885 2929 934 natum
2987 887 3156 952 atque
3204 899 3433 948 corona,
3477 885 3562 937 uti
3591 885 3866 954 pingun—

2157 975 2270 1038 tur,
2319 971 2624 1023 simulacra
2678 970 2960 1025 immensa
3012 973 3136 1024 luce
3195 971 3568 1034 coruscantia,
3631 978 3688 1025 et
3723 989 3868 1025 sun-

2157 1065 2308 1110 ctum
2345 1059 2576 1128 quidem
2611 1059 2934 1114 Heiuricum
2995 1075 3171 1113 manu
3201 1060 3308 1115 sibi
3347 1065 3704 1114 annuentem
3731 1078 3871 1115 cer-

2159 1152 2335 1199 neret.

2229 1235 2316 1288 40.
2355 1255 2382 1283 «
2415 1234 2564 1288 Visio
2605 1233 2714 1288 ista
2773 1234 3074 1290 horrorem
3135 1235 3322 1306 primo
3379 1236 3617 1290 incussit
3673 1237 3874 1291 maxi-

2160 1339 2351 1388 mum;
2396 1339 2567 1392 quem
2599 1329 2814 1389 tamen,
2871 1324 2969 1378 ubi
2995 1341 3054 1378 se
3105 1326 3402 1394 paululum
3435 1327 3756 1396 collegisset
3810 1332 3874 1380 et

2160 1413 2368 1465 sanctis
2397 1413 2510 1466 illis
2559 1413 2816 1466 Patronis
2845 1413 3108 1466 obnixius
3137 1415 3614 1479 commendasset,
3650 1432 3871 1486 super-

2161 1502 2396 1554 veniens
2429 1501 2670 1555 interius
2709 1502 2919 1554 mentis
2967 1503 3148 1556 atl'usa
3180 1503 3493 1556 consolatio
3521 1503 3642 1557 sine
3692 1521 3876 1558 mora

2161 1589 2379 1659 expulit
2404 1595 2460 1644 et
2484 1589 2768 1643 abstersit.
2831 1591 2900 1643 Ut
2925 1593 3116 1643 autem
3159 1591 3240 1643 rei
3273 1589 3568 1642 veritatem
3621 1586 3873 1658 penitus

2163 1677 2462 1748 indagaret
2491 1694 2554 1732 ac
2603 1679 2814 1732 certius
2845 1683 3232 1747 cognosceret,
3291 1695 3402 1731 una
3454 1693 3585 1731 cum
3639 1676 3874 1731 mdituo

2167 1765 2582 1820 cubicularium
2619 1783 2820 1834 unum,
2877 1771 3004 1836 post
3051 1767 3297 1820 alterum
3354 1782 3420 1819 eo
3454 1765 3743 1831 submisit,
3801 1770 3880 1817 ut

2167 1854 2434 1924 quisnam
2465 1854 2524 1907 in
2567 1855 2712 1909 turri
2764 1861 2911 1908 esset
2939 1860 2998 1910 et
3043 1855 3152 1926 ipsi
3181 1860 3604 1926 cognoscerent.
3662 1857 3740 1908 At
3780 1851 3878 1907 illi

2167 1942 2399 2013 quidem
2433 1943 2722 1998 neminem
2755 1943 2985 2013 penitus
3011 1944 3164 1998 ibise
3195 1944 3398 1998 vidisse
3429 1943 3875 2006 renuntiarunt,

2165 2047 2296 2084 cum
2353 2031 2548 2085 omnia
2609 2033 3078 2102 perlustrassent;
3135 2032 3275 2085 visio
3325 2037 3519 2084 tamen
3575 2031 3675 2084 illa
3723 2047 3880 2102 per-

2169 2121 2401 2184 mansit,
2435 2121 2544 2174 illis
2574 2121 2975 2191 pra-sentibus,
3021 2120 3240 2174 tametsi
3273 2120 3418 2174 nihil
3449 2120 3672 2191 uspiam
3705 2136 3880 2190 pras-

2166 2213 2254 2262 ter
2305 2208 2600 2262 horrorem
2656 2209 2964 2279 quemdam
3013 2209 3307 2262 insolitum
3361 2207 3876 2278 persentiscerent,

2169 2313 2272 2350 nec
2297 2297 2431 2366 quid
2466 2297 2572 2350 sibi
2604 2298 2904 2367 episcopus
2960 2298 3148 2364 vellet,
3191 2297 3595 2368 intelligerent.
3625 2297 3689 2350 Et.
3723 2311 3872 2350 cum

2169 2401 2228 2439 se
2255 2385 2425 2439 tertio
2449 2385 2790 2439 ostendisset
2819 2387 3018 2439 eadem
3045 2385 3356 2456 apparitio,
3409 2385 3636 2440 tandem
3667 2386 3874 2438 omni-

2171 2491 2244 2528 no
2275 2473 2578 2543 disparuit.
2613 2474 2866 2544 tlontigit
2889 2475 3107 2545 vesperi
3139 2479 3198 2526 ut
3227 2489 3355 2528 cum
3387 2473 3531 2544 ipso,
3572 2474 3640 2527 de
3673 2489 3874 2538 more,

2171 2577 2272 2631 per
2335 2563 2564 2615 hortum
2623 2563 2993 2627 ambulando,
3046 2563 3352 2616 matutinas
3417 2577 3545 2615 cum
3595 2561 3878 2615 laudibus

2171 2665 2366 2721 preces
2412 2655 2541 2702 aute
2597 2665 2816 2704 ccenam
2866 2651 3276 2720 persolverem;
3311 2650 3520 2720 quibus
3559 2650 3628 2702 ad
3681 2649 3874 2703 tinem

2169 2735 2442 2798 decursis,
2470 2736 2655 2790 verbis
2685 2737 2838 2790 hisce
2895 2753 2985 2790 mc
3015 2737 3293 2790 allocutus
3325 2745 3410 2790 est
3458 2752 3472 2789 :
3503 2736 3758 2800 Quiestio
3783 2742 3881 2790 est

2169 2825 2238 2877 ad
2267 2830 2342 2888 te,
2376 2825 2578 2877 doctor
2611 2825 2854 2877 Fornere
2882 2840 2896 2878 :
2929 2825 2976 2878 si
3005 2825 3192 2878 Sancti
3223 2825 3472 2894 cuipiam
3521 2831 3876 2895 appareant,

2169 2918 2224 2966 et
2247 2913 2508 2966 manibus
2542 2913 2702 2982 quasi
2731 2914 3042 2967 annuendo
3067 2915 3138 2967 ad
3161 2930 3218 2966 se
3249 2919 3471 2976 vocent,
3497 2913 3636 2984 quid
3677 2915 3875 2983 signi-

2125 3004 2138 3054 )
2179 3003 2346 3055 ticare
2395 3001 2717 3054 existimas?
2751 3003 3044 3072 Optimum
3100 3019 3290 3070 omen,
3327 3003 3678 3072 inquiebam,
3743 3019 3877 3057 esse

2169 3090 2312 3144 duco
2357 3106 2369 3142 :
2425 3089 2654 3159 signum
2712 3096 2794 3144 est
2851 3090 3083 3144 Sanctos
3119 3108 3272 3156 eum,
3335 3107 3505 3161 quem
3549 3095 3774 3153 vocant,
3811 3092 3878 3146 in

2169 3194 2336 3232 suum
2368 3179 2715 3231 consortium
2745 3179 2902 3232 brevi
2942 3179 3330 3249 adoptaturos.
3391 3181 3453 3234 Et
3509 3179 3562 3233 id
3595 3181 3880 3248 colligere

2170 3271 2256 3318 est
2293 3283 2359 3319 ex
2410 3265 2576 3318 variis
2608 3266 3065 3336 apparitionibus
3095 3268 3455 3332 Sanctorum,
3502 3283 3643 3338 quas
3693 3269 3882 3322 refert

2168 3356 2222 3409 S.
2255 3355 2560 3424 Gregorius
2595 3355 2829 3424 Magnus
2855 3355 2914 3408 in
2947 3355 3103 3409 libris
3146 3357 3538 3425 Dialogorum.
3585 3354 3673 3410 Sic
3709 3357 3878 3410 Ursi-

2169 3461 2245 3497 no
2291 3444 2622 3512 presbytero
2671 3450 3066 3514 apparuerunt
3121 3444 3214 3498 SS.
3270 3445 3528 3514 Apostoli
3553 3445 3758 3499 Petrus
3813 3453 3880 3500 et

2172 3533 2396 3593 Paulus,
2431 3539 2488 3584 et
2517 3548 2648 3586 eum
2679 3533 2747 3586 ad
2773 3533 3018 3586 caelestia
3043 3538 3366 3586 evocarunt.

2237 3621 2325 3674 41.
2367 3641 2388 3668 α
2443 3621 2533 3674 Sic
2583 3621 2766 3674 Probo
2825 3621 3094 3690 episcOpo
3155 3621 3396 3675 Reatino
3426 3621 3480 3676 S.
3537 3621 3876 3689 Juvenalis,

2168 3709 2222 3762 S.
2259 3709 2615 3762 Eleutherius
2643 3710 2914 3779 Martyres
2944 3711 3136 3762 obitus
3163 3709 3316 3763 diem
3372 3709 3874 3780 praenuntiarunt.

2169 3798 2257 3850 Sic
2287 3797 2582 3866 Arnulpho
2611 3797 3008 3850 Suessionensi
3055 3798 3324 3867 episcopo
3355 3799 3410 3852 S.
3473 3799 3706 3853 Michael
3765 3804 3878 3855 Ar-

2171 3885 2482 3953 cbangelus
2512 3885 2702 3938 obitus
2733 3885 2884 3939 diem
2943 3886 3224 3955 praedixit.
3257 3886 3345 3940 Sic
3392 3887 3685 3952 Aradium,
3719 3889 3878 3942 refe-

2175 3978 2331 4026 rente
2371 3973 2430 4028 S.
2485 3973 2760 4042 Gregorio
2825 3974 3160 4041 Turonensi,
3217 3975 3273 4028 S.
3333 3975 3607 4028 Martinus
3663 3981 3722 4028 et
3771 3977 3880 4029 alii

2173 4069 2510 4130 apparentes
2540 4062 2609 4116 ad
2643 4063 2852 4128 gaudia
2883 4064 3182 4116 Beatorum
3213 4063 3548 4116 invitat-unt.
3597 4064 3692 4116 Has
3725 4069 3882 4118 tunc

2172 4150 2446 4219 temporis
2489 4151 2741 4204 historiae
2798 4151 2936 4204 mihi
2995 4151 3387 4206 occurrebant.
3435 4151 3522 4206 Ad
3553 4167 3684 4222 quas
3729 4152 3876 4207 ille:

2173 4237 2342 4291 Recte
2367 4238 2655 4308 judicasti.
2697 4240 2884 4292 Dicam
2932 4239 3036 4293 tibi
3063 4239 3204 4310 quid
3255 4245 3387 4293 ante
3416 4240 3640 4310 aliquot
3677 4241 3878 4306 horas,

2173 4326 2456 4380 hodierno
2515 4327 2856 4381 etiamnum'
2886 4328 2994 4394 die,
3051 4328 3192 4382 mihi
3231 4329 3575 4398 contigerit:
3623 4330 3690 4383 Et
3738 4347 3868 4384 rem

2173 4430 2430 4481 omnem,
2467 4416 2550 4469 uti
2577 4416 2694 4484 jam
2730 4417 3141 4482 racensuimus,
3173 4433 3276 4486 per
3315 4418 3578 4471 ordinem
3610 4434 3874 4489 expone-

2173 4503 2285 4557 bat.
2315 4505 2380 4557 Et
2415 4504 2889 4574 interpretatione
2920 4505 3152 4559 visionis
3173 4505 3243 4559 de
3275 4505 3508 4559 instanti
3550 4513 3736 4561 morte
3769 4525 3880 4562 sua

2171 4593 2490 4646 luculenter
2546 4594 2845 4664 explicata,
2888 4595 3120 4648 tandem
3169 4595 3415 4664 ipsemet
3451 4595 3872 4665 subjungehat:

2173 4681 2352 4736 Audio
2382 4681 2628 4736 similem
2654 4683 2928 4736 visionem
2990 4683 3240 4737 oblatam
3295 4684 3638 4738 antecessori
3671 4701 3876 4754 quon—

2170 4771 2302 4824 dam
2363 4787 2506 4832 meo,
2557 4773 2834 4842 Wigando
2907 4772 3180 4826 Redwitio
3243 4773 3375 4841 (fuit
3449 4773 3497 4826 is
3555 4773 3881 4845 Episcopus

2176 4859 2607 4930 Bambergensis
2681 4860 3171 4930 quadragesimus,
3262 4877 3330 4912 eo
3413 4866 3678 4929 tempore
3751 4879 3876 4932 quo

2175 4948 2418 5001 haereses
2447 4953 2625 5000 totam
2659 4947 3019 5004 Germaniam
3055 4949 3504 5018 populabantur;
3529 4950 3626 5018 qui
3654 4949 3874 5005 Luthe-

2175 5053 2236 5088 ro
2267 5041 2324 5089 et
2349 5037 2472 5104 ejus
2493 5037 2739 5102 asseclis,
2765 5037 2811 5089 si
2835 5035 2963 5106 quis
2999 5037 3164 5103 alius,
3203 5037 3600 5091 strenuissime
3635 5039 3874 5106 restitit,

2173 5128 2228 5176 et
2258 5124 2382 5194 ejus
2406 5125 2693 5194 paradoxa
2723 5125 2794 5178 ab
2815 5124 3064 5177 ecclesiae
3097 5125 3269 5194 hujus
3307 5126 3467 5192 ovili,
3487 5125 3878 5195 quibuscum-

2171 5227 2282 5282 que
2313 5217 2554 5282 poterat,
2613 5213 2882 5266 remediis
2941 5214 3315 5283 proﬂigavit).
3351 5215 3401 5267 ls
3454 5231 3626 5282 porro
3664 5217 3876 5272 eodem

2171 5315 2323 5353 anno
2355 5301 2545 5354 evivis
2574 5317 2694 5354 esse
2729 5301 2913 5355 desiit.
2975 5302 3214 5364 Videbis,
3271 5301 3586 5371 inquiebat,
3621 5303 3776 5358 idem
3810 5311 3869 5359 et

2173 5387 2316 5442 mihi
2347 5395 2706 5443 eventurum.
2743 5391 2881 5444 Nam
2925 5390 2984 5443 in
3024 5390 3196 5459 hujus
3234 5391 3372 5444 anni
3417 5391 3590 5444 ﬁdem
3622 5407 3736 5445 non
3771 5409 3874 5447 ero

2174 5477 2616 5546 supervicturus.
2673 5477 2835 5542 Dixit,
2907 5483 2965 5532 et
3039 5477 3214 5532 verbo
3271 5479 3568 5548 respondit
3621 5487 3866 5536 eventus

2175 5565 2345 5634 paulo
2374 5572 2506 5619 ante
2545 5567 2718 5619 tinem
2739 5566 2995 5634 ejusdem
3025 5567 3156 5620 anni
3190 5583 3454 5620 noxoxm.
