3938 6316
129 308 218 361 lit)
1773 313 1966 368 ACTA.

3530 320 3631 372 l50

180 431 271 485 42.
313 454 332 480 ι
371 430 597 486 Interea
624 430 899 502 temporis
946 446 1172 485 summa
1224 434 1281 485 et
1334 430 1503 486 unica
1533 429 1655 503 ejus
1684 447 1819 486 cura
1848 437 1892 487 A
1934 434 2194 505 pluribus
2227 434 2449 506 paginis
2469 436 2817 507 exsequitur.
2870 437 3112 491 Demum
3141 438 3628 495 concludit:Can-

114 520 215 573 fuit
244 536 308 572 se
359 526 693 574 sanctorum
752 521 1133 575 Patronorum
1186 521 1496 586 consortio,
1556 521 1625 575 ad
1664 522 1819 592 quod

112 608 179 660 ab
223 608 495 676 ipsismet
549 608 961 678 gratiosissimo
1003 608 1277 662 invitatus
1327 609 1532 673 fuerat,
1577 610 1819 680 dignum

108 696 371 749 reddere.
453 697 764 752 Restabant
822 702 955 750 tunc
1026 696 1301 768 temporis
1352 698 1573 768 aliquot
1631 698 1819 752 adhuc

107 785 345 853 oppida,
451 792 515 839 ut
606 786 1071 849 Hochstadiense,
1171 788 1814 857 Hertzogenauracense,

107 873 764 939 Obserscheinteldense,
788 874 1341 929 Burckunstadiense
1367 892 1495 930 cum
1524 875 1817 929 nonnullis

107 962 293 1032 pagis,
325 962 386 1015 in
415 962 623 1033 quibus
657 963 985 1016 reformatio
1012 963 1271 1034 quidem,
1325 969 1379 1017 et
1409 963 1724 1017 errantium
1746 962 1817 1018 ad

112 1050 374 1104 Ecclesia
426 1050 702 1104 unitatem
756 1050 1013 1104 reductio
1068 1051 1187 1121 jam
1248 1051 1534 1116 inchoata,
1570 1052 1814 1105 necdum

109 1144 305 1192 tamen
345 1139 415 1192 ad
446 1142 705 1209 optatum
756 1140 930 1193 ﬁnem
989 1140 1262 1209 perducta
1323 1145 1460 1192 erat.
1498 1140 1816 1193 Arbitratus

111 1228 290 1296 igitur
317 1244 379 1280 se
400 1228 608 1280 sanctis
648 1229 1063 1282 Fundatoribus
1103 1229 1561 1298 acceptissimum
1607 1236 1814 1282 ventu-

112 1331 263 1379 rum,
314 1314 364 1369 si
416 1315 709 1370 ecclesiam
762 1316 831 1369 ab
878 1317 1016 1385 ipsis
1062 1317 1380 1379 fundatam,
1441 1317 1561 1370 sine
1594 1318 1816 1371 macula

112 1403 349 1456 haeresis
398 1410 746 1473 prasentare
797 1405 1030 1459 illorum
1071 1405 1400 1474 conspectui
1432 1410 1645 1476 posset,
1694 1410 1812 1458 tota

110 1493 300 1545 virum
348 1491 718 1545 contentione
773 1492 833 1546 in
886 1492 942 1546 id
984 1493 1391 1563 perﬁciendum
1426 1492 1725 1547 incubuit:
1760 1498 1815 1546 et

108 1580 259 1649 quod
291 1580 351 1633 in
386 1583 530 1633 votis
586 1580 850 1648 habebat,
909 1588 991 1633 est
1033 1588 1342 1649 assecutus,
1397 1582 1640 1637 Domino
1672 1580 1811 1635 ﬁde-

1928 523 2056 577 dide
2089 526 2292 588 fateor,
2333 529 2389 577 et
2416 525 2570 595 quod
2599 541 2691 578 res
2722 532 2826 591 est,
2871 526 3050 581 edico.
3086 527 3372 593 Plurimis,
3405 528 3505 599 qui
3536 530 3631 597 pie

1927 611 2235 665 admodum
2267 628 2331 665 ex
2381 611 2485 665 hac
2532 611 2647 665 vita
2684 628 2968 682 emigrare
3027 615 3419 682 credebantur,
3476 617 3630 670 adfui

1926 698 1984 752 in
2017 700 2283 753 extremis
2319 716 2331 753 :
2363 700 2459 754 sed
2499 701 2789 754 neminem
2834 702 3020 755 adhuc
3063 701 3176 756 vidi
3206 703 3265 756 iu
3294 704 3629 759 hodiernam

1927 787 2101 853 diem,
2138 787 2252 841 imo
2284 792 2340 841 et
2386 787 2477 842 vix
2507 788 2695 842 audivi
2725 789 2974 844 similem
3004 791 3254 845 hominis
3280 793 3399 860 jam
3452 792 3630 846 mori-

1926 875 2040 927 turi
2071 875 2365 946 pietatem,
2407 893 2522 947 qua
2551 877 2646 931 ille
2680 878 2832 931 diem
2861 895 3028 932 suum
3059 880 3261 933 clausit
3285 884 3624 935 extremum.

1923 963 2164 1017 Tantum
2222 964 2499 1018 momenti
2549 971 2605 1019 et
2634 966 2902 1019 efﬁcacia
2944 968 3015 1020 ad
3078 968 3223 1022 bene
3264 967 3629 1023 moriendum

1923 1051 2123 1105 habuit
2153 1053 2533 1121 patrocinium
2582 1053 2671 1107 SS.
2736 1053 2982 1107 Heinrici
3038 1059 3095 1107 et
3128 1055 3519 1124 Cunegundis,
3574 1061 3631 1111 et

1924 1140 2266 1193 eorumdem
2300 1140 2551 1208 gratiosa
2577 1141 2885 1210 apparitio,
2911 1142 3179 1196 devotum
3220 1143 3329 1197 sibi
3359 1145 3628 1198 clientem

1924 1227 1990 1280 ad
2022 1227 2245 1281 beatam
2296 1229 2676 1282 aeternitatem
2723 1229 3109 1285 invitantium.
3175 1231 3408 1285 Videtur
3454 1232 3627 1286 etiam

1921 1316 2028 1369 hoc
2069 1317 2185 1368 loco
2225 1317 2727 1371 commemoranda
2764 1318 2873 1372 alia
2906 1319 3048 1372 visio
3095 1320 3327 1374 Prasuli
3355 1320 3488 1373 huic
3516 1320 3624 1374 ali-

1923 1409 2063 1473 quot
2091 1410 2221 1457 ante
2268 1412 2514 1459 mortem
2561 1405 2719 1459 horis
2778 1407 2989 1475 oblata,
3040 1424 3152 1479 qua
3207 1408 3411 1462 certior
3446 1409 3626 1462 factus

1921 1491 2030 1546 fuit
2061 1492 2128 1546 de
2158 1493 2353 1546 futuro
2393 1492 2687 1562 quondam
2748 1510 3072 1549 successore
3102 1511 3225 1561 suo,
3255 1496 3355 1565 qui
3400 1512 3467 1549 ea
3497 1512 3626 1566 qua

1920 1580 2042 1649 ipse
2075 1597 2179 1650 pro
2209 1581 2362 1635 bono
2385 1583 2638 1635 ecclesia
2692 1584 3123 1652 Bambergensis
3180 1590 3329 1638 recte
3356 1592 3623 1654 caper-at,

105 1669 314 1722 tissimi
366 1668 456 1722 sui
512 1669 656 1723 servi
706 1669 998 1724 conatibus
1040 1669 1282 1735 favente,
1343 1675 1402 1724 et
1454 1670 1811 1724 evidentibus
1845 1709 1883 1762 Β
1923 1676 2155 1724 strenue
2211 1676 2335 1724 erat
2389 1678 2814 1741 prosecuturus.
2859 1673 3054 1727 Refert
3106 1672 3436 1727 vaticinium
3487 1674 3628 1727 illud

105 1759 308 1828 gratia
340 1757 549 1811 divina
582 1757 846 1811 subsidiis
874 1764 1236 1825 coOperante.

172 1848 265 1900 43.
306 1866 334 1896 α
398 1847 698 1909 Praterea,
756 1862 884 1899 cum
928 1846 1036 1900 sibi
1085 1864 1118 1899 a
1170 1846 1224 1901 S.
1290 1847 1554 1902 Heiurico
1607 1849 1812 1903 eturri

106 1950 279 1988 manu
316 1940 628 2001 annuente,
663 1934 989 1989 denuntiari
1019 1935 1275 1989 crederet
1329 1936 1467 1989 illud
1505 1937 1721 2007 Regum
1755 1938 1806 2003 4,

104 2040 234 2093 cap.
276 2026 346 2077 :20
374 2042 387 2076 :
419 2042 445 2073 ει
481 2024 769 2093 Pracipue
792 2023 987 2076 domui
1018 2028 1132 2077 tua
1161 2039 1174 2089 ;
1206 2022 1634 2078 morierisenim
1664 2031 1721 2078 tu
1756 2031 1810 2079 et

106 2130 215 2166 non
252 2112 428 2175 Vives,
456 2134 478 2160 ι
529 2112 699 2182 capit
746 2112 939 2165 omnia
987 2112 1094 2166 rite
1138 2113 1429 2181 ordinare,
1475 2114 1589 2165 tam
1625 2114 1809 2183 quoad

105 2201 449 2271 temporalia
495 2217 666 2272 quam
699 2202 881 2271 quoad
932 2206 1141 2254 statum
1174 2201 1381 2255 anima
1413 2217 1549 2255 sua.
1579 2203 1810 2255 Peccata

105 2307 205 2343 sua
234 2289 618 2359 eleemosynis
671 2290 949 2344 redimere
979 2290 1235 2359 cupiens,
1268 2290 1327 2343 in
1372 2290 1564 2343 omnia
1595 2292 1812 2361 templa

108 2385 162 2431 et
191 2378 542 2432 monasteria
572 2394 889 2448 pauperum
938 2379 1363 2448 religiosorum,
1412 2380 1470 2433 in
1501 2380 1811 2450 hospitalia

108 2474 162 2520 et
210 2466 549 2521 nosocomia
605 2466 950 2537 largissimas
1022 2468 1415 2538 eleemosynas
1471 2469 1804 2523 destinavit:

106 2556 232 2609 aliis
310 2572 543 2626 quoque
609 2555 813 2610 Christi
895 2556 1241 2626 pauperibus
1337 2556 1603 2626 pecunias
1687 2557 1809 2609 sine

108 2661 356 2699 numero
423 2644 715 2713 dispertiri
768 2644 987 2698 curavi.
1051 2645 1116 2697 Et
1164 2649 1465 2714 postquam
1518 2645 1809 2713 Herbipoli

108 2744 244 2803 (quo
298 2738 532 2803 prepter
590 2734 820 2803 negotia
897 2741 1168 2803 tanquam
1236 2735 1582 2803 Prapositus
1656 2735 1809 2787 illius

107 2821 364 2876 ecclesia
432 2824 805 2887 concesserat)
863 2821 921 2873 in
978 2823 1238 2874 morbum
1322 2822 1631 2888 incidisset,
1693 2828 1808 2875 tam

109 2910 275 2977 mihi,
307 2924 480 2979 quam
511 2908 639 2961 aliis
678 2914 798 2961 toto
849 2908 1032 2962 morbi
1089 2914 1345 2979 tempore
1395 2910 1502 2979 ipsi
1534 2910 1806 2964 adstanti-

1923 1758 2132 1829 sapius
2193 1760 2458 1813 laudatus
2516 1760 2832 1813 Fridericus
2890 1760 3257 1815 Fornerusin
3314 1761 3482 1815 citato
3520 1766 3630 1815 tra-

1921 1851 2095 1911 ctatu,
2172 1850 2287 1901 Duo
2360 1849 2578 1915 specula
2661 1850 2938 1918 Principis
3012 1851 3378 1908 ecclesiastici.
3448 1855 3504 1903 et
3568 1850 3629 1904 in

1920 1934 2194 1989 concione
2251 1936 2501 1989 secunda
2562 1937 2789 1990 funebri
2842 1937 2911 1991 de
2957 1938 3171 1992 Joanne
3233 1937 3627 1992 Godefridoab

1919 2025 2267 2088 Aschausen,
2302 2040 2433 2093 pag.
2466 2026 2556 2090 60,
2582 2024 2679 2078 ubi
2712 2025 2789 2079 sic
2815 2024 3035 2080 scribit:

1991 2112 2077 2165 46.
2106 2131 2134 2163 ί(
2166 2112 2307 2166 Cum
2348 2112 2774 2166 Illustrissimus
2805 2118 2860 2165 et
2900 2114 3422 2168 Reverendissimus
3453 2115 3624 2169 Bam-

1918 2197 2212 2269 bergensis
2269 2200 2574 2270 episcopus
2644 2201 2989 2271 Nythardus,
3043 2202 3449 2257 laudatissima
3506 2219 3627 2256 me-

1920 2288 2141 2349 moria,
2173 2304 2326 2342 anno
2360 2304 2599 2342 MDXCVIII
2652 2288 2710 2341 in
2768 2290 2889 2359 ipsa
2944 2289 2997 2344 S.
3051 2290 3325 2359 Stephani
3354 2290 3624 2344 festivita-

1920 2380 1994 2441 te,
2029 2376 2230 2446 quain
2281 2376 2420 2430 vivis
2452 2393 2575 2431 esse
2631 2376 2821 2442 desiit,
2880 2394 3049 2432 mane
3116 2379 3391 2432 sacriﬁcio
3449 2379 3627 2432 inter-

1919 2464 2135 2531 fuisset,
2207 2481 2335 2533 ego,
2427 2466 2525 2536 qui
2590 2467 2642 2519 ei
2726 2483 2952 2537 semper
3034 2468 3286 2533 aderam,
3367 2471 3627 2521 nostrum

1919 2554 2200 2607 Joannem
2256 2554 2648 2621 Godefridum,
2712 2555 2811 2622 qui
2869 2556 3282 2609 nudiustertius
3340 2572 3404 2609 ex
3436 2554 3628 2610 Galliis

1919 2641 2159 2695 domum
2217 2641 2486 2708 redierat,
2543 2642 2609 2694 ad
2670 2658 2803 2695 eum
2860 2643 2917 2695 in
2979 2644 3121 2696 lecto
3165 2643 3623 2706 decumbentem,

1920 2729 2117 2783 multis
2151 2730 2550 2799 prasentibus,
2587 2730 2879 2784 introduxi
2906 2746 2919 2784 :
2942 2747 3112 2800 quem
3141 2747 3269 2785 cum
3309 2731 3632 2801 ingredien-

1920 2825 2034 2872 tem
2066 2818 2471 2888 conspexisset,
2525 2818 2592 2871 ad
2661 2836 2751 2872 me
2809 2834 3160 2873 conversus:
3229 2820 3626 2885 Qualemnam,

1920 2908 2217 2978 inquiens,
2275 2907 2608 2977 episcopum
2671 2907 2813 2961 mihi
2854 2907 3092 2961 adducis
3119 2911 3147 2962 ‘?
3178 2911 3293 2978 Ego
3337 2909 3463 2963 illi:
3497 2910 3626 2962 Illu-

108 2999 235 3064 bus,
279 2998 519 3051 liberam
561 2998 629 3051 de
665 2996 933 3050 omnibus
993 2998 1153 3051 bonis
1205 2998 1342 3063 suis,
1392 3000 1448 3052 in
1477 2999 1721 3063 horreis,
1753 2998 1811 3052 in
1846 2989 1886 3042 Ο
1925 2995 2201 3048 strissime
2260 2995 2523 3059 Domine.
2588 3001 2673 3048 est
2720 2996 2949 3065 juvenis
3004 2998 3322 3051 Ci’lnonicus
3379 2998 3627 3050 Joannes

111 3086 428 3157 penuariis,
463 3087 520 3139 in
568 3102 679 3139 are
741 3086 1028 3155 pra-senti,
1090 3103 1481 3157 quascumque
1514 3088 1808 3146 vollemus,

109 3179 505 3244 eleemosynas
543 3175 614 3228 ad
672 3173 897 3227 libitum
956 3179 1214 3227 nostrum
1274 3190 1377 3244 pro
1436 3175 1629 3227 anima
1687 3192 1808 3233 sua,

110 3264 460 3336 pauperibus
523 3267 580 3315 et
655 3262 791 3314 locis
847 3261 957 3330 piis
1037 3261 1412 3330 dispertiendi
1486 3263 1810 3317 facultatem

108 3352 409 3415 concessit,
452 3351 572 3403 hac
636 3366 787 3419 sape
846 3350 1054 3403 iterans
1104 3350 1322 3404 verba:
1374 3350 1659 3420 Quidquid
1709 3368 1811 3419 pro

110 3443 307 3496 anima
339 3456 466 3493 mea
496 3439 993 3508 eleemosynarum
1044 3439 1433 3509 erogaveritis,
1486 3456 1593 3510 ego
1626 3444 1812 3493 ratum

114 3531 355 3585 habebo.

182 3619 279 3673 44.
324 3640 349 3662 α
381 3616 558 3687 quue
590 3615 968 3685 prasentibus
1014 3615 1186 3669 etiam
1217 3614 1465 3670 ecclesia
1497 3615 1813 3685 imperialis

117 3705 551 3774 Bambergeusis
582 3704 804 3758 duobus
848 3703 1122 3769 Pralatis,
1175 3703 1274 3775 qui
1306 3704 1651 3767 Herbipolim
1687 3704 1814 3757 ideo

114 3794 548 3855 descenderant,
626 3797 691 3846 ut
739 3809 869 3845 eum
916 3792 975 3846 in
1015 3794 1217 3847 morbo
1273 3809 1374 3847 suo
1420 3793 1730 3847 inviserent
1761 3799 1816 3845 et

115 3884 574 3947 consolarentur,
624 3882 839 3951 pluries
890 3880 1136 3947 iteravit,
1194 3881 1406 3935 addens
1464 3897 1579 3934 non
1609 3883 1811 3935 semel.

119 3976 353 4029 Peccata
385 3988 511 4024 mea
562 3969 897 4040 gravissima
955 3976 1105 4036 sunt,
1162 3975 1218 4024 et
1248 3986 1489 4023 numero
1521 3985 1818 4038 propemo-

117 4066 254 4117 dum
291 4060 519 4115 inﬁnita
556 4076 570 4113 :
600 4058 795 4113 multis
831 4058 1075 4128 proinde
1105 4063 1162 4112 et
1192 4058 1414 4127 magnis
1442 4058 1818 4129 eleemosyuis

114 4151 407 4207 diluenda.
468 4148 732 4203 Ultimam
817 4164 980 4202 suam
1040 4148 1391 4201 voluntatem
1439 4147 1719 4217 exposuit,
1758 4152 1820 4200 ut

118 4239 419 4311 sequitur:
466 4236 672 4291 Omnia
724 4252 852 4290 mea
906 4236 1077 4302 bona,
1113 4235 1323 4306 inquit,
1381 4235 1449 4288 de
1495 4235 1703 4300 quibus
1758 4240 1821 4288 ut

118 4330 341 4401 peculio
371 4324 629 4398 proprio,
685 4324 887 4395 majori
916 4341 982 4378 ex
1013 4329 1171 4394 parte
1220 4322 1591 4391 hereditario,
1638 4322 1824 4393 dispo-

120 4435 254 4474 nere
290 4431 548 4487 possum.
582 4415 639 4468 in
670 4418 781 4468 tres
808 4418 994 4484 partes
1036 4412 1214 4466 dividi
1243 4412 1389 4466 volo.
1439 4412 1630 4467 Prima
1658 4413 1825 4466 detur

121 4506 387 4563 Ecclesia
439 4521 453 4569 ;
515 4504 692 4557 altera
762 4517 1081 4573 pauperum
1141 4501 1333 4555 usibus
1390 4500 1759 4571 impendatur
1808 4519 1821 4567 ;

118 4595 290 4650 tertia
337 4590 595 4662 cognatis
651 4590 794 4644 meis
852 4589 1034 4654 cedat,
1094 4605 1239 4660 quos
1317 4590 1469 4643 inter
1506 4590 1826 4659 pracipuos

120 4702 243 4740 esse
271 4682 403 4736 volo
446 4696 545 4734 eos
598 4679 699 4749 qui
752 4678 816 4734 in
865 4677 1069 4732 studiis
1121 4677 1305 4732 adhuc
1362 4683 1712 4744 versantur;
1770 4684 1827 4732 et

122 4772 316 4829 fratris
346 4770 498 4825 ﬁlios
542 4768 930 4832 minorennes,
983 4772 1049 4820 ut
1100 4766 1161 4819 in
1221 4766 1508 4821 Catholica
1547 4765 1824 4836 religione

123 4864 351 4917 valeant
385 4857 634 4912 educari.
697 4857 917 4910 Nollem
967 4860 1177 4921 autem,
1214 4855 1283 4910 de
1329 4854 1495 4909 bonis
1540 4854 1822 4921 Ecclesia,

123 4951 268 5007 mihi
317 4946 601 5014 sanguine
641 4944 856 5016 junctis
911 4943 1225 5015 quidquam
1293 4942 1546 5013 elargiri,
1603 4941 1715 4996 nisi
1758 4958 1821 4996 ex

122 5037 475 5112 patrimonio
519 5051 646 5089 meo
693 5037 1041 5104 suppeteret,
1086 5037 1149 5087 ut
1198 5032 1278 5086 eis
1324 5032 1655 5086 benefacere
1688 5048 1825 5101 pos—

125 5144 286 5183 sem:
321 5124 441 5179 scio
493 5123 645 5176 enim
702 5121 1081 5175 ecclesiastica
1134 5122 1286 5176 bona
1334 5122 1446 5174 illis
1476 5137 1588 5173 non
1608 5120 1825 5175 deberi.

126 5213 441 5272 Addiditin
488 5211 623 5276 ﬁne,
684 5209 913 5280 sepeliri
942 5227 1001 5263 se
1044 5210 1183 5263 velle
1232 5209 1288 5261 in
1347 5208 1580 5262 ecclesia
1636 5209 1829 5262 cathe-

130 5306 269 5360 drali
322 5298 751 5368 Bambergensi,
803 5299 924 5352 sine
968 5315 1196 5369 pompa,
1256 5302 1313 5351 et
1369 5314 1541 5369 quam
1588 5297 1827 5351 minimo

130 5392 245 5448 ﬁeri
276 5394 473 5464 posset
502 5393 754 5458 sumptu.
1014 5456 1017 5459 δ

195 5483 283 5536 45.
322 5499 355 5530 α
385 5480 654 5532 Ceterum
683 5491 855 5547 quam
887 5478 1079 5530 exacte
1111 5490 1171 5529 se
1201 5473 1267 5527 ad
1321 5473 1543 5527 beatam
1586 5476 1826 5526 mortem

135 5566 557 5640 praparaverit,
591 5572 644 5618 et
680 5581 849 5635 quam
884 5564 974 5633 pie
1003 5564 1153 5615 illam
1188 5561 1513 5633 oppetierit.
1547 5561 1829 5613 Fornerus

1924 3083 2265 3137 Godefridus
2295 3083 2365 3137 ab
2422 3084 2773 3149 Ascliauscn,
2832 3101 3044 3154 paucos
3078 3090 3209 3139 ante
3257 3084 3376 3138 dies
3402 3101 3466 3137 ex
3500 3084 3624 3139 Gal-

1925 3171 1999 3224 lia
2029 3172 2263 3225 domum
2317 3172 2512 3226 redux.
2573 3174 2705 3239 Ejus
2766 3173 2959 3243 itaque
3000 3190 3175 3227 manu
3230 3174 3624 3243 apprehensa:
3674 3241 3684 3254 ‘

1926 3261 2058 3326 Iste,
2097 3261 2304 3330 inquit.
2340 3267 2469 3328 post
2498 3277 2710 3330 paucos
2749 3277 2933 3314 annos
2976 3261 3384 3315 coudecorabit
3435 3261 3626 3314 sedem

1924 3349 2304 3418 episcopalem
2334 3350 2389 3404 S.
2423 3350 2645 3403 Ottonis
2702 3352 2767 3405 Et
2824 3356 2954 3419 post
2994 3352 3112 3403 hac
3142 3350 3311 3404 verba
3353 3350 3630 3403 conticuit

1925 3438 2369 3491 meditabundus
2424 3438 2842 3507 aliquantisper
2884 3455 2895 3491 :
2933 3456 2995 3491 ac
3043 3439 3272 3491 demum
3315 3438 3383 3492 de
3440 3437 3626 3491 reditu

1924 3527 1976 3579 ei
2010 3532 2095 3579 est
2124 3526 2570 3596 congratulatus.
2631 3526 3055 3580 chordabatur
3104 3525 3387 3594 ejusmodi
3424 3525 3624 3579 verbo-

1924 3630 2053 3668 rum
2098 3629 2216 3667 non
2258 3630 2388 3667 raro
2426 3613 2848 3668 Illustrissimus
2902 3619 3091 3667 noster
3136 3615 3383 3668 Joannes
3443 3613 3625 3669 Gode-

1924 3703 2122 3770 fridus,
2168 3703 2280 3773 pia
2337 3702 2631 3757 memoria
2693 3720 2706 3767 ',
2767 3703 2991 3758 vetabat
3045 3711 3239 3758 tamen
3294 3702 3419 3757 aliis
3476 3702 3629 3755 evul-

1926 3792 2071 3862 gari.

1997 3882 2086 3935 47.
2122 3902 2141 3927 ι
2180 3877 2486 3948 Iiucusque
2521 3880 2688 3932 verba
2746 3878 2979 3932 Forneri
3014 3894 3143 3949 pag.
3200 3882 3287 3941 (i0,
3322 3877 3419 3947 qui
3456 3894 3628 3946 supra

1929 3986 2057 4038 pag.
2106 3971 2159 4021 ll
2200 3968 2489 4026 retulerat.
2534 3967 2851 4037 piissimam
2882 3968 3005 4037 ejus
3057 3972 3299 4020 matrem
3334 3966 3627 4037 Brigittam

1929 4059 1995 4110 de
2023 4056 2214 4116 Zobel,
2268 4057 2405 4109 dum
2466 4057 2674 4109 ﬁliolus
2707 4057 2828 4125 ejus
2858 4056 3040 4109 adhuc
3072 4057 3129 4109 in
3175 4055 3336 4109 cuuis
3391 4054 3627 4123 vagiret,

1928 4152 2091 4200 nocte
2152 4145 2422 4214 quadam,
2481 4160 2610 4198 cum
2696 4144 2880 4215 pridie
2954 4160 3171 4196 sacram
3226 4142 3629 4197 Eucliaristiam

1850 4265 1892 4318 Β
1932 4234 2285 4303 sumpsisset,
2338 4239 2396 4287 et
2434 4231 2620 4286 ﬁlium
2674 4249 2841 4285 suum
2894 4231 3117 4285 Christo
3176 4235 3230 4283 et
3281 4230 3439 4284 Matri
3508 4230 3631 4300 ejus

1936 4322 2193 4377 devotius
2222 4321 2690 4382 commendasset,
2742 4320 2912 4373 mitra
2945 4324 3003 4372 et
3060 4318 3257 4371 habitu
3312 4318 3631 4387 pontiﬁcali

1937 4415 2225 4474 ornatum,
2258 4426 2322 4462 ac
2361 4408 2507 4463 miro
2535 4409 2758 4477 fulgore
2788 4423 3086 4462 coruscum
3116 4411 3249 4460 ante
3298 4424 3357 4458 se
3387 4410 3629 4459 stantem

1935 4498 2310 4568 conspexisse.
2349 4499 2475 4550 Erat
2529 4497 2789 4550 laudatus
2836 4496 3082 4567 juvenis,
3119 4494 3214 4565 qui
3269 4501 3406 4548 tunc
3429 4494 3635 4564 agebat

1935 4602 2154 4641 annum
2180 4584 2359 4639 atatis
2388 4585 2729 4655 vigesimum
2785 4590 3075 4656 quartum,
3118 4584 3173 4639 S.
3207 4583 3467 4638 Ileiurico
3500 4600 3630 4654 spe-

1935 4675 2153 4729 cialiter
2183 4674 2420 4727 devotus
2452 4689 2465 4738 ;
2499 4678 2556 4727 et
2585 4673 2769 4727 eidem
2819 4675 3048 4743 Sancto,
3118 4679 3181 4727 ut
3214 4672 3418 4726 merito
3458 4671 3635 4726 credi-

1935 4767 2047 4828 tur,
2075 4761 2333 4832 apprime
2359 4762 2587 4827 charus,
2645 4778 2757 4813 non
2791 4764 2978 4816 solum
3010 4763 3081 4815 ob
3137 4760 3453 4814 devotionis
3477 4764 3633 4812 tene-

1938 4851 2268 4918 ritudinem,
2299 4849 2392 4903 sed
2426 4850 2509 4903 vel
2556 4851 2801 4904 maxime
2850 4851 2923 4903 ob
2981 4848 3420 4903 similitudinem
3470 4848 3634 4900 casti-

1939 4939 2171 5005 monia,
2203 4956 2331 5009 qua
2352 4938 2580 5007 juvenis
2612 4955 2787 5008 supra
2812 4954 3179 4992 communem
3218 4937 3449 4990 modum
3482 4936 3637 4989 ett‘ul-

1937 5030 2126 5099 gebat,
2180 5034 2235 5081 et
2309 5044 2426 5081 non
2473 5028 2551 5081 ita
2618 5026 2841 5097 pridem
2913 5026 3225 5096 Herbipoli,
3294 5024 3390 5079 ubi
3435 5022 3637 5076 studiis

1938 5117 2192 5180 vacabat,
2229 5120 2413 5185 ejusce
2442 5116 2671 5169 virtutis
2710 5116 3003 5186 specimen
3061 5114 3299 5168 dederat
3328 5110 3639 5165 immortali

1940 5206 2217 5260 memoria
2243 5205 2502 5275 dignum.
2548 5206 2827 5259 Fornerus
2884 5204 2945 5258 in
2996 5201 3269 5257 concione
3326 5198 3514 5269 prima
3562 5197 3639 5250 fu-

1938 5294 2100 5348 nebri
2133 5311 2263 5364 pag.
2299 5297 2385 5358 26,
2421 5293 2562 5346 illud
2594 5293 2671 5346 ita
2696 5294 2908 5347 refert:

2011 5384 2099 5437 48.
2130 5407 2149 5431 α
2173 5383 2313 5436 Rem
2344 5382 2766 5447 admirandam,
2826 5381 3177 5435 verissimam
3235 5384 3447 5439 tamen,
3484 5376 3639 5428 vobis

1945 5472 2290 5525 memorabo.
2350 5473 2595 5525 Joannes
2675 5471 3016 5527 Godet’ridus
3064 5470 3134 5523 ab
3184 5468 3502 5523 Aschauseu
3552 5464 3639 5517 in-

1943 5561 2325 5611 adivlestteiitia
2358 5577 2477 5623 sua,
2517 5566 2573 5612 ut
2609 5577 2775 5613 neruo
2819 5577 2930 5611 non
2976 5558 3149 5620 DUVil,
3191 5552 3640 5610 formosissimus
