3938 6326
304 316 393 367 151
1590 316 1644 371 S.
1691 315 1979 372 HENHICI
2020 313 2492 371 IMPERATORIS

299 438 421 488 erat
440 438 497 488 et
538 434 972 488 venustissimus
1003 451 1017 501 ;
1078 436 1431 505 pereleganti
1473 452 1707 509 quoque
1738 438 1991 508 corporis
2020 440 2063 491 Α

297 522 701 577 constitutione
734 539 747 577 :
779 539 894 593 qua
940 524 1229 577 occasione
1278 524 1515 579 humani
1545 526 1770 597 generis
1814 527 1991 580 hostis

300 610 695 665 hareditarius
768 615 1016 681 arrepta,
1072 612 1193 683 ejus
1250 613 1521 685 virginea
1578 616 1813 684 puritati
1885 617 1991 670 hoc

296 703 696 767 strategemate
726 699 963 753 insidias
999 702 1220 767 struxit,
1271 708 1328 755 et
1356 704 1582 773 pedicas
1628 704 1851 773 objecit.
1891 704 1988 757 Fe-

300 788 470 841 mina
508 787 775 858 quadam
805 804 869 842 ex
918 804 1185 858 gynaceo
1242 791 1435 862 magni
1487 792 1735 845 nominis
1766 796 1823 846 et
1853 791 1990 846 illu-

299 875 428 928 stris
491 875 856 944 conditionis,
904 877 1212 943 instigante
1282 880 1700 944 cacodamoue,
1777 880 1991 951 insigni

298 965 420 1033 ejus
449 964 633 1018 forma
684 968 741 1018 et
786 966 1205 1033 pulchritudine
1263 973 1463 1038 capta,
1519 968 1752 1022 honoris
1806 970 1991 1040 specie

298 1053 368 1105 ad
390 1052 711 1106 convivium
742 1053 1055 1108 invitarunt
1096 1070 1107 1107 :
1142 1055 1260 1120 ubi,
1307 1071 1437 1109 cum
1485 1072 1616 1110 eum
1650 1056 1749 1127 qui
1796 1074 1990 1112 curam

298 1156 358 1193 ex
392 1139 579 1194 ofticio
629 1157 827 1211 gerere
874 1142 1138 1207 debebat,
1184 1143 1263 1196 nil
1313 1143 1449 1196 mali
1503 1144 1885 1214 suspicantem
1924 1162 1992 1199 ex

302 1227 581 1283 industria
640 1229 1037 1297 inebriassent,
1100 1232 1476 1303 cubitumque
1531 1233 1751 1286 ductari
1781 1234 1991 1304 jussis-

300 1323 445 1381 sent,
469 1334 535 1372 ea
595 1325 759 1373 nocte
817 1321 1237 1376 adolescentem
1294 1338 1520 1391 quoque
1572 1323 1723 1393 apud
1754 1339 1813 1377 se
1848 1324 1990 1378 reti~

301 1421 435 1458 nere
461 1406 781 1475 voluerunt,
807 1408 960 1479 quia,
995 1424 1065 1462 ne
1098 1410 1217 1477 ipse
1266 1409 1400 1462 mali
1429 1409 1726 1480 quidpiam
1762 1411 1991 1465 subesse

303 1497 475 1559 ratus,
532 1510 661 1547 cum
714 1496 1026 1549 dormitum
1077 1497 1198 1566 jam
1251 1497 1636 1563 concessisset,
1689 1497 1992 1552 libidinosa

303 1580 399 1632 illa
427 1582 636 1635 diaboli
663 1599 878 1652 organa
898 1585 1043 1638 clam
1092 1585 1375 1656 taciteque
1417 1587 1623 1640 lectum
1655 1587 1775 1655 ejus
1811 1604 1989 1641 acces-

301 1674 515 1735 serunt,
560 1675 617 1724 et
655 1671 836 1725 verbis
883 1672 1096 1742 pariter
1149 1673 1385 1739 lascivit,
1434 1678 1490 1727 et
1536 1674 1991 1747 quibuscumque

303 1762 566 1827 poterant
621 1758 1047 1814 titillationibus
1092 1761 1160 1815 ad
1216 1778 1305 1815 res
1337 1763 1579 1817 nefarias
1618 1780 1750 1818 eum
1783 1765 1998 1818 sollici-

304 1851 423 1900 tare
468 1852 784 1917 caperuut.
843 1848 988 1912 Quid
1013 1849 1414 1921 pudicissimus
1454 1853 1779 1907 adolescens
1801 1853 1827 1907 Ἰ
1859 1854 1999 1908 Hor-

305 1935 546 1989 rendum
579 1936 913 2003 vociferans,
946 1954 977 1991 e
1026 1939 1188 2006 lecto,
1240 1944 1301 1993 ut
1340 1946 1481 2008 erat,
1526 1941 1693 1996 lineis
1723 1943 1916 2010 caligit
1946 1945 2003 1995 et
2030 1945 2043 1961 ‘

305 2024 532 2077 indusio
563 2024 795 2078 vestitus
845 2026 1111 2096 prosiliit,
1144 2044 1174 2082 e
1207 2029 1470 2083 manibus
1510 2030 1738 2084 illarum
1789 2030 1998 2101 erupit,

302 2112 511 2166 ostium
545 2113 747 2167 domus
778 2113 1110 2169 festinanter
1151 2116 1336 2186 petiit,
1372 2122 1445 2185 et,
1497 2119 1708 2173 relictis
1737 2119 2003 2173 omnibus

307 2205 436 2271 post
472 2217 530 2254 se
564 2202 936 2271 vestimentis,
983 2204 1052 2258 ad
1106 2205 1344 2260 domum
1375 2207 1671 2277 cujusdam
1711 2208 1879 2262 amici
1909 2224 2000 2262 ve-

304 2288 409 2354 nit,
444 2288 639 2360 ibique
670 2291 823 2361 quod
881 2292 1168 2364 reliquum
1225 2299 1342 2349 crat
1384 2296 1586 2363 noctis,
1649 2298 1762 2350 Deo
1792 2297 2005 2369 gratias

305 2392 480 2447 agens
531 2394 633 2449 pro
710 2378 946 2434 obtenta
1002 2381 1274 2435 castitatis
1332 2384 1543 2454 palma,
1620 2384 1813 2455 quiete
1876 2401 2003 2456 per-

304 2466 500 2536 git.....

376 2556 463 2609 49.
510 2572 537 2604 ί(
597 2555 844 2610 Clericus
874 2557 1104 2612 tandem
1166 2558 1443 2626 initiatus,
1496 2562 1713 2632 majore
1772 2561 2006 2615 solertia

305 2644 561 2713 corporis
614 2649 671 2698 et
724 2647 932 2700 mentis
988 2648 1343 2703 castimonia
1421 2650 1526 2705 sibi
1586 2650 2004 2722 invigilandum

306 2732 646 2786 existimavit
678 2749 691 2798 ;
726 2733 899 2805 idque
927 2738 1085 2789 tanto
1132 2737 1483 2807 diligentius,
1516 2745 1730 2809 quanto
1761 2740 2006 2809 majores

307 2824 429 2874 tum
460 2821 734 2891 temporis
784 2825 1123 2893 corruptela
1181 2825 1393 2895 passim
1446 2826 1867 2897 vigebant.......
1906 2828 2007 2880 Vix

307 2925 426 2963 avo
449 2914 643 2962 nostro
670 2909 933 2965 iuventus
990 2919 1072 2966 est
1101 2913 1301 2969 similis
1352 2915 1457 2980 illi,
1517 2915 1615 2987 qui
1645 2920 1800 2969 tanto
1833 2914 2005 2984 virgi-

308 3013 432 3052 nea
464 2998 731 3067 puritatis
772 3000 891 3053 zelo
938 3007 1298 3056 conservaret
1348 3004 1528 3073 legem
1565 3004 1794 3059 Excelsi.
1832 3004 2009 3072 Hujus

309 3085 482 3155 igitur
538 3087 888 3143 castimonia
966 3090 1347 3161 aliarumque,
1408 3091 1615 3162 quibus
1665 3093 1761 3145 illa
1810 3092 2009 3161 stipari

310 3175 474 3242 solet,
538 3174 811 3230 virtutum
876 3177 1189 3248 fragrantia
1261 3180 1570 3234 delectatus
1628 3180 1680 3235 S.
1736 3182 2007 3236 Henricus

310 3264 532 3318 videtur
577 3265 855 3319 Joannem
921 3267 1293 3322 Godefridum
1375 3268 1659 3339 selegisse,
1709 3274 1763 3324 et
1805 3287 1838 3323 a
1894 3271 2007 3324 Deo

312 3352 625 3407 obtinuisse
660 3370 761 3424 pro
800 3370 900 3408 sua
945 3356 1191 3410 Ecclesia
1231 3356 1587 3427 episcopum,
1643 3374 1743 3412 seu
1795 3357 2008 3412 instru-

314 3446 567 3495 mentum
591 3442 832 3495 maxime
858 3442 1133 3497 idoneum
1157 3443 1227 3498 ad
1260 3445 1672 3500 restituendum
1708 3446 2006 3517 pudorem,

313 3530 410 3599 qui
444 3546 558 3584 non
595 3534 818 3585 tantum
846 3531 906 3588 in
956 3533 1186 3603 populo,
1238 3532 1335 3586 sed
1366 3534 1537 3587 etiam
1592 3534 1652 3589 in
1694 3536 1868 3601 clero,
1905 3536 2009 3588 mi-

313 3619 618 3672 serandum
679 3618 738 3674 in
799 3607 1035 3675 modum
1092 3623 1375 3692 collapsus
1414 3623 1617 3677 fuerat.
1655 3624 1815 3678 Uude
1856 3640 2007 3689 cum,

314 3723 464 3760 anno
522 3724 682 3761 uncrx
746 3725 892 3763 vaii
958 3710 1259 3781 episcopus
1321 3711 1380 3764 in
1464 3713 1730 3766 extremis
1796 3718 2009 3784 ageret,

315 3794 556 3865 virginei
631 3797 903 3866 coujuges
956 3797 1010 3851 S.
1073 3798 1366 3852 Heinricus
1418 3803 1475 3853 et
1533 3800 1899 3871 Cunegundis
1953 3800 2013 3854 in

316 3883 458 3936 turri
513 3884 757 3938 ecclesia
815 3885 1158 3940 cathedralis
1214 3888 1401 3941 denuo
1468 3904 1524 3941 se
1582 3888 2013 3958 conspiciendas

317 3976 373 4025 et
418 3988 522 4042 pro
579 3972 840 4043 eligendo
892 3990 1039 4027 now
1099 3977 1338 4045 prasule
1408 3977 1678 4031 sollicitos
1741 3978 2014 4031 exhibue-

319 4066 470 4114 runt.

389 4152 474 4203 50.
520 4150 644 4204 «Id
690 4150 844 4219 quod
908 4150 968 4204 in
1027 4152 1321 4220 opusculo,
1373 4153 1463 4205 cui
1516 4153 1761 4219 titulus;
1812 4154 2011 4208 Luctus

317 4237 568 4307 publicus
660 4239 976 4293 Franconiae
1033 4240 1096 4293 ob
1152 4240 1503 4295 immaturum
1549 4258 1575 4295 e
1631 4245 1749 4295 vita
1803 4242 2014 4295 abitum

316 4328 539 4381 Joannis
587 4328 891 4395 Godefrt’di,
946 4329 1098 4382 edito
1146 4345 1180 4383 a
1225 4330 1465 4400 collegio
1524 4330 1821 4385 Societatis
1884 4331 2013 4383 Jesu

325 4416 611 4485 Herbipoli
668 4434 818 4471 anno
875 4435 1133 4485 mucxxm,
1189 4436 1317 4489 pag.
1378 4424 1429 4479 3.
1489 4418 1643 4474 hisce
1700 4418 1885 4472 verbis
1923 4435 2019 4472 re-

323 4504 552 4558 fertur:
614 4506 709 4560 SS.
768 4506 1061 4560 Heiuricus
1118 4512 1173 4560 et
1233 4508 1600 4578 Cunegundis
1668 4507 1840 4577 paulo
1890 4512 2020 4559 ante

322 4593 442 4662 ejus
472 4593 809 4648 electionem
862 4595 965 4648 visi
1016 4598 1215 4650 urbem
1265 4613 1295 4651 e
1352 4597 1496 4651 turri
1563 4596 2018 4667 circumspicere,

323 4686 501 4750 Quam
528 4683 946 4754 apparitionem
988 4690 1155 4754 poeta
1184 4684 1263 4739 sic
1289 4685 1557 4757 exprimit
1589 4701 1601 4738 :

464 4773 643 4837 Quem
675 4771 875 4842 patria
904 4773 1067 4826 Pater

538 4861 575 4914 E
612 4876 786 4913 censu
811 4859 1092 4930 Superum
1123 4860 1281 4930 gravi

444 4978 445 4981 η
469 4949 784 5017 Heinricus,
808 4950 975 5003 lateri
1007 4950 1226 5021 virgine
1257 4950 1502 5020 conjuge

536 5039 755 5106 Adﬁxa,
786 5038 1140 5094 venerabiles

466 5128 787 5198 Acquisisse
811 5128 956 5182 viros
987 5129 1152 5195 inter,
1189 5127 1519 5199 episcopum

542 5219 711 5272 Fama
740 5216 956 5271 diditur
985 5217 1209 5287 integra
1238 5232 1249 5270 :

470 5307 676 5361 Urbem
702 5307 836 5360 dum
861 5307 1185 5377 propriam,”
1209 5304 1492 5375 turrigera
1520 5321 1551 5359 e
1583 5305 1776 5372 domo,

542 5394 1006 5450 Circumfuudere
1032 5393 1253 5450 lumina

473 5487 653 5553 Visus,
684 5486 911 5559 quando
941 5483 1159 5539 abitum
1191 5483 1303 5537 fata
1334 5483 1654 5552 superstitis

543 5576 830 5644 Urgebant
865 5575 985 5627 fera
1014 5569 1290 5641 prasulis.

3702 306 3819 361 ΙΞῖ

2175 440 2261 493 51.
2297 455 2321 489 ι
2359 435 2583 491 Nemini
2637 438 2773 489 tunc
2817 432 2875 487 in
2934 436 3186 488 mentem
3237 431 3520 498 veniebat,
3570 431 3629 486 in
3681 432 3822 485 ele-

2101 524 2287 579 ctione
2319 523 2627 595 episcopali
2682 540 2748 577 ex
2789 537 2930 575 urna
2978 522 3339 593 proditurum
3380 523 3658 576 Joannem
3688 522 3821 576 Go-

2100 613 2404 679 defridum,
2434 617 2557 665 tum
2586 611 2721 683 quia
2749 610 2796 665 is
2837 616 2957 665 erat
2987 627 3055 665 ex
3097 609 3426 679 junioribus
3477 608 3829 681 capitulari-

2102 701 2227 767 bus,
2285 706 2406 755 tum
2468 700 2603 770 quia
2667 698 2940 769 suffragia
2993 699 3363 752 collimabant
3411 699 3471 751 iu
3522 700 3821 753 Joannem

2102 790 2574 859 Cliristophorum
2613 790 2931 841 \‘eustetter
2969 787 3184 841 dictum
3240 787 3516 851 Sturmer,
3550 786 3823 840 ecclesiae

2102 879 2413 950 imperialis
2460 878 2759 932 decanum.
2845 876 2953 930 Sed
3026 876 3359 947 suffragium
3430 877 3484 930 S.
3557 874 3825 930 Heiurici

2102 984 2205 1039 pro
2244 968 2449 1021 cliente
2478 982 2580 1020 suo
2608 967 2825 1021 Joanne
2856 965 3160 1020 Godet‘rido
3182 965 3332 1035 apud
3356 966 3533 1019 Deum
3566 964 3822 1018 demum

2102 1057 2418 1127 pravaluit.
2455 1055 2613 1121 Hinc,
2655 1053 2878 1108 etiamsi
2927 1059 3276 1107 memoratus
3320 1054 3566 1108 decanus
3614 1052 3820 1123 primo

2101 1144 2288 1198 statim
2320 1143 2595 1197 scrutinio
2627 1142 2687 1196 in
2735 1141 3064 1212 episcopum
3122 1142 3335 1195 electus
3362 1141 3580 1206 fuisset,
3616 1140 3827 1194 noluit

2101 1240 2293 1287 tamen
2320 1233 2660 1303 dignitatem
2716 1230 2998 1284 amittere.
3038 1231 3118 1294 Et,
3153 1230 3283 1283 licet
3338 1246 3371 1282 a
3400 1235 3519 1283 toto
3550 1229 3819 1300 capitulo

2102 1323 2380 1376 instanter
2424 1324 2716 1391 rogaretur
2746 1324 2802 1373 et
2854 1324 3157 1390 urgeretur
3204 1320 3273 1372 ad
3307 1317 3818 1378 consentiendum,

2104 1428 2219 1465 non
2262 1415 2481 1464 tantum
2523 1409 2768 1463 secundo
2800 1413 2855 1461 et
2908 1407 3098 1474 tertio,
3138 1408 3236 1461 sed
3269 1407 3439 1460 etiam
3487 1412 3691 1478 quarto
3726 1422 3822 1459 re—

2102 1500 2334 1554 cusavit.
2396 1499 2651 1570 Cumque
2696 1498 2819 1551 hac
2870 1496 3017 1550 lucta
3076 1496 3170 1549 diu
3247 1500 3488 1560 teneret,
3544 1495 3813 1556 demum,

2101 1586 2351 1658 ipsouiet
2406 1588 2619 1642 decano
2674 1589 2985 1656 praeunte,
3046 1600 3109 1637 ex
3158 1584 3535 1655 inspiratione
3559 1582 3816 1652 Spiritus

2106 1677 2283 1731 sancti
2308 1682 2365 1731 et
2387 1674 2647 1729 unanimi
2677 1687 2958 1728 consensu
2983 1673 3351 1727 dominorum
3403 1670 3817 1744 capitularium

2110 1766 2356 1820 Joannes
2378 1762 2713 1818 Godefridus
2744 1761 2817 1815 ad
2852 1761 3182 1815 Aschausen
3239 1761 3513 1814 salutatus
3546 1760 3650 1813 fuit
3678 1758 3819 1829 epi-

2111 1870 2316 1923 scopus
2375 1850 2806 1921 Bambergensis
2871 1866 2963 1904 xxx
3019 1849 3176 1917 Julii,
3216 1866 3363 1903 anno
3440 1865 3619 1903 IDCIK.
3682 1848 3820 1903 Ele-

2110 1943 2359 1997 ctiouem
2390 1941 2555 2007 hanc,
2620 1938 2850 2010 speciali
2894 1938 3157 1993 Numinis
3186 1938 3556 2009 providentia,
3597 1937 3654 1990 in
3702 1938 3824 1990 bo-

2111 2046 2248 2085 num
2284 2028 2541 2084 Ecclesia
2573 2026 3029 2097 Bambergensis,
3056 2026 3181 2095 opis
3230 2026 3539 2081 admodum
3573 2016 3821 2094 indiga,

2111 2118 2445 2188 dispositam
2478 2133 2540 2171 ac
2565 2115 2889 2170 ordinatam
2919 2114 3111 2179 fuisse,
3164 2114 3484 2167 communis
3512 2119 3635 2166 erat
3666 2112 3825 2182 peri-

2110 2212 2300 2261 torum
2330 2206 2647 2276 persuasio.

2182 2298 2268 2348 52.
2342 2316 2361 2343 α
2424 2291 2920 2347 Eminentissimus
2977 2290 3283 2345 cardinalis
3340 2289 3723 2343 Bellarminus
3758 2288 3825 2342 in

2113 2384 2297 2455 prima
2327 2383 2569 2452 epistola
2600 2382 2671 2435 ad
2717 2382 2991 2435 Joannem
3046 2377 3413 2434 Godefridum
3482 2378 3824 2449 episc'opum

2117 2472 2592 2541 Bambergensem
2660 2485 2844 2539 nuper
2920 2469 3185 2533 electum,
3244 2468 3375 2522 data
3428 2483 3479 2520 IV
3538 2467 3820 2521 Novemb.

2117 2578 2296 2629 uucnx,
2346 2562 2425 2613 ita
2491 2559 2727 2614 scribit:
2791 2556 3174 2612 lllustrissime
3227 2572 3291 2610 ac
3346 2556 3828 2610 revereudissime

2114 2651 2368 2713 domine,
2398 2666 2427 2702 a
2463 2648 2702 2702 Domino
2736 2647 2945 2700 tactum
2976 2650 3059 2698 est
3112 2645 3263 2698 istud
3295 2661 3307 2709 ;
3341 2649 3395 2697 et
3424 2647 3507 2697 est
3554 2643 3828 2697 mirabile

2113 2738 2175 2793 in
2207 2738 2383 2792 oculis
2416 2736 2641 2791 nostris.
2692 2735 2936 2790 Nuntius
2967 2734 3036 2787 de
3091 2733 3365 2787 electione
3421 2732 3831 2786 illustrissima

2115 2832 2173 2881 et
2202 2824 2685 2880 revereudissima
2744 2825 2903 2877 Dom.
2952 2828 3154 2875 vestra
3202 2822 3449 2875 latiticat
3492 2820 3824 2875 universam

2114 2916 2398 2970 civitatem
2437 2912 2556 2967 Dei.
2616 2912 2956 2967 Dolebamns
3005 2910 3435 2980 oppressionem
3468 2909 3676 2963 nobilis
3718 2909 3831 2962 Ec-

2040 2999 2079 3053 C
2116 3004 2303 3059 clesia
2348 3003 2780 3072 Bambergensis
2815 3016 2827 3053 :
2862 3005 3072 3056 etcum
3127 3015 3241 3052 non
3298 3003 3653 3051 succurreret
3722 3014 3829 3068 ap-

2121 3099 2240 3147 tum
2292 3092 2634 3155 remedium,
2680 3107 2712 3143 a
2765 3088 3008 3143 Domino
3084 3088 3360 3141 auxilium
3417 3088 3826 3157 precabamur.

2117 3182 2225 3237 Sed
2258 3182 2385 3252 pius
2410 3180 2677 3234 dominus
2733 3177 2863 3231 fecit
2917 3175 3478 3246 superabundantius
3518 3191 3693 3245 quam
3728 3192 3825 3247 pe-

2118 3277 2235 3326 tere
2266 3276 2365 3325 aut
2419 3269 2744 3339 intelligere
2800 3271 3145 3337 poteramus.
3197 3266 3469 3335 Superest
3529 3280 3682 3318 nunc
3734 3270 3822 3329 ut,

2060 3385 2076 3397 -
2119 3359 2219 3430 qui
2283 3358 2452 3429 capit
2500 3357 2561 3411 in
2592 3355 2747 3410 vobis
2792 3371 2936 3425 opus
2996 3355 3231 3419 bonum,
3278 3354 3399 3423 ipse
3442 3354 3722 3425 perﬁciat,
3763 3359 3822 3407 et

2119 3464 2223 3519 per
2273 3463 2371 3500 vos
2422 3445 2662 3502 Ecclesia
2719 3443 3152 3514 Bambergensis
3221 3442 3464 3514 gloriam
3545 3459 3711 3497 suam
3766 3444 3826 3497 in

2121 3535 2389 3608 praseuti
2426 3534 2682 3606 recipiat,
2718 3537 2779 3586 ut
2808 3536 2863 3585 et
2919 3548 3016 3585 vos
3068 3531 3131 3584 in
3178 3531 3270 3585 die
3329 3530 3551 3585 Domini
3581 3531 3825 3584 immor-

2119 3626 2292 3679 talem
2344 3623 2542 3694 gloria
2601 3636 2870 3677 coronam
2931 3638 2964 3675 a
3018 3620 3278 3691 Principe
3332 3624 3625 3689 pastorum
3677 3620 3827 3673 reci-

2121 3711 2305 3783 piatis.

2192 3804 2282 3856 53.
2328 3823 2355 3849 (ι
2392 3800 2543 3853 [dem
2575 3796 2896 3861 cardiualis,
2957 3796 3158 3850 eodem
3187 3795 3277 3850 die
3309 3800 3365 3849 et
3391 3812 3541 3849 anno
3571 3796 3835 3849 scribens

2123 3889 2483 3944 serenissimo
2519 3886 2766 3940 Bavaria
2792 3884 2922 3939 duci
2954 3884 3356 3957 Maximiliano,
3392 3884 3543 3938 inter
3562 3884 3675 3938 alia
3706 3884 3835 3939 hac

2122 3978 2327 4032 habet:
2364 3978 2438 4030 De
2460 3977 2638 4029 electo
2656 3991 2785 4028 vero
2814 3973 3219 4043 Bambergeusi
3249 3972 3386 4043 quid
3417 3974 3638 4027 dicam?
3665 3974 3834 4028 Sensi

2127 4064 2376 4136 profecto
2406 4063 2799 4118 incredibilem
2857 4062 3037 4117 animi
3074 4064 3445 4132 voluptatem,
3471 4067 3523 4114 et
3555 4067 3672 4115 tam
3707 4078 3834 4116 ma-

2126 4154 2345 4207 nifesta
2372 4153 2569 4223 gratia
2622 4152 2722 4207 Dei
2776 4152 3128 4206 humillimas
3182 4151 3394 4220 gratias
3442 4150 3552 4220 egi.
3594 4151 3677 4203 Ita
3707 4152 3831 4204 ille.

2130 4242 2372 4295 Historia
2425 4242 2698 4310 inscripta
2752 4240 2978 4310 collegii
3031 4239 3151 4294 Soc.
3207 4241 3332 4294 Jesu
3369 4238 3678 4307 Herbipoli,
3732 4240 3835 4294 illo

2130 4329 2252 4400 ipso
2299 4345 2448 4383 anno
2498 4345 2675 4395 MDCIX,
2726 4329 2795 4382 de
2848 4327 3114 4397 episcopo
3174 4324 3574 4395 Bambergeusi
3630 4340 3837 4379 recens

2130 4418 2307 4470 electo
2332 4417 2408 4470 ita
2466 4416 2755 4487 loquitur:
2792 4416 2863 4469 Ex
2922 4414 3355 4485 partheniorum
3406 4412 3687 4466 sodalium
3717 4430 3831 4467 nu-

2134 4522 2290 4559 mero
2329 4505 2584 4559 Ecclesia
2636 4502 3038 4574 Bambergensi
3092 4503 3304 4572 prasul
3360 4501 3632 4556 divinitus
3662 4502 3835 4556 datus

2131 4600 2215 4650 est
2242 4597 2487 4650 Joannes
2517 4594 2852 4649 Godefridus
2891 4594 2960 4646 ab
3020 4592 3363 4657 Aschausen,
3413 4590 3587 4644 homo
3648 4590 3835 4661 philo-

2131 4684 2393 4755 sopliiam
2423 4688 2479 4737 et
2507 4684 2661 4753 leges
2692 4683 2971 4736 humanas
3015 4681 3347 4752 divinasque
3378 4679 3594 4745 doctus,
3629 4681 3687 4733 iu
3718 4696 3836 4749 quo

2133 4773 2275 4828 nihil
2304 4773 2476 4826 fastus
2506 4777 2604 4826 aut
2629 4772 2743 4826 fuci
2777 4788 2789 4835 ;
2819 4786 3007 4825 mores
3055 4770 3128 4824 ad
3160 4769 3576 4823 humanitatem
3605 4784 3835 4839 compo-

2133 4863 2261 4930 siti;
2332 4867 2468 4916 atas
2523 4860 2753 4925 ﬂorens,
2809 4865 2885 4925 et,
2925 4858 3077 4929 quod
3135 4858 3378 4916 miseris.
3432 4857 3837 4911 adolescentia

2134 4951 2414 5016 vicinior;
2460 4949 2661 5021 prisca
2720 4948 3020 5020 probitatis
3064 4951 3122 5002 et
3166 4946 3482 5001 sanctitatis
3536 4945 3837 4999 severioris

2135 5042 2348 5110 imago,
2390 5044 2495 5093 etc.
3516 5052 3519 5055 '

2206 5130 2293 5183 54.
2330 5124 2871 5192 «Quemadmodum
2927 5129 3119 5178 autem
3172 5124 3477 5193 praclarus
3533 5121 3674 5175 adeo
3705 5122 3834 5192 epi-

2137 5231 2344 5286 scopus
2385 5213 2645 5269 ECclesia
2689 5211 3114 5281 Bambergensi,
3156 5217 3415 5279 tempore
3473 5209 3833 5279 periculosis-

2135 5305 2303 5372 simo,
2364 5308 2652 5375 satagente
2699 5300 3071 5356 S.>Heinrico
3105 5300 3347 5354 donatus
3402 5299 3528 5366 fuit,
3572 5298 3651 5353 ita
3683 5299 3832 5354 idem

2137 5393 2460 5463 episcopus,
2526 5391 2728 5445 eodem
2777 5393 2969 5443 sancto
3028 5387 3372 5458 imperatore
3422 5385 3831 5458 patrocinante.

2138 5481 2306 5535 simul
2356 5496 2419 5533 ac
2477 5478 2815 5550 pastoralem
2867 5492 3063 5532 curam
3124 5477 3386 5547 suscepit,
3447 5491 3535 5528 res
3596 5490 3833 5545 magnas

2140 5586 2242 5639 pro
2277 5570 2390 5622 Deo
2417 5573 2472 5621 et
2530 5567 2792 5632 Ecclesia,
2843 5572 2959 5619 tam
2999 5565 3055 5619 in
3114 5564 3461 5618 restituendo
3493 5564 3648 5616 cultu
3694 5565 3832 5618 divi-
