3938 6318
166 338 265 392 153

1819 339 2013 395 ACTA.

3574 346 3669 403 154

159 476 230 516 ne
281 477 460 534 quam
509 461 579 517 in-
613 459 983 516 emendandis
1030 458 1164 514 cleri
1236 464 1293 515 et
1345 458 1547 532 populi
1594 460 1853 516 moribus
1884 467 1922 518 Α
1964 462 2344 535 patrocinium
2375 462 2651 534 confugit.
2682 463 2767 518 Et.
2793 467 2858 520 ut
2898 464 3136 522 haberet
3177 465 3449 536 adjutorii
3483 468 3667 540 ipsius

157 565 463 622 aggressus
504 550 669 614 fuit;
735 555 905 620 atque
964 548 1089 619 ipsa
1155 549 1552 620 magnitudine
1623 567 1861 622 operum

155 656 288 710 qua:
345 641 584 712 peregit,
654 640 843 709 palam
905 639 1173 691 omnibus
1247 638 1397 702 fecit,
1465 656 1524 693 se
1575 655 1690 693 non
1747 645 1861 694 tam

156 728 459 782 hominum
512 744 683 800 quam
742 727 962 781 cuslitus
1016 726 1300 796 sull‘ragiis
1348 726 1417 780 ad
1447 727 1858 796 episcopatum,

156 832 262 886 pro
309 818 462 872 bono
514 817 769 872 Ecclesiae
822 821 1197 886 assumptum.
1253 817 1391 880 Quas
1441 817 1672 887 egregia
1716 816 1860 871 facta

154 920 288 959 cum
339 906 580 961 Romam
633 907 804 959 latere
871 921 984 958 non
1058 910 1304 974 possent,
1375 904 1863 959 eminentissimus

159 992 541 1047 Bellarminus
591 993 779 1047 denuo
838 992 907 1046 ad
958 992 1231 1045 Joannem
1289 993 1660 1047 Godefridum
1708 1010 1859 1046 anno

160 1082 346 1136 MDCX
387 1082 468 1135 ita
508 1082 705 1136 scribit
751 1098 764 1135 :
812 1081 973 1145 Quod
1017 1080 1107 1150 egi
1165 1080 1225 1133 in
1280 1096 1544 1134 causa....
1603 1081 1861 1151 quamvis

158 1186 371 1239 magna
398 1172 687 1224 voluntate
717 1171 956 1240 egerim,
1010 1186 1125 1223 non
1161 1169 1302 1222 tanti
1333 1170 1609 1223 momenti
1640 1169 1766 1231 fuit,
1798 1174 1862 1222 ut

155 1274 303 1327 opus
330 1264 480 1313 esset
529 1258 755 1329 fatigari
794 1257 853 1312 iu
900 1258 1197 1312 scribendo
1254 1263 1480 1312 tantum
1525 1258 1858 1329 episcopum

155 1352 211 1400 et
238 1346 301 1400 in
323 1348 493 1401 rebus
523 1347 879 1418 gravioribus
909 1351 1270 1417 occupatum.
1305 1347 1449 1411 Quia
1478 1352 1672 1400 tamen
1722 1348 1859 1399 scri-

153 1435 292 1489 bere
324 1435 515 1502 libuit,
541 1435 680 1489 mihi
712 1452 943 1507 quoque
1003 1435 1348 1499 respondere
1376 1434 1859 1504 jucundissimum

154 1528 241 1577 est
273 1525 327 1577 ei
368 1524 510 1591 viro,
563 1540 734 1594 quem
764 1523 928 1595 quasi
971 1524 1040 1577 de
1095 1525 1234 1578 ccelo
1290 1524 1529 1577 missum
1586 1524 1854 1593 suspicio.

156 1613 282 1665 Non
307 1612 440 1665 novi
463 1614 530 1666 de
570 1613 710 1666 facie
763 1613 1094 1682 episcopum
1126 1618 1183 1665 et
1232 1612 1549 1683 principem
1602 1612 1860 1666 Bambar-

149 1714 392 1769 gensem
426 1700 811 1767 Godefridum,
846 1700 942 1753 sed
992 1716 1056 1754 ex
1092 1700 1359 1770 cperibus
1392 1700 1638 1770 egregiis
1676 1700 1862 1754 notis-

150 1788 369 1842 simum
408 1788 774 1842 vehementer
817 1788 994 1860 diligo
1026 1794 1083 1842 et
1111 1804 1354 1843 veneror
1391 1809 1405 1855 ;
1437 1794 1494 1843 et
1537 1805 1738 1859 precor
1770 1806 1858 1843 as-

149 1876 319 1931 siduo
387 1876 567 1930 Deum
640 1883 723 1941 ut,
794 1893 967 1947 quem
1024 1884 1350 1947 opportuno
1420 1883 1698 1948 tempore,
1774 1879 1858 1931 la-

150 1965 313 2019 benti
346 1964 606 2019 Ecclesiae
660 1966 1062 2036 Bambergensi
1096 1967 1384 2031 praeﬁcere
1429 1966 1698 2036 dignatus
1752 1972 1857 2032 est,

149 2070 282 2108 eum
317 2055 492 2123 longo
517 2059 773 2124 tempore
826 2054 1176 2108 incolumem
1209 2071 1454 2120 servare,
1502 2055 1749 2125 dirigere
1804 2060 1861 2109 et

150 2148 476 2214 protegere,
513 2148 567 2196 et
597 2143 830 2197 tandem
878 2143 1048 2197 etiam
1081 2144 1314 2213 plenum
1346 2143 1571 2197 dierum
1603 2148 1661 2197 et
1686 2142 1857 2197 meri-

148 2238 344 2295 torum
375 2231 622 2301 gloriose
643 2247 916 2285 coronare
950 2231 1238 2300 dignetur.

220 2322 308 2374 55.
348 2340 376 2367 ι(
408 2320 560 2374 ldem
618 2319 923 2373 cardinalis
979 2336 1130 2372 anno
1184 2336 1382 2385 uocxu,
1436 2336 1507 2373 xu
1548 2319 1856 2385 Februarii,

148 2409 220 2463 ad
256 2408 612 2463 Fridericum
670 2409 981 2463 Fornerum
1014 2407 1442 2477 suffraganeuin
1478 2408 1858 2478 Bainbergen-

149 2512 271 2549 sem
298 2496 573 2564 scribens,
609 2496 768 2550 addit
796 2495 1091 2565 sequentia
1131 2512 1143 2548 :
1188 2496 1298 2550 Sed
1332 2496 1418 2549 his
1449 2496 1694 2559 omissis,
1725 2512 1857 2567 gra-

151 2585 261 2638 tias
289 2585 553 2655 ingentes
607 2585 786 2639 habeo
819 2601 922 2655 pro
971 2584 1042 2637 iis
1080 2600 1209 2655 qua:
1264 2585 1334 2638 ad
1367 2601 1455 2637 me
1487 2584 1759 2654 scripsisti
1789 2584 1860 2638 de

150 2673 373 2743 insigni
405 2689 713 2743 progressu
765 2672 967 2742 Optimi
996 2673 1269 2743 principis
1302 2678 1357 2726 et
1386 2672 1638 2742 episcopi
1669 2672 1857 2737 vestri,

151 2778 328 2832 quem
362 2777 475 2814 non
510 2761 808 2815 hominum
870 2767 1001 2815 vota
1032 2765 1128 2813 aut
1159 2761 1365 2825 studia,
1410 2762 1506 2813 sed
1541 2763 1687 2815 Deus
1713 2760 1855 2828 ipse,

152 2867 258 2921 pro
288 2867 389 2903 sua
422 2850 647 2903 intinita
706 2850 930 2920 pietate.
993 2849 1253 2903 ECCIGSid‘,
1286 2866 1402 2902 suae
1461 2848 1711 2904 donavit.
1747 2849 1859 2919 Ego

149 2944 303 2993 certe
328 2940 407 2991 ita
440 2938 522 2991 illi
555 2954 827 3008 germana
860 2937 1136 2991 charitate
1169 2937 1404 3001 aﬂicior,
1442 2942 1524 3002 ut,
1565 2938 1613 2991 si
1645 2952 1861 3007 pennas

150 3027 437 3082 columbae
469 3042 757 3080 assumere
814 3042 1059 3097 possem,
1098 3027 1238 3079 nihil
1293 3042 1384 3079 me
1413 3027 1694 3080 detineret
1718 3027 1858 3096 quin
1891 3031 1928 3081 tl

149 3116 345 3170 statim
370 3116 435 3169 ad
490 3116 611 3185 ejus
657 3116 1016 3185 complexum
1077 3116 1346 3168 volarem.
1390 3115 1613 3168 Utinam
1650 3116 1860 3167 multos

151 3204 202 3259 ei
224 3204 442 3258 similes
508 3192 624 3258 non
683 3202 985 3273 solum‘iu
1035 3203 1357 3269 Germania,
1416 3203 1515 3256 sed
1556 3202 1728 3256 etiam
1802 3203 1859 3255 in

154 3292 319 3347 Italia
372 3297 424 3346 et
480 3292 539 3345 in
608 3292 829 3362 reliquo
912 3293 1048 3345 orbe
1088 3291 1408 3344 Christiano
1456 3291 1796 3344 haberemus
1844 3289 1855 3343 !

155 3380 490 3434 Videremus
519 3380 674 3433 enim
701 3378 974 3433 continuo
1008 3378 1230 3433 vineam
1265 3378 1491 3432 Domini
1544 3385 1659 3432 tam
1693 3379 1861 3433 bonis

155 3472 422 3543 agricolis
489 3469 853 3525 commissam
889 3469 1127 3523 miriﬁce
1190 3470 1570 3522 rellorescere.
1657 3465 1863 3523 Precor

156 3560 242 3614 illi
271 3575 340 3613 ex
371 3558 540 3613 corde
589 3558 1007 3628 longitudinem
1061 3558 1304 3622 dierum,
1359 3563 1576 3627 quanta
1606 3574 1861 3611 necessa-

160 3648 243 3702 ria
275 3652 362 3700 est
392 3647 460 3701 ad
494 3647 754 3700 Ecclesiae
786 3646 1271 3713 reformationem,
1306 3652 1411 3699 etc.

230 3740 317 3791 56.
356 3757 382 3782 ι(
442 3737 611 3790 Plura
667 3734 951 3806 ejusmodi
1001 3733 1060 3787 in
1094 3734 1346 3804 epistolis
1382 3734 1499 3787 suis
1531 3734 1703 3787 liabet
1734 3736 1864 3788 lau-

159 3825 322 3880 datus
352 3824 674 3888 cardinalis,
734 3823 1026 3895 signanter
1071 3824 1346 3876 extollens
1405 3823 1865 3893 magnitudinem

158 3913 422 3968 beneﬁcii
480 3912 637 3985 quod
693 3912 888 3967 divina
924 3911 1147 3966 bonitas
1182 3911 1445 3982 praestitit
1490 3912 1703 3965 labenti
1762 3913 1866 3965 Ec-

158 4002 344 4056 clesiae
378 4001 900 4070 Bambergensi,illi
927 4000 1277 4070 providendo
1300 4001 1368 4053 de
1382 4000 1669 4071 episcopo,
1710 4022 1728 4048 α
1767 4000 1865 4071 qui

161 4090 217 4143 in
252 4090 364 4143 vita
395 4106 497 4143 sua
528 4090 775 4143 suti‘ulsit
804 4090 1063 4155 domum,
1114 4094 1169 4143 et
1214 4088 1275 4142 in
1308 4089 1507 4142 diebus
1528 4089 1643 4142 suis
1669 4104 1867 4142 corro-

161 4177 382 4231 boravit
404 4178 683 4247 templum
718 4192 730 4230 :
763 4178 863 4248 qui
912 4178 1131 4231 curavit
1157 4182 1383 4247 gentem
1420 4193 1583 4230 suam
1640 4183 1696 4230 et
1728 4176 1867 4230 Iibe-

162 4265 305 4318 ravit
335 4280 462 4317 eam
490 4280 524 4316 a
552 4264 870 4334 perditione
926 4265 1114 4330 (Eccli.
1168 4264 1238 4333 L).
1280 4287 1299 4310 η
1358 4263 1518 4326 Quod
1568 4262 1786 4316 meritis
1810 4266 1867 4316 et

160 4352 556 4407 intercessioni
586 4353 678 4407 SS.
717 4352 965 4407 Heinrici
1014 4356 1070 4405 et
1117 4350 1483 4421 Cunegundis
1514 4349 1573 4404 in
1622 4351 1871 4420 acceptis

158 4442 464 4496 ferendum
500 4457 620 4495 esse
660 4442 863 4511 probat
918 4440 1159 4511 pervigil
1206 4455 1407 4493 eorum
1436 4440 1689 4493 studium
1720 4439 1868 4493 circa

160 4530 499 4585 electionem
530 4530 701 4599 hujus
726 4528 974 4600 episcopi
1011 4528 1351 4593 exhibitum,
1402 4533 1465 4582 ut
1493 4544 1666 4598 supra
1713 4529 1865 4581 rela-

160 4628 282 4673 tum
323 4620 453 4686 fuit,
486 4634 589 4671 nec
620 4633 735 4671 non
762 4617 1067 4688 singularis
1090 4617 1343 4687 episcopi
1369 4618 1593 4671 devotio
1631 4622 1684 4669 et
1716 4618 1893 4688 tidu-'

161 4710 247 4762 cia
296 4722 433 4777 erga
491 4712 709 4759 sanctos
767 4706 1141 4771 fundatores;
1201 4705 1363 4775 cujus
1422 4705 1740 4759 devotionis
1804 4721 1867 4757 ac

163 4796 383 4850 ﬁducia:
411 4795 704 4863 specimen
736 4795 965 4865 aliquod
990 4794 1081 4847 hic
1112 4793 1515 4865 subjungitur:

231 4889 317 4939 57.
383 4906 403 4932 ι
440 4884 507 4938 Ut
556 4884 807 4953 primum
845 4884 1091 4938 Joannes
1145 4882 1484 4938 Godefridus
1548 4898 1693 4935 onus
1747 4880 1869 4951 epi-

162 4974 383 5043 scopale
413 4973 683 5042 suscepit,
743 4972 1071 5025 colluctatio
1102 4971 1186 5025 illi
1216 4971 1325 5024 fuit
1365 4987 1478 5023 non
1510 4975 1735 5023 tantum
1768 4970 1865 5023 ad-

165 5079 354 5118 versus
387 5060 710 5131 spiritualia
782 5060 1054 5130 nequitiae
1102 5059 1164 5113 in
1220 5058 1562 5124 ccelestibus,
1609 5058 1870 5113 videlicet

164 5153 426 5205 adversus
454 5150 759 5216 hieresim,-
795 5150 1065 5219 magiam,
1105 5148 1395 5215 veneficia,
1446 5146 1867 5201 daemoniacum

165 5239 590 5305 idolomaniam,
653 5238 994 5292 foedissimas
1078 5236 1264 5291 carnis
1340 5237 1757 5303 corruptiones,
1813 5240 1868 5289 et

164 5330 464 5384 innumera
524 5327 877 5398 flagitiorum
937 5333 1212 5389 monstra,
1288 5326 1386 5379 sed
1444 5325 1616 5378 etiam
1674 5329 1868 5377 contra

165 5418 556 5474 formidabiles
644 5416 972 5488 principum
1069 5414 1471 5470 haereticorum
1567 5414 1865 5481 exercitus,

166 5507 494 5562 Franconiaa
543 5511 822 5576 perpetuo
852 5504 1239 5561 imminentes.
1287 5504 1497 5560 Contra
1526 5517 1671 5572 quos
1701 5503 1865 5555 coele-

166 5596 231 5651 sti
260 5595 528 5668 prmsidio
557 5594 665 5649 sibi
694 5610 839 5666 opus
867 5610 989 5649 esse
1046 5593 1395 5664 intelligens,
1426 5591 1495 5645 ad
1528 5591 1585 5646 S.
1623 5589 1867 5644 Heinrici

1972 552 2221 618 arrham,
2255 552 2503 607 obtinuit
2540 554 2610 607 ab
2643 554 2963 609 Eberhardo
3016 558 3349 626 Augustano
3378 557 3666 628 episcopo,

1973 646 2361 695 consecratore
2411 658 2533 706 suo,
2595 642 2852 711 gladium
2907 660 3022 714 quo
3079 648 3305 698 sanctus
3360 645 3671 717 imperator

1973 730 2262 801 quondam
2293 731 2351 784 in
2404 731 2614 801 proeliis
2669 730 2742 785 ad
2800 732 3149 787 edomandos
3199 734 3454 789 Ecclesiae
3484 734 3671 790 hostes

1973 834 2109 871 usus
2147 818 2331 872 fuerat
2380 835 2393 872 :
2436 834 2608 889 quem
2657 824 2917 873 sanctum
2974 820 3229 890 gladium
3283 822 3501 893 accepit
3550 828 3671 877 tan-

1974 922 2147 977 quam
2180 923 2451 961 munusa
2490 908 2602 961 Deo
2656 909 2916 971 missum,
2976 909 3139 979 cujus
3196 909 3404 964 virtute
3456 916 3673 965 arceret

1972 995 2322 1049 adversarios
2355 996 2555 1065 populi
2606 996 2712 1061 sui,
2746 996 2847 1067 qui
2876 1002 3037 1051 erant
3068 997 3233 1051 multi
3292 1004 3349 1053 et
3392 1004 3669 1068 potentes.

1974 1083 2262 1155 Imprimis
2295 1084 2612 1138 Fridericus
2672 1085 2734 1149 V,
2766 1101 2955 1139 comes
3022 1086 3308 1155 palatinus
3349 1087 3553 1155 Rheni,
3584 1089 3675 1142 in-

1975 1188 2135 1226 vasor
2210 1188 2433 1226 coronae
2488 1173 2807 1226 Bohemicze
2856 1189 2870 1242 ;
2933 1174 3347 1241 Mansfeldius;
3410 1177 3666 1230 marcliio

1973 1261 2350 1324 Durlacensis,
2408 1261 2519 1314 dux
2577 1261 2942 1329 Aulialtinus,
2976 1261 3331 1316 Christianus
3388 1265 3669 1318 Brunswi-

1970 1348 2152 1402 censis
2211 1364 2311 1402 seu
2382 1348 2912 1416 Halberstadiensis,
2979 1365 3295 1421 eorumque
3350 1350 3510 1415 socii,
3569 1352 3670 1422 qui

1970 1436 2257 1491 dicecesim
2294 1437 2791 1506 Bambergensem,
2834 1437 2918 1491 uti
2977 1442 3033 1491 et
3065 1438 3553 1507 Herbipolensem,
3583 1440 3668 1494 fo-

1972 1526 2061 1579 liis
2093 1526 2279 1595 palam
2306 1525 2617 1596 impressis,
2649 1526 2758 1579 sibi
2804 1526 2863 1579 in
2922 1527 3171 1596 praedam
3228 1527 3671 1594 destinaverant,

1971 1620 2028 1668 et
2056 1630 2155 1683 spe
2178 1614 2299 1683 jam
2315 1614 2740 1668 devoraveraut.
2780 1654 2813 1658 η
3592 1606 3601 1609 “

2043 1706 2130 1756 58.
2171 1724 2191 1749 ι
2230 1702 2497 1766 Quamvis
2531 1706 2724 1755 autem
2770 1702 2830 1755 in
2882 1708 3186 1774 utramque
3225 1702 3513 1758 dioecesim
3555 1704 3675 1775 plu-

1972 1790 2082 1844 ries
2165 1790 2546 1860 irruptionem
2602 1791 2968 1859 tentaverint,
3033 1793 3281 1846 Joannes
3334 1792 3674 1847 Godefridus

1973 1884 2164 1933 tamen
2222 1877 2342 1949 (qui
2396 1878 2616 1933 interea
2670 1882 2841 1932 etiam
2895 1880 3320 1949 Herbipolensis
3368 1880 3671 1951 episcopus

1971 1972 2192 2021 creatus
2233 1968 2436 2036 fuerat)
2491 1967 2723 2020 hostiles
2780 1972 3019 2020 conatus
3045 1967 3252 2036 partim
3290 1967 3462 2021 elusit
3489 1967 3675 2022 consi-

1971 2056 2067 2122 lio,
2110 2055 2318 2126 partim
2368 2055 2539 2124 fregit
2591 2055 2942 2121 fortitudine,
3004 2054 3348 2124 opponendo
3408 2054 3674 2109 hostibus

1969 2146 2160 2214 cepias
2207 2160 2357 2209 suas,
2415 2158 2557 2214 quas
2615 2142 3051 2211 conscripserat,
3130 2159 3243 2196 una
3308 2159 3440 2198 cum
3492 2142 3672 2213 copiis

1969 2232 2342 2286 auxiliaribus
2377 2230 2726 2285 serenissimi
2783 2230 2941 2285 ducis
2995 2230 3262 2285 Bavarite.
3300 2232 3366 2285 Et
3395 2232 3536 2285 dum
3566 2232 3676 2285 mi-

1968 2322 2095 2376 lites
2144 2326 2468 2390 pugnarent
2542 2320 2603 2373 in
2656 2318 2857 2389 patria:
2912 2319 3199 2385 confiniis,
3253 2320 3375 2389 ipse
3426 2319 3676 2373 interdiu

1968 2416 2280 2479 noctuque,
2306 2410 2556 2479 projecta
2588 2408 2649 2462 in
2689 2413 2899 2461 terram
2945 2407 3107 2475 facie,
3156 2408 3311 2462 velut
3340 2408 3483 2462 alter
3510 2408 3665 2476 Moy-

1970 2516 2077 2564 ses,
2121 2514 2224 2569 pro
2274 2497 2485 2568 populo
2538 2512 2640 2549 suo
2696 2496 2984 2549 orationes
3038 2496 3108 2549 ad
3168 2497 3346 2550 Deum
3378 2496 3673 2550 fundebat.

1971 2587 2038 2639 Et
2068 2587 2223 2656 quod
2268 2587 2337 2639 de
2398 2584 2490 2638 die
2535 2584 2824 2637 interdum
2855 2584 2926 2637 ob
2967 2586 3309 2653 legatorum,
3359 2600 3424 2637 ac
3455 2584 3677 2637 militias

1971 2675 2392 2745 praefectorum,
2433 2673 2692 2726 euntium
2727 2687 2790 2725 ac
2846 2672 3214 2725 redeuntium
3248 2672 3674 2741 interpellatio-

1970 2779 2090 2829 nes,
2160 2768 2428 2832 praestare
2486 2776 2603 2818 non
2659 2766 2902 2837 poterat,
2940 2760 3127 2813 media
3187 2776 3425 2829 surgens
3488 2766 3673 2825 nocte,

1970 2867 2168 2905 somno
2230 2849 2582 2903 antelucanis
2652 2847 2902 2902 excubiis
2982 2849 3259 2915 majorem
3319 2847 3379 2901 in
3438 2848 3674 2902 modum

1970 2943 2273 3004 coarctato,
2299 2937 2533 3006 integris
2573 2936 2730 2990 horis
2768 2952 2895 2989 cum
2944 2937 3053 2990 Deo
3101 2937 3478 3007 colloquendo
3512 2952 3671 2991 com-

1970 3028 2259 3096 pensabat.
2326 3027 2483 3080 [lisce
2561 3025 2734 3078 armis
2785 3025 3019 3079 devotus
3069 3026 3124 3080 S.
3192 3025 3436 3079 Heinrici
3498 3025 3675 3079 cliens

1972 3117 2269 3170 Ecclesiam
2302 3130 2484 3179 suam,
2518 3118 2636 3167 toto
2668 3114 2964 3184 regiminis
2993 3113 3079 3166 sui
3131 3118 3412 3184 tempore,
3471 3114 3542 3167 ab
3576 3114 3672 3167 ho-

1968 3204 2137 3257 stium
2199 3201 2635 3272 irruptionibus,
2690 3201 3214 3271 depraedationibus
3271 3208 3324 3255 et
3395 3201 3675 3255 incendiis

1968 3292 2135 3363 (quin
2167 3297 2224 3345 et
2253 3308 2283 3344 a
2306 3297 2482 3361 peste,
2511 3306 2639 3360 quae
2668 3296 2835 3343 antea
2863 3290 3108 3360 singulis
3141 3288 3306 3342 annis
3345 3289 3675 3359 Bambergas

1968 3380 2252 3444 saeviebat)
2283 3378 2888 3432 servavitimmunem.

2040 3472 2126 3523 59.
2156 3489 2177 3518 ι
2240 3469 2585 3537 Supremum
2614 3484 2647 3520 a
2693 3466 2746 3521 S.
2810 3464 3073 3520 Heinrico
3118 3465 3371 3518 favorem
3415 3465 3665 3518 Joannes

1969 3556 2305 3611 Godefridus
2336 3562 2603 3625 expertus
2636 3554 2743 3608 fuit
2798 3560 2930 3607 ante
2981 3558 3225 3607 mortem
3273 3567 3457 3619 suam,
3491 3567 3665 3622 quam

1970 3646 2023 3699 ei
2042 3652 2268 3699 sanctus
2299 3644 2613 3713 imperator
2664 3659 2777 3697 una
2838 3658 2969 3696 cum
3001 3641 3254 3713 virginea
3301 3642 3546 3711 conjuge
3579 3656 3678 3711 ap-

1970 3751 2176 3805 parens
2202 3732 2618 3803 pronuntiavit,
2655 3736 2716 3785 ut
2754 3731 3000 3786 refertur
3038 3730 3100 3784 in
3130 3730 3253 3784 Vita
3287 3728 3678 3799 manuscripta

1972 3824 2141 3892 hujus
2172 3822 2463 3893 principis.
2494 3822 2578 3874 Ab
2612 3838 2678 3874 eo
2710 3825 2969 3891 tempore
3002 3835 3116 3873 non
3142 3819 3336 3873 omisit
3394 3833 3452 3871 se
3503 3834 3676 3888 quam

1972 3911 2390 3965 accuratissime
2421 3910 2487 3964 ad
2547 3909 2766 3963 felicem
2793 3926 2861 3962 ex
2915 3910 3020 3962 hac
3052 3907 3162 3961 vita
3189 3905 3490 3961 transitum
3523 3921 3679 3959 com-

1972 4016 2193 4070 parare.
2227 4000 2367 4053 Tota
2415 3998 2649 4068 quidem
2703 3997 2815 4051 vita
2867 3998 3008 4067 ejus,
3065 3994 3381 4067 praesertim
3412 4010 3585 4065 quam
3619 3992 3680 4048 in

1975 4088 2303 4159 episcopatu
2339 4086 2520 4154 duxit,
2574 4086 2683 4140 fuit
2734 4091 3014 4156 perpetua
3066 4085 3135 4138 ad
3170 4083 3395 4137 beatam
3436 4086 3679 4136 mortem

1976 4176 2318 4247 praeparatio
2354 4192 2366 4229 :
2402 4175 2599 4229 habito
2631 4179 2823 4228 tamen
2853 4175 3065 4227 caelesti
3091 4173 3160 4226 de
3219 4188 3287 4225 ea
3307 4170 3538 4234 indicio,
3577 4187 3680 4222 cu-

1978 4282 2067 4319 ras
2098 4283 2225 4318 suas
2258 4265 2325 4318 ad
2372 4278 2706 4334 supremum
2760 4262 2903 4315 illud
2944 4260 3237 4329 negotium
3278 4258 3460 4327 magis
3488 4258 3681 4311 inten-

1978 4354 2077 4407 dit.
2111 4354 2273 4417 Cum,
2309 4353 2406 4406 illo
2460 4352 2583 4421 ipso
2643 4366 2792 4403 anno
2843 4366 2958 4418 quo
3006 4347 3165 4412 obiit,
3222 4362 3284 4399 ex
3344 4344 3679 4416 praascripto

1980 4442 2355 4507 medicorum,
2430 4441 2489 4493 iu
2560 4455 2686 4493 arce
2747 4434 3250 4501 Waldaschacensi,
3293 4434 3679 4488 instaurandis

1980 4529 2292 4583 valetudini
2350 4533 2592 4590 vacaret,
2656 4531 2772 4579 toto
2823 4542 2890 4579 eo
2932 4531 3211 4595 tempore,
3279 4522 3394 4576 sive
3456 4521 3680 4592 publice

1978 4618 2093 4671 sive
2150 4615 2417 4685 privatim
2480 4614 2761 4684 panderet
2825 4620 2925 4668 aut
2998 4618 3266 4678 casuaret,
3329 4611 3452 4681 ejus
3516 4613 3680 4680 jussu

1978 4721 2204 4775 semper
2296 4703 2503 4774 aliquis
2569 4721 2599 4756 e
2655 4702 3018 4755 cubiculariis
3087 4701 3342 4754 libellum
3421 4697 3684 4752 Jeremias

1984 4792 2223 4847 Drexelii
2252 4794 2306 4847 S.
2340 4793 2387 4845 J.
2419 4792 2489 4845 de
2548 4791 2869 4844 aeternitate
2920 4790 3288 4860 praelegebat,
3332 4802 3505 4859 quem
3531 4792 3683 4840 tem-

1980 4899 2116 4951 pore
2148 4882 2245 4935 illo
2277 4886 2462 4935 totum
2526 4879 2693 4933 tertio
2740 4879 3041 4949 percurrit.
3098 4879 3325 4931 Interea
3356 4892 3508 4943 vero,
3541 4876 3681 4928 dum

1979 4976 2077 5025 aut
2101 4970 2319 5024 balneis
2347 4974 2607 5023 uteretur
2658 4971 2757 5020 aut
2811 4966 3113 5021 sudoribus
3179 4964 3476 5018 eliciendis
3533 4978 3688 5015 vaca-

1978 5066 2084 5128 ret,
2118 5059 2243 5113 aliis
2272 5058 2379 5130 piis
2401 5057 2628 5123 libellis,
2685 5055 3047 5127 potissimum
3080 5052 3333 5107 historiis
3392 5052 3461 5105 de
3512 5050 3684 5103 rebus

1978 5149 2149 5219 gestis
2180 5153 2507 5202 sanctorum
2540 5145 2815 5215 legendis,
2847 5143 3107 5197 animum
3155 5141 3464 5194 relaxabat.

2049 5240 2135 5291 60.
2172 5254 2200 5288 ς(
2238 5236 2472 5291 Memini
2492 5234 2665 5288 fuisse
2724 5232 2912 5303 quiin
2950 5247 3076 5284 mea
3133 5228 3437 5300 praesentia
3469 5225 3523 5281 ei
3554 5242 3685 5279 sua-

1978 5325 2139 5379 deret
2168 5341 2256 5379 res
2286 5324 2474 5396 potius
2512 5323 2797 5393 jucundas
2854 5335 3028 5392 quam
3087 5319 3312 5372 tetricas
3352 5320 3410 5370 et
3464 5316 3686 5368 melan-

1978 5413 2225 5469 cholicas
2244 5415 2315 5469 de
2361 5417 2564 5479 morte,
2594 5412 2665 5466 de
2696 5410 2944 5475 inferno,
2989 5409 3058 5463 de
3098 5407 3330 5461 aeternis
3386 5405 3681 5460 damnato-

1979 5518 2106 5556 rum
2176 5502 2377 5571 poenis,
2447 5501 2529 5554 illi
2590 5498 2836 5569 tempori
2887 5495 3193 5552 convenire
3241 5509 3352 5566 quo
3422 5491 3687 5547 valetudo

1976 5595 2236 5644 curatur:
2292 5591 2622 5660 respondit:
2677 5588 2801 5642 Scio
2850 5603 2940 5643 me
2982 5585 3135 5640 brevi
3186 5585 3551 5638 moriturum.
3586 5581 3682 5636 Sto
