3938 6340
261 333 355 383 ias
1317 387 1320 390 ,
1559 297 1622 382 εξ
1661 329 1946 385 HENlthI
1989 327 2460 385 IMPERATOBIS

3673 334 3685 383 l
3704 332 3772 378 3n

249 458 384 508 ante
403 453 644 524 januam
688 450 1044 536 aeternitatis,
1095 454 1199 506 etc.
1237 449 1340 506 Illo
1379 449 1504 520 ipso
1550 454 1811 522 tempore
1852 466 1957 506 sw-
1991 453 2032 504 Α
2070 457 2172 516 ret,
2205 452 2426 507 dicebat
2459 452 2769 524 Episcopus
2799 468 2812 508 :
2847 469 2964 507 non
2995 453 3152 508 soleo
3180 453 3414 526 quidem
3436 453 3588 510 dicta
3618 469 3766 510 mea.

250 541 382 612 pius
411 542 481 596 de
511 548 697 596 morte
730 555 851 603 sua,
885 555 1060 610 quam
1101 538 1342 592 vicinam
1392 539 1698 610 aliquoties
1731 540 1955 595 dictita-

249 629 366 694 bat,
417 634 473 683 et
518 629 589 683 de
653 628 1024 697 dispositione
1088 628 1306 682 ultimae
1371 627 1678 682 voluntatis
1730 644 1953 682 mecum

249 718 472 788 agebat.
504 717 726 772 Similia
753 721 811 770 et
832 733 1142 787 pronuper,
1184 715 1632 770 Lanckhemium
1681 717 1749 770 ad
1781 717 1954 770 bene-

250 807 560 860 dictionem
612 806 829 859 domini
870 805 1088 859 abbatis
1146 806 1358 872 eundo,
1405 810 1461 859 et
1509 805 1825 870 redeundo,
1850 804 1954 858 soli

249 911 441 948 secum
499 894 559 947 in
631 910 803 947 curru
882 893 1124 960 sedenti,
1200 895 1352 947 ultro
1408 892 1756 956 insinuabat,
1838 909 1956 946 cer-

248 989 373 1037 tum
403 998 660 1036 asserens
691 999 802 1036 non
833 982 932 1036 diu
967 1000 1025 1036 se
1063 981 1342 1035 victurum
1374 1000 1390 1046 ;
1439 987 1516 1046 et,
1563 981 1622 1034 ni
1655 985 1954 1034 maturau-

248 1071 386 1125 dum
419 1076 564 1126 esset
593 1071 700 1125 iter
749 1071 1185 1135 Batisbonense,
1226 1070 1367 1123 nihil
1409 1069 1562 1122 aliud
1613 1068 1818 1123 diebus
1847 1069 1952 1122 ali-

248 1165 388 1230 quot
433 1159 827 1214 factitaturum
877 1175 1051 1230 quam
1103 1157 1301 1212 domui
1355 1174 1471 1212 suae
1513 1157 1949 1227 dispositurum,

247 1254 523 1319 tanquam
556 1249 710 1302 brevi
761 1247 1129 1309 moriturum,
1165 1245 1397 1316 Vesperi
1427 1251 1556 1299 ante
1587 1246 1804 1300 abitum
1838 1246 1950 1302 Ra-

247 1336 533 1391 tisbonam
564 1353 782 1401 versus,
817 1352 931 1407 quo
989 1352 1119 1389 eum
1155 1335 1223 1388 ad
1267 1333 1498 1388 comitia
1527 1335 1764 1388 Caesaris
1812 1335 1952 1389 obe-

247 1426 481 1491 dientia,
515 1430 574 1478 et
601 1425 910 1494 singularis
956 1440 1118 1478 amor
1159 1429 1331 1493 atque
1384 1422 1741 1477 observantia
1784 1439 1948 1476 voca-

246 1514 364 1578 bat,
406 1529 630 1568 summo
661 1530 828 1566 mane
858 1513 1048 1567 itineri
1078 1529 1138 1565 se
1169 1511 1424 1575 daturus,
1457 1510 1600 1564 mihi
1629 1511 1950 1565 valedicens

248 1602 496 1656 dicebat:
532 1601 862 1654 Videbimus
907 1616 1009 1653 nos
1040 1605 1238 1653 mutuo
1272 1615 1285 1666 ;
1337 1598 1383 1651 si
1414 1615 1525 1652 non
1554 1597 1666 1667 hic,
1714 1599 1830 1652 Deo
1863 1604 1950 1652 ta—

247 1706 379 1744 men
409 1689 598 1753 dante,
631 1690 690 1741 in
712 1689 887 1742 caelis.

317 1780 452 1832 6L-
492 1778 564 1831 Ex
625 1777 712 1829 his
764 1775 956 1845 colligi
1005 1779 1192 1847 potest
1243 1775 1524 1829 Joannem
1580 1774 1949 1829 Godefridum

249 1866 318 1919 de
356 1865 696 1919 imminente
728 1881 830 1918 sua
871 1871 1054 1918 morte
1097 1863 1184 1916 bis
1215 1863 1386 1916 fuisse
1412 1863 1634 1918 coalitus
1689 1863 1947 1918 admoni-

246 1958 368 2008 tum
395 1971 408 2008 :
443 1954 617 2008 semel
643 1959 774 2006 ante
792 1958 1117 2021 susceptum
1143 1952 1247 2004 iter
1268 1952 1696 2018 Ratisbonense,
1718 1951 1950 2021 quando

249 2043 434 2097 solum
482 2041 766 2096 intellexit
812 2047 1058 2094 mortem
1105 2056 1267 2093 suam
1312 2057 1434 2093 esse
1464 2039 1708 2094 vicinam
1740 2040 1952 2110 absque

248 2137 400 2185 certa
430 2130 705 2202 temporis
751 2128 1229 2182 determinatione
1270 2145 1283 2182 :
1318 2129 1494 2182 altera
1528 2129 1644 2182 vice
1686 2129 1950 2182 Ratisbo-

250 2234 363 2284 me,
395 2219 493 2271 ubi
551 2218 789 2287 insuper
839 2217 1108 2287 cognovit
1164 2235 1221 2270 se
1255 2217 1595 2271 moriturum
1627 2221 1758 2270 ante
1791 2216 1954 2270 novi-

249 2306 385 2360 anni
415 2306 684 2360 initium:
718 2305 773 2358 id
807 2305 961 2375 quod
985 2305 1181 2359 multis
1212 2309 1342 2358 aute
1373 2305 1572 2359 diebus
1596 2306 1744 2374 apud
1769 2305 1953 2359 diver-

251 2413 340 2448 sos
361 2395 571 2462 saepius
602 2393 906 2448 afﬁrmavit
938 2393 1244 2464 ;jussitque
1265 2398 1526 2460 proterea
1549 2398 1954 2448 testamentum

251 2499 422 2537 suum
448 2482 763 2550 Bamberga
800 2481 1168 2536 Ratisbonam
1201 2482 1407 2535 alferri.

323 2575 410 2626 62.
447 2590 474 2622 α
520 2571 695 2624 Porro
729 2569 873 2623 hanc
924 2569 1419 2624 denuntiationem
1477 2569 1558 2623 illi
1607 2571 1812 2624 factam
1836 2586 1956 2624 esse

254 2660 580 2714 Ratisbonas
611 2676 643 2712 a
697 2658 790 2713 SS.
829 2657 1094 2712 Heinrico
1127 2663 1183 2712 et
1231 2659 1589 2728 Cunigunde,
1624 2659 1869 2712 habetur
1899 2658 1957 2712 in

255 2749 379 2802 Vita
412 2748 588 2817 ipsius
613 2745 1016 2815 manuscripta.
1061 2747 1255 2817 Neque
1312 2747 1522 2799 mirum
1575 2745 1842 2816 cuiquam
1878 2745 1956 2798 vi-

257 2835 380 2890 deri
418 2837 587 2889 debet
636 2835 788 2903 quod
834 2834 1022 2890 Sancti
1079 2835 1137 2888 hi
1181 2835 1412 2888 Patroni
1466 2842 1583 2888 tam
1615 2834 1956 2904 exquisitam

255 2941 450 2978 curam
482 2923 763 2994 gesserint
811 2922 882 2976 de
937 2922 1160 2977 clientis
1218 2922 1307 2975 sui
1362 2922 1514 2976 felici
1579 2937 1645 2974 ex
1703 2921 1808 2974 hac
1845 2921 1959 2974 vita

253 3013 493 3067 transitu
519 3031 534 3076 ;
565 3011 699 3083 quia
731 3011 825 3064 ille
856 3010 1409 3081 specialemillorum
1444 3011 1695 3064 favorem
1720 3008 1954 3078 speciali
1985 3019 2026 3072 ρ

254 3101 440 3154 studio
472 3099 767 3169 virginalis
798 3100 1172 3164 castimoniie,
1223 3105 1521 3169 tantopere
1573 3098 1644 3152 ab
1693 3098 1806 3151 illis
1837 3097 1962 3152 ada-

256 3193 446 3253 matm,
486 3189 838 3259 promeritus
867 3187 996 3241 fuit.
1031 3189 1186 3241 Hanc
1214 3186 1367 3240 enim
1402 3203 1516 3240 non
1550 3188 1737 3240 solum
1769 3186 1825 3238 in
1859 3202 1960 3239 sua

257 3275 660 3342 adolescentia,
711 3281 775 3330 ut
831 3291 1006 3344 supra
1062 3275 1308 3329 relatum
1356 3275 1481 3340 fuit,
1537 3276 1632 3328 sed
1684 3275 1855 3327 etiam
1899 3273 1958 3326 in

257 3365 427 3419 totius
477 3365 608 3419 vitae
655 3381 772 3418 suae
832 3365 1072 3417 decursu
1131 3369 1328 3416 contra
1372 3362 1600 3433 quasvis
1663 3362 1848 3416 carnis
1904 3367 1962 3414 et

256 3459 472 3508 satanas
528 3453 876 3508 tentationes
934 3452 1138 3505 invicte
1188 3457 1406 3505 tutatus
1453 3457 1556 3504 est.
1599 3450 1746 3515 Quin
1798 3457 1854 3504 et
1898 3449 1960 3503 il-

256 3541 533 3596 lustribus
571 3541 904 3596 castissimae
938 3541 1066 3594 vitae
1098 3557 1215 3592 sua:
1258 3539 1556 3608 exemplis,
1616 3537 1958 3608 quibusdam

259 3646 290 3683 e
351 3630 580 3684 Lutheri
631 3635 783 3683 secta
833 3628 1113 3698 persuasit
1165 3627 1278 3681 ﬁde
1333 3628 1571 3697 dignum
1628 3642 1750 3680 esse
1806 3629 1958 3696 quod

258 3719 343 3773 SS.
377 3718 672 3772 Heinricus
694 3723 752 3770 et
803 3715 1165 3786 Cunegundis
1223 3716 1281 3769 in
1339 3715 1604 3785 conjugio
1661 3715 1781 3785 pari
1827 3731 1958 3768 con-

259 3822 428 3860 sensu
459 3806 798 3875 virginalem
858 3803 1266 3858 continentiam
1312 3803 1675 3868 servaverint,
1721 3803 1773 3856 id
1808 3803 1960 3873 quod

257 3894 518 3948 homines
573 3896 723 3947 ultra
753 3909 982 3946 carnem
1040 3893 1121 3945 nil
1176 3891 1459 3962 sapientes
1491 3893 1958 3962 tanquamfabu-

259 3984 440 4036 losum
481 3983 836 4049 rejiciebant,
887 3981 1272 4034 adscribentes
1324 3987 1546 4033 natura:
1595 3979 1962 4034 sterilitatiet

258 4071 618 4141 impotentia:
648 4070 802 4140 quod
834 4069 1030 4123 virtuti
1071 4075 1128 4122 ct
1165 4068 1363 4137 gratia:
1416 4068 1786 4122 tribuendum
1817 4075 1956 4122 erat.

257 4159 554 4215 iactabant
581 4159 836 4228 insuper,
869 4175 937 4212 ne
967 4157 1202 4229 quidem
1235 4156 1573 4224 sacerdotes,
1627 4157 1808 4212 multo
1849 4157 1960 4211 mi-

259 4263 366 4302 nus
387 4248 658 4317 conjuges
689 4263 854 4317 posse
883 4263 1004 4300 esse
1035 4246 1414 4300 continentes.

333 4339 421 4391 63.
453 4355 478 4385 α
508 4337 570 4390 In
600 4335 746 4390 hanc
771 4351 892 4390 rem
917 4334 1291 4389 memorabile
1331 4333 1468 4404 quid
1500 4335 1673 4388 refert
1713 4335 1960 4389 Joannes

259 4422 440 4476 Seller
466 4421 592 4476 Soc.
640 4422 770 4476 Jesu
811 4423 1180 4476 coucionator
1222 4419 1562 4475 cathedralis
1613 4421 1957 4489 Ratisbonas,

259 4511 318 4563 in
350 4509 624 4563 concione
649 4510 878 4564 funebri
919 4526 1091 4580 quam
1123 4509 1336 4564 ibidem
1399 4509 1598 4564 habuit
1646 4511 1716 4564 de
1742 4511 1959 4564 Joanne

257 4597 585 4658 Godefrido.
636 4604 896 4664 tempore
946 4598 1334 4663 comitiorum,
1377 4615 1452 4652 xu
1509 4599 1765 4664 Januar.,
1812 4614 1960 4651 anno

258 4702 516 4740 nocxxiu.
551 4687 690 4740 Cum
726 4686 996 4755 Princeps
1035 4686 1270 4757 quidam
1325 4686 1674 4740 acatholicus
1705 4691 1963 4740 cerneret

257 4775 404 4846 quod
432 4775 720 4829 Johannes
742 4775 1078 4830 Godet‘ridus
1129 4775 1573 4830 abominabilem
1625 4774 1960 4829 clericorum

257 4862 724 4928 concubinatum,
762 4862 1198 4933 libidinosasque
1259 4865 1390 4918 vitae
1452 4863 1740 4918 licentiam
1773 4863 1831 4916 in
1861 4880 1964 4918 sua

257 4950 486 5006 ὀίωοθεὶ
516 4950 957 5020 implacabiliter
1015 4952 1411 5019 insectaretur,
1463 4957 1520 5005 et
1548 4951 1963 5021 incorrigibiles

255 5039 542 5109 parochiis
572 5044 625 5092 et
675 5039 966 5094 beneﬁciis
1022 5040 1355 5110 privaret,et
1381 5056 1410 5093 e
1455 5039 1682 5094 dioecesi
1710 5039 1962 5094 dimitte-

257 5133 364 5192 ret,
400 5127 455 5180 in
486 5127 752 5180 familiari
783 5143 911 5182 cum
963 5127 1241 5198 Episcopo
1299 5143 1603 5198 congressu
1655 5127 1961 5181 contende-

257 5215 358 5269 bat
386 5216 770 5270 sacerdotibus
817 5217 1266 5286 permittendum
1325 5232 1448 5270 esse
1489 5216 1848 5286 conjugium,
1896 5231 1962 5269 eo

258 5304 407 5373 quod
471 5304 581 5358 illis
631 5304 984 5375 impossibile
1033 5311 1178 5359 esset
1244 5321 1471 5360 servare
1526 5305 1961 5368 continentiam,

259 5391 568 5463 Episcopus
598 5399 829 5448 econtra
860 5393 1041 5448 ﬁrmis
1095 5393 1416 5448 rationibus
1445 5393 1798 5456 ostendebat,
1831 5409 1962 5447 cum

259 5480 455 5534 divina
508 5482 692 5550 gratia
743 5481 799 5536 id
848 5498 968 5536 esse
997 5483 1287 5552 possibile.
1349 5481 1476 5536 Sed.
1510 5497 1638 5536 cum
1697 5483 1963 5552 princeps

267 5569 612 5623 acatholicus
668 5571 824 5624 nullo
856 5572 910 5625 id
944 5572 1050 5626 sibi
1097 5576 1437 5638 argumento
1468 5571 1800 5641 persuaderi
1820 5572 1965 5624 sine-

2061 542 2390 611 juramento
2426 542 2655 596 lirmare
2685 561 2700 608 ;
2732 542 2835 595 hac
2864 546 3056 595 tamen
3095 542 3237 608 vice,
3266 543 3603 598 sacerdotali
3643 559 3771 598 mea

2065 631 2178 684 ﬁde
2216 634 2274 684 et
2321 630 2597 700 dignitate
2645 646 2904 683 assevero
2960 631 3232 700 possibile
3275 647 3422 698 esse,
3493 647 3596 701 per
3667 630 3767 685 Dei

2063 718 2328 788 gratiam,
2360 725 2513 772 caste
2543 717 2732 771 vivere
2783 735 2794 769 :
2828 718 3043 788 quippe
3084 719 3327 789 ipsemet
3352 735 3484 789 ego,
3515 735 3615 788 per
3638 734 3770 772 om-

2065 820 2197 858 nem
2223 803 2397 857 vitam
2430 819 2635 866 meam,
2671 819 2968 874 nunquam
3020 804 3293 858 feminam
3327 805 3528 874 attigi;
3579 821 3772 874 neque

2061 893 2131 947 ad
2167 892 2223 946 id
2265 891 2561 946 stimulum
2595 891 2766 945 sensi.
2827 892 3096 962 Princeps
3141 893 3492 946 acatholicus
3521 907 3770 963 percon-

2063 986 2188 1035 tans
2217 981 2454 1034 aiebat:
2515 984 2602 1034 An
2656 996 2786 1034 vere
2835 982 2913 1034 ita
2972 998 3032 1034 se
3091 980 3263 1036 habet
3308 982 3460 1051 quod
3535 980 3769 1034 dilectio

2059 1074 2245 1122 vestra
2276 1068 2346 1122 de
2404 1084 2463 1122 se
2521 1068 2769 1122 attirmat
2797 1068 2823 1122 Ἰ
2871 1069 3013 1122 Vere
3070 1067 3147 1123 ita
3181 1085 3239 1123 se
3290 1069 3481 1133 habet,
3514 1069 3774 1139 reposuit

2063 1157 2372 1226 Episcopus
2403 1174 2416 1222 ;
2451 1157 2622 1227 idque
2653 1157 2844 1210 denuo
2903 1173 3027 1210 mea
3089 1157 3402 1228 episcopali
3433 1158 3544 1212 ﬁde
3577 1164 3770 1210 sancte

2058 1262 2338 1300 assevero.
2373 1246 2703 1299 Commotus
2762 1244 2966 1298 intime
3024 1247 3129 1300 hoc
3183 1263 3447 1300 sermone
3500 1246 3770 1316 princeps

2057 1334 2424 1399 acatholicus,
2482 1333 2714 1387 Joannis
2745 1334 3037 1388 Godefridi
3095 1334 3386 1404 virgineas
3418 1350 3620 1389 manus
3674 1351 3767 1388 re-

2059 1428 2320 1477 verenter
2346 1422 2704 1476 deosculatus
2755 1422 2883 1488 fuit,
2942 1439 3058 1477 una
3087 1427 3410 1476 contestans
3449 1423 3614 1476 hasce
3643 1438 3767 1476 ma-

2058 1528 2164 1565 nus
2191 1511 2394 1580 dignas
2424 1527 2543 1563 esse
2564 1527 2693 1581 quae
2717 1510 3057 1564 sacriﬁcium
3091 1511 3350 1564 olferant.

2129 1601 2214 1653 64.
2253 1622 2274 1646 ι
2319 1599 2558 1652 Demum
2586 1597 2926 1668 virginalem
2944 1599 3368 1664 castimoniam,
3398 1614 3568 1668 quam
3589 1601 3770 1652 Joan-

2059 1703 2162 1741 nes
2185 1686 2520 1742 Godet‘ridus
2551 1687 2657 1741 sub
2713 1686 2981 1741 clientela
3035 1687 3130 1741 SS.
3197 1687 3444 1742 [leinrici
3489 1692 3546 1740 et
3575 1687 3769 1741 Cune-

2062 1776 2294 1842 gundis,
2336 1775 2394 1828 in
2428 1775 2825 1828 adolescentiae
2880 1781 2936 1828 et
2993 1776 3241 1845 reliqua
3287 1776 3420 1829 vita:
3475 1774 3771 1846 periculis,

2061 1865 2218 1918 velut
2237 1863 2296 1917 in
2325 1863 2515 1917 medio
2544 1863 2795 1917 fornacis
2859 1863 3237 1933 Babylonica,
3292 1863 3527 1917 illiesam
3556 1879 3618 1916 ac
3647 1861 3776 1916 sine

2061 1952 2211 2022 ignis
2290 1953 2463 2006 odore
2518 1952 2894 2018 conservavit,
2958 1952 3243 2016 eamdem,
3278 1951 3383 2005 sub
3435 1951 3774 2006 eorumdem

2061 2042 2395 2094 Sanctorum
2481 2039 2821 2110 patrocinio,
2899 2039 3142 2094 feliciter
3209 2039 3501 2093 aeternitas
3555 2037 3775 2092 intulit.

2063 2130 2170 2182 Vos
2203 2129 2378 2198 ipsos,
2411 2129 2600 2199 inquit
2624 2129 2908 2182 Fornerus
2942 2128 3003 2182 in
3057 2129 3336 2182 concione
3367 2127 3594 2182 funebri
3620 2128 3781 2181 Bam-

2061 2217 2253 2287 bergaa
2289 2217 2502 2282 habita,
2534 2223 2817 2288 quotquot
2849 2216 2940 2270 hic
2968 2217 3198 2284 adestis,
3235 2223 3409 2270 testes
3439 2217 3659 2280 invoco,
3703 2231 3782 2268 an

2064 2321 2178 2359 non
2211 2304 2399 2358 omnis
2437 2305 2560 2373 ejus
2589 2305 2704 2358 vita
2756 2305 3032 2359 eximium
3088 2305 3362 2359 castitatis
3415 2304 3781 2358 sacerdotalis

2065 2395 2358 2463 speculum
2391 2395 2568 2464 possit
2609 2395 2886 2464 appellari
2927 2394 2954 2447 ’ἶ
3011 2395 3132 2449 Non
3192 2394 3446 2448 dubitate
3506 2393 3779 2447 eumdem

2065 2483 2218 2536 hunc
2277 2481 2661 2535 castissimum
2715 2483 3028 2536 Priesulem
3080 2482 3365 2536 illibatum
3433 2480 3779 2550 virginitatis

2067 2571 2288 2634 ﬂorem,
2323 2569 2375 2624 id
2410 2571 2561 2638 quod
2598 2569 2739 2622 mihi
2783 2569 2842 2623 in
2904 2571 3108 2622 ultimo
3138 2569 3324 2623 adhuc
3357 2567 3584 2632 itinere,
3617 2568 3775 2636 quod

2066 2676 2194 2712 cum
2227 2659 2349 2728 ipso
2379 2657 2599 2726 peregi,
2630 2663 2694 2711 ut
2725 2659 2864 2712 alias
2893 2657 3123 2728 swpius,
3175 2656 3547 2718 concredidit,
3577 2671 3777 2709 secum

2066 2763 2134 2800 cx
2166 2747 2270 2799 bac
2301 2746 2414 2799 vita
2438 2747 2494 2798 in
2529 2747 2769 2800 alteram
2802 2746 2960 2798 illam
2993 2746 3062 2800 ad
3097 2745 3301 2798 Christi
3343 2744 3542 2797 aeterni
3564 2743 3780 2812 judicis

2066 2834 2318 2889 tribunal
2354 2835 2506 2887 liaub
2557 2835 2728 2888 dubie
2763 2843 3153 2905 asportasse...
3195 2833 3476 2903 Pugnavit
3517 2832 3779 2886 animose

2069 2924 2276 2977 nobilis
2295 2922 2503 2976 Christi
2535 2923 2752 2976 athleta
2809 2928 2866 2976 et
2914 2923 3082 2976 heros
3137 2923 3386 2976 Joannes
3413 2921 3775 2983 Godefridus,

2065 3018 2120 3065 et
2150 3011 2396 3081 gloriose
2425 3011 2821 3080 triumphavit,
2859 3017 2916 3064 et
2962 3011 3306 3080 virginitatis
3351 3008 3666 3073 aureolam,
3702 3009 3783 3062 in-

2070 3107 2228 3168 tegra
2256 3114 2424 3151 carne
2455 3104 2510 3152 et
2537 3099 2829 3164 membris,
2866 3103 2929 3152 ut
2958 3099 3218 3170 loquitur
3269 3098 3323 3152 S.
3360 3099 3771 3167 Hieronymus.

2070 3186 2393 3256 reportavit.

2165 3278 2252 3328 62$.
2292 3297 2312 3321 α
2367 3273 2520 3328 Obiit
2597 3273 3014 3328 laudatissimus
3097 3273 3370 3344 Princeps
3453 3271 3782 3326 liatisbona:

2068 3379 2193 3416 χχιχ
2235 3363 2496 3416 Decemb.
2533 3379 2683 3416 anno
2738 3379 2981 3429 uncxxu,
3016 3362 3136 3433 qui,
3194 3363 3298 3425 uti,
3331 3380 3361 3415 a
3391 3362 3480 3416 SS.
3525 3361 3780 3430 impera-

2068 3451 2287 3504 toribus
2327 3451 2590 3504 Heinrico
2621 3457 2678 3504 et
2726 3451 3075 3521 Cunegunde
3119 3449 3588 3504 extraordinariis
3618 3448 3778 3502 favo-

2067 3539 2242 3598 ribus.
2276 3539 2336 3592 in
2367 3539 2480 3592 vita
2525 3545 2582 3592 et
2611 3545 2793 3593 morte
2851 3545 3090 3593 ornatus
3131 3539 3241 3593 fuit
3274 3539 3350 3592 ita
3384 3537 3780 3603 veneratione,

2069 3634 2327 3697 tempore
2358 3627 2508 3694 vitae,
2543 3628 2754 3680 sanctis
2803 3627 3064 3698 patronis
3112 3627 3364 3682 exhibita
3395 3643 3506 3680 non
3537 3629 3780 3680 conten-

2069 3721 2180 3781 tus,
2221 3715 2400 3769 voluit
2437 3716 2607 3770 etiam
2651 3717 2822 3769 funus
2877 3732 3042 3770 suum
3075 3723 3298 3770 exstare
3340 3731 3458 3768 suae
3488 3729 3624 3782 erga
3649 3713 3783 3768 illos

2066 3803 2401 3858 reverentia
2435 3809 2897 3858 monumentum.
2947 3805 3088 3858 Nam
3121 3803 3482 3859 humillimus
3511 3803 3785 3874 Princeps

2067 3892 2355 3947 aestimans
2389 3910 2448 3947 se
2506 3893 2812 3963 indignum
2877 3892 3174 3946 communi
3234 3908 3363 3946 cum
3413 3891 3629 3947 Sanctis
3665 3890 3785 3945 illis

2068 3981 2380 4052 sepultura,
2423 3980 2596 4050 jussit
2639 3980 2868 4050 quidem
2905 3997 3110 4049 corpus
3140 3997 3307 4034 suum
3338 3979 3564 4034 humari
3595 3979 3653 4033 in
3679 3995 3782 4032 ca—

2069 4069 2314 4124 thedrali
2372 4069 2800 4139 Bambergeusi,
2854 4076 3190 4124 nontamen
3239 4070 3299 4123 in
3355 4069 3480 4138 ipsa
3523 4068 3778 4129 ecclesia,

2071 4158 2168 4213 ubi
2203 4157 2392 4212 Sancti
2445 4157 2835 4228 quiescebant,
2894 4158 2988 4213 sed
3021 4159 3222 4212 subtus
3273 4174 3420 4222 eam,
3453 4157 3510 4210 in
3537 4157 3784 4210 obscura

2069 4250 2265 4317 crypta
2323 4262 2452 4317 quas
2482 4252 2569 4300 est
2617 4247 2720 4301 sub
2777 4247 2953 4301 choro
3003 4247 3058 4302 S.
3111 4246 3338 4316 Georgii
3394 4245 3671 4316 martyris,
3705 4245 3777 4300 ad

2070 4350 2241 4406 quem
2274 4333 2502 4400 deinde,
2543 4351 2694 4389 anno
2721 4351 2990 4403 uncnvui,
3023 4337 3364 4390 Sanctorum
3389 4334 3620 4389 illorum
3649 4350 3781 4388 ossa

2067 4423 2338 4477 translata
2362 4423 2614 4479 fuerunt.
2648 4425 2752 4479 Sed
2800 4427 2949 4480 Deus
3002 4425 3280 4479 humilem
3329 4439 3556 4478 servum
3605 4439 3775 4478 suum

2069 4510 2315 4566 vicissim
2348 4511 2410 4565 in
2448 4512 2695 4566 exanimi
2723 4513 2849 4584 ejus
2879 4529 3119 4583 corpore
3177 4514 3455 4567 honorare
3507 4511 3776 4583 dignatus

2069 4605 2170 4655 est.

2140 4692 2236 4745 66.
2275 4708 2303 4740 α
2333 4691 2472 4744 Nam
2505 4706 2633 4744 cum
2679 4689 2823 4744 illud
2859 4707 2925 4745 xv
2970 4689 3174 4744 diebus
3227 4693 3358 4760 post
3386 4692 3650 4752 mortem,
3685 4689 3776 4742 ni-

2070 4777 2283 4833 mirum
2314 4794 2387 4832 xn
2417 4779 2671 4832 Januarii
2725 4779 2861 4832 anni
2894 4795 3131 4833 uncxxm
3189 4778 3323 4849 (quo
3373 4777 3464 4832 die
3513 4778 3778 4830 solennes

2069 4866 2222 4920 illius
2255 4867 2561 4937 exsequiae,
2591 4867 3003 4936 inpraesentia
3038 4883 3340 4938 procerum
3375 4865 3623 4934 Imperii,
3659 4866 3778 4920 ita-

2069 4955 2311 5009 tisbouie.
2371 4955 2429 5009 in
2485 4956 2705 5026 capella
2733 4957 2989 5012 Ctesarea
3043 4956 3342 5010 celebratae
3395 4956 3544 5020 sunt)
3576 4953 3776 5008 habitu

2069 5043 2376 5114 episcOpali
2406 5043 2690 5106 indutum,
2733 5045 2812 5100 .in
2837 5045 3034 5099 tumba
3065 5046 3303 5109 elevata,
3347 5044 3609 5096 omnium
3640 5058 3778 5097 con-

2069 5131 2290 5202 spectui
2312 5138 2716 5202 exponeretur,
2749 5132 2920 5187 facies
2972 5133 3095 5203 ejus
3123 5137 3242 5186 tota
3288 5131 3478 5184 vivida
3513 5135 3569 5184 et
3616 5131 3778 5184 rubi-

2070 5219 2257 5274 cunda
2288 5221 2577 5291 apparuit,
2608 5237 2724 5274 non
2777 5237 2938 5274 secus
2969 5238 3034 5276 ac
3071 5221 3118 5274 si
3161 5221 3344 5275 adhuc
3391 5225 3512 5273 tum
3541 5219 3776 5274 viveret.

2072 5311 2156 5364 Ita
2187 5313 2429 5363 testatur
2495 5310 2881 5381 protocollum
2937 5310 3274 5364 historicum
3331 5307 3488 5362 urbis
3519 5307 3777 5362 Ratisbo-

2072 5399 2262 5452 nensis
2293 5399 2363 5452 de
2388 5415 2540 5453 anno
2592 5415 2811 5454 nncxxii
2865 5404 2922 5453 et
2977 5415 3237 5453 nocxxni.
3277 5400 3340 5452 Et
3393 5413 3523 5450 cum
3568 5397 3776 5454 deinde

2071 5503 2165 5541 sex
2198 5486 2295 5542 alii
2341 5487 2464 5541 dies
2487 5487 2942 5546 insumerentur
2988 5488 3216 5558 corpori
3245 5487 3369 5556 ejus
3400 5487 3774 5558 Bambergam

2073 5575 2422 5641 devehendo,
2461 5576 2558 5629 ubi
2599 5578 2826 5630 demum
2859 5577 2950 5631 die
2981 5594 3065 5630 xix
3108 5577 3382 5632 Januarii.
3414 5581 3579 5628 terrae
3614 5593 3777 5629 man-
