3938 6316
221 324 310 373 lii?
1862 319 2056 375 ACTA.
3618 323 3713 373 l.'58

209 442 407 494 datum
438 440 568 508 fuit,
613 442 847 495 retinuit
875 442 1134 496 eamdem
1166 441 1431 513 gratiam,
1468 442 1549 496 uti
1580 442 1897 498 Fridericus
1928 444 1973 495 Α
2011 442 2271 496 omnium
2317 440 2530 512 linguis
2562 458 2625 495 ac
2674 438 2877 495 litteris
2932 439 3360 495 celebrandum.
3395 438 3709 495 lntuebun-

211 530 513 597 Fornerus,
546 531 804 585 oculatus
835 531 1012 596 testis,
1050 544 1191 602 pag:
1226 549 1315 587 ιιι
1346 538 1629 585 asseverat
1661 530 1852 586 dicens
1888 546 1900 585 :

213 618 334 670 Non
368 625 601 670 mortuo
625 618 845 682 similis,
869 619 962 672 sed
987 619 1317 687 dormienti,
1343 619 1656 689 jucundam
1680 635 1906 687 semper

207 714 261 758 et
291 706 706 760 vivacissimam
735 708 933 761 faciem
984 715 1111 779 post
1150 712 1235 761 tot
1273 708 1496 762 dierum
1528 706 1735 762 itinera
1765 707 1901 760 reti-

210 811 353 847 nens
379 796 660 865 usquead
694 798 894 850 horam
924 798 1252 868 sepulturae.

280 884 369 935 67.
427 905 448 932 ι
502 885 694 938 Talem
751 892 1107 939 venustatem
1173 886 1413 940 contulit
1475 888 1622 940 Deus
1675 884 1906 955 corpori

211 970 460 1024 exanimi
508 971 740 1025 Joannis
782 973 1093 1041 Godefridi,
1140 974 1291 1044 quod
1341 973 1437 1028 ille
1498 972 1556 1027 in
1601 973 1758 1039 vivis,
1823 976 1908 1026 tot

209 1059 638 1128 asperitatibus,
662 1066 748 1114 tot
778 1061 1006 1133 vigiliis,
1034 1068 1117 1115 tot
1137 1062 1377 1132 jejuniis
1408 1062 1468 1116 in
1495 1078 1641 1130 pane
1673 1068 1729 1116 et
1758 1079 1907 1132 aqua

211 1148 384 1199 etiam
422 1148 574 1202 inter
603 1149 946 1220 principales
987 1151 1206 1220 epulas,
1243 1157 1327 1204 tot
1372 1150 1634 1220 ﬂagellis,
1685 1150 1903 1213 ciliciis,

211 1236 731 1305 genuilexionibus,
776 1239 1343 1293 humicubationibns
1391 1240 1765 1309 castigaverat
1806 1244 1909 1293 :et

208 1324 448 1396 insuper
479 1332 606 1395 post
645 1327 882 1390 obitum,
932 1328 1001 1382 ad
1035 1330 1308 1398 majorem
1362 1328 1449 1381 sui
1488 1333 1904 1398 contemptum,

210 1417 266 1465 et
316 1413 386 1466 ad
428 1414 704 1483 majorem
755 1420 1083 1469 sanctorum
1144 1416 1389 1469 Heinrici
1436 1422 1493 1469 et
1539 1415 1907 1484 Cunegundis

210 1502 641 1571 exaltatiouem,
700 1503 761 1557 in
818 1504 1097 1574 profunda
1149 1509 1205 1558 et
1245 1505 1481 1558 obscura
1519 1507 1732 1573 crypta,
1790 1516 1905 1570 quo

209 1606 381 1660 pauci
414 1591 670 1645 homines
716 1592 928 1646 intrare
978 1594 1181 1658 solent,
1230 1593 1503 1646 tumulari
1546 1592 1752 1661 jussit!
1798 1589 1903 1643 Sed

209 1683 275 1731 ut
322 1678 421 1731 ille
488 1696 547 1733 se
628 1696 844 1750 suaque
911 1678 1323 1749 contempserit
1392 1684 1449 1732 et
1515 1677 1899 1731 occultaverit.

209 1766 485 1837 splendor
513 1771 705 1821 tamen
764 1768 1038 1821 virtutum
1088 1769 1211 1838 ejus
1257 1766 1338 1821 ita
1384 1766 1500 1837 tegi
1555 1783 1667 1820 non
1717 1764 1907 1836 potuit

208 1854 354 1924 quin
406 1855 571 1909 multi
600 1862 1010 1926 cognoscerent
1039 1862 1095 1909 et
1141 1856 1507 1909 aestimarent.
1547 1854 1769 1908 Litterae
1801 1871 1904 1908 an-

209 1959 341 1997 nua:
370 1944 593 2012 collegii
626 1945 920 2000 Societatis
948 1946 1077 1999 Jesu
1129 1945 1456 1999 Ratisbonaa
1499 1961 1650 1998 anno
1684 1960 1904 1998 nncxxu

208 2032 486 2097 referunt,
521 2033 944 2087 Ferdinandum
990 2035 1035 2087 ll
1070 2034 1459 2088 Romanorum
1493 2034 1903 2103 Imperatorem

206 2128 456 2175 mortem
505 2122 675 2192 hujus
708 2122 970 2192 Episcopi
1002 2124 1251 2193 graviter
1299 2123 1517 2187 tulisse,
1548 2130 1718 2193 atque
1758 2122 1907 2176 inter

207 2217 418 2263 caetera
449 2210 654 2264 dixisse
688 2226 702 2263 :
740 2210 936 2265 Fidum
975 2228 1078 2264 nos
1103 2212 1372 2276 amicum,
1411 2217 1653 2281 uterque
1693 2210 1907 2280 episco-

208 2305 376 2367 patus
408 2299 623 2352 bonum
657 2301 968 2367 Pastorem,
1002 2300 1214 2354 subditi
1245 2302 1471 2354 Patrem
1510 2300 1564 2353 in
1602 2300 1707 2353 hoc
1744 2300 1903 2354 Prin-

208 2386 334 2455 cipe
368 2387 705 2443 amiserunt.

280 2478 371 2528 68.
408 2494 435 2526 α
460 2476 902 2544 ,Ιιιυεῐτὶεδίωυδ
958 2477 1230 2531 Dominus
1259 2479 1488 2532 Carolus
1544 2478 1760 2533 Caraﬁ‘a
1785 2478 1909 2547 epi-

209 2578 413 2632 scopus
456 2567 795 2630 Aversanus,
847 2566 1090 2619 Nuntius
1142 2566 1519 2636 Apostolicus,
1582 2566 1906 2641 Ratisbonae

209 2656 350 2704 tunc
378 2668 651 2721 przesens,
692 2654 750 2707 in
799 2654 945 2707 libro
976 2655 1067 2707 cui
1112 2655 1341 2708 titulum
1394 2655 1526 2708 fecit
1559 2671 1572 2708 :
1610 2656 1909 2709 Germania

206 2756 370 2793 sacra
432 2747 744 2796 restaurata
798 2743 913 2809 (ubi
960 2743 1111 2796 inter
1168 2744 1390 2813 reliqua
1447 2744 1717 2798 describit
1767 2744 1903 2813 quid

208 2829 386 2883 fuerit
423 2835 612 2883 actum
673 2831 999 2885 Hatisbome
1043 2832 1103 2884 in
1161 2836 1447 2886 conventu
1495 2834 1812 2886 Electorum
1853 2838 1908 2884 et

209 2918 543 2986 Principum
575 2918 825 2987 Imperii.
865 2937 895 2972 a
930 2920 1288 2973 Ferdinando
1325 2922 1366 2974 ll
1396 2922 1720 2975 Hatisbona:
1753 2921 1904 2974 cele-

203 3004 372 3058 brato
410 3022 560 3059 anno
606 3023 865 3072 mncxxut,
902 3008 998 3061 ubi
1047 3007 1471 3076 disceptabatur
1523 3009 1591 3062 de
1652 3009 1904 3062 Maximi-
1938 3010 1978 3063 C

207 3094 364 3146 liano
394 3094 604 3146 Bavnro
637 3095 1033 3149 substituendo
1059 3096 1259 3150 rebelli
1293 3096 1575 3151 Friderico
1600 3099 1641 3149 V
1666 3097 1904 3151 Electori

206 3182 486 3251 Palatino)
520 3183 587 3236 de
614 3190 809 3237 nostro
828 3185 1045 3238 Joanne
1072 3186 1378 3240 Godefrido
1410 3188 1531 3240 haec
1557 3186 1759 3239 habet:
1798 3187 1903 3239 llu-

198 3270 298 3339 jus
348 3269 656 3340 aliquando
734 3273 940 3325 mentis
1013 3274 1202 3327 fuerat
1258 3275 1506 3327 Joannes
1568 3274 1904 3329 Godel‘ridus

210 3359 480 3427 Princeps
508 3364 563 3412 et
623 3359 933 3430 Episcopus
970 3361 1412 3432 Herbipolensis,
1448 3379 1561 3432 quo
1595 3363 1775 3432 magis
1807 3363 1904 3416 Dei

206 3448 331 3499 zelo
361 3448 638 3516 percitum
665 3449 986 3518 Principem
1022 3466 1137 3503 non
1173 3449 1313 3503 vidit
1357 3451 1678 3505 Germania.
1717 3452 1766 3503 ls
1798 3452 1901 3504 mi-

206 3535 375 3589 litum
408 3542 588 3606 pater,
644 3538 1004 3592 sacerdotum
1040 3540 1392 3608 exemplum,
1446 3540 1775 3609 Principum
1806 3540 1902 3593 de-

206 3640 326 3689 cus,
364 3625 783 3679 Calholicorum
820 3632 993 3691 tutor,
1026 3627 1112 3679 sui
1153 3627 1333 3697 ipsius
1383 3633 1764 3695 contemptor,
1808 3629 1904 3681 Ec-

207 3713 397 3766 clesiae
421 3714 713 3777 Romamn,
746 3731 809 3767 ac
857 3716 1126 3770 Caesareae
1179 3716 1490 3786 majestatis
1522 3718 1706 3770 cultor
1736 3733 1902 3771 .acer-

208 3802 390 3855 rimus
421 3808 477 3856 et
504 3804 1004 3874 prudentissimus,
1042 3805 1187 3859 nihil
1223 3805 1334 3859 nisi
1363 3807 1432 3859 ad
1463 3806 1771 3860 Electorem
1808 3808 1903 3862 Ca-

203 3891 483 3945 tholicam
530 3893 897 3962 suspirabat;
958 3894 1109 3947 inter
1168 3910 1299 3964 quae
1352 3895 1615 3965 suspiria,
1677 3912 1903 3949 summo

207 3986 405 4033 nostro
433 3981 695 4034 omnium
726 3981 922 4036 dolore
954 3998 1019 4036 ex
1051 3982 1154 4036 hac
1188 3982 1301 4036 vita
1329 3982 1606 4037 discessit.

278 4072 367 4123 69.
403 4089 432 4120 α
465 4069 865 4123 Concludimus
888 4071 1033 4124 hanc
1064 4072 1451 4125 narrationem
1487 4071 1693 4140 elogio,
1748 4073 1899 4142 quod

203 4154 411 4207 Joanui
472 4154 773 4208 Godefrido
841 4156 1039 4208 tribuit
1096 4162 1290 4209 orator
1346 4176 1374 4210 e
1430 4158 1703 4212 Sucietate
1748 4160 1898 4224 Jesu,

204 4258 484 4311 praesens,
519 4250 580 4296 ut
616 4244 860 4309 videtur,
896 4244 1211 4297 sodalitatis
1240 4245 1520 4306 Marianae,
1554 4246 1614 4298 in
1644 4247 1899 4301 oratione

204 4331 436 4384 funebri
489 4331 680 4385 habita
756 4333 811 4385 in
868 4335 1083 4402 templo
1144 4334 1375 4386 Patrum
1431 4333 1724 4387 Societatis
1771 4336 1901 4389 Jesu

208 4420 542 4483 Bamhergae
572 4436 701 4493 xvm
738 4422 863 4474 Jan.
910 4438 1059 4473 anno
1094 4437 1360 4487 nucum,
1394 4421 1492 4475 ubi
1539 4422 1691 4476 circa
1736 4423 1907 4478 linem

205 4508 288 4562 sic
334 4508 640 4579 loquitur:
678 4509 827 4563 Nihil
875 4510 1211 4576 praeclarum
1270 4509 1463 4563 animo
1518 4510 1657 4579 tingi
1701 4518 1904 4581 potest,

205 4597 371 4666 cujus
403 4612 519 4649 non
552 4597 761 4650 eximia
794 4597 987 4668 aliqua
1017 4598 1206 4667 portio
1235 4598 1441 4651 Joauui
1468 4599 1768 4652 Godefrirlo
1798 4616 1908 4653 no-

205 4691 325 4738 stro
355 4684 630 4740 divinitus
688 4686 975 4755 obtigerit.
1015 4687 1316 4754 Exemplar
1373 4687 1648 4740 virtutum
1689 4688 1814 4753 fuit,
1848 4688 1906 4741 iu

205 4774 361 4846 quod
397 4773 657 4844 Episcopi
716 4791 935 4839 omnes,
996 4775 1294 4829 Antistites
1347 4792 1564 4843 omnes,
1622 4776 1905 4847 Principes

204 4877 408 4917 omnes
457 4861 670 4916 intueri
741 4863 977 4931 possint.
1045 4864 1350 4932 Exemplar
1388 4864 1779 4933 perfectionis,
1836 4864 1903 4919 ad

203 4950 383 5023 quod,
404 4954 680 5021 tanquam
710 4952 778 5005 ad
810 4952 1070 5005 relucens
1092 4957 1149 5005 et
1170 4952 1548 5005 tersissimum
1585 4955 1902 5021 speculum,

205 5056 400 5093 mores
428 5056 577 5100 suos,
630 5040 918 5110 vitamque
984 5056 1331 5112 componere
1380 5041 1743 5095 ecclesiastici
1798 5043 1905 5098 viri

202 5129 471 5185 debeant.
554 5129 852 5199 Exemplar
904 5130 1162 5184 numeris
1233 5131 1502 5185 omnibus
1579 5131 1903 5186 absolutum

202 5218 507 5272 ostendere
541 5218 755 5271 mundo
794 5219 943 5271 Deus
969 5219 1168 5284 voluit,
1202 5219 1343 5290 quid
1372 5224 1569 5273 exacta
1612 5220 1809 5287 virtus,
1844 5222 1905 5274 in

204 5323 319 5360 uno
339 5306 663 5377 eodemque
698 5306 972 5377 Episcopo
1002 5324 1067 5361 ac
1110 5309 1283 5374 Duce,
1330 5324 1459 5361 cum
1512 5309 1761 5362 maximo
1815 5310 1904 5363 ho-

204 5411 343 5449 nore
390 5411 456 5448 ac
505 5394 801 5462 (dignitate
845 5396 1153 5466 conjuncta
1209 5396 1511 5467 possit.....
1554 5396 1901 5451 Felicitatem

204 5491 364 5537 tuam
395 5482 504 5537 tibi
530 5487 807 5553 gratulor.
833 5484 980 5551 Scio,
1010 5491 1066 5539 te
1094 5502 1208 5539 non
1230 5486 1290 5539 in
1323 5485 1636 5540 Franconia
1677 5490 1900 5541 tantum

206 5580 322 5637 tua,
359 5573 461 5626 sed
516 5576 638 5626 toto
693 5573 1079 5629 universitatis
1132 5575 1303 5645 hujus
1360 5573 1598 5635 ambitu,
1640 5575 1898 5645 gentium

2013 530 2107 579 tur
2139 527 2194 581 in
2226 532 2279 580 te
2312 530 2504 581 omnia
2531 529 2739 581 saecula
2782 548 2797 595 ;
2829 533 3047 599 repetet
3102 535 3157 583 te
3184 529 3369 583 omnis
3402 529 3701 597 memoria,

2016 616 2203 669 omnis
2235 617 2537 686 posteritas
2568 618 2954 685 venerabitur,
2984 623 3089 671 etc.

2082 708 2171 760 70.
2208 725 2235 755 ‹‹
2270 705 2403 769 Quae
2431 706 2500 759 de
2534 706 2820 775 praeclaris
2845 706 3017 776 gestis
3040 711 3096 759 et
3120 705 3423 759 virtutibus
3457 705 3706 760 duorum

2018 796 2421 866 Episcoporum
2458 797 2958 866 Bambergensium
3020 797 3293 850 hactenus
3350 794 3519 848 allata
3553 801 3705 860 sunt,

2012 900 2129 938 non
2162 890 2384 937 tantum
2439 884 2509 937 ad
2566 884 2798 938 illorum
2848 885 3101 950 laudem,
3152 885 3251 938 sed
3309 889 3365 937 et
3422 883 3489 937 ad
3535 900 3709 954 quam

2016 972 2324 1027 maximam
2354 972 2444 1027 SS.
2482 973 2728 1026 Heinrici
2766 980 2821 1028 et
2853 973 3220 1043 Cunegundis
3274 972 3519 1043 gloriam
3572 988 3707 1043 per-

2016 1062 2213 1116 tinent.
2236 1062 2373 1115 Inde
2404 1061 2687 1132 siquidem
2718 1061 2927 1115 claritis
2959 1061 3122 1115 nobis
3174 1060 3483 1115 innotescit
3504 1059 3703 1131 quanti

2014 1150 2245 1204 illurum
2276 1150 2609 1204 intercessio
2633 1151 2783 1220 apud
2803 1151 2978 1204 Deum
2994 1150 3065 1203 sit
3096 1150 3388 1218 ponderis,
3413 1156 3468 1202 et
3490 1156 3704 1219 quanta

2013 1238 2083 1292 sit
2103 1255 2302 1292 eorum
2343 1254 2479 1307 erga
2536 1238 2831 1291 ecclesiam
2884 1238 3356 1306 Bambergensem
3406 1236 3706 1291 solicitudo

2012 1327 2259 1381 charitas
2309 1331 2366 1379 et
2417 1325 2812 1380 beneﬁcentia.
2864 1326 3027 1390 Quod
3085 1326 3240 1380 enim
3281 1325 3393 1379 duo
3425 1325 3519 1379 isti
3566 1326 3702 1391 Viri,

2015 1415 2498 1485 periculosissimo
2530 1421 2805 1485 tempore,
2837 1414 3083 1468 mirabili
3118 1415 3214 1468 Dei
3246 1414 3702 1484 providentiaﬁd

2015 1504 2402 1574 episcopatum
2439 1504 2718 1573 assumpti
2752 1503 3003 1568 fuerint;
3033 1502 3185 1573 quod
3216 1503 3617 1556 indutivirtute
3639 1520 3702 1557 ex

2016 1594 2154 1658 alto,
2227 1591 2553 1661 posthabito
2612 1590 2769 1645 omni
2834 1595 3059 1644 terreno
3107 1591 3518 1654 emolumento,
3565 1606 3703 1644 con-

2017 1680 2363 1751 temptisque
2410 1681 2679 1735 omnibus
2720 1679 3175 1743 difﬁcultatibus,
3208 1684 3325 1733 tam
3357 1695 3566 1749 magno
3599 1695 3703 1749 pro

2019 1770 2131 1823 Deo
2160 1776 2217 1823 et
2246 1769 2487 1823 subditis
2508 1768 2729 1839 operati
2750 1769 2885 1833 sint,
2911 1769 3129 1839 etquod
3154 1767 3397 1838 patriam
3432 1769 3704 1823 Bamber-

2014 1874 2273 1929 gensem,
2307 1875 2434 1929 quae
2456 1858 2633 1912 ferme
2687 1864 2805 1911 tota
2832 1858 2889 1911 in
2921 1856 3185 1911 heresim
3232 1862 3287 1911 et
3316 1857 3533 1926 ﬂagitia
3562 1857 3706 1911 foede

2016 1947 2281 2018 prolapsa
2308 1946 2516 2014 fuerat,
2541 1951 2697 1999 tanta
2726 1945 3057 2000 fortitudine
3085 1946 3257 1998 simul
3308 1962 3371 1999 ac
3403 1945 3708 2014 prudentia

2017 2037 2087 2089 ab
2168 2036 2404 2089 interitu
2476 2034 2883 2088 vindicaverint
2936 2040 2993 2087 et
3041 2034 3109 2087 ad
3168 2034 3317 2087 viam
3378 2034 3578 2087 salutis
3611 2050 3706 2087 re-

2014 2124 2303 2190 duxerint,
2354 2124 2411 2177 id
2460 2125 2796 2178 Sanctorum
2850 2123 3092 2177 istorum
3148 2122 3362 2188 favore,
3395 2122 3702 2192 patrocicio

2016 2219 2075 2267 et
2100 2213 2315 2266 auxilio
2338 2214 2600 2267 effectum
2634 2217 2738 2277 est,
2759 2212 2841 2265 uti
2861 2228 2960 2264 nos
2999 2211 3446 2265 extraordinaria
3473 2212 3705 2264 illorum

2020 2318 2156 2371 erga
2184 2302 2288 2355 hos
2316 2302 2453 2354 duos
2484 2300 2797 2369 Episcopos
2824 2300 3117 2369 vigilantia
3165 2304 3221 2353 et
3242 2300 3562 2354 sollicitudo
3589 2316 3706 2353 non

2018 2390 2153 2443 sinit
2175 2390 2490 2458 ambigere.
2526 2391 2763 2443 Multum
2797 2390 3030 2459 quidem
3050 2388 3211 2442 debet
3242 2390 3557 2455 Bamberga
3589 2387 3705 2441 suis

2016 2478 2257 2543 Sanctis,
2288 2479 2439 2549 quod
2489 2478 2719 2531 illorum
2779 2477 2991 2546 pietate
3036 2495 3099 2531 ac
3132 2477 3544 2544 munificentia,
3577 2476 3707 2530 sede

2017 2567 2324 2637 episcopali
2355 2573 2410 2620 et
2433 2566 2669 2619 ecclesia
2701 2565 2991 2636 imperiali
3014 2564 3228 2619 fuerint
3257 2565 3541 2630 decorata,
3578 2566 3707 2634 plus

2017 2660 2212 2708 tamen
2243 2674 2301 2708 se
2362 2655 2564 2708 iisdem
2617 2655 2824 2707 debere
2856 2653 3169 2707 certissime
3201 2653 3306 2706 sibi
3339 2653 3698 2721 persuadeat,

2018 2744 2189 2813 quod,
2227 2750 2529 2813 postquam
2544 2742 2729 2812 patria
2752 2744 3059 2795 fermetota
3082 2742 3316 2794 haeresis
3339 2743 3482 2812 jugo
3515 2758 3574 2794 se
3604 2742 3708 2794 im-

2018 2832 2257 2900 provide
2289 2832 2651 2895 subdidisset,
2695 2830 2755 2884 in
2808 2829 3197 2884 infelicissimo
3232 2829 3331 2883 illo
3386 2835 3533 2882 statu
3588 2846 3707 2884 non

2019 2919 2189 2972 fuerit
2219 2920 2489 2972 derelicta
2530 2918 2633 2989 (uti
2676 2917 2870 2971 multis
2900 2917 3026 2970 aliis
3075 2917 3412 2971 dicecesibus
3443 2918 3502 2970 in
3529 2917 3710 2971 vicina

2019 3008 2183 3061 nobis
2213 3008 2479 3075 Saxonia,
2504 3014 2560 3061 et
2586 3007 2708 3060 aliis
2740 3006 2906 3060 terris
2966 3006 3529 3076 septemtrionalibus
3564 3022 3710 3059 con-

2014 3096 2190 3167 tigit),
2227 3097 2325 3151 sed
2354 3097 2441 3151 SS.
2503 3095 2752 3151 tleinrici
2780 3099 2838 3149 et
2875 3095 3245 3163 Cunegundis
3299 3094 3705 3159 sollicitudine,

2016 3184 2333 3255 patrocinio
2355 3201 2418 3237 ac
2440 3184 2813 3255 protectione,
2864 3200 2896 3236 a
2953 3182 3437 3253 perniciosissimo
3478 3183 3706 3236 haaresis

2015 3275 2189 3339 malo,
2223 3273 2373 3326 inter
2412 3273 2745 3325 innumeras
2794 3270 2922 3324 licet
2967 3271 3351 3337 difﬁcultates,
3386 3271 3700 3324 hostilium-

2015 3378 2125 3431 que
2155 3361 2445 3431 copiarum
2491 3360 2725 3413 insidias
2754 3365 2809 3411 et
2838 3360 3325 3428 impugnationes,
3360 3358 3536 3412 fuerit
3564 3358 3703 3412 libe-

2015 3456 2154 3517 rata,
2197 3466 2261 3503 ac
2291 3449 2557 3518 deinceps
2586 3449 2643 3501 in
2674 3448 2935 3501 Ecclesia:
2965 3447 3267 3501 Catholicae
3306 3447 3527 3516 gremio
3559 3464 3698 3500 con-

2016 3543 2255 3593 servata.
2290 3560 2309 3584 »

2722 3624 2944 3678 CAPUT
2969 3624 3063 3677 lll.

2014 3738 2088 3789 De
2108 3734 2163 3790 S.
2190 3734 2410 3788 Henrici
2440 3733 2643 3794 Manto,
2674 3736 2734 3784 ut
2791 3736 2997 3794 vocant,
3028 3730 3339 3797 Brunbergae
3379 3731 3434 3783 in
3480 3732 3699 3784 ecetesict

2614 3803 2892 3871 Impertali
2936 3808 3228 3856 asset-vnto.

2084 3898 2170 3948 71.
2206 3895 2417 3947 Praeter
2441 3908 2597 3945 sacra
2629 3890 2855 3944 cimelia
2886 3890 2955 3943 de
2981 3889 3189 3960 quibus
3239 3904 3411 3959 supra
3436 3888 3494 3941 in
3536 3888 3703 3942 Com-

2015 3982 2297 4037 mentario
2352 3980 2442 4049 §4
2489 3984 2680 4033 actum
2728 3983 2834 4043 est,
2894 3994 3191 4047 superesse
3226 3978 3473 4031 diximus
3507 3993 3705 4031 monu-

2016 4077 2209 4126 menta
2254 4070 2310 4124 id
2372 4085 2552 4139 genus
2610 4068 2740 4134 alia,
2781 4067 2877 4119 sed
2936 4067 3228 4136 pi'wcipua
3280 4070 3414 4130 duo,
3466 4067 3705 4120 Crucem

2013 4176 2222 4230 nempe
2247 4157 2712 4230 pretiosissimam
2733 4156 2789 4208 in
2812 4154 3288 4208 celebricmuobio
3337 4152 3703 4207 Benedictino

2017 4248 2217 4303 Montis
2269 4248 2324 4302 S.
2372 4244 2675 4310 Michaelis,
2710 4244 2781 4297 de
2824 4258 2937 4312 quo
2979 4242 3047 4295 ad
3080 4246 3217 4293 Acta
3256 4244 3308 4294 S.
3359 4240 3582 4295 Ottonis
3635 4241 3710 4293 lu‘

2016 4339 2131 4391 cuti
2163 4353 2379 4401 sumus,
2413 4334 2581 4388 certis
2610 4332 3052 4386 solemnioribus
3089 4329 3245 4383 festis
3286 4329 3547 4383 adhiberi
3580 4330 3709 4383 soli-

2022 4431 2161 4487 tam,
2193 4431 2247 4479 et
2279 4425 2516 4479 Mantele
2555 4440 2656 4476 seu
2685 4422 2957 4485 Mantum,
3012 4425 3071 4472 ut
3100 4423 3297 4473 vocant
3330 4418 3705 4489 Bambergen-

2020 4531 2127 4579 ses,
2176 4518 2313 4583 puta
2364 4516 2557 4579 togam
2600 4510 2686 4562 vel
2736 4509 2972 4579 pallium
3005 4508 3370 4575 latissimum,
3397 4508 3480 4561 uli
3511 4508 3598 4561 hic
3632 4507 3707 4560 vi-

2018 4603 2136 4667 des,
2171 4601 2239 4655 ad
2273 4600 2506 4653 modum
2537 4598 2861 4652 vetustioris
2902 4599 3131 4663 casulas,
3174 4597 3502 4651 lateralibus
3542 4612 3708 4667 aper-

2016 4691 2158 4744 turis
2181 4687 2443 4750 carentis,
2477 4687 2534 4739 in
2565 4686 2835 4739 thesauro
2872 4685 3191 4756 Imperialis
3230 4686 3482 4741 ecclesia).
3515 4702 3708 4739 recon-

2017 4779 2222 4844 ditum,
2255 4776 2410 4847 quod
2442 4776 2511 4829 ab
2543 4775 2796 4837 Ismaele,
2828 4775 2917 4841 fde
2970 4791 3085 4845 quo
3120 4773 3404 4844 Anonymi
3452 4774 3712 4844 Legenda

2018 4865 2298 4925 meminit,
2323 4864 2643 4918 confectum
2674 4863 2890 4925 volunt,
2911 4869 3105 4915 sancto
3128 4863 3467 4933 Imperatori
3490 4863 3705 4927 datum,

2016 4956 2086 5010 ab
2117 4972 2300 5025 eoque
2331 4953 2570 5008 Ctesarei
2612 4952 2790 5005 instar
2831 4951 3228 5020 paludamenti
3281 4951 3342 5005 in
3387 4951 3712 5006 celebriori-

2016 5043 2121 5097 bus
2150 5041 2506 5096 caeremoniis
2535 5040 2879 5104 adhibitum,
2910 5040 3178 5110 pluribus
3222 5040 3402 5111 signis
3441 5040 3710 5109 pretiosis

2015 5147 2185 5201 opere
2218 5130 2466 5200 Phrygio
2494 5129 2724 5182 intextis
2752 5134 3045 5194 ornatum,
3085 5128 3708 5199 variisqueinscriptio—

2015 5221 2184 5274 nibus
2222 5220 2357 5274 satis
2392 5217 2639 5271 mirabili
2678 5232 2970 5271 sacrorum
3021 5217 3515 5286 profanorumque
3544 5234 3703 5271 com-

2017 5309 2289 5363 mixtione
2320 5307 2676 5375 distinctum,
2708 5305 2917 5376 quibus
2950 5306 3009 5359 in
3039 5310 3259 5365 rectum
3294 5320 3527 5359 sensum
3554 5307 3707 5361 ordi-

2015 5398 2218 5451 nandis
2272 5402 2372 5451 aut
2435 5395 2784 5468 explicandis
2838 5395 3061 5448 curiosa
3126 5394 3364 5465 ingenia
3424 5393 3711 5451 incassum

2016 5489 2289 5541 hactenus
2332 5486 2638 5541 desudasse
2691 5476 2978 5540 dicuntur.
3042 5484 3202 5549 Quod
3255 5489 3413 5538 certe
3461 5486 3710 5557 experiri

2014 5576 2155 5629 mihi
2189 5574 2348 5629 licuit
2379 5574 2440 5628 in
2466 5573 2836 5628 eruditissimi
2870 5573 2985 5627 Viri
3012 5572 3531 5634 observationibus,
3562 5574 3708 5627 infra
