3938 6312
253 333 347 382 163
1551 327 1604 376 S.
1655 323 1914 379 llENRIC

2110 321 2458 378 ERATORIS
3657 320 3756 372 tua

251 455 514 504 contorto

257 554 458 602 ASTRA,‘
489 554 660 607 quem
695 537 771 589 sic
801 535 988 588 reddit
1017 553 1029 589 :
1061 536 1267 605 Aquila
1298 540 1578 604 perpetuo
1609 551 1712 605 per
1731 535 1951 588 volatus

252 643 383 680 suos
423 643 481 679 se
521 627 714 679 locans
771 625 828 677 in
879 631 1050 690 astra,
1097 624 1170 677 ob
1208 623 1690 676 cosstellationem
1741 623 1949 693 aquila:

253 712 516 784 expansis
556 711 660 764 alis
700 711 958 764 volantis.
1005 711 1207 764 lsmael
1251 710 1428 776 enim,
1479 711 1574 776 ait,
1627 709 1946 774 astrologiae

256 801 514 854 addictus
559 800 732 852 fuisse
767 799 1007 854 videtur.
1045 798 1178 868 quia
1209 799 1331 866 ejus
1370 797 1730 850 ordinatione
1768 813 1946 866 prope

255 887 512 940 Mantelis
569 886 874 938 humerum
937 885 1198 938 dextrum
1261 885 1383 938 haec
1426 885 1696 954 leguntur
1742 885 1946 950 verba;

249 973 591 1043 Astrologus
630 973 722 1026 hic
767 973 838 1024 sit
865 975 1084 1024 cautus.
1119 973 1212 1025 Est
1250 977 1304 1022 et
1331 971 1438 1024 alia
1471 971 1528 1024 in
1575 972 1750 1024 altera
1777 969 1948 1024 Menti

252 1066 436 1130 parte,
472 1059 566 1114 ubi
595 1061 672 1114 sic
703 1060 914 1128 legitur
947 1077 957 1112 :
996 1074 1330 1113 VIRGINITASP
1369 1073 1572 1111 ΑΡΒΑΤΕ
1613 1073 1828 1111 uiuens
1857 1073 1942 1111 ius.

258 1149 476 1204 Sonant
525 1149 648 1204 lure
679 1149 784 1219 ipsi
821 1164 834 1202 :
871 1147 1181 1213 Virginitas
1221 1147 1522 1214 approbato
1555 1149 1816 1198 miremur
1838 1151 1942 1200 ter-

253 1253 368 1308 rae;
411 1237 630 1292 sublata
669 1242 858 1290 autem
912 1237 1112 1288 vitiosa
1177 1233 1499 1298 metathesi,
1549 1233 1776 1287 videtur
1824 1250 1944 1288 esse

249 1327 462 1380 allusio
492 1325 746 1380 lsmaelis
784 1325 852 1380 ad
887 1323 1280 1378 castimoniam
1310 1323 1364 1377 S.
1402 1321 1672 1385 Heinrici,
1707 1321 1764 1376 in
1793 1322 1947 1377 hunc

247 1414 398 1467 forte
431 1431 661 1468 sensum
699 1431 710 1468 :
746 1415 1128 1479 Virginitatem
1153 1414 1208 1464 in
1243 1412 1400 1466 terris
1435 1411 1795 1480 approbatum
1841 1414 1941 1465 mi-

249 1519 454 1556 remur.
497 1503 678 1572 Cupio
709 1505 875 1572 plane
910 1501 1193 1558 eruditiss.
1245 1501 1372 1552 \‘iro
1423 1499 1806 1567 subscribere;
1849 1517 1944 1554 ve-

249 1608 380 1644 rum
417 1593 462 1643 si
509 1609 577 1644 eo
625 1591 838 1656 Manto,
883 1595 946 1642 ut
985 1589 1312 1658 nuperrime
1345 1587 1585 1653 dicebat,
1623 1588 1677 1643 S.
1729 1589 1946 1642 lleinri-

246 1695 377 1732 cum
425 1679 482 1732 in
515 1677 880 1732 coronatione
928 1678 1182 1730 Romana
1223 1692 1388 1730 usum
1440 1676 1546 1730 sibi
1577 1677 1940 1746 persuadeat,

249 1783 476 1821 necesse
509 1770 612 1832 est,
643 1765 906 1830 fateatur,
938 1764 1222 1834 cognitam
1252 1770 1382 1818 ante
1413 1765 1469 1818 id
1499 1771 1726 1836 tempus
1769 1765 1941 1819 fuisse

247 1855 476 1910 lsmaeli
527 1855 617 1908 isti
678 1853 1168 1908 sanctissimorum
1225 1853 1548 1924 Conjugum
1600 1853 1940 1924 virginalem

248 1943 687 2009 continentiam,
720 1958 892 2012 quam
923 1951 990 1996 ut
1028 1958 1200 2012 supra
1228 1942 1630 1996 vindicandam
1672 1957 1942 2012 suscepe-

247 2035 381 2098 rim,
411 2037 470 2086 at
495 2031 714 2086 nemini
754 2037 885 2084 ante
916 2035 1232 2084 extremum
1267 2032 1456 2085 Sancti
1489 2031 1751 2085 morbum
1779 2031 1940 2084 inno-

249 2120 426 2174 tuisse
481 2119 743 2174 existimo
797 2135 916 2173 esse.
971 2119 1376 2174 certissimum.
1438 2121 1514 2173 De
1577 2125 1806 2182 caetero,
1869 2135 1938 2173 an

245 2222 439 2260 manus
491 2208 706 2262 Orionis
750 2207 910 2260 radat
953 2207 1220 2273 Taurum;
1259 2223 1332 2260 an
1383 2206 1450 2274 is,
1501 2209 1743 2261 imitator
1793 2207 1942 2275 juris

163 2351 167 2358 ,
243 2297 434 2363 fuerit,
474 2311 546 2348 an
585 2295 964 2362 Serpentarius
1013 2294 1348 2366 xEculapius
1395 2295 1632 2348 medicus
1680 2295 1938 2358 dicatur;

247 2399 318 2436 an
351 2383 440 2436 his
480 2387 766 2435 asseratur
800 2383 1034 2448 Pegasus
1065 2398 1231 2450 equus
1271 2385 1486 2436 musicae
1515 2399 1624 2437 esse
1669 2387 1938 2450 sacratus,

246 2476 417 2542 atque
469 2470 524 2524 id
583 2485 764 2541 genus
811 2471 942 2536 alia,
993 2470 1064 2524 ab
1110 2471 1430 2526 obscuriori
1487 2471 1594 2524 isto
1649 2469 1736 2524 vel
1795 2471 1938 2525 forte

241 2566 536 2630 poetastro
567 2558 783 2612 artifice
815 2558 1125 2628 repetenda
1155 2575 1270 2612 non
1305 2576 1508 2614 censeo
1539 2576 1551 2613 :
1581 2559 1762 2613 nodus
1789 2575 1934 2628 prse-

241 2647 444 2718 cipuus
475 2652 751 2717 superest,
783 2651 978 2700 utrum
1012 2645 1226 2700 infimas
1257 2646 1644 2717 inscriptionis
1673 2649 1937 2700 confusos

241 2735 594 2788 characteres
624 2734 884 2788 eruditus
915 2735 1194 2804 interpres
1239 2735 1456 2789 felicius
1499 2735 1932 2790 combinaverit.

245 2823 426 2878 Verba
456 2823 580 2892 ejus
606 2823 676 2876 ad
709 2821 926 2892 apicem
963 2823 1276 2876 describam
1311 2838 1326 2876 :

309 2915 402 2966 75.
439 2931 466 2962 α
501 2911 748 2966 Fimbria
773 2927 907 2964 vero
938 2911 1110 2982 hujus
1142 2911 1397 2966 Mantelis
1436 2911 1810 2966 condecorata
1850 2917 1936 2966 est

588 465 754 502 sensu
839 463 1033 508 suum
1109 462 1268 500 t'r'rvr:
1337 463 1576 499 murmur.
1627 462 1844 499 vomrvs
1911 462 1962 498 te
1995 450 2032 501 Α
2073 443 2325 514 antiquis
2363 448 2526 496 erant
2573 441 2912 512 frequentia.
2963 443 3146 495 Monet
3189 441 3392 495 deinde.
3438 441 3757 495 notandum

2063 525 2214 594 quod
2265 525 2321 577 in
2361 523 2712 576 carminibus
2743 521 2987 576 fimbriae
3022 521 3284 574 Mantelis
3322 522 3557 578 desint:
3603 523 3758 592 apud

2059 613 2300 666 verbum
2333 628 2510 666 unum
2551 611 2739 665 littera
2771 611 2811 665 ϐ
2854 609 3008 680 (nam
3049 610 3236 663 littera
3285 614 3328 664 Α
3387 615 3473 663 est
3519 611 3756 664 abscon-

2057 700 2174 755 dita
2207 701 2262 754 in
2289 702 2356 764 N,
2387 699 2519 770 quia
2548 701 2612 766 N,
2647 707 2710 752 ut
2739 699 2815 752 ibi
2838 699 3196 752 cffurmatuni
3223 705 3327 762 est,
3351 699 3584 752 denotat
3607 697 3757 752 litte-

2060 805 2181 842 ram
2214 789 2256 842 N
2289 795 2346 842 et
2382 793 2428 843 Α
2462 788 2631 841 simul
2665 788 2814 858 apud
2863 787 3177 858 antiquos,)
3209 792 3264 840 et
3297 787 3483 840 littera
3530 787 3567 840 E
3597 787 3754 856 apud

2056 877 2482 931 verbum-west;
2513 877 2626 930 sive
2659 893 2817 930 BENE.
2851 877 2892 930 E
2925 881 3119 930 contra
3150 881 3277 946 post
3307 876 3542 929 verbum
3563 877 3754 946 Impe-

2056 967 2208 1020 rium
2249 971 2334 1020 est
2362 981 2784 1035 supervacanea
2813 965 3000 1018 littera
3035 965 3106 1032 Μ,
3131 965 3276 1018 forte
3305 965 3425 1018 loco
3459 965 3663 1018 littera:
3697 963 3750 1016 M

2056 1055 2172 1108 sive
2205 1071 2248 1124 Ν
2279 1055 2338 1108 in
2387 1055 2583 1108 animo
2627 1053 3022 1108 substituenda
3053 1095 3067 1118 ,
3101 1058 3197 1106 aut
3239 1053 3406 1124 plane
3433 1053 3752 1106 omittenda

2055 1143 2154 1197 illo
2185 1148 2482 1212 tempore;
2517 1143 2666 1212 apud
2699 1157 2873 1214 quam
2897 1147 3010 1195 tres
3039 1143 3124 1195 lBl
3157 1145 3413 1212 spectant
3435 1147 3564 1212 post
3594 1141 3748 1194 litte-

2055 1236 2236 1286 teram
2263 1231 2326 1296 Ο.
2363 1231 2503 1286 Item
2539 1232 2598 1285 in
2631 1232 2802 1286 verbo
2830 1247 3060 1296 manu,
3093 1231 3282 1285 littera
3307 1232 3347 1284 V
3389 1239 3475 1285 est
3499 1231 3747 1296 inversa,

2053 1317 2185 1372 hinc
2217 1324 2278 1372 ut
2311 1319 2348 1373 Ν
2383 1323 2643 1390 apparet.
2681 1340 2702 1368 ι

2122 1412 2212 1462 77.
2271 1409 2551 1462 Hactenus
2605 1407 2754 1462 Clar.
2813 1407 3050 1472 amicus,
3106 1406 3206 1478 qui
3255 1407 3448 1461 subdit
3501 1411 3752 1477 quatuor

2056 1497 2166 1550 alia
2209 1497 2385 1550 serica
2415 1497 2621 1556 Manta.
2665 1497 2890 1550 caerulei
2939 1496 3073 1550 item
3125 1496 3350 1564 coloris,
3407 1496 3615 1550 ibidem
3658 1512 3750 1548 as-

2053 1585 2286 1653 servari,
2323 1587 2390 1638 de
2419 1601 2666 1656 quorum
2691 1585 2889 1638 usibus
2921 1586 3010 1639 hic
3044 1585 3326 1638 disserere.
3349 1585 3490 1638 nihil
3515 1585 3746 1638 attinet:

2053 1675 2240 1728 datam
2265 1675 2385 1744 jam
2413 1673 2622 1743 prioris
2667 1673 3109 1744 explicationem
3137 1673 3416 1743 tantisper
3461 1673 3748 1742 expenda-

2054 1779 2202 1817 mus.
2243 1763 2499 1827 Quatuor
2546 1763 2735 1833 prima
2790 1761 3064 1815 vocabula
3117 1762 3378 1815 distincte
3411 1762 3470 1815 in
3519 1762 3752 1815 fimbria

2051 1867 2312 1922 expressa
2358 1851 2666 1922 conspicio,
2721 1851 2764 1906 Ο
2851 1851 3008 1904 decus
3058 1851 3298 1918 Eeropae
3364 1849 3528 1905 Ccsar
3579 1851 3747 1902 Hein-

2047 1943 2185 2006 ricc;
2219 1955 2336 1993 non
2360 1945 2476 1993 tam
2508 1939 2670 1994 facile
2699 1944 2786 1992 est
2815 1938 3071 1992 invenire
3097 1940 3165 1989 To‘
3185 1953 3373 2000 assae,
3411 1953 3538 1990 cum
3561 1953 3665 2007 pro
3699 1938 3748 1992 Β

2049 2029 2276 2098 legatur
2318 2029 2358 2082 Β
2393 2045 2405 2081 :
2441 2045 2628 2098 neque
2681 2045 2892 2081 ANGEAT
2937 2027 3100 2082 educi
3131 2033 3338 2097 potest,
3381 2026 3744 2097 quandoqui-

2049 2116 2178 2171 dem
2219 2117 2408 2171 littera
2439 2117 2644 2170 ultima
2673 2133 2788 2170 non
2817 2118 2890 2170 sit
2913 2117 2954 2170 T
2989 2117 3082 2170 sed
3115 2116 3306 2186 potius
3337 2117 3396 2170 Y.
3451 2119 3744 2185 Imperium

2047 2205 2270 2276 integre
2320 2222 2434 2259 non
2467 2205 2771 2274 reperitur,
2807 2205 2958 2276 quod
3015 2205 3220 2258 ultima
3259 2204 3444 2258 littera
3483 2204 3748 2257 videatur

2045 2294 2278 2364 duplex,
2333 2293 2518 2364 sitque
2549 2293 2588 2346 Ε
2629 2299 2686 2346 et
2733 2311 2766 2346 Δ
2813 2295 3100 2358 Graecum;
3161 2291 3220 2344 in
3279 2307 3394 2362 quo
3436 2307 3550 2344 non
3605 2291 3747 2346 satis

2047 2389 2242 2452 aperte
2283 2382 2447 2452 argui
2489 2398 2654 2452 posse
2683 2381 2930 2447 videtur,
2964 2381 3116 2451 quod
3149 2384 3275 2450 post.
3323 2381 3616 2452 Imperium
3648 2397 3746 2433 su-

2046 2486 2392 2540 pervacanea
2443 2471 2516 2523 sit
2557 2470 2750 2522 littera
2795 2470 2866 2534 M,
2920 2469 3018 2522 ubi
3079 2486 3184 2540 ego
3231 2468 3401 2522 fateri
3435 2485 3612 2540 cogor
3637 2485 3748 2523 nec

2045 2575 2462 2626 pervacancum
2519 2559 2588 2624 Μ,
2679 2559 2796 2612 imo
2867 2575 2970 2612 nec
3039 2557 3421 2611 necessarium
3477 2558 3743 2628 reperiri,

2046 2661 2160 2716 quo
2183 2650 2241 2698 τὸ
2266 2647 2578 2716 Imperium
2603 2647 2692 2700 vel
2721 2645 3030 2715 lmpreium
3066 2645 3356 2700 eil‘ormari
3389 2651 3579 2716 queat.
3625 2647 3746 2700 Ne-

2046 2751 2158 2805 que
2217 2741 2332 2788 tres
2373 2736 2464 2789 lBl
2507 2749 2691 2804 usque
2733 2734 2874 2787 adeo
2929 2736 3081 2787 clare
3125 2737 3439 2804 apparent;
3493 2749 3596 2786 nec
3655 2739 3746 2788 est

2047 2823 2196 2876 unde
2255 2823 2555 2892 colligatur
2593 2823 2633 2876 N
2677 2823 2964 2875 inversum
3025 2839 3168 2888 esse,
3219 2823 3372 2876 unde
3432 2837 3744 2891 exsurgere

2042 2911 2446 2964 verosimiliter
2502 2911 2682 2981 possit
2739 2926 2966 2964 suos“.
3021 2911 3166 2965 lB.\ll
3225 2911 3444 2965 nullum
3507 2928 3740 2966 sensum

239 3001 446 3054 litteris
489 3000 770 3070 singulari
803 2999 1032 3053 artificis
1075 3000 1378 3070 diligentia
1425 3001 1648 3064 (litteris
1692 3001 1932 3072 singulis
1965 3007 2006 3061 (ἶ
2041 2999 2232 3053 reddit
2307 2999 2533 3060 Πειρη
2574 3001 2657 3052 vel
2705 3014 2808 3052 sax
2873 3015 2965 3060 Ql'l
3034 2999 3311 3066 habetur;
3363 3000 3460 3054 sed
3515 3001 3742 3070 reliqua

239 3088 662 3160 particulariter
700 3089 816 3140 sive
846 3087 1082 3142 seorsim
1137 3095 1336 3142 aurato
1377 3089 1474 3142 iilo
1527 3089 1819 3150 confectis,
1868 3105 1931 3144 ac

238 3177 369 3230 dein
402 3176 688 3234 mediante
731 3176 828 3230 illo
869 3177 1071 3242 serico,
1101 3177 1161 3230 in
1193 3177 1477 3232 destinato
1508 3193 1610 3231 suo
1655 3178 1786 3232 .loco
1827 3179 1931 3232 ﬁr-

236 3263 428 3328 matis)
460 3265 672 3319 all‘abre
704 3265 975 3319 confectis
1021 3282 1190 3336 opere
1222 3265 1488 3336 phrygio,
1522 3283 1652 3318 cum
1683 3267 1932 3336 permul-

237 3353 311 3406 tis
349 3353 575 3407 intortis
639 3354 830 3408 aureis
887 3353 1147 3418 cimeliis,
1203 3354 1610 3408 obscuritatem
1667 3353 1930 3407 lectionis

237 3441 679 3506 inducentibus;
712 3447 956 3512 suntque
997 3458 1078 3496 ea:
1111 3443 1313 3496 littera:
1349 3457 1572 3512 magum
1623 3442 1930 3512 longitudi-

235 3529 362 3596 nis;
395 3530 472 3584 ita
507 3529 748 3584 iniicem
788 3531 1088 3600 appositae,
1131 3537 1191 3582 ut
1227 3531 1401 3584 lector
1432 3531 1678 3585 maxime
1721 3531 1927 3584 dubius

235 3619 470 3682 haereat,
503 3619 600 3672 ubi
642 3618 808 3671 lectio
855 3619 912 3671 in
944 3618 1206 3671 circulari
1253 3619 1420 3672 chaos
1474 3619 1544 3672 sit
1581 3618 1922 3673 inchoanda.

233 3705 490 3776 Insuper,
525 3706 684 3759 omni
715 3715 912 3759 carent
943 3705 1423 3775 interpunctione,
1455 3705 1700 3776 hincque
1729 3706 1788 3759 in
1815 3707 1926 3760 ho-

234 3793 498 3848 diernum
532 3811 715 3864 usque
746 3793 919 3860 diem,
955 3795 1150 3848 multis
1191 3795 1494 3848 lectionem
1527 3795 1732 3848 frustra
1791 3801 1925 3848 ten-

231 3882 508 3948 tantibus,
543 3884 624 3936 uti
652 3883 904 3949 inaudio,
940 3883 1284 3953 (praesertim
1317 3891 1552 3954 propter
1575 3885 1765 3954 plures
1786 3883 1924 3937 alias

229 3986 434 4040 parvas
473 3971 906 4040 obfuscatasque
954 3971 1380 4042 inscriptiones)
1415 3971 1720 4042 incognitae
1767 3989 1924 4026 man-

229 4063 446 4112 serunt.
481 4081 502 4106 n
531 4059 946 4128 Pergitdeinde
977 4059 1046 4112 ad
1075 4059 1533 4129 explicationem.
1563 4077 1733 4130 quam
1754 4076 1922 4114 nemo

229 4145 504 4200 hactenus
555 4146 795 4217 propius
826 4153 1113 4200 assecutus
1151 4151 1256 4200 est.
1295 4170 1316 4194 σ
1349 4147 1531 4200 Verba
1576 4148 1818 4202 fimbriae
1848 4148 1918 4202 ad

231 4235 478 4288 litteram
505 4233 626 4288 hinc
657 4241 790 4288 sunt
823 4251 952 4288 cum
987 4234 1284 4288 metathesi
1312 4234 1530 4288 vitiosa.

303 4323 346 4378 Ο
379 4325 559 4377 Decus
597 4323 852 4394 EerOpae
885 4323 1052 4378 Cesar
1083 4323 1340 4377 lleinrice
1373 4323 1558 4378 heare.

297 4415 521 4482 Augeat
551 4411 856 4482 impreium
883 4412 1019 4466 ibmi
1047 4411 1274 4482 Rexque
1303 4428 1439 4466 rena
1471 4413 1632 4467 bene.

298 4501 629 4570 Peripheria
657 4499 776 4553 haec
796 4499 969 4554 Manti
991 4499 1190 4552 infima
1215 4500 1480 4572 adaequat
1500 4501 1918 4570 longitudinem

230 4589 478 4644 sedecim
509 4589 719 4660 pedum
753 4593 810 4642 et
838 4588 1082 4642 duorum
1107 4590 1402 4658 pollicum.

299 4681 384 4733 76.
421 4697 447 4728 α
485 4677 590 4732 Ubi
622 4675 942 4730 notandum
967 4677 1118 4746 quod
1158 4677 1358 4731 Ismael
1388 4693 1491 4748 per
1515 4677 1762 4732 litteram
1792 4678 1832 4731 Χ
1859 4677 1918 4731 in

225 4767 398 4822 verbo
445 4765 562 4820 Rex
619 4765 910 4836 singulare
941 4765 1079 4836 quid
1128 4765 1449 4836 significare
1483 4765 1749 4830 voluerit,
1782 4766 1916 4835 quia

225 4857 345 4910 haec
372 4871 484 4909 una
514 4859 570 4908 et
595 4855 714 4908 sola
753 4855 902 4908 inter
951 4869 1148 4908 omnes
1199 4855 1598 4925 magnitudine
1634 4853 1916 4909 artiﬁciali

224 4945 461 5011 eminet,
518 4949 573 4998 et
613 4943 876 4998 nonnihil
932 4959 964 4996 a
1029 4943 1234 4996 litteris
1294 4943 1332 4996 E
1402 4948 1534 4996 ante
1584 4947 1642 4995 et
1689 4942 1733 5005 Ο
1790 4946 1918 5012 post.

225 5040 310 5088 est
359 5037 650 5104 separata;
697 5032 832 5085 hinc
881 5047 996 5085 non
1028 5031 1315 5085 immerito
1348 5030 1624 5084 concludo
1667 5046 1798 5083 cum
1835 5035 1912 5097 ut,

224 5127 461 5193 propter
483 5120 786 5174 verborum
821 5125 1210 5174 excurrentem
1245 5119 1490 5189 copiam,
1524 5118 1755 5188 ligatam
1787 5134 1916 5171 ora-

225 5211 442 5264 tionem
475 5209 741 5276 salvaret,
775 5207 1217 5280 gratulationem
1251 5207 1398 5260 hanc
1429 5221 1536 5277 pro
1568 5205 1620 5261 S.
1655 5206 1915 5260 Heinrico

223 5297 489 5353 ordinare
547 5299 608 5352 in
659 5297 813 5351 hunc
860 5313 1090 5352 sensum
1140 5295 1305 5367 quasi
1357 5294 1598 5348 voluisse
1636 5310 1650 5348 :
1686 5295 1914 5365 Hexque

223 5387 430 5441 millies
461 5387 538 5440 ibi
579 5403 752 5456 regna
797 5386 978 5452 bene;
1021 5385 1155 5456 quia
1184 5385 1224 5437 X
1274 5382 1503 5452 Graecis,
1556 5389 1610 5435 ut
1673 5389 1910 5448 constat,

222 5480 307 5529 est
349 5489 624 5528 numerus
658 5473 1011 5528 millenarius
1045 5489 1058 5527 :
1091 5473 1245 5525 salvo
1270 5476 1484 5538 tamen,
1517 5475 1578 5525 ut
1624 5471 1763 5540 dixi,
1814 5489 1917 5543 per

222 5563 414 5619 omnia
446 5563 690 5618 aliorum
730 5563 949 5634 judicio
981 5559 1228 5626 meliori,
1277 5559 1542 5614 acumina
1591 5561 1746 5615 enim
1793 5561 1915 5616 lucc

2042 3088 2348 3159 plusquam
2381 3087 2601 3158 (Edipo
2651 3088 2935 3158 indigent,
2971 3103 3158 3158 neque
3201 3105 3262 3141 ex
3305 3089 3374 3141 iis
3424 3089 3740 3158 perfectam

2043 3175 2522 3228 constructionem
2561 3176 2691 3246 quis
2721 3175 2882 3228 facile
2919 3175 3217 3229 extuderit.
3259 3175 3385 3228 Haec
3433 3191 3500 3228 eo
3550 3173 3741 3230 solum

2042 3263 2191 3318 dicta
2231 3264 2364 3324 sint,
2411 3268 2475 3316 ut
2533 3262 2816 3332 intelligat
2860 3263 3039 3316 lector
3067 3263 3210 3317 nihil
3261 3279 3294 3316 a
3323 3261 3483 3316 nobis
3531 3264 3741 3332 negle—

2040 3358 2218 3420 ctum,
2251 3359 2306 3405 et
2345 3351 2724 3406 amicissimus
2757 3354 2987 3422 adjutor
3035 3351 3322 3418 observet,
3371 3353 3618 3422 aenigma
3667 3351 3741 3404 iis

2038 3439 2244 3494 litteris
2295 3439 2638 3506 involutum,
2692 3441 2938 3494 necdum
2981 3457 3044 3494 ex
3079 3439 3240 3494 omni
3291 3445 3450 3510 parte
3481 3440 3740 3494 solutum

2039 3545 2176 3583 esse.
2231 3529 2450 3595 Melius,
2503 3529 2754 3599 inquies,
2821 3528 3040 3598 aliquid
3095 3529 3406 3583 substituas
3457 3546 3469 3582 :
3535 3530 3738 3584 malim

2037 3633 2170 3671 vero
2225 3619 2464 3674 candide
2517 3618 2682 3671 fateri
2731 3619 3143 3688 ignorantiam,
3185 3635 3359 3689 quam
3413 3617 3483 3672 iis
3516 3619 3736 3689 disqui-

2037 3707 2228 3760 rendis
2258 3709 2447 3762 oleum
2475 3712 2532 3760 et
2570 3723 2805 3776 Operam
2843 3707 3086 3777 perdere
3121 3723 3134 3760 :
3169 3723 3283 3760 non
3340 3709 3621 3777 gravabor
3649 3713 3736 3762 ta-

2037 3812 2192 3862 men,
2232 3797 2392 3850 nullo
2433 3811 2562 3849 meo
2613 3796 2892 3864 periculo,
2945 3795 3054 3848 viri
3086 3796 3321 3850 alterius
3358 3797 3734 3850 eruditissimi

2033 3884 2411 3954 cogitationes
2441 3883 2498 3936 in
2525 3884 2776 3937 medium
2811 3884 3088 3953 proferre,
3123 3890 3296 3955 prout
3322 3901 3543 3939 mecum
3573 3901 3724 3940 com-

2035 3971 2339 4026 municata:
2370 3976 2522 4026 sunt.

2099 4063 2191 4114 78.
2227 4060 2400 4113 Abest
2429 4059 2496 4126 is,
2533 4063 2596 4113 ut
2626 4059 2877 4130 primum
2912 4059 3121 4120 dicam.
3153 4077 3182 4113 a
3217 4059 3726 4130 Bambergensium

2033 4149 2328 4218 opinione,
2381 4149 2533 4218 quod
2595 4150 2899 4218 praefatum
2951 4149 3206 4202 Mantum
3245 4148 3314 4202 ad
3363 4149 3418 4203 S.
3473 4149 3724 4204 Heinrici

2031 4241 2295 4307 tempora
2355 4237 2606 4290 revocari
2677 4236 2879 4308 possit,
2955 4243 3240 4308 negatque
3310 4237 3500 4292 Sancti
3559 4237 3725 4292 istius

2032 4331 2196 4379 mtate
2251 4325 2312 4378 in
2367 4341 2476 4379 usu
2521 4325 2693 4379 fuisse
2747 4325 2984 4380 Caesaris
3041 4327 3508 4396 appellationem.
3556 4327 3726 4381 Putat

2031 4414 2224 4483 itaque
2257 4429 2401 4483 opus
2435 4429 2554 4467 esse
2592 4413 2782 4467 smculi
2814 4430 2927 4482 xiv,
2969 4414 3343 4486 implexisque
3393 4415 3504 4469 illis
3549 4417 3720 4469 voc'a-

2030 4501 2180 4554 bulis
2233 4499 2473 4554 indicari
2515 4501 2848 4568 llenricnm,
2901 4501 3064 4556 istius
3108 4501 3358 4556 nominis
3407 4503 3722 4571 Imperato-

2031 4605 2152 4642 rem
2193 4589 2285 4642 Vll
2334 4589 2876 4660 Luxemburgicum,
2919 4591 3018 4662 qui
3069 4597 3196 4661 post
3249 4607 3446 4646 necem
3503 4591 3722 4646 Alberti

2028 4677 2308 4731 Austriaci
2341 4679 2735 4732 Romanorum
2782 4679 2949 4749 regis,
3007 4695 3159 4732 anno
3219 4683 3353 4734 1308
3414 4683 3718 4751 patratam,

2028 4782 2081 4818 νι
2119 4765 2376 4820 Januarii
2406 4767 2540 4820 1309
2572 4766 2917 4838 Aquisgrani
2948 4773 3251 4821 coronatus
3273 4773 3392 4832 est;
3425 4775 3597 4837 atque
3647 4771 3720 4824 ad

2027 4854 2176 4908 hunc
2216 4853 2388 4924 dirigi
2447 4855 2745 4908 contendit
2793 4855 3037 4909 ﬁmbrias
3083 4857 3512 4924 allocutionem,
3555 4858 3721 4928 cujus

2029 4943 2292 4996 ordinem
2353 4943 2648 4997 exorditur
2690 4959 2720 4995 a
2755 4943 2929 4997 Cassa
2969 4945 3230 5012 Ilemucs,
3271 4946 3323 4998 ei
3380 4952 3720 4999 connectens

2029 5049 2132 5086 una
2179 5049 2190 5086 :
2229 5033 2266 5086 Β
2299 5048 2432 5086 vero
2464 5049 2708 5103 sequens
2744 5039 2800 5086 et
2843 5034 2882 5087 E
2914 5034 3090 5087 sumit
3127 5051 3232 5104 pro
3285 5035 3720 5106 Bambergensis

2029 5121 2310 5186 Ecclesiae,
2354 5137 2418 5174 ex
2468 5121 2674 5175 litteris
2716 5121 2991 5192 proximis
3031 5122 3242 5176 faciens
3291 5140 3522 5189 ANGELV,
3567 5141 3600 5177 ιτ
3648 5125 3718 5178 si-

2027 5215 2201 5278 gnato
2227 5225 2240 5263 :
2271 5213 2392 5262 tum
2413 5210 2490 5263 sic
2519 5211 2725 5282 pergit,
2751 5227 2816 5264 ex
2835 5211 3041 5264 litteris
3063 5213 3230 5266 verba
3252 5213 3431 5266 ferme
3451 5213 3716 5280 reddens,

2029 5297 2338 5351 lMPerium
2373 5298 2590 5369 Regere
2621 5299 2832 5368 lnjuste
2873 5299 3099 5368 Valens,
3139 5299 3218 5354 Es
3252 5300 3502 5372 (lambda
3530 5319 3718 5372 graeco

2025 5401 2128 5457 pro
2155 5401 2186 5439 ι.
2208 5387 2400 5456 latino)
2434 5387 2580 5440 unde
2617 5389 2870 5454 Eaectus,
2905 5389 3120 5452 Invitis,
3157 5392 3241 5443 vel
3275 5389 3523 5444 Inimicis
3557 5393 3718 5445 Bam-

2025 5474 2424 5546 bergensibus,
2459 5475 2850 5531 Miserabiliter
2877 5477 3101 5532 lnteriit
3139 5478 3260 5532 Rex
3307 5479 3450 5546 Qui;
3479 5479 3715 5535 demum

2026 5579 2092 5616 ex
2125 5579 2192 5616 tu:
2231 5567 2287 5617 et
2321 5563 2622 5618 contractis
2661 5563 2785 5618 aliis
2829 5565 3055 5620 coniicit
3101 5581 3381 5634 manv”,
3433 5573 3602 5639 atque
3645 5587 3710 5623 ex
