3938 6344
191 326 279 376 ltili

3606 330 3696 379 ltiti

180 445 509 499 charactere
560 448 851 516 sequente,
910 460 1025 498 non
1068 445 1257 499 minus
1288 444 1719 514 hieroglyphico
1769 444 1888 499 for-
1921 449 1960 502 A
1999 444 2318 517 reliquerit,
2362 452 2702 517 perpetuum
2747 448 3157 501 muniﬁcentiae
3216 465 3334 503 sum
3367 456 3706 505 monumen‘

180 540 294 585 mat
320 548 456 586 ANTE
486 550 569 597 TE,
602 549 635 583 o
666 546 829 584 nacus
865 532 1130 585 Eanoras.
1176 532 1257 585 ita
1300 531 1413 593 ille,
1476 532 1567 585 cui
1614 532 1753 585 alios
1791 532 1885 585 fu-

181 620 271 689 gio
301 636 625 683 accensere,
685 620 821 672 dum
880 626 992 672 tam
1051 620 1302 689 implexa
1352 626 1484 673 sunt
1526 627 1581 672 et
1628 621 1790 689 signa
1832 627 1889 674 et

182 708 473 774 vocabula,
504 718 569 760 ut
613 709 673 761 in
705 707 927 760 diversa
976 709 1198 777 rapiant
1229 714 1574 778 spectatores
1606 708 1884 779 singulos.

182 796 383 861 Feriet,
452 796 679 866 opinor,
742 795 1185 866 Bambergenses
1238 813 1438 850 omnes
1478 813 1642 867 aeque
1700 813 1763 850 ac
1794 814 1886 851 me

181 889 292 937 tam
330 886 530 952 procul
562 885 828 937 accersita
860 884 1160 953 expositio,
1194 884 1252 937 in
1283 901 1453 954 quam
1485 885 1649 953 argui
1704 890 1888 954 potest

180 970 447 1024 formatio
479 971 628 1024 vocis
676 986 886 1024 meum
929 986 1031 1039 pro
1076 974 1347 1036 angelum,
1406 987 1535 1025 cum
1566 972 1751 1025 littera
1788 990 1885 1043 pe-

181 1060 425 1111 nuttima
457 1074 570 1111 non
605 1059 679 1111 sit
719 1059 755 1112 L
814 1059 912 1112 sed
941 1061 1006 1125 Α,
1075 1059 1158 1111 uti
1191 1059 1248 1112 in
1307 1058 1410 1113 Ces
1466 1065 1543 1113 Ar
1595 1066 1653 1114 et
1694 1061 1762 1114 be
1791 1065 1836 1115 A
1871 1078 1883 1115 :

182 1147 386 1200 ultima
443 1164 578 1200 vero
632 1148 673 1200 Υ
730 1148 921 1217 potius
960 1149 1041 1200 vet
1076 1148 1118 1199 ν
1163 1163 1337 1217 quam
1385 1148 1425 1202 U
1467 1149 1776 1217 signatum.
1818 1154 1888 1203 At.

180 1235 389 1289 frustra
410 1236 503 1289 hic
525 1236 768 1289 frontem
828 1236 1097 1288 fricamus
1123 1251 1136 1301 ;
1169 1236 1302 1289 satis
1333 1235 1425 1300 sit,
1459 1236 1701 1290 curiosis
1728 1236 1887 1291 inda-

179 1324 475 1389 gatoribus
518 1325 760 1378 ulterius
808 1324 1148 1392 explorandi
1183 1324 1483 1378 materiam
1537 1325 1885 1394 sugessisse;

178 1428 242 1465 ac
269 1413 340 1466 de
370 1412 423 1467 S.
458 1413 697 1467 Henrico
729 1414 965 1484 ejusque
996 1412 1407 1478 monumentis,
1440 1413 1593 1484 quod
1638 1414 1884 1467 maxime

176 1501 554 1560 intendimus,
586 1501 729 1555 nihil
764 1500 1123 1571 praeteriisse.

891 1609 1115 1661 CAPUT
1149 1608 1234 1661 IV.

250 1698 322 1750 De
370 1697 716 1749 celeberrima
809 1697 993 1759 Crucc,
1059 1697 1292 1765 aliisque
1356 1697 1413 1750 S.
1476 1698 1695 1751 Πρηνὶςί
1734 1697 1887 1766 αρηά

607 1767 1020 1833 Bambergcnscs
1057 1771 1229 1821 sacris
1258 1768 1498 1821 cimeh'z's.

246 1858 338 1908 79.
376 1855 454 1908 De
485 1854 827 1910 Henriciana
862 1856 965 1909 hac
1003 1854 1414 1924 pretiosissima
1443 1857 1620 1910 Cruce
1674 1856 1886 1909 cursim

178 1944 406 1997 locutus
435 1950 522 1997 est
550 1943 954 2008 Henschenius,
988 1944 1125 1998 dum
1164 1948 1298 1998 Acta
1329 1944 1382 1998 S.
1423 1945 1789 2014 Cunegundis
1816 1947 1883 1997 ad

178 2031 331 2085 diem
367 2048 428 2086 ut
489 2032 671 2086 Martii
732 2032 1059 2087 illustravit.
1125 2033 1390 2103 Ejusdem
1442 2032 1885 2087 delineationem

180 2124 246 2174 ad
316 2120 770 2191 Papebrochium
833 2122 990 2175 misit
1043 2137 1196 2174 anno
1250 2123 1384 2175 1695
1429 2122 1493 2175 R.
1545 2122 1605 2175 P.
1641 2122 1888 2175 Joannes

180 2210 364 2277 Risse,
395 2210 622 2279 collegii
674 2211 850 2263 nostri
889 2209 1321 2280 Bamhergensis
1371 2226 1437 2265 eo
1477 2216 1734 2279 tempore
1781 2211 1889 2264 Re-

178 2304 339 2364 ctor;
376 2298 745 2368 postmodum
770 2314 902 2351 vero
941 2299 1111 2352 aliam
1160 2296 1218 2350 in
1254 2314 1330 2352 aes
1361 2298 1599 2352 incisam
1641 2299 1890 2367 vulgavit

178 2387 427 2453 Joannes
452 2379 650 2439 Petrus
680 2385 965 2455 Ludewig,
999 2386 1356 2455 inseruitque
1386 2386 1659 2440 volumini
1688 2404 1789 2441 suo
1818 2388 1887 2441 de

178 2473 565 2544 Scriptoribus
589 2490 775 2526 rerum
809 2474 1172 2543 episcopatus
1232 2474 1681 2544 Bambergensis.
1719 2476 1889 2529 Excu-

180 2578 307 2615 sum
337 2563 446 2616 hoc
477 2562 771 2630 exemplar
799 2567 1105 2631 postquam
1146 2578 1274 2615 cum
1332 2561 1590 2616 Rissiana
1640 2562 1890 2616 delinea-

180 2652 334 2705 tione
367 2651 735 2704 contulissem
784 2650 945 2703 facile
978 2651 1195 2704 adverti
1230 2656 1455 2703 tantum
1507 2651 1658 2704 inter
1699 2668 1756 2704 se
1788 2652 1889 2704 dif-

179 2740 351 2805 ferre,
386 2745 449 2793 ut
499 2745 703 2793 neutra
730 2738 932 2810 Limago
964 2738 1099 2792 satis
1150 2745 1339 2792 exacte
1370 2744 1714 2809 prototypon
1757 2740 1886 2794 red-

182 2830 345 2881 deret
386 2844 399 2880 :
457 2828 726 2898 quocirca
783 2827 1155 2897 Bambergam
1207 2828 1617 2881 recurrendum
1651 2828 1777 2893 fuit,
1828 2833 1888 2882 ut

183 2916 435 2969 defectus
494 2916 551 2969 in
583 2915 650 2968 iis
708 2921 1066 2969 occurrentes
1122 2919 1252 2986 apte
1303 2915 1739 2985 corrigerentur.
1776 2915 1885 2968 No-

2000 541 2141 601 tum,
2166 551 2348 606 usque
2380 536 2551 589 hodie
2583 537 2641 589 in
2696 536 2853 589 festis
2893 536 3331 591 solemnioribus
3359 539 3704 610 quandoque

1995 623 2348 677 circumferri
2378 624 2631 688 solitum,
2666 625 2723 677 in
2775 630 3011 694 argento
3057 625 3307 678 obducto
3376 628 3700 693 manubrio,

1998 713 2338 783 adquiuque
2391 713 2562 782 pedes
2628 712 3073 782 Noribergenses
3124 720 3381 782 extenso,
3439 716 3588 784 quod
3645 716 3703 769 in

1996 801 2248 871 imagine
2279 818 2554 872 apparere
2581 802 2888 856 voluimus.
2924 805 2968 855 Α
2991 803 3182 856 Cresco
3212 804 3297 855 vel
3327 805 3526 856 saltem
3557 820 3701 872 grae-

1995 889 2210 943 cizante
2269 891 2619 945 elaboratam
2671 890 2924 960 primum
2972 890 3144 943 fuisse
3200 891 3436 944 Crucem
3494 892 3698 961 ipsam,

1995 978 2129 1031 satis
2154 978 2363 1048 opinor
2407 984 2685 1048 apparet;
2722 995 2786 1032 ac
2835 979 3282 1032 circumductam
3336 980 3699 1049 postmodum

1993 1068 2314 1121 censuerim
2362 1067 2796 1136 inscriptionem
2842 1066 3104 1131 latinam,
3157 1067 3215 1120 in
3276 1083 3389 1138 qua
3420 1083 3519 1120 cur
3568 1084 3702 1121 ver-

1996 1156 2133 1209 bum
2164 1154 2221 1208 in
2255 1156 2445 1208 futuro
2476 1156 2748 1209 inﬂexum
2781 1155 2871 1219 sit,
2923 1156 3159 1208 candide
3208 1156 3393 1209 fateor
3420 1171 3509 1209 me
3560 1155 3703 1209 divi-

1995 1259 2131 1296 nare
2172 1259 2286 1296 non
2318 1260 2508 1313 posse,
2577 1244 2709 1309 nisi,
2771 1243 2897 1313 ipso
2943 1243 3089 1310 vivo,
3150 1242 3287 1297 ﬁdei
3333 1244 3698 1297 commissum

1992 1330 2184 1385 fuerit.

2065 1420 2152 1473 8t.
2185 1418 2359 1472 Multa
2391 1418 2502 1471 alia
2532 1416 2658 1470 istic
2688 1416 3095 1487 contemptaris
3126 1416 3184 1469 in
3240 1416 3450 1487 quibus
3478 1418 3700 1470 clarita-

1993 1512 2107 1561 tem
2133 1507 2334 1559 merito
2391 1506 2703 1571 desideres,
2755 1507 2937 1559 multa
2974 1505 3207 1559 artificis
3260 1506 3493 1575 ingenio
3527 1511 3583 1559 et
3608 1522 3703 1558 ar-

1994 1594 2165 1647 bitrio
2222 1594 2485 1663 ﬁgurata.
2544 1592 2657 1645 alia
2714 1593 2876 1662 quasi
2930 1591 3181 1645 studiose
3238 1592 3511 1658 involuta,
3572 1609 3703 1662 quin

1996 1698 2164 1736 nemo
2193 1683 2466 1736 hactenus
2492 1680 2773 1751 explicare
2806 1681 3049 1744 noverit,
3110 1697 3288 1751 usque
3321 1682 3462 1735 adeo
3522 1687 3585 1734 ut
3612 1696 3701 1734 me

1996 1785 2411 1841 nonnunquam
2442 1769 2708 1840 cogitatio
2764 1768 3005 1822 subierit
3052 1774 3490 1823 monumentum
3518 1785 3699 1840 quan-

1999 1859 2205 1912 tumvis
2227 1860 2566 1928 praeclarum
2591 1857 3047 1928 przrtermittere,
3095 1858 3285 1927 potius
3309 1874 3481 1928 quam
3515 1865 3702 1928 partes

1997 1949 2116 2017 ejus
2147 1947 2365 2018 aliquas
2400 1948 2637 2000 intactas
2685 1952 2741 2010 et
2772 1946 3159 1999 inobservatas
3210 1945 3557 2015 relinquere.
3609 1946 3701 1998 Vi-

1998 2049 2090 2086 ros
2126 2034 2482 2087 doctissimos
2512 2033 2794 2097 consului,
2844 2050 3093 2104 quorum
3153 2032 3247 2086 alii
3275 2033 3525 2103 graviori
3565 2050 3705 2088 cen-

1997 2138 2149 2189 sura,
2183 2123 2279 2175 alii
2334 2125 2506 2193 paulo
2559 2122 2777 2176 mitiori
2843 2122 3032 2192 ipsum
3088 2124 3564 2192 perstrinxerunt,
3626 2123 3706 2176 sic

1995 2213 2189 2263 tamen
2216 2215 2277 2263 ut
2308 2211 2499 2262 nullus
2556 2226 2622 2263 ea
2680 2214 2829 2263 recte
2879 2208 3112 2262 solverit
3164 2225 3293 2279 qua-3
3327 2210 3467 2263 mihi
3499 2211 3706 2281 displi-

1997 2313 2123 2352 cere
2178 2298 2265 2351 vel
2322 2298 2463 2368 ipsis
2521 2298 3029 2366 Bambergensibus
3097 2298 3343 2352 rotunde
3416 2299 3707 2368 professus

1999 2402 2146 2440 sum.
2181 2387 2518 2456 Repositum
2550 2393 2632 2440 est
2676 2403 2790 2439 non
2825 2386 2972 2456 exigi
3023 2386 3092 2439 ab
3133 2387 3402 2440 historico
3435 2388 3582 2441 utin
3611 2404 3707 2441 an-

1997 2475 2177 2545 tiquis
2208 2475 2537 2545 hujnsmodi
2578 2474 2989 2539 monumentis,
3024 2490 3152 2544 qua:
3193 2480 3467 2540 recenset,
3514 2479 3707 2545 posset

1998 2564 2223 2633 singula
2256 2563 2583 2617 minutatim
2635 2578 2940 2632 exponere,
2990 2567 3089 2616 aut
3117 2561 3501 2616 determinare
3551 2563 3704 2633 quod

1996 2652 2285 2720 sigillatim
2319 2651 2676 2720 signiﬁcent;
2711 2651 2888 2703 videri
2922 2666 3169 2719 namque
3225 2652 3485 2704 sufficere
3544 2652 3612 2713 si,
3642 2656 3706 2703 ut

1997 2740 2322 2811 philosophi
2354 2741 2684 2809 loquuntur,
2720 2739 3063 2792 determinet
3091 2753 3163 2790 an
3195 2754 3284 2791 res
3305 2738 3396 2803 sit,
3420 2755 3536 2791 non
3568 2739 3705 2792 item

1998 2845 2225 2898 semper
2242 2829 2379 2899 quid
2401 2827 2653 2898 qualisve
2669 2827 2759 2893 sit,
2794 2825 3111 2897 prmsertim
3138 2826 3236 2879 ubi
3255 2826 3535 2880 nonnulla
3566 2844 3705 2896 qua-

1999 2917 2044 2970 si
2079 2916 2436 2986 mnigmatice
2468 2916 2729 2969 intricata
2744 2915 3030 2968 videntur.
3065 2914 3205 2968 Rem
3229 2914 3490 2979 existere,
3514 2915 3705 2967 certis-

181 3021 307 3058 vam
338 3004 533 3075 itaque
564 3004 1007 3057 delineationem
1061 3004 1131 3058 de
1185 3003 1410 3073 integro
1469 3020 1768 3073 aggressus
1799 3009 1886 3056 est
1919 3007 1957 3060 C
1996 3005 2204 3058 simum
2232 3012 2319 3057 est
2352 3007 2614 3069 ;aatatem
2648 3003 2794 3073 ejus,
2818 3002 3114 3069 artiﬁcem,
3139 3001 3451 3056 fabricandi
3478 3018 3703 3055 causam

180 3088 448 3142 laudatus
517 3089 658 3143 mihi
720 3106 869 3160 sarpe
922 3091 1052 3145 Otto
1126 3092 1527 3161 Schugentius,
1610 3093 1888 3163 expressis

181 3177 354 3230 etiam
386 3183 507 3230 tum
543 3178 922 3247 pretiosorum
956 3179 1235 3249 lapidum,
1267 3186 1390 3233 tum
1432 3185 1769 3234 caeterorum
1802 3198 1888 3234 or-

180 3272 587 3319 namentorum
616 3267 898 3320 coloribus
932 3287 947 3333 ;
989 3267 1067 3321 sic
1115 3275 1176 3321 ut
1208 3268 1266 3322 in
1297 3285 1364 3321 ea
1402 3268 1544 3321 nihil
1576 3268 1886 3322 desiderari

180 3354 369 3408 testati
404 3354 517 3408 sint
549 3355 929 3410 oculatissimi
967 3356 1335 3426 inspectores,
1398 3356 1568 3410 toties
1598 3357 1766 3411 etiam
1802 3358 1887 3411 al-

179 3442 357 3512 legati
408 3444 550 3497 Clar.
598 3445 935 3514 Eppenauer
979 3451 1037 3498 et
1089 3445 1154 3500 Β.
1192 3447 1257 3501 Ρ.
1300 3446 1560 3499 Nicotaus
1593 3446 1785 3513 Pottu,
1818 3446 1888 3499 de

180 3532 347 3600 cujus
379 3532 596 3584 meritis
659 3532 796 3585 satis
834 3532 944 3586 dici
995 3548 1109 3587 non
1141 3539 1346 3603 potest.
1414 3535 1591 3587 Porro
1646 3535 1884 3601 colores,

180 3620 559 3689 quoadusque
607 3636 697 3673 ars
755 3621 877 3689 ejus
901 3620 1050 3685 tulit,
1113 3622 1360 3692 scalptor
1409 3622 1620 3674 referre
1652 3628 1890 3675 conatus

182 3693 297 3759 est.
336 3707 442 3771 Qui
474 3706 932 3777 Ludewigianam
961 3708 1274 3779 imaginem
1306 3726 1434 3762 cum
1468 3716 1657 3763 nostro
1691 3716 1889 3780 ectypo

182 3795 500 3856 conferent,
533 3812 646 3848 non
676 3812 848 3850 uuam
880 3797 1267 3851 diversitatem
1302 3799 1462 3851 facile
1485 3798 1887 3852 observabunt.

184 3882 386 3953 itaque
413 3884 753 3938 iconismum
782 3886 1070 3954 prwdictm
1104 3886 1296 3940 Crucis
1329 3887 1417 3939 hic
1450 3887 1699 3956 primum
1728 3887 1890 3940 exhi-

184 3971 439 4025 bendum
474 3972 690 4038 censui,
747 3974 836 4027 cui
868 3974 1093 4028 cimet’la
1149 3970 1261 4028 alia
1318 3976 1537 4044 adjecta
1589 3980 1739 4042 sunt,
1791 3991 1893 4029 suo

185 4060 361 4113 etiam
393 4060 594 4115 ordine
624 4062 989 4115 recensenda.

259 4149 344 4203 80.
380 4150 712 4203 tlenschenii
738 4151 907 4204 verba
934 4150 1023 4204 hic
1069 4151 1473 4221 prtemittenda
1504 4155 1654 4216 sunt,
1685 4151 1894 4222 quibus

185 4236 420 4291 sacras.
475 4238 843 4309 Cunegundis
899 4244 1288 4300 monumenta,
1344 4256 1374 4291 a
1415 4256 1472 4293 se
1524 4255 1713 4293 coram
1763 4256 1889 4309 spe-

185 4331 356 4392 ctata,
391 4342 753 4391 enumerans,
786 4328 865 4380 ita
914 4328 1172 4398 loquitur
1200 4328 1608 4382 Commentarii
1658 4328 1743 4380 sui
1777 4326 1804 4395 ξ
1837 4329 1887 4391 4,

186 4430 350 4468 num.
409 4416 475 4467 25
527 4431 539 4468 :
586 4414 807 4469 Addere
862 4416 1068 4484 placet,
1118 4415 1326 4486 inquit,
1374 4432 1503 4486 quas
1566 4416 1673 4485 ipsi
1732 4418 1892 4470 Bam-

182 4502 379 4573 bergaa
403 4502 649 4556 vidimus
681 4502 739 4555 in
772 4507 965 4557 monte
996 4503 1047 4557 S.
1086 4503 1392 4570 Michaelis,
1439 4504 1498 4556 in
1554 4505 1768 4573 templo
1791 4505 1886 4556 ab-

181 4590 403 4654 hatiati,
434 4590 643 4643 scilicet
674 4590 867 4643 dotem
899 4607 998 4645 seu
1053 4592 1540 4662 morghengabam
1575 4610 1602 4645 a
1633 4594 1687 4645 S.
1736 4592 1891 4646 Hen-

184 4680 305 4733 rico
338 4678 675 4749 Cunegundi
702 4679 892 4732 datam
927 4695 940 4745 ;
973 4696 1197 4733 crucem
1229 4697 1461 4735 auream
1491 4680 1681 4751 operis
1713 4681 1889 4733 Graaei

187 4766 594 4839 antiquissimi,
630 4766 710 4820 uti
731 4783 793 4820 ex
823 4768 1293 4839 inscriptionibus
1324 4776 1492 4840 atque
1544 4769 1891 4839 imaginibus

187 4865 696 4922 eratcognoscere.
736 4857 861 4910 Haec
885 4856 1154 4911 nimirum
1188 4863 1274 4911 est
1324 4859 1707 4929 receptissima
1738 4860 1889 4928 apud

189 4944 634 5015 Bambergenses
668 4944 920 5009 traditio,
980 4946 1409 5000 celeberrimam
1443 4948 1700 5015 Crucem,
1745 4948 1891 5000 mul-

188 5034 260 5086 tis
285 5049 587 5085 aureorum
616 5031 868 5086 millibus
890 5033 1252 5101 aastimatam,
1287 5034 1500 5088 donum
1540 5034 1687 5089 istud
1717 5035 1891 5089 fuisse

190 5121 339 5193 quod
372 5137 619 5191 sponsze,
651 5120 889 5187 Sanctae,
915 5127 1142 5176 sanctus
1162 5128 1218 5175 et
1242 5122 1381 5192 ipse,
1401 5123 1653 5192 Sponsus
1670 5123 1893 5177 dederit

189 5210 468 5280 postridie
499 5209 1007 5279 nuptiarum,inde
1045 5209 1197 5281 apud
1232 5212 1543 5265 Germmos
1572 5213 1893 5282 appellatur

191 5314 660 5364 IORGHBNGABAM,
714 5297 867 5369 quod
927 5300 1096 5353 latine
1155 5299 1506 5353 reddendum
1549 5308 1633 5353 est
1673 5302 1888 5355 donum

190 5388 537 5442 matutinum
568 5386 662 5453 (de
685 5402 799 5457 quo
832 5386 888 5440 in
919 5388 1572 5458 glossariisSpelmanni,
1606 5388 1807 5459 Cangii
1836 5396 1893 5443 et

190 5476 437 5529 aliorum
464 5475 630 5545 plura
660 5474 960 5546 invenies),
996 5475 1121 5546 ipsa
1150 5492 1283 5530 vero
1318 5476 1672 5532 sanctissima
1703 5478 1890 5549 Impe-

193 5564 370 5618 ratrix
404 5563 737 5628 ca'nobio,a
798 5579 854 5615 se
887 5579 1013 5618 cum
1077 5564 1333 5635 piissimo
1364 5565 1606 5637 conjuge
1634 5566 1885 5634 condito,

1995 3096 2052 3143 et
2083 3092 2388 3156 intentum,
2420 3091 2801 3160 adjunctaque
2827 3095 3033 3144 caetera
3076 3091 3395 3155 enucleare,
3427 3089 3534 3143 hoc
3564 3106 3708 3160 opus

1996 3179 2087 3231 hic
2127 3180 2312 3245 labor,
2349 3179 2437 3232 ha:
2465 3184 2595 3232 sunt
2624 3178 3012 3240 difﬁcultates,
3033 3194 3173 3248 quas
3205 3194 3238 3229 a
3265 3178 3496 3230 nemine
3517 3176 3704 3229 hacte-

1997 3274 2323 3333 nustactas,
2382 3267 2591 3321 nedum
2652 3268 2863 3320 solutas
2916 3265 3131 3319 inveni.
3193 3265 3409 3320 Citatus
3444 3266 3566 3332 jam
3611 3263 3711 3318 Lu.

1997 3356 2181 3426 dewig
2211 3358 2346 3410 satis
2374 3355 2573 3410 habuit
2610 3359 2667 3409 et
2698 3356 2934 3409 Crucem
2966 3359 3020 3406 et
3053 3353 3329 3407 nonnulla
3358 3353 3469 3405 alia
3503 3368 3708 3405 excusa

1995 3445 2229 3509 referre,
2284 3460 2530 3514 quorum
2582 3443 3022 3514 explicationem
3053 3442 3179 3495 aliis
3249 3439 3705 3509 investigandam

1997 3534 2308 3587 commisit.
2346 3535 2585 3587 Tentare
2613 3532 2826 3603 aliquid
2873 3530 3107 3601 juverit,
3159 3546 3226 3583 eo
3280 3530 3479 3581 saltem
3516 3543 3705 3598 operte

1998 3622 2182 3693 pretio
2212 3627 2275 3675 ut
2304 3622 2361 3675 id
2392 3622 2594 3692 igenus
2646 3626 3157 3675 monumentorum
3204 3616 3507 3688 peritiores
3535 3633 3707 3670 cona-

1998 3716 2118 3765 tum
2155 3717 2410 3764 nostrun.
2446 3714 2841 3781 promoveant.

2070 3803 2157 3854 82.
2194 3800 2271 3853 De
2302 3800 2563 3853 crucibus
2592 3798 2845 3869 antiquis
2876 3802 2999 3851 tum
3033 3796 3222 3863 nudis,
3258 3801 3320 3849 ut
3368 3794 3445 3849 ita
3483 3794 3703 3864 loquar,

2000 3895 2123 3944 tmn
2156 3890 2464 3943 humanam
2496 3888 2702 3943 Christi
2744 3888 2994 3957 efﬁgiem
3035 3886 3259 3939 afﬁxam
3293 3890 3707 3955 reprzesentan-

2002 3978 2173 4043 tibus,
2232 3980 2354 4031 fuse
2394 3977 2707 4047 disputavit
2768 3984 2963 4030 noster
3031 3974 3351 4045 Janningus
3392 3990 3449 4044 p.
3484 3988 3589 4039 m.,
3638 3971 3708 4023 de

2005 4066 2239 4120 Basilica
2266 4066 2534 4139 Vaticana
2563 4071 2833 4129 tractans,
2886 4070 3042 4118 tomo
3072 4080 3143 4117 vn
3175 4062 3329 4117 Junii
3358 4079 3391 4115 a
3422 4076 3551 4132 pag.
3587 4061 3703 4119 t/it.

2007 4172 2176 4209 unam
2212 4155 2363 4208 inter
2393 4155 2531 4209 alias
2582 4155 2835 4207 referens
2865 4160 3075 4207 nostrae
3132 4151 3265 4205 huic
3295 4151 3429 4203 satis
3481 4150 3707 4201 confor-

2006 4260 2179 4307 mem,
2213 4243 2412 4296 saltem
2442 4242 2591 4313 quod
2643 4257 2869 4294 crucem
2920 4240 3105 4309 ipsam
3151 4236 3472 4313 Christique
3502 4234 3707 4303 imagi-

2005 4332 2093 4385 nis
2122 4312 2577 4385 eﬁ'ormationem
2608 4330 2830 4391 attinet,
2881 4327 2974 4381 cui
3024 4342 3186 4396 pares
3234 4312 3371 4377 alias
3417 4322 3704 4391 assignat;

2003 4418 2305 4488 eidemque
2346 4434 2459 4471 non
2516 4419 2767 4471 multum
2812 4414 3102 4469 absimiles
3153 4411 3328 4467 habet
3380 4409 3709 4465 Lambecius

2003 4506 2059 4560 in
2096 4506 2442 4559 Bibliotheca
2503 4506 2758 4559 Czesarea
2820 4501 3263 4566 Vindobonensi,
3326 4500 3423 4554 lib.
3465 4502 3519 4565 2,
3575 4515 3704 4569 pag.

2001 4596 2104 4649 482
2135 4600 2193 4647 et
2221 4593 2377 4659 alibi,
2411 4598 2475 4647 ut
2498 4609 2729 4646 necesse
2769 4609 2887 4645 non
2921 4592 2993 4645 sit
3017 4592 3084 4646 de
3115 4608 3179 4644 ea
3238 4605 3297 4643 re
3326 4588 3417 4641 hic
3446 4587 3707 4659 pluribus

2001 4683 2336 4750 disceptare.
2371 4684 2610 4736 Etatem
2642 4681 3003 4752 potissimum
3040 4679 3353 4750 quaerimus
3406 4692 3522 4746 qua
3557 4677 3704 4729 lien-

2001 4772 2215 4825 riciana
2244 4772 2365 4825 ha‘c
2387 4778 2581 4823 nostro
2642 4769 2914 4823 fabricata
2960 4767 3178 4821 censeri
3226 4766 3423 4837 possit.
3460 4764 3515 4818 id
3555 4763 3705 4835 quod

2000 4861 2198 4913 saltem
2232 4860 2438 4912 saeculo
2498 4876 2525 4911 κ
2566 4858 2776 4911 factum
2811 4862 3054 4927 oportet,
3091 4856 3134 4908 si
3174 4871 3300 4909 eam
3331 4859 3558 4907 sanctus
3590 4853 3706 4905 Im-

2004 4948 2307 5020 peratorin
2376 4946 2863 5018 morghengaham
2924 4951 3132 4997 sancta:
3187 4942 3433 5012 Conjugi
3481 4940 3703 5005 obtulit,

2002 5038 2107 5091 sub
2138 5038 2325 5108 ipsum
2357 5036 2547 5091 saeculi
2595 5033 2954 5105 insequentis
3015 5032 3386 5103 principium,
3448 5046 3559 5100 qua
3590 5029 3709 5080 sola

2005 5126 2225 5179 ratione
2255 5141 2382 5179 cum
2419 5124 2771 5179 Henricianm
2840 5122 2966 5175 vita:
3001 5121 3147 5175 serie
3196 5119 3464 5189 componi
3523 5122 3708 5188 potest

2007 5214 2439 5285 Bambergensis
2472 5212 2724 5275 traditio,
2745 5211 3025 5282 quidquid
3051 5209 3261 5263 eruditi
3292 5206 3474 5260 critici
3506 5207 3709 5259 adver-

2003 5311 2221 5371 sentur,
2275 5303 2737 5373 contendantque
2787 5302 3106 5354 litterarum
3140 5312 3456 5368 gramarum
3505 5294 3708 5347 latina-

2002 5409 2248 5463 rumque
2293 5393 2601 5445 mixturam
2634 5390 2799 5443 istam
2858 5386 3177 5457 posteriora
3233 5384 3440 5438 sarcula
3486 5397 3708 5453 sapere,

2008 5480 2411 5534 additamentis
2440 5479 2656 5544 solidis,
2672 5476 2925 5532 nummis
2954 5480 3009 5529 et
3050 5475 3195 5540 aliis,
3226 5472 3558 5527 recentioris
3605 5471 3710 5525 aevi

2003 5584 2125 5623 esse
2176 5568 2383 5639 passim
2447 5574 2807 5635 censeantur,
2865 5562 3347 5637 quemadmodum
3409 5567 3463 5616 et
3516 5574 3710 5614 versus
