3938 6318
341 330 430 386 171

336 455 590 521 Leonini,
625 471 769 526 quos
813 453 1020 508 saeculo
1076 469 1108 506 x
1151 453 1209 506 in
1257 469 1359 505 usu
1399 451 1592 512 fuisse,
1644 450 1873 504 aliunde
1925 450 2030 504 de-
2059 452 2106 504 Α

337 544 643 600 monstrari
663 545 974 614 postulant.

405 636 492 688 83.
531 633 718 686 Liceat
746 630 884 684 mihi
917 631 1009 684 hic
1039 629 1373 699 opinionem
1403 644 1586 682 meam
1620 644 1717 682 seu
1749 629 2035 698 conjectu-

333 737 458 774 ram
510 720 750 774 candide
806 719 1085 788 proferre.
1137 717 1288 770 Nihil
1335 722 1630 786 tantopere
1688 717 1852 770 video
1883 717 2036 787 quod

331 809 562 862 credere
621 823 727 861 nos
782 811 932 859 vetet
990 805 1226 879 Crucem
1302 803 1506 873 ipsam,
1560 820 1860 874 quousque
1916 809 2036 858 tota

332 912 518 964 graeca
547 900 649 962 est,
709 895 776 948 ad
807 894 1079 946 saeculum
1114 909 1146 945 x
1196 892 1426 958 referre,
1483 892 1600 946 sive
1649 908 1716 946 ea
1773 893 1833 946 in
1858 894 2034 946 veteri

333 984 566 1049 Graecia,
620 983 737 1036 sive
785 985 844 1034 in
901 983 1100 1050 Magna
1157 981 1329 1034 Italiae
1392 996 1492 1034 seu
1546 982 1770 1050 Apulia,
1830 982 1944 1033 sive
2003 999 2035 1034 a

333 1071 540 1124 Graecis
571 1069 877 1123 artiﬁcibus
907 1068 964 1121 in
1001 1069 1122 1138 ipsa
1163 1067 1464 1121 Germania
1516 1067 1786 1120 fabricata
1839 1067 2030 1132 fuerit,

333 1175 463 1229 quas
496 1160 554 1212 in
577 1157 631 1212 S.
684 1157 910 1211 Henrici
955 1172 1159 1209 manus
1216 1156 1559 1225 pervenerit,
1612 1161 1906 1224 tamquam
1942 1172 2034 1209 sa-

331 1264 490 1301 crum
540 1245 972 1317 pretiosumque
1025 1244 1340 1309 cimelium,
1399 1250 1709 1314 antequam
1745 1243 1813 1297 ad
1871 1245 2028 1297 thro—

332 1351 466 1387 num
499 1334 834 1386 eveheretur
867 1349 878 1386 :
911 1331 1130 1386 dederit
1150 1332 1296 1385 istud
1324 1332 1445 1402 ipse
1487 1332 1855 1385 sanctissimae
1885 1333 2030 1386 Cun-

325 1423 485 1493 jugi;
519 1423 641 1476 haec
688 1437 842 1486 vero,
898 1422 982 1474 vel
1018 1426 1360 1474 testamento
1404 1421 1494 1475 vel
1545 1421 1656 1474 alia
1701 1421 2027 1488 donatione,

330 1513 478 1582 apud
539 1511 844 1564 monachos
898 1526 1028 1562 suos
1080 1509 1422 1564 Michaelitas
1475 1509 1686 1562 servari
1737 1511 2027 1574 voluerit;

331 1601 553 1653 Graecas
586 1605 840 1662 eatenus,
901 1614 1002 1650 nec
1046 1597 1190 1651 forte
1243 1597 1415 1651 sacris
1462 1597 1644 1651 adhuc
1690 1598 1886 1652 usibus
1926 1601 2030 1654 de-

330 1694 607 1759 putatam.
644 1686 835 1740 Fuerit
872 1685 1112 1739 subinde
1142 1686 1314 1739 abbas
1361 1686 1568 1756 aliquis
1614 1687 1712 1756 qui
1751 1688 2032 1758 pretiosis-
2062 1723 2101 1776 Β

336 1776 546 1829 simum
581 1779 1016 1828 monumentum
1068 1774 1182 1827 ritu
1226 1775 1511 1828 Catholico
1569 1776 1629 1828 in
1663 1778 2031 1846 processioni-

328 1865 435 1918 bus
465 1863 817 1916 circumferri
837 1879 1005 1933 posse
1036 1861 1341 1928 censuerit,
1363 1865 1757 1934 aptaveritque
1787 1867 2031 1935 proinde

329 1951 695 2006 manubrium
717 1968 814 2005 seu
848 1951 1120 2021 perticam
1166 1955 1497 2020 argenteam
1545 1951 1636 2005 cui
1686 1952 1741 2007 id
1771 1954 2030 2025 impone-

329 2047 504 2106 retur,
536 2046 704 2110 atque
733 2040 804 2094 ad
835 2039 1221 2093 renovandam
1286 2039 1601 2093 identidem
1651 2041 2032 2097 sanctissimo-

326 2145 457 2183 rum
512 2130 877 2183 fundatorum
934 2128 1292 2195 memoriam,
1363 2127 1573 2181 latinos
1626 2128 1762 2182 istos
1837 2147 2030 2185 versus

325 2216 772 2271 circumduxerit
805 2233 816 2270 :
851 2239 870 2264 ι
897 2218 1025 2270 Jesu
1060 2217 1277 2270 Christe
1305 2216 1519 2269 bonum
1552 2217 1803 2271 clemens
1834 2220 2030 2274 Crucis

323 2304 516 2374 accipe
546 2303 786 2370 donum,
827 2303 978 2373 quod
1011 2303 1167 2356 dabit
1189 2303 1484 2357 Heinricus
1540 2305 1669 2374 pius
1729 2307 1913 2360 Caesar
1950 2313 2030 2362 at-

321 2407 434 2461 que
456 2392 757 2456 secundus,
793 2390 894 2444 nin
918 2390 1194 2461 quibusid
1213 2392 1397 2444 solum
1426 2391 1706 2462 displicet,
1737 2397 1890 2464 quod
1922 2413 2026 2466 pro

320 2478 498 2542 dabit,
525 2478 710 2548 potius
771 2494 890 2531 non
948 2477 1240 2548 scripserit
1283 2478 1454 2544 dedit,
1511 2479 1595 2532 uti
1634 2487 1784 2534 certe
1837 2481 2026 2537 dicere

321 2565 532 2628 debuit,
578 2565 623 2618 si
653 2566 707 2619 id
742 2572 864 2618 tum
891 2566 1059 2618 scribi
1086 2565 1256 2635 jussit
1282 2566 1418 2619 dum
1443 2566 1678 2621 Crucem
1709 2576 2024 2640 acceperat,

325 2654 437 2707 Hoc
465 2659 630 2723 pacto
661 2653 948 2707 evitantur
1005 2653 1390 2719 difficultates,
1447 2671 1588 2725 quas
1636 2661 1830 2711 tamen
1860 2659 2025 2713 aliter

321 2741 495 2794 etiam
542 2743 757 2794 solvere
788 2758 845 2794 se
876 2757 1040 2811 posse
1073 2741 1515 2810 Bambergenses
1537 2744 1877 2801 existimant.

391 2829 479 2882 84.
525 2829 718 2898 Neque
764 2844 895 2883 vero
954 2845 1134 2898 usque
1187 2829 1326 2882 adeo
1383 2829 1805 2886 abhorrendum
1838 2839 1924 2887 est
1951 2835 2021 2888 ab

319 2932 383 2968 ea
414 2931 730 2985 gramarum
763 2917 1189 2986 latinarumque
1228 2916 1549 2971 litterarum
1595 2921 2015 2986 commixtione,

1635 329 1688 382 S.
1736 325 2024 382 lIENRlCI
2067 323 2544 380 IMPERATORIS
3749 329 3813 380 t7

3822 327 3855 378 '2

2216 450 2370 503 Inter
2397 463 2572 518 opum
2617 447 2796 501 varias
2836 463 3016 519 prono
3035 447 3104 502 de
3136 452 3362 519 pectore
3393 463 3585 518 gazas,

2217 537 2434 591 Obtulit
2462 538 2613 590 hunc
2643 536 2850 590 librum
2883 536 3071 589 divina
3095 538 3218 606 lege
3251 536 3524 590 refertum
3554 554 3567 591 :

2219 625 2424 678 Plenus
2455 640 2647 678 amore
2682 625 2800 688 Dei,
2831 624 2961 694 pius
2994 623 3051 678 in
3089 624 3326 678 donaria
3358 624 3581 694 templi,

2219 713 2286 766 Ut
2314 712 2388 765 sit
2419 718 2760 783 perpetuum
2799 713 2968 765 decus
2998 711 3109 766 illic
3137 727 3307 765 omne
3331 727 3431 782 per
3461 727 3645 766 aevum

2218 799 2485 869 Princeps
2514 800 2799 866 Ecclesiae,
2823 799 3065 854 caelestis
3095 800 3344 870 claviger
3373 801 3542 868 aulae,

2215 891 2257 943 0
2288 891 2618 956 Petre,cum
2648 890 2819 942 Paulo
2853 890 3040 958 gentis
3077 889 3306 942 doctore
3339 890 3610 960 benigno,

2215 980 2377 1032 Hunc
2407 978 2510 1032 tibi
2541 978 2807 1033 devotum
2858 994 3023 1048 prece
3076 979 3161 1031 fac
3201 994 3375 1048 super
3405 985 3557 1032 astra
3590 979 3856 1046 beatum,

2215 1069 2354 1120 Cum
2386 1065 2722 1137 Cunigunda
2753 1065 2861 1120 sibi
2889 1071 3273 1136 conregnante
3304 1083 3525 1120 serena.

2213 1155 2329 1208 Hoc
2387 1157 2571 1222 Pater,
2621 1155 2726 1208 hoc
2755 1155 2951 1222 Natus,
3012 1171 3232 1208 necnon
3279 1161 3336 1208 et
3388 1155 3632 1224 Spiritus
3661 1157 3859 1209 almus

2213 1247 2441 1298 Annuat
2465 1244 2692 1297 aeternis
2723 1259 2950 1314 semper
2983 1244 3125 1296 Deus
3149 1243 3418 1296 omnibus
3461 1244 3628 1297 imus.

2213 1334 2299 1386 85.
2337 1332 2604 1402 Expende
2655 1332 2758 1385 hos
2807 1347 3000 1385 versus
3056 1339 3339 1403 quantum
3391 1332 3646 1400 libuerit,
3699 1332 3856 1388 nihil

2142 1436 2209 1473 ex
2232 1419 2370 1491 ipsis
2393 1419 2628 1474 extundi
2674 1436 2841 1489 posse
2903 1419 3128 1474 videtur
3181 1421 3334 1491 quod
3392 1437 3508 1475 non
3537 1421 3598 1476 S.
3637 1421 3858 1475 Henri-

2141 1524 2268 1562 cum
2302 1508 2583 1562 viventem
2613 1507 2799 1562 adhuc
2819 1512 2875 1562 et
2895 1508 3257 1577 superstitem
3291 1508 3548 1562 redoleat
3579 1525 3592 1575 ;
3629 1515 3693 1562 ut
3713 1509 3855 1563 inde

2141 1595 2276 1649 satis
2343 1601 2494 1650 recte
2557 1603 2803 1666 arguant
2871 1595 3314 1666 Bambergenses
3387 1597 3530 1650 nihil
3605 1613 3728 1650 esse
3790 1598 3854 1651 in

2142 1685 2316 1739 Cruce
2349 1699 2552 1754 greca,
2585 1701 2702 1754 quo
2731 1683 2801 1737 ad
2833 1683 3113 1754 posterius
3139 1687 3412 1738 saxulum
3444 1685 3654 1739 retrahi
3685 1702 3854 1740 com-

2145 1775 2406 1843 pellatur,
2439 1772 2669 1842 quando
2697 1773 2858 1842 paria
2882 1772 3074 1825 omnia
3103 1772 3162 1825 in
3212 1772 3371 1826 theca
3405 1773 3852 1843 Evangeliorum

2142 1859 2526 1930 reperiuntur.
2575 1859 2659 1913 Ad
2724 1860 2784 1913 id
2843 1866 3034 1913 autem
3081 1860 3234 1930 quod
3292 1861 3474 1914 critici
3525 1861 3850 1926 clamitant,

2141 1965 2352 2002 nomen
2417 1949 2642 2004 Caesaris
2699 1964 2762 2001 ac
2815 1947 3271 2002 additamentum
3339 1949 3562 2003 secundi
3617 1957 3714 2003 aut
3756 1954 3855 2019 pii

2141 2036 2479 2090 Henriciano
2509 2037 2714 2089 saeculo
2760 2052 2876 2090 non
2929 2037 3243 2089 obtinuisse
3299 2037 3358 2090 in
3405 2037 3674 2103 nummis,
3745 2043 3854 2093 aut

2139 2127 2341 2179 saltem
2378 2141 2639 2178 nummos
2667 2125 2807 2177 tales
2836 2141 2950 2178 non
2985 2125 3226 2178 inveniri
3261 2141 3275 2178 :
3328 2126 3673 2195 respondent
3692 2127 3852 2181 Cru—

2137 2214 2216 2267 cis
2246 2213 2518 2280 vindices,
2549 2217 2604 2265 et
2649 2217 2799 2265 recte
2854 2211 3111 2265 sufﬁcere
3168 2213 3319 2282 quod
3373 2229 3455 2266 ea;
3506 2214 3849 2284 appellatio-

2135 2301 2317 2355 nesin
2368 2300 2774 2371 diplomatibus
2805 2299 3012 2354 diserte
3065 2303 3466 2368 exprimantur
3516 2306 3580 2355 ut
3627 2303 3845 2357 artiﬁci

2135 2389 2222 2441 vel
2253 2387 2496 2442 additori
2519 2388 2652 2440 vitio
2680 2387 3016 2441 vertendum
3072 2405 3188 2442 nun
3221 2388 3310 2449 sit,
3349 2389 3501 2459 quod
3556 2389 3624 2442 iis
3656 2390 3848 2444 titulis

2132 2478 2186 2531 S.
2224 2477 2524 2530 Henricum
2551 2474 2860 2536 ornaverit,
2921 2476 3147 2529 tametsi
3193 2492 3307 2529 non
3349 2478 3578 2546 proprie
3629 2494 3842 2531 secun-

2131 2567 2236 2621 dus
2264 2565 2443 2618 istius-
2485 2564 2733 2618 nominis
2793 2565 3110 2633 Imperator
3155 2565 3250 2618 sed
3309 2566 3530 2635 primus
3573 2565 3680 2620 dici
3738 2567 3845 2620 de-

2131 2653 2338 2708 buerit.
2369 2652 2459 2706 Sic
2488 2658 2544 2706 et
2601 2651 2687 2706 Pii
2747 2668 3029 2722 agnomen
3087 2653 3140 2707 S.
3194 2654 3562 2724 Imperatoris
3590 2655 3718 2708 vivo
3747 2657 3843 2709 in-

2131 2742 2314 2796 ditum
2348 2739 2718 2811 probatClar.
2781 2741 3110 2810 Eppenaver
3165 2756 3227 2794 ex
3285 2741 3688 2811 diplomatibus
3735 2761 3845 2799 seu

2130 2829 2444 2900 privilegiis
2495 2845 2563 2882 eo
2613 2833 2870 2898 tempore
2925 2829 3226 2895 concessis,
3291 2830 3346 2882 in
3420 2847 3668 2901 quorum
3718 2849 3842 2886 uno

2129 2917 2266 2971 anni
2298 2920 2430 2971 l0l7
2461 2931 2755 2986 expressos
2787 2931 2884 2969 eos
2914 2917 3192 2970 terminos
3240 2917 3458 2980 recitat,
3506 2920 3604 2972 sub
3641 2925 3838 2989 patri-

316 3019 446 3056 cum
477 3005 563 3056 vel
596 3020 662 3056 eo
694 3019 872 3073 usque
919 3005 1176 3073 pruritus
1234 3003 1329 3056 ille
1378 3005 1714 3074 graecizandi
1762 3008 2016 3064 obscuris
2049 3003 2088 3058 C
2126 3009 2300 3060 monia
2329 3007 2569 3074 piissimi
2620 3006 2966 3074 Imperatoris
3021 3007 3254 3072 Henrict,
3289 3013 3393 3060 etc.
3429 3009 3493 3061 Et
3539 3009 3660 3062 hac
3692 3010 3840 3079 qui-

316 3091 538 3144 smculis
596 3091 918 3157 invaluerit,
953 3097 1018 3146 ut
1073 3097 1349 3162 receptae
1391 3093 1600 3147 Latinis
1657 3098 2015 3153 nominalit-

314 3179 593 3232 terisislis
619 3180 959 3249 exprimere,
1017 3181 1210 3234 nescio
1264 3180 1403 3251 quid
1432 3183 1774 3238 eruditionis
1803 3202 1920 3256 prae
1955 3205 2014 3242 se

310 3265 455 3321 ferre
483 3267 790 3333 videretur,
825 3273 885 3322 ut
919 3268 1093 3321 habes
1121 3269 1182 3321 in
1220 3275 1516 3339 segmento
1570 3271 1673 3324 sub
1725 3273 1914 3329 littera
1945 3278 2007 3343 D,

309 3370 424 3425 quo
449 3360 895 3425 repraesentatur
919 3357 1276 3426 operculum,
1314 3365 1678 3428 compactura
1708 3376 1808 3414 seu
1847 3363 2010 3419 theca

305 3443 514 3497 extima
577 3443 932 3515 praegrandis
981 3445 1290 3499 voluminis
1354 3446 1776 3502 menibranacei
1824 3453 2004 3506 conti-

304 3532 494 3585 nentis
530 3533 736 3604 scripta
765 3534 1088 3604 Evangelia,
1146 3550 1248 3605 per
1298 3538 1483 3589 totum
1527 3552 1764 3605 annum,
1803 3540 1883 3592 uti
1913 3541 2005 3594 lo-

297 3617 552 3688 quimur,
583 3621 911 3688 currentia;
941 3623 1103 3692 cujus
1159 3623 1335 3676 thecae
1391 3631 1626 3678 ornatus
1665 3643 1779 3680 non
1812 3629 2002 3684 minus

299 3702 670 3760 admirandus
698 3707 788 3760 est
815 3723 988 3778 quam
1015 3709 1316 3778 pretiosus,
1342 3713 1398 3763 et
1418 3711 1574 3780 quod
1588 3711 1668 3765 rei
1693 3721 1866 3784 caput
1894 3721 1998 3786 est,

293 3791 502 3863 hicque
533 3793 780 3849 maxime
829 3795 1126 3866 quaeritur,
1157 3797 1384 3850 ornatui
1416 3797 1590 3852 totius
1637 3801 1830 3854 Crucis
1864 3819 1995 3872 per-

295 3879 518 3950 similis,
545 3882 642 3936 ubi
672 3897 856 3952 graeca
885 3887 941 3936 et
971 3883 1148 3937 latina
1180 3884 1490 3939 commixta
1533 3886 1794 3956 intueris,
1831 3894 1993 3962 quasi

293 3967 340 4020 si
389 3975 716 4024 sanctorum
765 3971 1170 4041 Apostolorum
1243 3973 1478 4027 nomina
1524 3975 1718 4030 latinis
1789 3978 1992 4034 litteris

288 4057 510 4124 efferre,
569 4058 860 4128 piaculum
921 4060 1141 4113 censeri
1188 4067 1396 4131 posset.
1459 4063 1750 4126 Quadrum
1780 4067 1839 4121 in
1875 4086 1992 4123 me-

285 4145 381 4199 dio
410 4145 727 4199 eburneum
759 4153 863 4212 est,
921 4146 981 4200 in
1039 4163 1152 4218 quo
1212 4149 1478 4219 mysteria
1526 4151 1730 4208 Christi
1779 4159 1986 4226 sepulti

281 4239 338 4287 et
367 4235 721 4304 resurgentis
753 4235 1044 4305 eleganter
1072 4236 1256 4290 excisa
1289 4237 1574 4294 visuntur.
1615 4242 1790 4296 Porro
1816 4261 1982 4299 orna-

279 4327 371 4374 tus
401 4323 654 4394 reliquus
698 4324 758 4378 in
787 4324 978 4378 limbis
1032 4325 1351 4395 latioribus,
1410 4328 1630 4398 quadro
1670 4331 1982 4388 circumda-

276 4409 368 4475 tis,
401 4416 457 4463 et
487 4412 727 4464 materia
783 4418 842 4466 et
878 4411 1119 4467 artiﬁcio
1163 4413 1271 4484 ipsi
1323 4416 1540 4486 quadro
1603 4418 1671 4472 ad
1703 4421 1975 4476 amussim

275 4499 594 4567 respondet.
631 4499 813 4552 Limbi
866 4499 976 4570 ipsi
1029 4517 1170 4554 auro
1225 4519 1326 4556 seu
1358 4505 1597 4558 lamellis
1641 4508 1847 4574 aureis,
1880 4525 1977 4563 en-

271 4586 521 4639 caustico
553 4591 609 4639 et
637 4587 857 4640 musivo
889 4605 1062 4658 opere
1118 4591 1421 4645 elaboratis
1470 4599 1747 4661 constant,
1799 4597 1973 4652 inser-

270 4673 342 4726 tis
372 4673 499 4727 istic
527 4674 699 4728 etiam
760 4675 1024 4745 pretiosis
1053 4676 1357 4746 lapidibus.
1420 4681 1646 4751 Efﬁgies
1694 4699 1913 4752 omnes,
1939 4703 1969 4738 e

268 4760 480 4830 quibus
509 4777 680 4815 unam
712 4763 892 4816 solam
946 4764 1260 4831 reddimus,
1305 4767 1422 4821 sive
1477 4769 1794 4837 materiam,
1854 4774 1967 4827 sive

265 4849 532 4916 formam,
563 4850 678 4904 sive
708 4851 1062 4906 characteres
1092 4859 1329 4924 spectes,
1365 4855 1436 4910 iis
1495 4857 1805 4913 simillimas
1835 4869 1966 4917 sunt

262 4953 391 5008 qua:
414 4937 474 4991 in
506 4941 681 4993 Cruce
711 4940 1057 5011 referuntur,
1092 4947 1152 4996 ut
1182 4943 1446 4997 eumdem
1498 4961 1602 4999 seu
1643 4953 1810 5001 aetate
1840 4966 1964 5020 pro-

257 5025 474 5079 ximum
527 5027 805 5081 artiﬁcem
859 5029 1096 5084 omnino
1153 5047 1351 5100 sapere
1405 5032 1725 5089 videantur.
1786 5038 1961 5093 Porro

253 5109 466 5166 librum
497 5112 672 5166 istum
735 5114 1171 5186 Evangeliorum
1201 5118 1254 5172 S.
1309 5119 1536 5172 Henrici
1577 5127 1834 5191 tempore
1865 5141 1957 5180 ex-

249 5198 477 5266 stitisse,
509 5199 661 5255 haud
693 5200 930 5255 obscure
985 5203 1252 5258 evincunt
1280 5221 1476 5260 versus
1532 5206 1593 5260 in
1636 5208 1824 5278 prima
1880 5211 1958 5266 fa-

243 5285 328 5338 cie
359 5303 533 5341 aureo
561 5288 886 5344 charactere
909 5293 1114 5362 majori
1155 5293 1367 5363 (qualis
1397 5299 1481 5348 est
1526 5310 1825 5351 GRAMMATA
1858 5315 1954 5359 om

240 5375 470 5441 sapam)
499 5375 557 5428 in
589 5376 743 5430 hunc
771 5379 1004 5433 modum
1024 5379 1297 5450 descripti
1321 5397 1336 5433 :

232 5535 238 5539 ι
308 5460 422 5514 Rex
456 5463 752 5518 Heinricus
782 5482 975 5530 ovans,
1012 5467 1148 5522 ﬁdei
1175 5469 1474 5538 splendore
1507 5487 1835 5542 coruscans,

305 5548 577 5605 Maximus
610 5551 857 5624 imperio
902 5555 1115 5610 fruitur
1143 5572 1258 5626 quo
1295 5573 1538 5629 prosper
1567 5562 1716 5614 avito
1747 5582 1762 5631 ;

2125 3095 2253 3149 dem
2287 3094 2356 3148 ad
2413 3092 3030 3163 superabundantiam:
3085 3110 3214 3147 cum
3247 3101 3364 3148 tota
3401 3112 3603 3165 graecae
3634 3097 3839 3152 Crucis

2123 3188 2371 3236 vetustas
2403 3181 2670 3245 salvetur,
2711 3181 2938 3234 tametsi
2967 3181 3144 3235 latina
3186 3183 3478 3254 inscriptio
3539 3185 3837 3255 adjectitia

2119 3287 2239 3325 esse
2271 3276 2646 3342 supponatur.
2681 3270 2754 3322 De
2795 3269 3032 3323 adversa
3058 3271 3254 3324 Crucis
3307 3280 3469 3341 parte
3497 3273 3554 3327 id
3589 3290 3833 3330 monere

2119 3359 2380 3424 sufﬁciat,
2433 3357 2832 3428 repraesentari
2879 3357 3008 3412 istic
3052 3359 3156 3412 sub
3207 3363 3368 3430 Agno
3404 3361 3522 3427 Dei,
3558 3363 3650 3416 cui
3681 3365 3828 3418 insi-

2114 3448 2212 3503 stit
2240 3453 2425 3502 statua
2461 3446 2566 3500 sub
2599 3445 2781 3500 littera
2830 3446 2890 3512 F,
2921 3445 2976 3500 S.
3039 3448 3342 3503 Henricum
3390 3456 3634 3504 stantem
3664 3469 3828 3517 .cum

2111 3538 2279 3592 titulo
2339 3535 2696 3605 Imperatoris
2747 3537 3000 3601 Augusti
3053 3535 3204 3589 inter
3260 3537 3518 3607 symbola
3569 3547 3825 3609 quatuor

2115 3623 2654 3694 Evangelistarum:
2711 3637 2838 3692 quae
2898 3623 3180 3694 posterius
3245 3627 3611 3696 superaddita
3668 3646 3816 3697 esse,

2111 3713 2557 3782 Bambergenses
2612 3710 2742 3781 ipsi,
2801 3709 2911 3764 nisi
2969 3713 3340 3768 vehementer
3413 3714 3599 3782 fallor,
3652 3717 3818 3773 facile

2105 3799 2465 3856 concesserit.

2175 3893 2262 3944 86.
2295 3889 2626 3958 Snspicatur
2667 3902 2780 3940 non
2840 3904 3008 3942 nemo
3065 3891 3255 3945 Crucis
3309 3891 3474 3946 istius
3530 3893 3810 3950 artiﬁcem

2102 3984 2159 4032 et
2219 3977 2550 4048 imperitum
2597 3976 2768 4030 fuisse
2812 3975 2873 4030 in
2925 3979 3126 4048 graecis
3181 3985 3330 4033 recte
3396 3982 3806 4051 exprimendis,

2100 4067 2236 4120 dum
2266 4083 2368 4138 pro
2401 4070 2570 4130 YIOC,
2607 4069 2803 4123 scribit
2858 4070 3004 4123 YOC.
3068 4085 3172 4140 pro
3229 4074 3605 4128 ΝΙΚΟΛΛΟΟ.
3643 4075 3809 4142 ponit

2097 4157 2463 4214 NIKOAAOC,
2494 4163 2551 4211 et
2580 4158 2723 4212 forte
2742 4175 2855 4212 non
2885 4159 3020 4212 satis
3080 4157 3491 4226 Christianum,
3544 4161 3645 4230 qui
3696 4163 3804 4216 sub

2098 4245 2347 4316 speciosa
2377 4247 2676 4316 religionis
2707 4248 2881 4311 larva,
2940 4263 3057 4302 non
3101 4248 3246 4302 nihil
3289 4248 3454 4319 impii
3509 4250 3802 4305 involvere

2094 4333 2356 4401 voluerit,
2388 4334 2726 4390 Sanctorum
2763 4337 2982 4407 effigies
3031 4337 3283 4392 referens
3338 4340 3551 4408 absque
3583 4342 3802 4410 praevia

2089 4421 2378 4476 tritissima
2405 4423 2650 4478 formula
2679 4426 2704 4476 6
2735 4429 2844 4492 ΑΓ,
2900 4427 3052 4496 quod
3079 4427 3286 4481 Graecis
3339 4427 3674 4483 Christianis
3706 4428 3800 4482 in-

2085 4511 2314 4563 solitum
2348 4527 2468 4564 esse
2525 4514 2834 4568 contendit.
2884 4515 3056 4585 Magis
3109 4515 3161 4569 ei
3212 4516 3476 4586 displicet
3529 4517 3801 4572 icuncula

2084 4597 2141 4651 in
2173 4599 2369 4652 dextro
2403 4601 2594 4654 Crucis
2621 4603 2814 4670 latere,
2846 4607 3009 4674 cujus
3041 4605 3338 4675 inscriptio
3369 4611 3627 4659 accurate
3660 4610 3796 4662 red-

2079 4686 2234 4740 ditur
2260 4687 2318 4741 in
2352 4687 2775 4759 Schugentiana
2823 4693 3205 4748 delineatione
3234 4700 3276 4745 O
3307 4696 3378 4746 θῶ
3410 4700 3628 4762 AlI‘OC,
3667 4698 3793 4766 (ex-

2077 4790 2274 4844 presso
2297 4792 2327 4829 L
2355 4792 2455 4846 pro
2472 4781 2508 4827 Γ
2533 4782 2590 4830 et
2613 4777 2792 4831 ferme
2823 4795 2855 4833 υ
2885 4797 2988 4850 pro
3021 4781 3084 4848 C)
3114 4781 3268 4851 quod
3319 4784 3602 4853 explicatu
3633 4784 3790 4838 difﬁ-

2074 4863 2354 4918 cillimum
2372 4870 2478 4928 est,
2495 4864 2612 4918 sive
2635 4867 2706 4917 θῶ
2719 4868 3034 4938 conjungas
3064 4884 3193 4922 cum
3216 4873 3436 4938 AII‘OC,
3471 4871 3586 4924 sive
3605 4871 3791 4926 diver-

2072 4966 2161 5004 sas
2213 4967 2378 5005 voces
2425 4951 2806 5008 efformandas
2866 4971 3115 5011 censeas.
3159 4958 3216 5013 Si
3247 4959 3629 5028 conjunxeris,
3689 4962 3781 5015 ni-

2071 5035 2149 5090 hil
2181 5037 2528 5108 signiﬁcabit
2563 5042 2944 5107 ;sidiviseris,
2975 5043 3188 5112 poterit
3216 5049 3436 5114 AII‘Oc,
3477 5048 3654 5117 accipi
3676 5065 3784 5118 pro

2069 5130 2334 5195 AOIFOC,
2370 5144 2499 5198 quae
2529 5131 2998 5200 pronuntiatione
3029 5134 3400 5203 conveniunt,
3423 5141 3662 5206 tumque
3694 5136 3783 5191 in-

2067 5213 2288 5284 signem
2327 5216 2745 5288 blasphemiam
2795 5220 3064 5288 involvet,
3124 5239 3298 5293 quam
3354 5224 3446 5277 hic
3489 5241 3779 5296 exponere

2065 5304 2428 5372 supersedeo,
2455 5321 2584 5359 cum
2618 5307 2679 5360 in
2718 5307 2952 5362 artiﬁcis
3003 5318 3255 5365 mentem
3307 5327 3626 5384 numquam
3680 5314 3778 5368 in-

2061 5391 2261 5446 cidisse
2318 5394 2687 5450 existimem:
2734 5397 2933 5452 malim
2990 5399 3180 5470 ipsum
3233 5401 3540 5472 imperitiae
3593 5419 3773 5474 quam

2059 5482 2312 5534 enormis
2369 5484 2603 5538 malitia».
2661 5501 2926 5555 arguere.
2982 5487 3194 5552 Quidni
3239 5491 3366 5545 istic
3396 5501 3764 5561 agnoscatur,

2055 5568 2108 5622 S.
2141 5569 2383 5624 Joannes
2439 5572 2791 5643 Evangelista
2847 5576 2918 5626 θῶ
2978 5582 3216 5648 AOI‘OC,
3267 5578 3385 5649 jam
3440 5595 3631 5640 senex.
3673 5588 3766 5638 ta-

2957 5701 2985 5716 σιν
