3938 6378
160 389 247 441 I73
1805 387 1999 441 ACTA.

3549 394 3648 447 174

147 510 294 563 metsi
325 515 391 564 ut
426 510 629 581 junior
658 509 716 564 in
759 508 946 564 medio
986 514 1429 580 repraesentetur
1467 512 1497 564 ?
1546 513 1705 564 Certe
1753 526 1844 564 ve-
1872 513 1919 565 Α
1956 528 2290 582 comparare
2322 513 2595 583 potuerit,
2623 514 2719 568 ubi
2759 520 2842 568 tot
2871 514 2983 569 alia
3028 516 3440 585 pretiosissima
3473 519 3643 586 dona,

144 598 378 652 rosimile
404 598 462 652 id
510 597 698 653 reddit
733 598 994 652 icuncula
1025 598 1228 652 similis
1252 598 1506 666 ejusdem
1541 599 1730 652 Sancti
1764 613 1829 652 ex

143 686 287 739 theca
317 685 774 756 Evangeliorum,
825 686 923 740 ubi
964 686 1162 740 eadem
1210 686 1388 741 ferme
1420 687 1667 741 habetur
1712 687 1832 756 epi-

141 775 362 844 graphe,
411 775 901 845 quemadmodum
950 776 1043 829 hic
1091 780 1227 829 satis
1275 777 1423 830 clare
1469 776 1739 846 perspicis
1773 777 1832 830 in

140 863 450 932 grandioris
483 862 751 933 imaginis
781 867 1111 917 assumento
1144 864 1249 916 sub
1294 864 1481 917 littera
1530 865 1587 917 E.
1626 865 1833 917 Demus

141 951 363 1020 aliquid,
398 951 656 1017 obsecro,
708 950 899 1004 saeculi
946 952 1113 1005 istius
1147 951 1403 1016 ruditati,
1435 951 1830 1022 fateamurque

141 1039 601 1110 orthographiam
625 1055 869 1109 graecam
902 1055 1019 1093 non
1064 1039 1206 1094 adeo
1238 1038 1501 1093 calluisse
1526 1039 1827 1103 artiﬁcem,

145 1134 334 1181 utnon
360 1128 496 1181 hinc
521 1127 653 1181 inde
695 1133 793 1181 aut
831 1143 1062 1181 excessu
1107 1132 1205 1180 aut
1250 1127 1470 1181 defectu
1522 1127 1829 1196 cespitave-

144 1218 338 1280 rit;nt
381 1216 557 1269 habes
608 1215 666 1268 in
725 1215 848 1286 ipsa
896 1217 1014 1285 jam
1066 1215 1235 1268 citata
1294 1214 1576 1282 icuncula,
1620 1214 1679 1267 in
1720 1230 1834 1284 qua

142 1304 359 1358 difﬁcile
390 1310 479 1357 est
505 1303 750 1375 syllabas
782 1308 930 1357 recte
959 1309 1313 1357 connectere.
1365 1303 1645 1356 Caeterum
1677 1308 1833 1357 utro-

142 1394 302 1463 bique
333 1392 603 1446 eumdem
633 1392 922 1456 Sanctum,
953 1408 1203 1462 eumque
1264 1391 1486 1445 radiato
1516 1391 1700 1461 capite
1731 1407 1827 1445 ex-

143 1481 313 1537 hiberi
350 1498 364 1547 ;
394 1480 441 1533 si
472 1496 589 1534 non
643 1480 881 1535 omnino
931 1486 1172 1545 certum,
1231 1479 1433 1533 saltem
1461 1478 1831 1533 verosimilli-

140 1584 287 1621 mum
318 1573 423 1621 est.

197 1656 575 1710 87.1cuncnla
632 1657 689 1709 in
719 1655 830 1709 alia
884 1655 1077 1708 Crucis
1134 1672 1232 1707 seu
1296 1653 1522 1707 sinistra
1571 1654 1832 1706 extremi-

135 1748 235 1796 tate
282 1743 580 1807 collocata,
630 1758 817 1812 neque
871 1740 932 1795 in
959 1742 1340 1795 delineatione
1400 1739 1589 1806 Rissii,
1641 1756 1830 1810 neque

134 1832 274 1902 apud
322 1830 588 1901 Ludewig
645 1847 775 1885 vere
823 1822 1252 1893 redditur,vnec
1308 1829 1577 1900 appositae
1629 1828 1833 1882 litteras

134 1937 226 1974 seu
260 1922 453 1992 potius
510 1919 962 1973 abbreviationes
1019 1923 1171 1972 recte
1228 1917 1494 1987 efﬁgiatae
1546 1922 1677 1970 sunt
1736 1933 1838 1987 per

134 2010 261 2064 OAP
293 2016 351 2064 et
380 2010 473 2076 HI,
505 2010 601 2061 sed
635 2024 700 2061 ea
731 2008 951 2061 felicius
990 2007 1241 2061 restituit
1298 2006 1699 2075 Schugentius,
1734 2022 1833 2059 an-

132 2100 320 2168 gelum
370 2097 662 2161 exhibens,
721 2113 994 2167 expansas
1047 2097 1163 2150 alas
1212 2111 1437 2149 sursum
1487 2095 1834 2164 protenden-

132 2194 262 2255 tem,
305 2185 475 2258 quasi
528 2185 588 2238 in
647 2185 874 2255 signum
930 2183 1343 2249 admirationis,
1401 2183 1472 2237 ob
1503 2182 1705 2236 Filium
1740 2180 1836 2236 Dei

133 2292 232 2344 pro
264 2291 477 2345 genere
500 2276 755 2327 humano
814 2274 875 2327 in
929 2274 1105 2327 Cruce
1140 2272 1471 2342 patientem,
1501 2271 1592 2324 cui
1623 2270 1836 2323 adscri-

134 2372 239 2433 ptae
270 2365 479 2417 litterae
526 2362 782 2416 indicent
836 2378 939 2431 per
988 2361 1124 2415 OAP
1165 2360 1594 2430 archangelum,
1627 2374 1730 2427 per
1762 2358 1836 2411 ΜΙ

133 2452 482 2517 Michaclem,
534 2450 756 2504 militiae
813 2450 1052 2503 caelestis
1104 2448 1601 2518 archistrategum,
1640 2445 1837 2500 Eccle-

132 2544 343 2611 siaeque
376 2541 756 2594 defensorem.
791 2539 984 2593 Graeca
1018 2538 1261 2608 reliqua,
1292 2537 1425 2591 licet
1474 2540 1527 2590 et
1581 2535 1705 2606 ipsa
1738 2551 1834 2605 pa-

131 2647 252 2683 rum
285 2635 508 2695 exacta,
552 2628 687 2682 satis
727 2627 1027 2681 manifesta
1074 2627 1359 2691 existimo,
1409 2640 1535 2677 cum
1589 2622 1836 2693 appositi

129 2718 195 2771 ad
228 2724 542 2787 utrumque
573 2715 842 2784 imaginis
863 2714 1069 2770 Christi
1101 2715 1247 2767 latus
1278 2712 1588 2766 statunculi
1624 2710 1834 2764 beatis-

128 2808 285 2860 simae
319 2805 571 2875 Virginis
601 2810 659 2858 et
685 2804 739 2858 S.
793 2804 1023 2858 Joannis
1055 2802 1446 2871 Evangelislae,
1491 2800 1714 2853 abunde
1742 2800 1836 2853 in-

128 2897 360 2948 sinuent
386 2894 553 2947 verba
606 2893 672 2947 ad
703 2898 1007 2963 utrumque
1044 2892 1243 2946 referri
1278 2908 1290 2945 :
1332 2893 1465 2945 Ecce
1482 2890 1637 2957 ﬁlius
1669 2894 1831 2954 tuus;

127 2998 237 3035 ecce
264 2986 442 3035 mater
465 2985 578 3034 tua.
609 2980 720 3034 Cur
749 2985 940 3033 autem
982 2980 1220 3033 inferius
1267 2978 1445 3031 cranii
1500 2977 1655 3030 locus
1715 2980 1833 3029 tam

129 3085 398 3140 expresse
438 3068 565 3122 istic
609 3068 909 3134 indicetur,
974 3067 1334 3137 explicabunt
1362 3066 1403 3118 ii
1460 3064 1559 3135 qui
1589 3063 1753 3134 plura
1778 3062 1834 3115 id

129 3175 311 3229 genus
339 3161 712 3211 monumenta
741 3156 878 3210 alibi
907 3156 1259 3226 repererint;
1284 3153 1491 3207 similia
1528 3152 1639 3206 alia
1667 3153 1836 3221 longe

129 3261 442 3307 accersere,
475 3244 617 3298 mihi
651 3261 754 3298 nec
789 3246 943 3298 lubet
972 3260 1076 3298 nec
1112 3247 1296 3296 vacat.
1356 3243 1549 3312 Neque
1582 3240 1674 3294 hic
1702 3255 1838 3293 ven-

129 3335 351 3389 tilanda
385 3333 626 3404 questio
660 3332 729 3386 de
759 3332 1073 3387 Servatoris
1100 3346 1339 3401 corpore
1370 3330 1553 3383 tribus
1580 3330 1663 3382 vel
1695 3344 1837 3399 qua-

131 3430 263 3477 tuor
291 3423 467 3476 clavis
493 3422 683 3488 afﬁxo,
713 3422 784 3476 de
837 3422 1046 3493 quibus
1106 3419 1265 3475 alibi‘
1296 3434 1445 3489 saepe
1485 3417 1837 3487 disputatum

129 3519 252 3567 est:
288 3510 666 3565 consolantur
703 3511 951 3580 Angelus
998 3510 1199 3574 Rocca,
1260 3506 1555 3561 Cornelius
1608 3505 1839 3560 Curtius

129 3604 184 3655 et
213 3600 637 3670 Responsiones
668 3598 1043 3670 Papebrochii
1101 3597 1173 3651 ad
1221 3595 1644 3649 Exhibitionem
1690 3610 1836 3664 pra:-

128 3695 430 3743 tensorum
461 3704 740 3755 errorum,
765 3688 833 3742 ad
863 3687 1165 3741 articulum
1197 3702 1285 3750 xx,
1320 3702 1352 3738 a
1385 3700 1545 3737 num.
1569 3686 1621 3737 2.

198 3789 292 3840 88.
326 3785 388 3839 Si
421 3784 547 3854 quis
579 3782 810 3836 interim
841 3797 907 3835 ex
941 3796 1030 3834 me
1065 3782 1285 3851 quaerat
1307 3777 1442 3848 quid
1475 3776 1707 3829 demum
1738 3775 1839 3828 tali

129 3889 326 3927 rerum
359 3873 697 3927 collectione
753 3875 809 3925 et
858 3870 1215 3923 connexione
1260 3866 1494 3936 proprie
1527 3863 1842 3918 intenderit

128 3963 360 4031 artifex,
406 3961 627 4015 fatebor
664 3959 869 4014 lubens
910 3957 968 4012 id
1016 3973 1105 4010 me
1175 3956 1465 4026 ignorare,
1524 3968 1638 4006 non
1687 3968 1838 4023 aegre

129 4052 377 4107 laturus.
409 4048 455 4102 si
483 4048 710 4102 aliunde
742 4045 965 4101 edoceri
1010 4045 1247 4116 possim,
1280 4059 1380 4097 cur
1420 4042 1480 4095 in
1509 4040 1838 4095 summitate

130 4138 183 4193 S.
213 4139 483 4193 Nicolaus
536 4136 724 4207 potius
754 4151 926 4207 quam
986 4134 1228 4205 quilibet
1285 4131 1427 4186 alius
1457 4129 1694 4184 Sanctus
1720 4128 1840 4183 efﬁ-

130 4232 255 4280 ctus
297 4226 372 4279 sit
403 4242 416 4291 ;
448 4241 549 4278 cur
578 4225 637 4278 in
658 4223 924 4278 extremis
952 4221 1185 4276 orbibus
1210 4221 1264 4275 S.
1292 4216 1649 4287 Evangelista
1676 4218 1840 4271 Joan-

130 4332 255 4381 nes,
287 4319 392 4368 aut
420 4314 565 4367 forte
597 4313 760 4380 alius,
791 4317 848 4365 et
879 4311 933 4366 S.
974 4310 1206 4365 Michael
1238 4306 1609 4376 archangelus
1644 4325 1659 4373 ;
1698 4307 1837 4377 quid

130 4404 321 4475 magis
349 4402 422 4457 ad
462 4418 581 4456 rem
626 4401 958 4472 spectaverit
985 4400 1204 4453 loculus
1259 4397 1514 4461 inﬁmus,
1562 4395 1730 4450 hodie
1756 4413 1840 4449 va-

130 4509 298 4559 cuus,
360 4491 459 4562 qui
502 4491 561 4544 in
626 4489 793 4544 Rissii
845 4487 1224 4543 delineatione
1292 4487 1540 4555 repletus
1600 4490 1840 4556 apparet

131 4584 263 4636 Haec
293 4580 468 4636 dubia
495 4579 688 4633 omnia
715 4579 914 4646 fateor,
945 4581 1002 4630 at
1030 4576 1108 4630 nil
1142 4592 1233 4629 me
1259 4579 1433 4629 terret
1455 4591 1686 4630 enorme
1708 4590 1836 4644 pre-

128 4672 279 4725 tium
311 4669 494 4740 ipsius
548 4660 739 4722 Crucis
768 4683 834 4721 ex
885 4682 1048 4731 auro,
1105 4666 1187 4718 uti
1217 4664 1436 4731 volunt,
1470 4681 1637 4734 puro,
1680 4663 1841 4732 quid-

127 4759 271 4830 quid
305 4762 556 4828 arguant
585 4755 787 4825 critici,
826 4770 1035 4809 aurum
1086 4752 1315 4806 Henrici
1369 4753 1576 4806 saeculo
1615 4750 1839 4805 rarissi-

124 4863 293 4901 mum
317 4846 515 4901 fuisse.
549 4844 998 4915 Respondebunt
1026 4843 1181 4895 enim
1232 4842 1676 4911 Bambergenses
1724 4855 1840 4893 non

124 4936 272 4990 adeo
309 4950 443 4989 rara
509 4933 681 4988 fuisse
722 4932 885 4986 istius
936 4937 993 4985 et
1020 4946 1465 5002 praegressorum
1500 4930 1839 4983 saeculorum

123 5025 384 5094 pretiosa
414 5020 652 5076 donaria
695 5020 793 5075 Dei
842 5020 1095 5075 ecclesiis
1135 5020 1300 5084 facta,
1345 5035 1527 5089 eoque
1559 5018 1843 5072 adducent

124 5110 501 5183 Imperatoris
556 5108 913 5164 Constantini
984 5123 1211 5162 crucem
1264 5122 1496 5160 auream
1564 5105 1841 5159 librarum

123 5208 363 5254 centum
387 5198 713 5270 quinginta,
738 5198 1160 5265 innumeraque
1212 5194 1544 5266 hujusmodi
1574 5192 1685 5247 alia
1712 5192 1841 5263 qui-

122 5291 230 5345 bus
263 5291 438 5362 plena
496 5293 582 5342 est
633 5285 915 5341 Anastasii
971 5284 1393 5339 Bibliothecarii
1449 5282 1518 5337 de
1567 5280 1841 5336 Romanis

126 5378 507 5433 Pontiﬁcibns
528 5375 792 5442 historia,
846 5374 905 5429 in
961 5390 1076 5444 qua
1132 5372 1236 5427 soli
1279 5370 1502 5426 articuli
1533 5370 1601 5424 ad
1645 5368 1839 5423 lauda-

123 5472 251 5520 tum
286 5464 733 5519 Constantinum
780 5466 837 5515 et
881 5461 1150 5515 Carolum
1198 5473 1475 5528 magnum
1523 5460 1842 5526 spectantes

124 5554 372 5609 curiosis
402 5554 617 5608 facient
654 5552 807 5605 satis.
861 5548 1074 5614 Quidni
1122 5547 1301 5619 igitur
1355 5546 1519 5600 istius
1572 5543 1843 5613 temporis

127 5648 361 5698 sanctus
385 5643 551 5712 juxta
591 5654 653 5693 ac
694 5637 995 5691 muniﬁcus
1054 5638 1372 5706 Imperator
1407 5634 1643 5688 Crucem
1675 5630 1839 5684 istam

1944 616 2188 670 quorum
2222 617 2336 654 non
2370 618 2552 671 pauca
2582 603 2763 656 oculis
2794 606 3166 673 subjecimus,
3192 606 3251 659 in
3284 607 3520 660 ecclesia
3547 624 3649 661 sua

1942 688 2372 758 Bambergensi,
2434 694 2498 744 ut
2544 690 2684 744 alias
2730 692 3011 762 plurimas
3048 705 3481 763 praetereamus,
3530 697 3645 750 Deo

1941 783 2267 831 consecrata
2291 779 2631 833 recondidit.

2012 867 2107 921 89.
2146 866 2283 930 Quae
2312 867 2405 920 hic
2434 874 2710 937 praeterea
2749 869 3091 923 exhibentur
3142 886 3433 925 sacrorum
3467 872 3645 927 cime-

1940 952 2149 1008 liorum
2178 954 2458 1025 imagines
2482 956 2585 1009 sub
2615 957 2816 1011 litteris
2868 961 2934 1025 A,
2969 960 3009 1011 Β
3041 964 3097 1012 et
3142 960 3201 1021 C,
3231 961 3486 1015 adductas
3518 967 3650 1016 sunt

1940 1041 2000 1094 in
2032 1038 2307 1097 similium
2336 1044 2581 1098 aliorum
2621 1045 2957 1115 specimina,
2989 1063 3118 1116 quas
3140 1048 3198 1101 in
3240 1049 3649 1119 Bambergensi

1941 1130 2210 1198 sacrario,
2243 1131 2312 1184 ad
2346 1131 2692 1185 sanctissimi
2750 1133 2981 1186 Patroni
3012 1149 3077 1187 ac
3134 1134 3472 1189 Fundaloris
3527 1153 3648 1190 me-

1942 1215 2208 1282 moriam,
2241 1216 2335 1286 pie
2364 1234 2478 1270 non
2519 1218 2710 1271 minus
2762 1234 2933 1289 quam
2986 1218 3203 1272 solicite
3262 1226 3646 1286 asservantur,

1941 1303 2059 1357 sive
2082 1303 2206 1374 ipsa
2239 1304 2364 1358 vivo
2419 1305 2605 1358 adhuc
2660 1305 2883 1369 Sancto,
2927 1306 3041 1358 sive
3091 1306 3264 1375 paulo
3290 1312 3438 1376 post,
3471 1324 3534 1361 ex
3568 1325 3650 1361 re-

1940 1392 2089 1446 lictis
2119 1393 2181 1446 in
2236 1409 2367 1447 eum
2414 1393 2587 1447 ﬁnem
2642 1394 2977 1447 necessariis
3033 1394 3303 1448 subsidiis
3349 1396 3650 1451 etformata

1941 1480 2208 1545 volueris,
2237 1487 2299 1535 ut
2328 1487 2461 1535 sunt
2490 1482 2683 1552 plures
2714 1482 2810 1535 alii
2846 1482 2973 1535 libri
3005 1483 3170 1549 sacri,
3201 1488 3341 1549 arte,
3367 1488 3648 1537 vetustate

1943 1576 2000 1623 et
2036 1570 2220 1640 pretio
2277 1570 2726 1624 mstimatissimi.
2785 1570 3091 1641 Segmenta
3147 1571 3261 1625 duo
3330 1572 3648 1641 superiora,

1944 1659 2048 1712 sub
2080 1658 2281 1712 litteris
2308 1665 2352 1712 A
2382 1663 2438 1711 et
2466 1659 2529 1724 Β,
2560 1674 2675 1712 uno
2698 1658 3013 1728 eodemque
3061 1657 3196 1712 folio
3219 1674 3468 1728 expansa
3493 1666 3648 1727 sunt,

1945 1746 2206 1817 atquein
2237 1746 2386 1801 dicto
2431 1747 2575 1801 libro
2616 1746 3053 1817 Evangeliorum
3106 1747 3291 1800 citatis
3330 1764 3502 1817 supra
3530 1764 3652 1801 ver-

1946 1835 2101 1890 sibus
2158 1836 2607 1906 subjunguntur.
2668 1835 2940 1906 Superior
3003 1850 3135 1905 pars
3172 1837 3218 1889 A
3267 1835 3402 1889 satis
3458 1842 3650 1905 aperte

1946 1923 2259 1995 aequissimi
2282 1923 2648 1994 Imperatoris
2679 1922 2953 1995 justitiam
2988 1923 3243 1990 denotat,
3306 1923 3363 1976 in
3400 1940 3514 1994 qua
3544 1924 3648 1977 ad-

1946 2012 2324 2066 ministranda
2380 2017 2657 2083 quantum
2707 2011 3051 2073 excelluerit,
3110 2011 3305 2065 notius
3354 2017 3437 2063 est
3477 2027 3648 2080 quam

1944 2096 2007 2154 tit
2037 2101 2129 2155 hic
2160 2101 2348 2154 denuo
2376 2100 2657 2170 explicare
2713 2104 2998 2168 oporteat.
3063 2100 3200 2153 Pars
3258 2099 3516 2165 inferior,
3550 2116 3647 2151 seu

1949 2191 2008 2256 Β,
2040 2205 2144 2259 per
2175 2205 2234 2242 se
2266 2188 2535 2259 loquitur,
2592 2190 2729 2243 dum
2785 2188 3051 2241 universa
3110 2186 3544 2257 Bambergensis
3573 2186 3651 2240 di-

1944 2279 2024 2331 tio
2055 2279 2271 2348 optimo
2306 2277 2552 2348 Priucipi
2618 2277 2903 2331 subditam
2954 2293 3011 2329 se
3064 2277 3365 2346 proﬁtetur
3398 2291 3411 2329 :
3444 2276 3652 2346 quibus

1946 2368 2090 2421 nihil
2121 2368 2285 2421 video
2342 2382 2693 2436 magnopere
2759 2365 2928 2435 objici
2986 2381 3173 2436 posse,
3229 2382 3358 2418 cum
3411 2366 3651 2434 picturae

1946 2455 2291 2521 istiusmodi,
2354 2455 2438 2508 vel
2483 2455 2723 2524 justitiaa
2772 2461 2828 2507 et
2884 2454 3172 2524 aequitatis
3218 2453 3475 2523 symbola
3533 2469 3651 2506 non

1944 2543 2247 2596 videantur
2273 2557 2593 2611 repugnare
2622 2542 2676 2594 S.
2721 2540 2972 2594 Heinrici
3016 2540 3201 2593 adhuc
3260 2540 3498 2592 viventis
3527 2555 3648 2591 mo-

1944 2631 2160 2684 destim.
2193 2631 2255 2683 In
2290 2630 2398 2683 alia
2429 2646 2560 2683 vero
2592 2629 2697 2682 sub
2731 2633 3027 2698 segmento
3083 2628 3143 2694 C,
3178 2626 3276 2680 ubi
3304 2627 3396 2681 SS.
3426 2627 3650 2679 Udalri-

1945 2735 2042 2773 cus
2069 2726 2125 2772 et
2157 2720 2592 2771 Emmeramnus
2644 2717 2866 2770 hastam
2921 2721 2975 2767 et
3014 2716 3270 2784 gladium
3317 2714 3372 2769 S.
3409 2716 3657 2785 Henrico.

1947 2806 2369 2879 quodammodo
2418 2804 2743 2875 porrigunt,
2800 2803 2878 2857 sic
2926 2802 3117 2873 aliqua
3173 2807 3538 2863 exornantur,
3588 2809 3649 2856 ut

1946 2895 2017 2948 ad
2046 2892 2363 2947 sanctitatis
2391 2891 2602 2945 indicia
2629 2889 2886 2960 proxime
2917 2889 3203 2943 accedant.
3258 2889 3387 2941 Haec
3433 2893 3647 2950 autem,

1944 2983 2148 3039 Sancto
2178 2981 2363 3035 adhuc
2408 2979 2733 3050 superstite,
2793 2977 3045 3047 efﬁgiata
3092 2977 3289 3040 fuisse,
3337 2982 3505 3029 erunt
3532 2977 3647 3029 for-

1875 3079 1915 3134 C
1947 3079 2092 3125 tasse
2147 3071 2247 3141 qui
2275 3086 2393 3123 non
2433 3074 2552 3122 tam
2610 3067 2774 3122 facile
2805 3066 2920 3120 sint
2975 3065 3278 3119 admissuri
3314 3081 3326 3118 :
3356 3065 3435 3118 sic
3463 3071 3660 3117 tamen

1949 3165 2015 3215 ut
2043 3159 2179 3214 talia
2209 3157 2398 3212 fraudi
2428 3174 2547 3211 esse
2594 3173 2709 3210 non
2743 3155 2965 3226 possint
2998 3155 3084 3216 iis,
3144 3170 3271 3224 quae
3302 3153 3371 3207 de
3404 3152 3650 3223 antiqui-

1948 3254 2061 3303 tate
2097 3247 2288 3303 Crucis
2319 3252 2376 3302 et
2402 3246 2581 3301 thecae
2600 3244 2845 3315 librique
2900 3242 3337 3312 Evangeliorum
3367 3230 3655 3310 disputata

1949 3342 2103 3392 sunt.

2020 3427 2106 3480 90.
2167 3425 2539 3494 Segmentum
2597 3420 2936 3493 praedictum
2994 3422 3053 3485 C,
3115 3434 3179 3471 ex
3222 3416 3649 3481 Missali,etiam

1950 3512 2381 3584 pretiosissima,
2440 3516 2755 3580 acceptum,
2802 3509 2973 3577 longa
3031 3505 3380 3576 expositione
3420 3518 3539 3556 non
3568 3501 3651 3556 in-

1950 3602 2131 3672 diget,
2152 3616 2281 3654 cum
2315 3615 2507 3653 versus
2568 3614 2786 3664 omnes,
2850 3594 3218 3667 quantumvis
3270 3593 3462 3659 rudes,
3494 3607 3648 3643 com—

1950 3690 2117 3744 mode
2140 3705 2241 3760 per
2284 3704 2343 3741 se
2389 3687 2790 3757 intelligantur
2836 3703 2848 3739 :
2894 3700 3045 3737 unus
3097 3688 3198 3749 est,
3256 3682 3355 3752 qui
3414 3681 3651 3733 lectores

1953 3778 2165 3832 morari
2196 3777 2395 3847 possit,
2444 3792 2652 3846 nempe
2712 3790 3012 3845 supremus
3064 3773 3135 3826 ad
3191 3770 3500 3834 sinistram,
3536 3784 3650 3839 quo

1950 3867 2019 3921 ad
2050 3867 2242 3921 Sancti
2297 3881 2490 3919 ensem
2549 3863 2835 3928 alluditur,
2905 3863 3139 3933 quique,
3199 3859 3244 3913 si
3301 3864 3450 3912 recte
3481 3856 3653 3910 verba

1949 3956 2303 4019 discrimine,
2334 3954 2412 4008 ita
2441 3953 2720 4023 legendus
2757 3951 3028 4005 videtur:
3056 3969 3083 4000 «
3140 3952 3311 4019 Aptat
3340 3953 3397 4000 et
3426 3946 3520 3999 hic
3549 3961 3651 3998 en-

1951 4061 2093 4111 sem,
2127 4043 2227 4114 qui
2263 4043 2387 4113 (pro
2437 4041 2616 4095 cuivis
2669 4057 2765 4094 seu
2824 4038 3187 4108 cuicumque)
3246 4035 3650 4106 praesignando

1950 4133 2238 4187 timorem.
2274 4153 2298 4180 »
2323 4130 2655 4184 Biniversus
2676 4128 2780 4182 sub
2798 4126 2991 4182 Sancti
3031 4124 3298 4190 brachiis,
3357 4123 3423 4176 ad
3451 4138 3649 4176 crucu-

1951 4223 2062 4275 lam
2094 4220 2601 4289 inferioremjuxta
2632 4217 2835 4287 pedem
2859 4216 3124 4269 dextrum
3148 4210 3456 4265 inchoandi
3479 4220 3609 4262 sunt
3635 4225 3646 4262 :

1953 4311 2143 4364 «Ecce
2198 4312 2503 4363 coronatur
2549 4305 2819 4359 divinitus
2883 4308 3052 4371 atque
3098 4301 3317 4362 beatur,
3371 4299 3486 4351 Rex
3521 4297 3651 4367 pius

1950 4399 2222 4452 Henricus
2253 4410 2591 4465 proavorum
2625 4392 2799 4461 stirpe
2820 4391 3068 4461 polosus.
3100 4410 3119 4435 ι
3146 4386 3386 4455 Alludit,
3424 4384 3648 4455 opinor,

1949 4487 2017 4541 ad
2074 4485 2366 4556 proaviam
2410 4482 2736 4537 Mathildem
2791 4479 3050 4549 reginam
3109 4476 3368 4545 aliosque
3417 4473 3650 4527 familias

1951 4575 2095 4645 ejus,
2150 4578 2273 4627 tum
2325 4571 2471 4625 viros
2521 4573 2644 4622 tum
2694 4567 2955 4632 feminas,
3025 4563 3323 4619 sanctitate
3381 4561 3649 4625 illustres,

1949 4680 2110 4734 quos,
2142 4660 2417 4715 nimirum
2449 4658 2679 4728 polosos
2702 4673 2798 4710 seu
2848 4655 3046 4710 beatos
3099 4652 3349 4725 appellat
3378 4667 3394 4723 ;
3428 4650 3498 4705 de
3526 4650 3651 4721 qui-

1948 4752 2055 4805 bus
2084 4749 2290 4803 videsis
2324 4752 2462 4801 Acta
2492 4750 2685 4800 nostra
2716 4746 2786 4799 ad
2848 4761 2938 4798 xw
2970 4743 3173 4809 Martii,
3228 4746 3388 4796 tomo
3420 4740 3488 4806 ll,
3516 4756 3648 4810 pag.

1951 4843 2072 4895 356.
2122 4837 2366 4908 Reliqua
2429 4832 2669 4889 curiosis
2747 4832 3103 4902 dispicienda
3168 4828 3653 4901 expendendaque

1950 4926 2354 4998 relinquimus,
2384 4924 2557 4978 ﬁnem
2610 4922 2705 4976 hic
2754 4920 2997 4992 posituri
3040 4918 3326 4987 ambiguae
3381 4915 3652 4986 disquisi-

1949 5016 2114 5083 tioni,
2176 5030 2289 5085 qua
2347 5009 2855 5080 Bambergensium
2906 5005 3189 5061 desiderio
3250 5004 3461 5057 factum
3494 5002 3650 5063 satis,

1952 5120 2178 5177 sperare
2205 5102 2483 5156 audemus
2515 5116 2528 5153 :
2587 5116 2616 5151 ιι
2661 5096 2824 5151 nobis
2865 5096 2919 5149 id
2953 5109 3182 5163 semper
3211 5090 3652 5155 desiderabitur,

1952 5176 2016 5246 ut
2047 5191 2128 5245 rei
2159 5189 2334 5245 totius
2365 5188 2578 5251 anima,
2619 5188 2755 5238 Acta
2779 5197 2986 5251 nempe
3029 5180 3099 5233 ab
3144 5177 3461 5233 Adelboldo
3511 5176 3656 5229 scri—

1951 5284 2069 5350 pta,
2094 5277 2357 5334 alicunde
2381 5275 2614 5330 tandem
2644 5273 2702 5327 in
2755 5272 2940 5326 lucem
2974 5268 3386 5340 producantur,
3429 5280 3558 5335 quas
3598 5263 3653 5315 in

1952 5349 2128 5421 totius
2184 5364 2398 5419 mensis
2447 5361 2764 5432 appendice
2818 5374 2918 5411 seu
2976 5355 3391 5425 Supplemento
3435 5349 3656 5420 vulgari

1950 5454 2172 5526 possint
2200 5458 2252 5506 et
2286 5452 2355 5505 de
2387 5451 2610 5519 integro
2644 5444 2933 5501 illustrari.
