3938 6368
323 371 423 422 175

989 487 1214 544 CAPUT
1244 487 1308 540 V.

313 616 386 666 De
455 611 519 666 S.
593 610 832 664 Hem-iet
899 609 1162 664 hodierna
1225 610 1400 673 gloria
1471 609 1532 661 in
1595 623 1798 661 annum
1859 608 2012 661 Bam-

385 683 628 749 bergensi
685 682 1020 747 solenm'tate,
1072 696 1169 749 per
1223 685 1391 732 totum
1454 677 1749 745 octiduum,
1816 677 2012 733 Catho-

387 755 486 806 tico
505 767 668 818 more,
698 754 892 816 festive
935 751 1166 819 produci
1193 752 1390 814 solita;
1423 751 1483 802 in
1532 749 1729 819 Ofﬁcio
1765 751 2012 818 pietatis,

385 825 703 891 templisque
730 827 780 875 ct
798 823 1009 875 sacellis
1028 822 1228 874 Sancto
1258 822 1466 873 erectis.

382 931 469 982 9t.
505 928 686 992 Quam
731 926 1013 980 indefesso
1057 927 1196 992 zelo,
1233 941 1348 995 qua
1390 941 1526 978 cura
1574 929 1630 979 et
1658 924 2014 979 solicitudine

313 1017 651 1070 laboraverit
682 1015 845 1069 toties
882 1015 1146 1068 laudatus
1177 1015 1243 1068 Β.
1273 1015 1334 1067 Ρ.
1394 1014 1599 1067 Hector
1642 1013 2017 1083 Bambergen-

314 1103 388 1157 sis
421 1105 681 1157 Nicolaus
727 1104 917 1169 Pottu,
955 1119 1025 1155 ne
1073 1102 1209 1172 quid
1243 1102 1636 1171 prateriretur
1682 1102 1836 1170 quod
1857 1103 1926 1154 ad
1955 1101 2010 1154 8.

315 1191 539 1245 Henrici
576 1191 820 1260 gloriam
847 1191 1164 1244 conducere
1199 1189 1570 1253 existimaret,
1623 1194 1762 1258 puto
1791 1205 1854 1240 ex
1882 1195 2014 1241 ante

310 1279 472 1333 dictis
531 1294 651 1332 esse
708 1294 878 1348 quam
951 1279 1402 1331 testatissimom.
1464 1277 1802 1331 Coronidem
1868 1277 2016 1330 hanc

308 1367 459 1420 idem
490 1367 610 1437 ipse
637 1367 932 1435 imposuit,
965 1383 1032 1419 eo
1067 1365 1490 1418 accuratissime
1524 1364 1849 1434 colligendo
1889 1381 2014 1435 qua

307 1458 378 1510 ad
403 1457 739 1510 modernam
799 1455 1139 1508 sanctissimi
1172 1455 1404 1508 Patroni
1435 1453 1796 1508 festivitatem
1839 1454 2015 1523 potis-

310 1547 519 1599 simum
551 1545 861 1616 pertinent,
889 1543 1211 1613 quibusque
1264 1543 1352 1596 hic
1403 1542 1576 1596 etiam
1635 1543 1824 1595 locum
1881 1541 2016 1595 dare

310 1635 494 1686 visum
523 1639 624 1698 est,
659 1641 780 1687 tum
813 1633 879 1685 ad
907 1632 1169 1684 meritam
1222 1629 1728 1696 Bambergensium
1787 1630 2013 1682 laudem

308 1727 431 1774 tum
455 1721 524 1775 ad
548 1720 850 1774 Catholica
906 1718 1202 1788 religionis
1255 1718 1696 1777 incrementum,
1730 1720 1849 1770 tum
1881 1732 2012 1769 vero

307 1809 378 1861 ad
417 1808 745 1876 exemplum
774 1805 927 1875 quod
957 1812 1161 1858 cetera
1213 1803 1464 1856 ecclesia
1498 1803 1796 1856 imitentur
1825 1803 1885 1855 in
1916 1819 2010 1856 ce-

306 1895 594 1949 lebrandis
659 1894 996 1948 Sanctorum
1065 1908 1299 1944 suorum
1361 1891 1818 1944 solennitatibus.
1882 1892 2015 1944 Eam

308 1983 772 2047 vetustissimam,
808 1981 1015 2051 opinor
1060 1986 1421 2050 perpetuam,
1482 1979 1815 2048 Bamberga
1843 1979 2014 2032 fuisse

305 2071 660 2126 demonstrat
716 2070 1009 2140 antiquior
1057 2068 1196 2122 anni
1252 2070 1385 2122 1379
1430 2068 1774 2121 celebritatis
1798 2073 1855 2120 et
1886 2083 2015 2137 pro~

306 2159 578 2213 cessionis
605 2173 811 2212 annua
851 2156 1180 2226 descriptio,
1236 2172 1410 2226 quam
1441 2157 1615 2209 etiam
1663 2172 1848 2225 nuper
1906 2156 2023 2210 ad-‘

299 2248 493 2318 junxit
542 2246 972 2300 strenuissimus
1045 2246 1439 2298 Collaborator.
1525 2245 1736 2297 Verum
1793 2260 1862 2296 ne
1923 2244 2014 2298 hic

306 2337 505 2390 eadem
535 2341 635 2388 aut
661 2337 858 2387 saltem
887 2333 1228 2399 consimilia,
1280 2349 1398 2386 non
1451 2332 1574 2385 sine
1624 2334 1901 2385 lectorum
1926 2333 2010 2386 fa-

305 2426 496 2491 stidio,
531 2425 844 2493 repetenda
890 2422 1022 2486 sint,
1081 2422 1219 2475 satis
1275 2421 1385 2474 erit
1417 2421 1784 2486 hodiernam,
1836 2435 2010 2489 quam

303 2513 576 2573 diximus,
610 2513 682 2565 ob
735 2511 929 2564 oculos
979 2526 1216 2579 ponere,
1272 2510 1362 2562 cui
1410 2509 1639 2562 accedet
1669 2507 2010 2562 novissimus

303 2602 588 2663 cumulus,
625 2599 878 2653 studiosa
905 2597 1159 2667 ejusdem
1187 2598 1431 2651 Pottuvii
1460 2598 1668 2667 pietate
1709 2596 1829 2660 hoc
1857 2611 2008 2648 anno

306 2688 726 2759 superadditus,
773 2703 837 2740 ac
885 2686 1114 2739 demum
1176 2686 1441 2740 Ofﬁcium
1501 2687 1571 2738 de
1616 2685 1820 2738 Sancto
1880 2700 2010 2754 pro-

302 2777 498 2848 prium
546 2775 745 2829 eadem
797 2774 1091 2828 occasione
1147 2789 1464 2838 recursum,
1515 2774 1730 2842 templa
1760 2772 2007 2842 denique

303 2867 364 2918 in
403 2867 525 2935 ejus
563 2865 841 2917 honorem
875 2863 1124 2916 condita.
1161 2863 1242 2914 En
1275 2862 1448 2930 igitur
1502 2860 2005 2928 Bambergensium

303 2954 362 3006 in
402 2953 721 3006 Tutelarem
744 2967 911 3004 suum
939 2950 1177 3004 illustris
1215 2949 1597 3002 venerationis
1646 2953 2002 3018 argumenta,

305 3041 442 3112 ipsis
474 3041 720 3095 Pottuvii
746 3040 932 3093 verbis
952 3040 1013 3093 in
1051 3040 1204 3093 hunc
1236 3040 1470 3092 modum
1489 3039 1790 3091 delineata.

552 3127 579 3198 ἓ
610 3129 651 3183 I.
685 3131 924 3183 Praevius
958 3127 1033 3180 ad
1061 3129 1416 3193 festivitatem
1450 3131 1786 3194 apparatus.

373 3221 458 3274 92.
496 3239 523 3266 ‹‹
571 3215 867 3286 Propridie
926 3231 1044 3280 ara,
1096 3214 1356 3284 sepulcro
1415 3220 1742 3267 sanctorum
1776 3213 2003 3268 Henrici

299 3313 357 3361 et
396 3305 764 3374 Cunegundis
803 3304 1261 3374 superimposita,
1296 3303 1452 3356 cultu
1500 3307 1554 3354 et
1583 3307 1789 3355 ornatu
1819 3303 2002 3356 solen-

297 3395 535 3449 nissimo
565 3392 889 3458 instruitur,
923 3408 984 3444 ac
1016 3389 1335 3460 prasertim
1367 3388 1629 3458 reliquiis
1677 3389 1998 3459 insignibus

297 3500 452 3550 sane,
513 3488 571 3536 et
627 3480 892 3552 copiosis,
936 3490 1083 3550 qua,
1133 3493 1263 3531 cum
1295 3476 1720 3547 pretiosissima
1779 3479 1911 3544 sint,
1944 3485 1999 3532 et

295 3571 449 3643 quod
480 3586 568 3624 res
627 3575 736 3636 est,
794 3567 1094 3636 potissima
1125 3581 1189 3619 ex
1227 3570 1387 3634 parte
1436 3565 1506 3618 ab
1558 3565 1680 3636 ipso
1731 3566 1995 3633 Henrico,

291 3676 428 3713 cura
480 3657 716 3719 solicita,
753 3659 808 3708 et
829 3652 1204 3722 Imperatoria
1248 3652 1586 3704 auctoritate
1619 3658 1989 3721 comparata,

292 3765 357 3802 ac
383 3746 650 3808 ecclesia,
682 3761 712 3796 a
739 3760 796 3796 se
825 3759 1022 3796 recens
1073 3741 1346 3805 fundata,
1383 3739 1692 3793 liberaliter
1731 3740 1989 3810 donatae;

292 3853 407 3890 non
441 3836 754 3902 incongrue
785 3832 892 3884 hoc
924 3831 1050 3883 loco
1084 3829 1424 3893 distinctius,
1483 3845 1595 3880 una
1622 3844 1750 3882 cum
1785 3835 1990 3883 ornatu

291 3923 485 3976 altaris
537 3921 782 3988 reliquo,
841 3917 1082 3971 describi
1152 3921 1486 3982 merentur;
1534 3916 1820 3986 pracipue
1860 3932 1988 3971 cum

289 4012 435 4063 facta
463 4010 532 4062 de
563 4008 633 4060 iis
684 4006 973 4060 mentione
1000 4005 1060 4058 in
1117 4006 1240 4059 Vita
1298 4005 1352 4058 S.
1389 4005 1757 4074 Cunegundis
1783 4005 1850 4057 ad
1873 4011 1986 4058 ter-

288 4099 432 4151 tium
474 4095 657 4150 Martii
711 4095 767 4147 in
813 4093 1236 4149 Commentario
1297 4092 1534 4161 praevio,
1593 4091 1897 4162 descriptio
1923 4109 1988 4146 ac

285 4187 534 4240 curatior
565 4187 716 4237 hunc
747 4183 802 4235 in
850 4184 1033 4235 locum
1088 4181 1402 4251 rejiciatur,
1460 4185 1521 4234 ut
1548 4179 1627 4233 ibi
1667 4179 1846 4234 videri
1876 4195 1984 4248 po-

285 4280 414 4329 test.

355 4365 440 4417 93.
473 4383 493 4409 α
528 4365 640 4415 Ara
661 4361 850 4430 itaque
881 4363 1218 4424 memorata,
1246 4374 1374 4428 qua
1427 4372 1530 4426 per
1558 4356 1794 4410 modum
1826 4371 1983 4408 mau-

283 4450 420 4504 solei
450 4449 749 4519 cujusdam
779 4447 1034 4501 velutiin
1065 4447 1420 4517 pyramidem
1450 4444 1980 4512 desinentia,supra

279 4540 604 4608 sepulcrum
635 4538 826 4606 ipsum
881 4537 1154 4605 erigitur;
1185 4535 1263 4588 ita
1291 4538 1355 4588 ut
1405 4550 1510 4604 per
1539 4533 1694 4586 illius
1721 4531 1977 4585 medium

279 4634 544 4681 excavata
576 4625 791 4680 fornice
822 4625 1166 4694 conspicuus
1195 4629 1385 4694 pateat
1432 4639 1461 4676 e
1495 4623 1615 4675 loco
1651 4619 1976 4674 sublimiori

275 4731 635 4770 marmoreus
682 4714 1019 4768 Sanctorum
1065 4712 1323 4765 tumulus
1360 4727 1374 4777 ;
1413 4727 1511 4763 ara
1539 4711 1679 4775 hac,
1712 4709 1971 4778 inquam,

273 4809 397 4857 tum
426 4803 567 4873 ipsa,
602 4808 726 4856 tum
759 4799 1781 4871 ejuslatera,pretiosa,trecentarum
1803 4797 1970 4850 ulna-

275 4909 400 4946 rum
424 4893 534 4944 tela
569 4893 918 4944 Damasceua
973 4889 1146 4944 rubra
1199 4887 1600 4940 investiuntur.
1655 4887 1717 4938 ln
1745 4901 1858 4938 ara
1886 4903 1973 4939 su-

269 4997 470 5050 premo
500 4980 708 5034 vertice
730 4978 916 5050 posita
974 4977 1340 5047 conspicitur,
1368 4990 1460 5027 sex
1503 4973 1724 5027 circiter
1760 4973 1971 5043 pedum

270 5070 584 5140 adaquans
614 5067 1000 5132 altitudinem,
1025 5081 1159 5118 crux
1182 5061 1608 5133 pretiosissima,
1644 5078 1712 5114 ex
1735 5067 1969 5131 argento

267 5175 414 5229 puro
445 5158 657 5212 aﬂ‘abre
686 5157 998 5221 elaborata,
1025 5160 1341 5223 ornataque
1371 5152 1614 5221 gemmis
1645 5157 1702 5204 et
1737 5152 1966 5204 unioni-

265 5247 369 5301 bus
395 5247 634 5301 minime
665 5244 848 5314 parcis
877 5264 892 5310 ;
948 5242 1009 5296 in
1040 5258 1154 5311 qua
1182 5241 1423 5308 inclusa,
1473 5245 1528 5293 et
1575 5255 1678 5309 per
1734 5240 1964 5309 crystal-

264 5337 384 5389 lum
417 5335 664 5388 lucidam
732 5333 986 5387 anterius
1035 5329 1362 5398 conspicua,
1417 5333 1674 5382 servatur
1723 5327 1965 5398 insignis

263 5431 318 5477 et
349 5425 637 5494 praeclara,
696 5421 1040 5492 spithamam
1089 5418 1267 5470 ferme
1318 5417 1615 5483 excedens,
1667 5433 1838 5470 sacra
1868 5418 1967 5471 sal-

263 5512 556 5581 viﬁcaque
606 5509 798 5564 Crucis
842 5505 1158 5578 particula;
1193 5505 1262 5560 de
1318 5506 1479 5574 cujus
1530 5504 1766 5558 veritate
1813 5510 1965 5559 extat

260 5603 319 5654 in
352 5599 602 5653 archivio
663 5594 972 5651 cathedrali
1033 5595 1191 5649 Bulla
1243 5593 1569 5648 authentica
1609 5593 1892 5648 Benedicti
1915 5596 1960 5648 ΙΙ

1635 363 1690 416 S.
1735 360 2020 418 HENRICI
2058 359 2131 417 1M
2144 359 2535 419 PERATORIS

2049 487 2096 539 A
2136 485 2295 540 Pent.
2339 483 2413 537 M.
2474 484 2536 537 in
2593 499 2707 554 qua
2762 482 3114 553 perhibetur,
3166 487 3224 538 et
3258 483 3406 538 dicta
3451 483 3506 538 8.
3552 485 3823 553 particula

3728 360 3821 413 176

2127 589 2243 627 una
2272 589 2402 627 cum
2453 572 2705 642 genuino
2759 573 2916 625 clavo
2953 572 3141 626 ferreo
3189 573 3367 626 sancti
3423 571 3686 626 Crucifixi
3728 573 3822 637 (de

2125 677 2238 732 qua
2277 660 2447 729 infra)
2478 661 2529 715 S.
2569 660 2810 715 Henrico
2841 679 2869 712 a
2901 660 3042 714 duce
3092 660 3438 730 Burgundia
3470 665 3528 714 et
3554 677 3685 731 rege
3712 661 3823 715 Ru-

2126 749 2339 818 dolpho
2367 749 2518 802 dono
2548 749 2678 802 data
2735 748 2948 814 fuisse;
2999 755 3169 820 atque
3218 748 3518 804 Pontificio
3557 748 3822 818 suffragio

2124 853 2228 908 pro
2253 853 2383 890 vera
2415 837 2744 907 agnoscitur
2771 837 3176 891 etdeclaratur.

2196 926 2282 978 94.
2320 948 2340 973 ε
2396 925 2548 978 Infra
2585 925 2732 978 hanc
2791 925 3002 978 directe
3045 927 3314 978 collocata
3361 928 3601 994 apparet
3647 927 3824 976 statua

2124 1010 2176 1065 S.
2215 1012 2465 1081 Georgii,
2523 1011 2752 1065 Patroni
2810 1010 3132 1065 secundarii
3187 1011 3460 1075 ecclesia,
3511 1026 3657 1080 equo
3696 1010 3826 1062 insi-

2125 1099 2328 1163 dentis,
2356 1106 2572 1153 statura
2612 1100 2864 1153 hominis
2912 1099 3202 1153 ordinaria
3245 1100 3538 1169 aliquanto
3584 1098 3821 1163 minore,

2125 1203 2188 1240 ex
2221 1193 2459 1256 argento
2506 1186 2704 1240 itidem
2765 1187 3069 1241 artiﬁciose
3095 1188 3424 1242 fabrefacta.
3486 1189 3657 1242 Paulo
3692 1188 3826 1240 infe-

2123 1275 2244 1328 rius
2275 1277 2535 1328 visuntur
2579 1276 2710 1328 hinc
2739 1283 2910 1346 atque
2961 1275 3116 1343 hinc,
3142 1293 3207 1330 ex
3258 1283 3503 1347 utroque
3530 1277 3702 1330 latere
3732 1291 3827 1345 po-

2125 1364 2249 1416 sita
2281 1369 2480 1417 statua
2509 1364 2635 1418 dua
2669 1363 2942 1434 insignes,
2988 1381 3053 1418 ex
3085 1371 3322 1432 argento
3367 1366 3504 1418 item
3547 1367 3824 1430 inaurato,

2127 1451 2366 1506 humani
2390 1453 2643 1521 corpoi'is
2681 1459 2930 1522 partem.
2959 1452 3258 1505 dimidiam
3314 1459 3824 1522 reprasentantes;

2129 1540 2306 1592 altera
2335 1540 2570 1609 quidem
2608 1539 2664 1593 8.
2717 1539 3107 1609 Cunegundis,
3167 1540 3414 1608 ignitum
3443 1555 3616 1593 manu
3636 1555 3825 1592 vome-

2126 1643 2250 1680 rem
2281 1628 2700 1697 praseferentis
2733 1629 2947 1692 ;altera
2977 1644 3108 1681 vero
3147 1628 3203 1682 8.
3254 1629 3501 1696 Henrici,
3536 1627 3826 1698 magnitu-

2126 1715 2258 1769 dine
2293 1722 2348 1768 et
2399 1718 2638 1770 materia
2693 1717 2860 1786 pari:
2916 1716 3196 1786 apposita,
3249 1733 3315 1770 ex
3375 1723 3616 1787 utraque
3644 1723 3824 1786 parte,

2126 1820 2224 1856 sua
2255 1805 2462 1874 cuique
2493 1809 2691 1857 statua
2723 1821 2936 1858 corona
2988 1805 3384 1874 Imperatoria,
3417 1804 3513 1857 illa
3542 1804 3677 1874 ipsa,
3714 1820 3826 1874 qua

2123 1892 2313 1945 Sancti
2336 1893 2474 1945 olim
2495 1893 2767 1962 conjuges
2808 1893 2865 1945 in
2896 1893 3062 1946 terris
3096 1893 3323 1946 fuerant
3353 1893 3627 1946 coronati.
3674 1893 3827 1946 Hanc

2122 1980 2273 2032 inter
2304 1985 2606 2050 utramque
2667 1987 3041 2034 memoratam
3094 1986 3336 2034 statuam
3385 1981 3599 2034 eminet
3627 1981 3685 2034 in
3717 1997 3828 2034 me-

2121 2067 2216 2121 dio
2245 2068 2658 2138 magnitudinis
2688 2070 2963 2134 ejusdem,
3019 2068 3319 2122 dimidiato
3343 2069 3541 2123 itidem
3566 2085 3822 2139 corpore,

2121 2162 2177 2209 et
2202 2172 2270 2209 ex
2319 2162 2558 2226 argento
2613 2157 2896 2210 inaurato.
2944 2158 3239 2227 eleganter
3297 2158 3587 2212 elaborata
3639 2164 3826 2211 statua

2122 2244 2182 2297 Β.
2210 2243 2476 2313 Virginis,
2501 2245 2762 2299 divinum
2794 2246 2944 2299 ulnis
2998 2246 3280 2299 Infantem
3326 2247 3656 2314 complexa.
3691 2247 3825 2300 lllu-

2119 2337 2373 2386 strantur
2401 2333 2488 2385 ha
2520 2339 2718 2386 statua
2757 2334 3151 2404 compluribus
3181 2335 3531 2404 interpositis
3567 2335 3829 2389 candela-

2117 2421 2234 2473 bris
2265 2421 2570 2488 argenteis,
2603 2421 2896 2492 cereisque
2941 2423 3290 2478 ardentibus.

2215 2511 2302 2562 95.
2340 2530 2366 2558 ‹‹
2417 2511 2747 2578 Sequuntur
2803 2510 2935 2564 dein
2997 2511 3190 2581 posita
3239 2511 3388 2564 circa
3428 2515 3650 2580 partem
3709 2528 3824 2565 ara

2118 2597 2364 2650 mediam
2413 2598 2650 2651 diversa
2707 2597 3043 2652 Sanctorum
3097 2598 3451 2652 diversorum
3512 2599 3822 2669 reliquia:

2116 2685 2330 2739 scilicet
2371 2686 2484 2739 duo
2545 2687 2677 2739 hinc
2715 2693 2888 2756 atque
2940 2687 3072 2740 hinc
3118 2687 3324 2752 cusini,
3378 2704 3622 2758 quorum
3669 2704 3825 2742 unus

2115 2780 2338 2843 partem
2368 2775 2548 2828 cranii
2605 2775 2659 2828 S.
2718 2775 2969 2846 Dionysii
3026 2775 3404 2846 Areopagita,
3461 2777 3605 2830 alter
3649 2783 3827 2848 caput

2117 2862 2180 2914 Ι).
2211 2862 2526 2932 Margarita
2557 2862 2846 2932 integrum
2866 2868 3161 2918 sustentat.
3187 2865 3396 2918 Locum
3427 2865 3632 2919 deinde
3660 2873 3824 2935 parte

2113 2966 2179 3004 ex
2209 2955 2454 3020 utraque
2500 2951 2761 3006 obtinent
2817 2952 3038 3006 sarcula
3086 2952 3200 3006 sive
3261 2954 3598 3024 sarcophagi
3637 2955 3823 3008 mino-

2040 3036 2080 3091 C
2117 3053 2208 3090 res
2252 3043 2349 3091 aut
2405 3054 2591 3108 capsa
2631 3039 2906 3093 inaurata
2954 3056 3197 3094 numero
3253 3046 3400 3107 octo,
3459 3041 3823 3096 continentes

2112 3142 2350 3196 corpora
2375 3127 2714 3181 Sanctorum
2761 3133 2859 3182 aut
2913 3132 3138 3198 partem
3177 3145 3377 3183 eorum
3431 3130 3818 3201 praecipuam)

2113 3213 2327 3268 scilicet
2358 3215 2543 3284 primo
2564 3231 2769 3286 corpus
2802 3216 2857 3270 S.
2885 3217 3119 3270 Joannis
3177 3219 3243 3272 Μ.
3273 3221 3326 3282 2,
3360 3218 3413 3272 S.
3451 3219 3624 3272 lsaaci
3658 3220 3815 3274 Mon:

2111 3305 2162 3356 3.
2199 3302 2292 3356 SS.
2323 3303 2648 3356 Dulcissimi
2703 3309 2760 3357 et
2806 3305 3140 3358 Charissimi
3179 3305 3589 3376 discipulorum
3619 3307 3674 3360 S.
3709 3309 3814 3362 Pe-

2107 3389 2198 3443 tri.
2231 3391 2284 3456 4,
2333 3391 2424 3445 SS.
2485 3391 2607 3448 Caii
2653 3398 2711 3445 et
2753 3393 2838 3446 Pii
2898 3393 3064 3448 Rom.
3115 3395 3278 3448 Pont.
3332 3397 3384 3459 5,
3439 3395 3493 3448 8.
3529 3397 3816 3451 Hermetis

2105 3477 2264 3534 Mart.
2298 3483 2351 3547 6,
2375 3479 2468 3535 SS.
2499 3481 2838 3534 Herculeani
2898 3481 3157 3553 Episcop.
3208 3489 3266 3536 et
3313 3484 3471 3538 Mart.
3521 3490 3579 3538 et
3608 3484 3816 3540 Rema-

2104 3566 2174 3618 cli
2205 3567 2386 3636 Episc.
2422 3573 2475 3631 7,
2519 3568 2574 3622 S.
2628 3569 2914 3623 Theodori
2973 3572 3126 3625 Mart.
3194 3575 3245 3637 8,
3296 3573 3352 3626 8.
3405 3572 3605 3626 Briccii
3646 3574 3808 3630 Conf.

2172 3655 2261 3708 96.
2301 3677 2321 3703 ι
2350 3659 2672 3725 assurgunt
2719 3657 2869 3711 inter
2922 3658 3383 3731 hacpyramides
3423 3668 3674 3732 quatuor
3725 3664 3814 3717 in-

2101 3743 2293 3813 signes
2340 3750 2648 3813 argentea,
2698 3745 2956 3816 reliquiis
3010 3764 3145 3803 sane
3193 3749 3458 3819 pretiosis
3490 3755 3546 3804 et
3601 3753 3814 3821 praci—

2101 3848 2346 3902 puorum
2388 3832 2724 3887 Sanctorum
2801 3835 3014 3902 ditata,
3072 3838 3346 3891 nimirum
3393 3838 3654 3910 reliquiis
3712 3847 3818 3895 aut

2099 3920 2321 3973 ossibus
2351 3921 2406 3976 S.
2463 3922 2696 3975 Joannis
2729 3923 3014 3993 Baptista,
3053 3924 3145 3979 SS.
3187 3926 3350 3979 Pauli
3394 3931 3451 3980 et
3507 3928 3814 3984 Bartholo-

2101 4008 2231 4062 mai
2259 4011 2685 4079 Apostolorum,
2719 4011 2810 4065 SS.
2859 4012 3132 4082 Stephani
3189 4015 3528 4069 Protomart.
3561 4016 3615 4070 S.
3664 4019 3816 4072 Lau-

2095 4096 2268 4150 rentii
2319 4098 2476 4152 Mart.
2535 4099 2590 4153 S.
2659 4101 3024 4154 Pantaleonis
3063 4103 3218 4157 Mart.
3271 4104 3324 4157 S.
3373 4105 3596 4158 Achatii
3640 4107 3804 4162 Mart.

2095 4191 2200 4239 etc.
2233 4186 2287 4240 S.
2319 4186 2502 4240 Maria
2538 4188 2905 4258 Magdalena.
2962 4190 3017 4245 S.
3055 4191 3295 4245 Caecilia
3337 4193 3488 4263 Virg.
3547 4199 3604 4248 et
3637 4195 3805 4252 Mart.

2093 4278 2199 4328 etc.
2231 4275 2547 4344 Exponitur
2585 4276 2798 4330 ibidem
2862 4278 3014 4332 inter
3053 4286 3240 4334 cetera
3281 4281 3458 4337 altare
3490 4283 3573 4353 (ut
3599 4290 3810 4339 vocant

2091 4359 2381 4429 portatile,
2417 4376 2531 4430 quo
2571 4377 2704 4414 usus
2732 4361 2938 4416 dicitur
3003 4364 3221 4418 militia
3279 4365 3332 4420 S.
3397 4367 3694 4434 Henricus,
3731 4371 3807 4424 ad

2090 4447 2483 4501 instruendam
2552 4465 2710 4502 aram
2768 4466 2872 4520 pro
2914 4452 3190 4507 sacriﬁcio
3242 4454 3465 4509 Missa:
3507 4455 3806 4513 inclusum

2089 4539 2173 4588 est
2200 4535 2308 4588 hoc
2332 4535 2598 4605 portatile
2646 4536 2821 4591 theca
2867 4539 3154 4608 pretiosa,
3210 4542 3454 4610 gemmis
3476 4548 3528 4597 et
3562 4545 3809 4600 unioni-

2087 4623 2193 4676 bus
2219 4623 2530 4693 insignita,
2563 4641 2692 4695 qua
2722 4632 2931 4695 praeter
2967 4629 3306 4698 particulam
3355 4630 3411 4684 S.
3441 4632 3638 4687 Crucis
3665 4651 3809 4689 con-

2084 4712 2229 4765 tinet
2275 4712 2545 4783 reliquias
2577 4713 2671 4768 SS.
2733 4715 2960 4786 Georgii
3011 4723 3067 4769 et
3116 4717 3392 4788 Stephani
3441 4721 3806 4780 Protomart.

2085 4800 2497 4870 Christophori,
2552 4801 2856 4870 Pancratii,
2936 4803 3275 4872 Sebastiani,
3356 4807 3672 4879 Laurentii,
3746 4819 3809 4867 et

2085 4887 2153 4942 de
2184 4889 2454 4942 craticula
2479 4890 2622 4960 ejus.

2153 4979 2241 5030 97.
2288 4996 2315 5027 a
2361 4979 2628 5032 Prostant
2688 4986 2967 5050 praterea
3032 4983 3345 5052 conspicui,
3428 4999 3493 5037 ex
3542 4989 3804 5057 utraque

2081 5070 2264 5134 parte,
2313 5066 2444 5119 libri
2501 5068 2942 5138 Evangeliorum
2982 5075 3247 5140 quatuor,
3281 5071 3501 5126 codices
3521 5073 3798 5142 pretiosi,

2080 5152 2139 5205 in
2168 5153 2344 5206 thecis
2375 5155 2567 5208 sericis
2611 5172 2753 5210 auro
2809 5158 3169 5228 gemmisque
3221 5159 3534 5214 liberaliter
3578 5161 3806 5217 distin-

2077 5241 2180 5293 ctis
2201 5243 2503 5313 compacti,
2537 5248 2592 5296 et
2638 5260 2742 5298 sua
2801 5261 2858 5298 se
2899 5246 3236 5317 antiquitate
3288 5249 3799 5320 commendantes,

2076 5334 2274 5401 utpote
2305 5332 2375 5385 ab
2401 5331 2524 5401 ipso
2583 5332 2643 5389 S.
2681 5333 2918 5388 Henrico
2951 5336 3200 5391 ecclesia
3235 5337 3546 5392 cathedrali
3591 5339 3656 5392 in
3681 5340 3800 5394 do-

2075 5435 2236 5486 num,
2269 5424 2427 5474 tauto
2465 5426 2695 5492 tamque
2728 5423 2823 5493 pio
2855 5424 3203 5497 condignum
3237 5427 3589 5497 Imperatore
3619 5428 3798 5483 obla-

2070 5511 2215 5561 tum.
2249 5508 2384 5561 Tam
2410 5508 2714 5579 magniﬁco
2751 5511 2997 5582 desuper
3053 5518 3258 5567 ornatu
3317 5514 3490 5568 veluti
3527 5533 3797 5572 corona-

2074 5598 2185 5662 tus,
2216 5595 2274 5649 in
2335 5595 2458 5666 ipso
2517 5612 2632 5651 ara
2691 5599 2880 5654 medio
2947 5617 3050 5670 per
3087 5607 3433 5667 excavatum,
3464 5608 3528 5658 ut
3557 5605 3798 5662 dictum
