3938 6314
144 318 239 369 ΠἹ

1796 317 1990 374 ACTA.

3553 316 3651 371 178

132 443 236 503 est,
269 437 555 492 fornicem
586 441 825 508 apparet
880 451 1238 490 marmoreus
1283 441 1613 491 sanctorum
1644 438 1844 507 Conju-
1876 439 1920 491 Α
1959 438 2211 493 ecclesia
2241 438 2580 493 cathedralis
2638 437 2695 491 in
2754 437 2950 491 habitu
3019 436 3321 499 diaconali,
3380 436 3653 508 Episcopo

130 543 270 597 gum
301 527 589 591 tumulus,
635 529 822 597 tapete
869 524 1036 594 nigro
1070 524 1266 591 serico,
1301 525 1615 579 unionibus
1648 525 1847 597 copio-

129 615 394 681 sissimis,
450 629 726 685 auroque,
796 628 968 684 opere
1027 612 1292 684 Phrygio,
1358 612 1680 667 intertextis
1730 630 1851 683 pre-

130 702 447 757 tiosissimo
496 704 804 756 instratus:
854 701 955 771 qui
1011 701 1347 755 ardentibus
1388 717 1493 771 per
1546 701 1848 756 circuitum

130 808 195 846 ex
235 808 371 846 cera
422 791 645 860 virgine
692 790 941 845 candelis
982 789 1221 843 omnino
1270 790 1671 861 quadraginta,
1725 806 1847 845 ma-

132 881 344 950 gniﬁce
397 881 719 934 illustratur
758 878 894 945 ;cui
935 878 1123 933 lucem
1171 878 1448 947 adjiciunt
1487 894 1553 932 ex
1604 885 1848 950 utroque

132 970 372 1024 fornicis
403 970 579 1024 latere
610 967 902 1038 lampades
960 983 1027 1021 ex
1077 973 1314 1037 argento
1363 967 1634 1021 deaurato
1683 968 1848 1021 sede-

135 1060 269 1127 cim,
304 1074 423 1111 una
448 1074 579 1110 cum
610 1056 968 1111 candelabris
1017 1055 1332 1126 pensilibus
1380 1055 1663 1125 argenteis
1705 1072 1847 1127 qua-

137 1152 286 1211 tuor,
320 1162 455 1217 qua
514 1144 665 1198 binis
712 1144 938 1214 singula
984 1144 1268 1197 collucent
1321 1143 1519 1209 cereis,
1559 1149 1615 1197 et
1675 1144 1847 1197 simul

135 1234 331 1289 omnia
367 1234 437 1287 ad
468 1232 864 1286 illustrandam
917 1230 1254 1286 Sanctorum
1312 1231 1555 1301 gloriam
1619 1231 1847 1302 egregie

134 1324 463 1376 conferunt.

202 1413 299 1465 98.
345 1428 374 1460 α
417 1409 708 1463 Accedunt
735 1408 823 1461 his
874 1407 935 1460 in
963 1411 1124 1477 parte
1178 1422 1291 1460 ara
1323 1406 1544 1474 intima,
1586 1406 1846 1478 reliquiae

132 1500 260 1552 alia
287 1514 469 1565 supra
498 1495 793 1550 recensitis
824 1496 974 1549 haud
1021 1495 1318 1549 inferiores
1360 1512 1373 1548 :
1417 1494 1629 1548 scilicet
1657 1496 1847 1548 clavus

131 1589 379 1651 ferreus,
414 1602 531 1657 quo
565 1583 817 1639 Christus
866 1584 1129 1638 Salvator
1158 1583 1422 1636 manibus
1480 1583 1635 1637 cruci
1682 1584 1849 1637 hasit

130 1676 360 1741 afﬁxus,
394 1674 463 1727 de
515 1674 677 1743 cujus
715 1672 951 1725 veritate
1001 1672 1158 1725 bulla
1205 1672 1530 1725 authentica
1575 1688 1748 1741 supra
1779 1672 1852 1726 al-

132 1766 323 1832 legata
356 1778 371 1816 :
404 1762 567 1826 item,
624 1760 789 1831 Spina
836 1761 905 1814 de
963 1776 1175 1814 corona
1233 1759 1491 1830 ejusdem
1539 1760 1848 1815 Salvatoris

136 1854 221 1917 NT,
265 1868 410 1904 crux
442 1851 679 1920 insuper
719 1854 988 1918 argentea
1038 1848 1323 1914 inaurata,
1372 1849 1673 1903 continens
1712 1866 1847 1919 par-

132 1942 374 1994 ticulam
400 1940 457 1995 S.
490 1938 673 1993 crucis
693 1942 748 1992 et
786 1937 1031 2007 digitum
1061 1939 1115 1992 S.
1172 1937 1463 1991 Gertrudis
1495 1953 1509 1990 :
1541 1954 1654 2008 qua
1682 1954 1846 1992 cruce

132 2030 315 2083 fertur
347 2029 403 2083 S.
446 2027 717 2081 Henricus
748 2025 1063 2097 virgineam
1105 2025 1213 2079 sibi
1243 2042 1510 2095 sponsam
1532 2027 1851 2097 'Cunegun-

135 2120 264 2173 dam
299 2116 691 2171 subarrhasse.
723 2116 941 2169 Ornant
980 2120 1257 2184 praterea
1287 2121 1343 2168 et
1388 2115 1675 2170 illustrant
1706 2118 1850 2169 hanc

136 2224 248 2260 ara
283 2211 510 2277 partem
558 2203 906 2258 Candelabra
965 2219 1059 2256 sex
1094 2207 1383 2272 argentea,
1416 2218 1546 2255 cum
1576 2202 1848 2258 interme-

137 2297 231 2350 dio
266 2293 547 2348 crucitixo
598 2296 871 2362 argenteo
908 2307 921 2344 :
964 2290 1255 2344 collocatis
1289 2292 1355 2344 ad
1399 2291 1605 2359 pedem
1657 2292 1850 2345 altaris

140 2382 501 2438 candelabris
549 2379 675 2434 aliis
736 2378 1025 2449 argenteis
1084 2378 1329 2444 duobus,
1397 2378 1715 2433 altitudinis
1758 2396 1852 2450 pe-

139 2472 277 2526 dum
314 2474 369 2523 7.
404 2471 589 2537 Atque
627 2465 749 2519 hac
795 2467 865 2519 de
912 2464 1159 2535 sepulcri
1207 2469 1264 2517 et
1310 2480 1425 2517 ara
1475 2468 1681 2517 ornatu
1729 2480 1849 2516 ma-

138 2558 374 2629 gniﬁco.
399 2555 539 2620 Qua
568 2558 910 2624 sequuntur,
946 2553 1093 2608 Festi
1124 2553 1323 2623 ipsius,
1378 2560 1433 2606 et
1462 2552 1685 2607 Octava
1718 2553 1849 2606 sub-

139 2645 438 2718 sequentis
466 2643 867 2697 solennitatem
897 2643 1265 2695 concernunt.
1301 2660 1328 2691 »

394 2733 423 2803 §
456 2734 525 2786 ll.
560 2730 825 2801 Ejusdem
854 2731 1125 2785 institutio
1163 2732 1214 2783 et
1246 2727 1602 2783 continuatio.

209 2828 298 2879 99.
343 2846 365 2873 ιι
402 2822 591 2878 Pridie
642 2823 701 2876 in
732 2822 855 2893 ipso
907 2819 1205 2892 pervigilio
1259 2819 1425 2886 Festi,
1472 2819 1615 2872 hora
1670 2818 1856 2890 prima

140 2918 392 2969 terretur
430 2912 504 2966 ad
550 2910 765 2981 primas
796 2911 1091 2979 Vesperas,
1142 2923 1482 2978 magnarum
1523 2908 1613 2977 (de
1646 2908 1853 2978 quibus

140 3001 339 3072 supra)
382 2998 837 3070 compulsatione
867 2996 1092 3051 solenni
1140 3012 1572 3066 campanarum.
1628 2998 1855 3050 Festum
1887 2991 1927 3045 C

143 3090 356 3144 dicitur
386 3087 708 3159 episcopale
758 3090 815 3141 et
852 3085 1037 3153 Pallii,
1071 3086 1131 3139 in
1166 3102 1280 3157 quo
1312 3085 1579 3140 Ofﬁcians
1610 3090 1698 3140 est
1729 3087 1855 3157 Epi-

143 3195 372 3248 scopus.
404 3178 663 3247 Vespera
690 3175 1032 3229 inchoantur
1063 3175 1203 3229 hora
1258 3174 1447 3241 tertia,
1500 3174 1613 3228 ritu
1672 3176 1858 3228 solen-

142 3268 408 3334 nissimo,
432 3267 595 3337 juxta
612 3265 1007 3320 caremoniale
1045 3265 1367 3318 Romanum
1399 3279 1413 3330 ;
1464 3267 1520 3317 et
1550 3263 1649 3332 (uti
1681 3263 1853 3317 etiam

145 3373 250 3427 per
279 3360 458 3410 totam
493 3354 759 3410 Octavam
798 3352 1060 3409 Ofﬁcium
1110 3351 1369 3406 divinum
1399 3351 1707 3422 reliquum)
1737 3368 1854 3405 non

144 3446 205 3500 in
236 3445 415 3499 choro
447 3442 757 3508 ordinario,
808 3442 903 3496 sed
937 3442 996 3495 in
1042 3441 1172 3494 navi
1220 3441 1473 3494 ecclesia
1496 3445 1628 3494 ante
1659 3442 1853 3511 sepul—

146 3550 311 3589 crum
359 3532 451 3587 SS.
500 3530 727 3585 Henrici
777 3534 833 3584 et
884 3528 1252 3599 Cunegundis
1300 3529 1675 3593 celebrantur,
1721 3529 1853 3599 qui-

147 3624 256 3678 bus
290 3620 467 3675 ﬁnitis
521 3618 773 3674 succedit
830 3617 1277 3689 Completorium
1312 3634 1325 3671 :
1360 3617 1646 3672 intersunt
1674 3633 1853 3671 cano-

143 3710 257 3764 nici
278 3707 454 3762 trium
487 3706 853 3762 ecclesiarum
883 3705 1340 3775 collegiatarum.

219 3800 348 3853 100.
398 3816 427 3847 a
453 3796 613 3850 Mane
644 3796 821 3849 altero
845 3794 959 3849 diei
987 3794 1280 3866 sequentis
1298 3793 1558 3847 divinum
1587 3793 1849 3849 Ofﬁcium

142 3886 346 3954 incipit
376 3885 518 3938 hora
546 3886 720 3948 sexta,
758 3882 971 3953 pravia
1027 3898 1223 3936 rursus
1253 3897 1664 3951 campanarum
1693 3898 1849 3935 com-

142 3974 489 4046 pulsatione.
548 3972 869 4027 Decantatis
925 3970 1243 4025 solenniter
1292 3970 1589 4033 Matutino,
1652 3970 1851 4025 Laudi-

144 4065 248 4119 bus
278 4066 337 4117 et
392 4061 602 4127 Prima,
658 4060 919 4131 sequitur
977 4060 1121 4113 hora
1169 4064 1363 4113 octava
1414 4059 1610 4113 concio
1680 4075 1851 4130 pane-

144 4150 337 4222 gyrica
366 4150 436 4203 de
495 4150 719 4215 Sancto,
786 4165 901 4219 qua
955 4148 1235 4213 absoluta,
1293 4147 1669 4201 decantantur
1706 4148 1847 4201 hora

149 4242 328 4305 Nona,
359 4237 551 4293 Tertia
578 4243 635 4291 et
670 4238 852 4292 Sexta.
912 4237 1150 4301 Quando
1181 4235 1475 4290 ecclesiam
1528 4235 1849 4305 ingreditur

150 4329 460 4399 Episcopus
500 4325 781 4396 excipitur
838 4343 869 4379 a
899 4325 1146 4396 quodam
1196 4341 1259 4378 ex
1286 4324 1534 4378 dominis
1564 4324 1850 4378 canonicis

145 4415 585 4481 cathedralibus,
629 4415 998 4486 prastolante
1065 4429 1195 4467 cum
1240 4429 1403 4466 cruce
1451 4413 1615 4483 quasi
1660 4412 1851 4467 archi—

146 4503 457 4575 episcopali
486 4503 568 4572 (in
609 4502 837 4574 signum
868 4502 1263 4572 prarogativa
1310 4501 1667 4571 episcopatus
1694 4502 1852 4555 Bam-

148 4592 444 4665 bergensis
503 4592 808 4661 gaudentis
852 4591 1047 4655 Pallio,
1105 4596 1158 4644 et
1218 4590 1474 4644 Romano
1520 4590 1849 4644 immediate

150 4681 414 4739 Pontifici
443 4680 721 4751 subjecti).
756 4681 898 4734 Tum
940 4681 1009 4734 ad
1057 4679 1370 4733 sacristiam
1423 4679 1697 4733 deductus
1731 4680 1851 4749 Epi-

147 4788 371 4843 scopus,
401 4769 829 4840 pontiﬁcalibus
876 4785 981 4839 pro
1012 4785 1237 4824 summo
1291 4769 1459 4823 Sacro
1510 4769 1850 4823 celebrando

148 4859 501 4934 paramentis
523 4858 735 4913 ibidem
770 4858 1034 4913 induitur
1065 4879 1077 4923 ;
1117 4863 1173 4911 et
1207 4859 1375 4913 Sexta
1406 4858 1647 4913 subinde
1667 4857 1847 4925 finita,

151 4969 180 5006 e
209 4948 466 5004 sacristia
493 4947 861 5018 progreditur
889 4947 1090 5001 ordine
1124 4946 1406 5018 sequenti.

226 5042 344 5095 101.
380 5058 407 5088 ς
444 5041 497 5091 1ο
554 5036 827 5092 Pracedit
867 5036 1114 5091 adituus
1161 5036 1220 5090 in
1260 5035 1700 5107 superpelliceo,
1740 5052 1853 5090 sce-

155 5134 345 5201 ptrum
400 5126 711 5197 praeferens
773 5130 1131 5196 argenteum.
1196 5129 1255 5180 2o
1308 5126 1638 5196 Sequuntur
1702 5125 1854 5178 hunc

153 5217 397 5287 acolythi
426 5219 675 5287 quatuor
713 5231 843 5269 cum
872 5214 1179 5270 thuribulis
1239 5215 1463 5269 duobus
1493 5218 1548 5268 et
1579 5214 1851 5267 naviculis

157 5308 412 5363 totidem.
466 5308 525 5360 3ο
580 5304 839 5375 Acolythi
885 5310 1132 5375 quatuor
1186 5303 1281 5358 alii
1325 5304 1667 5358 candelabra
1704 5304 1854 5357 defe-

155 5401 341 5451 rentes
370 5411 503 5449 cum
553 5393 731 5448 cereis
787 5395 1054 5459 accensis,
1116 5410 1345 5465 unaque
1400 5392 1743 5448 deducentes
1791 5392 1851 5446 in

157 5485 342 5540 medio
386 5483 730 5539 canonicum
808 5484 1213 5549 cathedralem,
1275 5482 1513 5553 pluviali
1563 5482 1848 5547 indutum,

156 5589 497 5646 crucemque
558 5572 980 5644 praferentem.
1040 5573 1366 5627 Succedunt
1419 5570 1674 5625 canonici
1736 5571 1850 5625 duo

1958 527 2332 594 assistentes;
2380 530 2509 597 post
2556 542 2699 596 quos
2747 525 3001 596 procedit
3047 525 3424 580 subdiaconus
3456 530 3652 579 canta-

1959 620 2121 668 turus
2154 615 2461 685 Epistulam
2498 632 2512 682 ;
2548 620 2670 668 tum
2722 614 3014 678 diaconus,
3050 619 3290 685 uterque
3313 632 3376 668 ex
3410 612 3654 668 dominis

1957 704 2245 757 canonicis
2275 704 2495 757 cathed.
2556 719 2797 774 quorum
2859 704 3091 758 ultimus
3141 702 3355 757 incedit
3408 702 3477 755 ad
3510 700 3652 754 sini-

1957 798 2131 845 stram
2163 792 2481 863 presbyteri
2538 791 2855 846 assistentis
2913 798 2971 845 et
3025 791 3260 861 pluviali
3312 790 3518 843 induti.
3551 789 3655 843 Se-

1956 881 2154 951 quitur
2182 882 2492 950 Episcopus
2536 880 2596 933 in
2624 880 3045 951 pontiﬁcalibus
3101 895 3230 932 cum
3262 879 3437 932 Pallio
3470 883 3527 931 et
3552 878 3656 932 ba—

1955 971 2079 1022 culo
2111 970 2402 1039 pastorali,
2459 970 2828 1040 subsequitur
2874 985 3002 1023 cum
3062 968 3188 1021 aliis
3240 966 3535 1021 sacellanis
3564 982 3657 1021 au-

1954 1057 2077 1111 licis
2128 1058 2590 1112 caremoniarius
2621 1074 2633 1123 ;
2664 1074 2837 1127 quem
2893 1058 3188 1127 excipiunt
3236 1055 3497 1109 canonici
3542 1056 3656 1109 duo

1955 1162 2022 1199 ex
2049 1146 2381 1215 collegiatis,
2438 1146 2623 1199 induti
2682 1145 3027 1215 pluvialibus
3084 1145 3155 1199 ad
3212 1144 3441 1198 mitram
3473 1147 3529 1197 et
3557 1144 3656 1197 ba-

1954 1235 2147 1289 culum
2176 1235 2520 1304 pastoralem
2553 1234 2943 1287 inservientes.

2030 1325 2148 1377 102.
2190 1322 2421 1377 «Finito
2459 1323 2561 1375 hac
2607 1322 2829 1375 ratione
2889 1320 3087 1375 Ofﬁcio
3132 1320 3327 1374 divino
3361 1320 3660 1373 antemeri-

1956 1412 2146 1473 diano,
2178 1412 2320 1464 hora
2352 1416 2479 1481 post
2510 1410 2804 1463 meridiem
2836 1409 3024 1478 prima
3064 1409 3333 1462 sodalitas
3357 1407 3657 1475 juniorum

1956 1497 2379 1568 opiﬁcum,sub
2408 1499 2574 1550 titulo
2623 1498 2680 1550 Β.
2744 1497 2993 1566 Virginis
3040 1497 3162 1549 sine
3220 1497 3438 1549 macula
3463 1511 3659 1549 conce-

1958 1594 2094 1658 pta,
2136 1588 2355 1641 solenni
2415 1587 2772 1657 processioue
2814 1603 2879 1638 ex
2930 1585 3179 1639 oratorio
3230 1603 3332 1638 suo
3377 1585 3444 1638 ad
3478 1585 3661 1637 eccle—

1958 1676 2099 1729 siam
2157 1676 2540 1730 cathedralem
2602 1675 2938 1739 deducitur;
2992 1674 3090 1727 ubi
3146 1674 3335 1727 habita
3367 1674 3553 1727 denuo
3594 1672 3661 1726 de

1957 1764 2147 1819 Sancti
2169 1764 2388 1817 meritis
2443 1764 2717 1817 concione
2775 1762 3138 1831 panegyrica,
3191 1761 3477 1830 incipiunt
3525 1762 3665 1814 hora

1959 1853 2125 1906 tertia
2190 1853 2468 1923 Vespera.
2535 1851 2628 1904 llis
2667 1866 2783 1903 una
2839 1866 2969 1903 cum
3025 1850 3407 1919 Completorio
3461 1849 3660 1915 ﬁnitis,

1956 1941 2254 1995 decantata
2285 1941 2354 1994 ad
2385 1943 2702 1994 extremum
2732 1941 2945 2009 hymno
2979 1939 3172 1991 Ambr.
3196 1939 3270 1991 Te
3305 1939 3503 2002 Deum,
3531 1943 3660 2000 elc.,

1958 2035 2011 2083 et
2066 2031 2197 2083 data
2262 2038 2392 2083 cum
2438 2027 2752 2081 venerabili
2836 2027 3200 2081 Sacramento
3266 2026 3662 2080 benedictione

1958 2117 2199 2184 solenni,
2234 2119 2356 2188 ejus
2388 2117 2501 2171 diei
2546 2116 2819 2169 festivitas
2877 2115 3254 2169 concluditur.
3292 2115 3392 2169 Die
3437 2121 3665 2185 postera

1958 2207 2198 2276 aliisque
2255 2222 2357 2276 per
2401 2210 2579 2259 totam
2642 2206 2906 2259 Octavam
2961 2203 3460 2273 subsequentibus,
3517 2219 3667 2255 sum-

1959 2311 2119 2349 mum
2141 2294 2373 2348 Sacrum
2404 2298 2526 2347 tum
2559 2309 2591 2345 a
2632 2291 3154 2346 Reverendisssimo
3191 2293 3251 2345 D.
3303 2292 3664 2361 suffraganeo

1959 2389 2081 2437 tum
2114 2401 2147 2437 a
2194 2382 2479 2436 canonicis
2533 2380 2977 2446 cathedralibus,
3034 2397 3165 2433 cum
3205 2380 3433 2434 decauis
3487 2381 3663 2433 eccle-

1961 2473 2174 2525 siarum
2206 2471 2488 2539 collegiat.
2523 2469 2836 2524 solenniter
2875 2470 3210 2523 celebratur.

2036 2563 2152 2614 103.
2191 2582 2217 2608 ‹‹
2250 2560 2434 2614 Pridie
2482 2560 2596 2614 diei
2626 2564 2855 2625 octava,
2903 2558 3059 2623 dato,
3117 2562 3180 2611 ut
3216 2572 3407 2629 supra,
3466 2557 3535 2610 ad
3562 2557 3664 2610 ho-

1960 2664 2083 2701 ram
2115 2648 2362 2717 primam
2410 2647 2705 2716 campanis
2764 2645 3077 2715 majoribus
3109 2645 3295 2715 signo,
3328 2646 3471 2699 hora
3499 2644 3666 2698 tertia

1964 2738 2221 2806 Vespera
2253 2753 2287 2790 a
2341 2734 2832 2791 Reverendissimo
2884 2735 2945 2787 D.
3008 2733 3220 2788 decano
3269 2733 3520 2787 ecclesia
3574 2750 3664 2786 ca-

1960 2826 2258 2890 thedralis,
2304 2830 2587 2895 prasente
2622 2824 2897 2894 Episcopo
2947 2826 3003 2875 et
3050 2821 3544 2877 Reverendissimo
3567 2839 3664 2875 ca-

1960 2914 2144 2984 pitulo
2198 2913 2509 2968 cathedrali
2564 2912 2853 2981 universo,
2905 2912 3069 2982 juxta
3106 2910 3281 2965 ritum
3342 2912 3663 2965 Romanum

1966 3019 2095 3057 cum
2130 3002 2471 3056 solennitate
2496 3000 2828 3072 prascripta
2872 3000 3256 3065 celebrantur,
3285 3000 3664 3069 subsequente

1966 3092 2390 3161 Completorio:
2422 3095 2552 3161 post
2603 3090 2756 3161 quod
2813 3089 2954 3143 hora
3001 3093 3157 3142 sexta
3185 3087 3525 3159 vespertina,
3565 3104 3665 3140 eo—

1964 3182 2092 3236 dem
2120 3179 2611 3235 Reverendissimo
2667 3179 2725 3233 D.
2783 3178 2997 3231 decano
3056 3177 3390 3243 ofﬁciatore,
3443 3175 3665 3230 Matuti-

1967 3286 2104 3323 num
2129 3285 2260 3323 cum
2295 3268 2582 3322 Laudibus
2628 3266 2990 3335 anticipatur.
3042 3266 3201 3319 Mane
3254 3266 3452 3329 altero,
3478 3264 3665 3318 medio

1964 3364 2154 3422 sexta,
2183 3358 2558 3410 decantantur
2588 3354 2740 3407 hora
2794 3354 3032 3422 reliqua
3088 3368 3267 3421 usque
3309 3352 3376 3405 ad
3442 3353 3665 3406 Nonam

1962 3445 2235 3500 inclusive
2280 3461 2292 3498 :
2349 3445 2489 3497 hora
2546 3448 2703 3496 sexta
2780 3440 2976 3493 concio
3046 3439 3387 3510 panegyrica
3443 3454 3457 3492 :
3525 3440 3666 3493 hora

1962 3535 2150 3603 prima
2179 3532 2477 3585 ordinatur
2515 3528 2800 3601 processio
2831 3544 2931 3598 per
2986 3530 3188 3581 urbem
3242 3527 3660 3593 solennissima,

1961 3624 2122 3692 cujus
2169 3621 2261 3675 hic
2300 3619 2408 3673 sibi
2451 3621 2636 3673 locum
2687 3618 2995 3686 descriptio
3053 3616 3277 3670 videtur
3324 3615 3661 3670 vendicare:

1962 3719 2046 3766 est
2069 3715 2259 3765 autem
2292 3707 2618 3778 hujusmodi
2643 3724 2655 3760 :

2036 3801 2154 3854 104.
2193 3820 2214 3848 α
2251 3797 2485 3852 Initium
2516 3796 2615 3851 dat
2666 3812 2814 3850 unus
2843 3812 2873 3849 e
2916 3793 3127 3849 summi
3160 3793 3361 3863 templi
3416 3792 3662 3857 adituis,

1960 3888 2373 3961 superpelliceo
2436 3885 2693 3951 indutus,
2762 3889 3049 3955 sceptrum
3081 3882 3389 3954 praferens
3452 3897 3664 3951 argen-

1960 3984 2140 4034 teum.
2183 3977 2515 4046 Sequuntur
2574 3974 2775 4028 vexilla
2834 3977 3082 4044 quatuor
3112 3989 3125 4026 :
3157 3972 3307 4025 inter
3335 3987 3463 4042 qua
3490 3970 3663 4024 indu-

1957 4074 2049 4122 tus
2075 4066 2311 4137 pluviali
2344 4064 2608 4118 sacerdos
2656 4062 2888 4129 incedit,
2924 4062 3067 4116 dans
3101 4060 3503 4131 aspersorium.
3533 4060 3665 4113 Post

1956 4157 2108 4211 hunc
2138 4154 2261 4209 bini
2293 4157 2348 4207 et
2374 4152 2494 4206 bini
2523 4151 2842 4222 procedunt
2870 4148 3079 4203 summi
3105 4147 3307 4217 templi
3330 4148 3613 4200 scholares
3645 4162 3657 4198 :

1957 4245 2096 4299 item
2124 4244 2253 4297 dua
2292 4241 2475 4295 tribus
2498 4233 2839 4294 mechanica
2873 4238 3169 4291 lanionum
3200 4241 3257 4290 et
3287 4235 3660 4305 piscatorum,

1960 4350 2089 4388 cum
2121 4331 2298 4386 cereis
2324 4329 2568 4399 magnis,
2604 4345 2745 4399 quos
2776 4326 2982 4396 excipit
3035 4324 3240 4378 chorus
3267 4323 3476 4377 vocalis
3527 4339 3661 4376 mu-

1959 4422 2204 4476 sicorum
2261 4417 2636 4472 cantantium.
2712 4415 3035 4470 Succedunt
3085 4413 3325 4469 Ordines
3385 4412 3660 4483 religiosi,

1960 4510 2078 4564 suis
2113 4506 2365 4562 distincti
2405 4505 2694 4570 crucibus;
2734 4509 2790 4558 et
2846 4503 3021 4574 primi
3076 4503 3306 4574 quidem
3359 4503 3461 4556 PP.
3518 4502 3659 4573 Cap-

1957 4597 2174 4669 pucini,
2217 4601 2339 4649 tum
2388 4596 2492 4648 PP.
2528 4593 2869 4660 Carmelita,
2922 4593 3127 4647 deinde
3164 4594 3268 4646 PP.
3303 4590 3660 4645 Franciscani

1958 4691 2085 4758 post
2136 4687 2241 4740 PP.
2296 4682 2675 4747 Dominicani,
2752 4683 2953 4736 ultimo
3017 4684 3119 4736 PP.
3182 4680 3533 4735 Benedictini
3590 4680 3659 4734 de

1959 4779 2150 4829 monte
2178 4774 2232 4828 S.
2270 4772 2577 4837 Michaelis,
2605 4771 2834 4842 quibus,
2884 4772 2943 4825 in
2994 4771 3220 4840 signum
3274 4769 3660 4841 imperatoria

1957 4882 1990 4919 a
2021 4866 2075 4919 S.
2118 4862 2360 4919 Henrico
2391 4861 2551 4914 facta
2616 4859 2991 4922 fundationis,
3024 4864 3313 4929 sceptrum
3360 4859 3661 4930 praefertur

1958 4957 2297 5023 argenteum
2327 4966 2455 5004 cum
2484 4948 2744 5003 crucibus
2764 4948 2984 5002 duabus
3022 4945 3331 5017 argenteis.

2034 5044 2152 5097 105.
2180 5059 2207 5091 ‹‹
2238 5038 2508 5109 Sequitur
2533 5038 2635 5091 hos
2664 5038 2855 5091 denuo
2889 5035 3135 5090 adituus
3194 5034 3444 5089 ecclesia
3471 5032 3660 5088 cathe-

1957 5130 2133 5185 dralis
2163 5129 2221 5183 in
2248 5126 2662 5198 superpelliceo
2695 5142 2824 5179 cum
2856 5128 3079 5194 sceptro
3120 5128 3429 5194 argenteo;
3454 5121 3658 5176 deinde

1958 5219 2161 5273 vexilla
2184 5218 2299 5272 duo
2329 5215 2590 5283 candida,
2632 5219 2763 5284 post
2783 5229 2913 5282 qua
2949 5228 3142 5267 cruces
3164 5212 3293 5266 dua
3351 5215 3656 5281 argentea,

1959 5307 2276 5377 deportata
2301 5322 2335 5359 a
2367 5304 2593 5359 duobus
2621 5301 2909 5357 canonicis
2958 5299 3438 5363 domicellaribus,
3468 5299 3658 5368 primo

1955 5395 2334 5450 residentibus
2362 5393 2421 5448 in
2474 5392 2671 5463 cappis
2704 5408 2717 5446 :
2760 5380 2882 5446 tum
2922 5388 3222 5444 duodecim
3263 5388 3320 5442 in
3353 5388 3542 5458 palliis
3570 5404 3660 5442 ce-

1956 5482 2132 5536 ruleis
2162 5481 2383 5546 fratres,
2417 5484 2481 5533 ut
2503 5484 2797 5543 vocantur,
2832 5477 3075 5539 sedium,
3116 5481 3171 5529 et
3191 5479 3437 5546 quatuor
3456 5476 3660 5530 fratres

1960 5570 2219 5641 equitum
2248 5570 2395 5634 (laici
2424 5573 2555 5621 sunt
2609 5567 2931 5637 prabendis
2994 5565 3285 5619 laicalibus
3322 5565 3664 5633 gaudentes)
