3938 6326
246 288 344 341 179

1544 288 1600 342 8.
1643 285 1926 342 UENRICI
1968 286 2042 340 ΠΙ
2055 285 2449 344 PERATOHIS

3656 286 3766 338 l80

233 407 338 462 hos
384 406 680 479 excipiunt
717 406 830 461 DD.
879 406 1076 461 vicarii
1122 406 1375 461 ecclesia
1403 406 1626 462 cathed.
1675 423 1780 462 nec
1821 423 1936 462 non
1963 409 2008 462 A
2047 409 2208 463 derio
2230 407 2654 462 venerationem
2685 406 2862 461 sancti
2893 405 3278 476 imperatoris,
3333 405 3404 460 de
3433 405 3541 460 hac
3570 405 3770 477 patria

233 494 492 549 canonici
539 494 716 549 trium
757 493 1123 548 ecclesiarum
1182 493 1613 564 collegiatarum
1661 510 1674 548 :
1727 493 1939 548 scilicet

234 584 304 638 ad
336 583 392 638 8.
422 582 720 648 Jacobum,
771 582 840 636 ad
892 582 948 636 S.
992 582 1416 652 Gangolphum,
1462 581 1530 636 ad
1584 581 1640 636 S.
1695 581 1936 653 Stepha-

237 688 398 727 num.
459 670 721 726 Succedit
781 670 1337 725 Reverendissimum
1385 669 1702 740 capitulum
1753 671 1940 724 cathe-

237 760 414 814 drale.
472 759 802 828 Sequuntur
831 763 1031 813 statua
1078 759 1136 812 in
1181 758 1400 812 feretris
1432 759 1748 829 deportata
1773 774 1806 811 a
1847 758 1940 812 di-

239 864 538 902 versorum
567 846 847 903 Ordinum
893 845 1190 917 Religiosis
1236 847 1297 900 in
1350 846 1674 900 Dalmaticis
1709 863 1722 912 ;
1758 846 1940 916 primo

239 953 378 990 crux
410 935 683 1006 pretiosa,
723 935 794 989 de
841 951 954 1006 qua
1002 951 1195 1005 supra,
1246 950 1280 988 a
1339 938 1586 1005 quatuor
1630 951 1697 990 ex
1728 935 1942 990 Ordine

243 1025 353 1079 BP.
388 1025 634 1095 Cappuc.
685 1027 737 1076 2.
787 1024 983 1078 Statua
1019 1023 1054 1078 8
1124 1022 1383 1092 Gregorii
1411 1039 1443 1076 a
1471 1028 1718 1093 quatuor
1749 1039 1817 1076 ex
1849 1021 1946 1076 Or-

243 1114 376 1167 dine
408 1115 511 1166 PP.
545 1111 831 1166 Carmelit.
881 1115 931 1165 3.
985 1113 1183 1166 Statua
1223 1111 1276 1165 S.
1337 1111 1704 1182 Cuneguudis
1737 1129 1768 1166 a
1799 1128 1943 1182 qua-

245 1207 378 1254 tuor
401 1217 467 1253 ex
502 1200 712 1255 Ordine
747 1201 849 1254 PP.
905 1200 1182 1253 Francisc.
1233 1199 1286 1252 4.
1331 1199 1527 1253 Statua
1555 1199 1609 1253 S.
1661 1199 1886 1253 Henrici
1915 1214 1949 1251 a

246 1296 497 1359 quatuor
546 1305 613 1342 ex
664 1288 873 1342 Ordine
933 1289 1038 1342 PP.
1097 1287 1461 1342 Pradicator.
1523 1290 1572 1341 5.
1633 1288 1832 1342 Statua
1884 1289 1944 1343 Β.

247 1377 495 1448 Virginis
533 1393 566 1430 a
605 1383 852 1447 quatuor
881 1393 945 1430 ex
988 1377 1122 1431 0rd.
1176 1377 1278 1429 PP.
1317 1375 1602 1431 Benedict.
1645 1376 1952 1430 lntercedit

247 1467 455 1519 chorus
506 1465 795 1518 musicalis
848 1464 1326 1528 instrumentalis,
1375 1471 1498 1518 tum
1548 1465 1758 1519 chorus
1807 1465 1952 1518 alius

241 1553 519 1622 juveuum
580 1552 800 1605 scenice
873 1552 1232 1620 vestitorum,
1290 1551 1665 1605 refcrentium
1705 1553 1954 1622 angelos

165 1678 168 1680 ν
248 1656 380 1693 cum
409 1639 700 1710 cymbalis.

328 1732 447 1783 106.
494 1749 516 1776 ε(
548 1729 878 1798 Sequuntur
909 1727 1114 1781 deinde
1135 1727 1248 1781 duo
1281 1727 1598 1798 presbyteri
1625 1727 1684 1781 in
1731 1727 1954 1798 pluvia-

252 1818 424 1884 libus,
465 1821 756 1886 portantes
787 1816 997 1870 librum
1047 1816 1486 1886 Evangeliorum
1535 1820 1590 1870 et
1619 1817 1823 1870 stolam
1854 1831 1956 1886 pro

254 1904 551 1958 cantaridis
580 1905 638 1958 in
691 1905 1000 1974 designatis
1056 1904 1401 1958 stationibus
1435 1904 1752 1974 Evangeliis
1789 1919 1804 1956 :
1833 1908 1957 1958 tum

254 1993 500 2062 acolythi
540 1993 654 2046 duo
687 1997 979 2064 portantes
1007 1993 1346 2046 candelabra
1376 2009 1506 2046 cum
1559 1993 1737 2046 cereis
1761 2008 1960 2046 accen-

255 2082 351 2135 sis.
383 2082 708 2136 Succedunt
737 2086 985 2151 quatuor
1022 2081 1082 2133 in
1114 2080 1451 2146 dalmaticis,
1507 2097 1637 2134 cuin
1685 2079 1961 2134 naviculis

256 2176 313 2223 et
359 2169 688 2234 tliuribulis,
743 2168 1179 2223 Sanctissimum
1253 2167 1529 2221 continuo
1581 2168 1958 2222 incensantes.

261 2260 391 2311 Post
417 2273 560 2327 quos
604 2256 999 2319 subdiaconus,
1060 2261 1118 2309 et
1170 2255 1462 2324 diaconus,
1503 2272 1567 2308 ac
1595 2256 1828 2310 tandem
1857 2254 1962 2309 sub

260 2345 600 2399 baldachino
642 2344 1166 2398 Reverendissimus
1223 2344 1474 2397 ecclesia
1506 2343 1846 2398 cathedralis
1871 2343 1966 2398 de-

260 2449 434 2486 canus
465 2437 700 2502 portans
725 2431 1058 2486 Venerabile
1087 2433 1537 2498 Sacramentum,
1569 2432 1731 2502 cujus
1769 2433 1967 2487 utrim-

263 2521 534 2591 quelatus
591 2520 804 2590 stipant
851 2521 1158 2590 Episcopus
1210 2525 1266 2574 et
1318 2520 1660 2590 Prapositus
1708 2521 1965 2591 ejusdem

261 2609 510 2662 ecclesia
540 2607 784 2675 cathed.,
815 2608 1076 2662 candidis
1125 2608 1345 2662 facibus
1379 2609 1659 2662 instructi.
1719 2609 1969 2681 Cingunt

267 2698 667 2752 baldachinum
712 2698 901 2751 octoni
943 2699 1199 2769 juvenes,
1237 2699 1385 2752 faces
1430 2697 1628 2752 itidem
1659 2700 1966 2769 praferen-

266 2789 368 2850 tes,
413 2800 514 2837 nec
569 2801 684 2838 non
729 2785 913 2838 tribus
969 2786 1304 2840 mechanica
1363 2785 1643 2855 pistorum
1689 2803 1819 2840 cum
1850 2786 1968 2840 suis

266 2872 517 2926 candelis
584 2873 919 2942 majoribus.
971 2873 1304 2943 Sequuntur
1349 2873 1550 2928 deinde
1600 2874 1819 2928 domini
1850 2881 1970 2928 sta-

2047 498 2190 552 adeo
2216 498 2489 568 praclare
2521 495 2730 561 meriti,
2761 493 3125 565 aliquatenus
3143 493 3428 565 augendi;
3461 499 3520 550 et
3549 499 3772 566 poten—

2047 589 2163 640 tem
2216 584 2682 640 intercessionem
2745 582 2915 652 hujus
2969 581 3159 637 Sancti
3217 581 3380 651 cujus
3443 582 3770 636 sacratissi-

2052 690 2209 727 mum
2236 689 2442 743 corpus
2483 688 2658 742 penes
2688 688 2747 725 se
2794 671 3026 732 habent,
3067 671 3299 740 speciali
3349 670 3540 741 aliqua
3588 672 3773 725 devo-

2052 762 2205 816 tione
2237 761 2616 830 promerenrli.
2671 760 3007 828 delegerunt
3059 759 3165 811 sibi
3197 758 3419 828 aliquot
3457 759 3578 813 dies
3608 758 3772 812 infra

2053 851 2340 914 Octavam,
2374 849 2582 920 quibus
2615 863 2837 901 sacrum
2887 847 3238 917 sepulcrum,
3270 846 3382 900 ritu
3433 847 3772 918 supplican-

2054 939 2196 992 tium
2229 939 2471 999 adirent,
2497 942 2556 990 et
2608 936 2799 991 Sancti
2841 935 3245 1006 patrocinium,
3287 935 3505 1005 junctis
3552 934 3774 988 animis

2056 1043 2119 1079 ac
2165 1024 2395 1078 vocibus
2441 1025 2836 1094 implorarent.
2910 1023 3008 1076 Die
3073 1038 3190 1076 uno
3230 1023 3444 1093 prodiit
3494 1023 3776 1077 sodalitas

2055 1110 2345 1181 Angelica,
2378 1126 2507 1181 qua
2559 1114 2672 1162 trcs
2731 1107 3129 1163 Grammatica
3167 1109 3376 1162 classes
3431 1108 3772 1179 complecti-

2057 1204 2168 1252 tur.
2204 1198 2395 1252 Altero
2457 1197 2725 1251 sodalitas
2779 1196 2979 1262 Media,
3042 1213 3215 1266 quam
3277 1198 3464 1250 Poeta
3512 1203 3568 1250 et
3611 1197 3778 1250 Rhe—

2058 1294 2210 1341 tores
2294 1285 2669 1340 constituunt.
2757 1285 2946 1338 Tertio
3016 1285 3208 1354 Major,
3265 1302 3394 1354 qua
3441 1290 3498 1338 et
3551 1284 3778 1339 Acade-

2061 1375 2207 1427 mica
2251 1371 2476 1439 dicitur,
2528 1372 2589 1425 in
2632 1387 2745 1442 qua
2797 1371 3127 1442 Philosophi
3161 1377 3218 1425 et
3263 1372 3535 1444 Theologi
3581 1373 3778 1426 locum

2067 1461 2299 1516 habent.

2138 1552 2258 1604 109.
2298 1570 2317 1598 ι
2362 1548 2628 1612 Quolibet
2654 1564 2724 1601 ex
2755 1547 2843 1601 his
2882 1547 2974 1601 die
3026 1547 3356 1615 constituto,
3412 1547 3536 1602 sine
3566 1549 3780 1602 lectio-

2065 1652 2207 1691 num
2232 1635 2554 1706 dispendio,
2587 1641 2850 1706 tempore
2901 1634 3204 1689 ordinaria
3237 1651 3354 1688 sua
3383 1635 3582 1704 Missa,
3633 1652 3781 1706 pro-

2065 1723 2234 1778 cessit
2262 1739 2291 1777 e
2321 1721 2639 1795 gymnasio,
2663 1738 2727 1775 ac
2757 1721 2957 1776 ordine
2987 1721 3326 1792 composito,
3369 1729 3560 1776 secuta
3599 1738 3780 1777 suum

2064 1811 2356 1878 vexillum,
2395 1811 2547 1865 inter
2587 1811 2855 1864 devotum
2903 1809 3230 1863 litaniarum
3288 1816 3654 1880 concentum,
3707 1812 3785 1866 ad

2067 1899 2360 1953 ecclesiam
2401 1899 2785 1953 cathedralem
2841 1913 3143 1968 progressa
3190 1898 3300 1952 fuit
3340 1915 3352 1951 :
3391 1899 3484 1953 ubi
3515 1901 3785 1970 compul-

2069 1986 2290 2041 satione
2343 2000 2776 2054 campanarum,
2816 1989 2873 2038 et
2902 1985 2968 2038 ad
3009 1984 3309 2039 introitum
3341 1990 3542 2056 porta,
3575 2003 3785 2056 asper-

2071 2076 2229 2130 sione
2267 2091 2434 2146 aqua
2490 2075 2764 2140 lustralis,
2824 2075 2896 2128 ab
2944 2073 3255 2128 admodum
3311 2075 3625 2129 reverenda
3677 2075 3787 2129 doc

2072 2164 2230 2218 mino
2279 2163 2620 2218 subcustode
2651 2166 2880 2232 excepta
2938 2160 3066 2215 fuit.
3100 2161 3237 2215 Inde
3287 2162 3358 2215 ad
3404 2176 3560 2214 aram
3594 2165 3652 2214 et
3683 2176 3789 2214 sa—

2072 2267 2227 2306 cram
2256 2251 2534 2306 Tumbam
2571 2250 2865 2321 prostrati,
2921 2255 3150 2320 accepta
3209 2249 3610 2304 benedictione
3639 2265 3787 2302 san-

2074 2339 2308 2394 ctissimi
2361 2337 2728 2405 Sacramenti,
2786 2338 3130 2392 audiverunt
3185 2337 3610 2408 Missam;§sub
3665 2353 3793 2408 qua

2077 2427 2340 2483 Ofﬁcium
2373 2427 2442 2480 de
2471 2426 2524 2481 S.
2562 2426 2824 2492 Henrico,
2886 2425 3120 2480 alternis
3177 2425 3454 2491 versibus,
3484 2431 3793 2494 praeunte

2077 2516 2340 2588 praside,
2371 2517 2484 2569 alta
2513 2531 2644 2568 voce
2703 2513 3032 2568 recitarunt.
3078 2515 3213 2568 Post
3266 2513 3794 2582 consecrationem,

2078 2605 2484 2675 perantiquum
2517 2619 2580 2656 ac
2603 2603 2872 2658 devotum
2904 2603 3184 2672 hymnum
3208 2602 3278 2657 de
3311 2602 3513 2657 eodem
3535 2601 3749 2656 Sancto
3778 2619 3792 2656 :

2082 2694 2295 2750 Laudet
2325 2693 2512 2746 omnis
2541 2691 2773 2762 spiritus
2810 2691 3121 2757 Christum,
3188 2691 3288 2762 qui
3319 2691 3608 2756 divinitus,
3651 2695 3794 2756 etc.,

2080 2784 2470 2836 intersonante
2487 2796 2725 2850 organo,
2761 2780 3155 2844 decantarunt,
3186 2796 3249 2832 ac
3271 2780 3497 2834 demam
3527 2780 3798 2834 devotio-

2080 2887 2214 2926 nem
2242 2886 2427 2936 suam,
2459 2869 2661 2923 iterata
2704 2867 2911 2923 Christi
2957 2867 3320 2922 eucharistici
3349 2867 3455 2922 sibi
3480 2868 3626 2922 bene
3655 2884 3797 2938 pre-

268 2966 358 3013 tus
391 2961 694 3027 sacularis,
766 2961 1034 3014 nobilitas
1073 2962 1279 3030 aulica,
1333 2966 1457 3015 tum
1509 2964 1621 3016 DD.
1659 2963 1970 3016 consiliarii
2006 2968 2045 3020 Ο
2082 2960 2261 3014 cautis
2291 2957 2625 3012 adoratione
2652 2958 3075 3010 concluserunt.

273 3047 602 3114 Celsissimi,
658 3054 715 3100 et
770 3048 976 3117 reliqui
1030 3065 1095 3102 ex
1161 3049 1400 3103 diversis
1480 3049 1796 3126 dicasteriis
1869 3067 1971 3104 suo

270 3136 472 3191 ordine
525 3136 816 3202 ofﬁciales,
870 3138 1085 3207 populo
1145 3153 1209 3191 ac
1261 3137 1428 3207 plebe
1505 3143 1694 3192 cetera
1764 3154 1972 3209 agmen

273 3225 592 3278 claudente.

349 3314 468 3366 107.
497 3333 525 3361 ‹‹
555 3311 821 3366 Subsistit
876 3312 1160 3381 processio
1222 3311 1282 3366 in
1316 3313 1659 3368 stationibus
1703 3318 1974 3386 quatuor,

275 3416 520 3471 quarum
545 3400 730 3471 prima
777 3399 1020 3453 habetur
1052 3416 1230 3470 prope
1275 3401 1569 3456 ecclesiam
1603 3403 1707 3456 PP.
1756 3402 1978 3471 Cappu-

273 3489 557 3554 ciuorum,
623 3488 803 3541 altera
855 3488 913 3541 in
980 3487 1217 3542 ecclesia
1267 3489 1582 3559 parochiali
1637 3489 1692 3544 S.
1732 3489 1975 3551 Martini,

277 3576 446 3631 tertia
473 3577 533 3629 in
570 3577 689 3629 foro
749 3593 926 3646 prope
986 3578 1284 3632 ecclesiam
1340 3579 1447 3633 PP.
1511 3579 1825 3647 Societatis,
1880 3579 1981 3634 ubi

278 3666 427 3718 cives
457 3665 516 3717 in
547 3667 720 3718 armis
776 3671 1192 3734 comparantes,
1244 3671 1416 3737 atque
1467 3667 1526 3721 in
1552 3667 1814 3721 cohortes
1845 3684 1982 3737 qua-

281 3758 412 3805 tuor
441 3752 732 3806 distinctas
760 3753 975 3822 partiti,
1018 3753 1439 3822 processionem
1495 3755 1802 3826 excipiunt,
1855 3771 1984 3826 qua

282 3840 351 3892 ad
373 3840 665 3894 ecclesiam
711 3841 1094 3895 cathedralem
1143 3849 1452 3910 revertens,
1484 3845 1790 3898 stationem
1819 3859 1986 3915 quar-

286 3935 400 3982 tam
432 3935 489 3982 et
517 3929 776 3983 ultimam
805 3929 924 3999 agit
954 3930 1013 3982 in
1044 3946 1175 3983 area
1189 3936 1416 4000 patente
1434 3938 1564 3986 ante
1596 3933 1786 3986 aulam
1814 3932 1985 3987 Prin-

285 4016 449 4084 cipis.
481 4016 580 4071 ubi
614 4017 804 4070 denuo
836 4018 963 4072 dua
980 4019 1240 4072 cohortes
1268 4019 1618 4074 civiumalia
1645 4020 1984 4088 consistunt,

286 4120 416 4157 cum
450 4104 658 4174 quibus
689 4121 811 4159 sese
840 4112 1089 4176 quatuor
1138 4107 1251 4160 illa
1285 4109 1666 4178 conjungunt,
1701 4114 1764 4162 ut
1793 4114 1988 4178 postea

288 4193 486 4246 festiva
543 4194 990 4248 bombardarum
1048 4195 1394 4264 explosione,
1429 4196 1499 4249 ad
1533 4196 1903 4266 Evangelium
1936 4201 1991 4248 et

288 4282 662 4336 elevationem
725 4283 986 4352 repetita,
1047 4285 1259 4337 summi
1313 4284 1467 4339 Sacri
1526 4288 1774 4354 augeant
1805 4283 1990 4337 solen-

293 4370 569 4434 nitatem;
619 4369 771 4439 quod
837 4369 991 4424 idem
1034 4371 1561 4424 Reverendissimus
1627 4373 1689 4424 D.
1747 4371 1994 4425 decanus

292 4456 560 4520 celebrat,
613 4464 671 4510 et
718 4457 849 4510 data
902 4460 1007 4512 sub
1072 4460 1247 4512 tinem
1303 4458 1702 4513 benedictione
1772 4459 1996 4512 solenni

294 4560 421 4597 cum
478 4544 819 4612 Venerabili,
878 4546 1240 4602 festivitatem
1296 4546 1813 4602 antemeridiauam
1867 4564 1998 4601 con-

294 4633 492 4685 cludit.
527 4652 554 4683 ι)

508 4719 534 4790 §
569 4722 659 4776 llI.
693 4724 1077 4778 Incrementum
1129 4728 1264 4778 anni
1322 4724 1491 4792 hujus
1526 4741 1818 4778 unccxxm.

375 4813 492 4864 l08.
525 4812 802 4865 Hactenus
848 4813 1125 4866 stabilitas
1184 4819 1242 4867 et
1273 4813 1731 4866 constantissima
1777 4814 1835 4866 in
1870 4830 1996 4866 san-

298 4899 616 4953 ctissimum
641 4901 951 4954 Patronum
999 4901 1279 4955 Ordinum
1333 4900 1592 4954 omnium
1632 4901 2003 4971 Bambergen,

302 4989 472 5054 sium,
497 4994 693 5058 utpote
722 4989 1211 5059 pientissimorum
1238 4989 1534 5052 clientum,
1567 4993 1878 5055 veneratio,
1910 4993 2001 5044 cui

302 5079 596 5132 cumulum
618 5094 825 5132 novum
841 5079 945 5132 hoc
965 5079 1088 5147 ipso
1109 5094 1259 5132 anno
1300 5078 1596 5132 accessisse
1637 5079 1922 5149 intelliges
1934 5097 2000 5134 ex

303 5167 584 5238 adjunctis
643 5167 889 5221 Pottuvii
919 5167 1140 5231 litteris,
1199 5183 1340 5237 quas
1384 5167 1472 5221 his
1503 5168 1674 5221 etiam
1720 5167 1998 5222 describo.

303 5256 391 5309 Sic
416 5256 632 5310 habet:
676 5278 697 5303 ι
737 5255 834 5310 Hic
862 5256 1047 5309 cultus
1103 5257 1155 5309 S.
1218 5255 1444 5309 Henrici
1499 5257 1772 5309 hactenus
1830 5255 2002 5308 usita-

305 5351 395 5397 tus
411 5349 466 5398 et
496 5345 825 5399 ordinarius
852 5344 978 5398 fuit.
1021 5346 1136 5399 Hoc
1192 5360 1341 5397 anno
1370 5361 1636 5398 uiiccxxui
1670 5346 2002 5414 Congrega-

304 5432 507 5495 tiones,
541 5449 669 5503 qua
698 5434 756 5487 in
781 5433 1083 5486 Academia
1102 5432 1524 5502 Bambergensi,
1559 5433 1663 5486 sub
1691 5433 2003 5487 directione

311 5521 534 5571 Patrum
569 5520 861 5574 Societatis
902 5520 1034 5573 Jesu
1091 5521 1357 5573 instituta
1387 5526 1538 5579 sunt.
1572 5537 1818 5573 accensa
1849 5520 1999 5574 desi-

2154 3050 2270 3102 110.
2327 3065 2353 3098 ‹‹
2385 3048 2653 3100 Parentes
2682 3045 2788 3098 hac
2817 3045 3155 3108 liberorum,
3203 3060 3340 3114 erga
3369 3045 3640 3100 Sanctum
3674 3046 3796 3099 lm-

2082 3142 2424 3208 peratorem,
2484 3135 2698 3204 pietate
2743 3133 3032 3201 delectati,
3065 3138 3346 3203 egerunt,
3407 3138 3470 3187 ut
3515 3133 3800 3188 sodalitas

2082 3225 2259 3280 civica
2315 3223 2499 3276 simile
2579 3221 2962 3276 venerationis
3056 3221 3400 3292 obsequium
3473 3228 3802 3276 memorato

2085 3319 2280 3368 sancto
2316 3314 2561 3366 Patrono
2587 3310 2883 3364 exhiberet
2915 3326 2928 3376 ;
2961 3326 3074 3381 quo
3104 3314 3160 3364 et
3187 3309 3494 3380 insigniter
3525 3312 3804 3380 prastitit

2089 3401 2382 3456 Dominica
2411 3401 2560 3454 intra
2591 3400 2874 3467 Octavam,
2927 3398 3395 3453 numerosissimo
3425 3399 3802 3455 dominorum

2087 3508 2151 3545 ac
2180 3489 2387 3544 civium
2437 3488 2731 3543 comitatu.
2777 3488 3296 3542 Excellentissimus
3329 3487 3598 3542 dominus
3631 3490 3802 3544 deca-

2087 3595 2218 3647 nus,
2251 3581 2543 3648 perspecta
2571 3576 2675 3630 hac
2698 3575 3201 3647 Bambergensium
3235 3576 3293 3628 in
3325 3576 3540 3630 cultum
3566 3577 3620 3632 S.
3658 3579 3805 3632 Hen-

2090 3666 2192 3720 rici
2225 3666 2631 3736 propensione,
2692 3665 2980 3735 sapienter
3011 3664 3110 3718 illa
3159 3681 3294 3719 usus
3326 3665 3448 3728 fuit,
3483 3665 3554 3720 ad
3585 3666 3804 3721 festivi-

2091 3760 2266 3809 tatem
2299 3755 2521 3809 Octava
2575 3753 2756 3807 sancti
2811 3753 3176 3824 Imperatoris
3207 3754 3380 3807 etiam
3437 3759 3571 3823 post
3625 3756 3805 3809 meri-

2094 3844 2246 3898 diem
2273 3859 2361 3912 ea,
2391 3858 2505 3912 qua
2545 3859 2648 3913 par
2697 3848 2802 3908 est,
2835 3841 3136 3896 devotione
3190 3842 3592 3896 celebrandam
3626 3850 3809 3916 atque

2095 3930 2314 4001 optimo
2371 3930 2485 3983 ﬁne
2538 3929 3010 3983 concludendam.
3069 3931 3494 3984 Consueverant
3522 3930 3804 3986 hactenus

2099 4019 2562 4088 Bambergenses,
2598 4021 2726 4087 post
2752 4018 3068 4071 exantlatos
3101 4033 3268 4070 mane
3303 4017 3362 4071 in
3391 4017 3728 4074 adornanda
3754 4027 3811 4074 et

2096 4106 2426 4178 peragenda
2473 4105 2834 4177 processione
2890 4105 3135 4174 labores,
3189 4110 3416 4176 tempus
3453 4108 3809 4176 pomeridia-

2102 4212 2241 4249 num
2267 4196 2402 4250 dare
2434 4196 2759 4248 animorum
2806 4193 3168 4261 relaxationi,
3226 4194 3525 4248 invisendo
3569 4197 3809 4263 amicos,

2107 4285 2188 4337 vel
2221 4282 2586 4355 exspatiando
2617 4283 2677 4336 in
2705 4283 2901 4337 hortos
2932 4287 2989 4336 et
3017 4281 3304 4336 viridaria.

2179 4375 2297 4426 111.
2334 4396 2359 4418 ‹‹
2418 4373 2498 4425 Ne
2527 4371 2706 4441 igitur
2746 4370 3027 4441 particula
3055 4369 3224 4440 hujus
3253 4370 3419 4424 bona
3453 4371 3568 4425 diei
3594 4371 3814 4442 absque

2106 4460 2387 4530 spirituali
2419 4459 2626 4527 fructu,
2679 4464 2737 4512 et
2791 4459 3018 4529 publica
3076 4461 3440 4513 veneratione
3496 4462 3676 4514 sancti
3709 4463 3813 4516 Pa-

2107 4549 2259 4604 troni
2314 4547 2656 4619 prateriret,
2707 4549 2969 4602 laudatus
3013 4547 3534 4602 Excellentissimus
3573 4565 3815 4618 operam

2109 4639 2282 4701 dedit,
2318 4643 2379 4690 ut
2410 4639 2531 4691 laus
2568 4636 2755 4692 Sancti
2789 4636 2968 4690 nostri
3006 4653 3040 4688 a
3090 4637 3413 4706 juventute,
3446 4653 3514 4690 ex
3543 4637 3819 4692 omnibus

2111 4724 2462 4781 catechismis
2493 4729 2548 4778 et
2575 4725 2778 4778 scholis
2810 4723 3130 4778 trivialibus
3161 4724 3339 4778 totius
3364 4725 3524 4779 urbis
3555 4726 3818 4791 collecta,

2109 4817 2342 4871 demum
2378 4813 2763 4884 perﬁceretur.
2795 4815 3014 4884 Itaque,
3065 4813 3274 4883 pravis
3330 4812 3690 4879 invitatione,
3717 4831 3822 4868 nu-

2116 4903 2495 4958 merosissima
2525 4903 2808 4972 juventus.
2844 4918 2959 4955 una
3012 4917 3140 4955 cum
3201 4902 3524 4955 scholarum
3557 4902 3818 4972 prasidi-

2115 4993 2238 5056 bus,
2270 5009 2300 5044 a
2329 4991 2564 5046 meridie
2589 4996 2933 5061 congregata
2969 4990 3078 5045 fuit
3129 4991 3190 5044 in
3219 4992 3432 5062 templo
3464 4992 3697 5045 Patrum
3719 4993 3819 5046 So-

2113 5079 2332 5134 cietatis
2355 5081 2503 5140 Jesu.
2557 5077 2750 5149 ibique
2805 5078 3080 5132 adornata
3127 5079 3433 5149 processio,
3483 5095 3612 5150 qua
3641 5080 3821 5150 longa

2115 5167 2279 5231 serie,
2313 5167 2664 5237 pulchroque
2705 5167 2923 5228 ordine,
2987 5167 3136 5220 inter
3184 5167 3309 5236 pios
3340 5173 3537 5222 cantus
3558 5170 3824 5238 pervenit

2114 5256 2181 5310 ad
2215 5255 2507 5308 ecclesiam
2541 5255 2923 5308 cathedralem
2970 5255 3076 5308 sub
3107 5255 3280 5308 ﬁnem
3312 5256 3711 5326 Vcsperarum.
3755 5259 3823 5312 Et

2114 5344 2422 5414 quiajussu
2479 5343 2732 5413 ejusdem
2791 5342 3248 5399 excellentissimi
3303 5343 3546 5410 Domini,
3578 5346 3822 5401 ecathe-

2115 5433 2216 5485 dra
2248 5433 2671 5503 promulgatum
2728 5432 2932 5498 fuerat,
2967 5437 3096 5502 post
3142 5433 3419 5502 Vesperas
3461 5449 3579 5487 non
3634 5436 3820 5491 solum

2118 5522 2253 5575 illuc
2283 5521 2600 5574 ducendam
2623 5522 3034 5592 processionem
3067 5523 3462 5591 parvulorum,
3511 5521 3607 5575 sed
3645 5521 3816 5576 etiam
