3938 6318
309 319 403 373 183
1600 323 1654 378 8.
1701 320 1843 377 HEN
1854 321 1992 379 RICI
2037 321 2512 380 IMPERATORIS
3725 335 3825 388 1‘84

371 441 612 513 Antiph.
642 443 707 498 In
751 442 862 496 lide
896 447 953 496 et
987 442 1216 496 lenitate
1255 442 1435 513 ipsius
1466 447 1724 499 sanctum
1757 445 1888 501 fecit
1933 445 1998 498 il-
2031 447 2076 500 Α
2858 451 3122 521 Hymnus

301 531 444 596 lum,
477 535 529 585 et
559 531 734 601 elegit
762 547 896 585 eum
922 546 991 584 ex
1035 531 1192 585 omni
1231 548 1425 588 carne.
1465 534 1632 588 Eccli.
1664 549 1785 588 XLV.
2466 539 2577 590 118.
2609 538 2732 590 1am
2763 538 2838 590 Te
2882 539 3108 592 caducis
3139 539 3398 595 eminens

447 618 482 682 ᾗ
506 619 807 686 Memento,
846 619 1100 682 Domine,
1136 620 1327 685 David,
2443 625 2816 679 Commeudat
2841 627 3006 680 astris
3037 629 3281 698 Spiritus
3308 645 3322 682 :

446 703 486 774 ἢ
525 709 587 760 Et
625 707 810 761 omnis
838 708 1290 762 mansuetudinis
1321 710 1460 780 ejus.
1503 711 1656 764 Psal.
1681 727 1853 763 cxxxl.
2400 712 2694 783 Liberque,
2729 713 2876 768 ferre
2909 717 3220 787 compedes

443 811 677 864 omne,
709 802 766 849 ut
792 811 982 866 supra.
1267 795 1276 802 ”
2395 800 2579 870 Opum
2614 801 2878 869 profanas
2910 806 3159 857 nescius.

972 903 1065 956 AD
1096 903 1420 957 TERTIAM.
2503 890 2527 943 Ρ

2503 890 2644 943 Nam
2675 908 2875 943 census
2903 907 3103 945 omnes
3132 892 3339 963 imperi

446 988 482 1055 Ῡ
514 989 664 1043 Deus
688 987 747 1042 in
774 989 1146 1059 adjutorium,
1179 994 1281 1044 etc.
2493 976 2755 1031 Numinis
2781 979 3170 1079 Ρξξοίύιιάίῐιξῇ

1041 1080 1310 1147 Hymnus,
2397 1065 2716 1136 Divumque
2743 1068 2960 1121 cultum
2990 1069 3250 1135 vertitur,

657 1168 776 1218 116.
809 1166 975 1219 Pium
1003 1165 1242 1236 perinde
1273 1183 1574 1238 pauperes.

2395 1153 2717 1225 Christique
2747 1156 2894 1209 cedit
2924 1157 3146 1211 usibus.

582 1252 820 1322 Reique,
851 1258 1072 1319 natum,
1107 1253 1350 1322 publica;
2503 1243 2643 1296 Hinc
2681 1259 2830 1297 unus
2852 1245 3297 1300 heresscribitur

583 1339 746 1392 Plebs
775 1341 952 1393 sensit
971 1340 1314 1395 imbecillior
1339 1358 1351 1394 :

2398 1331 2475 1384 Ex
2505 1346 2626 1384 asse
2661 1347 2673 1384 :
2706 1332 2847 1386 ccelo
2889 1333 3177 1398 conditur,

578 1425 812 1496 Sibique
841 1428 910 1481 de
939 1428 1077 1481 caelo
1102 1429 1327 1516 datum.

2400 1419 2503 1472 Ubi
2534 1420 2796 1473 voluntas
2827 1420 3046 1490 ﬂgitur,

651 1515 816 1569 Orbae
837 1511 1142 1585 patronum
1191 1517 1469 1574 dictitant.
2394 1507 2592 1561 Omnis
2619 1508 2857 1562 facultas
2886 1511 3061 1580 regia.

583 1604 809 1656 Patrem
841 1603 1045 1674 pupilli
1074 1620 1086 1656 :
1119 1609 1174 1657 te
1203 1605 1345 1657 duce
2500 1595 2622 1659 Quo
2655 1597 2996 1651 transtulisti
3021 1615 3282 1663 munera,

583 1691 650 1744 Se
681 1707 863 1744 caecus
893 1690 976 1744 ire
1005 1693 1281 1756 clamitat,
2039 1718 2074 1770 Β

2039 1718 2074 1770 Β
2399 1682 2656 1751 Henrice,
2680 1700 2782 1737 nos
2814 1686 3145 1755 potissimm,

514 1779 876 1848 Claudusque
904 1781 978 1833 Te
1010 1780 1117 1832 niti
1139 1780 1304 1850 pede.
2395 1772 2543 1825 Tuos
2565 1771 2820 1839 clientes,
2857 1774 3126 1846 subsequi

655 1865 814 1920 Oliva
843 1867 1014 1921 nullis
1044 1867 1290 1920 dexteris
2398 1860 2590 1927 Bonis,
2622 1876 2779 1930 roga,
2808 1862 3164 1929 substantiae,

585 1954 709 2007 Non
747 1959 1101 2024 carptamon
1132 1956 1288 2027 large
1319 1957 1508 2010 ferens
2183 1947 2418 2015 Antiph.
2485 1949 2584 2003 Hic
2641 1949 2726 2002 vir
2773 1949 3090 2020 despiciens
3140 1954 3440 2020 mundum,
3485 1961 3537 2010 et
3589 1962 3832 2014 terrena

582 2041 762 2111 Opem
788 2042 946 2096 fuisti
980 2063 995 2111 ;
1034 2043 1224 2111 ditior,
2114 2035 2494 2104 triumphans,
2521 2035 2747 2090 divitias
2765 2039 2904 2091 caelo
2927 2039 3183 2094 condidit
3213 2057 3330 2107 ore,
3367 2059 3556 2096 manu.

585 2129 726 2183 Cum
760 2146 978 2200 pauper
1006 2131 1190 2185 aufert
1219 2133 1431 2186 omnia,
2187 2123 2221 2185 3'
2243 2123 2465 2176 Iustum
2495 2124 2727 2178 deduxit
2755 2126 3029 2180 Dominus
3071 2145 3174 2199 per
3213 2129 3327 2182 vias
3362 2136 3559 2185 rectas.

655 2217 877 2280 Quanto
903 2218 1039 2287 poli,
1075 2219 1319 2274 beatior,
2179 2210 2222 2274 ii.)
2254 2212 2321 2263 Et
2345 2212 2593 2265 ostendit
2623 2211 2706 2266 illi
2747 2228 2987 2283 regnum
3017 2217 3134 2270 Dei.
3165 2218 3305 2286 Sap.
3338 2234 3396 2273 Χ.

580 2305 707 2357 Jam
736 2305 962 2374 gaudiis
990 2307 1371 2374 perfunderis.
2198 2315 2413 2364 ORATIO,
2445 2305 2505 2353 ut
2525 2315 2712 2369 supra.

581 2393 759 2446 Tanto
787 2393 896 2447 tuis
927 2395 1212 2464 profusior
2744 2390 2838 2444 AD
2873 2391 3241 2448 VESPERAS.

582 2480 890 2551 Indulgeas
913 2482 988 2535 Te
1020 2482 1281 2536 subditis,
1711 2499 1718 2502 ·
2257 2473 2289 2538 ir
2322 2475 2469 2529 Deus
2500 2474 2560 2528 in
2590 2475 2962 2546 adjutorium,
2993 2486 3100 2534 etc.

365 2568 602 2636 Antiph.
627 2569 834 2624 Oculus
862 2568 945 2622 fui
971 2586 1120 2622 caeco
1152 2577 1208 2624 et
1262 2587 1362 2642 pes
1394 2573 1615 2639 claudo,
1651 2581 1812 2645 pater
1842 2592 1997 2629 eram
2473 2655 2484 2668 _
2508 2655 2563 2668 ,Α
2617 2653 2656 2668 Λ
2707 2653 2716 2662 _
2743 2653 2756 2668 ἱ
3353 2657 3362 2668 .

298 2671 616 2726 pauperum
653 2673 939 2724 :causam,
977 2674 1149 2728 quam
1187 2661 1532 2726 nesciebam,
1565 2663 1998 2732 diligentissime
2471 2655 2584 2706 119.
2615 2653 2780 2719 Quid,
2815 2657 2969 2724 qu°d
3000 2656 3178 2711 litatis
3208 2657 3477 2713 οωηίδηε

298 2745 732 2816 investigabam.
767 2747 866 2801 Job
889 2761 1034 2801 xxix.
2397 2740 2598 2805 Rebus,
2629 2743 2783 2810 polo,
2807 2744 3138 2812 ﬂuentibus,

443 2832 479 2896 Ῡ
511 2832 766 2886 Stabilita
789 2839 922 2886 sunt
947 2835 1098 2888 bona
1138 2835 1295 2890 illius
1323 2836 1383 2890 in
1417 2839 1679 2903 Domino,

1521 2839 1679 2903 nino,
2394 2829 2661 2883 Luctatur
2691 2831 2829 2900 ipsis
2860 2833 3076 2901 egredi,

441 2914 483 2984 ﬂ
517 2918 584 2970 Et
612 2919 999 2988 eleemosynas
1029 2920 1181 2974 illius
1219 2924 1512 2978 enarrabit
1541 2925 1730 2979 omnis
1758 2927 1999 2980 Ecclesia
2393 2918 2548 2971 M903
2571 2919 2705 2984 alia,
2737 2924 2906 2974 te"!!!
2938 2921 3153 2976 ﬁnibus
3176 2925 3205 2976 Ῥ

365 3005 722 3058 Sanctorum.
758 3009 920 3060 Eccti.
964 3023 1115 3060 xxxi.
2039 3023 2077 3075 α
2504 3006 2731 3060 Calcare
2762 3008 2969 3063 fastum
3003 3011 3194 3064 saeculi

439 3109 657 3159 ORATIO,
690 3099 751 3146 ut
776 3109 967 3163 supra.
2394 3094 2664 3148 Henricus
2687 3096 2870 3162 ardet,
2882 3097 3005 3167 jam
3036 3104 3193 3152 satur

967 3199 1061 3252 AD
1101 3200 1391 3255 SEXTAM.
2393 3183 2522 3236 Luxi

2393 3183 2640 3249 Luxisse,
2673 3185 2870 3238 lumen
2905 3187 3149 3241 condere

2391 3270 2640 3324 Lucerna
2672 3272 2878 3326 Christi
2905 3275 3195 3344 quaeritat.

2495 3359 2711 3412 Mutare
2744 3362 2951 3430 pannis
2980 3379 3317 3434 purpuram,

2388 3447 2776 3518 Claustrisque
2807 3449 2980 3504 sacris
3001 3452 3220 3506 curiam
3253 3470 3265 3506 :

2389 3537 2428 3588 Ν
2439 3535 2453 3587 i
2485 3535 2638 3589 sidus
2669 3537 2795 3590 orbi
2825 3539 3084 3594 subtrahi

2392 3623 2550 3676 Vetet
2575 3624 2806 3678 Creator
2826 3624 3047 3681 sideris.

2494 3711 2611 3765 Hoc
2642 3712 2848 3765 mentis
2873 3716 3003 3767 altae
3033 3715 3277 3785 Spiritus

2386 3799 2626 3852 Tentare
2657 3800 2730 3854 da
2759 3802 3096 3870 praecordia,

2391 3888 2652 3958 Deusque
2684 3895 2936 3943 mentem
2960 3892 3160 3956 gratiae

2391 3975 2591 4044 Vigore
2623 3977 2679 4030 in
2713 3983 2862 4032 astra
2894 3979 3142 4033 subleva.

2174 4063 2406 4132 Antiph.
2445 4065 2713 4119 Existimo
2746 4068 2940 4120 omnia
2973 4069 3386 4125 detrimentum
3421 4089 3541 4126 esse
3572 4079 3812 4145 propter

2105 4149 2454 4204 eminentem
2508 4153 2803 4208 scientiam
2870 4157 3000 4209 Jesu
3081 4158 3289 4212 Christi
3362 4161 3589 4216 Domini
3648 4164 3808 4218 mei:

2106 4242 2339 4306 propter
2415 4255 2588 4310 quem
2667 4242 2860 4295 omnia
2937 4244 3344 4299 detrimentum
3415 4249 3544 4316 feci,
3603 4257 3660 4304 et
3719 4269 3811 4306 ar-

2024 4317 2064 4369 D
2103 4324 2283 4379 bitror
2333 4330 2393 4379 ut
2440 4333 2707 4395 stercora,
2778 4337 2840 4384 ut
2898 4333 3185 4388 Christum
3241 4336 3608 4394 lucrifaciam.
3678 4341 3809 4395 Phi-

2102 4414 2238 4482 lipp.
2270 4432 2348 4468 ιιι.

2247 4503 2280 4566 Ῡ
2311 4505 2417 4558 Iste
2441 4508 2526 4558 est
2545 4506 2645 4576 qui
2674 4509 3015 4578 contempsit
3042 4509 3218 4564 vitam
3254 4513 3471 4582 mundi,

2243 4592 2285 4655 Ei)
2321 4594 2382 4646 Et
2412 4595 2670 4663 pervenit
2707 4597 2776 4649 ad
2808 4598 3020 4667 gaudia
3046 4600 3230 4670 regni.

2241 4697 2434 4734 oamo
2462 4687 2539 4750 ut,
2565 4699 2756 4752 supra.

560 4729 622 4781 Et
647 4729 909 4784 inﬁdeles
941 4733 1280 4790 Pannonum
2565 4729 3229 4831 "(EOMPLETORIUM

548 4818 865 4888 Propulset,
901 4836 1018 4884 ora,
1053 4821 1285 4878 ﬁnibus.

551 4905 577 4926 Ι.
639 4907 829 4926 n_-‘,n,
886 4909 899 4926 Ξ
939 4913 952 4926 ι
1039 4910 1069 4926 n
1190 4917 1198 4926 .
1445 4913 1454 4923 ο
1625 4913 1653 4926 n
1883 4922 1891 4926 -
1933 4917 1941 4926 υ

1888 4922 1891 4926 _
1933 4917 1941 4926 ,
2244 4857 2277 4919 Ῡ
2315 4858 2588 4913 Converte
2620 4875 2720 4913 nos
2751 4863 2900 4915 Deus
2931 4864 3191 4918 salutaris
3232 4872 3443 4921 noster.

361 4905 602 4975 Antiph.
637 4907 838 4961 Beatus
885 4909 993 4962 iste
1039 4910 1296 4979 Sanctus,
1359 4913 1459 4982 qui
1507 4913 1756 4967 conﬁsus
1814 4917 1986 4970 estin
2239 4905 2587 5009 ξῆιξινξέγὲξίξ
2620 4905 3230 5006 ξτξωυξξξσῗζὲξέῖδ-

293 4993 570 5059 Domino;
607 4996 934 5064 praedicavit
966 5005 1316 5070 praeceptum
1366 5001 1610 5068 Domini,
1645 5003 1989 5057 constitutus
2978 4993 3082 5094 ξιξ

291 5082 454 5137 estin
486 5089 680 5136 monte
708 5090 902 5138 sancto
941 5086 1082 5155 ejus.
2247 5082 2265 5097 "
2310 5082 2452 5088 "ﬂ
2486 5082 2544 5088 ’“
2580 5082 3066 5197 ““⁴“”’ῖ1;ὧ;υξᾶἓ

435 5168 470 5197 a.
514 5169 690 5197 nm"...
726 5172 964 5197 -..-,.;Α-ζ
996 5190 1166 5197 --..--
1210 5177 1730 5197 1³--..--12-...-ι2--..-
1766 5195 1778 5197 _

435 5168 470 5233 Ῡ
513 5169 695 5232 Quam
725 5172 968 5241 speciosi
995 5190 1170 5244 penes
1210 5177 1738 5245 Evangelizantium
1765 5195 1983 5249 pacem.
2422 5214 2537 5266 ηρ.
2573 5213 2777 5268 Mira”,
2802 5168 3306 5270 Caesaris

429 5259 472 5324 1%
505 5260 1023 5329 Evangelizantium
1048 5263 1216 5317 bona.
1250 5265 1409 5318 Rom.
1441 5281 1493 5318 x.
2376 5259 3068 5371 ΑξῘ-ᾖέἇξιξῇξὴξᾚξῇξδ

432 5363 645 5412 onmo,
676 5353 735 5400 ut
763 5363 950 5418 supra.

2381 5353 2394 5355 _
2413 5353 2596 5458 (Quod
2626 5389 2985 5460 integrarum
3010 5391 3289 5448 mentium

953 5456 1046 5509 AD
1084 5455 1349 5509 NONAM-
2378 5455 2533 5542 Caeli,
2567 5455 2990 5548 obstupescant,
3019 5481 3295 5551 agmina).

427 5547 462 5612 γ
503 5549 649 5602 Deus
669 5549 730 5604 in
759 5551 1134 5620 adjutorium,
1161 5555 1267 5607 etc.
2406 5565 2466 5617 In
2493 5579 2620 5618 vase
2650 5566 2835 5619 carnis
2865 5567 3026 5622 fictili

452 3301 485 3365 ᾗ
520 3303 667 3356 Deus
689 3303 751 3356 in
780 3305 1155 3374 anjutorium,
1179 3311 1285 3361 etc.

1038 3403 1301 3478 Hymnus.

653 3500 770 3550 H7.
801 3500 1088 3568 Augustus
1113 3516 1234 3553 esse
1262 3517 1376 3554 nou
1410 3503 1619 3571 minus,

581 3584 837 3650 Henrice,
867 3601 1038 3654 quam
1073 3587 1155 3640 vis
1179 3587 1353 3642 dicier
1379 3606 1391 3642 :

576 3672 770 3725 Clerus
798 3689 1064 3727 coronam
1092 3677 1314 3744 gloriae,

581 3759 845 3830 Civisque
871 3762 1048 3816 nectit
1077 3762 1221 3816 hanc
1253 3765 1375 3818 tibi.

649 3849 794 3901 Dum
827 3850 1142 3920 Conjugem
1171 3853 1269 3905 das
1296 3855 1564 3924 Hungaro

579 3936 740 4006 Regi,
764 3953 1016 3992 sororem
1046 3941 1312 4003 Giselam,

579 4024 759 4093 Regni
791 4043 935 4079 nova
966 4029 1280 4098 propagine

577 4113 834 4180 Matrem,
863 4115 1016 4183 beas,
1051 4117 1374 4171 Ecclesiam.

646 4206 934 4270 Augustus
959 4209 1131 4274 atque
1159 4207 1485 4274 Apostolus,

575 4289 754 4351 Quam
787 4306 914 4343 rara
939 4291 1137 4360 jungis
1169 4293 1435 4348 nomina:

579 4378 771 4432 Fasces
801 4387 856 4432 et
889 4381 1256 4450 Evangelion,

579 4465 810 4519 Virtutis
840 4468 968 4520 altas
1002 4472 1320 4524 stemmata.

647 4554 937 4624 Adaugeat
967 4557 1174 4609 nostris
1203 4558 1396 4624 tidem,

577 4641 644 4694 Ut
670 4641 925 4696 Christus
949 4645 1174 4714 author,
1205 4647 1492 4715 cordibus,
