3938 6322
126 328 218 398 iss

1702 412 1707 415 λ
1775 346 1967 408 ACTA.

334 461 749 517 lntaminatum
791 461 1057 533 spiritum
1850 472 1896 523 Α

333 554 375 605 Α
399 552 691 622 conjugali
720 551 945 605 vinculo

336 640 731 710 Corruptionis
760 640 1034 694 nescium.

410 729 558 782 Raro
588 728 760 782 ﬁdem
804 728 1106 782 mirasculo

334 817 616 886 Suprema
645 832 747 869 vox
779 816 919 886 zegri
949 815 1085 871 facit
1116 832 1129 870 :

340 906 555 960 Habete
582 905 740 959 vobis
769 906 1053 975 Virginem
1066 947 1079 970 ,

338 993 519 1057 Quam
555 993 632 1046 mi
657 993 889 1047 dedistis
920 994 1251 1065 Conjugem.

416 1081 653 1133 Virtutis
684 1081 951 1151 exempli,
981 1083 1145 1149 Deus,

341 1170 538 1222 Tantas
571 1168 723 1222 trahi
750 1170 1056 1239 fragrantis

337 1257 645 1327 Jungiquc,
683 1264 905 1328 praesta,
946 1257 1079 1311 liliis

342 1346 408 1399 In
442 1345 792 1414 sempiterna
841 1346 1044 1415 gloria.

194 1434 432 1502 Antiph.
470 1434 567 1487 Hic
606 1436 711 1500 est,
772 1434 869 1504 qui
906 1434 1142 1488 nescivit
1199 1436 1434 1490 thorum
1489 1436 1547 1491 in
1596 1438 1820 1503 delicto,

120 1521 361 1575 habebit
399 1521 647 1575 fructum
711 1521 765 1577 in
816 1522 1174 1590 respectioue
1223 1523 1547 1578 animarum
1609 1531 1823 1580 sancta-

118 1626 270 1663 rum.
304 1610 443 1679 Sap.
481 1626 561 1663 ιιι.

190 1697 228 1761 Ῡ
271 1698 471 1751 Justus
513 1697 877 1767 germinabit,
913 1698 1057 1753 sicut
1086 1699 1291 1755 lilium.

185 1784 233 1850 ἢ
276 1786 343 1838 Et
373 1785 601 1839 ﬂorebit
630 1785 689 1839 in
720 1792 994 1840 aeternum
1024 1793 1157 1841 ante
1190 1788 1519 1846 Dominum.

188 1888 413 1941 onano,
450 1879 510 1927 ut
539 1890 709 1943 supra
722 1917 734 1929 .

206 3812 306 3864 Hic
334 3815 530 3868 notulz
584 3818 901 3871 inseruntur
938 3818 1014 3871 ad
1050 3820 1382 3887 explicanda
1426 3824 1687 3876 nonnulla
1717 3840 1835 3891 quae
1945 3828 2092 3880 Deus
2124 3825 2223 3897 qui
2255 3824 2531 3880 hodierna
2561 3823 2651 3879 die
2681 3823 2913 3876 beatum
2944 3822 3266 3885 Henricum,
3310 3825 3418 3875 etc.

718 1963 1002 2020 COMMEN
1012 1966 1238 2022 DATIO.

422 2054 538 2105 121.
575 2052 852 2122 Supreme
883 2069 1195 2124 regnorum
1238 2058 1467 2121 Parens,

348 2140 456 2193 Per
484 2156 656 2210 quem
690 2146 949 2210 potentes
987 2142 1295 2213 imperant,

349 2228 451 2291 Da,
486 2228 641 2298 quod
673 2245 975 2299 precamur
1006 2231 1218 2285 subditi

345 2316 447 2368 Sui
478 2332 581 2386 per
609 2329 733 2370 acta
760 2317 1057 2388 Principis.

422 2405 491 2458 Ut
521 2421 660 2476 quas
691 2405 752 2459 in
784 2406 883 2460 illo
914 2407 1122 2462 caalica:

347 2492 581 2544 Virtutis
621 2495 982 2549 excellentias

349 2580 648 2644 Verentur,
681 2582 892 2635 addant
927 2589 1181 2655 tangere.

351 2668 449 2721 Vel
482 2670 809 2723 aemulando
840 2672 1115 2728 fimbrias.

422 2756 564 2809 Cum
594 2757 826 2812 ﬂamma
856 2775 955 2813 nos
978 2762 1266 2832 cupidinis

346 2844 483 2897 Telo
517 2846 747 2916 sagittat
780 2848 978 2917 igneo;

346 2935 489 2986 Cum
522 2935 705 2988 noxia»
741 2935 994 2989 libidinis

348 3019 573 3073 Videbis
603 3027 771 3076 oestro
805 3025 1052 3093 percitos
1070 3042 1082 3091 ;
1863 3024 1902 3074 C

424 3109 526 3162 Ubi
559 3110 747 3179 pudici
780 3112 1059 3182 Principis

347 3194 561 3250 Sonare
594 3214 805 3252 nomen
835 3200 1037 3254 audies

351 3282 446 3337 Pie
477 3290 759 3352 vocatum,
788 3289 1078 3342 mentibus

354 3372 555 3426 Exesse
574 3376 833 3428 ﬂammas
862 3376 1127 3447 imperes.

423 3460 509 3514 Sit
534 3464 873 3518 saeculorum
905 3465 1087 3536 gloria

350 3548 474 3601 Tibi
496 3550 660 3603 Pater
689 3567 818 3606 cum
852 3554 1010 3614 Filio.

352 3636 419 3689 Et
448 3637 683 3707 Spiritu,
717 3641 817 3710 qui
844 3641 1134 3712 virginum

353 3724 443 3778 Est
474 3731 661 3781 castus
690 3728 896 3799 hospes
925 3730 1226 3785 mentium.

138 3901 193 3952 in
221 3902 647 3968 praecedentibus
676 3906 988 3961 obscuriora
1016 3909 1197 3962 videri
1240 3915 1457 3978 possent
1484 3927 1501 3963 :
1533 3916 1591 3963 at
1622 3928 1716 3965 nos
1745 3928 1834 3965 eas

133 3992 579 4053 pratermisimus
600 4008 720 4047 cum
751 3998 930 4049 omnia
949 3998 1198 4064 superius
1220 4000 1355 4052 satis
1375 4001 1674 4067 explanata
1700 3979 1860 4055 sint.‘

140 4077 452 4145 Sequuntur
473 4080 647 4136 libelli
673 4084 889 4153 reliqua
921 4087 994 4137 ad
1025 4085 1077 4139 S.
1144 4086 1449 4140 Henricum
1507 4094 1811 4156 Spectantia
1870 4106 1875 4113 δ

655 4172 935 4227 llYMNUS
974 4174 1323 4238 ANTIQUUS

758 4277 825 4313 DE
865 4276 910 4315 S.
956 4278 1210 4316 HENRICO.

600 4350 688 4402 Em
717 4350 931 4404 Missali
964 4351 1362 4418 Bambcrgeusi.

360 4436 477 4487 {‘22.
511 4435 726 4492 Laudet
756 4438 948 4492 omnis
978 4440 1212 4508 spiritus

352 4524 661 4590 Christum,
690 4527 791 4594 qui
830 4526 1106 4582 divinitus

426 4614 729 4668 Coronavit
757 4614 943 4685 gloria

352 4701 676 4756 Gloriosum
717 4704 1110 4759 Confessorem

350 4790 532 4852 Quem
564 4792 876 4846 Patronum
910 4798 965 4846 et
994 4796 1296 4848 Auctorem

426 4879 554 4933 Hec
573 4880 708 4933 colit
738 4882 1001 4936 Ecclesia.

353 4967 533 5021 Homo
555 4974 714 5022 vetus
737 4969 797 5023 in
823 4970 1065 5041 peccatis

348 5056 599 5110 Primam
631 5060 833 5112 stolam
871 5060 1134 5114 novitatis

424 5145 650 5216 Recipit
678 5163 809 5201 cum
842 5150 1078 5209 annulo,

352 5233 622 5305 Quisquis
652 5244 845 5290 mente
872 5239 1102 5309 puriore

352 5323 583 5378 Plaudit
608 5341 802 5391 manu,
845 5327 1039 5396 psallit
1070 5344 1169 5380 ore

427 5411 612 5482 Digne
654 5414 754 5467 Dei
782 5414 1019 5469 famulo.

356 5502 494 5556 Posr
521 5502 650 5571 Ssx)
684 5503 876 5573 legens
902 5504 1129 5559 dubitat

355 5591 492 5655 Rex,
527 5607 696 5654 quem
728 5609 956 5647 sensum
979 5598 1173 5647 teneat

2220 467 2412 523 Oratio
2446 472 2706 522 truncata
2738 484 2751 522 :

2140 557 2339 610 Sextus
2369 572 2552 610 annus
2585 557 2856 625 volvitur,

2145 645 2208 698 Et
2238 645 2535 715 problema
2564 646 2808 699 solvitur

2215 733 2438 787 Corona
2467 734 2773 804 duplicata.

2146 822 2462 891 Purgatura
2481 821 2740 875 criminis

2149 911 2371 976 Notam,
2408 909 2577 979 Virgo
2613 910 2859 980 Virginis

2219 998 2484 1051 Vendicat
2512 998 2793 1067 pudorem
2826 1016 2838 1065 ;

2148 1087 2357 1155 Purgat
2385 1087 2754 1152 adulterium,

2149 1174 2467 1244 Igniturum
2501 1191 2800 1229 vomerum

2218 1264 2337 1317 Non
2367 1263 2617 1316 sentiens
2646 1266 2912 1319 calorem.

2145 1350 2205 1403 In
2239 1349 2468 1405 Cassino
2501 1354 2693 1404 monte
2724 1368 2921 1405 curam

2148 1438 2448 1500 Benedicti,
2478 1443 2606 1508 post
2634 1455 2960 1509 pressuram

2218 1527 2469 1596 Longam
2502 1527 2675 1580 sentit
2704 1528 2924 1592 calculi,

2146 1617 2347 1680 Quem,
2380 1616 2518 1669 dum
2549 1632 2829 1686 nusquam
2865 1616 2937 1669 sit
2973 1621 3298 1670 contactum

2147 1705 2386 1775 Corpus,
2418 1708 2613 1758 tamen
2658 1704 2791 1758 inde
2814 1709 3059 1759 tractum

2219 1791 2590 1846 Admirantur
2610 1792 2841 1863 singuli.

2151 1881 2404 1950 Angelus
2436 1880 2600 1934 fortis
2622 1881 2830 1934 militat
2858 1881 2916 1934 in
2948 1881 3145 1935 castris

2152 1969 2338 2023 Victor
2374 1969 2648 2022 victorem
2679 1968 2865 2038 gloria
2894 1984 3193 2035 coronans,

2228 2058 2393 2111 Hoste
2420 2057 2635 2127 fugato.

2157 2146 2420 2199 Precibus
2446 2144 2657 2199 crebris
2689 2144 2867 2198 instat
2896 2145 3099 2199 alienis

2153 2234 2312 2288 Curis
2344 2249 2576 2299 vacuus,
2612 2235 2724 2288 Deo
2756 2250 2957 2288 vacans
2997 2234 3207 2304 saepius

2224 2322 2371 2376 Orbe
2401 2328 2622 2391 pacato,

2157 2412 2299 2464 Dum
2330 2410 2605 2480 migraret
2634 2426 2700 2463 ex
2725 2410 2830 2463 hac
2862 2410 3008 2477 vita;

2157 2499 2351 2553 Finem
2378 2498 2456 2551 rei
2488 2497 2727 2551 eremita

2228 2586 2431 2640 Didicit
2460 2602 2529 2640 ex
2562 2588 2824 2640 daemone
2850 2603 2863 2640 :

2157 2675 2243 2728 Nil
2273 2676 2570 2728 inventum
2596 2680 2778 2728 morte
2812 2675 3074 2743 dignum,

2158 2764 2350 2831 Neque
2381 2763 2618 2827 faenum,
2643 2778 2830 2833 neque
2859 2763 3080 2832 lignum

2228 2852 2356 2905 Nhil
2388 2851 2635 2905 hominis
2666 2853 2725 2904 in
2757 2852 3019 2905 homine.

2154 2940 2301 2995 Talis
2330 2940 2549 3023 Christo
2575 2940 2821 2994 deservit
2835 2939 2896 3005 it,

2150 3030 2297 3083 Talis
2320 3029 2540 3083 Christo
2565 3028 2756 3082 vivens
2781 3029 2933 3093 vivit,

2225 3118 2287 3171 ln
2320 3123 2534 3171 aeterna
2566 3116 2769 3187 patria.

2152 3206 2359 3260 Servus
2391 3212 2521 3260 tuus
2533 3211 2588 3258 et
2615 3205 2847 3258 Amicus

2149 3296 2285 3361 Tua,
2324 3296 2489 3361 Deus,
2520 3310 2622 3348 nos
2656 3294 2932 3349 Henricus

2225 3384 2559 3437 Consoletur
2589 3383 2793 3453 gratia.

2017 3466 2050 3535 ᾖ
2096 3471 2206 3524 Ora
2236 3486 2340 3540 pro
2372 3470 2556 3534 nobis,
2578 3476 2769 3523 sancte
2802 3468 3060 3533 Henrico,

2009 3558 2052 3624 Et)
2094 3559 2163 3611 Ut
2191 3558 2351 3628 digni
2372 3558 2689 3610 efficiamur
2719 3555 3191 3625 promissionibus
3222 3554 3451 3610 Christi.

2630 3644 2931 3700 OREMUS.

2432 3739 2519 3790 Ea:
2550 3737 2825 3790 Breviarc'o
2867 3737 3126 3790 Romano.

2652 3912 2929 3967 ORATIO.

2402 4003 2497 4057 Ezc
2513 4004 2739 4071 proprio
2756 3999 3167 4067 Bambergensi.

2401 4529 2487 4581 DE
2527 4526 2791 4581 SANCTO
2837 4526 2873 4578 ll
2888 4522 3169 4579 ENRICO.

2044 4619 2131 4671 Ea:
2178 4616 2484 4670 Annalibus
2513 4612 2999 4685 Bambergensibus
3025 4610 3178 4681 apud
3208 4610 3537 4677 Gretserum,

2635 4718 2769 4771 pag.
2810 4703 2934 4756 426.

3528 357 3624 409 186

2018 4095 2134 4146 123.
2194 4093 2340 4146 Deus
2369 4092 2470 4161 qui
2508 4091 2739 4145 beatum
2799 4088 3107 4143 Henricum
3159 4089 3287 4157 post
3333 4088 3625 4138 terrenum

1941 4180 2249 4252 imperium
2303 4179 2639 4249 insignitum
2696 4177 2958 4231 aethereis
3000 4175 3229 4229 sedibus
3279 4172 3572 4226 collocasti
3614 4191 3629 4225 :

1864 4299 1902 4349 Ι)
1942 4267 2149 4334 tribue,
2180 4283 2530 4337 quaesumus,
2565 4271 2629 4318 ut
2657 4280 2826 4334 quem
2859 4262 3037 4331 signis
3079 4259 3490 4312 miraculorum
3512 4260 3631 4312 cla-

1942 4370 2066 4409 rere
2092 4355 2400 4419 cernimus,
2454 4353 2701 4406 eumden
2757 4351 3191 4403 intercessorem
3248 4346 3308 4399 in
3356 4345 3637 4416 angustiis

1940 4442 2269 4496 sentiamus.
2304 4444 2411 4496 Per
2452 4440 2779 4501 Dominum,
2814 4442 2919 4490 etc.

2016 4795 2134 4848 124.
2190 4792 2289 4847 Eia
2319 4806 2559 4862 germen
2604 4790 2926 4854 Saxonum;
2973 4790 3203 4843 culmen
3260 4788 3636 4855 Bavarorum,

1941 4882 2330 4937 Palatinorum
2359 4879 2545 4934 Rheni
2569 4880 2780 4945 honor;
2815 4879 2986 4931 decus
3009 4877 3363 4944 Germanias;
3405 4875 3640 4946 Imperii

1942 4972 2153 5043 gloria;
2215 4969 2476 5025 Ecclesiae
2532 4968 2820 5038 singulare
2869 4970 3313 5031 ornamentum;
3357 4970 3414 5018 et
3464 4964 3640 5018 totius

1944 5061 2100 5114 orbis
2130 5059 2476 5131 stupendum
2512 5057 2880 5111 miraculum:
2943 5054 3330 5109 Sacratissime
3382 5054 3641 5123 Impera-

1943 5152 2035 5201 tor
2066 5147 2356 5212 Heinrice;
2408 5151 2464 5199 te
2515 5144 2815 5214 diligentes
2845 5142 3097 5206 intuere;
3130 5145 3181 5193 et
3211 5139 3297 5193 fac
3325 5138 3440 5193 tuis
3468 5138 3637 5192 meri-

1944 5236 2017 5293 tis
2047 5241 2102 5290 et
2132 5235 2423 5306 precibus;
2487 5237 2551 5287 ut
2579 5233 2663 5286 tui
2693 5233 2939 5286 cultores
2984 5228 3109 5283 ﬁeri
3141 5231 3470 5282 mereantur
3524 5227 3635 5281 vir-

1944 5330 2132 5379 tutum
2181 5330 2411 5379 tuarum
2446 5339 2549 5393 pro
2579 5338 2745 5393 posse
2768 5320 3083 5373 imitatores
3116 5334 3128 5371 :
3162 5321 3446 5387 quatenus
3474 5316 3639 5370 vesti-

1945 5415 2053 5485 giis
2082 5414 2196 5468 tuis
2234 5413 2606 5479 inhaerentes,
2636 5410 2988 5481 gaudeamus
3018 5406 3111 5461 hic
3135 5412 3233 5460 tuo
3276 5420 3505 5475 semper
3536 5422 3636 5477 pa-

1946 5503 2209 5565 trocinio,
2246 5508 2304 5557 et
2331 5501 2563 5556 tandem
2608 5500 2775 5555 beato
2807 5498 2866 5552 in
2925 5495 3243 5553 celestibus
3272 5498 3370 5549 tuo
3404 5508 3638 5550 consor-

1951 5593 2045 5646 tio.
2076 5595 2277 5645 Amen.
