3938 6360
307 331 399 383 187

549 445 817 500 VERSUS
857 443 1235 499 GODEFRIDI
1276 443 1743 498 VITEBBIENSIS

693 565 758 605 DE
798 569 840 604 5.
884 567 1146 616 BENRICO,
1191 567 1339 604 DICTO
1378 567 1602 604 CLAUDO.

376 662 496 716 125.
534 657 760 714 Henrici
792 657 992 712 Claudi
1019 658 1285 711 meritum
1318 657 1632 711 solenniter
1672 655 1825 720 audi,

306 748 409 804 Cui
433 749 594 802 decet
623 746 918 817 applaudi,
953 748 1113 815 cujus
1143 751 1327 800 metra
1357 745 1587 817 porrigo
1615 744 1770 799 laudi
1801 761 1813 797 :

375 839 649 906 Sumptus
681 837 750 890 ab
777 851 905 889 arce
935 835 1059 898 soli,
1096 842 1297 904 regnat
1326 835 1386 888 in
1412 851 1539 888 arce
1563 833 1681 902 poli

309 925 566 993 Conjuge
603 923 870 992 Virginea
911 923 1078 992 Virgo
1107 923 1426 993 permansit
1454 929 1511 975 et
1531 922 1625 982 ille

305 1012 625 1068 Catliolicas
653 1012 811 1065 dedit
841 1012 1107 1064 ecclesias
1140 1027 1379 1064 numero
1401 1009 1565 1080 quasi
1598 1009 1783 1074 mille;

380 1100 758 1170 Pauperibus,
793 1100 995 1163 viduis,
1042 1117 1192 1169 spes,
1225 1099 1332 1164 via,
1368 1099 1484 1152 vita
1515 1098 1641 1165 fuit,

315 1191 472 1244 Nunc
503 1193 559 1242 et
587 1189 643 1241 in
667 1189 867 1241 altaria
899 1205 998 1241 sua
1028 1187 1318 1241 cernimus
1349 1204 1478 1242 ossa
1507 1185 1736 1253 sacrari,

312 1279 463 1332 More
493 1277 728 1330 salutari
755 1277 1017 1330 solennia
1044 1277 1217 1346 digna
1248 1277 1470 1346 parari;

381 1367 638 1435 Corpora
669 1364 946 1418 debilium
979 1365 1228 1434 plurima
1258 1381 1394 1418 sana
1424 1366 1564 1419 dari.

391 1457 506 1508 l26.
549 1455 627 1507 De
657 1455 752 1507 hoc
791 1453 1138 1507 Viterbiensis
1169 1455 1392 1506 metrica
1415 1455 1666 1518 encomio,
1697 1453 2002 1522 praseipuas

313 1543 368 1596 S.
427 1540 654 1596 Henrici
715 1544 943 1594 virtutes
1000 1542 1294 1610 complexa,
1341 1543 1680 1594 meminimus
1727 1556 1896 1608 supra
1945 1543 2004 1592 in

315 1632 705 1685 Commentario
733 1631 938 1697 praevio
967 1644 1114 1682 num.
1153 1633 1242 1694 76,
1286 1629 1381 1682 ubi
1426 1629 1492 1682 de
1540 1631 1595 1684 S.
1632 1631 1873 1682 Heinrici
1901 1631 2006 1680 vir-

313 1718 494 1789 ginali
533 1719 788 1770 castitate
830 1718 888 1769 in
943 1719 1292 1771 matrimonio
1344 1722 1558 1770 servata
1618 1719 1842 1782 egimus,
1901 1718 2002 1769 huc
2037 1726 2075 1778 Β

316 1808 561 1861 lectorem
614 1808 943 1860 remittentes
978 1806 1054 1860 ad
1108 1809 1232 1874 ipsa
1273 1808 1510 1860 auctoris
1569 1807 1754 1869 verba,
1809 1806 2006 1873 quibus

317 1898 479 1950 etiam
537 1896 817 1963 singulare
863 1895 1015 1949 istud
1052 1897 1383 1949 sanctissimi
1440 1896 1795 1964 Imperatoris
1849 1894 2006 1948 decus

316 1983 735 2038 vindicavimus.
766 1983 1032 2050 Suggesta
1071 1983 1285 2051 quidem
1309 1985 1460 2048 fuere
1488 1983 1746 2036 nonnulla
1766 1985 2008 2051 spectan-

321 2073 400 2126 tia
432 2072 506 2124 ad
553 2073 901 2125 ostensionem
938 2072 1296 2139 reliquiarum
1339 2071 1830 2138 Bambergensium,
1882 2075 2009 2140 quot

319 2161 611 2229 septenniis
641 2159 904 2213 celebrari
938 2160 1185 2226 solitam;
1217 2175 1401 2214 verum
1438 2175 1556 2213 cum
1588 2160 1694 2214 hac
1716 2159 1854 2213 alibi
1873 2161 2010 2213 satis

321 2249 622 2302 communia
649 2249 780 2313 sint,
821 2264 914 2302 nec
955 2250 1130 2314 magis
1185 2248 1260 2302 ad
1283 2253 1492 2302 sanctos
1532 2248 1824 2317 Conjuges,
1849 2263 2012 2317 quam

323 2335 397 2389 ad
424 2335 562 2388 alios
591 2335 815 2390 Sanctos
843 2337 1116 2404 pertinere
1169 2335 1479 2397 videantur,
1533 2351 1638 2388 non
1692 2337 1804 2401 fuit
1843 2351 2014 2404 operae

321 2423 557 2492 pretium
577 2422 642 2475 de
682 2438 744 2476 ea
763 2438 822 2476 re
847 2424 1099 2492 pluribus
1131 2423 1394 2478 disserere
1425 2440 1437 2476 :
1469 2425 1643 2477 malui
1664 2425 1764 2477 toti
1803 2427 2014 2476 tracta—

323 2512 458 2564 tioni
513 2511 816 2564 coronidem
861 2514 1153 2580 imponere,
1215 2515 1409 2580 paucis
1479 2511 1838 2565 enumerando
1896 2516 2017 2565 tem-

321 2600 419 2668 pla
466 2601 517 2652 et
568 2599 793 2666 sacella,
839 2601 900 2652 in
957 2601 1422 2653 sanctissimorum
1479 2600 1790 2669 Conjugum
1852 2601 2016 2653 hono-

326 2701 438 2739 rem
491 2689 685 2750 erecta,
746 2701 864 2755 qua
921 2688 1198 2741 Pottuvius
1250 2689 1309 2740 in
1360 2687 1499 2741 hunc
1568 2687 1782 2740 modum
1836 2702 2016 2740 recen-

326 2775 456 2828 suit.

334 2860 463 2931 §V.
523 2862 744 2930 Templa
816 2869 866 2916 et
920 2863 1118 2916 sacella
1172 2865 1230 2916 in
1272 2864 1522 2917 honorem
1582 2864 1644 2918 S.
1701 2865 1918 2916 Henrici
1971 2869 2020 2916 et

402 2932 458 2987 S.
485 2932 828 2998 Cunegundis
858 2939 1050 2990 erecta.
1084 2939 1280 3002 praeter
1333 2935 1472 2987 illud
1520 2933 1586 2986 de
1629 2949 1733 3002 quo
1771 2937 2020 3002 superius

404 3018 552 3056 num.
591 3005 653 3057 t8
683 3009 823 3057 inter
859 3005 1142 3059 miracula.

405 3093 523 3144 127.
565 3113 585 3139 ι
646 3093 840 3162 Ριιδεω
881 3091 1082 3145 visitur
1126 3091 1370 3160 insignis
1401 3091 1636 3145 ecclesia
1686 3092 1736 3147 S.
1771 3091 2013 3146 Henrici.

333 3195 505 3250 quam
539 3179 599 3233 in
629 3179 906 3234 honorem
937 3181 1110 3250 hujus
1139 3180 1326 3235 Sancti
1349 3181 1584 3235 Carolus
1605 3181 1669 3234 ιν
1709 3182 2022 3251 Imperator

332 3271 388 3321 et
419 3267 795 3321 Bohemorum
821 3270 937 3323 Rex
957 3285 1107 3323 anno
1134 3285 1456 3333 ucccxxxul,
1490 3285 1618 3322 cum
1653 3268 1835 3322 adhuc
1879 3275 2023 3322 esset

336 3356 587 3410 marchio
622 3357 901 3424 Moravim,
930 3363 986 3411 et
1025 3357 1310 3412 Bohemiae
1333 3357 1704 3428 gubernator,
1774 3358 2020 3412 aediﬁca-

334 3443 434 3508 vit,
467 3449 523 3498 et
567 3445 627 3508 in
657 3446 1042 3516 parochialem
1089 3446 1291 3512 erexit,
1323 3463 1452 3518 quae
1482 3445 1788 3500 hodiedum
1838 3451 1922 3500 est
1960 3463 2023 3499 ex

336 3531 627 3601 primariis
655 3535 1003 3605 Neo-Praga:
1055 3535 1301 3590 basilicis
1354 3534 1584 3601 curatis,
1632 3535 2025 3604 compluribus

340 3621 614 3675 instructa
639 3621 1088 3691 fundationibus,
1121 3624 1436 3693 praesertim
1474 3640 1576 3694 pro
1601 3623 1819 3677 alendis
1851 3624 2026 3677 musi-

337 3709 416 3762 cis
446 3709 675 3764 servitio
701 3713 902 3780 templi
934 3712 1249 3782 deputatis.

414 3800 532 3853 128.
571 3818 599 3850 α
629 3799 873 3854 Ecclesia
898 3799 1242 3871 parochialis
1273 3799 1736 3866 Burckunstadii,
1766 3816 1897 3871 quae
1948 3807 2034 3855 est

341 3886 474 3940 urbs
504 3887 761 3942 dimcesis
823 3888 1278 3957 Bambergensis,
1321 3887 1443 3958 jam
1496 3894 1629 3943 ante
1671 3889 1893 3960 aliquot
1922 3906 2030 3944 sm-

343 3975 466 4028 cula
517 3980 602 4030 est
656 3976 918 4031 dedicata
964 3977 1017 4032 S.
1073 3977 1313 4032 Henrico
1357 3977 1713 4048 Imperatori,
1743 3978 1906 4048 cujus
1933 3994 2031 4048 pa-

345 4063 647 4119 trocinium
681 4066 986 4136 quotannis
1015 4067 1327 4120 solenniter
1357 4065 1696 4120 celebratur.

1608 325 1663 378 S.
1708 321 1992 379 HENRICI
2032 320 2505 378 IIIPERA'I‘ORIS

3718 319 3829 370 188

2182 445 2298 496 129.
2363 463 2390 490 ‹‹
2446 441 2778 510 Bambergaa
2831 456 2982 494 anno
3015 455 3217 495 nocuv
3247 440 3486 495 ecclesia
3535 440 3832 495 Reveren-

2104 531 2309 583 dormn
2347 532 2577 584 Patrum
2600 528 3072 600 Cappucinorum
3123 529 3403 584 aediﬁcata
3435 529 3600 584 estin
3633 530 3828 584 hono-

2105 635 2227 673 rem
2255 619 2348 674 SS.
2383 617 2605 672 Henrici
2646 622 2696 671 et
2747 618 3095 685 Cungundis,
3165 634 3340 688 quam
3395 618 3600 672 eodem
3660 633 3826 671 anno

2109 706 2633 762 Reverendissimus
2663 706 2940 760 Dominus
2970 706 3218 760 Joannes
3270 707 3538 761 Melrhior
3587 706 3824 777 episco-

2107 812 2214 866 pus
2247 794 2752 864 Domitioplitanus
2783 800 2840 848 et
2903 795 3301 862 sutfraganeus
3360 794 3824 866 Herbipolensis,

2105 900 2271 938 xxviii
2303 883 2475 950 Junii,
2505 883 2728 936 solenni
2759 882 2894 946 ritu,
2919 883 3024 936 sub
3081 882 3418 936 eorumdem
3471 883 3824 937 Sanctorum

2109 971 2422 1042 patrocinio
2447 971 2746 1025 dedicavit.

2184 1063 2282 1114 130
2338 1079 2365 1110 α
2401 1060 2892 1124 Bottensteinium,
2927 1075 3052 1130 quas
3086 1064 3171 1114 est
3195 1058 3331 1114 urbs
3362 1059 3619 1114 dioecesis
3651 1060 3827 1113 Bam-

2110 1147 2424 1217 bergensis,
2457 1146 2566 1200 sita
2617 1147 2679 1201 in
2717 1149 3002 1200 montanis
3033 1164 3225 1200 versus
3271 1147 3670 1208 Voitlaudiam,
3705 1147 3822 1200 ha-

2109 1236 2206 1290 bet
2259 1242 2412 1290 extra
2480 1251 2678 1289 muros
2731 1237 3004 1289 sacellum
3041 1237 3098 1290 S.
3185 1235 3524 1305 Cuneguudi
3576 1234 3824 1306 virgini,

2110 1325 2352 1395 ejusque
2386 1329 2581 1378 sancto
2606 1324 2847 1395 Conjugi
2880 1325 3160 1390 dicatum;
3202 1323 3259 1377 in
3287 1340 3426 1394 quo,
3461 1329 3521 1376 ut
3548 1328 3830 1376 constans

2113 1429 2302 1467 sermo
2355 1431 2388 1467 a
2443 1412 2756 1482 majoribus
2803 1418 3073 1482 acceptus
3111 1417 3372 1477 testatur,
3428 1411 3669 1480 contigit
3731 1427 3834 1464 res

2113 1501 2526 1567 memorabilis,
2558 1501 2650 1554 hic
2678 1517 2795 1555 non
2851 1501 3157 1555 reticenda.
3195 1503 3336 1556 Cum
3369 1500 3522 1553 enim
3572 1498 3829 1554 Hussitae.

2114 1606 2266 1644 anno
2309 1607 2546 1658 ucnxxx,
2610 1595 2827 1643 vastata
2879 1589 3221 1653 Voitlandia,
3263 1589 3443 1659 captis
3498 1605 3734 1659 quoque
3768 1608 3834 1654 ει

2115 1678 2362 1732 incensis
2396 1679 2790 1744 Culmbachio,
2825 1683 2882 1732 et
2905 1679 3176 1744 Barutho,
3204 1677 3261 1730 in
3291 1684 3625 1731 montanam
3669 1677 3830 1730 diae-

2118 1766 2262 1820 cesis
2304 1767 2745 1836 Bambergensis
2776 1765 3097 1836 regionem,
3124 1766 3346 1837 partitis
3375 1765 3728 1835 agminibus,
3763 1782 3830 1817 se

2119 1855 2506 1924 infunderent,
2578 1860 2635 1910 et
2685 1855 3034 1910 inobservati
3094 1853 3508 1908 Bottensteinio
3577 1853 3830 1906 immine

2117 1948 2268 2009 rent,
2315 1944 2504 1998 subito
2559 1944 2616 2000 in
2671 1944 2875 1997 sacello
2929 1944 3022 1998 SS.
3070 1942 3440 2013 Cunegundis
3481 1945 3533 1996 et
3589 1939 3828 1995 Henrici

2120 2033 2307 2087 editur
2337 2032 2595 2086 insuetus
2617 2048 3026 2103 campanarum
3057 2031 3299 2099 sonitus,
3356 2045 3471 2102 quo
3502 2028 3672 2084 exciti
3723 2029 3831 2081 in-

2120 2121 2262 2175 colae
2293 2121 2360 2176 ad
2395 2121 2665 2175 sacellum
2699 2120 3031 2187 convolant;
3065 2120 3216 2174 fores
3269 2121 3506 2182 clausas,
3559 2118 3828 2172 nullum-

2123 2225 2234 2280 que
2285 2209 2592 2278 vestigium
2645 2208 2895 2262 hominis
2924 2208 3118 2274 ullius,
3161 2207 3263 2277 qui
3305 2221 3610 2276 campanas
3662 2221 3833 2258 com-

2123 2299 2350 2370 pulsare
2381 2297 2682 2368 potuisset,
2731 2296 3043 2367 reperiunt.
3093 2298 3166 2350 At
3195 2295 3361 2349 simul
3397 2293 3659 2348 hostilem
3692 2299 3833 2346 tur-

2125 2401 2279 2440 mam
2319 2401 2497 2456 prope
2519 2386 2922 2439 adventantem
2981 2385 3341 2454 conspiciunt
3371 2399 3383 2437 :
3439 2398 3656 2436 moram
3688 2397 3838 2452 per-

2124 2474 2363 2528 brevem
2395 2473 2645 2544 quidem.
2682 2473 2780 2528 sed
2813 2473 3124 2528 admodum
3157 2478 3542 2543 opportunam
3597 2470 3838 2541 prospi-

2127 2561 2310 2615 ciendi
2337 2561 2508 2615 rebus
2535 2561 2654 2614 suis
2679 2561 2850 2626 nacti,
2884 2551 3129 2632 propere
3151 2577 3208 2614 se
3240 2567 3356 2612 tam
3383 2559 3440 2612 in
3471 2558 3839 2628 urbe,quam

2126 2651 2186 2705 in
2217 2649 2403 2704 adsito
2446 2649 2716 2704 fortalitio
2783 2650 2852 2704 ad
2901 2649 3017 2703 vim
3075 2648 3340 2702 hostilem
3377 2645 3842 2718 propulsandam

2129 2744 2470 2810 comparant
2501 2743 2714 2810 :atque
2740 2738 2820 2792 ita
2861 2738 3152 2792 funestum
3180 2736 3485 2801 excidium,
3541 2752 3652 2805 quo
3681 2751 3845 2788 com-

2132 2828 2324 2900 plures
2349 2827 2607 2882 finitimaa
2640 2827 2831 2890 urbes,
2893 2826 3102 2897 oppida
3152 2830 3208 2880 et
3252 2826 3385 2897 pagi
3432 2824 3638 2877 misere
3693 2829 3844 2875 tunc

2133 2916 2444 2988 perierunt,
2477 2931 2586 2985 ope
2617 2931 2851 2968 suorum
2885 2915 3262 2970 Patronorum
3293 2912 3622 2968 tutelarium
3653 2910 3844 2964 felici-

2047 3006 2088 3059 C
2129 3011 2215 3059 ter
2273 3009 2594 3058 evaserunt.
2628 3005 2690 3057 In
2724 3004 2886 3072 cujus
2933 3002 3195 3057 beneﬁcii
3227 3017 3540 3073 perennem
3568 3005 3837 3070 gratam-

2131 3109 2242 3164 que
2284 3092 2644 3158 memoriam,
2687 3091 3019 3164 quotannis,
3072 3107 3102 3144 e
3159 3090 3376 3160 templo
3410 3087 3728 3159 parochiali
3760 3089 3838 3142 ad

2133 3179 2350 3235 dictum
2382 3181 2652 3235 sacellum
2677 3180 3021 3251 supplicatio
3056 3179 3396 3234 instituitur.

2210 3273 2325 3323 131.
2363 3292 2388 3319 ‹‹
2421 3271 2483 3325 In
2510 3269 2676 3324 Stiria
2708 3269 2777 3323 ad
2823 3269 3040 3324 radices
3073 3268 3186 3322 Piri
3233 3267 3443 3322 montis
3497 3265 3701 3320 visitur
3743 3280 3840 3318 sa-

2133 3359 2339 3414 cellum
2363 3357 2420 3411 in
2455 3359 2734 3412 honorem
2771 3358 2826 3412 S.
2859 3357 3084 3411 Henrici
3113 3355 3497 3428 Imperatoris,
3555 3371 3588 3408 a
3640 3352 3842 3408 Fride-

2138 3448 2254 3502 rico
2297 3448 2369 3502 ab
2407 3447 2631 3502 Huti'ses
2660 3447 2927 3517 episcopo
2989 3445 3393 3516 Bambergensi
3446 3446 3842 3498 constructum

2136 3538 2287 3591 circa
2315 3552 2532 3591 annum
2565 3551 2912 3590 uccccxxxvr.
2953 3557 2978 3584 η

2218 3627 2335 3679 132.
2395 3623 2584 3678 Reddo
2629 3624 2860 3692 ﬁdeliter
2926 3628 3164 3692 accepta,
3223 3623 3418 3692 quibus
3461 3621 3606 3690 quod
3681 3619 3845 3673 modo

2142 3713 2366 3780 addam,
2394 3714 2474 3766 nil
2495 3717 2736 3782 superest
2767 3713 3062 3780 :conﬁdere
3101 3714 3299 3776 ausim,
3326 3727 3395 3764 ea:
3441 3710 3601 3763 dictis
3629 3709 3847 3777 perspi-

2143 3818 2246 3856 cua
2273 3816 2384 3856 esse
2439 3803 2620 3856 omnia
2667 3817 2786 3871 quae
2828 3803 3044 3866 faciunt
3060 3801 3134 3854 ad
3160 3800 3496 3854 sanctissimi
3533 3800 3843 3866 Imperato—

2143 3893 2226 3944 ris
2267 3891 2490 3959 ejusque
2531 3891 2994 3956 pientissimorum
3023 3890 3275 3942 clientum
3305 3885 3840 3941 commendationem.

2155 3979 2418 4032 Videntur
2457 3979 2582 4032 Vita
2610 3978 2910 4045 Dilingana
2931 3993 3050 4046 cap.
3095 3992 3279 4039 xxxrv,
3308 3991 3436 4044 pag.
3471 3977 3584 4027 161.

851 4338 1089 4460 AD
1192 4337 1667 4461 ACTA
1769 4335 2424 4460 SANCTI
2534 4333 3321 4459 HENRICI

1673 4549 2517 4616 ADDITAMENTUM

351 4727 714 4800 (Monumenta
755 4732 1064 4784 Germania:
1105 4730 1382 4793 historica,
1427 4726 1630 4800 script.
1661 4731 1812 4800 tom._
1846 4727 1957 4800 IV,
1989 4743 2122 4800 pag.
2163 4729 2289 4782 816.
2329 4759 2386 4768 -
2438 4747 2489 4800 λα
2538 4726 2722 4781 Aliam
2781 4727 2850 4800 de
2895 4726 2950 4780 S.
2989 4725 3230 4800 Henrico
3290 4727 3539 4800 ejusque
3601 4725 3849 4800 conjuge

419 4799 769 4868 Cunegunde
795 4801 1094 4855 historiam
1118 4800 1256 4853 Vita:
1279 4798 1455 4852 sancti
1486 4795 1846 4867 imperatoris
1873 4795 2210 4868 subjectam,
2233 4815 2266 4851 a
2296 4798 2487 4852 nescio
2515 4814 2631 4868 quo
2661 4798 2852 4853 seaculi
2886 4814 2982 4852 xm
3004 4795 3339 4867 incipientis
3361 4795 3496 4868 satis
3526 4795 3851 4849 luculenter

420 4867 710 4939 scriptam.
745 4872 841 4926 sed
881 4872 1090 4926 fabulis
1123 4871 1376 4940 plenam,
1419 4869 1930 4940 tanquamlibrum
1961 4867 2018 4923 iii
2051 4870 2284 4940 exhibet
2325 4869 2502 4924 codex
2531 4867 2892 4940 bibliothecae
2921 4873 3153 4921 senatus
3181 4867 3485 4938 Lipsiensis
3514 4882 3677 4940 num.
3724 4868 3847 4929 194,

423 4937 657 5005 memb.,
683 4959 810 4996 saec.
847 4958 962 5008 xui,
997 4959 1030 4994 a
1061 4937 1184 4993 viro
1216 4941 1285 4994 cl.
1321 4937 1642 5010 Naumanu.
1661 4939 2022 4994 bibliothecas
2053 4939 2347 5010 praefecto,
2373 4955 2598 4994 summa
2627 4939 2924 5010 diligentia
2954 4940 3016 4993 in
3041 4955 3177 4992 usus
3208 4937 3432 4992 nostros
3461 4937 3802 5007 exscriptus,
3821 4959 3848 4986 »

418 5011 608 5084 inquit
636 5015 698 5068 G.
732 5012 932 5080 Waitz,
964 5013 1023 5065 in
1055 5011 1391 5081 praefatione
1421 5009 1491 5064 ad
1514 5010 1567 5064 S.
1602 5011 1951 5078 Henricum.)

428 5223 476 5273 1.
503 5218 795 5274 Secretum
826 5215 978 5284 regis
1007 5214 1191 5267 celare
1247 5212 1460 5266 bonum
1516 5227 1657 5278 esse,
1707 5227 1883 5282 opera
1918 5227 2047 5265 vero

356 5305 458 5360 Dei
485 5321 752 5359 enarrare
809 5300 1193 5357 honoriﬁcum
1254 5316 1397 5364 esse,
1458 5301 1756 5354 Psalmista
1794 5316 1893 5352 nos
1923 5316 2046 5354 am-

360 5398 578 5459 monet,
631 5394 828 5448 dicens
877 5408 890 5445 :
944 5389 1186 5446 Laudate
1215 5391 1499 5444 Dominum
1547 5393 1608 5445 in
1677 5392 1880 5446 sanctis
1929 5389 2046 5460 ejus

359 5481 528 5548 (Psal.
552 5497 634 5547 CL,
681 5480 782 5548 l.).
837 5477 1020 5549 Igitur
1061 5494 1128 5532 ea
1159 5493 1271 5548 que
1304 5478 1373 5532 de
1402 5479 1648 5549 glorioso
1699 5479 2045 5551 imperatore

361 5569 685 5623 confessore
711 5568 921 5623 Christi
969 5567 1255 5634 Heinrico,
1300 5569 1382 5622 vel
1411 5569 1680 5624 laudabili
1711 5574 1768 5623 et
1799 5569 2048 5638 gleriosa

2157 5213 2281 5282 ejus
2311 5212 2556 5282 conjuge
2583 5213 2676 5265 sed
2711 5211 2932 5280 virgine
2967 5210 3089 5263 luce
3114 5210 3322 5264 clarius
3350 5207 3744 5279 cognovimus,
3780 5211 3854 5263 ad

2156 5300 2399 5372 gloriam
2440 5300 2540 5355 Dei
2591 5300 2689 5369 qui
2741 5303 3013 5370 operatur
3041 5299 3101 5352 in
3141 5297 3349 5351 sanctis
3400 5296 3538 5364 suis,
3600 5296 3732 5350 licet
3761 5297 3852 5350 in-

2155 5391 2330 5450 culto.
2383 5407 2514 5444 vero
2546 5397 2738 5443 tamen
2768 5405 3034 5442 sermone
3097 5387 3400 5458 propalare
3435 5386 3852 5457 proponimus;

2155 5479 2308 5550 quod
2344 5478 2402 5532 in
2435 5493 2635 5532 eorum
2690 5477 2927 5547 legenda
2957 5476 3154 5529 deesse
3194 5476 3437 5542 videtur,
3487 5472 3580 5528 hic
3625 5473 3856 5543 plenius

2155 5567 2500 5622 inveniatur.
2556 5566 2613 5621 Si
2695 5565 2823 5635 quis
2892 5565 3034 5618 scire
3090 5564 3392 5629 desiderat,
3450 5578 3580 5616 cum
3654 5562 3857 5616 beatus
