3938 6304
92 312 103 359 l
117 311 181 361 89

1397 310 1592 364 ACTA.
1634 337 1703 349 --
1741 309 2316 367 ADDI'I‘AMENTUM.

3516 314 3613 365 l90

82 428 284 483 Christi
352 428 646 484 confessor
692 432 749 484 et
813 429 980 484 beata
1026 430 1415 501 Cunegundis,
1484 436 1793 503 antequam
1825 436 1865 487 A
1902 464 1970 472 —
2011 449 2145 488 nam
2178 440 2423 506 utroque
2464 435 2586 504 jam
2628 404 2833 489 fuerat
2871 436 3070 490 orbata
3128 441 3363 506 parente
3418 467 3507 500 —,
3540 436 3611 490 de

80 517 478 583 convenirent,
535 523 729 572 votum
797 518 1146 573 continentia
1207 519 1501 589 virginalis
1560 521 1675 574 Deo
1734 521 1792 573 in

80 606 311 659 odorem
381 606 678 660 suavitatis
737 607 1100 677 optulissent,
1185 624 1363 679 quare
1425 609 1793 678 postmodum

79 696 379 764 conjugale
434 696 872 750 matrimonium
930 696 1340 763 contraxerint,
1400 697 1548 751 hanc
1617 697 1795 750 sciant

81 799 197 835 esse
225 799 488 837 causam.
522 785 663 837 Cum
694 784 845 837 fama
900 783 1082 837 incliti
1133 783 1407 855 principis
1463 784 1675 854 ubique
1708 784 1794 837 dio

86 871 441 941 vulgaretur,
503 876 557 924 et
614 872 805 925 hostes
863 871 994 925 ﬁdei
1045 887 1148 943 per
1202 889 1335 926 eum
1385 873 1526 943 jugo
1587 871 1795 926 Christi

84 961 489 1024 subderentur,
550 960 783 1013 ecclesia
842 977 985 1013 nove
1039 965 1512 1015 construerentur
1564 971 1622 1014 et
1670 960 1796 1029 pri-

89 1048 255 1100 mitus
301 1048 595 1101 destructe
639 1048 1125 1111 reedilicarentur,
1191 1053 1364 1119 atque
1417 1050 1565 1103 sicut
1614 1048 1799 1101 imber

90 1145 499 1205 temporaneus
531 1142 745 1189 terram
763 1138 905 1189 solet
936 1136 1198 1206 irrigare,
1232 1137 1311 1189 sic
1349 1137 1453 1191 iste
1481 1137 1798 1207 imperator

89 1226 370 1289 gloriosus
405 1225 736 1279 victoriosus
768 1240 889 1278 rem
916 1224 1207 1294 publicam
1264 1232 1501 1296 augeret
1538 1233 1593 1280 et
1641 1227 1798 1279 exal-

92 1321 255 1377 taret,
291 1313 635 1366 universitas
658 1313 978 1384 principum
1012 1313 1134 1382 ejus
1180 1314 1359 1383 gloria
1380 1314 1797 1385 congaudebat,

91 1400 484 1456 habundantia
515 1401 690 1469 pacis,
724 1417 836 1471 qua
876 1417 979 1471 per
1002 1418 1135 1455 eum
1166 1401 1524 1469 fruebantur,
1558 1404 1799 1473 applau-

94 1492 317 1545 debant.
372 1489 638 1553 Proinde,
673 1489 719 1542 si
769 1489 1015 1559 possible
1083 1491 1249 1559 foret,
1306 1491 1526 1562 jugiter
1555 1507 1688 1546 eum
1719 1507 1801 1546 re-

93 1596 261 1649 gnare
288 1578 579 1632 volebant.
629 1577 737 1632 Sed
787 1578 923 1649 quia
969 1578 1027 1632 id
1084 1580 1336 1633 humana
1384 1579 1636 1633 conditio
1689 1594 1800 1631 non

94 1667 323 1738 patitur,
360 1666 619 1720 sollertia
652 1666 974 1737 principum
1011 1666 1118 1737 [rei
1152 1667 1378 1738 publice
1406 1667 1467 1721 in
1506 1674 1803 1738 posterum

96 1754 449 1825 prospiciens
498 1754 694 1809 inclito
751 1755 1084 1825 imperatori
1139 1772 1444 1826 suggerere
1515 1756 1801 1817 studebat.

96 1850 150 1897 ut
178 1844 247 1897 ad
309 1844 751 1915 propagandam
803 1844 1061 1899 sobolem
1115 1861 1349 1899 uxorem
1404 1846 1656 1912 duceret,
1720 1850 1802 1911 ut,

95 1932 346 1985 virtuoso
378 1932 728 2001 imperatore
780 1933 927 1986 viam
961 1932 1225 1987 universe
1279 1933 1465 1987 carnis
1522 1934 1802 2003 ingresso,

95 2021 345 2074 virtuosa
378 2020 787 2074 nichilominus
826 2022 1013 2091 proles
1060 2022 1409 2077 hereditario
1434 2022 1565 2092 jure
1595 2023 1806 2093 guber-

98 2110 297 2162 nacula
339 2108 505 2178 regni
538 2108 851 2180 susciperet
880 2114 939 2164 et
976 2114 1275 2181 paternam
1315 2112 1576 2165 emulans
1628 2112 1806 2165 virtu-

98 2202 209 2251 tem
261 2198 520 2251 virtuose
578 2198 945 2268 gubernaret.
1011 2199 1119 2253 Sed
1162 2204 1219 2253 et
1247 2199 1456 2254 Christi
1497 2200 1806 2269 confessor,

102 2285 210 2339 voti
242 2286 336 2339 sui
369 2302 488 2340 non
520 2286 826 2340 immemor
843 2292 898 2340 et
926 2286 1203 2341 castitatis
1242 2292 1484 2353 amator,
1538 2288 1809 2359 principi-

100 2374 201 2428 bus
230 2391 481 2430 uxorem
513 2376 720 2429 ducere
750 2375 861 2429 sibi
909 2376 1279 2430 suadentibus
1337 2392 1453 2429 non
1512 2375 1675 2429 facile
1706 2392 1807 2445 po-

102 2467 243 2517 terat
291 2463 683 2535 acquiescere.
738 2464 852 2517 Illis
903 2470 1096 2518 autem
1146 2469 1429 2534 oportune
1481 2463 1809 2534 importune

101 2552 547 2623 suggerentibus
576 2556 633 2606 et
662 2552 1021 2622 suggerendo
1080 2552 1464 2616 monentibus,
1514 2558 1589 2618 et,
1619 2552 1665 2604 si
1695 2567 1811 2604 non

101 2641 474 2705 consentiret,
536 2656 669 2694 eum
730 2657 906 2712 regno
976 2640 1198 2711 privare
1259 2641 1602 2706 volentibus,
1680 2641 1811 2694 licet

101 2746 256 2800 egre,
299 2718 532 2783 coactus
585 2734 671 2784 est
707 2729 1050 2796 consentire,
1082 2731 1179 2783 sed
1211 2731 1412 2797 Deum,
1453 2731 1604 2800 apud
1638 2746 1810 2800 quem

42 2880 43 2883 η
101 2817 275 2871 nichil
307 2823 395 2871 est
415 2817 793 2888 impossibile.
825 2818 1136 2888 gemitibus
1167 2817 1651 2872 iuenarrabilibus
1675 2835 1809 2872 exo-

102 2907 266 2971 ravit,
302 2911 368 2958 ut
397 2905 480 2959 sic
502 2906 1141 2976 ordinaredignaretur,
1175 2911 1237 2960 ut
1257 2914 1314 2961 et
1345 2908 1624 2961 voluntati
1654 2907 1810 2977 prin-

99 2996 297 3065 cipum
329 2994 683 3049 satisfaceret
735 3000 792 3049 et
847 3002 1039 3050 tamen
1098 2995 1449 3050 continentie
1500 3004 1695 3049 votum
1727 2996 1821 3049 in-
1851 2998 1891 3051 Ο

100 3083 375 3137 violabile
431 3088 813 3138 conservaret.
890 3086 1086 3155 Itaque
1148 3084 1438 3155 propicius
1496 3086 1665 3149 Deus,
1715 3084 1815 3155 qui

102 3172 214 3241 piis
234 3171 754 3242 supplicationibus
801 3188 1028 3243 semper
1060 3177 1249 3242 presto
1305 3176 1407 3237 est,
1468 3172 1813 3226 desiderium

103 3260 302 3313 anime
342 3260 468 3329 ejus
489 3260 540 3313 ei
567 3265 654 3314 est
682 3259 948 3331 dignatus
978 3260 1249 3314 tribuere.
1277 3262 1388 3314 Rex
1421 3276 1552 3313 vero
1582 3277 1817 3330 sperans

105 3348 164 3401 in
196 3347 448 3401 Domino
478 3348 589 3401 tale
628 3363 966 3419 responsum
993 3347 1153 3401 dedit
1195 3348 1548 3419 principibus
1582 3365 1595 3401 :
1641 3351 1820 3403 Vestre

106 3434 328 3503 quidem
354 3435 626 3489 voluntati
676 3439 909 3505 paratus
953 3450 1073 3489 sum
1120 3436 1508 3504 obtemperare,
1563 3435 1659 3489 sed
1696 3436 1818 3489 nul-

107 3524 218 3577 lam
292 3538 402 3576 non
448 3525 591 3590 regie
646 3522 924 3591 majestati
974 3524 1300 3590 condignam
1355 3525 1413 3576 in
1475 3526 1820 3578 matrimonio

110 3613 251 3665 mihi
278 3612 397 3665 volo
428 3613 730 3666 consociare
762 3629 777 3679 ;
809 3612 907 3666 sed
938 3616 993 3666 et
1024 3612 1130 3665 hoc
1174 3612 1365 3682 ipsum
1397 3612 1626 3665 illorum
1666 3628 1820 3666 com-

111 3701 272 3754 misit
299 3700 679 3771 providentie.
712 3701 829 3756 Hoc
870 3701 1149 3772 promisso
1210 3700 1291 3771 pii
1339 3700 1490 3770 regis
1533 3706 1824 3771 gratanter

111 3794 369 3859 accepto,
405 3789 771 3843 vehementer
796 3788 972 3859 gavisi
1004 3794 1138 3843 sunt
1193 3788 1482 3859 principes
1524 3789 1772 3843 universi
1807 3809 1822 3855 ;

114 3878 299 3931 multa
329 3878 666 3947 satagebant
697 3877 1012 3931 deliberare
1044 3877 1366 3947 diligentia,
1415 3893 1586 3948 quam
1617 3877 1670 3933 ei
1710 3894 1826 3931 ma-

115 3965 395 4019 trimonio
424 3966 783 4036 cOpuIarent,
815 3982 918 4019 nec
971 3971 1159 4019 tamen
1193 3967 1363 4019 aliam
1396 3966 1644 4037 reperire
1667 3973 1825 4037 pote-

117 4062 267 4117 rant,
304 4053 417 4107 nisi
447 4070 620 4125 quam
651 4060 780 4108 ante
812 4060 1070 4124 tempora
1103 4055 1381 4108 secularia
1409 4054 1601 4108 divina
1630 4071 1823 4125 preor-

117 4144 415 4197 dinaverat
456 4142 813 4213 prescientia.
867 4144 995 4196 Erat
1022 4148 1216 4196 autem
1275 4143 1422 4213 apud
1477 4143 1698 4197 Renum
1728 4161 1826 4214 pa-

122 4233 336 4285 latinus
379 4230 617 4286 Sifridus
672 4231 928 4300 nomine,
977 4232 1191 4285 habens
1222 4232 1529 4301 conjugem
1563 4233 1823 4287 Hedewih

122 4325 407 4384 vocatam,
460 4319 629 4373 ambo
681 4319 915 4390 quidem
972 4319 1289 4373 clarissimo
1350 4334 1561 4390 genere
1605 4326 1829 4391 specta-

125 4409 289 4473 biles,
335 4413 530 4480 utpote
564 4408 634 4462 de
685 4408 1045 4462 nobilissima
1092 4408 1502 4462 descendentes
1556 4414 1829 4479 augusto-

126 4513 258 4551 rum
291 4496 582 4565 prosapia,
612 4496 805 4550 multis
832 4497 1004 4550 etiam
1033 4496 1245 4550 divitiis
1278 4497 1551 4567 insignes,
1594 4503 1651 4550 et
1682 4498 1829 4567 quod

127 4585 477 4639 laudabilius
532 4592 637 4651 est,
689 4585 995 4639 virtutibus
1053 4602 1285 4657 operam
1348 4586 1566 4640 dantes.
1625 4587 1721 4641 His
1774 4586 1832 4639 in

129 4676 387 4745 primeva
415 4680 566 4727 etate
598 4680 732 4727 nata
758 4674 861 4729 fuit
906 4674 1043 4741 tilia,
1094 4691 1204 4745 que
1235 4674 1394 4728 fulsit
1422 4676 1575 4729 velut
1605 4690 1833 4745 gemma

128 4780 271 4817 auro
301 4762 692 4832 superaddita,
735 4763 872 4816 dum
914 4762 1224 4833 preclarior
1280 4763 1550 4833 preclaris
1609 4766 1709 4817 hec
1740 4779 1832 4816 ac-

127 4852 294 4906 cessit
340 4852 563 4905 attavis.
626 4852 753 4905 Erat
802 4852 954 4906 enim
1014 4857 1252 4906 venusta
1309 4851 1451 4905 facie
1510 4857 1565 4904 et
1603 4852 1837 4921 optimis

128 4948 331 4995 ornata
364 4940 640 5007 moribus,
674 4941 944 5011 precipue
967 4956 1099 4994 vero
1132 4941 1193 4994 in
1223 4957 1290 4995 ea
1320 4940 1630 5010 primatum
1653 4940 1838 4993 tenuit

129 5030 426 5100 pudicitia.
466 5030 626 5092 Nam,
659 5035 718 5081 ut
746 5030 1009 5098 superius
1070 5028 1285 5082 dictum
1338 5035 1440 5094 est,
1500 5027 1836 5097 virginalem

128 5117 543 5173 continentiam
598 5118 710 5171 Deo
765 5118 969 5172 devota
1022 5118 1344 5172 devoverat.
1405 5116 1651 5171 Proinde
1706 5133 1835 5170 cum

128 5214 271 5260 esset
328 5212 445 5260 tam
494 5222 705 5276 genere
758 5223 931 5276 quam
986 5206 1242 5261 moribus
1300 5206 1529 5269 nobilis,
1566 5221 1671 5259 nec
1726 5206 1839 5259 alia

131 5296 485 5349 inveniretur
516 5295 567 5348 ei
598 5295 823 5360 similis,
850 5296 1059 5350 inclitis
1108 5294 1325 5366 placuit
1366 5293 1745 5365 principibus,
1776 5298 1841 5348 ut

133 5386 274 5439 hanc
302 5384 669 5455 potissimum
717 5384 1052 5454 imperatori
1083 5384 1334 5454 glorioso
1392 5384 1649 5454 legitimo
1705 5400 1844 5437 con-

128 5476 437 5544 iungerent
480 5473 745 5528 conubio.
807 5474 985 5541 Igitur
1043 5474 1230 5528 missis
1273 5472 1703 5528 honorabilibus
1760 5474 1841 5527 le-

134 5566 273 5634 gatis
304 5564 377 5618 ad
410 5563 595 5633 ipsam
628 5564 713 5617 vel
737 5564 804 5616 ad
859 5564 1212 5635 propinquos
1266 5564 1353 5617 vel
1382 5564 1450 5618 ad
1474 5562 1687 5617 amicos
1721 5562 1843 5632 ejus

1906 524 2120 595 nuptiis
2152 540 2344 577 secum
2398 530 2675 595 ceperunt
2702 529 2967 580 tractare.
3034 526 3334 580 Enimvero
3366 526 3610 598 pudicis-

1904 612 2068 679 sima,
2104 613 2195 666 cui
2226 612 2397 682 longe
2455 629 2614 667 mens
2646 619 2767 666 erat
2824 615 2958 680 alia,
3009 615 3243 669 audiens
3278 617 3345 669 de
3394 614 3609 686 nuptiis

1905 718 2097 755 secum
2130 701 2379 765 tractari,
2437 707 2589 771 cepit
2636 701 3097 757 inestimabiliter
3150 704 3489 757 contristare
3554 707 3611 757 et

1908 794 2022 843 toto
2054 789 2177 843 nisu
2213 790 2498 855 reluctari,
2522 795 2692 860 atque
2727 807 2826 860 pre
2856 790 3090 845 tristitia
3116 791 3300 845 exitus
3329 807 3610 862 aquarum

1907 878 2261 932 deduxerunt
2284 878 2431 931 oculi
2460 879 2604 947 ejus,
2649 880 2804 949 quia,
2864 896 2975 951 que
3026 896 3221 951 regem
3270 881 3611 950 angelorum

1902 967 2021 1036 jam
2052 968 2159 1021 sibi
2210 983 2482 1037 sponsum
2534 968 2805 1037 elegerat,
2864 968 2983 1038 regi
3042 969 3431 1022 Romanorum
3482 968 3615 1021 licet

1907 1054 2102 1108 inclito
2153 1055 2365 1108 nubere
2412 1055 2724 1108 recusabat.
2756 1055 3072 1126 Propinqui
3123 1072 3255 1109 vero
3295 1056 3418 1126 ejus
3466 1056 3615 1110 arbi-

1906 1147 2141 1208 trantes,
2177 1142 2243 1195 ad
2275 1141 2517 1211 gloriam
2549 1146 2604 1195 et
2652 1159 2922 1213 magnum
2957 1143 3221 1197 decorem
3272 1159 3374 1196 suo
3402 1158 3614 1213 prove-

1909 1231 2031 1284 nire
2049 1230 2267 1300 generi,
2296 1230 2342 1283 si
2376 1246 2476 1282 sua
2496 1232 2919 1299 consanguinea
2952 1232 3206 1285 Romano
3235 1234 3615 1300 conregnaret

1907 1319 2263 1391 imperatori,
2291 1319 2686 1373 conturbatam
2716 1336 2842 1373 eam
2900 1320 3194 1373 blandiciis
3239 1318 3613 1383 deliniebant,

1911 1414 1966 1462 et
1997 1414 2056 1462 ut
2085 1407 2416 1478 imperatori
2449 1412 2564 1461 tam
2598 1408 2849 1475 glorioso
2910 1408 3124 1462 nubere
3155 1424 3270 1461 non
3304 1410 3612 1472 recusaret,

1910 1497 2090 1550 immo
2121 1501 2413 1567 gratanter
2467 1495 2523 1549 id
2554 1496 2782 1561 faceret,
2837 1495 3125 1549 interdum
3157 1494 3531 1549 consulebant
3559 1498 3618 1547 et

1910 1585 2272 1639 consulentes
2312 1583 2582 1638 attentius
2621 1584 3015 1639 obsecrabant.
3052 1585 3207 1638 Inter
3238 1584 3343 1637 hec
3373 1581 3615 1653 virginis

1913 1673 2140 1727 animus
2187 1672 2356 1727 variis
2416 1671 2831 1743 cogitationum
2880 1672 3192 1726 tluctuabat
3239 1670 3489 1725 motibus
3544 1669 3617 1724 ad

1911 1752 2091 1817 instar
2122 1762 2295 1825 navis,
2330 1777 2442 1833 que
2472 1761 2532 1815 in
2562 1762 2679 1815 salo
2726 1761 2915 1832 posita
2971 1760 3170 1815 validis
3218 1758 3619 1813 circumfertur

1911 1851 2142 1905 flatibus
2175 1856 2474 1904 ventorum
2501 1869 2515 1916 ;
2546 1850 2644 1904 sed
2672 1850 2905 1903 tandem
2937 1850 3247 1903 anchoram
3277 1846 3397 1919 spei
3427 1862 3527 1901 sue
3558 1846 3617 1898 in

1913 1940 2107 1995 diviuo
2137 1939 2315 2009 ﬁgens
2336 1938 2570 2005 auxilio,
2601 1939 2842 1991 salutem
2876 1953 3039 1991 suam
3096 1935 3308 1990 sedulis
3356 1934 3617 2007 precibus

1913 2028 2352 2082 commendabat
2384 2027 2646 2092 Domino,
2703 2042 2937 2096 sperans
2989 2025 3404 2093 indubitanter,
3462 2021 3616 2094 quod

1913 2118 2056 2187 ipse,
2088 2116 2181 2170 cui
2211 2116 2402 2169 subest
2431 2131 2560 2169 cum
2597 2114 2842 2169 voluerit
2870 2130 3062 2184 posse,
3081 2114 3253 2167 etiam
3273 2110 3615 2182 inconjugio

1913 2204 2020 2258 sibi
2072 2203 2251 2274 posite
2304 2203 2505 2255 ﬂorem
2559 2202 2839 2272 pudicicie
2890 2217 3012 2267 sue,
3088 2218 3161 2255 ne
3223 2204 3616 2264 marcesceret,

1915 2297 2105 2362 posset
2134 2307 2485 2345 conservare.
2539 2292 2652 2345 Hac
2708 2307 2806 2360 spe
2862 2289 3131 2344 ﬁduciata
3176 2291 3335 2360 virgo
3368 2287 3616 2359 pruden-

1915 2379 2155 2445 tissima,
2189 2377 2651 2448 propinquorum
2691 2392 2926 2430 suorum
2986 2376 3284 2444 voluntati,
3346 2375 3475 2429 licet
3503 2389 3620 2428 non

1914 2468 2107 2520 animo
2138 2465 2371 2531 volenti,
2426 2482 2484 2519 se
2538 2465 2791 2519 tradidit.
2850 2465 3027 2534 Igitur
3074 2463 3400 2534 principum
3447 2459 3622 2531 legati

1917 2572 2090 2625 super
2119 2555 2205 2608 his
2232 2555 2388 2607 letati
2420 2570 2628 2607 novam
2665 2570 2935 2624 sponsam
2952 2569 3080 2607 cum
3096 2552 3343 2606 maximo
3366 2548 3620 2619 tripudio

1919 2661 2021 2697 suo
2061 2642 2392 2697 deferebant
2429 2640 2691 2708 domino,
2722 2657 2897 2712 quam
2952 2639 3290 2710 propinquis
3337 2642 3393 2691 et
3425 2635 3623 2691 amicis

1920 2730 2419 2803 prosequentibus,
2454 2728 2511 2782 in
2539 2728 2811 2782 comitatu
2868 2729 2990 2799 ejus
3022 2729 3167 2782 tacta
3226 2730 3311 2780 est
3358 2741 3475 2779 non
3503 2740 3622 2778 mo-

1921 2822 2048 2874 dica
2099 2820 2285 2873 turba.
2345 2817 2629 2872 Universis
2680 2817 2875 2887 itaque
2935 2815 3291 2887 principibus
3346 2815 3493 2869 facta
3541 2817 3628 2866 est

1921 2907 2320 2963 inestimabilis
2350 2906 2620 2960 exultatio
2660 2907 2729 2961 de
2760 2906 2911 2978 regis
2952 2911 3011 2960 et
3058 2907 3255 2976 regine
3304 2901 3576 2973 conjugio
3611 2917 3624 2965 ;

1930 2999 2028 3052 sed
2060 2998 2285 3051 frustra.
2317 2996 2439 3050 Non
2470 2995 2645 3060 enim,
2684 2993 2831 3048 sicut
2867 2998 3260 3064 speraverunt,
3322 3006 3481 3045 more
3511 3002 3628 3042 car-

1925 3086 2145 3141 nalium
2167 3088 2508 3155 nupserunt,
2550 3084 2645 3138 sed
2678 3083 2926 3153 virgines
2975 3084 3434 3153 permanserunt.
3486 3079 3625 3133 Cum

1927 3182 2118 3230 autem
2173 3173 2574 3245 episcoporum
2633 3170 3124 3226 benedictionibus
3171 3169 3383 3224 tirmati
3413 3170 3631 3222 secreta

1930 3261 2163 3316 thalami
2191 3263 2555 3331 recepissent,
2581 3275 2825 3329 sponsus
2854 3258 3256 3328 pudicissimus
3270 3271 3399 3310 cum
3422 3270 3632 3325 sponsa

1931 3350 2337 3405 nichilominus
2384 3348 2751 3418 pudicissima
2818 3364 2933 3401 non
2981 3347 3103 3399 sine
3157 3343 3497 3398 verecundia
3534 3358 3629 3394 ex-

1930 3456 2091 3494 orsus
2111 3443 2198 3493 est
2216 3444 2459 3491 tractare
2498 3437 2567 3490 de
2597 3436 2894 3506 pudicicia.
2928 3436 3025 3488 Ea:
3056 3433 3435 3489 habundantia
3488 3432 3632 3483 enim

1930 3528 2106 3583 cordis
2136 3541 2191 3580 os
2236 3527 2494 3593 loquitur.
2567 3525 2762 3594 Itaque
2817 3521 3083 3593 prorupit
3145 3520 3206 3573 in
3262 3520 3367 3573 hec
3413 3518 3627 3573 verba:

1932 3619 2142 3685 Sponsa
2170 3629 2292 3669 mea
2322 3615 2623 3676 carissima,
2676 3616 2860 3666 notum
2890 3611 3033 3665 tibus
3078 3611 3170 3674 sit,
3203 3608 3346 3677 quod
3376 3622 3628 3669 amorem,

1934 3720 2036 3773 quo
2082 3704 2327 3758 carnales
2374 3703 2624 3770 conjuges
2671 3703 2908 3754 mamime
2961 3701 3295 3754 delectantur
3336 3702 3385 3751 et
3448 3701 3632 3751 mutuo

1930 3794 2039 3849 sibi
2103 3794 2496 3857 consociantur,
2544 3805 2823 3859 nunquam
2867 3794 3120 3858 expertus
3184 3803 3325 3851 sum,
3386 3780 3481 3840 sed
3538 3800 3629 3838 nec

1935 3880 2176 3948 experiri
2203 3880 2339 3943 volo,
2372 3876 2504 3946 quia
2528 3877 2744 3930 celibem
2772 3878 2942 3930 vitam
2989 3876 3124 3940 elegi
3151 3879 3201 3927 et
3259 3875 3353 3927 hoc
3384 3876 3504 3926 voto
3530 3874 3627 3925 Do—

1936 3969 2081 4022 mino
2107 3968 2214 4021 Deo
2236 3982 2316 4020 me
2335 3966 2457 4035 jam
2482 3964 2704 4033 _dudum
2748 3965 3012 4033 obligavi.
3065 3963 3161 4017 His
3186 3960 3413 4025 auditis,
3444 3975 3641 4028 regina

1937 4055 2188 4126 gloriosa
2220 4054 2377 4123 virgo
2428 4056 2593 4106 beata
2624 4052 3080 4105 inestimabiliter
3109 4055 3195 4102 est
3222 4049 3553 4111 exhilarata,
3587 4051 3643 4099 et

1938 4145 2205 4198 ardenter
2235 4143 2384 4211 cepit
2411 4157 2604 4194 amare
2636 4156 2935 4210 sponsum,
2995 4138 3085 4192 cui
3140 4138 3309 4190 etiam
3348 4138 3455 4189 tale
3485 4134 3644 4188 dedit

1940 4247 2280 4301 responsum
2312 4247 2324 4284 :
2363 4230 2591 4284 Verbum
2637 4234 2806 4294 tuum,
2856 4228 3082 4288 domine,
3142 4228 3218 4279 mi
3255 4241 3371 4283 rem,
3400 4227 3457 4277 in
3486 4223 3642 4276 corde

1940 4338 2051 4375 meo
2080 4321 2232 4374 dulce
2260 4324 2337 4371 est
2366 4334 2529 4383 super
2558 4319 2659 4371 mel
2717 4321 2767 4370 et
2807 4319 3018 4383 favum,
3067 4319 3117 4367 et
3155 4314 3492 4382 propositum
3522 4325 3639 4364 cas-

1942 4413 2119 4464 titatis
2151 4410 2547 4475 beneplacitum
2588 4411 2665 4459 est
2691 4407 2915 4473 spirilui
2954 4419 3086 4465 meo,
3146 4407 3196 4455 et
3220 4404 3270 4455 si
3296 4402 3463 4454 michi
3483 4400 3640 4454 detur

1942 4501 2106 4568 Optio,
2138 4499 2324 4550 multis
2382 4498 2595 4562 pre/ero
2640 4496 2839 4560 regnis.
2881 4495 3017 4546 Nam
3046 4496 3095 4545 et
3125 4508 3218 4557 ego
3266 4496 3445 4543 votum
3470 4491 3641 4555 virgi-

1942 4588 2132 4640 nitatis
2204 4601 2314 4638 mee
2360 4588 2577 4638 uimine
2634 4585 2795 4652 quasi
2873 4596 3066 4635 munus
3124 4582 3497 4647 gratissimum
3567 4594 3648 4632 me

1942 4680 2119 4743 fateor
2142 4676 2421 4743 cptulisse.
2470 4688 2635 4739 quam
2669 4673 2719 4725 si
2766 4674 2888 4740 quis
2930 4671 3096 4725 michi
3134 4670 3411 4738 subripere
3453 4682 3644 4737 presu—

1942 4768 2127 4827 meret,
2160 4762 2303 4831 quod
2359 4761 2520 4826 absit,
2578 4762 2721 4814 iram
2776 4762 3001 4827 superni
3024 4759 3234 4827 judicis
3264 4760 3563 4812 incurreret
3598 4760 3648 4810 et

1943 4859 2180 4907 eternam
2208 4851 2646 4921 dumpnationem
2692 4849 2971 4902 incideret.
3025 4848 3138 4902 Rex
3190 4864 3321 4899 vero
3352 4848 3558 4900 Ietatus
3588 4844 3647 4898 in

1946 4943 2033 4996 his
2062 4956 2172 5011 que
2204 4940 2352 4993 dicta
2392 4937 2499 4991 sibi
2520 4942 2667 5001 sunt,
2705 4942 2762 4991 et
2791 4936 2925 5007 quia
2954 4936 3307 4990 consimilem
3340 4952 3427 4988 res
3462 4932 3650 4987 omnis

1947 5036 2121 5097 amat,
2180 5029 2340 5099 virgo
2423 5028 2729 5097 virginem,
2816 5031 3003 5078 castus
3061 5016 3437 5078 castissimam
3495 5026 3647 5076 casto

1946 5119 2097 5188 cepit
2127 5134 2323 5171 amore
2350 5115 2647 5187 complecti
2667 5120 2723 5169 et
2754 5129 2987 5167 manum
3020 5113 3196 5183 ipsius
3226 5111 3528 5166 candidam
3552 5125 3651 5163 sue

1948 5206 2251 5279 imponens
2294 5205 2513 5269 manui,
2549 5204 2636 5257 his
2682 5202 2867 5256 verbis
2922 5207 3006 5255 est
3060 5217 3186 5254 eam
3238 5201 3557 5254 allocutus:
3608 5201 3651 5255 0

1949 5299 2126 5350 amica
2164 5311 2300 5359 mea,
2330 5310 2530 5363 sponsa
2569 5309 2705 5356 mea,
2750 5292 3103 5345 immaculata
3128 5305 3268 5350 mea.
3312 5304 3499 5342 revera
3557 5290 3656 5342 Do-

1950 5388 2130 5439 minus
2159 5390 2236 5438 est
2262 5387 2320 5437 in
2348 5383 2522 5438 medio
2550 5384 2744 5448 nostri,
2797 5383 2893 5449 qui
2920 5396 3015 5434 nos
3072 5382 3234 5433 unius
3286 5380 3586 5433 voluntatis
3608 5393 3635 5432 ε

1951 5474 2215 5542 propositi
2244 5474 2302 5527 in
2330 5487 2424 5526 suo
2474 5474 2683 5526 nomine
2722 5474 2854 5538 fecit
2891 5470 3187 5536 convenire,
3238 5470 3335 5538 qui
3380 5473 3459 5523 est
3489 5470 3640 5534 refu-

1951 5565 2101 5629 gium
2128 5568 2372 5615 nostrum
2427 5566 2478 5614 et
2520 5564 2714 5614 virtus.
2771 5560 3028 5613 Unanimi
3085 5573 3341 5613 consensu
3394 5560 3516 5627 jam
3544 5561 3629 5627 ips
