  <div class='ocr_page' id='page_1' title='image "/cluster/home/n/w/nwhite01/storage/ocr_20150623/140/umn.31951002477433x/123.png"; bbox 0 0 3938 6326; ppageno 0'>
   <div class='ocr_carea' id='block_1_1' title="bbox 320 311 1875 389">
    <p class='ocr_par' dir='ltr' id='par_1_1' title="bbox 320 311 1875 389">
     <span class='ocr_line' id='line_1_1' title="bbox 320 311 1875 389; baseline -0.001 -1"><span class='ocrx_word' id='word_1_1' title='bbox 320 311 407 389; x_wconf 64' lang='grc' dir='ltr'>ιιιι</span> <span class='ocrx_word' id='word_1_2' title='bbox 503 369 507 372; x_wconf 65' lang='grc' dir='ltr'>ς</span> <span class='ocrx_word' id='word_1_3' title='bbox 1617 333 1670 385; x_wconf 90' lang='lat' dir='ltr'><strong><em>s.</em></strong></span> <span class='ocrx_word' id='word_1_4' title='bbox 1717 332 1875 387; x_wconf 66' lang='lat' dir='ltr'><strong><em>nam</em></strong></span> 
     </span>
    </p>
   </div>
   <div class='ocr_carea' id='block_1_2' title="bbox 2263 311 3818 389">
    <p class='ocr_par' dir='ltr' id='par_1_2' title="bbox 2263 332 3818 388">
     <span class='ocr_line' id='line_1_2' title="bbox 2263 332 3818 388; baseline -0.002 -2"><span class='ocrx_word' id='word_1_5' title='bbox 2263 332 2512 388; x_wconf 81' lang='lat' dir='ltr'><strong><em>ATORIS</em></strong></span> <span class='ocrx_word' id='word_1_6' title='bbox 3727 337 3736 382; x_wconf 90' lang='grc' dir='ltr'><strong><em>ι</em></strong></span> <span class='ocrx_word' id='word_1_7' title='bbox 3754 337 3818 383; x_wconf 69' lang='lat'><strong><em>92</em></strong></span> 
     </span>
    </p>
   </div>
   <div class='ocr_carea' id='block_1_3' title="bbox 311 455 3826 531">
    <p class='ocr_par' dir='ltr' id='par_1_3' title="bbox 311 455 3826 531">
     <span class='ocr_line' id='line_1_3' title="bbox 311 455 3826 531; baseline -0.003 -12"><span class='ocrx_word' id='word_1_8' title='bbox 311 479 407 520; x_wconf 86' lang='lat' dir='ltr'><strong><em>nos</em></strong></span> <span class='ocrx_word' id='word_1_9' title='bbox 462 465 606 531; x_wconf 86' lang='lat' dir='ltr'><strong><em>ipsos</em></strong></span> <span class='ocrx_word' id='word_1_10' title='bbox 661 461 950 529; x_wconf 69' lang='lat' dir='ltr'><strong><em>Offeramus</em></strong></span> <span class='ocrx_word' id='word_1_11' title='bbox 995 459 1324 527; x_wconf 80' lang='lat' dir='ltr'><strong><em>pollicentes,</em></strong></span> <span class='ocrx_word' id='word_1_12' title='bbox 1391 458 1539 528; x_wconf 84' lang='lat' dir='ltr'><strong><em>quod</em></strong></span> <span class='ocrx_word' id='word_1_13' title='bbox 1602 461 1828 527; x_wconf 81' lang='lat' dir='ltr'><strong><em>propter</em></strong></span> <span class='ocrx_word' id='word_1_14' title='bbox 1897 457 2012 527; x_wconf 82' lang='lat' dir='ltr'><strong><em>ejus</em></strong></span> <span class='ocrx_word' id='word_1_15' title='bbox 2043 458 2089 510; x_wconf 81' lang='grc' dir='ltr'><strong>Α</strong></span> <span class='ocrx_word' id='word_1_16' title='bbox 2127 456 2438 511; x_wconf 80' lang='lat' dir='ltr'><strong><em>castitatem</em></strong></span> <span class='ocrx_word' id='word_1_17' title='bbox 2483 455 2639 510; x_wconf 89' lang='lat' dir='ltr'><strong><em>omni</em></strong></span> <span class='ocrx_word' id='word_1_18' title='bbox 2693 455 2805 509; x_wconf 82' lang='lat' dir='ltr'><strong><em>vite</em></strong></span> <span class='ocrx_word' id='word_1_19' title='bbox 2849 470 2949 509; x_wconf 86' lang='lat' dir='ltr'><strong><em>sue</em></strong></span> <span class='ocrx_word' id='word_1_20' title='bbox 3003 459 3266 525; x_wconf 89' lang='lat' dir='ltr'><strong><em>tempore</em></strong></span> <span class='ocrx_word' id='word_1_21' title='bbox 3322 458 3378 509; x_wconf 89' lang='lat' dir='ltr'><strong><em>et</em></strong></span> <span class='ocrx_word' id='word_1_22' title='bbox 3421 455 3826 510; x_wconf 79' lang='lat' dir='ltr'><strong><em>abstinentiam</em></strong></span> 
     </span>
    </p>
   </div>
   <div class='ocr_carea' id='block_1_4' title="bbox 313 545 2010 607">
    <p class='ocr_par' dir='ltr' id='par_1_4' title="bbox 313 545 2010 607">
     <span class='ocr_line' id='line_1_4' title="bbox 313 545 2010 607; baseline -0.005 0"><span class='ocrx_word' id='word_1_23' title='bbox 313 566 544 607; x_wconf 87' lang='lat' dir='ltr'><strong><em>amorem</em></strong></span> <span class='ocrx_word' id='word_1_24' title='bbox 571 549 816 604; x_wconf 83' lang='lat' dir='ltr'><strong><em>omnibus</em></strong></span> <span class='ocrx_word' id='word_1_25' title='bbox 853 547 1041 601; x_wconf 84' lang='lat' dir='ltr'><strong><em>diebus</em></strong></span> <span class='ocrx_word' id='word_1_26' title='bbox 1069 549 1179 600; x_wconf 85' lang='lat' dir='ltr'><strong><em>vite</em></strong></span> <span class='ocrx_word' id='word_1_27' title='bbox 1228 551 1408 600; x_wconf 82' lang='lat' dir='ltr'><strong><em>nostro</em></strong></span> <span class='ocrx_word' id='word_1_28' title='bbox 1436 547 1652 600; x_wconf 88' lang='lat' dir='ltr'><strong><em>celibem</em></strong></span> <span class='ocrx_word' id='word_1_29' title='bbox 1697 547 1869 600; x_wconf 82' lang='lat' dir='ltr'><strong><em>vitam</em></strong></span> <span class='ocrx_word' id='word_1_30' title='bbox 1909 545 2010 599; x_wconf 86' lang='lat' dir='ltr'><strong><em>du-</em></strong></span> 
     </span>
    </p>
   </div>
   <div class='ocr_carea' id='block_1_5' title="bbox 313 635 2006 704">
    <p class='ocr_par' dir='ltr' id='par_1_5' title="bbox 313 635 2006 704">
     <span class='ocr_line' id='line_1_5' title="bbox 313 635 2006 704; baseline -0.004 -11"><span class='ocrx_word' id='word_1_31' title='bbox 313 653 531 694; x_wconf 82' lang='lat' dir='ltr'><strong><em>camus:</em></strong></span> <span class='ocrx_word' id='word_1_32' title='bbox 586 642 637 691; x_wconf 83' lang='lat' dir='ltr'><strong><em>et</em></strong></span> <span class='ocrx_word' id='word_1_33' title='bbox 676 639 770 691; x_wconf 93' lang='lat' dir='ltr'><strong><em>hoc</em></strong></span> <span class='ocrx_word' id='word_1_34' title='bbox 839 636 942 689; x_wconf 82' lang='lat' dir='ltr'><strong><em>tibi</em></strong></span> <span class='ocrx_word' id='word_1_35' title='bbox 985 635 1242 704; x_wconf 86' lang='lat' dir='ltr'><strong><em>polliceor</em></strong></span> <span class='ocrx_word' id='word_1_36' title='bbox 1271 635 1370 689; x_wconf 87' lang='lat' dir='ltr'><strong><em>sub</em></strong></span> <span class='ocrx_word' id='word_1_37' title='bbox 1409 637 1708 689; x_wconf 84' lang='lat' dir='ltr'><strong><em>testimonio</em></strong></span> <span class='ocrx_word' id='word_1_38' title='bbox 1771 635 2006 696; x_wconf 75' lang='lat' dir='ltr'><strong><em>Christi,</em></strong></span> 
     </span>
    </p>
   </div>
   <div class='ocr_carea' id='block_1_6' title="bbox 312 722 2010 798">
    <p class='ocr_par' dir='ltr' id='par_1_6' title="bbox 312 722 2010 798">
     <span class='ocr_line' id='line_1_6' title="bbox 312 722 2010 798; baseline -0.005 -16"><span class='ocrx_word' id='word_1_39' title='bbox 312 727 458 798; x_wconf 83' lang='lat' dir='ltr'><strong><em>quod</em></strong></span> <span class='ocrx_word' id='word_1_40' title='bbox 496 731 546 781; x_wconf 88' lang='lat' dir='ltr'><strong><em>te</em></strong></span> <span class='ocrx_word' id='word_1_41' title='bbox 585 731 645 780; x_wconf 88' lang='lat' dir='ltr'><strong><em>ut</em></strong></span> <span class='ocrx_word' id='word_1_42' title='bbox 694 726 1091 793; x_wconf 86' lang='lat' dir='ltr'><strong><em>imperatricem</em></strong></span> <span class='ocrx_word' id='word_1_43' title='bbox 1142 725 1434 790; x_wconf 81' lang='lat' dir='ltr'><strong><em>gloriosam</em></strong></span> <span class='ocrx_word' id='word_1_44' title='bbox 1492 738 1699 791; x_wconf 82' lang='lat' dir='ltr'><strong><em>semper</em></strong></span> <span class='ocrx_word' id='word_1_45' title='bbox 1742 722 2010 776; x_wconf 83' lang='lat' dir='ltr'><strong><em>honorabo</em></strong></span> 
     </span>
    </p>
   </div>
   <div class='ocr_carea' id='block_1_7' title="bbox 311 810 2010 884">
    <p class='ocr_par' dir='ltr' id='par_1_7' title="bbox 311 810 2010 884">
     <span class='ocr_line' id='line_1_7' title="bbox 311 810 2010 884; baseline -0.004 -15"><span class='ocrx_word' id='word_1_46' title='bbox 311 821 362 870; x_wconf 87' lang='lat' dir='ltr'><strong><em>et</em></strong></span> <span class='ocrx_word' id='word_1_47' title='bbox 385 820 445 869; x_wconf 90' lang='lat' dir='ltr'><strong><em>ut</em></strong></span> <span class='ocrx_word' id='word_1_48' title='bbox 487 817 770 884; x_wconf 86' lang='lat' dir='ltr'><strong><em>proprium</em></strong></span> <span class='ocrx_word' id='word_1_49' title='bbox 820 826 1010 882; x_wconf 86' lang='lat' dir='ltr'><strong><em>corpus</em></strong></span> <span class='ocrx_word' id='word_1_50' title='bbox 1057 812 1268 878; x_wconf 88' lang='lat' dir='ltr'><strong><em>amabo,</em></strong></span> <span class='ocrx_word' id='word_1_51' title='bbox 1313 811 1473 877; x_wconf 71' lang='lat' dir='ltr'><strong><em>{edas</em></strong></span> <span class='ocrx_word' id='word_1_52' title='bbox 1529 810 1807 878; x_wconf 87' lang='lat' dir='ltr'><strong><em>conjugale</em></strong></span> <span class='ocrx_word' id='word_1_53' title='bbox 1839 814 2010 864; x_wconf 84' lang='lat' dir='ltr'><strong><em>tecum</em></strong></span> 
     </span>
    </p>
   </div>
   <div class='ocr_carea' id='block_1_8' title="bbox 309 901 2010 972">
    <p class='ocr_par' dir='ltr' id='par_1_8' title="bbox 309 901 2010 972">
     <span class='ocr_line' id='line_1_8' title="bbox 309 901 2010 972; baseline -0.005 -15"><span class='ocrx_word' id='word_1_54' title='bbox 309 902 799 972; x_wconf 79' lang='lat' dir='ltr'><strong><em>ﬁrmitcrseroabo,</em></strong></span> <span class='ocrx_word' id='word_1_55' title='bbox 849 904 900 954; x_wconf 80' lang='lat' dir='ltr'><strong><em>el</em></strong></span> <span class='ocrx_word' id='word_1_56' title='bbox 943 903 1067 954; x_wconf 90' lang='lat' dir='ltr'><strong><em>licet</em></strong></span> <span class='ocrx_word' id='word_1_57' title='bbox 1124 915 1304 953; x_wconf 88' lang='lat' dir='ltr'><strong><em>amore</em></strong></span> <span class='ocrx_word' id='word_1_58' title='bbox 1361 901 1573 952; x_wconf 77' lang='lat' dir='ltr'><strong><em>carnali</em></strong></span> <span class='ocrx_word' id='word_1_59' title='bbox 1619 903 1668 951; x_wconf 91' lang='lat' dir='ltr'><strong><em>te</em></strong></span> <span class='ocrx_word' id='word_1_60' title='bbox 1713 912 2010 965; x_wconf 85' lang='lat' dir='ltr'><strong><em>numquam</em></strong></span> 
     </span>
    </p>
   </div>
   <div class='ocr_carea' id='block_1_9' title="bbox 311 986 2007 1058">
    <p class='ocr_par' dir='ltr' id='par_1_9' title="bbox 311 986 2007 1058">
     <span class='ocr_line' id='line_1_9' title="bbox 311 986 2007 1058; baseline -0.004 -13"><span class='ocrx_word' id='word_1_61' title='bbox 311 993 640 1058; x_wconf 76' lang='lat' dir='ltr'><strong><em>contingam,</em></strong></span> <span class='ocrx_word' id='word_1_62' title='bbox 671 991 843 1044; x_wconf 82' lang='lat' dir='ltr'><strong><em>nichil</em></strong></span> <span class='ocrx_word' id='word_1_63' title='bbox 871 995 1050 1044; x_wconf 83' lang='lat' dir='ltr'><strong><em>tamen</em></strong></span> <span class='ocrx_word' id='word_1_64' title='bbox 1107 993 1194 1042; x_wconf 90' lang='lat' dir='ltr'><strong><em>tue</em></strong></span> <span class='ocrx_word' id='word_1_65' title='bbox 1251 989 1477 1041; x_wconf 82' lang='lat' dir='ltr'><strong><em>caritati</em></strong></span> <span class='ocrx_word' id='word_1_66' title='bbox 1505 986 1570 1040; x_wconf 85' lang='lat' dir='ltr'><strong><em>de</em></strong></span> <span class='ocrx_word' id='word_1_67' title='bbox 1617 1001 1797 1039; x_wconf 86' lang='lat' dir='ltr'><strong><em>amore</em></strong></span> <span class='ocrx_word' id='word_1_68' title='bbox 1814 986 2007 1053; x_wconf 87' lang='lat' dir='ltr'><strong><em>conju-</em></strong></span> 
     </span>
    </p>
   </div>
   <div class='ocr_carea' id='block_1_10' title="bbox 311 1074 2011 1149">
    <p class='ocr_par' dir='ltr' id='par_1_10' title="bbox 311 1074 2011 1149">
     <span class='ocr_line' id='line_1_10' title="bbox 311 1074 2011 1149; baseline -0.004 -16"><span class='ocrx_word' id='word_1_69' title='bbox 311 1081 427 1149; x_wconf 82' lang='lat' dir='ltr'><strong><em>gali</em></strong></span> <span class='ocrx_word' id='word_1_70' title='bbox 479 1079 566 1134; x_wconf 79' lang='lat' dir='ltr'><strong><em>uel</em></strong></span> <span class='ocrx_word' id='word_1_71' title='bbox 609 1080 804 1133; x_wconf 86' lang='lat' dir='ltr'><strong><em>honore</em></strong></span> <span class='ocrx_word' id='word_1_72' title='bbox 841 1083 928 1131; x_wconf 84' lang='lat' dir='ltr'><strong><em>tuo</em></strong></span> <span class='ocrx_word' id='word_1_73' title='bbox 985 1079 1211 1131; x_wconf 82' lang='lat' dir='ltr'><strong><em>caritati</em></strong></span> <span class='ocrx_word' id='word_1_74' title='bbox 1252 1091 1483 1141; x_wconf 86' lang='lat' dir='ltr'><strong><em>congruo</em></strong></span> <span class='ocrx_word' id='word_1_75' title='bbox 1534 1076 1796 1140; x_wconf 83' lang='lat' dir='ltr'><strong><em>minuam,</em></strong></span> <span class='ocrx_word' id='word_1_76' title='bbox 1838 1074 1932 1128; x_wconf 85' lang='lat' dir='ltr'><strong><em>sed</em></strong></span> <span class='ocrx_word' id='word_1_77' title='bbox 1963 1078 2011 1126; x_wconf 89' lang='lat' dir='ltr'><strong><em>te</em></strong></span> 
     </span>
    </p>
   </div>
   <div class='ocr_carea' id='block_1_11' title="bbox 310 1161 2008 1238">
    <p class='ocr_par' dir='ltr' id='par_1_11' title="bbox 310 1161 2008 1238">
     <span class='ocr_line' id='line_1_11' title="bbox 310 1161 2008 1238; baseline -0.005 -17"><span class='ocrx_word' id='word_1_78' title='bbox 310 1184 408 1238; x_wconf 86' lang='lat' dir='ltr'><strong><em>pre</em></strong></span> <span class='ocrx_word' id='word_1_79' title='bbox 434 1167 700 1232; x_wconf 87' lang='lat' dir='ltr'><strong><em>omnibus,</em></strong></span> <span class='ocrx_word' id='word_1_80' title='bbox 725 1171 785 1220; x_wconf 87' lang='lat' dir='ltr'><strong><em>ut</em></strong></span> <span class='ocrx_word' id='word_1_81' title='bbox 808 1167 1021 1234; x_wconf 85' lang='lat' dir='ltr'><strong><em>justum</em></strong></span> <span class='ocrx_word' id='word_1_82' title='bbox 1074 1168 1172 1229; x_wconf 86' lang='lat' dir='ltr'><strong><em>est,</em></strong></span> <span class='ocrx_word' id='word_1_83' title='bbox 1226 1164 1416 1216; x_wconf 84' lang='lat' dir='ltr'><strong><em>amabo</em></strong></span> <span class='ocrx_word' id='word_1_84' title='bbox 1464 1167 1514 1216; x_wconf 88' lang='lat' dir='ltr'><strong><em>et</em></strong></span> <span class='ocrx_word' id='word_1_85' title='bbox 1542 1163 1600 1215; x_wconf 85' lang='lat' dir='ltr'><strong><em>in</em></strong></span> <span class='ocrx_word' id='word_1_86' title='bbox 1625 1161 1869 1215; x_wconf 87' lang='lat' dir='ltr'><strong><em>omnibus</em></strong></span> <span class='ocrx_word' id='word_1_87' title='bbox 1916 1162 2008 1215; x_wconf 89' lang='lat' dir='ltr'><strong><em>ho-</em></strong></span> 
     </span>
    </p>
   </div>
   <div class='ocr_carea' id='block_1_12' title="bbox 311 1249 2011 1319">
    <p class='ocr_par' dir='ltr' id='par_1_12' title="bbox 311 1249 2011 1319">
     <span class='ocr_line' id='line_1_12' title="bbox 311 1249 2011 1319; baseline -0.004 -9"><span class='ocrx_word' id='word_1_88' title='bbox 311 1256 528 1310; x_wconf 84' lang='lat' dir='ltr'><strong><em>norabo.</em></strong></span> <span class='ocrx_word' id='word_1_89' title='bbox 565 1256 705 1310; x_wconf 85' lang='lat' dir='ltr'><strong><em>Cum</em></strong></span> <span class='ocrx_word' id='word_1_90' title='bbox 736 1257 840 1310; x_wconf 88' lang='lat' dir='ltr'><strong><em>hec</em></strong></span> <span class='ocrx_word' id='word_1_91' title='bbox 868 1259 924 1308; x_wconf 91' lang='lat' dir='ltr'><strong><em>et</em></strong></span> <span class='ocrx_word' id='word_1_92' title='bbox 971 1253 1060 1307; x_wconf 89' lang='lat' dir='ltr'><strong><em>his</em></strong></span> <span class='ocrx_word' id='word_1_93' title='bbox 1090 1251 1301 1306; x_wconf 89' lang='lat' dir='ltr'><strong><em>similia</em></strong></span> <span class='ocrx_word' id='word_1_94' title='bbox 1363 1252 1516 1304; x_wconf 91' lang='lat' dir='ltr'><strong><em>inter</em></strong></span> <span class='ocrx_word' id='word_1_95' title='bbox 1565 1266 1661 1304; x_wconf 91' lang='lat' dir='ltr'><strong><em>eos</em></strong></span> <span class='ocrx_word' id='word_1_96' title='bbox 1717 1249 2011 1319; x_wconf 88' lang='lat' dir='ltr'><strong><em>perdulcia</em></strong></span> 
     </span>
    </p>
   </div>
   <div class='ocr_carea' id='block_1_13' title="bbox 313 1337 2009 1412">
    <p class='ocr_par' dir='ltr' id='par_1_13' title="bbox 313 1337 2009 1412">
     <span class='ocr_line' id='line_1_13' title="bbox 313 1337 2009 1412; baseline -0.004 -14"><span class='ocrx_word' id='word_1_97' title='bbox 313 1345 559 1398; x_wconf 80' lang='lat' dir='ltr'><strong><em>vicissim</em></strong></span> <span class='ocrx_word' id='word_1_98' title='bbox 590 1345 938 1398; x_wconf 82' lang='lat' dir='ltr'><strong><em>haberentur</em></strong></span> <span class='ocrx_word' id='word_1_99' title='bbox 989 1340 1292 1412; x_wconf 91' lang='lat' dir='ltr'><strong><em>colloquia,</em></strong></span> <span class='ocrx_word' id='word_1_100' title='bbox 1353 1339 1532 1393; x_wconf 90' lang='lat' dir='ltr'><strong><em>factus</em></strong></span> <span class='ocrx_word' id='word_1_101' title='bbox 1581 1342 1665 1392; x_wconf 89' lang='lat' dir='ltr'><strong><em>est</em></strong></span> <span class='ocrx_word' id='word_1_102' title='bbox 1715 1337 1866 1408; x_wconf 81' lang='lat' dir='ltr'><strong><em>ignis</em></strong></span> <span class='ocrx_word' id='word_1_103' title='bbox 1911 1355 2009 1392; x_wconf 85' lang='lat' dir='ltr'><strong><em>ex-</em></strong></span> 
     </span>
    </p>
   </div>
   <div class='ocr_carea' id='block_1_14' title="bbox 314 1428 2012 1499">
    <p class='ocr_par' dir='ltr' id='par_1_14' title="bbox 314 1428 2012 1499">
     <span class='ocr_line' id='line_1_14' title="bbox 314 1428 2012 1499; baseline -0.004 -12"><span class='ocrx_word' id='word_1_104' title='bbox 314 1439 543 1488; x_wconf 87' lang='lat' dir='ltr'><strong><em>estuans</em></strong></span> <span class='ocrx_word' id='word_1_105' title='bbox 574 1433 633 1486; x_wconf 90' lang='lat' dir='ltr'><strong><em>in</em></strong></span> <span class='ocrx_word' id='word_1_106' title='bbox 672 1432 940 1486; x_wconf 86' lang='lat' dir='ltr'><strong><em>cordibus</em></strong></span> <span class='ocrx_word' id='word_1_107' title='bbox 979 1445 1180 1485; x_wconf 90' lang='lat' dir='ltr'><strong><em>eorum</em></strong></span> <span class='ocrx_word' id='word_1_108' title='bbox 1220 1429 1482 1499; x_wconf 90' lang='lat' dir='ltr'><strong><em>ipsorum</em></strong></span> <span class='ocrx_word' id='word_1_109' title='bbox 1526 1431 1728 1481; x_wconf 86' lang='lat' dir='ltr'><strong><em>mutuo</em></strong></span> <span class='ocrx_word' id='word_1_110' title='bbox 1759 1443 1819 1481; x_wconf 91' lang='lat' dir='ltr'><strong><em>se</em></strong></span> <span class='ocrx_word' id='word_1_111' title='bbox 1847 1428 2012 1482; x_wconf 89' lang='lat' dir='ltr'><strong><em>vehe-</em></strong></span> 
     </span>
    </p>
   </div>
   <div class='ocr_carea' id='block_1_15' title="bbox 315 1515 2012 1588">
    <p class='ocr_par' dir='ltr' id='par_1_15' title="bbox 315 1515 2012 1588">
     <span class='ocr_line' id='line_1_15' title="bbox 315 1515 2012 1588; baseline -0.003 -13"><span class='ocrx_word' id='word_1_112' title='bbox 315 1527 534 1575; x_wconf 79' lang='lat' dir='ltr'><strong><em>menter</em></strong></span> <span class='ocrx_word' id='word_1_113' title='bbox 561 1520 878 1575; x_wconf 88' lang='lat' dir='ltr'><strong><em>amantium</em></strong></span> <span class='ocrx_word' id='word_1_114' title='bbox 903 1537 916 1585; x_wconf 87' lang='lat'><strong>;</strong></span> <span class='ocrx_word' id='word_1_115' title='bbox 951 1535 1084 1572; x_wconf 90' lang='lat' dir='ltr'><strong><em>nam</em></strong></span> <span class='ocrx_word' id='word_1_116' title='bbox 1115 1534 1263 1571; x_wconf 90' lang='lat' dir='ltr'><strong><em>unus</em></strong></span> <span class='ocrx_word' id='word_1_117' title='bbox 1293 1515 1525 1588; x_wconf 80' lang='lat' dir='ltr'><strong><em>spiritus</em></strong></span> <span class='ocrx_word' id='word_1_118' title='bbox 1557 1523 1611 1572; x_wconf 87' lang='lat' dir='ltr'><strong><em>et</em></strong></span> <span class='ocrx_word' id='word_1_119' title='bbox 1641 1515 1794 1570; x_wconf 90' lang='lat' dir='ltr'><strong><em>idem</em></strong></span> <span class='ocrx_word' id='word_1_120' title='bbox 1824 1516 2012 1571; x_wconf 86' lang='lat' dir='ltr'><strong><em>fervor</em></strong></span> 
     </span>
    </p>
   </div>
   <div class='ocr_carea' id='block_1_16' title="bbox 311 1602 2008 1674">
    <p class='ocr_par' dir='ltr' id='par_1_16' title="bbox 311 1602 2008 1674">
     <span class='ocr_line' id='line_1_16' title="bbox 311 1602 2008 1674; baseline -0.004 -12"><span class='ocrx_word' id='word_1_121' title='bbox 311 1607 560 1662; x_wconf 90' lang='lat' dir='ltr'><strong><em>caritatis</em></strong></span> <span class='ocrx_word' id='word_1_122' title='bbox 617 1614 739 1662; x_wconf 89' lang='lat' dir='ltr'><strong><em>erat</em></strong></span> <span class='ocrx_word' id='word_1_123' title='bbox 785 1608 843 1661; x_wconf 90' lang='lat' dir='ltr'><strong><em>in</em></strong></span> <span class='ocrx_word' id='word_1_124' title='bbox 895 1607 992 1660; x_wconf 89' lang='lat' dir='ltr'><strong><em>eis.</em></strong></span> <span class='ocrx_word' id='word_1_125' title='bbox 1045 1607 1347 1660; x_wconf 88' lang='lat' dir='ltr'><strong><em>Enimvero</em></strong></span> <span class='ocrx_word' id='word_1_126' title='bbox 1377 1603 1731 1674; x_wconf 87' lang='lat' dir='ltr'><strong><em>superﬂuum</em></strong></span> <span class='ocrx_word' id='word_1_127' title='bbox 1783 1602 2008 1667; x_wconf 89' lang='lat' dir='ltr'><strong><em>estimo,</em></strong></span> 
     </span>
    </p>
   </div>
   <div class='ocr_carea' id='block_1_17' title="bbox 312 1691 2011 1765">
    <p class='ocr_par' dir='ltr' id='par_1_17' title="bbox 312 1691 2011 1765">
     <span class='ocr_line' id='line_1_17' title="bbox 312 1691 2011 1765; baseline -0.004 -14"><span class='ocrx_word' id='word_1_128' title='bbox 312 1696 695 1752; x_wconf 89' lang='lat' dir='ltr'><strong><em>describendis</em></strong></span> <span class='ocrx_word' id='word_1_129' title='bbox 727 1695 1014 1765; x_wconf 89' lang='lat' dir='ltr'><strong><em>regalibus</em></strong></span> <span class='ocrx_word' id='word_1_130' title='bbox 1045 1694 1260 1765; x_wconf 86' lang='lat' dir='ltr'><strong><em>nuptiis</em></strong></span> <span class='ocrx_word' id='word_1_131' title='bbox 1288 1694 1388 1748; x_wconf 91' lang='lat' dir='ltr'><strong><em>diu</em></strong></span> <span class='ocrx_word' id='word_1_132' title='bbox 1414 1692 1676 1760; x_wconf 83' lang='lat' dir='ltr'><strong><em>detineri,</em></strong></span> <span class='ocrx_word' id='word_1_133' title='bbox 1710 1691 2011 1762; x_wconf 89' lang='lat' dir='ltr'><strong><em>presertim</em></strong></span> 
     </span>
    </p>
   </div>
   <div class='ocr_carea' id='block_1_18' title="bbox 313 1779 2008 1856">
    <p class='ocr_par' dir='ltr' id='par_1_18' title="bbox 313 1779 2008 1856">
     <span class='ocr_line' id='line_1_18' title="bbox 313 1779 2008 1856; baseline -0.005 -15"><span class='ocrx_word' id='word_1_134' title='bbox 313 1802 443 1841; x_wconf 92' lang='lat' dir='ltr'><strong><em>cum</em></strong></span> <span class='ocrx_word' id='word_1_135' title='bbox 499 1783 742 1856; x_wconf 91' lang='lat' dir='ltr'><strong><em>quilibet</em></strong></span> <span class='ocrx_word' id='word_1_136' title='bbox 792 1784 958 1838; x_wconf 86' lang='lat' dir='ltr'><strong><em>facile</em></strong></span> <span class='ocrx_word' id='word_1_137' title='bbox 1001 1783 1180 1855; x_wconf 79' lang='lat' dir='ltr'><strong><em>possit</em></strong></span> <span class='ocrx_word' id='word_1_138' title='bbox 1232 1781 1516 1846; x_wconf 84' lang='lat' dir='ltr'><strong><em>conicere,</em></strong></span> <span class='ocrx_word' id='word_1_139' title='bbox 1585 1781 1740 1852; x_wconf 90' lang='lat' dir='ltr'><strong><em>quod</em></strong></span> <span class='ocrx_word' id='word_1_140' title='bbox 1811 1779 2008 1834; x_wconf 86' lang='lat' dir='ltr'><strong><em>cedem</em></strong></span> 
     </span>
    </p>
   </div>
   <div class='ocr_carea' id='block_1_19' title="bbox 314 1867 2012 1943">
    <p class='ocr_par' dir='ltr' id='par_1_19' title="bbox 314 1867 2012 1943">
     <span class='ocr_line' id='line_1_19' title="bbox 314 1867 2012 1943; baseline -0.005 -15"><span class='ocrx_word' id='word_1_141' title='bbox 314 1872 512 1943; x_wconf 87' lang='lat' dir='ltr'><strong><em>nuptie</em></strong></span> <span class='ocrx_word' id='word_1_142' title='bbox 546 1888 674 1926; x_wconf 87' lang='lat' dir='ltr'><strong><em>cum</em></strong></span> <span class='ocrx_word' id='word_1_143' title='bbox 715 1887 924 1941; x_wconf 89' lang='lat' dir='ltr'><strong><em>magna</em></strong></span> <span class='ocrx_word' id='word_1_144' title='bbox 955 1871 1312 1936; x_wconf 82' lang='lat' dir='ltr'><strong><em>liberalitate,</em></strong></span> <span class='ocrx_word' id='word_1_145' title='bbox 1351 1873 1524 1940; x_wconf 88' lang='lat' dir='ltr'><strong><em>prout</em></strong></span> <span class='ocrx_word' id='word_1_146' title='bbox 1563 1869 1780 1939; x_wconf 82' lang='lat' dir='ltr'><strong><em>regiam</em></strong></span> <span class='ocrx_word' id='word_1_147' title='bbox 1821 1867 2012 1922; x_wconf 88' lang='lat' dir='ltr'><strong><em>decuit</em></strong></span> 
     </span>
    </p>
   </div>
   <div class='ocr_carea' id='block_1_20' title="bbox 316 1955 2008 2030">
    <p class='ocr_par' dir='ltr' id='par_1_20' title="bbox 316 1955 2008 2030">
     <span class='ocr_line' id='line_1_20' title="bbox 316 1955 2008 2030; baseline -0.004 -15"><span class='ocrx_word' id='word_1_148' title='bbox 316 1961 728 2026; x_wconf 84' lang='lat' dir='ltr'><strong><em>excellentiam,</em></strong></span> <span class='ocrx_word' id='word_1_149' title='bbox 788 1965 921 2014; x_wconf 91' lang='lat' dir='ltr'><strong><em>sunt</em></strong></span> <span class='ocrx_word' id='word_1_150' title='bbox 951 1959 1352 2030; x_wconf 86' lang='lat' dir='ltr'><strong><em>sollempniter</em></strong></span> <span class='ocrx_word' id='word_1_151' title='bbox 1379 1957 1678 2024; x_wconf 87' lang='lat' dir='ltr'><strong><em>celebrate,</em></strong></span> <span class='ocrx_word' id='word_1_152' title='bbox 1729 1955 2008 2028; x_wconf 88' lang='lat' dir='ltr'><strong><em>episcopis</em></strong></span> 
     </span>
    </p>
   </div>
   <div class='ocr_carea' id='block_1_21' title="bbox 315 2045 2010 2118">
    <p class='ocr_par' dir='ltr' id='par_1_21' title="bbox 315 2045 2010 2118">
     <span class='ocr_line' id='line_1_21' title="bbox 315 2045 2010 2118; baseline -0.005 -13"><span class='ocrx_word' id='word_1_153' title='bbox 315 2049 745 2106; x_wconf 89' lang='lat' dir='ltr'><strong><em>honorabilibus</em></strong></span> <span class='ocrx_word' id='word_1_154' title='bbox 767 2053 822 2103; x_wconf 91' lang='lat' dir='ltr'><strong><em>et</em></strong></span> <span class='ocrx_word' id='word_1_155' title='bbox 850 2049 1020 2103; x_wconf 87' lang='lat' dir='ltr'><strong><em>totius</em></strong></span> <span class='ocrx_word' id='word_1_156' title='bbox 1069 2047 1233 2118; x_wconf 85' lang='lat' dir='ltr'><strong><em>regni</em></strong></span> <span class='ocrx_word' id='word_1_157' title='bbox 1282 2046 1641 2117; x_wconf 86' lang='lat' dir='ltr'><strong><em>principibus</em></strong></span> <span class='ocrx_word' id='word_1_158' title='bbox 1669 2061 1801 2100; x_wconf 91' lang='lat' dir='ltr'><strong><em>cum</em></strong></span> <span class='ocrx_word' id='word_1_159' title='bbox 1831 2045 2010 2100; x_wconf 91' lang='lat' dir='ltr'><strong><em>multa</em></strong></span> 
     </span>
    </p>
   </div>
   <div class='ocr_carea' id='block_1_22' title="bbox 315 2133 2011 2206">
    <p class='ocr_par' dir='ltr' id='par_1_22' title="bbox 315 2133 2011 2206">
     <span class='ocr_line' id='line_1_22' title="bbox 315 2133 2011 2206; baseline -0.004 -13"><span class='ocrx_word' id='word_1_160' title='bbox 315 2139 612 2193; x_wconf 85' lang='lat' dir='ltr'><strong><em>devotione</em></strong></span> <span class='ocrx_word' id='word_1_161' title='bbox 642 2137 1130 2200; x_wconf 82' lang='lat' dir='ltr'><strong><em>concurrentibus,</em></strong></span> <span class='ocrx_word' id='word_1_162' title='bbox 1181 2135 1499 2189; x_wconf 88' lang='lat' dir='ltr'><strong><em>innumeris</em></strong></span> <span class='ocrx_word' id='word_1_163' title='bbox 1546 2136 1719 2189; x_wconf 90' lang='lat' dir='ltr'><strong><em>etiam</em></strong></span> <span class='ocrx_word' id='word_1_164' title='bbox 1753 2133 2011 2206; x_wconf 84' lang='lat' dir='ltr'><strong><em>personis</em></strong></span> 
     </span>
    </p>
   </div>
   <div class='ocr_carea' id='block_1_23' title="bbox 315 2222 2011 2296">
    <p class='ocr_par' dir='ltr' id='par_1_23' title="bbox 315 2222 2011 2296">
     <span class='ocr_line' id='line_1_23' title="bbox 315 2222 2011 2296; baseline -0.005 -14"><span class='ocrx_word' id='word_1_165' title='bbox 315 2225 612 2296; x_wconf 87' lang='lat' dir='ltr'><strong><em>utriusque</em></strong></span> <span class='ocrx_word' id='word_1_166' title='bbox 704 2241 868 2279; x_wconf 86' lang='lat' dir='ltr'><strong><em>sexus</em></strong></span> <span class='ocrx_word' id='word_1_167' title='bbox 917 2230 973 2278; x_wconf 93' lang='lat' dir='ltr'><strong><em>et</em></strong></span> <span class='ocrx_word' id='word_1_168' title='bbox 1028 2224 1248 2278; x_wconf 86' lang='lat' dir='ltr'><strong><em>diverse</em></strong></span> <span class='ocrx_word' id='word_1_169' title='bbox 1323 2222 1618 2293; x_wconf 89' lang='lat' dir='ltr'><strong><em>dignitatis</em></strong></span> <span class='ocrx_word' id='word_1_170' title='bbox 1665 2223 1739 2278; x_wconf 90' lang='lat' dir='ltr'><strong><em>ad</em></strong></span> <span class='ocrx_word' id='word_1_171' title='bbox 1790 2222 2011 2292; x_wconf 86' lang='lat' dir='ltr'><strong><em>regales</em></strong></span> 
     </span>
    </p>
   </div>
   <div class='ocr_carea' id='block_1_24' title="bbox 312 2310 2012 2383">
    <p class='ocr_par' dir='ltr' id='par_1_24' title="bbox 312 2310 2012 2383">
     <span class='ocr_line' id='line_1_24' title="bbox 312 2310 2012 2383; baseline -0.003 -14"><span class='ocrx_word' id='word_1_172' title='bbox 312 2313 541 2383; x_wconf 88' lang='lat' dir='ltr'><strong><em>nuptias</em></strong></span> <span class='ocrx_word' id='word_1_173' title='bbox 599 2313 871 2368; x_wconf 85' lang='lat' dir='ltr'><strong><em>invitatis.</em></strong></span> <span class='ocrx_word' id='word_1_174' title='bbox 927 2313 1079 2368; x_wconf 87' lang='lat' dir='ltr'><strong><em>Licet</em></strong></span> <span class='ocrx_word' id='word_1_175' title='bbox 1130 2316 1320 2366; x_wconf 90' lang='lat' dir='ltr'><strong><em>autem</em></strong></span> <span class='ocrx_word' id='word_1_176' title='bbox 1385 2312 1446 2366; x_wconf 92' lang='lat' dir='ltr'><strong><em>in</em></strong></span> <span class='ocrx_word' id='word_1_177' title='bbox 1484 2311 1646 2364; x_wconf 88' lang='lat' dir='ltr'><strong><em>libris</em></strong></span> <span class='ocrx_word' id='word_1_178' title='bbox 1694 2310 1868 2365; x_wconf 90' lang='lat' dir='ltr'><strong><em>sacris</em></strong></span> <span class='ocrx_word' id='word_1_179' title='bbox 1897 2326 2012 2364; x_wconf 91' lang='lat' dir='ltr'><strong><em>non</em></strong></span> 
     </span>
    </p>
   </div>
   <div class='ocr_carea' id='block_1_25' title="bbox 317 2399 2014 2473">
    <p class='ocr_par' dir='ltr' id='par_1_25' title="bbox 317 2399 2014 2473">
     <span class='ocr_line' id='line_1_25' title="bbox 317 2399 2014 2473; baseline -0.003 -15"><span class='ocrx_word' id='word_1_180' title='bbox 317 2402 645 2473; x_wconf 86' lang='lat' dir='ltr'><strong><em>legerimus,</em></strong></span> <span class='ocrx_word' id='word_1_181' title='bbox 687 2403 964 2456; x_wconf 85' lang='lat' dir='ltr'><strong><em>audenter</em></strong></span> <span class='ocrx_word' id='word_1_182' title='bbox 1007 2405 1198 2455; x_wconf 88' lang='lat' dir='ltr'><strong><em>tamen</em></strong></span> <span class='ocrx_word' id='word_1_183' title='bbox 1260 2399 1636 2467; x_wconf 86' lang='lat' dir='ltr'><strong><em>afﬁrmamus,</em></strong></span> <span class='ocrx_word' id='word_1_184' title='bbox 1685 2400 1836 2470; x_wconf 90' lang='lat' dir='ltr'><strong><em>quod</em></strong></span> <span class='ocrx_word' id='word_1_185' title='bbox 1865 2399 2014 2454; x_wconf 89' lang='lat' dir='ltr'><strong><em>inter</em></strong></span> 
     </span>
    </p>
   </div>
   <div class='ocr_carea' id='block_1_26' title="bbox 317 2487 2014 2562">
    <p class='ocr_par' dir='ltr' id='par_1_26' title="bbox 317 2487 2014 2562">
     <span class='ocr_line' id='line_1_26' title="bbox 317 2487 2014 2562; baseline -0.003 -17"><span class='ocrx_word' id='word_1_186' title='bbox 317 2497 536 2545; x_wconf 89' lang='lat' dir='ltr'><strong><em>ceteros</em></strong></span> <span class='ocrx_word' id='word_1_187' title='bbox 567 2491 818 2562; x_wconf 86' lang='lat' dir='ltr'><strong><em>hospites</em></strong></span> <span class='ocrx_word' id='word_1_188' title='bbox 847 2488 1303 2544; x_wconf 87' lang='lat' dir='ltr'><strong><em>honorabiliores</em></strong></span> <span class='ocrx_word' id='word_1_189' title='bbox 1340 2487 1607 2542; x_wconf 83' lang='lat' dir='ltr'><strong><em>invitatos</em></strong></span> <span class='ocrx_word' id='word_1_190' title='bbox 1625 2487 1836 2558; x_wconf 87' lang='lat' dir='ltr'><strong><em>hospes</em></strong></span> <span class='ocrx_word' id='word_1_191' title='bbox 1865 2503 2014 2541; x_wconf 88' lang='lat' dir='ltr'><strong><em>unus</em></strong></span> 
     </span>
    </p>
   </div>
   <div class='ocr_carea' id='block_1_27' title="bbox 317 2576 2015 2652">
    <p class='ocr_par' dir='ltr' id='par_1_27' title="bbox 317 2576 2015 2652">
     <span class='ocr_line' id='line_1_27' title="bbox 317 2576 2015 2652; baseline -0.002 -18"><span class='ocrx_word' id='word_1_192' title='bbox 317 2580 662 2652; x_wconf 86' lang='lat' dir='ltr'><strong><em>prestantior</em></strong></span> <span class='ocrx_word' id='word_1_193' title='bbox 707 2579 973 2633; x_wconf 90' lang='lat' dir='ltr'><strong><em>omnibus</em></strong></span> <span class='ocrx_word' id='word_1_194' title='bbox 1028 2577 1298 2631; x_wconf 89' lang='lat' dir='ltr'><strong><em>invitatus</em></strong></span> <span class='ocrx_word' id='word_1_195' title='bbox 1352 2577 1445 2643; x_wconf 91' lang='lat' dir='ltr'><strong><em>sit,</em></strong></span> <span class='ocrx_word' id='word_1_196' title='bbox 1496 2577 1707 2631; x_wconf 88' lang='lat' dir='ltr'><strong><em>scilicet</em></strong></span> <span class='ocrx_word' id='word_1_197' title='bbox 1769 2576 2015 2648; x_wconf 86' lang='lat' dir='ltr'><strong><em>Virginis</em></strong></span> 
     </span>
    </p>
   </div>
   <div class='ocr_carea' id='block_1_28' title="bbox 323 2665 2011 2740">
    <p class='ocr_par' dir='ltr' id='par_1_28' title="bbox 323 2665 2011 2740">
     <span class='ocr_line' id='line_1_28' title="bbox 323 2665 2011 2740; baseline -0.002 -17"><span class='ocrx_word' id='word_1_198' title='bbox 323 2670 511 2733; x_wconf 82' lang='lat' dir='ltr'><strong><em>Filius,</em></strong></span> <span class='ocrx_word' id='word_1_199' title='bbox 547 2668 647 2740; x_wconf 91' lang='lat' dir='ltr'><strong><em>qui</em></strong></span> <span class='ocrx_word' id='word_1_200' title='bbox 676 2668 940 2738; x_wconf 90' lang='lat' dir='ltr'><strong><em>primitus</em></strong></span> <span class='ocrx_word' id='word_1_201' title='bbox 962 2667 1032 2720; x_wconf 90' lang='lat' dir='ltr'><strong><em>ad</em></strong></span> <span class='ocrx_word' id='word_1_202' title='bbox 1064 2666 1294 2736; x_wconf 88' lang='lat' dir='ltr'><strong><em>nuptias</em></strong></span> <span class='ocrx_word' id='word_1_203' title='bbox 1343 2682 1489 2738; x_wconf 91' lang='lat' dir='ltr'><strong><em>aque</em></strong></span> <span class='ocrx_word' id='word_1_204' title='bbox 1520 2667 1806 2737; x_wconf 85' lang='lat' dir='ltr'><strong><em>liquorem</em></strong></span> <span class='ocrx_word' id='word_1_205' title='bbox 1837 2665 1896 2719; x_wconf 93' lang='lat' dir='ltr'><strong><em>in</em></strong></span> <span class='ocrx_word' id='word_1_206' title='bbox 1930 2665 2011 2719; x_wconf 91' lang='lat' dir='ltr'><strong><em>vi-</em></strong></span> 
     </span>
    </p>
   </div>
   <div class='ocr_carea' id='block_1_29' title="bbox 317 2753 2016 2828">
    <p class='ocr_par' dir='ltr' id='par_1_29' title="bbox 317 2753 2016 2828">
     <span class='ocr_line' id='line_1_29' title="bbox 317 2753 2016 2828; baseline -0.002 -18"><span class='ocrx_word' id='word_1_207' title='bbox 317 2756 736 2828; x_wconf 88' lang='lat' dir='ltr'><strong><em>nigatissimum</em></strong></span> <span class='ocrx_word' id='word_1_208' title='bbox 783 2761 1140 2810; x_wconf 84' lang='lat' dir='ltr'><strong><em>converterat</em></strong></span> <span class='ocrx_word' id='word_1_209' title='bbox 1196 2770 1477 2826; x_wconf 86' lang='lat' dir='ltr'><strong><em>saporem.</em></strong></span> <span class='ocrx_word' id='word_1_210' title='bbox 1535 2755 1596 2808; x_wconf 88' lang='lat' dir='ltr'><strong><em>Et</em></strong></span> <span class='ocrx_word' id='word_1_211' title='bbox 1628 2753 1862 2825; x_wconf 91' lang='lat' dir='ltr'><strong><em>quidem</em></strong></span> <span class='ocrx_word' id='word_1_212' title='bbox 1893 2753 2016 2825; x_wconf 91' lang='lat' dir='ltr'><strong><em>ipse</em></strong></span> 
     </span>
    </p>
   </div>
   <div class='ocr_carea' id='block_1_30' title="bbox 318 2841 2016 2914">
    <p class='ocr_par' dir='ltr' id='par_1_30' title="bbox 318 2841 2016 2914">
     <span class='ocr_line' id='line_1_30' title="bbox 318 2841 2016 2914; baseline -0.002 -15"><span class='ocrx_word' id='word_1_213' title='bbox 318 2846 451 2900; x_wconf 92' lang='lat' dir='ltr'><strong><em>licet</em></strong></span> <span class='ocrx_word' id='word_1_214' title='bbox 497 2844 794 2898; x_wconf 87' lang='lat' dir='ltr'><strong><em>visibiliter</em></strong></span> <span class='ocrx_word' id='word_1_215' title='bbox 840 2844 901 2898; x_wconf 93' lang='lat' dir='ltr'><strong><em>in</em></strong></span> <span class='ocrx_word' id='word_1_216' title='bbox 931 2843 1164 2914; x_wconf 89' lang='lat' dir='ltr'><strong><em>propria</em></strong></span> <span class='ocrx_word' id='word_1_217' title='bbox 1239 2859 1358 2897; x_wconf 93' lang='lat' dir='ltr'><strong><em>non</em></strong></span> <span class='ocrx_word' id='word_1_218' title='bbox 1420 2841 1583 2896; x_wconf 77' lang='lat' dir='ltr'><strong><em>affuit</em></strong></span> <span class='ocrx_word' id='word_1_219' title='bbox 1634 2858 1896 2912; x_wconf 86' lang='lat' dir='ltr'><strong><em>persona,</em></strong></span> <span class='ocrx_word' id='word_1_220' title='bbox 1954 2841 2016 2895; x_wconf 94' lang='lat' dir='ltr'><strong><em>in</em></strong></span> 
     </span>
    </p>
   </div>
   <div class='ocr_carea' id='block_1_31' title="bbox 321 2929 2019 2988">
    <p class='ocr_par' dir='ltr' id='par_1_31' title="bbox 321 2929 2019 2988">
     <span class='ocr_line' id='line_1_31' title="bbox 321 2929 2019 2988; baseline -0.002 -1"><span class='ocrx_word' id='word_1_221' title='bbox 321 2933 572 2988; x_wconf 89' lang='lat' dir='ltr'><strong><em>menbris</em></strong></span> <span class='ocrx_word' id='word_1_222' title='bbox 622 2931 816 2987; x_wconf 86' lang='lat' dir='ltr'><strong><em>tamen</em></strong></span> <span class='ocrx_word' id='word_1_223' title='bbox 863 2932 980 2986; x_wconf 87' lang='lat' dir='ltr'><strong><em>suis</em></strong></span> <span class='ocrx_word' id='word_1_224' title='bbox 1031 2933 1163 2987; x_wconf 91' lang='lat' dir='ltr'><strong><em>licet</em></strong></span> <span class='ocrx_word' id='word_1_225' title='bbox 1216 2931 1431 2985; x_wconf 90' lang='lat' dir='ltr'><strong><em>ultimis</em></strong></span> <span class='ocrx_word' id='word_1_226' title='bbox 1487 2929 1702 2984; x_wconf 90' lang='lat' dir='ltr'><strong><em>eisdem</em></strong></span> <span class='ocrx_word' id='word_1_227' title='bbox 1747 2929 2019 2984; x_wconf 87' lang='lat' dir='ltr'><strong><em>intererat</em></strong></span> 
     </span>
    </p>
   </div>
   <div class='ocr_carea' id='block_1_32' title="bbox 318 3015 2084 3091">
    <p class='ocr_par' dir='ltr' id='par_1_32' title="bbox 318 3015 2084 3091">
     <span class='ocr_line' id='line_1_32' title="bbox 318 3015 2084 3091; baseline -0.002 -17"><span class='ocrx_word' id='word_1_228' title='bbox 318 3021 553 3091; x_wconf 88' lang='lat' dir='ltr'><strong><em>nuptiis,</em></strong></span> <span class='ocrx_word' id='word_1_229' title='bbox 582 3019 644 3074; x_wconf 91' lang='lat' dir='ltr'><strong><em>in</em></strong></span> <span class='ocrx_word' id='word_1_230' title='bbox 682 3019 890 3091; x_wconf 88' lang='lat' dir='ltr'><strong><em>quibus</em></strong></span> <span class='ocrx_word' id='word_1_231' title='bbox 915 3019 1087 3074; x_wconf 89' lang='lat' dir='ltr'><strong><em>etiam</em></strong></span> <span class='ocrx_word' id='word_1_232' title='bbox 1118 3018 1352 3090; x_wconf 87' lang='lat' dir='ltr'><strong><em>optimis</em></strong></span> <span class='ocrx_word' id='word_1_233' title='bbox 1397 3015 1639 3088; x_wconf 90' lang='lat' dir='ltr'><strong><em>dapibus</em></strong></span> <span class='ocrx_word' id='word_1_234' title='bbox 1687 3021 1772 3070; x_wconf 89' lang='lat' dir='ltr'><strong><em>est</em></strong></span> <span class='ocrx_word' id='word_1_235' title='bbox 1800 3017 2014 3088; x_wconf 85' lang='lat' dir='ltr'><strong><em>Optime</em></strong></span> <span class='ocrx_word' id='word_1_236' title='bbox 2044 3017 2084 3071; x_wconf 90' lang='lat' dir='ltr'>C</span> 
     </span>
    </p>
   </div>
   <div class='ocr_carea' id='block_1_33' title="bbox 319 3105 2013 3179">
    <p class='ocr_par' dir='ltr' id='par_1_33' title="bbox 319 3105 2013 3179">
     <span class='ocr_line' id='line_1_33' title="bbox 319 3105 2013 3179; baseline -0.002 -17"><span class='ocrx_word' id='word_1_237' title='bbox 319 3109 578 3162; x_wconf 88' lang='lat' dir='ltr'><strong><em>refectus.</em></strong></span> <span class='ocrx_word' id='word_1_238' title='bbox 604 3109 730 3179; x_wconf 90' lang='lat' dir='ltr'><strong><em>Ipse</em></strong></span> <span class='ocrx_word' id='word_1_239' title='bbox 786 3107 939 3161; x_wconf 91' lang='lat' dir='ltr'><strong><em>enim</em></strong></span> <span class='ocrx_word' id='word_1_240' title='bbox 993 3107 1245 3162; x_wconf 89' lang='lat' dir='ltr'><strong><em>dicturus</em></strong></span> <span class='ocrx_word' id='word_1_241' title='bbox 1275 3110 1358 3160; x_wconf 90' lang='lat' dir='ltr'><strong><em>est</em></strong></span> <span class='ocrx_word' id='word_1_242' title='bbox 1391 3121 1405 3159; x_wconf 89' lang='lat'><strong>:</strong></span> <span class='ocrx_word' id='word_1_243' title='bbox 1441 3105 1597 3171; x_wconf 86' lang='lat' dir='ltr'><strong><em>Quod</em></strong></span> <span class='ocrx_word' id='word_1_244' title='bbox 1648 3107 1748 3159; x_wconf 88' lang='lat' dir='ltr'><strong><em>uni</em></strong></span> <span class='ocrx_word' id='word_1_245' title='bbox 1786 3121 1854 3159; x_wconf 74' lang='lat' dir='ltr'><strong><em>ea:</em></strong></span> <span class='ocrx_word' id='word_1_246' title='bbox 1910 3107 2013 3159; x_wconf 87' lang='lat' dir='ltr'><strong><em>mi-</em></strong></span> 
     </span>
    </p>
   </div>
   <div class='ocr_carea' id='block_1_34' title="bbox 314 3193 2013 3266">
    <p class='ocr_par' dir='ltr' id='par_1_34' title="bbox 314 3193 2013 3266">
     <span class='ocr_line' id='line_1_34' title="bbox 314 3193 2013 3266; baseline -0.003 -15"><span class='ocrx_word' id='word_1_247' title='bbox 314 3200 478 3251; x_wconf 85' lang='lat' dir='ltr'><strong><em>nimis</em></strong></span> <span class='ocrx_word' id='word_1_248' title='bbox 503 3198 632 3251; x_wconf 87' lang='lat' dir='ltr'><strong><em>meis</em></strong></span> <span class='ocrx_word' id='word_1_249' title='bbox 674 3198 880 3263; x_wconf 87' lang='lat' dir='ltr'><strong><em>fecistis</em></strong></span> <span class='ocrx_word' id='word_1_250' title='bbox 913 3196 1133 3264; x_wconf 85' lang='lat' dir='ltr'><strong><em>(Matth.</em></strong></span> <span class='ocrx_word' id='word_1_251' title='bbox 1169 3211 1294 3260; x_wconf 88' lang='lat' dir='ltr'><strong><em>xxv,</em></strong></span> <span class='ocrx_word' id='word_1_252' title='bbox 1328 3193 1418 3266; x_wconf 83' lang='grc'><strong><em>40)</em></strong></span> <span class='ocrx_word' id='word_1_253' title='bbox 1467 3199 1523 3248; x_wconf 91' lang='lat' dir='ltr'><strong><em>et</em></strong></span> <span class='ocrx_word' id='word_1_254' title='bbox 1551 3198 1761 3248; x_wconf 90' lang='lat' dir='ltr'><strong><em>cetera.</em></strong></span> <span class='ocrx_word' id='word_1_255' title='bbox 1822 3193 2013 3248; x_wconf 87' lang='lat' dir='ltr'><strong><em>Enim-</em></strong></span> 
     </span>
    </p>
   </div>
   <div class='ocr_carea' id='block_1_35' title="bbox 316 3281 2013 3356">
    <p class='ocr_par' dir='ltr' id='par_1_35' title="bbox 316 3281 2013 3356">
     <span class='ocr_line' id='line_1_35' title="bbox 316 3281 2013 3356; baseline -0.001 -18"><span class='ocrx_word' id='word_1_256' title='bbox 316 3303 448 3340; x_wconf 88' lang='lat' dir='ltr'><strong><em>vero</em></strong></span> <span class='ocrx_word' id='word_1_257' title='bbox 515 3286 826 3356; x_wconf 87' lang='lat' dir='ltr'><strong><em>imperator</em></strong></span> <span class='ocrx_word' id='word_1_258' title='bbox 909 3285 1193 3356; x_wconf 84' lang='lat' dir='ltr'><strong><em>gloriosus</em></strong></span> <span class='ocrx_word' id='word_1_259' title='bbox 1267 3283 1521 3338; x_wconf 90' lang='lat' dir='ltr'><strong><em>inclitam</em></strong></span> <span class='ocrx_word' id='word_1_260' title='bbox 1590 3281 2013 3352; x_wconf 88' lang='lat' dir='ltr'><strong><em>imperatricem</em></strong></span> 
     </span>
    </p>
   </div>
   <div class='ocr_carea' id='block_1_36' title="bbox 317 3371 2015 3446">
    <p class='ocr_par' dir='ltr' id='par_1_36' title="bbox 317 3371 2015 3446">
     <span class='ocr_line' id='line_1_36' title="bbox 317 3371 2015 3446; baseline -0.001 -18"><span class='ocrx_word' id='word_1_261' title='bbox 317 3373 478 3446; x_wconf 90' lang='lat' dir='ltr'><strong><em>regni</em></strong></span> <span class='ocrx_word' id='word_1_262' title='bbox 506 3373 594 3428; x_wconf 91' lang='lat' dir='ltr'><strong><em>sui</em></strong></span> <span class='ocrx_word' id='word_1_263' title='bbox 630 3374 718 3428; x_wconf 88' lang='lat' dir='ltr'><strong><em>vel</em></strong></span> <span class='ocrx_word' id='word_1_264' title='bbox 761 3374 1002 3428; x_wconf 85' lang='lat' dir='ltr'><strong><em>thalami</em></strong></span> <span class='ocrx_word' id='word_1_265' title='bbox 1056 3377 1379 3428; x_wconf 87' lang='lat' dir='ltr'><strong><em>consortem</em></strong></span> <span class='ocrx_word' id='word_1_266' title='bbox 1405 3373 1466 3426; x_wconf 93' lang='lat' dir='ltr'><strong><em>in</em></strong></span> <span class='ocrx_word' id='word_1_267' title='bbox 1497 3371 1784 3438; x_wconf 90' lang='lat' dir='ltr'><strong><em>omnibus,</em></strong></span> <span class='ocrx_word' id='word_1_268' title='bbox 1827 3377 1894 3426; x_wconf 92' lang='lat' dir='ltr'><strong><em>ut</em></strong></span> <span class='ocrx_word' id='word_1_269' title='bbox 1923 3372 2015 3426; x_wconf 91' lang='lat' dir='ltr'><strong><em>de-</em></strong></span> 
     </span>
    </p>
   </div>
   <div class='ocr_carea' id='block_1_37' title="bbox 316 3460 2016 3534">
    <p class='ocr_par' dir='ltr' id='par_1_37' title="bbox 316 3460 2016 3534">
     <span class='ocr_line' id='line_1_37' title="bbox 316 3460 2016 3534; baseline -0.002 -16"><span class='ocrx_word' id='word_1_270' title='bbox 316 3463 458 3528; x_wconf 91' lang='lat' dir='ltr'><strong><em>buit,</em></strong></span> <span class='ocrx_word' id='word_1_271' title='bbox 488 3463 810 3531; x_wconf 88' lang='lat' dir='ltr'><strong><em>honoravit,</em></strong></span> <span class='ocrx_word' id='word_1_272' title='bbox 855 3468 913 3518; x_wconf 91' lang='lat' dir='ltr'><strong><em>et</em></strong></span> <span class='ocrx_word' id='word_1_273' title='bbox 939 3463 1009 3517; x_wconf 89' lang='lat' dir='ltr'><strong><em>ad</em></strong></span> <span class='ocrx_word' id='word_1_274' title='bbox 1062 3462 1243 3534; x_wconf 90' lang='lat' dir='ltr'><strong><em>ipsius</em></strong></span> <span class='ocrx_word' id='word_1_275' title='bbox 1272 3466 1479 3515; x_wconf 90' lang='lat' dir='ltr'><strong><em>nutum</em></strong></span> <span class='ocrx_word' id='word_1_276' title='bbox 1532 3460 1798 3514; x_wconf 88' lang='lat' dir='ltr'><strong><em>universa</em></strong></span> <span class='ocrx_word' id='word_1_277' title='bbox 1851 3460 2016 3530; x_wconf 83' lang='lat' dir='ltr'><strong><em>regni</em></strong></span> 
     </span>
    </p>
   </div>
   <div class='ocr_carea' id='block_1_38' title="bbox 314 3547 2015 3620">
    <p class='ocr_par' dir='ltr' id='par_1_38' title="bbox 314 3547 2015 3620">
     <span class='ocr_line' id='line_1_38' title="bbox 314 3547 2015 3620; baseline -0.002 -15"><span class='ocrx_word' id='word_1_278' title='bbox 314 3550 762 3620; x_wconf 86' lang='lat' dir='ltr'><strong><em>disponebantur</em></strong></span> <span class='ocrx_word' id='word_1_279' title='bbox 815 3551 1136 3617; x_wconf 88' lang='lat' dir='ltr'><strong><em>molimina,</em></strong></span> <span class='ocrx_word' id='word_1_280' title='bbox 1197 3553 1253 3604; x_wconf 90' lang='lat' dir='ltr'><strong><em>et</em></strong></span> <span class='ocrx_word' id='word_1_281' title='bbox 1291 3549 1416 3619; x_wconf 90' lang='lat' dir='ltr'><strong><em>ipsa</em></strong></span> <span class='ocrx_word' id='word_1_282' title='bbox 1469 3547 1854 3603; x_wconf 89' lang='lat' dir='ltr'><strong><em>nobilissimus</em></strong></span> <span class='ocrx_word' id='word_1_283' title='bbox 1911 3548 2015 3602; x_wconf 84' lang='lat' dir='ltr'><strong><em>llos</em></strong></span> 
     </span>
    </p>
   </div>
   <div class='ocr_carea' id='block_1_39' title="bbox 316 3637 2018 3708">
    <p class='ocr_par' dir='ltr' id='par_1_39' title="bbox 316 3637 2018 3708">
     <span class='ocr_line' id='line_1_39' title="bbox 316 3637 2018 3708; baseline -0.002 -15"><span class='ocrx_word' id='word_1_284' title='bbox 316 3645 706 3694; x_wconf 87' lang='lat' dir='ltr'><strong><em>matronarum</em></strong></span> <span class='ocrx_word' id='word_1_285' title='bbox 730 3643 787 3692; x_wconf 89' lang='lat' dir='ltr'><strong><em>et</em></strong></span> <span class='ocrx_word' id='word_1_286' title='bbox 814 3639 1076 3693; x_wconf 89' lang='lat' dir='ltr'><strong><em>omnium</em></strong></span> <span class='ocrx_word' id='word_1_287' title='bbox 1133 3637 1442 3693; x_wconf 84' lang='lat' dir='ltr'><strong><em>mulierum</em></strong></span> <span class='ocrx_word' id='word_1_288' title='bbox 1484 3637 1778 3708; x_wconf 89' lang='lat' dir='ltr'><strong><em>speculum</em></strong></span> <span class='ocrx_word' id='word_1_289' title='bbox 1830 3637 2018 3691; x_wconf 88' lang='lat' dir='ltr'><strong><em>claris-</em></strong></span> 
     </span>
    </p>
   </div>
   <div class='ocr_carea' id='block_1_40' title="bbox 317 3723 2016 3782">
    <p class='ocr_par' dir='ltr' id='par_1_40' title="bbox 317 3723 2016 3782">
     <span class='ocr_line' id='line_1_40' title="bbox 317 3723 2016 3782; baseline -0.002 0"><span class='ocrx_word' id='word_1_290' title='bbox 317 3728 527 3782; x_wconf 88' lang='lat' dir='ltr'><strong><em>simum</em></strong></span> <span class='ocrx_word' id='word_1_291' title='bbox 579 3726 737 3780; x_wconf 90' lang='lat' dir='ltr'><strong><em>varia</em></strong></span> <span class='ocrx_word' id='word_1_292' title='bbox 765 3726 971 3780; x_wconf 90' lang='lat' dir='ltr'><strong><em>virtute</em></strong></span> <span class='ocrx_word' id='word_1_293' title='bbox 1023 3726 1286 3781; x_wconf 87' lang='lat' dir='ltr'><strong><em>decorata</em></strong></span> <span class='ocrx_word' id='word_1_294' title='bbox 1331 3725 1400 3778; x_wconf 90' lang='lat' dir='ltr'><strong><em>ad</em></strong></span> <span class='ocrx_word' id='word_1_295' title='bbox 1449 3725 1628 3778; x_wconf 88' lang='lat' dir='ltr'><strong><em>instar</em></strong></span> <span class='ocrx_word' id='word_1_296' title='bbox 1679 3723 1881 3778; x_wconf 90' lang='lat' dir='ltr'><strong><em>sideris</em></strong></span> <span class='ocrx_word' id='word_1_297' title='bbox 1928 3741 2016 3779; x_wconf 89' lang='lat' dir='ltr'><strong><em>ra-</em></strong></span> 
     </span>
    </p>
   </div>
   <div class='ocr_carea' id='block_1_41' title="bbox 316 3810 2019 3882">
    <p class='ocr_par' dir='ltr' id='par_1_41' title="bbox 316 3810 2019 3882">
     <span class='ocr_line' id='line_1_41' title="bbox 316 3810 2019 3882; baseline -0.002 -14"><span class='ocrx_word' id='word_1_298' title='bbox 316 3814 522 3868; x_wconf 89' lang='lat' dir='ltr'><strong><em>diabat.</em></strong></span> <span class='ocrx_word' id='word_1_299' title='bbox 592 3814 662 3868; x_wconf 92' lang='lat' dir='ltr'><strong><em>Ut</em></strong></span> <span class='ocrx_word' id='word_1_300' title='bbox 726 3817 916 3866; x_wconf 88' lang='lat' dir='ltr'><strong><em>autem</em></strong></span> <span class='ocrx_word' id='word_1_301' title='bbox 980 3811 1132 3866; x_wconf 90' lang='lat' dir='ltr'><strong><em>beati</em></strong></span> <span class='ocrx_word' id='word_1_302' title='bbox 1185 3812 1458 3882; x_wconf 89' lang='lat' dir='ltr'><strong><em>conjuges</em></strong></span> <span class='ocrx_word' id='word_1_303' title='bbox 1522 3810 1615 3864; x_wconf 91' lang='lat' dir='ltr'><strong><em>isti</em></strong></span> <span class='ocrx_word' id='word_1_304' title='bbox 1683 3811 1902 3865; x_wconf 86' lang='lat' dir='ltr'><strong><em>facilius</em></strong></span> <span class='ocrx_word' id='word_1_305' title='bbox 1957 3811 2019 3865; x_wconf 90' lang='lat' dir='ltr'><strong><em>in</em></strong></span> 
     </span>
    </p>
   </div>
   <div class='ocr_carea' id='block_1_42' title="bbox 315 3899 2017 3973">
    <p class='ocr_par' dir='ltr' id='par_1_42' title="bbox 315 3899 2017 3973">
     <span class='ocr_line' id='line_1_42' title="bbox 315 3899 2017 3973; baseline -0.001 -17"><span class='ocrx_word' id='word_1_306' title='bbox 315 3907 622 3973; x_wconf 88' lang='lat' dir='ltr'><strong><em>conspectu</em></strong></span> <span class='ocrx_word' id='word_1_307' title='bbox 676 3900 978 3956; x_wconf 88' lang='lat' dir='ltr'><strong><em>hominum</em></strong></span> <span class='ocrx_word' id='word_1_308' title='bbox 1033 3900 1371 3954; x_wconf 88' lang='lat' dir='ltr'><strong><em>simularent</em></strong></span> <span class='ocrx_word' id='word_1_309' title='bbox 1435 3915 1492 3953; x_wconf 89' lang='lat' dir='ltr'><strong><em>se</em></strong></span> <span class='ocrx_word' id='word_1_310' title='bbox 1555 3899 1764 3954; x_wconf 77' lang='lat' dir='ltr'><strong><em>habere</em></strong></span> <span class='ocrx_word' id='word_1_311' title='bbox 1821 3901 2017 3970; x_wconf 87' lang='lat' dir='ltr'><strong><em>conju-</em></strong></span> 
     </span>
    </p>
   </div>
   <div class='ocr_carea' id='block_1_43' title="bbox 316 3988 2018 4062">
    <p class='ocr_par' dir='ltr' id='par_1_43' title="bbox 316 3988 2018 4062">
     <span class='ocr_line' id='line_1_43' title="bbox 316 3988 2018 4062; baseline -0.002 -17"><span class='ocrx_word' id='word_1_312' title='bbox 316 3992 498 4062; x_wconf 89' lang='lat' dir='ltr'><strong><em>gium,</em></strong></span> <span class='ocrx_word' id='word_1_313' title='bbox 537 3991 850 4044; x_wconf 88' lang='lat' dir='ltr'><strong><em>secundum</em></strong></span> <span class='ocrx_word' id='word_1_314' title='bbox 911 4005 1130 4044; x_wconf 90' lang='lat' dir='ltr'><strong><em>morem</em></strong></span> <span class='ocrx_word' id='word_1_315' title='bbox 1186 3988 1501 4044; x_wconf 85' lang='lat' dir='ltr'><strong><em>carnalium</em></strong></span> <span class='ocrx_word' id='word_1_316' title='bbox 1539 3988 1600 4043; x_wconf 90' lang='lat' dir='ltr'><strong><em>in</em></strong></span> <span class='ocrx_word' id='word_1_317' title='bbox 1630 4005 1746 4043; x_wconf 91' lang='lat' dir='ltr'><strong><em>uno</em></strong></span> <span class='ocrx_word' id='word_1_318' title='bbox 1777 4005 2018 4060; x_wconf 90' lang='lat' dir='ltr'><strong><em>pausare</em></strong></span> 
     </span>
    </p>
   </div>
   <div class='ocr_carea' id='block_1_44' title="bbox 314 4078 2020 4139">
    <p class='ocr_par' dir='ltr' id='par_1_44' title="bbox 314 4078 2020 4139">
     <span class='ocr_line' id='line_1_44' title="bbox 314 4078 2020 4139; baseline -0.001 -5"><span class='ocrx_word' id='word_1_319' title='bbox 314 4081 568 4135; x_wconf 86' lang='lat' dir='ltr'><strong><em>thalamo</em></strong></span> <span class='ocrx_word' id='word_1_320' title='bbox 599 4079 874 4139; x_wconf 87' lang='lat' dir='ltr'><strong><em>solebant.</em></strong></span> <span class='ocrx_word' id='word_1_321' title='bbox 899 4085 956 4133; x_wconf 86' lang='lat' dir='ltr'><strong><em>et</em></strong></span> <span class='ocrx_word' id='word_1_322' title='bbox 980 4085 1174 4134; x_wconf 88' lang='lat' dir='ltr'><strong><em>tamen</em></strong></span> <span class='ocrx_word' id='word_1_323' title='bbox 1228 4078 1735 4132; x_wconf 87' lang='lat' dir='ltr'><strong><em>incontaminatam</em></strong></span> <span class='ocrx_word' id='word_1_324' title='bbox 1790 4094 2020 4132; x_wconf 87' lang='lat' dir='ltr'><strong><em>conser-</em></strong></span> 
     </span>
    </p>
   </div>
   <div class='ocr_carea' id='block_1_45' title="bbox 314 4166 2019 4238">
    <p class='ocr_par' dir='ltr' id='par_1_45' title="bbox 314 4166 2019 4238">
     <span class='ocr_line' id='line_1_45' title="bbox 314 4166 2019 4238; baseline 0 -18"><span class='ocrx_word' id='word_1_325' title='bbox 314 4169 523 4223; x_wconf 90' lang='lat' dir='ltr'><strong><em>vabant</em></strong></span> <span class='ocrx_word' id='word_1_326' title='bbox 543 4167 973 4222; x_wconf 90' lang='lat' dir='ltr'><strong><em>continentiam.</em></strong></span> <span class='ocrx_word' id='word_1_327' title='bbox 1012 4169 1118 4222; x_wconf 80' lang='lat' dir='ltr'><strong><em>Res</em></strong></span> <span class='ocrx_word' id='word_1_328' title='bbox 1165 4167 1308 4220; x_wconf 88' lang='lat' dir='ltr'><strong><em>mira</em></strong></span> <span class='ocrx_word' id='word_1_329' title='bbox 1342 4170 1398 4220; x_wconf 90' lang='lat' dir='ltr'><strong><em>et</em></strong></span> <span class='ocrx_word' id='word_1_330' title='bbox 1430 4166 1636 4221; x_wconf 89' lang='lat' dir='ltr'><strong><em>nostris</em></strong></span> <span class='ocrx_word' id='word_1_331' title='bbox 1665 4167 2019 4238; x_wconf 88' lang='lat' dir='ltr'><strong><em>temporibus</em></strong></span> 
     </span>
    </p>
   </div>
   <div class='ocr_carea' id='block_1_46' title="bbox 318 4255 2013 4327">
    <p class='ocr_par' dir='ltr' id='par_1_46' title="bbox 318 4255 2013 4327">
     <span class='ocr_line' id='line_1_46' title="bbox 318 4255 2013 4327; baseline -0.001 -16"><span class='ocrx_word' id='word_1_332' title='bbox 318 4257 592 4312; x_wconf 90' lang='lat' dir='ltr'><strong><em>inaudita.</em></strong></span> <span class='ocrx_word' id='word_1_333' title='bbox 623 4258 687 4312; x_wconf 90' lang='lat' dir='ltr'><strong><em>Et</em></strong></span> <span class='ocrx_word' id='word_1_334' title='bbox 731 4256 966 4327; x_wconf 90' lang='lat' dir='ltr'><strong><em>quidem</em></strong></span> <span class='ocrx_word' id='word_1_335' title='bbox 1018 4272 1190 4327; x_wconf 91' lang='lat' dir='ltr'><strong><em>quam</em></strong></span> <span class='ocrx_word' id='word_1_336' title='bbox 1238 4256 1432 4326; x_wconf 85' lang='lat' dir='ltr'><strong><em>plures</em></strong></span> <span class='ocrx_word' id='word_1_337' title='bbox 1478 4255 1537 4309; x_wconf 90' lang='lat' dir='ltr'><strong><em>in</em></strong></span> <span class='ocrx_word' id='word_1_338' title='bbox 1583 4260 1829 4326; x_wconf 90' lang='lat' dir='ltr'><strong><em>utroque</em></strong></span> <span class='ocrx_word' id='word_1_339' title='bbox 1883 4271 2013 4310; x_wconf 85' lang='lat' dir='ltr'><strong><em>sexu</em></strong></span> 
     </span>
    </p>
   </div>
   <div class='ocr_carea' id='block_1_47' title="bbox 318 4343 2018 4417">
    <p class='ocr_par' dir='ltr' id='par_1_47' title="bbox 318 4343 2018 4417">
     <span class='ocr_line' id='line_1_47' title="bbox 318 4343 2018 4417; baseline -0.002 -17"><span class='ocrx_word' id='word_1_340' title='bbox 318 4350 449 4400; x_wconf 89' lang='lat' dir='ltr'><strong><em>sunt</em></strong></span> <span class='ocrx_word' id='word_1_341' title='bbox 508 4346 779 4417; x_wconf 88' lang='lat' dir='ltr'><strong><em>virgines,</em></strong></span> <span class='ocrx_word' id='word_1_342' title='bbox 840 4345 937 4399; x_wconf 92' lang='lat' dir='ltr'><strong><em>sed</em></strong></span> <span class='ocrx_word' id='word_1_343' title='bbox 986 4350 1050 4399; x_wconf 90' lang='lat' dir='ltr'><strong><em>ut</em></strong></span> <span class='ocrx_word' id='word_1_344' title='bbox 1091 4345 1342 4416; x_wconf 89' lang='lat' dir='ltr'><strong><em>sigillum</em></strong></span> <span class='ocrx_word' id='word_1_345' title='bbox 1407 4343 1750 4414; x_wconf 87' lang='lat' dir='ltr'><strong><em>virginitatis</em></strong></span> <span class='ocrx_word' id='word_1_346' title='bbox 1791 4345 2018 4398; x_wconf 87' lang='lat' dir='ltr'><strong><em>valeant</em></strong></span> 
     </span>
    </p>
   </div>
   <div class='ocr_carea' id='block_1_48' title="bbox 317 4436 2016 4498">
    <p class='ocr_par' dir='ltr' id='par_1_48' title="bbox 317 4436 2016 4498">
     <span class='ocr_line' id='line_1_48' title="bbox 317 4436 2016 4498; baseline -0.002 -9"><span class='ocrx_word' id='word_1_347' title='bbox 317 4436 729 4489; x_wconf 88' lang='lat' dir='ltr'><strong><em>intemeratum</em></strong></span> <span class='ocrx_word' id='word_1_348' title='bbox 786 4449 1029 4498; x_wconf 86' lang='lat' dir='ltr'><strong><em>servare,</em></strong></span> <span class='ocrx_word' id='word_1_349' title='bbox 1094 4448 1347 4487; x_wconf 88' lang='lat' dir='ltr'><strong><em>seorsum</em></strong></span> <span class='ocrx_word' id='word_1_350' title='bbox 1397 4449 1616 4486; x_wconf 79' lang='lat' dir='ltr'><strong><em>mares&#39;</em></strong></span> <span class='ocrx_word' id='word_1_351' title='bbox 1653 4437 1710 4486; x_wconf 92' lang='lat' dir='ltr'><strong><em>et</em></strong></span> <span class='ocrx_word' id='word_1_352' title='bbox 1760 4448 2016 4487; x_wconf 87' lang='lat' dir='ltr'><strong><em>seorsum</em></strong></span> 
     </span>
    </p>
   </div>
   <div class='ocr_carea' id='block_1_49' title="bbox 315 4521 2018 4592">
    <p class='ocr_par' dir='ltr' id='par_1_49' title="bbox 315 4521 2018 4592">
     <span class='ocr_line' id='line_1_49' title="bbox 315 4521 2018 4592; baseline -0.002 -14"><span class='ocrx_word' id='word_1_353' title='bbox 315 4522 560 4579; x_wconf 86' lang='lat' dir='ltr'><strong><em>feminas</em></strong></span> <span class='ocrx_word' id='word_1_354' title='bbox 590 4521 821 4592; x_wconf 86' lang='lat' dir='ltr'><strong><em>expedit</em></strong></span> <span class='ocrx_word' id='word_1_355' title='bbox 849 4521 1128 4575; x_wconf 86' lang='lat' dir='ltr'><strong><em>habitare.</em></strong></span> <span class='ocrx_word' id='word_1_356' title='bbox 1149 4521 1284 4586; x_wconf 89' lang='lat' dir='ltr'><strong><em>Quis</em></strong></span> <span class='ocrx_word' id='word_1_357' title='bbox 1305 4521 1461 4576; x_wconf 91' lang='lat' dir='ltr'><strong><em>enim</em></strong></span> <span class='ocrx_word' id='word_1_358' title='bbox 1495 4521 1691 4592; x_wconf 89' lang='lat' dir='ltr'><strong><em>ignem</em></strong></span> <span class='ocrx_word' id='word_1_359' title='bbox 1723 4521 2018 4576; x_wconf 90' lang='lat' dir='ltr'><strong><em>abscondit</em></strong></span> 
     </span>
    </p>
   </div>
   <div class='ocr_carea' id='block_1_50' title="bbox 319 4609 2020 4682">
    <p class='ocr_par' dir='ltr' id='par_1_50' title="bbox 319 4609 2020 4682">
     <span class='ocr_line' id='line_1_50' title="bbox 319 4609 2020 4682; baseline 0 -18"><span class='ocrx_word' id='word_1_360' title='bbox 319 4611 376 4664; x_wconf 93' lang='lat' dir='ltr'><strong><em>in</em></strong></span> <span class='ocrx_word' id='word_1_361' title='bbox 408 4610 534 4665; x_wconf 88' lang='lat' dir='ltr'><strong><em>sinu</em></strong></span> <span class='ocrx_word' id='word_1_362' title='bbox 559 4625 680 4676; x_wconf 88' lang='lat' dir='ltr'><strong><em>suo,</em></strong></span> <span class='ocrx_word' id='word_1_363' title='bbox 723 4615 780 4664; x_wconf 92' lang='lat' dir='ltr'><strong><em>et</em></strong></span> <span class='ocrx_word' id='word_1_364' title='bbox 833 4609 1233 4664; x_wconf 84' lang='lat' dir='ltr'><strong><em>vestimentum</em></strong></span> <span class='ocrx_word' id='word_1_365' title='bbox 1278 4612 1402 4682; x_wconf 82' lang='lat' dir='ltr'><strong><em>ejus</em></strong></span> <span class='ocrx_word' id='word_1_366' title='bbox 1445 4626 1562 4664; x_wconf 93' lang='lat' dir='ltr'><strong><em>non</em></strong></span> <span class='ocrx_word' id='word_1_367' title='bbox 1594 4611 1963 4664; x_wconf 86' lang='lat' dir='ltr'><strong><em>comburetur</em></strong></span> <span class='ocrx_word' id='word_1_368' title='bbox 1992 4610 2020 4664; x_wconf 64' lang='grc' dir='ltr'><strong><em>ἓν</em></strong></span> 
     </span>
    </p>
   </div>
   <div class='ocr_carea' id='block_1_51' title="bbox 318 4697 2016 4769">
    <p class='ocr_par' dir='ltr' id='par_1_51' title="bbox 318 4697 2016 4769">
     <span class='ocr_line' id='line_1_51' title="bbox 318 4697 2016 4769; baseline -0.001 -16"><span class='ocrx_word' id='word_1_369' title='bbox 318 4698 482 4768; x_wconf 88' lang='lat' dir='ltr'><strong><em>Apud</em></strong></span> <span class='ocrx_word' id='word_1_370' title='bbox 515 4699 778 4752; x_wconf 87' lang='lat' dir='ltr'><strong><em>homines</em></strong></span> <span class='ocrx_word' id='word_1_371' title='bbox 805 4697 1155 4767; x_wconf 87' lang='lat' dir='ltr'><strong><em>impossibile</em></strong></span> <span class='ocrx_word' id='word_1_372' title='bbox 1185 4703 1288 4764; x_wconf 90' lang='lat' dir='ltr'><strong><em>est,</em></strong></span> <span class='ocrx_word' id='word_1_373' title='bbox 1335 4699 1431 4752; x_wconf 91' lang='lat' dir='ltr'><strong><em>sed</em></strong></span> <span class='ocrx_word' id='word_1_374' title='bbox 1459 4715 1570 4752; x_wconf 92' lang='lat' dir='ltr'><strong><em>non</em></strong></span> <span class='ocrx_word' id='word_1_375' title='bbox 1603 4699 1754 4769; x_wconf 91' lang='lat' dir='ltr'><strong><em>apud</em></strong></span> <span class='ocrx_word' id='word_1_376' title='bbox 1816 4701 2016 4754; x_wconf 91' lang='lat' dir='ltr'><strong><em>Deum.</em></strong></span> 
     </span>
    </p>
   </div>
   <div class='ocr_carea' id='block_1_52' title="bbox 320 4787 2020 4858">
    <p class='ocr_par' dir='ltr' id='par_1_52' title="bbox 320 4787 2020 4858">
     <span class='ocr_line' id='line_1_52' title="bbox 320 4787 2020 4858; baseline 0.001 -16"><span class='ocrx_word' id='word_1_377' title='bbox 320 4788 477 4842; x_wconf 90' lang='lat' dir='ltr'><strong><em>Unde</em></strong></span> <span class='ocrx_word' id='word_1_378' title='bbox 506 4787 621 4852; x_wconf 91' lang='lat' dir='ltr'><strong><em>isti,</em></strong></span> <span class='ocrx_word' id='word_1_379' title='bbox 656 4787 726 4841; x_wconf 92' lang='lat' dir='ltr'><strong><em>de</em></strong></span> <span class='ocrx_word' id='word_1_380' title='bbox 775 4787 984 4857; x_wconf 90' lang='lat' dir='ltr'><strong><em>quibus</em></strong></span> <span class='ocrx_word' id='word_1_381' title='bbox 1040 4787 1354 4858; x_wconf 89' lang='lat' dir='ltr'><strong><em>loquimur,</em></strong></span> <span class='ocrx_word' id='word_1_382' title='bbox 1409 4787 1470 4840; x_wconf 92' lang='lat' dir='ltr'><strong><em>in</em></strong></span> <span class='ocrx_word' id='word_1_383' title='bbox 1523 4787 1875 4858; x_wconf 88' lang='lat' dir='ltr'><strong><em>protectione</em></strong></span> <span class='ocrx_word' id='word_1_384' title='bbox 1924 4790 2020 4844; x_wconf 87' lang='lat' dir='ltr'><strong><em>Dei</em></strong></span> 
     </span>
    </p>
   </div>
   <div class='ocr_carea' id='block_1_53' title="bbox 316 4875 2016 4946">
    <p class='ocr_par' dir='ltr' id='par_1_53' title="bbox 316 4875 2016 4946">
     <span class='ocr_line' id='line_1_53' title="bbox 316 4875 2016 4946; baseline 0.001 -16"><span class='ocrx_word' id='word_1_385' title='bbox 316 4875 422 4930; x_wconf 90' lang='lat' dir='ltr'><strong><em>celi</em></strong></span> <span class='ocrx_word' id='word_1_386' title='bbox 456 4892 556 4946; x_wconf 89' lang='lat' dir='ltr'><strong><em>pre</em></strong></span> <span class='ocrx_word' id='word_1_387' title='bbox 573 4875 773 4930; x_wconf 89' lang='lat' dir='ltr'><strong><em>ceteris</em></strong></span> <span class='ocrx_word' id='word_1_388' title='bbox 803 4876 1138 4930; x_wconf 88' lang='lat' dir='ltr'><strong><em>mortalibus</em></strong></span> <span class='ocrx_word' id='word_1_389' title='bbox 1181 4876 1521 4930; x_wconf 89' lang='lat' dir='ltr'><strong><em>familiarius</em></strong></span> <span class='ocrx_word' id='word_1_390' title='bbox 1579 4884 2016 4943; x_wconf 89' lang='lat' dir='ltr'><strong><em>commorantes,</em></strong></span> 
     </span>
    </p>
   </div>
   <div class='ocr_carea' id='block_1_54' title="bbox 317 4964 2019 5033">
    <p class='ocr_par' dir='ltr' id='par_1_54' title="bbox 317 4964 2019 5033">
     <span class='ocr_line' id='line_1_54' title="bbox 317 4964 2019 5033; baseline 0.001 -14"><span class='ocrx_word' id='word_1_391' title='bbox 317 4965 604 5019; x_wconf 88' lang='lat' dir='ltr'><strong><em>interdum</em></strong></span> <span class='ocrx_word' id='word_1_392' title='bbox 630 4965 1087 5031; x_wconf 88' lang='lat' dir='ltr'><strong><em>commanebant,</em></strong></span> <span class='ocrx_word' id='word_1_393' title='bbox 1118 4970 1174 5018; x_wconf 91' lang='lat' dir='ltr'><strong><em>et</em></strong></span> <span class='ocrx_word' id='word_1_394' title='bbox 1217 4970 1412 5018; x_wconf 87' lang='lat' dir='ltr'><strong><em>tamen</em></strong></span> <span class='ocrx_word' id='word_1_395' title='bbox 1472 4964 1720 5033; x_wconf 87' lang='lat' dir='ltr'><strong><em>virgines</em></strong></span> <span class='ocrx_word' id='word_1_396' title='bbox 1759 4965 2019 5020; x_wconf 90' lang='lat' dir='ltr'><strong><em>inconta-</em></strong></span> 
     </span>
    </p>
   </div>
   <div class='ocr_carea' id='block_1_55' title="bbox 317 5052 2020 5124">
    <p class='ocr_par' dir='ltr' id='par_1_55' title="bbox 317 5052 2020 5124">
     <span class='ocr_line' id='line_1_55' title="bbox 317 5052 2020 5124; baseline 0.001 -17"><span class='ocrx_word' id='word_1_397' title='bbox 317 5053 518 5108; x_wconf 90' lang='lat' dir='ltr'><strong><em>minati</em></strong></span> <span class='ocrx_word' id='word_1_398' title='bbox 546 5052 962 5124; x_wconf 88' lang='lat' dir='ltr'><strong><em>permanebant</em></strong></span> <span class='ocrx_word' id='word_1_399' title='bbox 996 5073 1010 5121; x_wconf 86' lang='lat'><strong>;</strong></span> <span class='ocrx_word' id='word_1_400' title='bbox 1063 5059 1120 5106; x_wconf 91' lang='lat' dir='ltr'><strong><em>et</em></strong></span> <span class='ocrx_word' id='word_1_401' title='bbox 1165 5067 1296 5106; x_wconf 92' lang='lat' dir='ltr'><strong><em>cum</em></strong></span> <span class='ocrx_word' id='word_1_402' title='bbox 1329 5057 1518 5122; x_wconf 91' lang='lat' dir='ltr'><strong><em>preter</em></strong></span> <span class='ocrx_word' id='word_1_403' title='bbox 1553 5053 1848 5123; x_wconf 90' lang='lat' dir='ltr'><strong><em>sanguinis</em></strong></span> <span class='ocrx_word' id='word_1_404' title='bbox 1877 5054 2020 5108; x_wconf 77' lang='lat' dir='ltr'><strong><em>etfu-</em></strong></span> 
     </span>
    </p>
   </div>
   <div class='ocr_carea' id='block_1_56' title="bbox 319 5141 2021 5212">
    <p class='ocr_par' dir='ltr' id='par_1_56' title="bbox 319 5141 2021 5212">
     <span class='ocr_line' id='line_1_56' title="bbox 319 5141 2021 5212; baseline 0.001 -16"><span class='ocrx_word' id='word_1_405' title='bbox 319 5144 539 5198; x_wconf 89' lang='lat' dir='ltr'><strong><em>sionem</em></strong></span> <span class='ocrx_word' id='word_1_406' title='bbox 587 5143 702 5197; x_wconf 91' lang='lat' dir='ltr'><strong><em>duo</em></strong></span> <span class='ocrx_word' id='word_1_407' title='bbox 762 5142 876 5196; x_wconf 88' lang='lat' dir='ltr'><strong><em>sint</em></strong></span> <span class='ocrx_word' id='word_1_408' title='bbox 905 5158 1119 5212; x_wconf 88' lang='lat' dir='ltr'><strong><em>genera</em></strong></span> <span class='ocrx_word' id='word_1_409' title='bbox 1180 5141 1502 5207; x_wconf 89' lang='lat' dir='ltr'><strong><em>martirum,</em></strong></span> <span class='ocrx_word' id='word_1_410' title='bbox 1554 5141 1768 5195; x_wconf 88' lang='lat' dir='ltr'><strong><em>scilicet</em></strong></span> <span class='ocrx_word' id='word_1_411' title='bbox 1797 5143 2021 5197; x_wconf 86' lang='lat' dir='ltr'><strong><em>castitas</em></strong></span> 
     </span>
    </p>
   </div>
   <div class='ocr_carea' id='block_1_57' title="bbox 321 5229 2020 5300">
    <p class='ocr_par' dir='ltr' id='par_1_57' title="bbox 321 5229 2020 5300">
     <span class='ocr_line' id='line_1_57' title="bbox 321 5229 2020 5300; baseline 0 -17"><span class='ocrx_word' id='word_1_412' title='bbox 321 5231 377 5284; x_wconf 93' lang='lat' dir='ltr'><strong><em>in</em></strong></span> <span class='ocrx_word' id='word_1_413' title='bbox 409 5232 708 5300; x_wconf 74' lang='lat' dir='ltr'><strong><em>iuventute</em></strong></span> <span class='ocrx_word' id='word_1_414' title='bbox 774 5234 828 5284; x_wconf 91' lang='lat' dir='ltr'><strong><em>et</em></strong></span> <span class='ocrx_word' id='word_1_415' title='bbox 869 5229 1216 5285; x_wconf 89' lang='lat' dir='ltr'><strong><em>abstinentia</em></strong></span> <span class='ocrx_word' id='word_1_416' title='bbox 1256 5230 1317 5282; x_wconf 93' lang='lat' dir='ltr'><strong><em>in</em></strong></span> <span class='ocrx_word' id='word_1_417' title='bbox 1365 5229 1779 5300; x_wconf 73' lang='lat' dir='ltr'><strong><em>habundantia,</em></strong></span> <span class='ocrx_word' id='word_1_418' title='bbox 1825 5231 2020 5285; x_wconf 85' lang='lat' dir='ltr'><strong><em>beatos</em></strong></span> 
     </span>
    </p>
   </div>
   <div class='ocr_carea' id='block_1_58' title="bbox 320 5317 2021 5391">
    <p class='ocr_par' dir='ltr' id='par_1_58' title="bbox 320 5317 2021 5391">
     <span class='ocr_line' id='line_1_58' title="bbox 320 5317 2021 5391; baseline 0 -18"><span class='ocrx_word' id='word_1_419' title='bbox 320 5321 614 5388; x_wconf 84' lang='lat' dir='ltr'><strong><em>conjuges,</em></strong></span> <span class='ocrx_word' id='word_1_420' title='bbox 664 5335 911 5389; x_wconf 88' lang='lat' dir='ltr'><strong><em>quorum</em></strong></span> <span class='ocrx_word' id='word_1_421' title='bbox 967 5317 1230 5389; x_wconf 87' lang='lat' dir='ltr'><strong><em>preconia</em></strong></span> <span class='ocrx_word' id='word_1_422' title='bbox 1292 5333 1411 5370; x_wconf 92' lang='lat' dir='ltr'><strong><em>non</em></strong></span> <span class='ocrx_word' id='word_1_423' title='bbox 1467 5323 1734 5380; x_wconf 87' lang='lat' dir='ltr'><strong><em>tacemus,</em></strong></span> <span class='ocrx_word' id='word_1_424' title='bbox 1793 5319 2021 5391; x_wconf 89' lang='lat' dir='ltr'><strong><em>gemina</em></strong></span> 
     </span>
    </p>
   </div>
   <div class='ocr_carea' id='block_1_59' title="bbox 320 5406 2022 5479">
    <p class='ocr_par' dir='ltr' id='par_1_59' title="bbox 320 5406 2022 5479">
     <span class='ocr_line' id='line_1_59' title="bbox 320 5406 2022 5479; baseline 0.002 -18"><span class='ocrx_word' id='word_1_425' title='bbox 320 5407 564 5461; x_wconf 89' lang='lat' dir='ltr'><strong><em>martirii</em></strong></span> <span class='ocrx_word' id='word_1_426' title='bbox 621 5421 828 5462; x_wconf 85' lang='lat' dir='ltr'><strong><em>corona</em></strong></span> <span class='ocrx_word' id='word_1_427' title='bbox 869 5410 1168 5462; x_wconf 87' lang='lat' dir='ltr'><strong><em>coronatos</em></strong></span> <span class='ocrx_word' id='word_1_428' title='bbox 1235 5421 1357 5459; x_wconf 85' lang='lat' dir='ltr'><strong><em>esse</em></strong></span> <span class='ocrx_word' id='word_1_429' title='bbox 1401 5406 1761 5472; x_wconf 76' lang='lat' dir='ltr'><strong><em>confidimus,</em></strong></span> <span class='ocrx_word' id='word_1_430' title='bbox 1819 5408 1918 5479; x_wconf 92' lang='lat' dir='ltr'><strong><em>qui</em></strong></span> <span class='ocrx_word' id='word_1_431' title='bbox 1965 5414 2022 5464; x_wconf 88' lang='lat' dir='ltr'><strong><em>et</em></strong></span> 
     </span>
    </p>
   </div>
   <div class='ocr_carea' id='block_1_60' title="bbox 2119 544 3205 617">
    <p class='ocr_par' dir='ltr' id='par_1_60' title="bbox 2119 544 3205 617">
     <span class='ocr_line' id='line_1_60' title="bbox 2119 544 3205 617; baseline -0.002 -18"><span class='ocrx_word' id='word_1_432' title='bbox 2119 561 2483 617; x_wconf 90' lang='lat' dir='ltr'><strong><em>summopere</em></strong></span> <span class='ocrx_word' id='word_1_433' title='bbox 2517 544 2822 600; x_wconf 87' lang='lat' dir='ltr'><strong><em>studebant</em></strong></span> <span class='ocrx_word' id='word_1_434' title='bbox 2850 559 3205 598; x_wconf 89' lang='lat' dir='ltr'><strong><em>conservare.</em></strong></span> 
     </span>
    </p>
   </div>
   <div class='ocr_carea' id='block_1_61' title="bbox 2187 631 3827 704">
    <p class='ocr_par' dir='ltr' id='par_1_61' title="bbox 2187 631 3827 704">
     <span class='ocr_line' id='line_1_61' title="bbox 2187 631 3827 704; baseline -0.001 -16"><span class='ocrx_word' id='word_1_435' title='bbox 2187 638 2241 688; x_wconf 80' lang='lat'><strong><em>2.</em></strong></span> <span class='ocrx_word' id='word_1_436' title='bbox 2275 635 2518 700; x_wconf 83' lang='lat' dir='ltr'><strong><em>Qualiter</em></strong></span> <span class='ocrx_word' id='word_1_437' title='bbox 2545 635 2743 703; x_wconf 85' lang='lat' dir='ltr'><strong><em>ceperit</em></strong></span> <span class='ocrx_word' id='word_1_438' title='bbox 2770 633 3098 688; x_wconf 85' lang='lat' dir='ltr'><strong><em>claudicare.</em></strong></span> <span class='ocrx_word' id='word_1_439' title='bbox 3135 631 3191 688; x_wconf 93' lang='lat' dir='ltr'><strong><em>Si</em></strong></span> <span class='ocrx_word' id='word_1_440' title='bbox 3223 632 3335 703; x_wconf 85' lang='lat'><strong><em>(66)</em></strong></span> <span class='ocrx_word' id='word_1_441' title='bbox 3367 633 3493 704; x_wconf 87' lang='lat' dir='ltr'><strong><em>quis</em></strong></span> <span class='ocrx_word' id='word_1_442' title='bbox 3521 648 3655 687; x_wconf 91' lang='lat' dir='ltr'><strong><em>vero</em></strong></span> <span class='ocrx_word' id='word_1_443' title='bbox 3686 632 3827 686; x_wconf 90' lang='lat' dir='ltr'><strong><em>scire</em></strong></span> 
     </span>
    </p>
   </div>
   <div class='ocr_carea' id='block_1_62' title="bbox 2119 720 3824 792">
    <p class='ocr_par' dir='ltr' id='par_1_62' title="bbox 2119 720 3824 792">
     <span class='ocr_line' id='line_1_62' title="bbox 2119 720 3824 792; baseline -0.001 -16"><span class='ocrx_word' id='word_1_444' title='bbox 2119 721 2419 787; x_wconf 88' lang='lat' dir='ltr'><strong><em>desiderat,</em></strong></span> <span class='ocrx_word' id='word_1_445' title='bbox 2465 737 2641 792; x_wconf 89' lang='lat' dir='ltr'><strong><em>quare</em></strong></span> <span class='ocrx_word' id='word_1_446' title='bbox 2695 720 2982 790; x_wconf 91' lang='lat' dir='ltr'><strong><em>gloriosus</em></strong></span> <span class='ocrx_word' id='word_1_447' title='bbox 3025 720 3130 773; x_wconf 86' lang='lat' dir='ltr'><strong><em>iste</em></strong></span> <span class='ocrx_word' id='word_1_448' title='bbox 3180 720 3497 790; x_wconf 90' lang='lat' dir='ltr'><strong><em>imperator</em></strong></span> <span class='ocrx_word' id='word_1_449' title='bbox 3541 720 3824 774; x_wconf 90' lang='lat' dir='ltr'><strong><em>claudica-</em></strong></span> 
     </span>
    </p>
   </div>
   <div class='ocr_carea' id='block_1_63' title="bbox 2116 809 3827 881">
    <p class='ocr_par' dir='ltr' id='par_1_63' title="bbox 2116 809 3827 881">
     <span class='ocr_line' id='line_1_63' title="bbox 2116 809 3827 881; baseline -0.001 -16"><span class='ocrx_word' id='word_1_450' title='bbox 2116 811 2282 877; x_wconf 89' lang='lat' dir='ltr'><strong><em>verit,</em></strong></span> <span class='ocrx_word' id='word_1_451' title='bbox 2317 827 2446 865; x_wconf 91' lang='lat' dir='ltr'><strong><em>cum</em></strong></span> <span class='ocrx_word' id='word_1_452' title='bbox 2478 810 2732 881; x_wconf 92' lang='lat' dir='ltr'><strong><em>primum</em></strong></span> <span class='ocrx_word' id='word_1_453' title='bbox 2761 813 2881 863; x_wconf 92' lang='lat' dir='ltr'><strong><em>toto</em></strong></span> <span class='ocrx_word' id='word_1_454' title='bbox 2908 824 3148 880; x_wconf 89' lang='lat' dir='ltr'><strong><em>corpore</em></strong></span> <span class='ocrx_word' id='word_1_455' title='bbox 3206 825 3379 862; x_wconf 83' lang='lat' dir='ltr'><strong><em>sanus</em></strong></span> <span class='ocrx_word' id='word_1_456' title='bbox 3435 809 3631 877; x_wconf 88' lang='lat' dir='ltr'><strong><em>fuerit,</em></strong></span> <span class='ocrx_word' id='word_1_457' title='bbox 3679 809 3827 863; x_wconf 88' lang='lat' dir='ltr'><strong><em>hanc</em></strong></span> 
     </span>
    </p>
   </div>
   <div class='ocr_carea' id='block_1_64' title="bbox 2118 895 3846 968">
    <p class='ocr_par' dir='ltr' id='par_1_64' title="bbox 2118 895 3846 968">
     <span class='ocr_line' id='line_1_64' title="bbox 2118 895 3846 968; baseline -0.002 -15"><span class='ocrx_word' id='word_1_458' title='bbox 2118 915 2346 953; x_wconf 89' lang='lat' dir='ltr'><strong><em>causam</em></strong></span> <span class='ocrx_word' id='word_1_459' title='bbox 2376 915 2497 952; x_wconf 88' lang='lat' dir='ltr'><strong><em>esse</em></strong></span> <span class='ocrx_word' id='word_1_460' title='bbox 2526 897 2767 952; x_wconf 86' lang='lat' dir='ltr'><strong><em>noverit.</em></strong></span> <span class='ocrx_word' id='word_1_461' title='bbox 2802 898 2944 952; x_wconf 91' lang='lat' dir='ltr'><strong><em>Cum</em></strong></span> <span class='ocrx_word' id='word_1_462' title='bbox 3001 900 3258 966; x_wconf 91' lang='lat' dir='ltr'><strong><em>tempore</em></strong></span> <span class='ocrx_word' id='word_1_463' title='bbox 3289 896 3537 968; x_wconf 89' lang='lat' dir='ltr'><strong><em>quodam</em></strong></span> <span class='ocrx_word' id='word_1_464' title='bbox 3579 895 3846 950; x_wconf 88' lang='lat' dir='ltr'><strong><em>venisset</em></strong></span> 
     </span>
    </p>
   </div>
   <div class='ocr_carea' id='block_1_65' title="bbox 2116 983 3820 1056">
    <p class='ocr_par' dir='ltr' id='par_1_65' title="bbox 2116 983 3820 1056">
     <span class='ocr_line' id='line_1_65' title="bbox 2116 983 3820 1056; baseline -0.003 -15"><span class='ocrx_word' id='word_1_465' title='bbox 2116 986 2177 1041; x_wconf 92' lang='lat' dir='ltr'><strong><em>in</em></strong></span> <span class='ocrx_word' id='word_1_466' title='bbox 2221 986 2485 1054; x_wconf 83' lang='lat' dir='ltr'><strong><em>Apuliam</em></strong></span> <span class='ocrx_word' id='word_1_467' title='bbox 2550 1001 2654 1056; x_wconf 91' lang='lat' dir='ltr'><strong><em>pro</em></strong></span> <span class='ocrx_word' id='word_1_468' title='bbox 2697 983 3069 1055; x_wconf 89' lang='lat' dir='ltr'><strong><em>disponendis</em></strong></span> <span class='ocrx_word' id='word_1_469' title='bbox 3115 983 3198 1037; x_wconf 90' lang='lat' dir='ltr'><strong><em>rei</em></strong></span> <span class='ocrx_word' id='word_1_470' title='bbox 3254 983 3483 1054; x_wconf 85' lang='lat' dir='ltr'><strong><em>publice</em></strong></span> <span class='ocrx_word' id='word_1_471' title='bbox 3548 983 3820 1053; x_wconf 89' lang='lat' dir='ltr'><strong><em>negociis,</em></strong></span> 
     </span>
    </p>
   </div>
   <div class='ocr_carea' id='block_1_66' title="bbox 2117 1072 3824 1146">
    <p class='ocr_par' dir='ltr' id='par_1_66' title="bbox 2117 1072 3824 1146">
     <span class='ocr_line' id='line_1_66' title="bbox 2117 1072 3824 1146; baseline -0.002 -17"><span class='ocrx_word' id='word_1_472' title='bbox 2117 1074 2376 1146; x_wconf 88' lang='lat' dir='ltr'><strong><em>pervenit</em></strong></span> <span class='ocrx_word' id='word_1_473' title='bbox 2403 1074 2462 1126; x_wconf 92' lang='lat' dir='ltr'><strong><em>in</em></strong></span> <span class='ocrx_word' id='word_1_474' title='bbox 2518 1077 2774 1126; x_wconf 87' lang='lat' dir='ltr'><strong><em>montem</em></strong></span> <span class='ocrx_word' id='word_1_475' title='bbox 2825 1072 3174 1143; x_wconf 86' lang='lat' dir='ltr'><strong><em>Garganum,</em></strong></span> <span class='ocrx_word' id='word_1_476' title='bbox 3227 1072 3288 1125; x_wconf 91' lang='lat' dir='ltr'><strong><em>in</em></strong></span> <span class='ocrx_word' id='word_1_477' title='bbox 3343 1072 3506 1142; x_wconf 87' lang='lat' dir='ltr'><strong><em>cujus</em></strong></span> <span class='ocrx_word' id='word_1_478' title='bbox 3533 1072 3824 1144; x_wconf 78' lang='lat' dir='ltr'><strong><em>crepidine</em></strong></span> 
     </span>
    </p>
   </div>
   <div class='ocr_carea' id='block_1_67' title="bbox 2117 1160 3824 1232">
    <p class='ocr_par' dir='ltr' id='par_1_67' title="bbox 2117 1160 3824 1232">
     <span class='ocr_line' id='line_1_67' title="bbox 2117 1160 3824 1232; baseline -0.002 -14"><span class='ocrx_word' id='word_1_479' title='bbox 2117 1165 2222 1218; x_wconf 91' lang='lat' dir='ltr'><strong><em>sita</em></strong></span> <span class='ocrx_word' id='word_1_480' title='bbox 2253 1168 2338 1218; x_wconf 89' lang='lat' dir='ltr'><strong><em>est</em></strong></span> <span class='ocrx_word' id='word_1_481' title='bbox 2355 1161 2551 1216; x_wconf 90' lang='lat' dir='ltr'><strong><em>civitas</em></strong></span> <span class='ocrx_word' id='word_1_482' title='bbox 2578 1166 2634 1215; x_wconf 93' lang='lat' dir='ltr'><strong><em>et</em></strong></span> <span class='ocrx_word' id='word_1_483' title='bbox 2663 1160 2722 1214; x_wconf 90' lang='lat' dir='ltr'><strong><em>in</em></strong></span> <span class='ocrx_word' id='word_1_484' title='bbox 2771 1160 2948 1214; x_wconf 89' lang='lat' dir='ltr'><strong><em>latine</em></strong></span> <span class='ocrx_word' id='word_1_485' title='bbox 3008 1160 3217 1214; x_wconf 90' lang='lat' dir='ltr'><strong><em>montis</em></strong></span> <span class='ocrx_word' id='word_1_486' title='bbox 3277 1161 3339 1214; x_wconf 91' lang='lat' dir='ltr'><strong><em>in</em></strong></span> <span class='ocrx_word' id='word_1_487' title='bbox 3396 1177 3536 1232; x_wconf 89' lang='lat' dir='ltr'><strong><em>rupe</em></strong></span> <span class='ocrx_word' id='word_1_488' title='bbox 3577 1177 3824 1215; x_wconf 88' lang='lat' dir='ltr'><strong><em>concava</em></strong></span> 
     </span>
    </p>
   </div>
   <div class='ocr_carea' id='block_1_68' title="bbox 2118 1248 3827 1321">
    <p class='ocr_par' dir='ltr' id='par_1_68' title="bbox 2118 1248 3827 1321">
     <span class='ocr_line' id='line_1_68' title="bbox 2118 1248 3827 1321; baseline -0.001 -15"><span class='ocrx_word' id='word_1_489' title='bbox 2118 1256 2271 1306; x_wconf 84' lang='lat' dir='ltr'><strong><em>extat</em></strong></span> <span class='ocrx_word' id='word_1_490' title='bbox 2298 1250 2530 1305; x_wconf 89' lang='lat' dir='ltr'><strong><em>basilica</em></strong></span> <span class='ocrx_word' id='word_1_491' title='bbox 2558 1266 2678 1304; x_wconf 92' lang='lat' dir='ltr'><strong><em>non</em></strong></span> <span class='ocrx_word' id='word_1_492' title='bbox 2709 1249 2778 1303; x_wconf 88' lang='lat' dir='ltr'><strong><em>ab</em></strong></span> <span class='ocrx_word' id='word_1_493' title='bbox 2806 1248 3137 1303; x_wconf 91' lang='lat' dir='ltr'><strong><em>hominibns</em></strong></span> <span class='ocrx_word' id='word_1_494' title='bbox 3177 1249 3471 1315; x_wconf 85' lang='lat' dir='ltr'><strong><em>fabricata,</em></strong></span> <span class='ocrx_word' id='word_1_495' title='bbox 3502 1265 3688 1320; x_wconf 89' lang='lat' dir='ltr'><strong><em>neque</em></strong></span> <span class='ocrx_word' id='word_1_496' title='bbox 3721 1267 3827 1321; x_wconf 89' lang='lat' dir='ltr'><strong><em>per</em></strong></span> 
     </span>
    </p>
   </div>
   <div class='ocr_carea' id='block_1_69' title="bbox 2119 1337 3826 1407">
    <p class='ocr_par' dir='ltr' id='par_1_69' title="bbox 2119 1337 3826 1407">
     <span class='ocr_line' id='line_1_69' title="bbox 2119 1337 3826 1407; baseline -0.002 -12"><span class='ocrx_word' id='word_1_497' title='bbox 2119 1340 2414 1396; x_wconf 89' lang='lat' dir='ltr'><strong><em>hominem</em></strong></span> <span class='ocrx_word' id='word_1_498' title='bbox 2437 1338 2715 1406; x_wconf 90' lang='lat' dir='ltr'><strong><em>dedicata,</em></strong></span> <span class='ocrx_word' id='word_1_499' title='bbox 2747 1339 2844 1392; x_wconf 89' lang='lat' dir='ltr'><strong><em>sed</em></strong></span> <span class='ocrx_word' id='word_1_500' title='bbox 2871 1337 3205 1407; x_wconf 88' lang='lat' dir='ltr'><strong><em>operatione</em></strong></span> <span class='ocrx_word' id='word_1_501' title='bbox 3229 1337 3423 1392; x_wconf 88' lang='lat' dir='ltr'><strong><em>divina</em></strong></span> <span class='ocrx_word' id='word_1_502' title='bbox 3477 1338 3565 1391; x_wconf 93' lang='lat' dir='ltr'><strong><em>vel</em></strong></span> <span class='ocrx_word' id='word_1_503' title='bbox 3617 1338 3826 1392; x_wconf 88' lang='lat' dir='ltr'><strong><em>virtute</em></strong></span> 
     </span>
    </p>
   </div>
   <div class='ocr_carea' id='block_1_70' title="bbox 2120 1425 3824 1492">
    <p class='ocr_par' dir='ltr' id='par_1_70' title="bbox 2120 1425 3824 1492">
     <span class='ocr_line' id='line_1_70' title="bbox 2120 1425 3824 1492; baseline -0.002 -9"><span class='ocrx_word' id='word_1_504' title='bbox 2120 1428 2462 1484; x_wconf 90' lang='lat' dir='ltr'><strong><em>mirabiliter</em></strong></span> <span class='ocrx_word' id='word_1_505' title='bbox 2509 1429 2781 1492; x_wconf 87' lang='lat' dir='ltr'><strong><em>extructa,</em></strong></span> <span class='ocrx_word' id='word_1_506' title='bbox 2815 1425 3009 1480; x_wconf 90' lang='lat' dir='ltr'><strong><em>divina</em></strong></span> <span class='ocrx_word' id='word_1_507' title='bbox 3066 1425 3239 1479; x_wconf 91' lang='lat' dir='ltr'><strong><em>etiam</em></strong></span> <span class='ocrx_word' id='word_1_508' title='bbox 3286 1425 3682 1480; x_wconf 88' lang='lat' dir='ltr'><strong><em>benedictione</em></strong></span> <span class='ocrx_word' id='word_1_509' title='bbox 3729 1442 3824 1480; x_wconf 86' lang='lat' dir='ltr'><strong><em>ve-</em></strong></span> 
     </span>
    </p>
   </div>
   <div class='ocr_carea' id='block_1_71' title="bbox 2120 1513 3832 1585">
    <p class='ocr_par' dir='ltr' id='par_1_71' title="bbox 2120 1513 3832 1585">
     <span class='ocr_line' id='line_1_71' title="bbox 2120 1513 3832 1585; baseline -0.002 -13"><span class='ocrx_word' id='word_1_510' title='bbox 2120 1517 2449 1572; x_wconf 88' lang='lat' dir='ltr'><strong><em>nerabiliter</em></strong></span> <span class='ocrx_word' id='word_1_511' title='bbox 2503 1521 2847 1570; x_wconf 88' lang='lat' dir='ltr'><strong><em>consecrata.</em></strong></span> <span class='ocrx_word' id='word_1_512' title='bbox 2884 1515 3062 1585; x_wconf 85' lang='lat' dir='ltr'><strong><em>Hujus</em></strong></span> <span class='ocrx_word' id='word_1_513' title='bbox 3092 1513 3323 1568; x_wconf 86' lang='lat' dir='ltr'><strong><em>basilice</em></strong></span> <span class='ocrx_word' id='word_1_514' title='bbox 3360 1518 3634 1584; x_wconf 87' lang='lat' dir='ltr'><strong><em>patronus</em></strong></span> <span class='ocrx_word' id='word_1_515' title='bbox 3673 1518 3832 1568; x_wconf 86' lang='lat' dir='ltr'><strong><em>extat</em></strong></span> 
     </span>
    </p>
   </div>
   <div class='ocr_carea' id='block_1_72' title="bbox 2121 1602 3832 1675">
    <p class='ocr_par' dir='ltr' id='par_1_72' title="bbox 2121 1602 3832 1675">
     <span class='ocr_line' id='line_1_72' title="bbox 2121 1602 3832 1675; baseline -0.003 -14"><span class='ocrx_word' id='word_1_516' title='bbox 2121 1606 2354 1662; x_wconf 88' lang='lat' dir='ltr'><strong><em>Michael</em></strong></span> <span class='ocrx_word' id='word_1_517' title='bbox 2384 1603 2778 1675; x_wconf 87' lang='lat' dir='ltr'><strong><em>archangelus.</em></strong></span> <span class='ocrx_word' id='word_1_518' title='bbox 2828 1604 2892 1657; x_wconf 90' lang='lat' dir='ltr'><strong><em>In</em></strong></span> <span class='ocrx_word' id='word_1_519' title='bbox 2947 1603 3052 1656; x_wconf 92' lang='lat' dir='ltr'><strong><em>hac</em></strong></span> <span class='ocrx_word' id='word_1_520' title='bbox 3079 1602 3250 1656; x_wconf 90' lang='lat' dir='ltr'><strong><em>etiam</em></strong></span> <span class='ocrx_word' id='word_1_521' title='bbox 3309 1603 3545 1656; x_wconf 87' lang='lat' dir='ltr'><strong><em>ecclesia</em></strong></span> <span class='ocrx_word' id='word_1_522' title='bbox 3573 1602 3832 1673; x_wconf 90' lang='lat' dir='ltr'><strong><em>qualibet</em></strong></span> 
     </span>
    </p>
   </div>
   <div class='ocr_carea' id='block_1_73' title="bbox 2123 1689 3834 1762">
    <p class='ocr_par' dir='ltr' id='par_1_73' title="bbox 2123 1689 3834 1762">
     <span class='ocr_line' id='line_1_73' title="bbox 2123 1689 3834 1762; baseline -0.002 -13"><span class='ocrx_word' id='word_1_523' title='bbox 2123 1693 2442 1750; x_wconf 89' lang='lat' dir='ltr'><strong><em>ebdomada</em></strong></span> <span class='ocrx_word' id='word_1_524' title='bbox 2475 1699 2674 1746; x_wconf 88' lang='lat' dir='ltr'><strong><em>cantus</em></strong></span> <span class='ocrx_word' id='word_1_525' title='bbox 2728 1691 3020 1762; x_wconf 89' lang='lat' dir='ltr'><strong><em>angelicus</em></strong></span> <span class='ocrx_word' id='word_1_526' title='bbox 3069 1691 3141 1745; x_wconf 87' lang='lat' dir='ltr'><strong><em>ab</em></strong></span> <span class='ocrx_word' id='word_1_527' title='bbox 3191 1689 3284 1745; x_wconf 91' lang='lat' dir='ltr'><strong><em>his</em></strong></span> <span class='ocrx_word' id='word_1_528' title='bbox 3343 1691 3444 1762; x_wconf 89' lang='lat' dir='ltr'><strong><em>qui</em></strong></span> <span class='ocrx_word' id='word_1_529' title='bbox 3503 1690 3666 1762; x_wconf 89' lang='lat' dir='ltr'><strong><em>digni</em></strong></span> <span class='ocrx_word' id='word_1_530' title='bbox 3695 1695 3834 1745; x_wconf 89' lang='lat' dir='ltr'><strong><em>sunt</em></strong></span> 
     </span>
    </p>
   </div>
   <div class='ocr_carea' id='block_1_74' title="bbox 2121 1779 3833 1852">
    <p class='ocr_par' dir='ltr' id='par_1_74' title="bbox 2121 1779 3833 1852">
     <span class='ocr_line' id='line_1_74' title="bbox 2121 1779 3833 1852; baseline -0.004 -14"><span class='ocrx_word' id='word_1_531' title='bbox 2121 1783 2309 1838; x_wconf 90' lang='lat' dir='ltr'><strong><em>audiri</em></strong></span> <span class='ocrx_word' id='word_1_532' title='bbox 2347 1781 2702 1852; x_wconf 88' lang='lat' dir='ltr'><strong><em>perhibetur.</em></strong></span> <span class='ocrx_word' id='word_1_533' title='bbox 2752 1782 2907 1835; x_wconf 86' lang='lat' dir='ltr'><strong><em>Hanc</em></strong></span> <span class='ocrx_word' id='word_1_534' title='bbox 2956 1781 3148 1850; x_wconf 85' lang='lat' dir='ltr'><strong><em>itaque</em></strong></span> <span class='ocrx_word' id='word_1_535' title='bbox 3196 1779 3488 1834; x_wconf 86' lang='lat' dir='ltr'><strong><em>basilicam</em></strong></span> <span class='ocrx_word' id='word_1_536' title='bbox 3550 1779 3833 1833; x_wconf 88' lang='lat' dir='ltr'><strong><em>orationis</em></strong></span> 
     </span>
    </p>
   </div>
   <div class='ocr_carea' id='block_1_75' title="bbox 2119 1867 3834 1925">
    <p class='ocr_par' dir='ltr' id='par_1_75' title="bbox 2119 1867 3834 1925">
     <span class='ocr_line' id='line_1_75' title="bbox 2119 1867 3834 1925; baseline -0.002 -1"><span class='ocrx_word' id='word_1_537' title='bbox 2119 1886 2287 1925; x_wconf 89' lang='lat' dir='ltr'><strong><em>causa</em></strong></span> <span class='ocrx_word' id='word_1_538' title='bbox 2317 1886 2447 1924; x_wconf 92' lang='lat' dir='ltr'><strong><em>cum</em></strong></span> <span class='ocrx_word' id='word_1_539' title='bbox 2476 1869 2676 1923; x_wconf 89' lang='lat' dir='ltr'><strong><em>ceteris</em></strong></span> <span class='ocrx_word' id='word_1_540' title='bbox 2706 1868 2913 1924; x_wconf 87' lang='lat' dir='ltr'><strong><em>Christi</em></strong></span> <span class='ocrx_word' id='word_1_541' title='bbox 2955 1868 3220 1922; x_wconf 82' lang='lat' dir='ltr'><strong><em>ﬁdelibus</em></strong></span> <span class='ocrx_word' id='word_1_542' title='bbox 3289 1867 3374 1920; x_wconf 90' lang='lat' dir='ltr'><strong><em>vir</em></strong></span> <span class='ocrx_word' id='word_1_543' title='bbox 3418 1869 3532 1922; x_wconf 89' lang='lat' dir='ltr'><strong><em>Deo</em></strong></span> <span class='ocrx_word' id='word_1_544' title='bbox 3585 1867 3834 1922; x_wconf 87' lang='lat' dir='ltr'><strong><em>devotus</em></strong></span> 
     </span>
    </p>
   </div>
   <div class='ocr_carea' id='block_1_76' title="bbox 2119 1956 3833 2029">
    <p class='ocr_par' dir='ltr' id='par_1_76' title="bbox 2119 1956 3833 2029">
     <span class='ocr_line' id='line_1_76' title="bbox 2119 1956 3833 2029; baseline -0.004 -14"><span class='ocrx_word' id='word_1_545' title='bbox 2119 1965 2204 2016; x_wconf 86' lang='lat' dir='ltr'><strong><em>est</em></strong></span> <span class='ocrx_word' id='word_1_546' title='bbox 2235 1960 2544 2029; x_wconf 88' lang='lat' dir='ltr'><strong><em>ingressus.</em></strong></span> <span class='ocrx_word' id='word_1_547' title='bbox 2581 1959 2838 2028; x_wconf 88' lang='lat' dir='ltr'><strong><em>Cumque</em></strong></span> <span class='ocrx_word' id='word_1_548' title='bbox 2865 1957 3062 2011; x_wconf 90' lang='lat' dir='ltr'><strong><em>laudes</em></strong></span> <span class='ocrx_word' id='word_1_549' title='bbox 3091 1957 3312 2011; x_wconf 89' lang='lat' dir='ltr'><strong><em>divinas</em></strong></span> <span class='ocrx_word' id='word_1_550' title='bbox 3345 1956 3488 2010; x_wconf 89' lang='lat' dir='ltr'><strong><em>inibi</em></strong></span> <span class='ocrx_word' id='word_1_551' title='bbox 3539 1956 3833 2010; x_wconf 89' lang='lat' dir='ltr'><strong><em>celebras—</em></strong></span> 
     </span>
    </p>
   </div>
   <div class='ocr_carea' id='block_1_77' title="bbox 2119 2044 3832 2117">
    <p class='ocr_par' dir='ltr' id='par_1_77' title="bbox 2119 2044 3832 2117">
     <span class='ocr_line' id='line_1_77' title="bbox 2119 2044 3832 2117; baseline -0.004 -14"><span class='ocrx_word' id='word_1_552' title='bbox 2119 2054 2246 2103; x_wconf 89' lang='lat' dir='ltr'><strong><em>sent</em></strong></span> <span class='ocrx_word' id='word_1_553' title='bbox 2277 2053 2329 2102; x_wconf 89' lang='lat' dir='ltr'><strong><em>et</em></strong></span> <span class='ocrx_word' id='word_1_554' title='bbox 2379 2050 2506 2102; x_wconf 89' lang='lat' dir='ltr'><strong><em>vota</em></strong></span> <span class='ocrx_word' id='word_1_555' title='bbox 2555 2063 2792 2117; x_wconf 88' lang='lat' dir='ltr'><strong><em>precum</em></strong></span> <span class='ocrx_word' id='word_1_556' title='bbox 2841 2061 3075 2099; x_wconf 91' lang='lat' dir='ltr'><strong><em>suarum</em></strong></span> <span class='ocrx_word' id='word_1_557' title='bbox 3131 2061 3261 2100; x_wconf 90' lang='lat' dir='ltr'><strong><em>cum</em></strong></span> <span class='ocrx_word' id='word_1_558' title='bbox 3303 2045 3483 2098; x_wconf 90' lang='lat' dir='ltr'><strong><em>multa</em></strong></span> <span class='ocrx_word' id='word_1_559' title='bbox 3522 2044 3832 2098; x_wconf 84' lang='lat' dir='ltr'><strong><em>devotione</em></strong></span> 
     </span>
    </p>
   </div>
   <div class='ocr_carea' id='block_1_78' title="bbox 2121 2133 3834 2204">
    <p class='ocr_par' dir='ltr' id='par_1_78' title="bbox 2121 2133 3834 2204">
     <span class='ocr_line' id='line_1_78' title="bbox 2121 2133 3834 2204; baseline -0.004 -12"><span class='ocrx_word' id='word_1_560' title='bbox 2121 2139 2234 2192; x_wconf 90' lang='lat' dir='ltr'><strong><em>Deo</em></strong></span> <span class='ocrx_word' id='word_1_561' title='bbox 2262 2135 2657 2197; x_wconf 87' lang='lat' dir='ltr'><strong><em>reddidissent,</em></strong></span> <span class='ocrx_word' id='word_1_562' title='bbox 2722 2139 2949 2204; x_wconf 88' lang='lat' dir='ltr'><strong><em>tempus</em></strong></span> <span class='ocrx_word' id='word_1_563' title='bbox 2989 2135 3112 2203; x_wconf 89' lang='lat' dir='ltr'><strong><em>jam</em></strong></span> <span class='ocrx_word' id='word_1_564' title='bbox 3171 2133 3391 2197; x_wconf 89' lang='lat' dir='ltr'><strong><em>aderat,</em></strong></span> <span class='ocrx_word' id='word_1_565' title='bbox 3439 2150 3551 2204; x_wconf 92' lang='lat' dir='ltr'><strong><em>quo</em></strong></span> <span class='ocrx_word' id='word_1_566' title='bbox 3603 2133 3834 2186; x_wconf 87' lang='lat' dir='ltr'><strong><em>celestis</em></strong></span> 
     </span>
    </p>
   </div>
   <div class='ocr_carea' id='block_1_79' title="bbox 2121 2221 3832 2294">
    <p class='ocr_par' dir='ltr' id='par_1_79' title="bbox 2121 2221 3832 2294">
     <span class='ocr_line' id='line_1_79' title="bbox 2121 2221 3832 2294; baseline -0.004 -14"><span class='ocrx_word' id='word_1_567' title='bbox 2121 2225 2397 2281; x_wconf 86' lang='lat' dir='ltr'><strong><em>exercitus</em></strong></span> <span class='ocrx_word' id='word_1_568' title='bbox 2428 2224 2498 2278; x_wconf 92' lang='lat' dir='ltr'><strong><em>ad</em></strong></span> <span class='ocrx_word' id='word_1_569' title='bbox 2535 2223 2728 2278; x_wconf 89' lang='lat' dir='ltr'><strong><em>laudes</em></strong></span> <span class='ocrx_word' id='word_1_570' title='bbox 2762 2225 2876 2278; x_wconf 91' lang='lat' dir='ltr'><strong><em>Deo</em></strong></span> <span class='ocrx_word' id='word_1_571' title='bbox 2935 2223 3338 2294; x_wconf 86' lang='lat' dir='ltr'><strong><em>persolvendas</em></strong></span> <span class='ocrx_word' id='word_1_572' title='bbox 3390 2222 3669 2292; x_wconf 89' lang='lat' dir='ltr'><strong><em>templum</em></strong></span> <span class='ocrx_word' id='word_1_573' title='bbox 3722 2221 3832 2275; x_wconf 93' lang='lat' dir='ltr'><strong><em>hoc</em></strong></span> 
     </span>
    </p>
   </div>
   <div class='ocr_carea' id='block_1_80' title="bbox 2121 2311 3833 2382">
    <p class='ocr_par' dir='ltr' id='par_1_80' title="bbox 2121 2311 3833 2382">
     <span class='ocr_line' id='line_1_80' title="bbox 2121 2311 3833 2382; baseline -0.002 -14"><span class='ocrx_word' id='word_1_574' title='bbox 2121 2330 2344 2368; x_wconf 90' lang='lat' dir='ltr'><strong><em>sacrum</em></strong></span> <span class='ocrx_word' id='word_1_575' title='bbox 2364 2314 2552 2367; x_wconf 86' lang='lat' dir='ltr'><strong><em>fuerat</em></strong></span> <span class='ocrx_word' id='word_1_576' title='bbox 2580 2311 2960 2382; x_wconf 89' lang='lat' dir='ltr'><strong><em>ingressurus.</em></strong></span> <span class='ocrx_word' id='word_1_577' title='bbox 3001 2313 3196 2381; x_wconf 89' lang='lat' dir='ltr'><strong><em>Itaque</em></strong></span> <span class='ocrx_word' id='word_1_578' title='bbox 3253 2327 3383 2365; x_wconf 91' lang='lat' dir='ltr'><strong><em>cum</em></strong></span> <span class='ocrx_word' id='word_1_579' title='bbox 3427 2327 3626 2364; x_wconf 90' lang='lat' dir='ltr'><strong><em>omnes</em></strong></span> <span class='ocrx_word' id='word_1_580' title='bbox 3656 2325 3833 2380; x_wconf 88' lang='lat' dir='ltr'><strong><em>egre-</em></strong></span> 
     </span>
    </p>
   </div>
   <div class='ocr_carea' id='block_1_81' title="bbox 2123 2398 3832 2470">
    <p class='ocr_par' dir='ltr' id='par_1_81' title="bbox 2123 2398 3832 2470">
     <span class='ocr_line' id='line_1_81' title="bbox 2123 2398 3832 2470; baseline -0.004 -13"><span class='ocrx_word' id='word_1_581' title='bbox 2123 2403 2415 2470; x_wconf 88' lang='lat' dir='ltr'><strong><em>derentur,</em></strong></span> <span class='ocrx_word' id='word_1_582' title='bbox 2447 2405 2502 2455; x_wconf 89' lang='lat' dir='ltr'><strong><em>et</em></strong></span> <span class='ocrx_word' id='word_1_583' title='bbox 2531 2400 2578 2454; x_wconf 87' lang='lat' dir='ltr'><strong><em>si</em></strong></span> <span class='ocrx_word' id='word_1_584' title='bbox 2607 2399 2707 2470; x_wconf 91' lang='lat' dir='ltr'><strong><em>qui</em></strong></span> <span class='ocrx_word' id='word_1_585' title='bbox 2738 2416 2958 2453; x_wconf 88' lang='lat' dir='ltr'><strong><em>moram</em></strong></span> <span class='ocrx_word' id='word_1_586' title='bbox 3005 2399 3276 2466; x_wconf 90' lang='lat' dir='ltr'><strong><em>facerent,</em></strong></span> <span class='ocrx_word' id='word_1_587' title='bbox 3323 2399 3476 2453; x_wconf 91' lang='lat' dir='ltr'><strong><em>exire</em></strong></span> <span class='ocrx_word' id='word_1_588' title='bbox 3515 2398 3832 2468; x_wconf 86' lang='lat' dir='ltr'><strong><em>compelle-</em></strong></span> 
     </span>
    </p>
   </div>
   <div class='ocr_carea' id='block_1_82' title="bbox 2123 2481 3835 2559">
    <p class='ocr_par' dir='ltr' id='par_1_82' title="bbox 2123 2481 3835 2559">
     <span class='ocr_line' id='line_1_82' title="bbox 2123 2481 3835 2559; baseline -0.004 -14"><span class='ocrx_word' id='word_1_589' title='bbox 2123 2497 2343 2559; x_wconf 88' lang='lat' dir='ltr'><strong><em>rentur,</em></strong></span> <span class='ocrx_word' id='word_1_590' title='bbox 2382 2490 2470 2543; x_wconf 87' lang='lat' dir='ltr'><strong><em>vir</em></strong></span> <span class='ocrx_word' id='word_1_591' title='bbox 2525 2494 2752 2542; x_wconf 91' lang='lat' dir='ltr'><strong><em>sanctus</em></strong></span> <span class='ocrx_word' id='word_1_592' title='bbox 2801 2488 3126 2558; x_wconf 88' lang='lat' dir='ltr'><strong><em>postulabat</em></strong></span> <span class='ocrx_word' id='word_1_593' title='bbox 3178 2495 3244 2542; x_wconf 93' lang='lat' dir='ltr'><strong><em>ut</em></strong></span> <span class='ocrx_word' id='word_1_594' title='bbox 3292 2487 3346 2540; x_wconf 90' lang='lat' dir='ltr'><strong><em>ei</em></strong></span> <span class='ocrx_word' id='word_1_595' title='bbox 3395 2487 3633 2541; x_wconf 82' lang='lat' dir='ltr'><strong><em>facultas</em></strong></span> <span class='ocrx_word' id='word_1_596' title='bbox 3673 2481 3835 2540; x_wconf 86' lang='lat' dir='ltr'><strong><em>intus</em></strong></span> 
     </span>
    </p>
   </div>
   <div class='ocr_carea' id='block_1_83' title="bbox 2124 2574 3834 2645">
    <p class='ocr_par' dir='ltr' id='par_1_83' title="bbox 2124 2574 3834 2645">
     <span class='ocr_line' id='line_1_83' title="bbox 2124 2574 3834 2645; baseline -0.004 -11"><span class='ocrx_word' id='word_1_597' title='bbox 2124 2579 2457 2635; x_wconf 89' lang='lat' dir='ltr'><strong><em>remanendi</em></strong></span> <span class='ocrx_word' id='word_1_598' title='bbox 2511 2577 2936 2631; x_wconf 89' lang='lat' dir='ltr'><strong><em>concederetur.</em></strong></span> <span class='ocrx_word' id='word_1_599' title='bbox 2992 2574 3177 2644; x_wconf 88' lang='lat' dir='ltr'><strong><em>Igitur</em></strong></span> <span class='ocrx_word' id='word_1_600' title='bbox 3244 2575 3511 2630; x_wconf 90' lang='lat' dir='ltr'><strong><em>omnibus</em></strong></span> <span class='ocrx_word' id='word_1_601' title='bbox 3565 2574 3834 2645; x_wconf 86' lang='lat' dir='ltr'><strong><em>egressis,</em></strong></span> 
     </span>
    </p>
   </div>
   <div class='ocr_carea' id='block_1_84' title="bbox 2124 2663 3837 2737">
    <p class='ocr_par' dir='ltr' id='par_1_84' title="bbox 2124 2663 3837 2737">
     <span class='ocr_line' id='line_1_84' title="bbox 2124 2663 3837 2737; baseline -0.005 -14"><span class='ocrx_word' id='word_1_602' title='bbox 2124 2669 2276 2723; x_wconf 90' lang='lat' dir='ltr'><strong><em>solus</em></strong></span> <span class='ocrx_word' id='word_1_603' title='bbox 2299 2667 2444 2737; x_wconf 86' lang='lat' dir='ltr'><strong><em>ipse,</em></strong></span> <span class='ocrx_word' id='word_1_604' title='bbox 2475 2681 2709 2736; x_wconf 86' lang='lat' dir='ltr'><strong><em>sperans</em></strong></span> <span class='ocrx_word' id='word_1_605' title='bbox 2742 2664 2800 2718; x_wconf 90' lang='lat' dir='ltr'><strong><em>in</em></strong></span> <span class='ocrx_word' id='word_1_606' title='bbox 2831 2663 3224 2718; x_wconf 88' lang='lat' dir='ltr'><strong><em>misericordia</em></strong></span> <span class='ocrx_word' id='word_1_607' title='bbox 3284 2663 3405 2729; x_wconf 91' lang='lat' dir='ltr'><strong><em>Dei,</em></strong></span> <span class='ocrx_word' id='word_1_608' title='bbox 3457 2663 3600 2718; x_wconf 90' lang='lat' dir='ltr'><strong><em>inibi</em></strong></span> <span class='ocrx_word' id='word_1_609' title='bbox 3644 2679 3837 2717; x_wconf 88' lang='lat' dir='ltr'><strong><em>rema-</em></strong></span> 
     </span>
    </p>
   </div>
   <div class='ocr_carea' id='block_1_85' title="bbox 2126 2751 3838 2826">
    <p class='ocr_par' dir='ltr' id='par_1_85' title="bbox 2126 2751 3838 2826">
     <span class='ocr_line' id='line_1_85' title="bbox 2126 2751 3838 2826; baseline -0.003 -16"><span class='ocrx_word' id='word_1_610' title='bbox 2126 2771 2262 2810; x_wconf 88' lang='lat' dir='ltr'><strong><em>nere</em></strong></span> <span class='ocrx_word' id='word_1_611' title='bbox 2289 2753 2660 2826; x_wconf 87' lang='lat' dir='ltr'><strong><em>presumpsit,</em></strong></span> <span class='ocrx_word' id='word_1_612' title='bbox 2707 2756 2763 2806; x_wconf 90' lang='lat' dir='ltr'><strong><em>et</em></strong></span> <span class='ocrx_word' id='word_1_613' title='bbox 2821 2767 3016 2822; x_wconf 88' lang='lat' dir='ltr'><strong><em>preces</em></strong></span> <span class='ocrx_word' id='word_1_614' title='bbox 3069 2751 3332 2822; x_wconf 87' lang='lat' dir='ltr'><strong><em>precibus</em></strong></span> <span class='ocrx_word' id='word_1_615' title='bbox 3392 2751 3747 2805; x_wconf 87' lang='lat' dir='ltr'><strong><em>continuavit</em></strong></span> <span class='ocrx_word' id='word_1_616' title='bbox 3778 2755 3838 2805; x_wconf 89' lang='lat' dir='ltr'><strong><em>et</em></strong></span> 
     </span>
    </p>
   </div>
   <div class='ocr_carea' id='block_1_86' title="bbox 2125 2839 3838 2914">
    <p class='ocr_par' dir='ltr' id='par_1_86' title="bbox 2125 2839 3838 2914">
     <span class='ocr_line' id='line_1_86' title="bbox 2125 2839 3838 2914; baseline -0.002 -17"><span class='ocrx_word' id='word_1_617' title='bbox 2125 2859 2380 2914; x_wconf 89' lang='lat' dir='ltr'><strong><em>genuum</em></strong></span> <span class='ocrx_word' id='word_1_618' title='bbox 2421 2841 2694 2896; x_wconf 87' lang='lat' dir='ltr'><strong><em>ﬂexiones</em></strong></span> <span class='ocrx_word' id='word_1_619' title='bbox 2735 2839 2980 2909; x_wconf 86' lang='lat' dir='ltr'><strong><em>iteravit,</em></strong></span> <span class='ocrx_word' id='word_1_620' title='bbox 3005 2844 3061 2893; x_wconf 92' lang='lat' dir='ltr'><strong><em>et</em></strong></span> <span class='ocrx_word' id='word_1_621' title='bbox 3117 2839 3286 2894; x_wconf 93' lang='lat' dir='ltr'><strong><em>modo</em></strong></span> <span class='ocrx_word' id='word_1_622' title='bbox 3329 2839 3524 2893; x_wconf 91' lang='lat' dir='ltr'><strong><em>multis</em></strong></span> <span class='ocrx_word' id='word_1_623' title='bbox 3580 2839 3838 2893; x_wconf 87' lang='lat' dir='ltr'><strong><em>lacrimis</em></strong></span> 
     </span>
    </p>
   </div>
   <div class='ocr_carea' id='block_1_87' title="bbox 2128 2927 3836 2995">
    <p class='ocr_par' dir='ltr' id='par_1_87' title="bbox 2128 2927 3836 2995">
     <span class='ocr_line' id='line_1_87' title="bbox 2128 2927 3836 2995; baseline -0.002 -9"><span class='ocrx_word' id='word_1_624' title='bbox 2128 2932 2319 2988; x_wconf 90' lang='lat' dir='ltr'><strong><em>divine</em></strong></span> <span class='ocrx_word' id='word_1_625' title='bbox 2349 2948 2408 2986; x_wconf 92' lang='lat' dir='ltr'><strong><em>se</em></strong></span> <span class='ocrx_word' id='word_1_626' title='bbox 2455 2930 2743 2985; x_wconf 89' lang='lat' dir='ltr'><strong><em>commisit</em></strong></span> <span class='ocrx_word' id='word_1_627' title='bbox 2787 2928 3112 2995; x_wconf 89' lang='lat' dir='ltr'><strong><em>clementie,</em></strong></span> <span class='ocrx_word' id='word_1_628' title='bbox 3163 2928 3334 2982; x_wconf 91' lang='lat' dir='ltr'><strong><em>modo</em></strong></span> <span class='ocrx_word' id='word_1_629' title='bbox 3367 2927 3618 2982; x_wconf 90' lang='lat' dir='ltr'><strong><em>animam</em></strong></span> <span class='ocrx_word' id='word_1_630' title='bbox 3667 2944 3836 2983; x_wconf 88' lang='lat' dir='ltr'><strong><em>suam</em></strong></span> 
     </span>
    </p>
   </div>
   <div class='ocr_carea' id='block_1_88' title="bbox 2123 3016 3837 3087">
    <p class='ocr_par' dir='ltr' id='par_1_88' title="bbox 2123 3016 3837 3087">
     <span class='ocr_line' id='line_1_88' title="bbox 2123 3016 3837 3087; baseline -0.002 -13"><span class='ocrx_word' id='word_1_631' title='bbox 2123 3021 2291 3074; x_wconf 90' lang='lat' dir='ltr'><strong><em>beato</em></strong></span> <span class='ocrx_word' id='word_1_632' title='bbox 2323 3019 2581 3074; x_wconf 74' lang='lat' dir='ltr'><strong><em>Michaeli</em></strong></span> <span class='ocrx_word' id='word_1_633' title='bbox 2629 3019 2973 3087; x_wconf 89' lang='lat' dir='ltr'><strong><em>archangelo</em></strong></span> <span class='ocrx_word' id='word_1_634' title='bbox 3018 3032 3151 3071; x_wconf 89' lang='lat' dir='ltr'><strong><em>cum</em></strong></span> <span class='ocrx_word' id='word_1_635' title='bbox 3190 3017 3371 3070; x_wconf 90' lang='lat' dir='ltr'><strong><em>multa</em></strong></span> <span class='ocrx_word' id='word_1_636' title='bbox 3413 3016 3837 3087; x_wconf 87' lang='lat' dir='ltr'><strong><em>supplicatione</em></strong></span> 
     </span>
    </p>
   </div>
   <div class='ocr_carea' id='block_1_89' title="bbox 2123 3105 3839 3177">
    <p class='ocr_par' dir='ltr' id='par_1_89' title="bbox 2123 3105 3839 3177">
     <span class='ocr_line' id='line_1_89' title="bbox 2123 3105 3839 3177; baseline -0.002 -15"><span class='ocrx_word' id='word_1_637' title='bbox 2123 3108 2345 3163; x_wconf 88' lang='lat' dir='ltr'><strong><em>studuit</em></strong></span> <span class='ocrx_word' id='word_1_638' title='bbox 2360 3106 2786 3161; x_wconf 89' lang='lat' dir='ltr'><strong><em>commendare.</em></strong></span> <span class='ocrx_word' id='word_1_639' title='bbox 2823 3106 2965 3160; x_wconf 91' lang='lat' dir='ltr'><strong><em>Cum</em></strong></span> <span class='ocrx_word' id='word_1_640' title='bbox 2991 3121 3137 3177; x_wconf 88' lang='lat' dir='ltr'><strong><em>pura</em></strong></span> <span class='ocrx_word' id='word_1_641' title='bbox 3161 3105 3244 3175; x_wconf 92' lang='lat' dir='ltr'><strong><em>pii</em></strong></span> <span class='ocrx_word' id='word_1_642' title='bbox 3269 3105 3422 3174; x_wconf 80' lang='lat' dir='ltr'><strong><em>regis</em></strong></span> <span class='ocrx_word' id='word_1_643' title='bbox 3473 3105 3654 3159; x_wconf 88' lang='lat' dir='ltr'><strong><em>oratio</em></strong></span> <span class='ocrx_word' id='word_1_644' title='bbox 3684 3105 3839 3159; x_wconf 89' lang='lat' dir='ltr'><strong><em>sicut</em></strong></span> 
     </span>
    </p>
   </div>
   <div class='ocr_carea' id='block_1_90' title="bbox 2122 3193 3834 3262">
    <p class='ocr_par' dir='ltr' id='par_1_90' title="bbox 2122 3193 3834 3262">
     <span class='ocr_line' id='line_1_90' title="bbox 2122 3193 3834 3262; baseline -0.002 -10"><span class='ocrx_word' id='word_1_645' title='bbox 2122 3198 2421 3252; x_wconf 90' lang='lat' dir='ltr'><strong><em>incensum</em></strong></span> <span class='ocrx_word' id='word_1_646' title='bbox 2473 3195 2804 3249; x_wconf 84' lang='lat' dir='ltr'><strong><em>ascenderet</em></strong></span> <span class='ocrx_word' id='word_1_647' title='bbox 2854 3210 3049 3248; x_wconf 92' lang='lat' dir='ltr'><strong><em>coram</em></strong></span> <span class='ocrx_word' id='word_1_648' title='bbox 3112 3193 3376 3262; x_wconf 90' lang='lat' dir='ltr'><strong><em>Domino,</em></strong></span> <span class='ocrx_word' id='word_1_649' title='bbox 3419 3195 3566 3248; x_wconf 89' lang='lat' dir='ltr'><strong><em>Deus</em></strong></span> <span class='ocrx_word' id='word_1_650' title='bbox 3630 3195 3834 3261; x_wconf 89' lang='lat' dir='ltr'><strong><em>Israel,</em></strong></span> 
     </span>
    </p>
   </div>
   <div class='ocr_carea' id='block_1_91' title="bbox 2124 3282 3836 3356">
    <p class='ocr_par' dir='ltr' id='par_1_91' title="bbox 2124 3282 3836 3356">
     <span class='ocr_line' id='line_1_91' title="bbox 2124 3282 3836 3356; baseline -0.001 -17"><span class='ocrx_word' id='word_1_651' title='bbox 2124 3284 2226 3356; x_wconf 90' lang='lat' dir='ltr'><strong><em>qui</em></strong></span> <span class='ocrx_word' id='word_1_652' title='bbox 2254 3284 2316 3338; x_wconf 91' lang='lat' dir='ltr'><strong><em>in</em></strong></span> <span class='ocrx_word' id='word_1_653' title='bbox 2346 3283 2554 3338; x_wconf 90' lang='lat' dir='ltr'><strong><em>sanctis</em></strong></span> <span class='ocrx_word' id='word_1_654' title='bbox 2583 3282 2699 3337; x_wconf 91' lang='lat' dir='ltr'><strong><em>suis</em></strong></span> <span class='ocrx_word' id='word_1_655' title='bbox 2725 3298 2951 3353; x_wconf 90' lang='lat' dir='ltr'><strong><em>semper</em></strong></span> <span class='ocrx_word' id='word_1_656' title='bbox 2975 3287 3058 3336; x_wconf 90' lang='lat' dir='ltr'><strong><em>est</em></strong></span> <span class='ocrx_word' id='word_1_657' title='bbox 3081 3282 3382 3349; x_wconf 89' lang='lat' dir='ltr'><strong><em>mirabilis,</em></strong></span> <span class='ocrx_word' id='word_1_658' title='bbox 3431 3282 3758 3337; x_wconf 87' lang='lat' dir='ltr'><strong><em>mirabilem</em></strong></span> <span class='ocrx_word' id='word_1_659' title='bbox 3778 3284 3836 3337; x_wconf 90' lang='lat' dir='ltr'><strong><em>ei</em></strong></span> 
     </span>
    </p>
   </div>
   <div class='ocr_carea' id='block_1_92' title="bbox 2125 3370 3834 3445">
    <p class='ocr_par' dir='ltr' id='par_1_92' title="bbox 2125 3370 3834 3445">
     <span class='ocr_line' id='line_1_92' title="bbox 2125 3370 3834 3445; baseline -0.001 -17"><span class='ocrx_word' id='word_1_660' title='bbox 2125 3373 2391 3445; x_wconf 90' lang='lat' dir='ltr'><strong><em>dignatus</em></strong></span> <span class='ocrx_word' id='word_1_661' title='bbox 2419 3377 2505 3427; x_wconf 91' lang='lat' dir='ltr'><strong><em>est</em></strong></span> <span class='ocrx_word' id='word_1_662' title='bbox 2535 3371 2833 3427; x_wconf 89' lang='lat' dir='ltr'><strong><em>ostendere</em></strong></span> <span class='ocrx_word' id='word_1_663' title='bbox 2865 3370 3169 3426; x_wconf 86' lang='lat' dir='ltr'><strong><em>visionem.</em></strong></span> <span class='ocrx_word' id='word_1_664' title='bbox 3204 3371 3357 3425; x_wconf 90' lang='lat' dir='ltr'><strong><em>Vidit</em></strong></span> <span class='ocrx_word' id='word_1_665' title='bbox 3395 3371 3551 3426; x_wconf 91' lang='lat' dir='ltr'><strong><em>enim</em></strong></span> <span class='ocrx_word' id='word_1_666' title='bbox 3596 3374 3834 3443; x_wconf 87' lang='lat' dir='ltr'><strong><em>angelo—</em></strong></span> 
     </span>
    </p>
   </div>
   <div class='ocr_carea' id='block_1_93' title="bbox 2125 3459 3838 3530">
    <p class='ocr_par' dir='ltr' id='par_1_93' title="bbox 2125 3459 3838 3530">
     <span class='ocr_line' id='line_1_93' title="bbox 2125 3459 3838 3530; baseline -0.002 -13"><span class='ocrx_word' id='word_1_667' title='bbox 2125 3478 2255 3517; x_wconf 91' lang='lat' dir='ltr'><strong><em>rum</em></strong></span> <span class='ocrx_word' id='word_1_668' title='bbox 2278 3461 2708 3516; x_wconf 88' lang='lat' dir='ltr'><strong><em>multitudinem</em></strong></span> <span class='ocrx_word' id='word_1_669' title='bbox 2754 3459 3045 3530; x_wconf 90' lang='lat' dir='ltr'><strong><em>copiosam</em></strong></span> <span class='ocrx_word' id='word_1_670' title='bbox 3085 3460 3155 3514; x_wconf 90' lang='lat' dir='ltr'><strong><em>ad</em></strong></span> <span class='ocrx_word' id='word_1_671' title='bbox 3188 3459 3368 3513; x_wconf 88' lang='lat' dir='ltr'><strong><em>instar</em></strong></span> <span class='ocrx_word' id='word_1_672' title='bbox 3395 3459 3532 3514; x_wconf 87' lang='lat' dir='ltr'><strong><em>solis</em></strong></span> <span class='ocrx_word' id='word_1_673' title='bbox 3585 3460 3838 3530; x_wconf 90' lang='lat' dir='ltr'><strong><em>splendi-</em></strong></span> 
     </span>
    </p>
   </div>
   <div class='ocr_carea' id='block_1_94' title="bbox 2125 3545 3836 3620">
    <p class='ocr_par' dir='ltr' id='par_1_94' title="bbox 2125 3545 3836 3620">
     <span class='ocr_line' id='line_1_94' title="bbox 2125 3545 3836 3620; baseline -0.001 -14"><span class='ocrx_word' id='word_1_674' title='bbox 2125 3552 2258 3606; x_wconf 84' lang='lat' dir='ltr'><strong><em>dam</em></strong></span> <span class='ocrx_word' id='word_1_675' title='bbox 2286 3550 2568 3620; x_wconf 90' lang='lat' dir='ltr'><strong><em>templum</em></strong></span> <span class='ocrx_word' id='word_1_676' title='bbox 2599 3545 2878 3603; x_wconf 58' lang='lat' dir='ltr'><strong><em>sanctum&#39;</em></strong></span> <span class='ocrx_word' id='word_1_677' title='bbox 2903 3549 3344 3620; x_wconf 89' lang='lat' dir='ltr'><strong><em>ingredientem,</em></strong></span> <span class='ocrx_word' id='word_1_678' title='bbox 3379 3565 3445 3602; x_wconf 84' lang='lat' dir='ltr'><strong><em>ex</em></strong></span> <span class='ocrx_word' id='word_1_679' title='bbox 3475 3548 3684 3620; x_wconf 87' lang='lat' dir='ltr'><strong><em>quibus</em></strong></span> <span class='ocrx_word' id='word_1_680' title='bbox 3715 3550 3836 3604; x_wconf 92' lang='lat' dir='ltr'><strong><em>duo</em></strong></span> 
     </span>
    </p>
   </div>
   <div class='ocr_carea' id='block_1_95' title="bbox 2125 3637 3837 3711">
    <p class='ocr_par' dir='ltr' id='par_1_95' title="bbox 2125 3637 3837 3711">
     <span class='ocr_line' id='line_1_95' title="bbox 2125 3637 3837 3711; baseline 0.001 -18"><span class='ocrx_word' id='word_1_681' title='bbox 2125 3638 2442 3711; x_wconf 89' lang='lat' dir='ltr'><strong><em>principale</em></strong></span> <span class='ocrx_word' id='word_1_682' title='bbox 2489 3638 2889 3709; x_wconf 86' lang='lat' dir='ltr'><strong><em>sollempniter</em></strong></span> <span class='ocrx_word' id='word_1_683' title='bbox 2950 3637 3310 3692; x_wconf 89' lang='lat' dir='ltr'><strong><em>adornabant</em></strong></span> <span class='ocrx_word' id='word_1_684' title='bbox 3365 3638 3562 3692; x_wconf 90' lang='lat' dir='ltr'><strong><em>altare.</em></strong></span> <span class='ocrx_word' id='word_1_685' title='bbox 3613 3637 3837 3694; x_wconf 88' lang='lat' dir='ltr'><strong><em>Deinde</em></strong></span> 
     </span>
    </p>
   </div>
   <div class='ocr_carea' id='block_1_96' title="bbox 2127 3726 3840 3783">
    <p class='ocr_par' dir='ltr' id='par_1_96' title="bbox 2127 3726 3840 3783">
     <span class='ocr_line' id='line_1_96' title="bbox 2127 3726 3840 3783; baseline -0.001 0"><span class='ocrx_word' id='word_1_686' title='bbox 2127 3727 2268 3783; x_wconf 85' lang='lat' dir='ltr'><strong><em>vidit</em></strong></span> <span class='ocrx_word' id='word_1_687' title='bbox 2299 3726 2436 3781; x_wconf 91' lang='lat' dir='ltr'><strong><em>alias</em></strong></span> <span class='ocrx_word' id='word_1_688' title='bbox 2465 3727 2759 3781; x_wconf 89' lang='lat' dir='ltr'><strong><em>celestium</em></strong></span> <span class='ocrx_word' id='word_1_689' title='bbox 2787 3727 3069 3781; x_wconf 89' lang='lat' dir='ltr'><strong><em>virtutum</em></strong></span> <span class='ocrx_word' id='word_1_690' title='bbox 3107 3727 3376 3781; x_wconf 90' lang='lat' dir='ltr'><strong><em>cohortes</em></strong></span> <span class='ocrx_word' id='word_1_691' title='bbox 3403 3728 3739 3781; x_wconf 89' lang='lat' dir='ltr'><strong><em>innumeras</em></strong></span> <span class='ocrx_word' id='word_1_692' title='bbox 3772 3727 3840 3783; x_wconf 92' lang='lat' dir='ltr'><strong><em>in</em></strong></span> 
     </span>
    </p>
   </div>
   <div class='ocr_carea' id='block_1_97' title="bbox 2129 3815 3840 3888">
    <p class='ocr_par' dir='ltr' id='par_1_97' title="bbox 2129 3815 3840 3888">
     <span class='ocr_line' id='line_1_97' title="bbox 2129 3815 3840 3888; baseline 0 -18"><span class='ocrx_word' id='word_1_693' title='bbox 2129 3815 2505 3870; x_wconf 88' lang='lat' dir='ltr'><strong><em>similitudine</em></strong></span> <span class='ocrx_word' id='word_1_694' title='bbox 2527 3815 2771 3885; x_wconf 89' lang='lat' dir='ltr'><strong><em>fulguris</em></strong></span> <span class='ocrx_word' id='word_1_695' title='bbox 2824 3815 3170 3869; x_wconf 89' lang='lat' dir='ltr'><strong><em>coruscantis</em></strong></span> <span class='ocrx_word' id='word_1_696' title='bbox 3222 3815 3510 3885; x_wconf 90' lang='lat' dir='ltr'><strong><em>fulgentes</em></strong></span> <span class='ocrx_word' id='word_1_697' title='bbox 3557 3819 3615 3869; x_wconf 91' lang='lat' dir='ltr'><strong><em>et</em></strong></span> <span class='ocrx_word' id='word_1_698' title='bbox 3667 3817 3840 3888; x_wconf 90' lang='lat' dir='ltr'><strong><em>quasi</em></strong></span> 
     </span>
    </p>
   </div>
   <div class='ocr_carea' id='block_1_98' title="bbox 2128 3903 3844 3975">
    <p class='ocr_par' dir='ltr' id='par_1_98' title="bbox 2128 3903 3844 3975">
     <span class='ocr_line' id='line_1_98' title="bbox 2128 3903 3844 3975; baseline 0.001 -18"><span class='ocrx_word' id='word_1_699' title='bbox 2128 3904 2429 3974; x_wconf 88' lang='lat' dir='ltr'><strong><em>primatem</em></strong></span> <span class='ocrx_word' id='word_1_700' title='bbox 2460 3919 2629 3957; x_wconf 90' lang='lat' dir='ltr'><strong><em>suum</em></strong></span> <span class='ocrx_word' id='word_1_701' title='bbox 2661 3920 2790 3958; x_wconf 90' lang='lat' dir='ltr'><strong><em>cum</em></strong></span> <span class='ocrx_word' id='word_1_702' title='bbox 2812 3903 2999 3975; x_wconf 89' lang='lat' dir='ltr'><strong><em>gloria</em></strong></span> <span class='ocrx_word' id='word_1_703' title='bbox 3029 3903 3274 3958; x_wconf 81' lang='lat' dir='ltr'><strong><em>maxime</em></strong></span> <span class='ocrx_word' id='word_1_704' title='bbox 3303 3903 3648 3958; x_wconf 89' lang='lat' dir='ltr'><strong><em>deducentes</em></strong></span> <span class='ocrx_word' id='word_1_705' title='bbox 3681 3923 3697 3970; x_wconf 84' lang='lat'><strong><em>-,</em></strong></span> <span class='ocrx_word' id='word_1_706' title='bbox 3732 3920 3844 3959; x_wconf 88' lang='lat' dir='ltr'><strong><em>nec</em></strong></span> 
     </span>
    </p>
   </div>
   <div class='ocr_carea' id='block_1_99' title="bbox 2131 3991 3844 4061">
    <p class='ocr_par' dir='ltr' id='par_1_99' title="bbox 2131 3991 3844 4061">
     <span class='ocr_line' id='line_1_99' title="bbox 2131 3991 3844 4061; baseline 0 -14"><span class='ocrx_word' id='word_1_707' title='bbox 2131 3992 2392 4054; x_wconf 89' lang='lat' dir='ltr'><strong><em>dubium,</em></strong></span> <span class='ocrx_word' id='word_1_708' title='bbox 2443 3991 2596 4045; x_wconf 92' lang='lat' dir='ltr'><strong><em>hunc</em></strong></span> <span class='ocrx_word' id='word_1_709' title='bbox 2651 3991 2826 4046; x_wconf 90' lang='lat' dir='ltr'><strong><em>fuisse</em></strong></span> <span class='ocrx_word' id='word_1_710' title='bbox 2887 3992 3297 4061; x_wconf 85' lang='lat' dir='ltr'><strong><em>archangelum</em></strong></span> <span class='ocrx_word' id='word_1_711' title='bbox 3354 3992 3576 4046; x_wconf 89' lang='lat' dir='ltr'><strong><em>celestis</em></strong></span> <span class='ocrx_word' id='word_1_712' title='bbox 3628 3992 3844 4048; x_wconf 82' lang='lat' dir='ltr'><strong><em>militio</em></strong></span> 
     </span>
    </p>
   </div>
   <div class='ocr_carea' id='block_1_100' title="bbox 2131 4079 3842 4152">
    <p class='ocr_par' dir='ltr' id='par_1_100' title="bbox 2131 4079 3842 4152">
     <span class='ocr_line' id='line_1_100' title="bbox 2131 4079 3842 4152; baseline 0 -16"><span class='ocrx_word' id='word_1_713' title='bbox 2131 4081 2487 4152; x_wconf 87' lang='lat' dir='ltr'><strong><em>signiferum.</em></strong></span> <span class='ocrx_word' id='word_1_714' title='bbox 2551 4079 2866 4135; x_wconf 86' lang='lat' dir='ltr'><strong><em>Novissime</em></strong></span> <span class='ocrx_word' id='word_1_715' title='bbox 2942 4097 3074 4135; x_wconf 89' lang='lat' dir='ltr'><strong><em>vero</em></strong></span> <span class='ocrx_word' id='word_1_716' title='bbox 3126 4080 3314 4135; x_wconf 89' lang='lat' dir='ltr'><strong><em>videre</em></strong></span> <span class='ocrx_word' id='word_1_717' title='bbox 3377 4080 3592 4134; x_wconf 91' lang='lat' dir='ltr'><strong><em>meruit</em></strong></span> <span class='ocrx_word' id='word_1_718' title='bbox 3642 4081 3842 4151; x_wconf 89' lang='lat' dir='ltr'><strong><em>ipsum</em></strong></span> 
     </span>
    </p>
   </div>
   <div class='ocr_carea' id='block_1_101' title="bbox 2131 4169 3842 4240">
    <p class='ocr_par' dir='ltr' id='par_1_101' title="bbox 2131 4169 3842 4240">
     <span class='ocr_line' id='line_1_101' title="bbox 2131 4169 3842 4240; baseline 0.001 -17"><span class='ocrx_word' id='word_1_719' title='bbox 2131 4186 2324 4240; x_wconf 89' lang='lat' dir='ltr'><strong><em>regem</em></strong></span> <span class='ocrx_word' id='word_1_720' title='bbox 2354 4170 2712 4239; x_wconf 88' lang='lat' dir='ltr'><strong><em>angelorum,</em></strong></span> <span class='ocrx_word' id='word_1_721' title='bbox 2757 4169 3067 4223; x_wconf 90' lang='lat' dir='ltr'><strong><em>Dominum</em></strong></span> <span class='ocrx_word' id='word_1_722' title='bbox 3127 4169 3450 4223; x_wconf 89' lang='lat' dir='ltr'><strong><em>venientem</em></strong></span> <span class='ocrx_word' id='word_1_723' title='bbox 3507 4185 3637 4223; x_wconf 92' lang='lat' dir='ltr'><strong><em>cum</em></strong></span> <span class='ocrx_word' id='word_1_724' title='bbox 3669 4176 3842 4239; x_wconf 87' lang='lat' dir='ltr'><strong><em>pote-</em></strong></span> 
     </span>
    </p>
   </div>
   <div class='ocr_carea' id='block_1_102' title="bbox 2130 4257 3844 4328">
    <p class='ocr_par' dir='ltr' id='par_1_102' title="bbox 2130 4257 3844 4328">
     <span class='ocr_line' id='line_1_102' title="bbox 2130 4257 3844 4328; baseline 0.001 -18"><span class='ocrx_word' id='word_1_725' title='bbox 2130 4263 2271 4312; x_wconf 90' lang='lat' dir='ltr'><strong><em>state</em></strong></span> <span class='ocrx_word' id='word_1_726' title='bbox 2298 4273 2504 4328; x_wconf 89' lang='lat' dir='ltr'><strong><em>magna</em></strong></span> <span class='ocrx_word' id='word_1_727' title='bbox 2533 4262 2590 4311; x_wconf 91' lang='lat' dir='ltr'><strong><em>et</em></strong></span> <span class='ocrx_word' id='word_1_728' title='bbox 2617 4257 2855 4324; x_wconf 88' lang='lat' dir='ltr'><strong><em>virtute;</em></strong></span> <span class='ocrx_word' id='word_1_729' title='bbox 2886 4257 2944 4310; x_wconf 92' lang='lat' dir='ltr'><strong><em>in</em></strong></span> <span class='ocrx_word' id='word_1_730' title='bbox 2976 4259 3138 4328; x_wconf 89' lang='lat' dir='ltr'><strong><em>cujus</em></strong></span> <span class='ocrx_word' id='word_1_731' title='bbox 3169 4257 3442 4328; x_wconf 90' lang='lat' dir='ltr'><strong><em>obsequio</em></strong></span> <span class='ocrx_word' id='word_1_732' title='bbox 3472 4257 3580 4311; x_wconf 89' lang='lat' dir='ltr'><strong><em>fuit</em></strong></span> <span class='ocrx_word' id='word_1_733' title='bbox 3607 4259 3844 4312; x_wconf 90' lang='lat' dir='ltr'><strong><em>celestis</em></strong></span> 
     </span>
    </p>
   </div>
   <div class='ocr_carea' id='block_1_103' title="bbox 2130 4345 3842 4416">
    <p class='ocr_par' dir='ltr' id='par_1_103' title="bbox 2130 4345 3842 4416">
     <span class='ocr_line' id='line_1_103' title="bbox 2130 4345 3842 4416; baseline 0 -16"><span class='ocrx_word' id='word_1_734' title='bbox 2130 4346 2405 4401; x_wconf 87' lang='lat' dir='ltr'><strong><em>exercitus</em></strong></span> <span class='ocrx_word' id='word_1_735' title='bbox 2431 4345 2868 4400; x_wconf 88' lang='lat' dir='ltr'><strong><em>innumerabilis</em></strong></span> <span class='ocrx_word' id='word_1_736' title='bbox 2904 4349 2957 4400; x_wconf 89' lang='lat' dir='ltr'><strong><em>et</em></strong></span> <span class='ocrx_word' id='word_1_737' title='bbox 2989 4345 3262 4416; x_wconf 88' lang='lat' dir='ltr'><strong><em>splendor</em></strong></span> <span class='ocrx_word' id='word_1_738' title='bbox 3291 4346 3414 4415; x_wconf 85' lang='lat' dir='ltr'><strong><em>ejus</em></strong></span> <span class='ocrx_word' id='word_1_739' title='bbox 3469 4345 3842 4416; x_wconf 89' lang='lat' dir='ltr'><strong><em>incompara-</em></strong></span> 
     </span>
    </p>
   </div>
   <div class='ocr_carea' id='block_1_104' title="bbox 2126 4433 3839 4505">
    <p class='ocr_par' dir='ltr' id='par_1_104' title="bbox 2126 4433 3839 4505">
     <span class='ocr_line' id='line_1_104' title="bbox 2126 4433 3839 4505; baseline 0 -16"><span class='ocrx_word' id='word_1_740' title='bbox 2126 4434 2275 4501; x_wconf 89' lang='lat' dir='ltr'><strong><em>bilis,</em></strong></span> <span class='ocrx_word' id='word_1_741' title='bbox 2308 4435 2469 4505; x_wconf 85' lang='lat' dir='ltr'><strong><em>cujus</em></strong></span> <span class='ocrx_word' id='word_1_742' title='bbox 2497 4435 2668 4488; x_wconf 90' lang='lat' dir='ltr'><strong><em>etiam</em></strong></span> <span class='ocrx_word' id='word_1_743' title='bbox 2700 4437 2842 4487; x_wconf 91' lang='lat' dir='ltr'><strong><em>nutu</em></strong></span> <span class='ocrx_word' id='word_1_744' title='bbox 2872 4438 3153 4504; x_wconf 89' lang='lat' dir='ltr'><strong><em>reguntur</em></strong></span> <span class='ocrx_word' id='word_1_745' title='bbox 3204 4433 3400 4487; x_wconf 89' lang='lat' dir='ltr'><strong><em>omnia</em></strong></span> <span class='ocrx_word' id='word_1_746' title='bbox 3455 4434 3687 4488; x_wconf 77' lang='lat' dir='ltr'><strong><em>celestis</em></strong></span> <span class='ocrx_word' id='word_1_747' title='bbox 3717 4441 3839 4489; x_wconf 83' lang='lat' dir='ltr'><strong><em>ter-</em></strong></span> 
     </span>
    </p>
   </div>
   <div class='ocr_carea' id='block_1_105' title="bbox 2126 4520 3844 4593">
    <p class='ocr_par' dir='ltr' id='par_1_105' title="bbox 2126 4520 3844 4593">
     <span class='ocr_line' id='line_1_105' title="bbox 2126 4520 3844 4593; baseline -0.001 -16"><span class='ocrx_word' id='word_1_748' title='bbox 2126 4523 2349 4578; x_wconf 88' lang='lat' dir='ltr'><strong><em>restria.</em></strong></span> <span class='ocrx_word' id='word_1_749' title='bbox 2388 4520 2640 4593; x_wconf 89' lang='lat' dir='ltr'><strong><em>Denique</em></strong></span> <span class='ocrx_word' id='word_1_750' title='bbox 2671 4523 2878 4576; x_wconf 89' lang='lat' dir='ltr'><strong><em>chorus</em></strong></span> <span class='ocrx_word' id='word_1_751' title='bbox 2936 4539 3082 4576; x_wconf 90' lang='lat' dir='ltr'><strong><em>novo</em></strong></span> <span class='ocrx_word' id='word_1_752' title='bbox 3139 4523 3452 4576; x_wconf 88' lang='lat' dir='ltr'><strong><em>Jerusalem</em></strong></span> <span class='ocrx_word' id='word_1_753' title='bbox 3489 4522 3549 4576; x_wconf 91' lang='lat' dir='ltr'><strong><em>in</em></strong></span> <span class='ocrx_word' id='word_1_754' title='bbox 3581 4524 3844 4592; x_wconf 78' lang='lat' dir='ltr'><strong><em>prodicta</em></strong></span> 
     </span>
    </p>
   </div>
   <div class='ocr_carea' id='block_1_106' title="bbox 2129 4610 3847 4681">
    <p class='ocr_par' dir='ltr' id='par_1_106' title="bbox 2129 4610 3847 4681">
     <span class='ocr_line' id='line_1_106' title="bbox 2129 4610 3847 4681; baseline 0 -16"><span class='ocrx_word' id='word_1_755' title='bbox 2129 4613 2396 4665; x_wconf 88' lang='lat' dir='ltr'><strong><em>collectus</em></strong></span> <span class='ocrx_word' id='word_1_756' title='bbox 2458 4611 2691 4664; x_wconf 87' lang='lat' dir='ltr'><strong><em>basilica</em></strong></span> <span class='ocrx_word' id='word_1_757' title='bbox 2754 4610 3013 4665; x_wconf 89' lang='lat' dir='ltr'><strong><em>divinum</em></strong></span> <span class='ocrx_word' id='word_1_758' title='bbox 3067 4610 3463 4681; x_wconf 87' lang='lat' dir='ltr'><strong><em>sollempniter</em></strong></span> <span class='ocrx_word' id='word_1_759' title='bbox 3524 4612 3847 4666; x_wconf 71' lang='lat' dir='ltr'><strong><em>celebravit</em></strong></span> 
     </span>
    </p>
   </div>
   <div class='ocr_carea' id='block_1_107' title="bbox 2130 4699 3886 4772">
    <p class='ocr_par' dir='ltr' id='par_1_107' title="bbox 2130 4699 3886 4772">
     <span class='ocr_line' id='line_1_107' title="bbox 2130 4699 3886 4772; baseline -0.001 -17"><span class='ocrx_word' id='word_1_760' title='bbox 2130 4701 2491 4772; x_wconf 88' lang='lat' dir='ltr'><strong><em>obsequium.</em></strong></span> <span class='ocrx_word' id='word_1_761' title='bbox 2529 4701 2651 4764; x_wconf 90' lang='lat' dir='ltr'><strong><em>Quo</em></strong></span> <span class='ocrx_word' id='word_1_762' title='bbox 2685 4700 2917 4753; x_wconf 89' lang='lat' dir='ltr'><strong><em>tandem</em></strong></span> <span class='ocrx_word' id='word_1_763' title='bbox 2945 4699 3254 4769; x_wconf 90' lang='lat' dir='ltr'><strong><em>completo,</em></strong></span> <span class='ocrx_word' id='word_1_764' title='bbox 3307 4715 3457 4752; x_wconf 91' lang='lat' dir='ltr'><strong><em>unus</em></strong></span> <span class='ocrx_word' id='word_1_765' title='bbox 3496 4715 3565 4754; x_wconf 87' lang='lat' dir='ltr'><strong><em>ex</em></strong></span> <span class='ocrx_word' id='word_1_766' title='bbox 3596 4715 3843 4770; x_wconf 80' lang='lat' dir='ltr'><strong><em>presen-</em></strong></span> <span class='ocrx_word' id='word_1_767' title='bbox 3883 4704 3886 4706; x_wconf 63' lang='grc'>⁷</span> 
     </span>
    </p>
   </div>
   <div class='ocr_carea' id='block_1_108' title="bbox 2129 4788 3850 4859">
    <p class='ocr_par' dir='ltr' id='par_1_108' title="bbox 2129 4788 3850 4859">
     <span class='ocr_line' id='line_1_108' title="bbox 2129 4788 3850 4859; baseline 0.001 -16"><span class='ocrx_word' id='word_1_768' title='bbox 2129 4790 2281 4844; x_wconf 90' lang='lat' dir='ltr'><strong><em>tibus</em></strong></span> <span class='ocrx_word' id='word_1_769' title='bbox 2312 4789 2530 4859; x_wconf 89' lang='lat' dir='ltr'><strong><em>angelis</em></strong></span> <span class='ocrx_word' id='word_1_770' title='bbox 2565 4804 2787 4842; x_wconf 86' lang='lat' dir='ltr'><strong><em>sacrum</em></strong></span> <span class='ocrx_word' id='word_1_771' title='bbox 2818 4788 3109 4858; x_wconf 90' lang='lat' dir='ltr'><strong><em>Evangelii</em></strong></span> <span class='ocrx_word' id='word_1_772' title='bbox 3134 4793 3350 4843; x_wconf 84' lang='lat' dir='ltr'><strong><em>textum</em></strong></span> <span class='ocrx_word' id='word_1_773' title='bbox 3407 4805 3540 4842; x_wconf 92' lang='lat' dir='ltr'><strong><em>cum</em></strong></span> <span class='ocrx_word' id='word_1_774' title='bbox 3587 4789 3850 4844; x_wconf 85' lang='lat' dir='ltr'><strong><em>maxima</em></strong></span> 
     </span>
    </p>
   </div>
   <div class='ocr_carea' id='block_1_109' title="bbox 2129 4876 3846 4947">
    <p class='ocr_par' dir='ltr' id='par_1_109' title="bbox 2129 4876 3846 4947">
     <span class='ocr_line' id='line_1_109' title="bbox 2129 4876 3846 4947; baseline 0.001 -15"><span class='ocrx_word' id='word_1_775' title='bbox 2129 4878 2446 4932; x_wconf 89' lang='lat' dir='ltr'><strong><em>reverentia</em></strong></span> <span class='ocrx_word' id='word_1_776' title='bbox 2481 4877 2768 4931; x_wconf 90' lang='lat' dir='ltr'><strong><em>Dominice</em></strong></span> <span class='ocrx_word' id='word_1_777' title='bbox 2793 4877 2998 4932; x_wconf 89' lang='lat' dir='ltr'><strong><em>detulit</em></strong></span> <span class='ocrx_word' id='word_1_778' title='bbox 3019 4893 3284 4947; x_wconf 89' lang='lat' dir='ltr'><strong><em>persone,</em></strong></span> <span class='ocrx_word' id='word_1_779' title='bbox 3313 4893 3424 4947; x_wconf 91' lang='lat' dir='ltr'><strong><em>que</em></strong></span> <span class='ocrx_word' id='word_1_780' title='bbox 3462 4876 3563 4931; x_wconf 90' lang='lat' dir='ltr'><strong><em>illo</em></strong></span> <span class='ocrx_word' id='word_1_781' title='bbox 3597 4879 3846 4934; x_wconf 85' lang='lat' dir='ltr'><strong><em>deoscu-</em></strong></span> 
     </span>
    </p>
   </div>
   <div class='ocr_carea' id='block_1_110' title="bbox 2130 4965 3849 5036">
    <p class='ocr_par' dir='ltr' id='par_1_110' title="bbox 2130 4965 3849 5036">
     <span class='ocr_line' id='line_1_110' title="bbox 2130 4965 3849 5036; baseline 0.001 -16"><span class='ocrx_word' id='word_1_782' title='bbox 2130 4968 2242 5020; x_wconf 89' lang='lat' dir='ltr'><strong><em>lato</em></strong></span> <span class='ocrx_word' id='word_1_783' title='bbox 2276 4966 2466 5019; x_wconf 89' lang='lat' dir='ltr'><strong><em>innuit</em></strong></span> <span class='ocrx_word' id='word_1_784' title='bbox 2494 4966 2716 5036; x_wconf 85' lang='lat' dir='ltr'><strong><em>angelo,</em></strong></span> <span class='ocrx_word' id='word_1_785' title='bbox 2739 4971 2802 5020; x_wconf 91' lang='lat' dir='ltr'><strong><em>ut</em></strong></span> <span class='ocrx_word' id='word_1_786' title='bbox 2830 4965 3096 5020; x_wconf 89' lang='lat' dir='ltr'><strong><em>eumdem</em></strong></span> <span class='ocrx_word' id='word_1_787' title='bbox 3116 4966 3561 5021; x_wconf 90' lang='lat' dir='ltr'><strong><em>deosculandum</em></strong></span> <span class='ocrx_word' id='word_1_788' title='bbox 3589 4966 3849 5022; x_wconf 87' lang='lat' dir='ltr'><strong><em>deferret</em></strong></span> 
     </span>
    </p>
   </div>
   <div class='ocr_carea' id='block_1_111' title="bbox 2131 5055 3845 5126">
    <p class='ocr_par' dir='ltr' id='par_1_111' title="bbox 2131 5055 3845 5126">
     <span class='ocr_line' id='line_1_111' title="bbox 2131 5055 3845 5126; baseline 0.001 -17"><span class='ocrx_word' id='word_1_789' title='bbox 2131 5055 2462 5126; x_wconf 90' lang='lat' dir='ltr'><strong><em>imperatori</em></strong></span> <span class='ocrx_word' id='word_1_790' title='bbox 2494 5055 2778 5123; x_wconf 85' lang='lat' dir='ltr'><strong><em>inangulo</em></strong></span> <span class='ocrx_word' id='word_1_791' title='bbox 2810 5055 3076 5110; x_wconf 89' lang='lat' dir='ltr'><strong><em>latitanti.</em></strong></span> <span class='ocrx_word' id='word_1_792' title='bbox 3131 5055 3349 5126; x_wconf 84' lang='lat' dir='ltr'><strong><em>Angelo</em></strong></span> <span class='ocrx_word' id='word_1_793' title='bbox 3377 5070 3509 5108; x_wconf 90' lang='lat' dir='ltr'><strong><em>vero</em></strong></span> <span class='ocrx_word' id='word_1_794' title='bbox 3534 5055 3696 5123; x_wconf 85' lang='lat' dir='ltr'><strong><em>juesa</em></strong></span> <span class='ocrx_word' id='word_1_795' title='bbox 3728 5057 3845 5111; x_wconf 89' lang='lat' dir='ltr'><strong><em>sibi</em></strong></span> 
     </span>
    </p>
   </div>
   <div class='ocr_carea' id='block_1_112' title="bbox 2129 5141 3843 5215">
    <p class='ocr_par' dir='ltr' id='par_1_112' title="bbox 2129 5141 3843 5215">
     <span class='ocr_line' id='line_1_112' title="bbox 2129 5141 3843 5215; baseline 0.001 -18"><span class='ocrx_word' id='word_1_796' title='bbox 2129 5144 2474 5215; x_wconf 88' lang='lat' dir='ltr'><strong><em>complente,</em></strong></span> <span class='ocrx_word' id='word_1_797' title='bbox 2518 5143 2820 5213; x_wconf 89' lang='lat' dir='ltr'><strong><em>&#39;predictus</em></strong></span> <span class='ocrx_word' id='word_1_798' title='bbox 2851 5143 3062 5198; x_wconf 89' lang='lat' dir='ltr'><strong><em>Christi</em></strong></span> <span class='ocrx_word' id='word_1_799' title='bbox 3109 5143 3358 5197; x_wconf 88' lang='lat' dir='ltr'><strong><em>famulus</em></strong></span> <span class='ocrx_word' id='word_1_800' title='bbox 3407 5143 3480 5197; x_wconf 89' lang='lat' dir='ltr'><strong><em>ad</em></strong></span> <span class='ocrx_word' id='word_1_801' title='bbox 3537 5141 3843 5200; x_wconf 87' lang='lat' dir='ltr'><strong><em>insolitam</em></strong></span> 
     </span>
    </p>
   </div>
   <div class='ocr_carea' id='block_1_113' title="bbox 2130 5231 3845 5305">
    <p class='ocr_par' dir='ltr' id='par_1_113' title="bbox 2130 5231 3845 5305">
     <span class='ocr_line' id='line_1_113' title="bbox 2130 5231 3845 5305; baseline 0.002 -19"><span class='ocrx_word' id='word_1_802' title='bbox 2130 5236 2286 5286; x_wconf 90' lang='lat' dir='ltr'><strong><em>tante</em></strong></span> <span class='ocrx_word' id='word_1_803' title='bbox 2310 5231 2621 5302; x_wconf 83' lang='lat' dir='ltr'><strong><em>majestatis</em></strong></span> <span class='ocrx_word' id='word_1_804' title='bbox 2648 5237 2706 5285; x_wconf 91' lang='lat' dir='ltr'><strong><em>et</em></strong></span> <span class='ocrx_word' id='word_1_805' title='bbox 2734 5231 2914 5301; x_wconf 90' lang='lat' dir='ltr'><strong><em>glorie</em></strong></span> <span class='ocrx_word' id='word_1_806' title='bbox 2965 5231 3245 5286; x_wconf 88' lang='lat' dir='ltr'><strong><em>visionem</em></strong></span> <span class='ocrx_word' id='word_1_807' title='bbox 3299 5231 3449 5302; x_wconf 87' lang='lat' dir='ltr'><strong><em>cepit</em></strong></span> <span class='ocrx_word' id='word_1_808' title='bbox 3504 5231 3704 5286; x_wconf 90' lang='lat' dir='ltr'><strong><em>animo</em></strong></span> <span class='ocrx_word' id='word_1_809' title='bbox 3734 5251 3845 5305; x_wconf 87' lang='lat' dir='ltr'><strong><em>pa-</em></strong></span> 
     </span>
    </p>
   </div>
   <div class='ocr_carea' id='block_1_114' title="bbox 2128 5320 3846 5392">
    <p class='ocr_par' dir='ltr' id='par_1_114' title="bbox 2128 5320 3846 5392">
     <span class='ocr_line' id='line_1_114' title="bbox 2128 5320 3846 5392; baseline 0.001 -17"><span class='ocrx_word' id='word_1_810' title='bbox 2128 5337 2353 5376; x_wconf 87' lang='lat' dir='ltr'><strong><em>vescere</em></strong></span> <span class='ocrx_word' id='word_1_811' title='bbox 2393 5327 2449 5374; x_wconf 87' lang='lat' dir='ltr'><strong><em>ct</em></strong></span> <span class='ocrx_word' id='word_1_812' title='bbox 2478 5320 2742 5375; x_wconf 90' lang='lat' dir='ltr'><strong><em>omnibus</em></strong></span> <span class='ocrx_word' id='word_1_813' title='bbox 2777 5321 3030 5375; x_wconf 89' lang='lat' dir='ltr'><strong><em>menbris</em></strong></span> <span class='ocrx_word' id='word_1_814' title='bbox 3053 5321 3512 5386; x_wconf 88' lang='lat' dir='ltr'><strong><em>contremiscere,</em></strong></span> <span class='ocrx_word' id='word_1_815' title='bbox 3535 5326 3846 5392; x_wconf 87' lang='lat' dir='ltr'><strong><em>tamquam</em></strong></span> 
     </span>
    </p>
   </div>
   <div class='ocr_carea' id='block_1_115' title="bbox 2128 5409 3850 5481">
    <p class='ocr_par' dir='ltr' id='par_1_115' title="bbox 2128 5409 3850 5481">
     <span class='ocr_line' id='line_1_115' title="bbox 2128 5409 3850 5481; baseline 0.002 -17"><span class='ocrx_word' id='word_1_816' title='bbox 2128 5409 2342 5464; x_wconf 87' lang='lat' dir='ltr'><strong><em>diceret</em></strong></span> <span class='ocrx_word' id='word_1_817' title='bbox 2374 5425 2502 5463; x_wconf 90' lang='lat' dir='ltr'><strong><em>cum</em></strong></span> <span class='ocrx_word' id='word_1_818' title='bbox 2559 5410 2838 5480; x_wconf 88' lang='lat' dir='ltr'><strong><em>propheta</em></strong></span> <span class='ocrx_word' id='word_1_819' title='bbox 2885 5409 3012 5481; x_wconf 85' lang='lat' dir='ltr'><strong><em>(Jer.</em></strong></span> <span class='ocrx_word' id='word_1_820' title='bbox 3069 5425 3227 5476; x_wconf 68' lang='grc' dir='ltr'>χχιιι,</span> <span class='ocrx_word' id='word_1_821' title='bbox 3260 5409 3312 5480; x_wconf 87' lang='grc'><strong><em>9)</em></strong></span> <span class='ocrx_word' id='word_1_822' title='bbox 3345 5427 3361 5462; x_wconf 92' lang='lat'><em>:</em></span> <span class='ocrx_word' id='word_1_823' title='bbox 3419 5410 3734 5466; x_wconf 82' lang='lat' dir='ltr'><strong><em>Contrilum</em></strong></span> <span class='ocrx_word' id='word_1_824' title='bbox 3764 5417 3850 5466; x_wconf 86' lang='lat' dir='ltr'><strong><em>est</em></strong></span> 
     </span>
    </p>
   </div>
   <div class='ocr_carea' id='block_1_116' title="bbox 396 5503 3849 5586">
    <p class='ocr_par' dir='ltr' id='par_1_116' title="bbox 396 5503 3849 5586">
     <span class='ocr_line' id='line_1_116' title="bbox 396 5503 3849 5586; baseline 0.002 -28"><span class='ocrx_word' id='word_1_825' title='bbox 396 5503 506 5586; x_wconf 60' lang='lat'><strong><em>(69)</em></strong></span> <span class='ocrx_word' id='word_1_826' title='bbox 531 5507 644 5559; x_wconf 84' lang='lat' dir='ltr'><strong><em>Hoc</em></strong></span> <span class='ocrx_word' id='word_1_827' title='bbox 673 5510 845 5586; x_wconf 78' lang='lat' dir='ltr'><strong><em>caput</em></strong></span> <span class='ocrx_word' id='word_1_828' title='bbox 873 5505 934 5558; x_wconf 91' lang='lat' dir='ltr'><strong><em>in</em></strong></span> <span class='ocrx_word' id='word_1_829' title='bbox 966 5503 1301 5574; x_wconf 87' lang='lat' dir='ltr'><strong><em>apographo</em></strong></span> <span class='ocrx_word' id='word_1_830' title='bbox 1327 5504 1451 5582; x_wconf 85' lang='lat' dir='ltr'><strong><em>cod.</em></strong></span> <span class='ocrx_word' id='word_1_831' title='bbox 1487 5505 1786 5577; x_wconf 89' lang='lat' dir='ltr'><strong><em>Bamberg.</em></strong></span> <span class='ocrx_word' id='word_1_832' title='bbox 1830 5508 1979 5578; x_wconf 90' lang='lat' dir='ltr'><strong><em>quod</em></strong></span> <span class='ocrx_word' id='word_1_833' title='bbox 2017 5508 2220 5564; x_wconf 86' lang='lat' dir='ltr'><strong><em>habuit</em></strong></span> <span class='ocrx_word' id='word_1_834' title='bbox 2249 5509 2474 5564; x_wconf 85' lang='lat' dir='ltr'><strong><em>Gretser</em></strong></span> <span class='ocrx_word' id='word_1_835' title='bbox 2511 5517 2643 5579; x_wconf 84' lang='lat' dir='ltr'><strong><em>post</em></strong></span> <span class='ocrx_word' id='word_1_836' title='bbox 2670 5509 2808 5562; x_wconf 65' lang='lat' dir='ltr'><strong><em>Vitae</em></strong></span> <span class='ocrx_word' id='word_1_837' title='bbox 2840 5525 2885 5561; x_wconf 76' lang='grc' dir='ltr'><strong><em>ο.</em></strong></span> <span class='ocrx_word' id='word_1_838' title='bbox 2916 5511 2984 5563; x_wconf 74' lang='grc'><strong><em>24</em></strong></span> <span class='ocrx_word' id='word_1_839' title='bbox 3015 5508 3295 5561; x_wconf 88' lang='lat' dir='ltr'><strong><em>insertum</em></strong></span> <span class='ocrx_word' id='word_1_840' title='bbox 3325 5507 3450 5572; x_wconf 82' lang='lat' dir='ltr'><strong><em>fuit,</em></strong></span> <span class='ocrx_word' id='word_1_841' title='bbox 3482 5507 3676 5561; x_wconf 88' lang='lat' dir='ltr'><strong><em>verbis</em></strong></span> <span class='ocrx_word' id='word_1_842' title='bbox 3707 5512 3849 5580; x_wconf 87' lang='lat' dir='ltr'><strong><em>qui-</em></strong></span> 
     </span>
    </p>
   </div>
   <div class='ocr_carea' id='block_1_117' title="bbox 330 5571 851 5630">
    <p class='ocr_par' dir='ltr' id='par_1_117' title="bbox 330 5571 851 5630">
     <span class='ocr_line' id='line_1_117' title="bbox 330 5571 851 5630; baseline 0.002 -1"><span class='ocrx_word' id='word_1_843' title='bbox 330 5571 568 5629; x_wconf 77' lang='lat' dir='ltr'><strong><em>busdam</em></strong></span> <span class='ocrx_word' id='word_1_844' title='bbox 601 5571 851 5630; x_wconf 80' lang='lat' dir='ltr'><strong><em>mutatis.</em></strong></span> 
     </span>
    </p>
   </div>
  </div>
