3938 6314
150 304 245 357 l93
1454 309 1647 365 ACTA.
1686 337 1760 351 —
1794 308 2099 367 ADDITAM
2110 309 2365 365 ENTUM.

3559 318 3661 374 194

145 444 230 483 cor
273 444 451 483 meum
498 431 560 482 in
604 426 778 483 medio
821 432 944 497 mei,
1003 433 1435 487 contremuerunt
1482 436 1665 488 omnia
1718 449 1841 489 ossa
1876 436 1917 488 A
1956 449 2145 487 sermo
2167 432 2235 487 de
2266 448 2333 486 ea
2363 432 2548 487 fuerat
2580 431 2837 502 auditus;
2884 438 2939 488 et
2968 450 3169 491 omnes
3210 436 3452 493 invicem
3484 455 3659 510 super

143 533 275 570 mea.
312 519 427 571 Hoc
464 518 701 587 angelus
753 518 850 572 ille
888 518 1107 587 videns,
1170 521 1426 575 modeste
1480 522 1669 575 femur
1726 522 1851 591 ejus

144 605 330 675 tetigit
361 613 419 659 et
457 606 649 672 inquit
682 623 694 659 :
728 608 806 662 Ne
859 609 1068 673 timeas,
1118 610 1277 662 electe
1306 612 1421 675 Dei,
1483 624 1644 678 surge
1705 613 1847 665 velo-

144 695 292 750 citer.
324 697 548 760 signum
579 696 732 763 pacis
778 695 1041 749 divinitus
1094 698 1196 750 tibi
1244 701 1625 752 transmissum
1672 701 1845 753 susci-

145 783 293 849 piens
352 782 633 835 alacriter.
694 783 987 853 Extemplo
1014 784 1203 837 femur
1252 785 1377 854 ejus
1434 788 1733 853 emarcuit,
1794 791 1850 840 et

147 868 353 922 exinde
400 870 560 922 omni
608 876 874 940 tempore
920 871 1033 925 vite
1089 873 1448 926 claudicavit.
1484 874 1704 927 Similis
1742 891 1847 945 per

148 958 338 1011 omnia
380 965 619 1013 eventus
647 959 717 1013 de
751 960 917 1013 beato
947 960 1119 1013 Jacob
1168 960 1401 1030 legitur,
1447 965 1609 1032 cujus
1658 963 1848 1016 femur

150 1047 215 1099 ad
266 1052 488 1100 tactum
544 1048 734 1116 angeli
784 1064 979 1101 secum
1020 1050 1285 1102 luctantis
1342 1051 1623 1103 emarcuit
1668 1051 1842 1122 ,(Gen.

148 1150 308 1200 xxx",
369 1137 481 1204 3'2).
514 1137 627 1189 Hec
656 1135 911 1206 quidem,
945 1143 1006 1190 ut
1031 1153 1231 1191 verum
1263 1138 1462 1203 fatear,
1495 1138 1553 1191 in
1585 1139 1846 1209 Scriptu—

148 1222 221 1273 ris
260 1238 381 1275 non
410 1224 626 1287 inveni,
655 1224 748 1277 sed
785 1226 966 1278 relatu
998 1226 1283 1279 veracium
1335 1232 1391 1280 et
1432 1227 1845 1281 venerabilium

148 1309 426 1372 virorum,
460 1312 566 1365 hec
589 1329 717 1366 vera
745 1329 888 1379 esse,
920 1312 981 1366 in
1001 1313 1238 1367 veritate
1267 1314 1543 1383 comperi.
1572 1314 1844 1384 Equidem

145 1406 456 1468 prepotens
509 1402 883 1455 cancellarius
965 1407 1024 1455 et
1079 1403 1377 1473 episcopus
1428 1402 1845 1472 Herbipolensis

145 1486 449 1540 Cunradus
512 1489 767 1553 nomine,
820 1490 918 1560 qui
973 1491 1429 1559 persecutionem
1516 1508 1715 1561 passus
1759 1496 1845 1544 est

145 1577 703 1646 propterjusticiam,
751 1578 853 1631 hec
886 1595 997 1649 que
1032 1578 1181 1632 dicta
1218 1585 1354 1632 sunt
1384 1596 1441 1632 se
1476 1580 1680 1647 legisse
1711 1596 1842 1633 con-

143 1670 365 1717 stanter
418 1666 748 1733 aftirmavit,
776 1672 832 1720 et
871 1669 929 1720 in
979 1669 1212 1721 ecclesia
1246 1667 1703 1737 Babenbergensi
1736 1685 1844 1737 po-

146 1752 286 1804 situs
319 1754 520 1806 multis
578 1754 941 1808 audientibus
981 1756 1283 1821 enerravit,
1337 1772 1402 1808 ex
1434 1757 1643 1825 quibus
1695 1772 1844 1810 unus

152 1839 293 1892 mihi
326 1841 631 1894 familiaris
664 1847 720 1894 et
747 1842 865 1912 ipse
896 1842 982 1895 vir
1012 1844 1181 1912 plane
1213 1843 1495 1896 veridicus
1524 1843 1667 1896 mihi
1698 1844 1843 1896 tide-

148 1928 613 1993 literintimavit,
663 1936 718 1983 et
764 1931 987 1983 valente
1036 1948 1124 1984 me
1176 1932 1404 1984 silentio
1465 1931 1842 2001 supprimere,

147 2016 357 2069 obnixe
406 2018 634 2088 rogavit
662 2024 722 2071 ut
782 2019 1108 2073 scriberem.
1143 2019 1395 2073 Tandem
1461 2036 1566 2089 ego
1598 2021 1844 2089 petentis

146 2106 420 2158 instantia
452 2114 510 2158 et
558 2107 858 2159 sedulitate
906 2107 1196 2160 monentis
1248 2108 1537 2173 inductus,
1595 2109 1841 2161 fideliter

145 2194 480 2265 conscripsi,
514 2202 795 2265 quatenus
824 2197 927 2249 hec
960 2203 1301 2250 enat-rentur
1339 2198 1397 2250 in
1454 2198 1729 2268 progenie
1755 2198 1843 2251 al-

146 2288 285 2335 tera.
336 2283 560 2336 Mallem
587 2300 830 2353 sompno
885 2301 1009 2338 meo
1061 2287 1442 2354 requiescere,
1486 2302 1660 2356 quam
1712 2286 1843 2339 ficta

144 2371 226 2422 vel
262 2371 470 2424 frivola
500 2372 568 2425 de
598 2373 805 2425 sanctis
840 2374 935 2426 Dei
965 2374 1345 2439 conscribere,
1378 2374 1677 2443 presertim
1711 2390 1839 2428 cum

142 2477 283 2529 opus
315 2476 438 2513 non
470 2460 718 2515 habeant
738 2462 893 2515 falsis
920 2462 1185 2517 laudibus
1217 2463 1476 2529 exaltari,
1529 2464 1629 2533 qui
1660 2463 1840 2533 signis

140 2555 197 2601 et
247 2548 534 2618 prodigiis
585 2549 857 2603 divinitus
916 2567 1176 2604 meruere
1215 2551 1494 2606 decorari.
1556 2553 1669 2606 Hec
1730 2552 1838 2621 (67)

139 2636 478 2689 omittamus
513 2642 572 2689 et
603 2636 675 2689 ad
698 2637 993 2691 historiam
1017 2639 1338 2691 redeamus.

208 2726 261 2777 3.
310 2724 553 2777 Predicti
584 2730 639 2777 et
668 2741 799 2795 sepe
831 2726 1055 2779 dicendi
1077 2726 1275 2780 fideles
1306 2726 1513 2780 Christi
1536 2728 1838 2780 unanimes

137 2811 478 2866 habitabant
533 2814 594 2865 in
625 2830 821 2883 regno,
864 2814 1073 2884 quibus
1101 2820 1218 2868 erat
1278 2830 1368 2868 cor
1396 2830 1523 2869 num
1573 2821 1623 2869 et
1652 2818 1837 2869 anima

136 2916 269 2966 una,
329 2907 387 2954 et
423 2907 587 2955 erant
633 2902 745 2955 duo
779 2919 892 2955 non
921 2909 1037 2956 tam
1065 2902 1126 2956 in
1176 2919 1345 2955 carne
1391 2920 1505 2956 una
1553 2919 1725 2973 quam
1774 2905 1837 2957 in

1958 521 2067 574 hoc
2127 520 2274 575 facto
2340 520 2707 587 musitabant,
2765 522 3026 592 quisdam
3058 537 3224 592 super
3274 525 3378 579 hac
3421 526 3659 581 infamia

1957 608 2418 676 condolentibus,
2452 608 2579 662 aliis
2623 615 2817 663 autem
2849 627 2976 665 eam
3012 613 3265 682 maligne
3297 614 3653 669 rodentibus.

1958 699 2057 753 Ille
2088 713 2220 750 vero
2252 698 2618 751 milleartifex
2657 715 2773 752 non
2832 705 3131 754 contentus
3184 700 3290 754 hac
3345 701 3465 755 sola
3513 702 3653 767 vice,

1955 786 2221 856 sequenti
2251 786 2365 852 die,
2407 785 2507 839 sed
2538 793 2594 839 et
2624 788 2794 841 tertia
2822 788 2936 853 die,
2972 792 3151 842 multo
3184 789 3447 858 pluribus
3477 806 3651 860 quam

1954 875 2144 945 prima
2189 874 2279 927 die
2335 874 2719 938 cernentibus,
2776 876 2846 929 de
2876 877 3128 931 thalamo
3178 884 3436 930 matroue
3482 878 3653 948 pudi-

1953 962 2176 1016 cissime
2204 979 2262 1015 se
2302 963 2608 1016 simulabat
2633 965 2808 1029 exire,
2842 970 2898 1018 et
2953 966 3098 1019 miro
3143 966 3313 1019 modo
3370 967 3651 1036 presenti-

1953 1050 2062 1104 bus
2092 1051 2391 1104 videbatur
2439 1051 2593 1120 quod
2648 1068 2778 1104 eum
2810 1058 3209 1121 agnoscerent,
3263 1069 3393 1106 cum
3458 1058 3651 1107 tamen

1954 1139 2083 1210 quis
2107 1145 2254 1193 esset
2281 1139 2565 1209 ignorent,

2140 1244 2415 1307 Extemplo
2448 1244 2656 1307 patulas
2680 1245 2862 1307 populi
2894 1247 3129 1309 pervenit
3159 1245 3225 1294 ad
3249 1260 3405 1294 aures

2140 1315 2303 1363 Velox
2332 1316 2490 1374 fama,
2522 1316 2721 1363 malum
2758 1328 2863 1377 qua
2886 1330 2993 1364 non
3028 1316 3261 1364 velocius
3293 1315 3480 1365 ullum.

2790 1386 2936 1434 Vino.
2972 1387 3086 1434 [ΕΩ.
3118 1401 3188 1443 1v,
3215 1390 3322 1445 174,
3353 1390 3461 1436 175.

1956 1492 2167 1546 Exinde
2214 1492 2322 1545 viri
2378 1508 2505 1545 cum
2538 1493 2899 1559 mulieribus,
2928 1510 3092 1546 senes
3120 1509 3250 1547 cum
3299 1493 3648 1563 junioribus,

1952 1580 2145 1649 pusilli
2201 1597 2328 1633 cum
2364 1581 2676 1649 majoribus
2729 1580 3077 1651 imperatrici
3106 1582 3353 1651 gloriose
3378 1581 3649 1635 detrahe-

1957 1670 2124 1733 bant;
2154 1673 2209 1720 et
2238 1667 2383 1721 facta
2422 1674 2507 1721 est
2531 1667 2723 1721 fabula
2766 1669 3056 1735 omnibus,
3117 1669 3461 1739 quibusdam
3520 1671 3648 1739 qui-

1958 1755 2087 1807 dem
2114 1770 2217 1824 pro
2246 1771 2314 1808 ea
2371 1756 2744 1809 vehementer
2796 1756 3122 1810 dolentibus
3179 1763 3411 1827 propter
3462 1758 3648 1810 varias

1956 1843 2191 1896 virtutes
2245 1843 2389 1912 ejus,
2436 1845 2781 1914 quibusdam
2829 1861 2962 1897 vero
3012 1846 3261 1913 maligne
3297 1846 3649 1899 detrahenti-

1956 1932 2092 1996 bus;
2125 1937 2182 1985 et
2210 1948 2241 1984 a
2272 1932 2469 1984 multis
2498 1932 2874 2001 obprobrium
2928 1933 3199 1986 sustinuit
3240 1939 3298 1987 et
3346 1939 3651 1987 contume-

1957 2021 2116 2088 liam,
2168 2021 2378 2090 quibus
2433 2036 2750 2091 numquam
2812 2022 2936 2090 ipsa
2982 2022 3257 2074 intulerat
3300 2022 3642 2075 molestiam.

1956 2109 2086 2161 Erat
2115 2116 2309 2163 autem
2356 2125 2454 2161 cor
2507 2109 2631 2178 ejus
2676 2109 2892 2162 habens
2933 2109 2991 2162 in
3056 2110 3297 2163 Domino
3355 2110 3648 2177 fiduciam,

1954 2197 2090 2268 quia
2145 2214 2305 2250 suam
2357 2198 2571 2250 sciebat
2630 2198 3041 2251 innocentiam.
3127 2198 3376 2251 Previdit
3454 2203 3647 2253 tamen

1952 2283 2059 2336 sibi
2112 2300 2419 2353 gravamen
2448 2291 2503 2337 et
2529 2285 2784 2338 laborem
2810 2286 3135 2352 imminere,
3170 2290 3225 2339 et
3255 2286 3386 2339 licet
3411 2286 3649 2340 haberet

1952 2372 2285 2426 thesaurum
2330 2374 2479 2427 bone
2522 2374 2893 2441 conscientie,
2955 2381 3151 2429 tamen
3198 2391 3230 2427 a
3278 2374 3530 2428 lacrimis
3584 2393 3643 2429 se

1950 2476 2068 2515 non
2100 2466 2325 2531 poterat
2363 2462 2680 2528 abstinere;
2735 2463 2826 2515 cui
2877 2463 3014 2516 boni
3067 2463 3303 2533 quique,
3339 2468 3400 2515 ut
3429 2464 3645 2518 dictum

1950 2555 2053 2615 est,
2104 2549 2466 2611 condoluere,
2517 2550 2775 2603 malivoli
2826 2567 2957 2603 vero
3016 2556 3072 2603 et
3131 2550 3376 2603 maxime
3430 2551 3644 2605 nefarie

1949 2638 2306 2705 muliercule,
2352 2637 2514 2705 quasi
2541 2653 2672 2689 suas
2717 2636 3005 2706 nequitias
3027 2653 3129 2706 per
3181 2653 3307 2689 eam
3332 2638 3643 2703 oblectare,

1950 2724 2327 2777 detrahebant
2367 2725 2418 2777 ei
2481 2724 2733 2777 dicentes
2799 2740 2811 2777 :
2873 2726 3021 2791 Ecce,
3085 2729 3290 2791 quanta
3347 2726 3647 2779 calliditate

1948 2813 2201 2867 hactenus
2252 2814 2351 2866 hac
2396 2816 2572 2881 specie
2628 2814 2979 2867 sanctimonie
3032 2827 3187 2866 suam
3252 2813 3646 2882 turpitudinem

1942 2902 2220 2969 palliavit.
2280 2901 2374 2954 His
2405 2906 2463 2954 et
2528 2901 2855 2971 hujusmodi
2937 2902 3300 2963 contumeliis
3353 2902 3646 2955 innocenti

138 3004 254 3041 uno
288 2990 516 3058 spiritu.
558 2991 689 3044 Erat
741 2991 895 3044 enim
927 2992 1142 3045 eisdem
1203 2992 1357 3045 idem
1395 2993 1541 3044 velle
1571 2997 1628 3045 et
1681 2992 1831 3046 idem
1866 3006 1905 3059 ρ
1948 2988 2397 3053 detrahentibus,
2431 3005 2571 3042 aura
2620 2989 2839 3042 sinistri
2871 2991 3119 3043 rumoris
3185 3006 3351 3043 aures
3397 2990 3644 3060 impera-

136 3076 313 3141 nolle,
348 3078 487 3131 adeo
518 3084 583 3132 ut
631 3078 900 3150 quicquid
970 3080 1241 3133 alteruter
1288 3080 1629 3147 inchoasset,
1691 3081 1834 3135 altre

138 3165 245 3218 hoc
302 3166 494 3236 ipsum
553 3168 831 3237 sagaciter
886 3184 1283 3222 consummare
1348 3174 1668 3238 satageret;
1732 3186 1835 3239 par

136 3255 293 3308 enim
331 3256 598 3309 voluntas
654 3263 776 3310 erat
807 3257 888 3309 eis
936 3257 1001 3310 ad
1035 3273 1205 3311 omne
1236 3257 1390 3327 quod
1436 3262 1558 3311 erat
1586 3258 1829 3327 virtutis,

137 3344 291 3413 quod
366 3344 611 3414 pietatis,
674 3346 825 3414 quod
887 3345 1203 3415 religionis.
1256 3346 1534 3416 Quicquid
1604 3351 1833 3400 acturus

137 3437 261 3485 erat
289 3432 624 3502 imperator,
660 3434 863 3487 dilecte
924 3450 1024 3487 sue
1062 3434 1301 3487 consilio
1331 3434 1743 3499 committebat,
1778 3440 1833 3489 et

134 3521 412 3592 quicquid
462 3527 658 3591 egerat
709 3523 832 3592 ejus
890 3522 1253 3576 conniventia
1281 3523 1678 3577 confirmabat.
1720 3525 1829 3577 Ita-

132 3626 244 3679 que
274 3627 405 3664 cum
444 3628 501 3664 se
532 3616 650 3664 tam
681 3618 877 3665 tenere
910 3617 1111 3665 mutuo
1162 3610 1471 3680 diligerent
1528 3616 1583 3664 et
1632 3616 1826 3665 tamen

130 3699 473 3768 virginalem
556 3700 969 3753 continentiam
1052 3704 1473 3765 conservarent,
1555 3699 1828 3770 spiritalis

130 3803 331 3841 eorum
364 3788 593 3842 dilectio
615 3789 719 3842 soli
750 3790 866 3843 Deo
915 3789 1163 3858 cognita,
1194 3789 1290 3842 sed
1323 3788 1657 3842 hominibus
1684 3805 1827 3859 pene

133 3876 430 3945 incognita
452 3883 590 3931 erat.
628 3878 928 3934 Enimvero
979 3878 1207 3932 invidus
1247 3878 1508 3931 omnium
1539 3878 1824 3932 bonorum

129 3965 392 4019 diabolus
447 3982 647 4021 eorum
676 3968 1071 4021 castimoniam
1104 3966 1487 4033 considerans,
1521 3966 1727 4020 invidit
1773 3976 1829 4021 et

127 4054 473 4121 tabescebat,
506 4062 563 4109 et
592 4056 737 4110 sicut
786 4056 944 4110 faber
972 4057 1245 4110 ferrarius
1274 4071 1489 4125 prunas
1520 4055 1680 4125 operi
1723 4072 1826 4109 suo

132 4143 479 4197 necessarias
509 4145 689 4215 magis
721 4152 778 4199 et
812 4145 993 4215 magis
1034 4146 1176 4199 solet
1226 4144 1589 4209 succendere,
1623 4144 1701 4197 sic
1754 4145 1825 4199 ad

128 4231 430 4285 libidinem
451 4249 651 4287 eorum
663 4239 815 4287 casta
836 4239 1064 4304 pectora
1085 4250 1186 4287 sua
1208 4232 1573 4302 suggestione
1587 4232 1824 4286 Satanas

127 4320 424 4389 satagebat
444 4322 821 4377 inflammare.
847 4323 989 4377 Cum
1016 4327 1205 4375 autem
1231 4321 1337 4374 hac
1356 4326 1473 4374 arte
1497 4320 1669 4374 nichil
1693 4338 1826 4390 pro-

126 4408 321 4463 ﬁceret
358 4410 452 4463 ille
502 4410 883 4479 milleartifex,
926 4427 1072 4481 quos
1103 4411 1172 4464 ad
1204 4410 1557 4480 peccandum
1612 4409 1825 4478 impel-

123 4497 241 4551 lere
269 4514 387 4551 non
423 4504 665 4568 poterat,
708 4501 816 4553 alia
845 4499 1152 4553 calliditate
1186 4498 1499 4552 conabatur
1549 4498 1826 4567 supplan-

126 4593 269 4639 tare.
325 4588 526 4657 Itaque
570 4588 937 4657 permittente
993 4589 1131 4649 Deo,
1192 4586 1293 4657 qui
1349 4603 1482 4639 suos
1542 4586 1823 4656 permittit

122 4675 361 4745 probari
415 4676 910 4746 temptationibus,
955 4692 1071 4730 non
1103 4674 1420 4746 reprobari,
1474 4675 1667 4728 beatos
1698 4691 1822 4728 con-

113 4764 305 4832 juges,
339 4763 440 4817 sed
488 4763 741 4833 virgines
796 4765 902 4819 hac
948 4771 1071 4818 arte
1130 4764 1368 4818 molitus
1401 4770 1484 4817 est
1516 4764 1816 4817 infamare.

119 4851 377 4915 Quadam
426 4851 517 4905 die
574 4852 634 4906 in
666 4858 789 4907 ortu
849 4853 1133 4923 surgentis
1184 4868 1412 4917 aurore,
1474 4868 1603 4905 cum
1655 4852 1823 4905 beata

121 4940 491 5010 Cunegundis
520 4940 589 4994 de
620 4942 785 4996 thoro
819 4946 1079 5013 surgeret
1108 4941 1497 5006 immaculato,
1527 4940 1622 4993 ille
1663 4938 1819 4992 calli-

120 5028 390 5082 dissimus
420 5036 715 5100 assumpta
760 5031 947 5084 forma
979 5029 1173 5083 militis
1204 5029 1273 5083 de
1326 5028 1590 5082 cubiculo
1619 5026 1819 5096 regine

124 5117 273 5170 visus
324 5121 410 5170 est
465 5120 648 5186 exire;
693 5135 867 5190 quem
917 5124 1213 5189 presentes
1258 5116 1639 5187 imperatricis
1691 5132 1817 5169 ver-

122 5206 253 5260 nule
292 5212 593 5261 cernentes
613 5213 667 5261 et
695 5223 829 5262 eum
851 5224 981 5261 cum
1008 5208 1173 5261 beata
1200 5205 1553 5275 Cunegunde
1579 5204 1818 5257 cubasse

122 5295 495 5364 suspicantes,
538 5295 918 5362 mirabantur,
951 5295 1088 5366 quia
1133 5309 1453 5364 numquam
1486 5291 1815 5363 hujusmodi

187 5420 304 5490 (67)
350 5419 481 5473 Hec
510 5418 579 5473 de
602 5423 719 5473 tam
750 5418 999 5489 glorioso
1030 5418 1307 5472 miraculo
1335 5417 1484 5490 dicta
1501 5416 1812 5490 sufﬁciant.

124 5492 185 5544 Et
199 5488 266 5545 in
286 5488 538 5546 evidens
578 5490 750 5560 hujus
782 5490 933 5560 signi
964 5489 1358 5545 testimonium
1385 5488 1585 5560 ipsius
1632 5488 1816 5540 sancti

125 5562 343 5617 Henrici
380 5563 573 5631 imago
634 5558 762 5614 ante
788 5558 1027 5631 ja'nuam
1062 5558 1397 5618 monasterii
1436 5558 1504 5612 ad
1547 5558 1811 5613 dextrum

1944 3076 2084 3129 toris
2115 3077 2309 3147 procul
2339 3077 2508 3147 positi
2535 3077 2855 3147 percelluit,
2886 3078 3046 3147 cujus
3086 3077 3256 3132 etiam
3286 3095 3383 3132 cor
3424 3078 3482 3131 in
3513 3080 3642 3149 ipso

1941 3164 2305 3229 contremuit,
2339 3170 2394 3218 et
2422 3165 2598 3218 tristis
2632 3165 2877 3219 nimium
2899 3166 3088 3237 inquit
3122 3184 3133 3220 :
3168 3167 3349 3233 Absit,
3380 3170 3626 3235 inquam,

1941 3255 2087 3307 absit
2108 3255 2199 3308 hec
2229 3256 2500 3322 iniquitas
2539 3271 2573 3307 a
2623 3255 2849 3323 conjuge
2877 3270 2995 3309 mea
3051 3255 3434 3321 dilectissimo;
3458 3255 3639 3326 siqui-

1941 3343 2075 3396 dem
2108 3342 2282 3396 nichil
2334 3342 2631 3395 sinistrum
2681 3344 2750 3396 de
2784 3343 2991 3396 dilecta
3044 3344 3153 3396 sibi
3210 3344 3637 3413 suspicabatur,

1940 3431 2077 3502 quia
2106 3436 2225 3484 tam
2256 3431 2507 3484 sobriam
2538 3436 2596 3484 et
2622 3436 2739 3484 tam
2770 3431 3038 3499 pudicam
3068 3430 3346 3484 feminam
3373 3447 3432 3484 se
3459 3447 3630 3485 num-

1938 3536 2114 3591 quam
2144 3519 2476 3590 cognovisse
2507 3519 2811 3573 fatebatur.
2858 3519 3111 3573 Tandem
3144 3518 3272 3571 aliis
3301 3525 3474 3589 atque
3506 3521 3636 3573 aliis

1937 3610 2183 3664 eundem
2203 3623 2527 3662 sermonem
2549 3606 3045 3671 confirmantibus,
3075 3606 3195 3677 ipse
3219 3606 3498 3661 nimirum
3522 3625 3639 3661 cre-

1936 3697 2125 3764 dulus,
2148 3702 2329 3750 tactus
2358 3701 2440 3750 est
2465 3696 2659 3750 dolore
2682 3696 2865 3749 cordis
2890 3695 3253 3763 intrinsecus,
3283 3701 3339 3749 et
3362 3698 3562 3750 statuit
3578 3697 3637 3750 in

1936 3787 2103 3840 corde
2133 3803 2235 3840 suo
2270 3792 2349 3851 ut,
2378 3786 2750 3856 quoadusque
2782 3784 3015 3851 viveret,
3047 3800 3364 3854 numquam
3399 3785 3637 3838 ulterius

1935 3891 2059 3928 eam
2092 3875 2328 3929 videret.
2353 3875 2572 3928 Interea
2592 3873 2861 3944 negociis,
2894 3890 2997 3944 pro
3023 3873 3232 3944 quibus
3258 3874 3491 3939 exierat,
3527 3874 3636 3927 im-

1934 3970 2164 4033 perator
2202 3963 2346 4017 bene
2377 3961 2687 4032 dispositis,
2750 3961 3081 4030 Babenberg
3135 3966 3220 4014 est
3283 3977 3541 4015 reversus
3578 3961 3636 4013 in

1935 4058 2126 4105 mente
2158 4051 2410 4122 lugubri,
2435 4056 2490 4104 et
2519 4051 2822 4121 conjugem
2853 4050 2992 4103 olim
3024 4050 3132 4103 sibi
3159 4049 3424 4104 dilectam
3477 4065 3634 4102 more

1934 4141 2099 4194 solito
2113 4142 2360 4195 salutare
2382 4140 2655 4211 neglexit.
2682 4141 2877 4208 Itaque
2906 4139 3160 4208 prudens
3183 4137 3517 4208 imperatrix
3541 4154 3635 4206 pa-

1939 4229 2417 4283 tenterintellexit
2437 4229 2589 4298 apud
2608 4227 2941 4282 auresillius
2955 4242 3077 4279 sese
3103 4226 3453 4279 diffamatam
3477 4242 3625 4289 esse;

1941 4324 2293 4389 quapropter
2327 4316 2521 4370 anima
2541 4318 2665 4386 ejus
2694 4316 2921 4369 turbata
2941 4319 3028 4367 est
3041 4314 3224 4380 valde,
3249 4317 3305 4367 et
3332 4314 3633 4367 vulnerata

1939 4408 2174 4460 caritate
2234 4407 2501 4460 dilectum
2529 4420 2719 4469 suum,
2786 4404 3048 4474 quamvis
3108 4403 3231 4455 sine
3297 4418 3469 4455 causa
3525 4402 3633 4455 sibi

1939 4495 2246 4560 offensum,
2278 4493 2503 4547 ardenti
2556 4492 2839 4545 desiderio
2869 4491 3060 4545 videre
3092 4490 3473 4545 desiderabat.
3520 4491 3633 4561 lgi-

1937 4588 2031 4636 tur
2086 4586 2309 4653 captata
2359 4579 2812 4651 opportunitate,
2846 4581 3081 4635 accessit
3142 4580 3209 4634 ad
3267 4596 3399 4633 eum
3461 4580 3631 4651 plena

1936 4670 2169 4724 caritate
2220 4674 2277 4723 et
2360 4667 2690 4732 dilectione,
2743 4684 2915 4739 quem
2973 4668 3146 4722 etiam
3220 4668 3632 4739 benignissime

1936 4758 2185 4828 suscepit
2227 4763 2284 4811 et
2320 4756 2791 4811 affectuosissime
2850 4758 3139 4811 salutavit.
3182 4757 3281 4811 Ille
3328 4774 3461 4810 vero
3502 4772 3627 4810 eam

1936 4863 2054 4901 non
2084 4846 2397 4899 resalutare
2444 4844 2811 4915 dignabatur,
2845 4862 2949 4899 nec
2974 4848 3173 4900 saltem
3205 4846 3513 4916 respicere.
3558 4846 3632 4899 At

1936 4936 2034 4990 illa
2064 4933 2364 5003 mitissima
2396 4933 2679 4987 offensum
2737 4933 2845 4987 sibi
2896 4934 3121 5003 placare
3179 4934 3435 5005 cupiens,
3489 4934 3632 4987 dixit

1934 5040 2069 5078 voce
2120 5020 2508 5077 lacrimabili:
2556 5022 2782 5075 Domine
2836 5024 2914 5075 mi
2978 5022 3499 5088 desiderantissime,
3527 5037 3623 5075 cur

1932 5115 2068 5168 mihi
2092 5129 2196 5167 non
2216 5113 2491 5181 loqueris?
2520 5115 2581 5164 ut
2613 5110 2748 5179 quid
2774 5113 2977 5164 avertis
3006 5112 3205 5177 faciem
3236 5117 3385 5164 tuam
3425 5127 3458 5163 a
3499 5125 3581 5163 me
3600 5110 3627 5165 ?

1933 5204 2034 5257 Ille
2058 5200 2303 5256 demisso
2329 5201 2489 5254 vultu
2530 5199 2870 5269 respondit:
2920 5201 3040 5256 Non
3078 5204 3287 5268 oportet
3335 5215 3417 5253 me
3467 5214 3630 5267 super

1933 5292 2033 5345 hac
2054 5306 2111 5343 re
2142 5288 2461 5359 respondere
2490 5288 2593 5342 tibi
2616 5307 2631 5355 ;
2660 5302 2875 5341 recurre
2903 5286 2977 5341 ad
3019 5289 3399 5341 conscientiam
3455 5292 3625 5354 tuam,

1930 5415 2080 5468 latus
2114 5429 2290 5483 penes
2324 5411 2560 5466 chorum
2588 5411 2768 5466 sancti
2791 5411 3018 5481 Georgii
3050 5426 3315 5483 ex........7
3339 5411 3478 5481 pillo
3509 5426 3626 5483 uno

1930 5482 2227 5555 supposito
2262 5499 2331 5537 ex
2359 5485 2622 5555 opposito
2656 5483 2975 5553 imaginum
3026 5482 3158 5536 Adae
3197 5486 3253 5535 et
3283 5482 3411 5535 Eva:
3443 5482 3627 5536 lucide

1930 5558 2187 5625 apparet.
2223 5555 2416 5608 CRETS.
