3938 6320
291 308 391 360 195

1159 300 1213 354 S.
1260 297 1548 355 HENRICI
1589 293 2056 352 IMPERATORIS
2091 290 2288 349 ACTA.
2329 321 2398 331 —
2439 289 2920 347 ADDIMENTUM.

3709 291 3810 342 196

283 436 336 484 et
353 430 592 483 invenies
621 426 932 496 offmsionis
961 440 1070 479 mee
1097 439 1332 478 causam.
1361 427 1431 477 At
1486 421 1591 476 alla
1644 419 1987 474 ﬁducialiter
2023 421 2068 472 Α
2097 419 2381 472 serenitati
2421 421 2594 471 vestre
2642 417 2934 470 immensus
2984 416 3164 481 refero
3216 415 3451 480 gratias,
3483 416 3620 482 quia
3667 413 3815 467 mihi

289 517 644 588 respondens
675 516 756 569 ait
790 531 803 568 :
833 515 1167 570 Conscientia
1206 528 1323 566 mea
1350 511 1556 564 munda
1603 513 1700 574 est,
1748 513 1798 562 et
1855 523 1985 560 con-

289 609 433 661 scius
467 619 610 660 meus
639 607 698 657 in
728 605 933 657 excelso
987 604 1119 670 quia
1143 602 1307 670 plane
1335 605 1412 653 est
1451 600 1600 653 testis
1657 599 1814 661 mihi,
1853 597 1987 663 quia

287 697 508 761 facinus
563 694 658 748 hoc
686 695 997 761 pessimum,
1029 689 1174 759 quod
1210 688 1468 759 objicitur
1504 689 1640 741 mihi
1689 700 1985 753 numquam

286 783 624 850 perpetravi.
688 781 912 835 Obsecro
965 783 1034 843 te,
1072 779 1297 831 Domine
1346 777 1424 830 mi
1479 791 1600 841 rex,
1659 781 1722 830 ut
1749 775 1987 828 viriliter

293 884 451 935 agere
508 873 559 921 et
609 869 936 936 patientiam
1012 868 1072 919 in
1123 881 1204 918 me
1261 864 1528 931 digneris.
1611 864 1790 917 Honor
1857 861 1984 928 qui—

294 957 413 1010 dem
470 958 635 1011 totius
686 957 906 1024 imperii
952 969 1051 1023 per
1092 969 1176 1008 me
1211 952 1430 1007 videtur
1474 954 1814 1015 imminutus,
1893 947 1986 1001 sed

291 1047 498 1100 volente
534 1049 640 1101 Deo
697 1047 1016 1114 quantocius
1066 1059 1164 1113 per
1217 1058 1300 1097 me
1362 1040 1778 1108 reformabitur;
1841 1039 1986 1107 quod

296 1135 531 1203 qualiter
602 1136 723 1204 ﬁeri
771 1135 968 1202 possit,
998 1135 1048 1186 si
1101 1134 1175 1186 sit
1212 1147 1330 1185 eum
1389 1130 1716 1198 beneplacito
1787 1131 1982 1192 vestro,

295 1222 526 1277 breviter
575 1224 816 1276 insinuo.
849 1221 946 1275 His
1009 1219 1240 1285 auditis,
1291 1219 1606 1288 imperator
1660 1216 1983 1286 aliquantu-

293 1312 417 1365 lum
447 1310 794 1380 ‘mitigatus,
822 1315 958 1362 tunc
1013 1307 1246 1361 demum
1281 1306 1537 1377 percepit
1565 1321 1692 1358 eam
1737 1304 1984 1358 residere

291 1403 348 1452 et
376 1399 622 1469 qualiter
668 1397 772 1451 hec
824 1396 951 1451 ﬁeri
980 1399 1214 1466 possent
1253 1393 1496 1447 edicere.
1530 1393 1614 1446 Ad
1683 1393 1788 1446 hec
1833 1392 1931 1445 illa
1969 1409 1981 1446 :

292 1489 571 1554 Majestas,
609 1485 798 1555 inquit
842 1489 1044 1548 vestra,
1099 1482 1332 1545 domine,
1377 1482 1653 1550 principes
1705 1480 1985 1532 universos

293 1580 406 1628 tam
446 1575 723 1642 episcopos
754 1586 918 1640 quam
962 1571 1126 1623 laicos
1181 1568 1256 1621 ad
1305 1572 1507 1621 curtem
1535 1568 1740 1633 regiam
1799 1580 1982 1619 conve-

289 1663 408 1714 nire
423 1659 632 1727 jubeat,
669 1663 719 1710 et
750 1655 1089 1724 presentibus
1118 1654 1361 1707 omnibus
1419 1667 1585 1706 causa
1622 1652 1687 1705 de
1720 1667 1830 1719 qua
1863 1654 1983 1717 agi—

293 1753 385 1801 tur
405 1755 410 1759 '
431 1746 621 1801 ordine
642 1743 946 1814 judiciario
974 1744 1279 1806 ventiletur,
1313 1747 1363 1795 et
1417 1740 1691 1809 quidquid
1721 1742 1831 1808 ipsi
1857 1754 1990 1806 sug-

292 1839 557 1904 gesserint
585 1836 736 1888 salvo
790 1834 986 1886 honore
1017 1835 1192 1885 vestro
1245 1832 1368 1898 ﬁeri
1422 1831 1639 1898 poterit.
1685 1831 1856 1898 Spero
1887 1845 1989 1882 au-

296 1931 400 1979 tem
440 1924 505 1977 de
551 1923 744 1977 divina
771 1919 1164 1986 misericordia,
1195 1917 1340 1986 quod
1368 1919 1570 1986 eripiat
1597 1931 1692 1971 nos
1724 1919 1834 1972 luto
1856 1918 1990 1983 fecis

296 2015 460 2080 hujus
493 2017 542 2066 et
579 2011 816 2065 miseria.
848 2009 988 2063 Cum
1020 2008 1124 2061 hec
1153 2007 1321 2060 verba
1370 2004 1672 2076 prudentis
1740 2004 1986 2075 impera-

294 2100 451 2154 tricis
491 2099 707 2168 optime
741 2097 1035 2167 placerent
1091 2095 1152 2148 in
1209 2098 1518 2164 conspectu
1568 2092 1864 2163 principis,
1918 2091 1986 2145 ad

293 2189 474 2258 ipsius
522 2185 831 2256 imperium
881 2183 1169 2255 principes
1207 2187 1599 2236 convenerunt
1658 2182 1719 2235 in
1783 2197 1985 2235 unum.

299 2277 517 2342 Quibus
548 2291 678 2330 cum
719 2275 1064 2344 imperatore
1123 2271 1451 2326 sedentibus
1506 2272 1566 2324 in
1621 2271 1857 2340 judicio,
1902 2270 1990 2323 in-

293 2366 465 2421 travit
525 2363 863 2434 imperatrix
896 2360 1300 2431 imperterrita,
1355 2365 1410 2414 et
1438 2376 1600 2414 secus
1633 2359 1807 2430 pedes
1853 2360 1988 2413 olim

297 2453 486 2510 dilecti
529 2452 618 2506 sui
648 2451 878 2516 resedit,
933 2449 1097 2520 nigra
1123 2453 1180 2503 et
1209 2449 1458 2502 formosa
1505 2448 1625 2502 ﬁlia
1651 2449 1987 2512 Jerusalem,

296 2544 462 2613 nigra
513 2556 618 2612 per
662 2539 980 2604 infamiam,
1038 2539 1291 2592 formosa
1327 2553 1433 2608 per
1485 2537 1894 2602 innocentiam,
1937 2542 1993 2590 et

292 2649 397 2704 per
446 2632 554 2685 hoc
607 2645 803 2684 revera
845 2627 963 2681 filia
995 2626 1334 2695 Jerusalem,
1371 2642 1482 2696 que
1540 2631 1724 2680 semet
1783 2625 1986 2696 ipsam,

293 2717 392 2772 sed
432 2721 488 2772 et
535 2733 785 2782 causam,
818 2731 980 2769 suam
1012 2715 1204 2769 divine
1225 2713 1646 2768 commendavit
1686 2713 1991 2784 providen-

291 2806 389 2860 tie.
453 2807 610 2860 Tunc
664 2805 1014 2876 proloquens
1068 2820 1168 2857 rex
1227 2819 1364 2857 voce
1416 2802 1754 2857 lacrimabili
1845 2801 1994 2856 dixit

291 2894 651 2966 principibus
709 2891 988 2946 universis
1023 2908 1035 2946 :
1071 2892 1113 2947 Ο
1157 2892 1342 2946 dilecti
1387 2893 1492 2944 mei
1554 2893 1834 2960 principes
1875 2891 1990 2957 glo-

2095 505 2367 575 parcendo
2405 520 2626 572 gravem
2670 507 2732 558 in
2783 519 2865 557 me
2894 506 3040 570 ferre
3069 505 3390 558 sententiam
3418 503 3595 556 noluit
3627 506 3816 555 vestra

2092 594 2471 649 mansuetudo.
2535 593 2630 647 His
2694 593 2882 658 dictis,
2933 592 3165 646 resedit.
3248 592 3420 644 Porro
3509 595 3817 660 presentes

2096 699 2314 742 omnes.
2356 682 2444 736 his
2477 681 2711 748 auditis,
2777 681 2847 734 ad
2900 681 3142 734 invicem
3199 678 3572 733 conferebant
3615 678 3816 732 dicen-

2099 780 2216 826 tes:
2247 772 2402 837 Quod
2449 773 2498 824 si
2542 770 2847 839 perpetrati
2893 770 3108 823 sceleris
3171 768 3501 822 conscientia
3555 771 3815 819 nostram

2094 860 2408 914 stimularet
2447 858 2743 922 dominam,
2775 872 3120 926 nequaquam
3162 855 3380 910 sibimet
3411 856 3814 921 gravissimum

2095 949 2188 1002 hoc
2213 962 2434 1007 examen
2489 950 2830 1015 proponeret,
2887 948 3050 999 immo
3098 947 3264 998 etiam
3311 944 3380 996 ab
3419 944 3548 997 aliis
3594 957 3814 1011 propo-

2095 1039 2259 1090 situm
2286 1036 2608 1104 repulsaret.
2643 1035 2866 1088 Interea
2899 1048 3158 1087 vomeres
3203 1032 3576 1085 vehementer
3633 1031 3814 1100 igniti

2093 1125 2153 1178 in
2183 1139 2358 1178 unam
2389 1122 2562 1176 delati
2593 1127 2727 1176 sunt
2778 1121 3092 1189 basilicam,
3124 1121 3184 1174 in
3241 1137 3356 1191 qua
3385 1120 3548 1174 beata
3607 1119 3814 1174 Cunc-

2095 1211 2306 1282 gundis
2336 1227 2370 1265 a
2402 1210 2626 1265 duobus
2658 1210 2948 1280 episcopis
2988 1209 3348 1280 dignioribus
3389 1208 3534 1262 sicut
3562 1208 3688 1261 ovis
3735 1209 3814 1261 ad

2097 1302 2383 1355 victimam
2425 1300 2759 1366 ducebatur,
2791 1315 2966 1370 quam
2999 1297 3207 1353 Christi
3237 1297 3523 1351 confessor
3549 1301 3607 1364 et
3628 1297 3818 1350 vesti-

2095 1390 2190 1461 gio
2225 1389 2588 1459 sequebatur.
2639 1387 2746 1452 Qui
2773 1388 2970 1442 videns
3001 1402 3259 1440 vomeres
3314 1385 3592 1439 scintillas
3648 1385 3815 1454 ignis

2096 1483 2456 1548 vaporantes,
2478 1477 2535 1530 in
2560 1476 2644 1528 ira
2669 1476 3060 1530 misericordia
3077 1491 3316 1537 memor,
3347 1490 3588 1539 memor,
3625 1476 3813 1528 etiam

2095 1566 2328 1635 pristini
2392 1565 2603 1618 amoris
2643 1564 2783 1618 dixit
2820 1565 2888 1618 ad
2933 1579 3102 1617 eam:
3159 1563 3397 1629 Quiesce,
3445 1563 3670 1616 domina
3733 1565 3818 1616 mi

2099 1655 2498 1718 amantissima,
2559 1656 2767 1721 quiesce
2849 1654 2988 1706 mihi
3029 1652 3558 1719 desiderantissima,
3612 1667 3808 1721 parce,

2102 1757 2283 1812 queso,
2306 1743 2511 1795 tibimet
2540 1743 2670 1809 ipsi,
2698 1745 2748 1794 et
2780 1757 2846 1794 ne
2875 1743 3048 1796 intres
3096 1743 3155 1794 in
3178 1739 3458 1809 judicium
3517 1740 3628 1804 hoc,
3669 1739 3815 1792 hor—

2098 1832 2260 1886 ribile
2319 1833 2483 1884 etiam
2529 1830 2604 1883 ad
2641 1828 3212 1896 audiendum;-credo
3251 1828 3392 1882 enim
3432 1833 3481 1882 te
3509 1831 3814 1882 immunem

2099 1935 2209 1974 esse
2237 1920 2305 1974 ab
2337 1921 2483 1972 omni
2511 1921 2753 1973 crimine.
2780 1919 2880 1972 llla
2910 1934 3113 1972 sereno
3143 1918 3301 1972 vultu
3347 1917 3645 1988 respondit
3707 1918 3767 1971 ei
3797 1935 3810 1971 :

2101 2008 2254 2075 Quod
2290 2009 2342 2061 si
2379 2007 2530 2061 vobis
2579 2008 2718 2061 mihi
2760 2007 3108 2076 parcentibus
3174 2006 3248 2060 ad
3301 2021 3516 2074 presens
3580 2020 3814 2059 evasero

2093 2097 2386 2167 judicium,
2436 2095 2530 2150 scd
2579 2111 2684 2150 non
2742 2096 2992 2161 evadam,
3035 2095 3179 2163 quod
3232 2096 3488 2148 hactenus
3542 2097 3814 2148 innocens

2098 2187 2336 2240 sustinui
2373 2186 2689 2238 convicium.
2768 2184 3110 2252 Quapropter
3169 2197 3376 2236 necesse
3421 2187 3519 2249 est,
3592 2187 3653 2235 ut
3705 2183 3814 2236 hoc

2099 2274 2366 2338 examine,
2429 2273 2551 2326 licet
2592 2273 2664 2326 sit
2695 2272 2953 2338 terribile,
2996 2288 3079 2325 me
3116 2271 3403 2324 accelerem
3463 2286 3808 2339 expurgare,

2099 2367 2160 2416 ut
2180 2362 2287 2427 his,
2321 2362 2419 2430 qui
2447 2360 2704 2414 hactenus
2736 2363 2873 2414 mihi
2901 2359 3274 2425 detrahebant,
3321 2359 3442 2427 jam
3497 2359 3658 2413 detur
3685 2361 3813 2413 alia

2101 2451 2166 2504 de
2191 2447 2515 2516 Cunegunde
2555 2449 2811 2518 loquendi
2860 2451 3112 2503 materia.
3173 2447 3267 2501 His
3324 2447 3508 2514 dictis,
3556 2448 3811 2501 ﬁducia-

2102 2539 2231 2594 liter
2286 2535 2539 2604 accessit,
2606 2542 2663 2590 et
2711 2538 2943 2591 elevatis
3005 2537 3182 2590 oculis
3225 2535 3283 2588 in
3315 2535 3521 2596 celum.
3603 2536 3808 2591 dixit:

2101 2629 2338 2694 Domine,
2396 2625 2618 2694 adjutor
2663 2631 2712 2679 et
2772 2631 3041 2696 protector
3101 2639 3247 2678 meus
3318 2639 3384 2677 ne
3450 2623 3812 2693 derelinquas

2100 2731 2209 2785 me;
2259 2715 2484 2781 festina,
2541 2715 2784 2782 Domine,
2833 2729 2899 2767 ne
2949 2713 3280 2774 tardaveris,
3340 2711 3433 2763 sed
3480 2713 3540 2764 in
3559 2716 3817 2780 presenti

2101 2803 2450 2858 tribulatione
2495 2802 2722 2854 subveni
2775 2803 2968 2857 ancille
3036 2806 3138 2854 tue.
3191 2801 3281 2866 Te,
3342 2799 3590 2865 Domine,
3640 2802 3812 2861 cuius

2102 2896 2269 2950 oculis
2297 2897 2449 2951 nuda
2476 2897 2526 2948 et
2556 2898 2749 2962 aperta
2799 2896 2928 2945 sunt
2979 2892 3180 2954 omnia,
3269 2892 3338 2952 te,
3387 2889 3633 2956 inquam,
3697 2891 3813 2943 Do-

294 2985 450 3049 riosi,
506 2985 694 3036 estimo
742 2981 906 3050 plane
957 2995 1300 3049 nequaquam
1366 2979 1702 3034 nobilitatem
1753 2983 1988 3034 vestram
2024 2980 2063 3035 C
2103 2986 2262 3051 mine,
2298 2989 2482 3039 testem
2529 2983 2686 3038 hodie
2731 2982 2934 3046 invoco,
2990 2983 3122 3048 quia
3169 2995 3264 3035 nec
3303 2981 3442 3033 hunc
3494 2984 3809 3048 presentem

295 3073 480 3135 latere,
504 3069 648 3138 quod
689 3083 788 3138 per
815 3067 930 3122 dies
984 3069 1194 3137 aliquot
1225 3070 1463 3122 sustinui
1526 3068 1892 3136 obprobrium,
1941 3076 1991 3125 et

295 3161 508 3229 operuit
545 3159 789 3223 confusio
835 3157 1032 3223 faciem
1078 3171 1270 3224 meam,
1312 3160 1536 3225 prapter
1583 3156 1728 3224 quod
1762 3162 1987 3226 potissi-

293 3263 441 3302 mum
495 3261 587 3301 vos
617 3247 898 3300 convenire
948 3245 1115 3310 volui,
1176 3247 1434 3313 quatinus
1480 3245 1547 3298 ab
1589 3247 1990 3303 imminentibus

293 3333 645 3388 incommodis
702 3336 875 3386 vestre
901 3331 1190 3401 prudentie
1245 3333 1466 3386 consilio
1499 3334 1709 3388 valeam
1760 3335 1986 3391 absolvi.

292 3423 444 3479 Nunc
464 3423 649 3489 itaque
677 3436 711 3474 a
743 3427 929 3474 vestra
960 3419 1242 3474 dilectione
1270 3423 1509 3487 requiro,
1541 3424 1758 3476 cuinam
1788 3429 1992 3478 senten-

295 3512 368 3564 tie
421 3515 674 3564 matrona
702 3509 891 3563 debeat
932 3508 1229 3578 subjacere,
1281 3525 1382 3578 que
1421 3514 1716 3580 contempto
1767 3513 1992 3581 conjuge

295 3600 531 3666 legitimo
579 3599 749 3651 alium
801 3599 851 3650 ei
905 3597 1262 3666 superduccre
1313 3601 1720 3667 prosumpserit.
1765 3601 1991 3657 Obsecro

293 3702 417 3754 ergo
447 3690 497 3740 et
524 3685 848 3740 obscerando
889 3688 1154 3755 precipio,
1187 3691 1244 3739 ut
1275 3685 1414 3752 leges
1469 3694 1519 3742 et
1548 3689 1760 3743 decreta
1809 3692 1991 3759 majo—

291 3790 415 3829 rum
464 3775 767 3839 recolentes,
825 3777 991 3842 prout
1030 3774 1255 3842 justitia
1310 3773 1614 3840 dictaverit,
1673 3781 1992 3833 sententiam

288 3863 612 3932 proferatis.
671 3861 764 3915 His
794 3861 1024 3928 auditis,
1077 3867 1194 3915 tam
1243 3861 1531 3934 principes
1583 3881 1757 3935 quam
1801 3867 1991 3920 omnis

292 3950 388 4004 illa
422 3949 719 4004 advocatio
765 3949 1029 4004 lacrimas
1059 3949 1373 4005 fundebant
1424 3952 1768 4020 uberrimas,
1801 3954 1987 4025 impe-

292 4038 489 4092 ratrici
540 4055 748 4109 penam
810 4044 873 4092 ut
926 4038 1206 4109 putabant
1255 4055 1493 4109 passure
1551 4042 1986 4113 compatientes,

293 4143 467 4198 quam
519 4127 794 4182 unimoda
850 4126 1059 4181 virtute
1090 4127 1370 4198 preditam
1423 4145 1544 4183 esse
1573 4136 1881 4199 noverant;
1935 4137 1991 4186 et

289 4215 416 4270 ideo
469 4217 851 4271 detrectantes
913 4216 972 4270 in
1030 4232 1157 4270 eam
1213 4216 1362 4271 ferre
1415 4219 1778 4287 sententiam,
1815 4220 1986 4274 variis

290 4304 594 4377 colloquiis
624 4310 851 4376 tempus
911 4304 1288 4360 redimebant.
1349 4305 1511 4370 Quod
1542 4306 1638 4360 illa
1669 4308 1986 4378 prudenter

294 4393 751 4448 animadvertens
791 4398 848 4447 et
875 4393 1124 4447 femineo
1191 4394 1409 4464 pectori
1460 4394 1685 4450 virilem
1725 4396 1985 4451 inserens

291 4480 574 4546 animum,
603 4495 842 4550 surgens
875 4485 930 4534 et
955 4485 1108 4534 stans
1137 4479 1196 4534 in
1223 4481 1436 4548 medio,
1492 4483 1848 4554 prestitoque
1879 4483 1986 4538 sibi

293 4568 545 4634 silentio,
597 4568 694 4622 sed
739 4572 795 4621 et
842 4568 1108 4622 omnibus
1137 4569 1190 4622 ei
1242 4575 1568 4624 reverenter
1620 4573 1987 4626 auscultanti-

289 4658 398 4711 bus
449 4657 741 4726 eleganter
795 4656 1081 4727 allegabat
1125 4657 1322 4712 dicens
1382 4675 1397 4713 :
1447 4661 1794 4730 Oprincipes
1842 4664 1988 4716 omni

293 4748 488 4801 honore
515 4745 674 4811 digni
710 4749 760 4798 et
805 4745 943 4798 mihi
991 4745 1174 4800 dilecti
1202 4747 1325 4816 jam
1376 4747 1582 4801 dudum
1637 4750 1787 4803 vobis
1837 4766 1984 4804 com—

287 4835 498 4903 placuit
545 4835 830 4897 universis,
889 4836 939 4886 et
995 4833 1271 4888 dominum
1325 4835 1409 4888 vel
1463 4835 1741 4904 conjugem
1814 4853 1986 4892 meum

290 4923 542 4978 dilectum
577 4923 933 4991 imperatoria
961 4921 1231 4988 dignitate
1257 4923 1593 4977 sublimastis
1641 4932 1690 4978 et
1720 4941 1804 4980 me
1823 4941 1986 4995 -par-

290 5013 505 5081 ticipem
534 5013 692 5078 regni
738 5010 855 5079 ejus
892 5025 1004 5064 esse
1061 5013 1331 5075 voluistis,
1380 5015 1432 5064 et
1486 5015 1598 5065 tam
1654 5015 1750 5067 Dei
1802 5017 1988 5082 gratia

287 5115 452 5170 quam
489 5103 671 5153 vestra
729 5101 1106 5154 constitutione
1143 5101 1331 5153 ceteris
1391 5099 1696 5154 hominibus
1725 5106 1986 5170 prestan-

288 5190 451 5242 tiores
508 5202 620 5242 esse
690 5185 1032 5240 videbamur.
1089 5187 1232 5253 Quia
1308 5185 1484 5254 igitur
1564 5189 1706 5242 inter
1753 5188 1986 5255 feminas

284 5277 620 5360 prestantior
642 5290 754 5330 esse
789 5275 996 5344 videor,
1041 5276 1136 5331 sed
1156 5279 1275 5346 jam
1313 5290 1455 5329 nunc
1505 5274 1572 5329 de
1613 5280 1843 5345 pessimo
1880 5279 1984 5331 cri-

287 5365 430 5417 mine
493 5367 728 5430 incusor,
776 5379 983 5419 necesse
1030 5370 1108 5419 est
1173 5371 1234 5419 ut
1287 5379 1386 5432 per
1429 5363 1702 5432 judicium
1748 5365 1988 5421 durissi-

287 5465 454 5518 mum,
515 5453 718 5507 scilicet
765 5451 1046 5508 duodecim
1104 5452 1389 5507 candentes
1436 5467 1689 5520 vomeres,
1747 5455 1815 5509 ab
1888 5455 1988 5510 hac

288 5538 522 5602 infamia
573 5554 653 5593 me
703 5537 851 5594 vobis
906 5539 1248 5610 presentibus
1301 5554 1610 5607 expurgem.
1664 5541 1769 5594 Sed
1849 5546 1987 5596 enim

2098 3074 2431 3139 Heinricum,
2480 3088 2575 3127 nec
2628 3085 2954 3140 quemquam
2981 3072 3161 3124 virum
3187 3072 3360 3125 alium
3406 3068 3620 3123 carnali
3653 3082 3804 3121 com-

2098 3163 2293 3215 mercio
2325 3163 2564 3229 cognovi.
2599 3159 2721 3222 Quo
2751 3158 2964 3225 audito,
3024 3175 3121 3212 rex
3167 3158 3486 3224 infremuit,
3527 3161 3584 3210 et
3608 3172 3804 3210 secre-

2098 3253 2222 3303 tum
2273 3267 2439 3304 suum
2497 3247 2668 3303 celari
2697 3246 2954 3316 cupiens,
3003 3251 3060 3300 et
3116 3247 3245 3301 ideo
3300 3245 3586 3318 loquentis
3628 3245 3806 3315 oppi-

2101 3337 2216 3392 lare
2273 3344 2560 3408 satagens,
2603 3336 2873 3390 atrociter
2937 3335 3294 3404 compressit,
3355 3351 3418 3390 ex
3476 3349 3590 3404 quo
3643 3333 3806 3387 linea

2099 3426 2316 3497 copiosi
2366 3424 2665 3495 sanguinis
2713 3423 2962 3489 efﬂuxit;
3013 3440 3127 3493 quo
3181 3423 3321 3485 viso,
3359 3423 3674 3493 imperator
3701 3439 3802 3474 su-

2099 3514 2328 3568 bitanea
2358 3514 2564 3569 ductus
2610 3511 2952 3584 penitentia,
3007 3511 3162 3565 flevit
3217 3527 3432 3577 amare,
3495 3516 3551 3564 et
3605 3509 3803 3564 doluit

2101 3619 2274 3673 super
2303 3619 2451 3669 eam,
2487 3601 2630 3656 sicut
2669 3599 2852 3654 doleri
2894 3602 3035 3654 solet
3089 3600 3148 3654 in
3183 3605 3366 3654 morte
3401 3597 3799 3670 primogeniti.

2101 3693 2230 3746 Erat
2281 3691 2435 3746 enim
2466 3689 2763 3745 fasciculus
2798 3688 2973 3742 mirre
3016 3688 3223 3743 dilecta
3275 3704 3378 3742 sua
3426 3686 3554 3741 sibi.
3615 3686 3805 3756 Igitur

2100 3779 2222 3850 ipse
2250 3778 2613 3833 retrocedens
2652 3776 2865 3831 exitum
2897 3775 2982 3830 rei
3022 3776 3418 3847 gemebundus
3458 3773 3798 3845 expectavit.

2175 3866 2238 3918 In
2275 3864 2517 3918 Domino
2549 3880 2684 3917 vero
2723 3862 2920 3933 posuit
2949 3878 3108 3933 spem
3131 3867 3324 3916 sancta
3361 3862 3556 3931 virago

2171 3958 2352 4024 Atque
2395 3969 2542 4024 genu
2575 3951 2733 4006 ﬂexit
2761 3955 3144 4022 repetensque
3201 3966 3428 4022 precem
3461 3950 3556 4020 pia
3605 3949 3756 4004 dixit
3785 3967 3798 4004 :

2172 4041 2314 4107 Rex,
2347 4042 2536 4109 opifex
2564 4039 2778 4107 mundi,
2802 4041 2889 4106 fer
2914 4053 3063 4108 Opem
3091 4040 3284 4093 misere
3304 4037 3636 4104 Cunegundi.

2170 4131 2234 4184 Et
2253 4145 2382 4183 cum
2427 4132 2718 4200 presentes
2739 4131 3053 4181 tremerent
3083 4126 3274 4193 nimis,
3313 4126 3654 4197 aspicientes

2170 4218 2489 4273 Candentes
2528 4232 2805 4284 vomeres,
2865 4215 3103 4270 calcavit
3140 4231 3235 4270 eos
3264 4214 3428 4286 quasi
3458 4216 3649 4270 ﬂores.

2170 4305 2420 4359 Undenis
2471 4305 2596 4375 ipsa
2625 4304 2963 4375 peragratis,
2987 4305 3069 4358 nil
3103 4320 3334 4375 quoque
3361 4305 3497 4371 lesa,

2162 4393 2326 4449 Stans
2371 4409 2545 4464 super
2602 4397 2924 4448 extremum
2987 4409 3277 4448 vomerem
3326 4392 3670 4460 veneranda,
3705 4410 3796 4448 su-

3433 4481 3722 4552 [premam

2163 4571 2379 4641 Regem
2417 4569 2687 4638 laudavit,
2715 4586 2818 4641 per
2849 4586 3020 4641 quem
3064 4570 3334 4625 Satanam
3374 4569 3681 4640 superavit.

2092 4662 2288 4731 Itaque
2327 4675 2456 4714 cum
2506 4658 2842 4729 imperatrix
2890 4659 3085 4714 inclita
3142 4659 3212 4713 de
3245 4659 3466 4729 objecto
3526 4657 3634 4713 sibi
3677 4659 3795 4713 cri-

2093 4748 2250 4803 mine
2307 4747 2441 4802 satis
2497 4747 2790 4802 evidenter
2859 4753 3008 4802 esset
3079 4753 3409 4819 expurgata,
3477 4748 3797 4819 imperator

2094 4837 2354 4890 animum
2409 4836 2530 4906 ejus
2573 4835 2874 4890 blandiciis
2948 4836 3190 4891 delinire
3274 4837 3545 4908 gestiens,
3612 4837 3797 4908 ipsius

2095 4926 2268 4980 sacris
2295 4925 2536 4996 pedibus
2589 4926 2944 4995 provolutus,
2977 4925 3056 4980 ait
3087 4941 3100 4981 :
3162 4926 3406 4993 Placare,
3438 4925 3659 4980 domina
3696 4929 3795 4993 mi,

2093 5019 2203 5068 esto
2243 5015 2410 5068 michi
2455 5013 2769 5083 placabilis,
2820 5020 2871 5068 et
2919 5030 2984 5068 ne
3037 5016 3268 5084 repellas
3297 5030 3378 5069 me
3423 5031 3458 5068 a
3504 5017 3692 5081 gratia
3716 5017 3802 5070 vel

2097 5102 2381 5156 dilectione
2427 5108 2540 5157 tua.
2598 5103 2885 5171 Equidem,
2940 5105 3139 5170 fateor,
3169 5104 3393 5172 peccavi
3419 5107 3469 5155 et
3530 5103 3798 5170 insipien-

2099 5191 2180 5243 ter
2208 5193 2296 5258 egi
2324 5193 2383 5243 in
2436 5206 2492 5244 eo
2543 5190 2688 5258 quod
2743 5191 2994 5245 molestus
3045 5192 3136 5258 fui
3190 5191 3312 5256 tibi,
3351 5205 3493 5244 nunc
3529 5189 3650 5258 jam
3697 5206 3801 5257 ago

2093 5281 2463 5348 penitentiam.
2522 5277 2806 5333 Adhereat
2836 5279 3026 5345 lingua
3073 5294 3193 5332 mea
3220 5278 3474 5345 faucibus
3541 5280 3696 5341 meis,
3750 5282 3803 5331 si

2094 5383 2200 5422 non
2222 5367 2326 5422 tibi
2351 5366 2417 5421 de
2443 5371 2610 5421 cetero
2654 5383 2749 5435 ego
2800 5367 3134 5432 satisfecero,
3183 5366 3535 5436 quoadusque
3585 5369 3797 5421 vixero.

2096 5458 2168 5509 At
2217 5455 2319 5508 illa
2366 5455 2694 5510 columbino
2744 5455 3131 5526 simplicitatis
3185 5460 3241 5510 et
3300 5457 3443 5509 mire
3492 5454 3796 5525 patientie,

2101 5545 2405 5597 immemor
2431 5542 2661 5614 injurie,
2692 5559 2916 5598 memor
2963 5544 3285 5603 clementie,
3314 5543 3522 5598 dilecto
3549 5560 3654 5597 suo
3676 5544 3754 5598 ait
3778 5561 3792 5602 :
