3938 6310
116 309 206 360 197
1127 306 1286 361 νιτΑ
1327 308 1382 362 S.
1423 307 1671 363 CUNEGI

1127 306 1286 361 VITA
1327 308 1382 362 S.
1423 307 1858 363 CUNEGUNDIS
1901 308 2014 364 UBI
2064 308 2152 363 DE
2194 309 2249 363 S.
2296 308 2629 365 HENBICO.

3537 315 3639 367 198

111 430 334 483 Domine
366 445 537 495 meus,
570 444 675 483 non
704 444 820 483 mea
858 429 959 483 tibi
991 429 1090 483 sed
1120 432 1217 484 Dei
1250 432 1439 500 potius
1470 436 1548 484 est
1576 431 1819 499 optanda
1857 434 1901 485 A
1932 431 2116 485 bonus
2147 430 2290 486 odor
2328 431 2443 485 sint
2470 432 2586 485 Deo
2644 431 2704 484 in
2744 432 2902 485 omni
2935 432 3080 486 loco.
3144 433 3360 488 Revera
3391 451 3523 489 vera
3552 441 3639 489 est

107 520 284 585 gratia
320 534 333 570 :
373 534 543 587 quam
564 524 624 571 ut
645 519 874 586 pleniter
901 518 1144 587 adipisci
1173 522 1453 585 merearis,
1484 521 1656 573 Deum
1696 523 1824 573 time

105 613 148 659 et
172 606 448 659 mandata
470 606 592 673 ejus
628 608 851 660 observa
891 623 905 672 ;
933 621 1050 659 mea
1079 622 1202 660 vero
1248 623 1377 674 erga
1440 612 1487 660 te
1514 611 1696 675 vigere
1724 608 1824 661 de-

105 695 238 746 votio
266 708 369 747 nec
390 693 561 747 desiit
598 710 693 747 nec
723 693 928 747 desinet
956 694 1274 763 aliquando.
1322 694 1626 748 Enimvero
1688 695 1822 747 visis

104 781 413 834 virtutibus
444 785 503 835 et
529 781 709 850 signis
739 781 825 835 his
855 798 965 852 que
1020 782 1231 836 ﬁebant
1269 783 1369 850 ibi,
1430 783 1667 837 collecta
1688 798 1822 836 con-

105 870 185 921 cio
225 869 495 938 gaudens
525 870 814 939 gaudebat
835 870 896 924 in
945 871 1206 924 Domino.
1240 870 1533 941 Siquidem
1588 870 1824 925 tristicia

109 956 471 1025 imperatrici
516 957 942 1012 condolentium
986 975 1149 1011 versa
1199 965 1285 1011 est
1326 959 1387 1011 in
1436 959 1734 1029 gaudium,
1768 965 1824 1012 et

109 1045 201 1114 qui
234 1060 373 1098 cum
435 1045 611 1099 ﬂente
659 1046 956 1115 ﬂeverant,
1004 1047 1125 1116 jam
1171 1046 1447 1116 gaudenti
1500 1047 1821 1117 congaude-

115 1136 270 1188 bant.
314 1133 503 1203 Igitur
539 1151 740 1188 omnes
779 1151 914 1189 voce
948 1134 1205 1188 unanimi
1232 1135 1548 1205 gratiarum
1574 1136 1824 1189 actiones

112 1221 373 1275 omnium
432 1223 834 1292 persolvebant
891 1223 1258 1289 dominatori,
1318 1223 1419 1294 qui
1474 1223 1607 1278 facit
1646 1223 1824 1277 mira-

114 1309 248 1363 biles
277 1325 396 1375 res,
429 1312 531 1381 qui
563 1311 658 1382 pia
697 1311 1116 1383 dispensatione
1146 1329 1278 1366 suos
1335 1312 1618 1382 permittit
1672 1318 1821 1367 tem-

114 1397 253 1466 ptari
309 1400 548 1459 electos,
613 1409 677 1454 ut
732 1400 1219 1471 quemadmodum
1269 1405 1544 1467 aromata,
1608 1406 1822 1471 quanto

113 1485 379 1539 subtilius
429 1488 569 1541 trita
594 1488 830 1555 fuerint,
879 1495 1039 1543 tanto
1081 1490 1358 1559 majorem
1413 1489 1663 1543 reddunt
1712 1490 1822 1542 fra-

114 1575 426 1642 grantiam,
466 1576 546 1629 ita
581 1583 637 1631 et
659 1577 825 1631 electi
876 1577 1341 1632 tribulationibus
1371 1577 1594 1647 probati
1619 1577 1825 1631 Christi

1382 1756 1714 1763 .—_—.__._..—

119 1753 377 1761 —__.

3050 521 3180 575 Non
3237 528 3409 591 potest
3445 526 3638 578 civitas

1933 609 2191 663 abscondi
2236 624 2398 677 super
2456 616 2687 664 montem
2734 613 2937 678 posita,
2999 626 3167 679 neque
3213 613 3510 665 accendunt
3561 612 3639 665 lu-

1932 714 2145 752 cernam
2178 699 2395 766 (Matth.
2441 714 2494 763 v,
2531 700 2642 766 14),
2676 704 2733 752 et
2765 707 2973 752 cetera.

2003 786 2117 840 Sub
2152 787 2343 839 modio
2371 786 2555 856 posita
2579 786 2685 840 fuit
2714 788 2918 841 ardens
2952 788 3049 840 illa
3102 788 3351 841 lucerna.

2004 874 2163 927 Hauc
2219 874 2431 927 etenim
2465 880 2701 944 nuptam
2735 874 2897 945 prius
2929 891 3128 928 omnes
3156 891 3277 928 esse
3335 874 3636 944 putabant,

2007 961 2264 1031 Denique
2308 966 2639 1031 corruptam
2692 978 2796 1031 per
2852 962 3208 1016 adulterium
3254 963 3637 1033 reputabant;

2002 1049 2113 1103 Sed
2154 1065 2265 1119 que
2294 1049 2572 1119 virginem
2606 1050 2807 1103 florem
2831 1051 3075 1104 servavit
3119 1050 3180 1104 in
3231 1066 3423 1117 evum,

2002 1138 2228 1191 Judicio
2252 1143 2392 1191 teste
2412 1137 2548 1190 satis
2579 1138 2787 1192 enituit
2814 1139 3133 1193 manifeste.

2001 1226 2165 1289 Quod
2198 1224 2325 1296 pius
2368 1226 2661 1279 Heinricus
2708 1228 2898 1293 fuerit,
2953 1227 3107 1297 quod
3167 1226 3332 1296 virgo
3371 1226 3635 1296 pudicus,

2004 1316 2097 1368 Est
2124 1314 2569 1381 manifestatum,
2634 1316 2767 1368 licet
2826 1315 2976 1369 haud
3006 1315 3178 1369 fuerit
3231 1316 3340 1369 sibi
3369 1321 3627 1385 gratum.

2003 1402 2256 1456 Pessima
2283 1403 2558 1473 ﬁgmenta
2586 1403 2790 1458 Satane
2820 1409 2951 1457 sunt
2987 1404 3350 1457 adnichilata.

2004 1491 2237 1545 Femina
2263 1490 2401 1545 dum
2440 1491 2659 1561 fragilis
2711 1492 2921 1546 Satana
2962 1496 3278 1561 temptante
3338 1491 3633 1562 probatur,

2004 1579 2284 1633 Omnibus
2312 1580 2540 1634 odibilis
2570 1580 2804 1633 zabulus
2829 1596 2933 1649 per
2959 1596 3083 1632 eam
3130 1579 3490 1650 reprobatur.

1932 521 2235 588 sententia,
2286 537 2459 591 quam
2524 521 2798 575 Dominus
2855 521 2935 574 ait
2986 537 2998 574 :

619 1881 1044 2003 VITA
1137 1879 1875 2003 SANCTAE
1965 1880 3134 2008 CUNEGUNDIS

1406 2104 1873 2143 IMPERATRICIS
1922 2105 1992 2142 ΕΤ
2038 2104 2361 2143 VIRGINIS.

156 2245 830 2310 OBSERVATIONES
881 2245 1227 2311 PRZEVIJE
1278 2248 1407 2311 UBI
1461 2248 1559 2311 DE
1609 2249 1920 2314 SANCTO
1971 2249 2318 2316 HENRICO
2370 2251 2932 2331 IMPERATORE,
2984 2253 3173 2320 EJUS
3225 2255 3578 2321 CONJUGE

700 2386 881 2455 (Apud
918 2385 1150 2453 Mabill.,
1184 2387 1323 2441 Acta
1354 2388 1449 2442 SS.
1484 2389 1693 2443 ordinis
1722 2389 1775 2444 S.
1812 2390 2104 2458 Benedicti,
2148 2391 2352 2445 Smculi
2383 2392 2467 2459 Vl,
2501 2397 2662 2462 parte
2684 2409 2745 2462 Il,
2774 2408 2904 2464 pag.
2942 2393 3066 2448 451.

1718 2568 2111 2576 μονῇ-

184 2695 232 2742 l.
266 2691 377 2742 Par
406 2689 631 2742 illustre
655 2690 965 2758 conjugum
990 2688 1158 2742 simul
1191 2693 1248 2742 et
1277 2688 1588 2765 virginum,
1614 2689 1819 2742 Henri-
1863 2690 1899 2743 Β
1931 2689 2205 2759 obsequio
2255 2690 2608 2759 mancipatos
2656 2707 2770 2745 non
2825 2692 2998 2746 modo
3044 2709 3146 2747 sua
3192 2694 3529 2747 auctoritate
3578 2700 3635 2748 et

114 2794 239 2831 cum
271 2778 493 2831 scilicet
511 2776 919 2847 imperatorem
949 2783 1005 2830 et
1034 2777 1445 2846 Cunegundem
1477 2782 1812 2847 Augustam,

113 2867 230 2935 ejus
261 2882 525 2931 uxorem,
551 2865 753 2919 merito
784 2865 891 2918 sibi
918 2865 1166 2919 vindicat
1197 2864 1338 2918 ordo
1377 2865 1773 2919 Benedictinus
1798 2882 1809 2919 :

113 2972 362 3026 quorum
392 2955 511 3019 ille,
570 2953 894 3008 obedientia
938 2969 1114 3025 quam
1147 2953 1359 3022 regulae
1390 2958 1618 3007 voverat
1648 2954 1815 3007 astri-

111 3050 252 3110 ctus,
308 3045 371 3097 in
433 3043 643 3096 saeculo
701 3057 1049 3109 remanens;
1095 3043 1271 3095 altera
1321 3058 1453 3095 vero
1525 3047 1657 3112 post
1707 3041 1812 3095 viri

110 3134 355 3198 obitum,
402 3136 664 3203 suscepto
716 3132 1028 3186 monastico
1091 3131 1312 3195 habitu,
1372 3146 1435 3184 ac
1494 3131 1552 3184 in
1622 3135 1813 3185 sancta

108 3222 538 3276 conversatione
561 3220 621 3275 in
656 3220 1004 3274 monasterio
1054 3218 1444 3289 Confugiensi,
1496 3219 1647 3289 quod
1694 3220 1812 3289 ipsa

109 3327 139 3364 a
180 3310 572 3365 fundamentis
621 3313 898 3374 erexerat,
957 3308 1129 3361 vitam
1184 3307 1413 3374 ﬁniens,
1454 3306 1600 3360 inter
1633 3308 1813 3361 sancti

111 3401 289 3453 Patris
350 3397 638 3453 Benedicti
688 3398 950 3451 alumnos
986 3396 1187 3451 merito
1210 3395 1532 3466 computari
1576 3396 1805 3450 debent.

150 3492 203 3542 2.
240 3490 418 3542 Porro
451 3486 674 3540 animus
734 3502 848 3539 non
897 3490 983 3538 est
1031 3485 1122 3537 hic
1181 3485 1249 3538 de
1284 3484 1585 3554 utriusque
1624 3485 1811 3554 majo-

108 3578 264 3630 ribus
298 3593 365 3630 ac
394 3575 740 3629 familiarum
772 3573 1112 3644 antiquitate
1155 3577 1254 3627 aut
1283 3572 1582 3627 nobilitate
1631 3572 1810 3626 disse-

109 3682 257 3732 rere;
294 3682 401 3719 nec
436 3664 607 3718 etiam
641 3679 729 3717 res
785 3663 1040 3734 ipsorum
1098 3662 1158 3715 in
1214 3661 1543 3732 reipublicae
1575 3660 1811 3715 admini-

103 3755 379 3808 stratione
438 3752 662 3822 egregie
708 3757 894 3821 gestas
943 3750 1122 3804 fusius
1160 3766 1443 3821 exponere
1482 3753 1656 3804 vacat.
1694 3751 1808 3804 Hoc

100 3859 308 3913 nempe
344 3842 413 3896 ad
445 3858 542 3895 eos
582 3840 681 3911 qui
720 3839 963 3895 Romani
992 3839 1218 3909 imperii
1249 3838 1556 3892 annalibus
1587 3837 1807 3892 descri-

104 3932 303 3986 bendis
333 3930 673 3984 incumbunt
699 3929 963 3999 pertinet,
997 3927 1146 3998 quod
1163 3928 1283 3997 jam
1314 3926 1554 3981 amultis
1578 3927 1804 3982 abunde

103 4020 425 4090 praestitum
455 4023 559 4072 est.
591 4017 760 4071 Nobis
782 4017 975 4087 itaque
1004 4016 1137 4069 satis
1198 4015 1307 4070 erit
1355 4032 1804 4070 commemorare

102 4123 164 4160 ea
194 4108 407 4178 quibus
427 4110 621 4159 noster
650 4105 791 4159 ordo
838 4104 949 4174 piis
978 4104 1090 4158 illis
1136 4104 1493 4174 principibus
1541 4103 1804 4159 astrictus

102 4205 203 4261 est,
233 4196 512 4266 praeclara
544 4194 752 4248 scilicet
803 4198 859 4247 et
896 4193 1178 4247 immensa
1234 4191 1508 4247 beneﬁcia
1548 4209 1678 4264 quae
1718 4209 1803 4247 or-

98 4285 216 4338 dini
289 4283 656 4339 Benedictino
734 4282 1098 4335 contulerunt
1147 4302 1161 4349 ;
1221 4286 1321 4336 aut
1368 4281 1601 4352 egregia
1657 4282 1804 4336 facta

96 4374 310 4445 piaqne
363 4388 539 4443 opera
595 4371 801 4442 quibus
848 4370 1115 4424 eumdem
1162 4370 1611 4426 illustraverunt.
1664 4371 1804 4424 Hinc

95 4464 247 4517 beati
290 4461 519 4516 Henrici
572 4460 755 4514 Vitam
801 4460 1054 4530 proferre
1104 4459 1215 4513 huc
1262 4460 1542 4529 integram
1617 4459 1802 4521 visum

95 4568 210 4605 non
271 4556 360 4604 est
413 4565 605 4619 operas
651 4548 922 4618 pretium,
973 4546 1127 4618 quod
1199 4549 1380 4601 multa
1435 4546 1722 4600 contineat
1769 4565 1802 4600 a

96 4647 291 4695 nostro
341 4640 606 4693 instituto
640 4653 872 4709 prorsus
902 4636 1108 4690 aliena.
1156 4637 1375 4691 Sanctia
1435 4652 1567 4689 vero
1622 4635 1802 4705 ipsius

93 4727 356 4799 conjugis
387 4726 591 4791 Vitam,
648 4725 892 4796 qualiter
922 4741 953 4777 a
1000 4724 1260 4778 Gretsero
1316 4729 1373 4776 et
1430 4721 1698 4775 Bollando
1729 4720 1802 4774 ad

97 4818 246 4871 diem
284 4819 313 4871 3
349 4814 534 4870 Martii
591 4813 742 4866 edita
773 4818 876 4877 est,
919 4812 987 4866 ad
1049 4812 1356 4865 nonnullos
1407 4811 1624 4864 codices
1673 4826 1800 4863 ma-

97 4905 419 4975 nuscriptos
476 4901 744 4956 collatam
785 4900 933 4954 infra
974 4900 1259 4965 dabimus,
1313 4902 1513 4968 utpote
1543 4899 1799 4969 comple-

94 5002 340 5048 ctentem
372 5008 440 5045 ea
465 4990 583 5043 fere
634 4987 997 5042 solummodo
1038 5002 1167 5057 quos
1202 4986 1317 5057 egit
1364 4986 1421 5039 in
1450 4987 1799 5040 monasterio

94 5079 484 5152 Confugiensi,
534 5078 633 5132 ubi
682 5081 810 5148 post
857 5080 1151 5147 peractum
1202 5075 1261 5129 in
1315 5075 1445 5129 vita:
1517 5075 1798 5145 religiosae

94 5170 375 5224 erercitiis
419 5167 644 5237 aliquot
699 5181 982 5220 annorum
1041 5164 1415 5230 curriculum,
1471 5162 1695 5217 vivendi
1726 5164 1801 5217 ﬁ—

97 5277 222 5315 nem
256 5259 482 5313 habuit.

160 5352 208 5404 3.
247 5349 524 5403 Henricus
557 5345 748 5414 itaque
782 5360 811 5397 e
844 5342 1092 5396 Bavariaz
1121 5341 1283 5409 duce,
1310 5346 1437 5411 post
1466 5338 1689 5394 Ottonis
1722 5340 1795 5392 ΙΙΙ

93 5437 457 5509 imperatoris
501 5433 726 5487 obitum
773 5433 957 5487 Caesar
1001 5447 1150 5485 anno
1202 5429 1337 5483 l00'2
1376 5434 1619 5493 creatus,
1654 5427 1795 5480 nihil

94 5527 383 5599 antiquius
418 5522 619 5577 habuit
676 5537 847 5593 quam
902 5525 961 5574 ut
1021 5518 1323 5574 Ecclesium
1379 5516 1642 5587 virosque
1696 5514 1795 5569 Dei

1927 2778 2282 2849 protectione
2349 2778 2586 2844 foveret,
2641 2779 2739 2833 sed
2796 2780 2970 2835 etiam
3037 2787 3101 2835 ut
3149 2781 3313 2835 bonis
3368 2782 3632 2835 omnibus

1925 2867 2224 2921 affluenter
2278 2867 2545 2935 dotaret;
2587 2884 2699 2939 qua
2731 2868 2790 2922 in
2843 2885 2904 2923 re
2938 2870 3351 2941 Cunegundem
3413 2872 3627 2926 nedum

1926 2954 2285 3024 adjutricem,
2320 2955 2416 3008 sed
2442 2960 2497 3008 et
2542 2956 2917 3010 incitatricem
2977 2957 3243 3025 habebat,
3279 2964 3472 3029 utpote
3503 2976 3632 3030 quae

1928 3060 2043 3097 non
2065 3043 2273 3098 minori
2303 3044 2490 3098 studio
2522 3061 2586 3097 ac
2626 3044 2803 3115 ipsius
2841 3047 3047 3116 conjux
3095 3047 3165 3101 ad
3192 3064 3259 3101 ea
3289 3064 3417 3118 que
3449 3049 3630 3103 Deum

1924 3133 2275 3204 spectabant,
2323 3132 2587 3187 ferretur.
2622 3133 2763 3187 Hinc
2817 3134 3181 3204 episcopatus
3215 3143 3314 3190 aut
3362 3137 3431 3190 de
3479 3154 3629 3192 novo

1924 3222 2120 3290 erecti,
2150 3227 2250 3275 aut
2276 3221 2545 3288 restituti,
2604 3227 2705 3277 aut
2762 3231 2913 3277 certe
2971 3224 3131 3277 novis
3170 3227 3631 3294 possessionibus

1923 3311 2127 3364 abillis
2169 3310 2395 3364 adaucti
2444 3310 2659 3382 passim
2702 3316 3115 3366 memorantur.
3170 3314 3401 3367 Nullum
3451 3315 3630 3369 ferme

1918 3398 2028 3452 fuit
2051 3398 2138 3453 his
2176 3398 2533 3469 temporibus
2558 3399 2617 3452 in
2646 3398 2891 3469 imperio
2924 3401 3180 3454 Romano
3211 3403 3627 3456 monasterium

1921 3487 2075 3558 quod
2103 3502 2303 3541 eorum
2328 3486 2704 3541 beneﬁcentia
2732 3492 2830 3541 aut
2862 3493 3247 3542 restauratum
3279 3505 3395 3543 non
3426 3490 3621 3557 fuerit,

1919 3581 2019 3630 aut
2050 3575 2110 3629 in
2139 3574 2254 3629 suis
2284 3574 2743 3645 possessionibus
2785 3576 3190 3631 confirmatum
3251 3582 3309 3631 et
3340 3579 3498 3631 novis
3528 3595 3627 3633 cu-

1918 3665 2222 3719 mulatum.
2267 3664 2482 3718 Enituit
2511 3680 2645 3717 sane
2676 3664 2827 3718 inter
2875 3666 3154 3736 prmelara
3203 3682 3406 3721 eorum
3453 3684 3629 3737 opera

1921 3752 2462 3821 Bambenbergensis
2515 3752 2874 3823 episcopatus
2927 3754 3160 3821 erectio,
3218 3771 3321 3826 pro
3389 3772 3504 3828 qua
3564 3773 3623 3811 re

1917 3855 2021 3893 nec
2051 3840 2370 3911 sumptibus
2396 3847 2794 3911 pepercerunt,
2851 3858 2956 3896 nec
2997 3842 3308 3909 laboribus,
3360 3842 3461 3915 qui
3493 3861 3627 3899 sane

1916 3929 2085 3983 multi
2131 3929 2383 3994 fuerunt,
2430 3934 2553 3983 tum
2592 3949 2622 3983 a
2672 3930 3128 4002 Wirceburgensi
3183 3932 3472 4005 episcopo,
3527 3934 3627 4005 qui

1916 4034 2068 4087 δίει-θ
2098 4018 2332 4084 ferebat,
2364 4018 2621 4073 dimcesis
2679 4036 2796 4073 suae
2827 4026 3048 4089 partem
3101 4021 3172 4075 ab
3232 4021 3474 4076 Ecclesia
3517 4022 3627 4077 sibi

1914 4105 2217 4159 commissa
2237 4106 2449 4172 divelli,
2482 4112 2605 4161 tum
2632 4107 2701 4160 ab
2734 4107 2873 4177 ipsis
2931 4107 3048 4161 suis
3093 4110 3539 4177 consanguineis
3566 4117 3621 4163 et

1913 4193 2295 4264 principibus,
2319 4195 2420 4265 qui
2450 4212 2514 4249 ea
2546 4195 2755 4265 specie,
2790 4196 2943 4265 quod
2970 4196 3205 4249 familiae
3232 4214 3350 4250 sum
3376 4197 3528 4251 bona
3550 4213 3617 4251 eo

1913 4287 2075 4353 pacto
2105 4283 2538 4352 dissiparentur,
2591 4284 2858 4337 adversus
2898 4289 3158 4337 sanctum
3206 4282 3615 4354 imperatorem

1915 4369 2281 4423 rebellarunt.
2343 4369 2449 4423 Sed
2520 4369 2643 4423 hinc
2697 4370 2891 4423 omnia
2949 4370 3222 4424 Henricus
3303 4376 3360 4426 et
3406 4371 3623 4442 insigni

1916 4457 2386 4527 magnanimitate
2418 4460 2475 4516 et
2508 4456 2829 4511 incredibili
2881 4456 3159 4528 patientia
3211 4459 3347 4513 vicit
3374 4464 3431 4513 et
3461 4476 3623 4531 supe-

1914 4544 2076 4598 ravit.

1981 4634 2031 4685 4.
2065 4634 2271 4686 Verum
2303 4648 2373 4685 ne
2404 4640 2565 4689 nova:
2604 4632 2755 4687 sedis
2786 4635 2938 4687 clero
2987 4633 3210 4688 deesset
3249 4635 3387 4690 ordo
3418 4652 3617 4690 mona-

1912 4721 2102 4787 sticus,
2133 4720 2189 4773 in
2222 4725 2416 4774 monte
2443 4720 2609 4790 juxta
2636 4722 2841 4776 urbem
2872 4724 2944 4777 ad
2975 4725 3370 4794 aquilonarem
3395 4731 3615 4795 partem

1914 4810 2119 4879 posito,
2173 4808 2272 4881 qui
2328 4809 2532 4864 exinde
2580 4811 2735 4864 Mons
2807 4812 3213 4866 Monachorum
3268 4812 3453 4867 dictus
3511 4820 3617 4880 est,

1914 4898 2133 4969 insigne
2180 4897 2595 4952 monasterium
2653 4899 2756 4952 sub
2802 4900 2980 4954 sancti
3042 4901 3330 4955 Michaelis
3385 4907 3617 4956 caetero-

1912 5003 2156 5058 rumque
2188 4987 2525 5057 angelorum
2558 4986 2879 5056 patrocinio
2919 4993 3243 5056 erexerunt,
3278 4992 3434 5060 quod
3466 4992 3614 5045 mul-

1910 5077 1983 5131 tis
2012 5075 2465 5147 possessionibus
2502 5092 2567 5129 ac
2614 5075 2850 5146 praediis
2882 5076 3161 5143 dotatam,
3198 5078 3268 5131 ab
3329 5078 3488 5131 omni
3519 5095 3611 5132 ex-

1909 5169 2070 5219 terna
2108 5168 2388 5233 potestate
2447 5163 2716 5230 liberum,
2771 5165 2985 5233 regulae
3044 5164 3425 5219 Benedictinee
3453 5166 3616 5219 addi-

1825 5253 1866 5305 ι)
1904 5256 2133 5306 xerunt.
2184 5251 2368 5322 Ipsius
2424 5252 2843 5307 dedicationem
2899 5268 3050 5306 anno
3122 5254 3247 5307 1021
3319 5254 3620 5325 consignat

1905 5340 2254 5395 Trithemius
2283 5339 2341 5394 in
2364 5356 2514 5395 nova
2550 5340 2798 5395 editione
2856 5340 3275 5411 Hirsaugiensis
3326 5342 3612 5399 Cbronici.

1907 5444 2078 5500 quam
2114 5429 2185 5483 ab
2203 5427 2530 5483 Eberhardo
2560 5429 2750 5500 primo
2772 5429 3321 5498 Bambenbergensis
3352 5429 3615 5486 Ecclesia:

1907 5515 2172 5586 episcopo
2222 5532 2340 5570 cum
2387 5532 2598 5571 summa
2662 5517 2940 5573 devotione
2977 5516 3182 5573 factam
3230 5517 3402 5573 fuisse
3457 5535 3612 5575 com-
