3938 6320
303 297 402 349 199

1292 285 1451 343 VITA
1489 285 1547 342 S.
1587 283 2044 351 CUNEGUNDIS,
2100 284 2211 340 UBl
2254 284 2342 342 DE
2381 287 2437 340 S.
2481 281 2813 341 HENRICO.

3707 287 3816 339 200

297 421 596 475 memorat.
645 416 957 470 Servantur
1012 412 1183 467 etiam
1233 428 1387 466 nunc
1456 410 1514 464 in
1581 409 1743 468 istius
1791 425 1989 463 mona-
2031 411 2073 464 Α
2107 409 2336 463 collatas
2387 412 2684 474 assereret,
2725 411 2781 461 et
2814 406 3107 478 flagellum
3137 405 3519 478 corruptionis
3557 406 3814 460 certissi-

296 506 459 561 sterii
501 505 773 558 thesauro
817 501 1065 572 pretiosa
1101 500 1345 563 cimelia,
1403 514 1531 569 quae
1590 497 1698 568 ipsi
1749 514 1783 550 a
1813 498 1996 550 Cune-

297 596 493 666 gunde
522 593 724 646 collata
744 596 898 656 sunt,
951 589 1102 642 inter
1131 604 1260 659 qum
1297 603 1326 640 a
1361 584 1744 640 Bollandiauis
1801 601 1996 638 recen-

297 687 495 736 sentur
555 681 614 734 in
644 679 1069 749 prolegomenis
1101 677 1168 730 ad
1216 675 1394 744 ipsius
1449 675 1654 742 Vitam,
1687 689 1846 727 num.
1880 675 1947 726 25
1983 690 1995 727 :

299 772 445 826 Crux
494 785 668 822 aurea
717 767 908 836 operis
942 765 1118 818 Graeci
1189 762 1594 834 antiquissimi,
1651 762 1736 816 uti
1796 779 1862 815 ex
1916 762 1990 815 in-

297 857 702 928 scriptionibus
759 860 814 908 et
869 853 1070 923 tiguris
1123 853 1390 922 colligere
1448 851 1581 905 licet
1631 868 1644 918 ;
1704 850 1996 920 cingulum

298 946 478 1017 ipsius
543 945 724 998 beatae
800 941 1193 1010 Cuuegundis,
1260 956 1388 992 cum
1457 939 1714 1009 ejusdem
1774 937 2001 991 coronis

297 1032 519 1087 duabus
556 1048 623 1084 ex
655 1029 915 1100 gemmis.
950 1028 1230 1082 Floruisse
1262 1027 1432 1080 etiam
1465 1043 1533 1079 eo
1579 1027 1636 1080 in
1684 1027 1807 1080 loco
1841 1042 1996 1079 com-

297 1121 492 1190 plures
553 1118 812 1172 doctrina
870 1120 926 1168 et
982 1116 1279 1168 sanctitate
1333 1113 1482 1166 viros
1535 1114 1784 1167 illustres
1846 1114 1998 1166 idem

300 1212 495 1260 auctor
524 1205 803 1258 observat.
848 1223 874 1253 α
936 1203 1117 1268 Multi,
1155 1202 1365 1272 inquit,
1418 1202 1487 1256 ad
1553 1217 1768 1255 annum
1841 1203 1996 1263 l007,

297 1309 555 1349 successu
632 1291 908 1362 temporis
959 1291 1258 1354 clarissimi
1318 1289 1445 1354 viri,
1508 1290 1612 1343 sub
1685 1291 2000 1344 mouastico

297 1382 583 1436 schemate
615 1380 673 1433 in
709 1380 906 1433 eodem
967 1377 1223 1432 coenobio
1280 1379 1620 1443 ﬂoruerunt,
1678 1378 2000 1432 eruditione

298 1476 355 1524 et
404 1471 533 1523 vitai
595 1468 802 1522 merito
857 1474 1108 1521 sanctam
1163 1468 1513 1520 illustrautes
1593 1467 1920 1520 Ecclesiam.
1970 1487 1997 1518 ιβ

297 1558 514 1612 Saeculo
536 1555 799 1627 sequenti
833 1571 964 1608 cum
997 1571 1065 1608 eo
1096 1555 1152 1608 in
1200 1555 1322 1608 loco
1354 1554 1632 1624 regularis
1679 1554 2000 1608 observatio

298 1645 600 1716 paululum
652 1643 948 1713 tepuisset,
1023 1659 1169 1708 eam,
1237 1643 1570 1695 restauratis
1628 1642 1688 1695 in
1745 1643 1996 1712 primum

300 1734 664 1804 splendorem
689 1731 965 1794 aediliciis,
997 1731 1354 1800 postliminio
1421 1731 1707 1785 revocavit
1770 1736 1999 1785 sanctus

301 1823 430 1874 Otto
456 1819 1003 1889 Bambenbergensis
1050 1820 1304 1885 antistes,
1357 1835 1490 1873 usus
1545 1819 1735 1873 hocin
1762 1820 1996 1889 negotio

302 1907 792 1980 Hirsaugiensium
832 1907 1246 1961 monachorum
1305 1924 1500 1978 opera,
1546 1907 1646 1980 qui
1693 1913 1828 1961 tunc
1861 1915 2001 1962 tem-

299 1997 456 2069 poris
522 1996 952 2051 Benedictinum
1001 1996 1259 2049 ordinem
1339 2011 1443 2067 per
1509 1997 1830 2050 universam
1871 1998 2001 2050 Ger-

301 2084 550 2138 maniam
605 2089 660 2136 et
696 2083 993 2137 sanctitate
1061 2099 1290 2136 morum
1341 2088 1398 2137 et
1467 2087 1728 2137 accurata
1783 2085 1999 2153 regula:

301 2172 460 2243 praxi
512 2171 891 2226 illustrabant.
953 2171 1228 2226 Ceterum
1278 2171 1503 2241 insigne
1569 2171 1774 2226 Montis
1822 2172 2002 2226 sancti

303 2261 588 2315 Michaelis
639 2260 962 2314 caenobium
1031 2260 1141 2314 huc
1206 2275 1387 2330 usque
1436 2266 1782 2330 perseverat,
1841 2261 2004 2330 cujus

301 2349 573 2403 abbatum
643 2349 964 2419 catalogum
1040 2347 1270 2402 exhibet
1337 2354 1536 2403 noster
1601 2350 1902 2406 Bucelinus
1943 2350 2003 2404 in

304 2436 610 2492 Germania
633 2451 816 2491 sacra.

375 2528 427 2577 5.
453 2523 727 2578 Henricus
774 2524 833 2578 in
892 2524 1112 2577 Italiam
1169 2524 1457 2594 profectus
1507 2523 1864 2578 vindicandas
1914 2526 2009 2580 ad-

299 2628 497 2666 versus
527 2612 747 2666 Grmcos
800 2613 1058 2666 Ecclesite
1101 2628 1292 2675 causa,
1321 2634 1342 2660 α
1395 2613 1859 2668 Beneventanum
1893 2630 2008 2668 mo-

302 2700 615 2755 nasterium
665 2699 939 2768 condidit,
988 2722 1015 2749 »
1072 2700 1247 2771 quod,
1303 2705 1366 2753 ut
1405 2700 1580 2755 refert
1622 2701 1800 2770 ipsius
1867 2703 2008 2756 Vitie.

303 2793 520 2855 auctor,
543 2804 667 2858 cap.
699 2791 787 2855 22,
828 2811 856 2838 ‹‹
882 2788 1041 2842 omni
1063 2795 1298 2842 ornatus
1329 2789 1528 2842 decore
1559 2789 1944 2860 locupletavit.
1978 2811 2005 2841 ιι

305 2879 379 2932 Ex
402 2877 678 2932 Chronico
700 2878 979 2932 Dithmari
1027 2877 1175 2931 libro
1233 2892 1322 2931 vn
1371 2877 1640 2931 discimus
1691 2879 1761 2932 ab
1808 2879 2006 2932 eodem

2106 512 2266 551 mum
2293 497 2520 566 signum
2587 495 2912 550 dilectionis
2969 511 3091 549 esse
3144 495 3477 549 afﬁrmaret.
3540 497 3816 550 Fomenta

2104 589 2296 639 tamen
2326 585 2684 638 curationum
2717 585 2824 638 sibi
2858 585 2992 639 fecit
3046 583 3329 651 adhiberi,
3361 584 3458 638 sed
3505 584 3663 638 nulla
3693 599 3816 638 me-

2106 671 2362 726 dicorum
2397 671 2707 726 subtilitate
2735 672 2808 726 ad
2859 671 3148 741 integrum
3207 670 3394 742 potuit
3433 671 3686 726 liberari.
3721 672 3817 724 lu-

2107 765 2469 829 gravescente
2524 765 2716 814 autem
2791 759 3008 825 dolore,
3089 760 3347 813 ascendit
3405 765 3658 814 montem
3719 761 3820 814 Ca-

2105 849 2295 901 sinum
2338 889 2350 902 .
2397 888 2410 902 .
2456 887 2470 901 .
2515 889 2527 902 .
2570 847 2764 918 ibique
2807 863 2910 916 per
2949 847 3416 900 intercessionem
3493 847 3644 901 beati
3717 848 3816 900 Be-

2107 936 2317 989 nedicti
2347 940 2402 989 et
2426 939 2636 989 sanctas
2689 935 3044 989 Scholasticm
3105 935 3368 1006 precibus
3429 939 3484 988 et
3542 936 3816 1004 lacrymis

2105 1023 2416 1095 postulavit
2461 1039 2495 1077 a
2551 1025 2666 1078 Deo
2723 1025 2964 1077 salutem
3024 1024 3279 1092 corporis
3333 1030 3388 1077 et
3446 1025 3653 1077 animas
3703 1024 3814 1076 sibi

2107 1112 2384 1184 prmstari.
2421 1112 2843 1182 Impletumque
2873 1117 2958 1164 est
3000 1111 3153 1181 quod
3217 1127 3316 1182 per
3350 1113 3689 1182 Prophetam
3724 1112 3820 1165 di-

2107 1203 2292 1256 citur:
2345 1201 2630 1271 Exquisivi
2678 1202 2984 1254 Dominum
3017 1207 3074 1254 et
3129 1201 3420 1254 exaudivit
3469 1217 3582 1266 me,
3637 1208 3694 1254 et
3750 1217 3817 1253 ex

2109 1289 2378 1343 omnibus
2435 1287 2900 1342 tribulationibus
2984 1288 3127 1343 meis
3197 1289 3410 1358 eripuit
3479 1304 3569 1342 me
3644 1289 3817 1358 (Psal.

2107 1382 2326 1444 xxxm).
2389 1378 2527 1430 Nam
2582 1378 2747 1447 petiit
2800 1383 2858 1430 et
2914 1377 3215 1432 exauditus
3265 1385 3394 1442 est;
3455 1377 3701 1447 pulsavit
3744 1377 3814 1430 ad

2108 1465 2318 1519 ostium
2347 1469 2777 1534 perseveranter
2833 1464 3157 1518 miserantis
3205 1465 3494 1536 potentiae,
3547 1471 3605 1518 et
3633 1466 3814 1518 intro-

2108 1552 2316 1607 missus
2343 1558 2451 1606 est.
2492 1553 2714 1606 Interea
2745 1569 2836 1606 rex
2868 1553 3037 1623 coepit
3067 1552 3318 1622 cogitare
3350 1569 3478 1623 quin
3528 1553 3597 1607 de
3635 1558 3823 1605 trans-

2113 1641 2322 1694 latione
2380 1641 2556 1694 sancti
2601 1640 2890 1694 Benedicti
2934 1641 3208 1708 audierat,
3269 1646 3325 1694 et
3373 1641 3508 1711 quia
3555 1640 3819 1710 reliquieI

2111 1730 2234 1798 ejus
2269 1728 2606 1782 dicebantur
2657 1727 2855 1781 furtim
2906 1729 3145 1782 sublata;
3201 1733 3256 1782 et
3297 1728 3356 1781 in
3414 1727 3592 1781 alium
3622 1729 3818 1782 locum

2106 1817 2421 1881 translatae,
2451 1816 2580 1870 ideo
2619 1815 2708 1868 vir
2765 1821 2994 1869 sanctus
3039 1816 3109 1870 de
3158 1817 3444 1887 corporali
3496 1817 3620 1887 ejus
3666 1833 3820 1886 prae-

2108 1906 2292 1959 sentia
2340 1904 2658 1959 dubitabat.
2720 1905 3015 1975 Completa
3070 1906 3266 1976 itaque
3325 1905 3585 1959 oratione
3645 1904 3823 1959 homo

2111 1995 2206 2048 Dei
2232 1993 2299 2047 ad
2335 1994 2648 2063 hospitium
2682 2009 2739 2045 se
2789 1995 3051 2060 contulit,
3108 2001 3165 2047 et
3216 1996 3451 2049 lassatus
3495 2009 3558 2048 ac
3604 1994 3811 2048 debili-

2107 2087 2262 2137 tatus
2292 2082 2349 2135 in
2380 2082 2590 2135 lectulo
2639 2098 2698 2134 se
2757 2083 3074 2136 collocavit.
3133 2084 3194 2136 In
3254 2100 3366 2154 quo
3423 2083 3821 2149 obdormiens,

2109 2171 2253 2224 vidit
2285 2175 2544 2224 sanctum
2598 2170 2964 2224 Benedictum
3018 2170 3126 2224 sibi
3157 2172 3439 2232 assistere,
3494 2177 3550 2224 et
3599 2172 3822 2225 ferrum

2111 2257 2417 2313 sectorium
2476 2259 2545 2312 ad
2605 2258 2971 2312 medicinales
3024 2261 3302 2313 sectiones
3359 2266 3558 2330 aptum
3641 2276 3828 2313 manu

2111 2352 2326 2411 tenere,
2351 2346 2451 2417 qui
2469 2346 2611 2400 dixit
2639 2347 2690 2399 ei
2719 2364 2731 2401 :
2766 2348 2906 2412 Quia
2957 2351 3194 2415 sperasti
3215 2351 3272 2400 in
3304 2350 3410 2402 Deo
3434 2353 3485 2401 et
3532 2351 3590 2400 in
3618 2352 3830 2402 sanctis

2111 2435 2249 2503 ejus,
2281 2450 2392 2488 ecce
2421 2437 2616 2488 missus
2647 2451 2763 2489 sum
2790 2451 2825 2488 a
2874 2437 2995 2499 Deo,
3045 2441 3105 2489 ut
3147 2451 3248 2504 per
3299 2452 3473 2490 meam
3500 2436 3831 2490 medicinam

2113 2523 2182 2575 ab
2210 2522 2529 2591 inﬁmitate
2546 2528 2639 2576 tua
2671 2523 2941 2578 libereris.
2975 2523 3117 2576 Ecce
3145 2539 3259 2591 ego,
3290 2525 3446 2592 cujus
3475 2539 3596 2578 ossa
3623 2527 3831 2592 furtim

2115 2611 2334 2665 sublata
2361 2626 2472 2664 esse
2529 2611 2786 2680 putabas,
2826 2613 3174 2680 prasentiam
3215 2628 3390 2666 meam
3423 2613 3524 2665 tibi
3568 2613 3828 2679 exhibeo,

2116 2704 2164 2753 et
2190 2701 2248 2753 in
2275 2704 2652 2766 argumentum
2677 2701 2926 2752 veritatis
2956 2702 3234 2767 passiones
3264 2705 3386 2753 tuas
3433 2702 3649 2755 curabo.
3689 2702 3825 2754 Haec

2117 2787 2307 2841 dicens
2336 2793 2560 2857 partem
2614 2787 2772 2840 illam
2819 2789 3073 2857 corporis
3129 2788 3230 2841 ubi
3274 2790 3522 2842 calculus
3572 2790 3833 2860 jacehat.

2121 2875 2447 2929 medicinali
2477 2876 2649 2940 ferro,
2693 2875 2848 2944 quod
2897 2892 3074 2929 manu
3131 2876 3383 2941 tenebat,
3441 2879 3717 2948 aperuit;
3775 2887 3836 2933 et

304 2964 562 3035 principe
594 2963 989 3034 episcopatum
1045 2963 1220 3018 fuisse
1259 2963 1586 3018 institutum
1611 2963 1671 3018 in
1733 2967 1902 3020 Bobia
1927 2968 2005 3022 ci-
2046 2967 2086 3021 C
2119 2963 2314 3016 evulso
2345 2963 2599 3017 molliter
2619 2965 2854 3030 calculo,
2894 2963 3116 3018 hiatum
3161 2965 3415 3018 vulneris
3458 2967 3646 3020 subita
3669 2967 3837 3020 sani-

303 3055 494 3119 vitate,
545 3053 642 3107 ubi
669 3053 1020 3108 Christicolae
1064 3057 1120 3106 et
1163 3051 1345 3105 sancti
1388 3051 1737 3105 confessores
1788 3051 2007 3122 inclyti,

304 3143 689 3197 Columbanus
755 3146 812 3195 et
877 3141 1062 3194 Attale
1155 3140 1528 3210 corporaliter
1619 3139 2006 3210 requiescunt,

302 3232 477 3302 idque
507 3229 802 3284 communi
831 3228 1070 3282 consilio
1103 3233 1158 3281 et
1188 3228 1422 3282 licentia
1441 3228 2006 3300 comprovincialium

303 3322 732 3390 episcoporum.
776 3339 796 3364 ι
856 3317 1027 3370 Addit
1069 3317 1414 3370 Trithemius
1443 3317 1502 3370 in
1547 3318 1830 3372 Chronico
1876 3317 2007 3371 Hir-

303 3407 591 3479 saugiensi
638 3408 706 3461 ad
765 3421 980 3459 annum
1043 3408 1170 3460 1.007
1233 3421 1440 3459 novam
1495 3406 1641 3459 hanc
1689 3406 1881 3459 sedem
1938 3405 2008 3458 ab

304 3495 506 3549 eodem
531 3495 872 3564 imperatore
913 3491 1168 3546 dotatam
1205 3492 1376 3546 fuisse
1411 3509 1423 3545 :
1468 3493 1742 3562 locumque
1781 3493 2009 3547 ecclesia

304 3582 636 3636 cathedratis
666 3580 842 3633 alium
873 3594 988 3632 non
1029 3579 1202 3632 fuisse
1245 3597 1274 3632 a
1305 3581 1562 3634 coenobio
1608 3581 1759 3651 quod
1809 3581 2013 3634 beatus

301 3670 691 3724 Columbanus
759 3672 1174 3732 construxerat,
1226 3686 1259 3722 a
1314 3669 1663 3724 multitudine
1721 3671 2007 3724 monacho-

301 3773 424 3812 rum
476 3761 578 3812 Deo
608 3759 954 3811 servientium
1001 3756 1342 3821 inbabitato,
1389 3773 1530 3828 quos
1559 3758 1686 3812 ideo
1717 3759 2008 3812 monachos

303 3847 550 3900 etectores
580 3848 854 3900 constituit
879 3861 990 3900 esse
1036 3847 1315 3914 pontiﬁcis
1368 3847 1495 3899 Haec
1523 3846 1641 3900 ille.
1669 3848 1844 3900 Porro
1879 3863 2006 3900 mu-

302 3941 420 3990 tata
458 3934 827 4004 postmodum
883 3933 994 3987 fuit
1040 3934 1160 3987 haec
1209 3950 1242 3987 a
1286 3933 1452 3988 beato
1514 3935 1638 3988 viro
1699 3935 2006 3989 constituta

302 4038 496 4078 rerum
540 4021 862 4093 dispositio,
909 4037 1039 4076 cum
1085 4022 1322 4076 ecclesia
1349 4023 1694 4077 cathedralis
1726 4040 1754 4076 a
1803 4039 2005 4077 mona-

304 4111 476 4164 sterio
533 4109 641 4164 fuit
687 4110 964 4180 sejuncta,
1019 4115 1192 4182 atque
1238 4110 1469 4182 utrique
1517 4113 1640 4166 loco
1670 4129 1808 4165 suus
1840 4112 2006 4166 datus

304 4199 730 4270 estprefectus.
771 4199 906 4264 Quae
940 4215 1031 4254 res
1087 4201 1326 4270 magnas
1359 4201 1487 4254 lites
1533 4200 1679 4254 inter
1705 4201 2004 4271 episcopos

302 4292 359 4340 et
406 4287 634 4342 abbates
697 4287 998 4342 Bobieuses
1076 4293 1527 4350 commoverunt,
1609 4288 1700 4342 vix
1772 4289 2003 4344 tandem

301 4391 660 4430 summorum
692 4377 1030 4446 pontiticum
1063 4378 1398 4431 auctoritate
1419 4393 1792 4446 compressae.

372 4467 430 4517 6.
473 4465 570 4518 Hic
609 4479 742 4518 vero
765 4465 1027 4518 omittere
1075 4481 1192 4519 non
1238 4466 1369 4519 licet
1412 4465 1638 4535 insigne
1665 4465 2008 4521 miraculum

305 4552 544 4624 quodin
591 4552 697 4606 hac
747 4553 942 4607 Italica
981 4553 1344 4624 expeditione
1407 4554 1620 4608 factum
1669 4560 1752 4608 est
1791 4555 2009 4609 meritis

303 4640 456 4696 beati
485 4640 669 4694 Patris
693 4641 1000 4707 Benedicti,
1053 4641 1153 4712 qui
1200 4642 1608 4712 imperatorem
1665 4643 1855 4697 ordini
1903 4660 2006 4698 suo

305 4727 754 4783 addictissimum
805 4730 1007 4784 calculi
1055 4729 1254 4784 morbo
1289 4729 1572 4784 dirissima
1611 4737 1899 4800 vexatum,
1948 4733 2010 4787 in

305 4816 429 4886 ipso
455 4815 746 4870 Casineusi
797 4819 1166 4885 monasterio,
1224 4833 1338 4888 quo
1395 4833 1516 4871 sese
1563 4819 1692 4889 pius
1743 4819 2009 4893 princeps

305 4903 596 4975 deportari
620 4905 885 4975 jusserat,
918 4905 1148 4959 sanitati
1190 4905 1462 4960 restituit.
1495 4907 1610 4960 Rex
1637 4911 1721 4960 est
1760 4909 2008 4960 auctoris

303 4993 480 5063 ipsius
537 4993 676 5047 Vita:
713 4993 901 5048 verbis
954 4993 1275 5059 referenda,
1321 4994 1420 5065 qui
1466 5010 1589 5065 cap.
1639 4997 1707 5048 22
1773 5011 1896 5048 eam
1930 4994 2009 5048 sic

304 5081 558 5136 evenisse
611 5086 842 5136 narrat:
885 5101 912 5134 α
959 5083 1098 5138 Cum
1159 5082 1427 5136 Henricus
1473 5083 1726 5136 civitates
1786 5083 2007 5154 Apuliae

305 5169 700 5239 pertransiret,
737 5177 796 5224 et
819 5187 948 5242 qua:
998 5171 1066 5225 ad
1098 5170 1405 5225 utilitatem
1438 5175 1494 5226 et
1540 5171 1817 5225 honorem
1846 5171 2008 5242 regni

303 5257 686 5326 pertinebant,
719 5257 780 5312 in
820 5258 901 5312 eis
932 5257 1378 5329 prudentissime
1408 5259 1806 5331 disposuisset,
1838 5261 2009 5332 coepit

304 5345 366 5398 in
390 5344 725 5401 inﬁrmitate
773 5347 975 5402 calculi
1033 5347 1312 5402 laborare.
1367 5347 1544 5418 Cujus
1577 5347 1764 5402 morbi
1796 5349 2006 5403 moles-

303 5433 442 5488 tiam
472 5434 558 5489 vir
599 5441 826 5490 sanctus
881 5438 1041 5490 tanta
1096 5434 1373 5506 patientia
1421 5436 1712 5507 sustinuit,
1768 5442 1829 5491 ut
1875 5453 2008 5508 pas-

305 5521 492 5575 siones
551 5523 737 5578 carnis
798 5524 867 5578 ad
920 5523 1232 5578 custodiam
1293 5523 1632 5580 humilitatis
1683 5542 1712 5580 a
1746 5526 1859 5580 Deo
1895 5526 2000 5580 sibi

2120 3056 2234 3105 tate
2293 3051 2727 3120 redintegravit,
2779 3053 3181 3122 calculumque
3251 3069 3425 3123 quem
3498 3055 3714 3108 tulerat
3767 3055 3830 3109 in

2121 3156 2292 3193 manu
2326 3140 2477 3210 regis
2509 3139 2845 3194 dormientis
2874 3142 3144 3210 reposuit.
3180 3141 3303 3206 Quo
3360 3143 3505 3196 facto
3561 3143 3838 3198 Christia-

2116 3227 2392 3282 nissimus
2420 3227 2734 3299 imperator
2762 3228 3070 3297 evigilavit,
3133 3234 3188 3282 et
3246 3235 3595 3300 pertractans
3631 3248 3836 3287 secum

2118 3334 2247 3388 quae
2275 3319 2421 3372 circa
2453 3317 2644 3388 ipsum
2690 3333 2792 3388 per
2853 3319 3231 3372 confessorem
3261 3319 3469 3374 Christi
3519 3326 3680 3390 gesta
3710 3322 3836 3376 fue-

2118 3411 2265 3468 rant,
2297 3405 2612 3476 vidensque
2661 3407 2940 3460 calculum
2999 3423 3170 3477 quem
3220 3424 3392 3462 manu
3449 3408 3700 3474 tenebat,
3734 3427 3835 3464 vo-

2115 3493 2262 3548 cavit
2291 3495 2583 3560 satellites,
2625 3494 2726 3565 qui
2774 3493 2931 3564 regio
2987 3511 3146 3548 more
3185 3496 3293 3549 sibi
3324 3512 3551 3567 semper
3588 3497 3834 3551 assiste-

2115 3583 2272 3647 bant,
2303 3581 2557 3653 dixitque
2589 3583 2657 3636 ad
2688 3598 2786 3635 eos
2820 3599 2833 3636 :
2862 3585 3146 3652 Pontiﬁces
3165 3587 3423 3652 regnique
3452 3585 3633 3640 nostri
3653 3590 3827 3656 prin-

2115 3673 2257 3739 cipes
2282 3675 2464 3724 vocate
2494 3671 2570 3724 ad
2588 3686 2688 3737 me,
2726 3676 2784 3725 ut
2825 3685 3145 3738 cognoscant
3175 3677 3225 3726 et
3275 3673 3497 3728 videant
3542 3676 3830 3729 mirabilia

2121 3759 2239 3825 Dei,
2275 3774 2393 3827 qua
2425 3759 2722 3827 ine/fabitis
2773 3760 3157 3815 misericordia
3211 3766 3263 3816 et
3309 3762 3697 3816 inenarrabilis
3721 3779 3826 3833 po-

2117 3849 2287 3900 tentia
2315 3847 2432 3914 ejus
2459 3849 2704 3913 fecerunt
2728 3850 2788 3901 in
2816 3863 2915 3902 me.
2975 3852 3048 3903 At
3075 3848 3158 3902 illi
3217 3851 3488 3904 mandata
3541 3851 3696 3921 regis
3729 3867 3824 3904 ce-

2115 3935 2218 3989 leri
2257 3951 2427 3989 cursu
2451 3935 2800 4006 perferentes
2828 3936 2899 3990 ad
2955 3937 3265 4009 principes,
3303 3939 3695 4010 perduxerunt
3725 3957 3830 3995 eos

2117 4023 2186 4078 ad
2215 4040 2429 4095 regem.
2455 4025 2608 4090 Quos
2637 4041 2736 4079 rex
2766 4027 3036 4094 salutans,
3098 4029 3556 4100 resalutatusque
3613 4029 3684 4083 ab
3716 4031 3827 4097 eis,

2117 4113 2196 4167 sic
2223 4113 2502 4167 allocutus
2555 4131 2653 4168 eos
2701 4119 2788 4168 est
2835 4132 2849 4169 :
2910 4115 3135 4171 Fratres
3174 4121 3224 4170 et
3261 4120 3645 4172 commilitones
3692 4122 3830 4187 mei,

2115 4201 2461 4272 magniﬁcate
2490 4203 2785 4257 Dominum
2822 4219 3023 4258 mecum
3069 4209 3119 4258 et
3147 4207 3443 4260 exaltemus
3486 4221 3675 4260 nomen
3705 4208 3832 4274 ejus

2117 4291 2177 4342 in
2205 4290 2462 4359 idipsum,
2495 4292 2626 4358 quia
2647 4293 2763 4359 ipse
2790 4295 2869 4344 est
2894 4307 3122 4357 magnus
3153 4293 3420 4347 Dominus
3450 4299 3500 4347 et
3525 4295 3831 4349 laudabilis

2115 4380 2300 4446 nimis,
2342 4384 2392 4433 et
2427 4381 2829 4446 magnitudinis
2859 4380 2975 4448 ejus
3006 4397 3110 4435 non
3149 4387 3228 4436 est
3253 4384 3399 4451 ﬁnis.
3445 4383 3560 4452 ipse
3585 4387 3831 4452 percutit

2115 4471 2165 4520 et
2195 4467 2436 4520 medetur
2467 4481 2483 4536 ;
2532 4468 2774 4534 ﬂagellat
2808 4474 3118 4538 peccatores
3145 4475 3196 4524 et
3237 4471 3624 4540 paenitentibus
3664 4474 3827 4526 mise-

2116 4560 2285 4609 retur.
2313 4556 2464 4608 Hunc
2523 4555 2780 4610 humiliat
2828 4561 2879 4610 et
2925 4557 3068 4612 hunc
3122 4561 3352 4626 exultat,
3398 4563 3528 4628 quia
3574 4561 3725 4613 calia:
3765 4564 3828 4614 in

2116 4659 2283 4697 manu
2314 4645 2526 4697 Domini
2551 4646 2668 4696 vini
2690 4646 2827 4698 meri
2867 4646 3056 4713 plenus
3094 4649 3272 4701 misto.
3324 4649 3408 4701 En
3437 4663 3550 4714 ego,
3584 4652 3683 4716 qui
3703 4651 3830 4702 heri

2115 4733 2278 4785 morti
2305 4733 2595 4800 promimus
2666 4734 2776 4802 fui,
2855 4748 2953 4802 per
3014 4737 3443 4790 misericcrdtam
3509 4739 3606 4791 Dei
3665 4737 3829 4791 hodie

2116 4821 2264 4875 vobis
2322 4836 2559 4890 appareo
2624 4837 2810 4888 sanus,
2859 4827 2909 4875 et
2967 4826 3209 4878 aculeum
3254 4828 3467 4893 mortis,
3522 4841 3677 4893 quem
3701 4825 3830 4880 heri

2116 4910 2326 4977 gestavi
2348 4909 2615 4962 inclusum
2637 4912 2850 4980 corpori
2887 4925 3020 4976 meo,
3053 4911 3212 4964 hodie
3259 4913 3424 4966 oculis
3462 4915 3656 4967 vestris
3686 4917 3828 4968 visi-

2119 4997 2300 5051 biliter
2327 4995 2563 5051 ostendo.
2601 4997 2729 5050 Haec
2784 4996 2977 5051 dicens
3033 4999 3277 5053 ostendit
3315 5000 3594 5054 calculum
3647 5018 3827 5073 quem

2118 5099 2291 5138 manu
2337 5083 2585 5147 tenebat,
2663 5088 2719 5138 et
2773 5085 3081 5138 ostendens
3155 5087 3472 5143 cicatricem
3546 5090 3826 5156 vulneris,

2117 5173 2312 5228 omnia
2341 5187 2470 5243 quae
2521 5187 2624 5242 per
2681 5177 2941 5225 sanctum
3008 5175 3376 5230 Benedictum
3431 5177 3581 5232 circa
3630 5178 3829 5248 ipsum

2116 5267 2276 5331 gesta
2305 5265 2488 5328 erant,
2522 5260 2740 5314 cunctis
2770 5260 3134 5316 audientibus
3164 5281 3232 5319 ex
3285 5265 3486 5320 ordine
3519 5267 3825 5324 referebat.

2189 5354 2238 5404 7.
2277 5370 2298 5398 ι
2334 5353 2406 5402 At
2444 5347 2529 5402 illi
2557 5349 2814 5404 videntes
2843 5354 2900 5404 et
2956 5351 3250 5407 audientes
3299 5353 3587 5409 mirabilia
3622 5356 3745 5424 Dei,
3771 5364 3828 5412 et

2115 5437 2422 5508 plusquam
2452 5437 2607 5492 credi
2639 5441 2825 5508 potest
2854 5437 3121 5494 admirati
3150 5447 3304 5509 sunt,
3329 5447 3387 5498 et
3414 5443 3826 5501 benedicentes

2123 5527 2251 5593 Deo,
2281 5526 2494 5596 diuque
2527 5525 2584 5580 in
2640 5527 2864 5583 laudem
2925 5529 3046 5600 ejus
3103 5530 3495 5600 acclamantes,
3557 5537 3613 5588 et
3664 5533 3830 5607 inco_
