3938 6346
142 320 221 371 201

1133 320 1294 377 νιΤΑ
1334 324 1389 378 S.
1430 323 1895 392 CUNEGUNDIS,
1939 326 2053 381 UBI
2096 328 2184 382 DE
2226 330 2280 382 S.
2325 330 2643 386 HENRICO.

3500 362 3503 363 ν
3533 341 3637 393 202

139 443 391 496 lumitate
424 444 577 512 regis
603 443 783 513 gavisi
833 449 984 497 sunt.
1044 446 1409 515 Rursumque
1457 461 1553 499 rex
1584 446 1653 500 ad
1682 465 1778 501 eos
1811 464 1823 501 :
1859 452 1905 503 Α
1946 454 2200 504 mortuus
2231 467 2487 522 unquam
2545 453 2631 505 sui
2678 455 2928 524 corporis
2976 458 3281 525 praesentia
3318 458 3635 513 illustrave-

136 536 293 600 (πίας,
358 532 573 603 inquit,
632 536 939 600 gratiarum
979 536 1236 601 actiones,
1268 541 1363 587 aut
1426 552 1543 603 qum
1606 552 1835 592 munera

135 623 296 673 tantis
371 621 639 689 beneﬁciis
705 622 975 689 condigna
1042 622 1246 675 medico
1311 629 1491 677 nostro
1553 625 1834 677 Benedicto

130 724 412 774 possumus
434 710 764 777 rependere?
790 714 860 762 At
889 709 973 763 illi
1012 726 1212 763 omnes
1254 711 1657 779 jndicaverunt
1700 728 1832 766 eum

131 798 280 866 regia
335 797 736 850 muniﬁcentia
779 798 1017 867 dignum
1056 814 1199 851 esse.
1237 800 1351 852 Rex
1398 815 1534 869 ergo
1583 815 1651 853 ex
1701 817 1833 853 con-

129 884 250 937 silio
291 886 627 955 principum
659 902 892 939 suorum
926 886 1183 955 ingentia
1221 902 1459 940 munera
1488 888 1547 940 in
1577 888 1831 957 praediis,

124 974 185 1026 in
214 990 381 1037 auro,
417 974 478 1027 in
521 981 778 1044 argento,
806 975 863 1028 in
908 975 1256 1028 ornamentis
1288 975 1552 1043 plurimis
1583 978 1832 1031 ecclesiae

132 1063 304 1115 sancti
371 1063 663 1116 Benedicti
721 1064 979 1117 contulit.
1044 1064 1113 1117 Et
1169 1064 1505 1117 valcfaciens
1562 1065 1833 1119 fratribus

133 1151 224 1220 qui
284 1150 483 1205 eidem
540 1152 789 1205 ecclesiae
834 1152 1235 1221 praesidebant,
1282 1170 1313 1205 a
1376 1152 1579 1206 Casino
1636 1158 1829 1207 monte

134 1239 327 1292 hilaris
364 1244 422 1293 et
446 1257 619 1293 sanus
680 1239 955 1293 discessit.
991 1241 1075 1293 Ab
1132 1257 1198 1293 eo
1255 1246 1443 1293 autem
1485 1247 1743 1311 tempore
1775 1248 1832 1295 et

135 1326 423 1397 deinceps,
463 1328 713 1398 quadam
747 1328 979 1397 speciali
1029 1328 1336 1382 dilectione
1367 1334 1425 1382 et
1463 1330 1829 1383 veneratione

131 1421 321 1469 sancto
379 1417 690 1469 Benedicto
744 1421 800 1469 et
853 1416 1119 1470 omnibus
1163 1416 1491 1469 monasticae
1531 1417 1829 1486 religionis

130 1504 453 1557 cultoribus
500 1504 721 1558 studuit
744 1506 1045 1570 deservire,
1080 1510 1134 1558 et
1182 1505 1240 1558 in
1297 1506 1714 1574 ampliticandis
1767 1523 1830 1559 ac

130 1593 504 1663 protegendis
534 1593 704 1646 rebus
758 1592 1147 1646 ecclesiasticis
1179 1593 1463 1662 benignus
1495 1611 1557 1646 ac
1593 1595 1829 1647 devotus

131 1684 294 1735 Pater
325 1681 589 1736 existere.
628 1683 758 1734 Haec
804 1681 862 1734 in
921 1682 1122 1735 Casino
1177 1688 1369 1735 monte
1428 1682 1636 1751 scripta
1669 1682 1825 1735 inve-

131 1771 391 1833 niuntur,
430 1774 577 1823 utet
624 1768 884 1822 moderni
945 1770 1226 1838 niagnalia
1284 1770 1384 1823 Dei
1433 1770 1492 1823 in
1549 1771 1827 1825 memoria

131 1859 395 1925 habeant,
455 1863 510 1911 et
541 1858 691 1928 apud
747 1863 1001 1926 posteros
1058 1874 1160 1928 per
1217 1858 1615 1927 antiquitatem
1673 1863 1823 1912 tem-

132 1948 280 2013 poris
322 1948 380 2001 in
434 1947 778 2000 oblivionem
830 1964 943 2000 non
981 1947 1230 2000 veniant.
1269 1967 1294 1997 »
1332 1948 1603 2000 Henricus
1634 1948 1825 2001 statim

132 2039 374 2091 Romam
432 2038 609 2100 venit,
666 2037 753 2089 uti
812 2042 1007 2089 narrat
1063 2036 1213 2089 idem
1274 2036 1411 2088 Vitae
1491 2041 1702 2098 auctor,
1765 2053 1826 2089 ac

137 2124 504 2177 Benedictum
564 2140 774 2194 papam
831 2124 899 2177 de
947 2123 1188 2177 sanitate
1235 2130 1459 2193 recepta
1510 2124 1646 2178 fecit
1704 2140 1825 2177 cer-

133 2214 358 2266 tiorem.

194 2305 246 2355 8.
305 2300 531 2370 Scripta
580 2316 709 2370 quas
764 2299 856 2353 hic
904 2300 1029 2353 Vita
1095 2300 1273 2353 sancti
1334 2299 1564 2353 Henrici
1632 2303 1827 2352 auctor

132 2391 327 2445 laudat
354 2389 419 2442 in
464 2388 761 2443 Casinensi
820 2389 1164 2441 monasterio
1219 2394 1522 2453 asservata,
1574 2388 1684 2439 alia
1708 2403 1826 2439 non

134 2482 300 2535 fuisse
336 2497 368 2533 a
397 2479 605 2534 Leonis
646 2479 940 2533 Marsicani
994 2479 1271 2533 Chronico
1304 2478 1445 2531 mihi
1502 2476 1662 2531 facile
1695 2494 1824 2547 per—

132 2571 457 2634 suaderem,
498 2568 609 2621 nisi
668 2567 1007 2620 miraculum
1058 2574 1251 2619 sancto
1311 2569 1472 2619 Patre
1529 2566 1825 2618 Benedicto

133 2662 443 2727 patratum,
488 2657 639 2726 quod
705 2656 765 2709 in
812 2656 923 2708 illis
979 2654 1204 2724 scriptis
1262 2672 1327 2707 eo
1376 2654 1543 2708 modo
1591 2671 1654 2707 ac
1706 2654 1825 2723 ipse

133 2753 325 2800 auctor
353 2746 609 2799 narravit
634 2744 977 2815 descriptum
1024 2744 1219 2812 procul
1254 2743 1427 2796 dubio
1484 2746 1607 2795 erat
1665 2740 1828 2794 aliter

130 2852 161 2888 a
211 2837 402 2890 Leone
472 2833 807 2899 referretur;
870 2833 968 2903 qui
1007 2832 1221 2885 scilicet
1268 2831 1419 2884 istud
1485 2830 1824 2883 miraculum

130 2925 204 2977 sic
231 2923 518 2989 narravit,
582 2928 643 2975 ut
671 2928 817 2975 esset
861 2920 1273 2974 validissimum
1331 2920 1400 2972 ad
1458 2919 1823 2971 asserendam

1867 1725 1906 1778 Β

131 3011 540 3066 Casinensibus
596 3010 776 3063 sancti
840 3011 1022 3063 Patris
1086 3007 1345 3077 corporis
1410 3006 1825 3077 possessionem
1861 3007 1900 3060 C

133 3106 562 3172 argumentum.
599 3098 807 3153 Scribit
857 3097 1011 3151 enim
1044 3097 1186 3150 libro
1219 3112 1274 3162 II,
1318 3112 1440 3165 cap.
1503 3097 1569 3148 i‘l
1627 3101 1682 3148 et
1732 3113 1827 3148 se—

134 3190 468 3261 quentibus,
503 3188 808 3241 Henricum
864 3187 1269 3256 imperatorem
1331 3185 1500 3237 simul
1536 3200 1664 3237 cum
1725 3186 1824 3238 Be-

132 3279 359 3332 nedicto
388 3277 511 3329 VllI
532 3292 757 3330 summo
778 3274 1045 3345 pontitice
1066 3272 1475 3325 monasterium
1523 3272 1827 3324 Casinense

131 3368 361 3433 adiisse,
392 3366 453 3419 in
484 3381 732 3436 quorum
792 3362 1092 3434 praesentia
1121 3361 1476 3415 Theobaldus
1517 3361 1688 3413 abbas
1719 3362 1828 3415 Ca-

131 3456 375 3511 sinensis
409 3455 641 3522 electus,
684 3454 754 3508 ab
806 3452 929 3523 ipso
970 3452 1243 3521 pontifice
1292 3455 1647 3503 consecratus
1700 3450 1823 3502 fuit.

130 3546 283 3598 Tunc
317 3541 600 3611 temporis
631 3540 715 3594 uti
748 3540 1135 3610 prosequitur,
1174 3538 1444 3592 Henricus
1503 3536 1828 3591 acutissimo

133 3633 215 3686 ilii
240 3633 442 3687 dolore
474 3630 802 3684 vexabatur.
859 3628 950 3682 cui
1005 3644 1109 3681 nec
1138 3628 1308 3697 plene
1339 3626 1664 3691 dormienti,
1728 3642 1830 3679 nec

135 3738 369 3787 prorsus
417 3719 682 3790 vigilanti
721 3718 989 3789 apparuit
1016 3718 1213 3772 beatus
1246 3716 1604 3780 Benedictus,
1661 3715 1829 3785 eique

134 3812 199 3865 de
227 3827 361 3863 vera
390 3810 449 3862 in
477 3824 636 3861 sacro
668 3813 864 3860 monte
896 3805 1151 3875 corporis
1198 3805 1285 3858 sui
1316 3804 1616 3858 existentia
1659 3804 1827 3859 dubi-

134 3900 277 3953 tanti
307 3900 431 3952 haac
493 3898 675 3951 dixit:
716 3895 836 3951 Scio
889 3898 1145 3964 quoniam
1206 3900 1263 3947 tu
1317 3910 1397 3947 me
1441 3895 1695 3946 hactenus
1745 3894 1830 3945 hic

137 3988 408 4041 dubitasti
464 3988 763 4054 quiescere;
788 3984 883 4037 sed
909 3999 973 4037 ne
1002 3998 1165 4052 super
1193 3983 1287 4036 hoc
1336 3984 1571 4050 amplius
1625 3983 1831 4049 aliqua-

136 4082 287 4130 tenus
340 4075 576 4140 dubites,
609 4089 887 4141 meumquc
952 4075 1010 4125 in
1068 4073 1177 4125 loco
1227 4073 1330 4125 isto
1360 4072 1652 4124 certisszme
1688 4071 1827 4138 quie-

131 4181 274 4219 scere
296 4164 487 4218 credas
540 4162 935 4230 corpusculum,
990 4162 1084 4214 hoc
1119 4160 1220 4214 tibi
1274 4162 1490 4225 signum
1520 4161 1638 4211 erit.
1702 4159 1831 4214 Cum

132 4256 375 4323 primum
404 4250 564 4306 hodie
592 4253 917 4315 surremz's,
971 4252 1030 4302 in
1087 4250 1347 4315 egestione
1375 4249 1547 4300 urina:
1590 4252 1692 4300 tua:
1725 4253 1829 4301 tres
1862 4282 1903 4334 Β

135 4343 357 4412 lapillos
386 4356 494 4394 non
550 4355 748 4408 parvos
795 4341 1032 4406 mingere
1084 4336 1326 4403 habebis,
1375 4341 1426 4389 et
1477 4352 1544 4389 ex
1576 4342 1698 4391 tunc
1750 4337 1836 4390 do-

134 4432 239 4485 lore
273 4433 380 4484 isto
401 4434 450 4484 et
479 4430 736 4498 amplius,
759 4444 865 4481 non
896 4427 1186 4481 laborabis.
1220 4425 1485 4479 Protinus
1513 4425 1703 4495 itaque
1726 4425 1836 4478 evi-

132 4520 320 4591 gilans
342 4518 621 4573 Henricus
636 4516 902 4583 surrexit,
935 4521 1106 4587 atque
1132 4531 1198 4569 eo
1219 4514 1390 4568 modo
1418 4530 1530 4584 quo
1551 4512 1834 4583 praedixe-

132 4614 223 4662 rat
254 4613 482 4661 sanctus
505 4608 691 4673 Pater,
724 4606 1024 4659 sanitatem
1066 4605 1305 4673 recepit;
1358 4620 1421 4656 ac
1463 4618 1628 4656 mane
1687 4602 1834 4655 facto

134 4698 193 4751 in
225 4697 548 4767 capitulum
607 4694 841 4747 veniens
872 4693 1087 4747 cunctis
1125 4692 1392 4745 fratribus
1450 4707 1568 4743 rem
1619 4694 1835 4758 gestam

140 4786 362 4851 retulit,
426 4788 481 4837 et
542 4783 653 4837 alia
718 4783 899 4836 multa
958 4798 1087 4851 quae
1138 4781 1261 4834 fuse
1318 4778 1686 4850 prosequitur
1741 4777 1835 4831 ille

136 4880 361 4941 auctor,
393 4877 549 4927 totus
580 4871 637 4924 in
680 4887 746 4925 eo
774 4877 841 4924 ut
870 4888 935 4924 ex
974 4871 1082 4925 hoc
1132 4869 1407 4923 miraculo
1436 4868 1655 4921 evincat
1688 4866 1837 4920 beati

136 4963 323 5018 Patris
360 4960 634 5031 reliquias
677 4975 975 5030 nunquam
1020 4958 1077 5012 in
1110 4959 1348 5012 Galliam
1392 4957 1583 5009 allatas
1614 4954 1786 5007 fuisse
1821 4972 1836 5006 :

137 5052 295 5123 quod
332 5066 470 5105 sane
510 5066 575 5103 ex
626 5049 750 5102 Vita
800 5048 980 5101 sancti
1033 5046 1258 5101 Henrici
1314 5045 1478 5099 facile
1510 5060 1627 5097 non
1682 5041 1837 5096 colli-

138 5141 314 5211 gitur.

208 5233 263 5283 9.
298 5230 424 5283 Non
452 5226 647 5297 itaque
666 5225 977 5279 indubium
1002 5222 1253 5279 revocari
1283 5222 1452 5277 velim
1473 5224 1590 5274 tam
1619 5220 1839 5274 illustre

141 5316 511 5372 miraculum.
574 5314 764 5369 Potuit
817 5315 969 5368 enim
1018 5317 1244 5367 sanctus
1283 5314 1468 5377 Pater,
1501 5310 1605 5363 etsi
1663 5309 1841 5379 ipsius

143 5423 273 5459 ossa
320 5406 376 5459 in
412 5403 609 5459 Galliis
636 5402 971 5473 jacuissent,
1006 5419 1126 5456 sese
1164 5399 1499 5471 imperatori
1532 5397 1842 5452 dormienti

144 5494 433 5549 visibilem
464 5493 524 5546 in
566 5497 759 5545 monte
806 5492 1010 5547 Casino
1057 5491 1331 5561 praebere,
1384 5492 1449 5542 ut
1477 5487 1616 5541 alias
1647 5486 1843 5541 fecisse

145 5585 358 5638 dicitur
416 5581 477 5636 in
551 5580 692 5635 locis
749 5579 1117 5651 quibusdam,
1177 5594 1322 5650 quos
1374 5592 1478 5631 nec
1524 5576 1683 5631 vivus
1741 5591 1845 5629 nec

505 5695 777 5760 PATROL.
831 5693 1003 5759 CXL.

1942 543 2049 591 rat.
2088 540 2260 609 Cujus
2314 540 2396 592 rei
2451 542 2777 610 exemplum
2806 543 2926 612 ipse
2979 544 3088 596 Leo
3120 544 3282 598 nobis
3312 548 3639 617 suppeditat

1942 627 2127 696 capite
2160 630 2247 692 45,
2299 628 2397 682 ubi
2427 630 2602 682 refert
2642 631 2908 683 eumdem
2960 639 3218 685 sanctum
3274 635 3636 690 Benedictum

1941 714 2076 768 olim
2115 716 2513 770 minitabundo
2546 719 2707 771 vultu
2748 720 3009 781 Henrico,
3048 722 3382 791 priusquam
3419 724 3489 777 ad
3528 724 3635 778 im-

1942 804 2167 873 perium
2198 805 2400 858 fuisset
2426 811 2671 865 evectus,
2697 808 3048 877 apparuisse,
3082 811 3233 879 quod
3259 811 3317 863 in
3340 812 3634 880 cujusdam

1942 894 2277 946 monasterii
2332 894 2578 947 claustro
2640 910 2817 965 equos
2864 913 2998 950 suos
3044 904 3384 966 pernoctare
3440 916 3636 969 passus

1939 980 2194 1034 fuisset:
2247 1001 2274 1031 (ί
2336 983 2531 1047 Nocte,
2572 982 2782 1054 inquit,
2843 986 3042 1038 eadem
3097 986 3431 1040 Benedictus
3471 990 3639 1042 Pater

1940 1068 2124 1123 eidem
2157 1070 2307 1136 duci,
2331 1075 2491 1123 torvo
2507 1088 2572 1125 ac
2594 1072 2834 1125 terribili
2866 1073 3028 1127 valde
3059 1074 3276 1128 intuitu
3328 1092 3633 1145 apparens,

1939 1156 2107 1225 eique
2138 1158 2320 1211 multa
2360 1159 2512 1228 quod
2541 1159 2621 1213 ita
2654 1161 2887 1213 domum
2926 1178 3088 1214 suam
3145 1166 3414 1216 tractaret
3478 1181 3631 1217 com-

1940 1244 2233 1313 minitans,
2266 1246 2446 1316 virga,
2505 1264 2676 1317 quam
2728 1265 2900 1302 manu
2953 1250 3232 1318 gestabat,
3292 1252 3446 1305 illius
3485 1254 3631 1306 latus

1937 1333 2233 1401 percussit,
2264 1340 2320 1387 et
2347 1350 2411 1388 ex
2460 1339 2596 1389 tunc
2655 1335 2848 1389 dolore
2896 1336 2980 1389 ilii
3021 1338 3278 1406 torqueri
3330 1340 3631 1393 vehemen-

1936 1420 2156 1473 tissime
2187 1422 2375 1491 caapit.
2414 1443 2440 1472 ι
2498 1424 2660 1477 Certe
2713 1425 2818 1477 hoc
2847 1424 3033 1494 ipsum
3069 1426 3250 1479 sanati
3283 1428 3433 1496 apud
3464 1443 3628 1482 mon-

1939 1513 2051 1561 tem
2114 1510 2411 1563 Cassinum
2491 1512 2713 1564 Henrici
2776 1513 3115 1566 miraculum
3193 1520 3386 1568 narrat
3436 1522 3651 1568 auctor’

1939 1589 2077 1649 Vitae
2118 1598 2295 1650 sancti
2344 1594 2685 1663 Meinwerci;
2720 1601 2817 1653 sed
2878 1617 2994 1653 non
3038 1602 3206 1655 liabet
3238 1618 3303 1654 ea
3341 1620 3469 1672 quae
3500 1620 3628 1656 san-

1937 1690 2057 1738 ctus
2083 1688 2248 1740 Pater
2273 1688 2340 1740 de
2372 1688 2459 1740 sui
2506 1689 2759 1758 corporis
2806 1690 3108 1758 praesentia
3139 1689 3273 1743 dicit
3308 1691 3459 1760 apud
3492 1692 3629 1745 Leo-

1936 1789 2087 1840 nem,
2123 1791 2251 1843 quae
2293 1775 2531 1843 proinde
2576 1792 2638 1829 ac
2687 1777 2812 1846 ipso
2876 1778 3057 1830 Leone
3096 1778 3410 1847 excogitata
3457 1779 3630 1832 fuisse

1934 1862 2290 1930 conjicimus.

2004 1951 2090 2003 40.
2129 1951 2438 2004 Enumerat
2466 1951 2615 2005 idem
2652 1953 2779 2014 Leo,
2810 1969 2932 2023 cap.
2986 1954 3072 2016 43,
3109 1954 3356 2023 pretiosa
3386 1971 3627 2008 munera

1934 2055 2064 2109 quae
2116 2040 2389 2093 Henricus
2448 2040 2521 2093 ob
2554 2047 2945 2110 recuperatam
2978 2043 3277 2096 sanitatem
3313 2049 3446 2096 tunc
3481 2049 3625 2097 tem—

1933 2128 2091 2197 poris
2134 2128 2300 2181 beato
2336 2130 2637 2182 Benedicto
2687 2130 2938 2183 obtulit:
2976 2152 3003 2179 ‹‹
3065 2132 3327 2198 Textum,
3389 2132 3624 2197 scilicet,

1935 2215 2241 2285 Evangelii,
2295 2216 2507 2269 deforis
2560 2217 2790 2287 quidem
2823 2234 2887 2271 ex
2938 2235 3052 2271 uno
3088 2219 3260 2271 latere
3288 2220 3626 2289 adopertum

1935 2320 2074 2357 auro
2118 2304 2426 2374 purissimo
2465 2322 2529 2358 ac
2560 2307 2803 2375 gemmis
2850 2305 3305 2375 pretiosissimis,
3357 2307 3427 2360 ab
3477 2306 3627 2359 intus

1934 2409 2067 2446 vero
2101 2394 2440 2459 uncialibus,
2486 2400 2551 2448 ut
2605 2395 2781 2454 aiunt,
2821 2396 3023 2448 litteris
3066 2402 3239 2466 atque
3296 2396 3494 2466 figuris
3525 2413 3626 2449 au-

1934 2482 2044 2535 reis
2067 2482 2302 2535 miritice
2332 2483 2692 2547 decoratum;
2727 2485 2957 2537 calicem
2991 2501 3229 2537 aureum
3262 2501 3389 2538 cum
3421 2490 3628 2553 patena

1934 2586 2034 2623 sua
2066 2571 2309 2639 gemmis
2338 2575 2394 2624 et
2433 2571 2756 2641 margaritis
2784 2587 2847 2624 ac
2870 2573 3087 2625 smaltis
3110 2573 3347 2641 optimis
3378 2574 3629 2626 adorna-

1934 2662 2076 2715 tum:
2096 2659 2383 2727 planetam
2396 2658 2665 2727 diapistin
2685 2659 2824 2712 listis
2837 2660 3025 2712 aureis
3045 2662 3400 2727 adornatam,
3420 2661 3626 2714 stolam

1936 2762 2161 2817 quoque
2177 2752 2232 2799 et
2253 2747 2608 2817 manipulum
2625 2746 3191 2819 [mappulamJatque
3205 2749 3501 2819 cingulum
3517 2748 3628 2801 sin-

1935 2838 2095 2906 gulas
2108 2835 2383 2889 intextam
2395 2837 2812 2891 auro.Pluviale
2827 2836 2996 2890 etiam
3019 2837 3177 2906 diasp
3190 2854 3316 2890 rum
3334 2854 3465 2891 cum
3483 2838 3627 2891 listis

1935 2941 2075 2977 auro
2105 2924 2290 2989 textis,
2325 2941 2551 2978 necnon
2581 2930 2637 2979 et
2675 2925 2923 2978 tunicam
2958 2926 3218 2995 ejusdem
3249 2926 3627 2997 subtegminis

1939 3013 2126 3067 aureis
2177 3014 2448 3082 operibus
2481 3018 2838 3075 exornatam,
2868 3013 3038 3066 simul
3088 3019 3143 3067 et
3172 3031 3300 3067 cum
3355 3015 3629 3084 mappula

1938 3102 2211 3173 diapistin
2246 3118 2383 3155 auro
2441 3102 2819 3155 nihilominus
2878 3102 3167 3168 decorata;
3222 3103 3451 3157 situlam
3482 3120 3625 3173 quo-

1938 3209 2049 3263 que
2083 3197 2137 3245 et
2166 3207 2408 3261 coppam
2440 3198 2765 3261 argenteam
2814 3192 3149 3261 quantitatis
3196 3209 3309 3245 non
3368 3193 3626 3259 modicae,

1938 3297 2067 3334 cum
2097 3297 2209 3350 qua
2266 3280 2528 3333 videlicet.
2557 3280 2761 3333 fratres
2790 3279 2849 3332 in
2879 3279 3183 3349 praxcipuis
3227 3280 3629 3335 festivitatibus

1937 3370 2218 3424 biberent.
2254 3367 2565 3437 Recollegit
2600 3373 2877 3437 praeterea
2904 3385 2934 3420 a
2963 3368 3172 3421 Judaeis
3203 3373 3412 3421 vestem
3456 3386 3625 3422 unam

1938 3458 2006 3511 de
2054 3455 2255 3510 altario
2314 3456 2492 3508 sancti
2546 3455 2852 3519 Benedicti,
2914 3472 3039 3524 qua:
3096 3457 3388 3524 quondam
3447 3456 3630 3510 fuerat

1939 3544 2127 3599 Caroli
2163 3544 2334 3613 regis,
2372 3558 2544 3611 quam
2602 3543 2777 3595 iidem
2839 3543 3020 3596 Judaei
3073 3542 3399 3596 retinebant
3444 3543 3503 3596 in
3534 3542 3628 3613 pi—

1938 3646 2115 3699 gnore
2146 3647 2250 3701 pro
2284 3631 2612 3701 quingentis
2652 3632 2862 3698 aureis,
2901 3648 3121 3685 necnon
3162 3638 3219 3685 et
3252 3632 3485 3685 calicem
3533 3648 3627 3685 ar-

1938 3725 2208 3791 genteum
2233 3721 2569 3775 Saxonicum
2603 3721 2878 3789 majorem
2902 3738 3031 3774 cum
3067 3726 3271 3791 patena
3302 3739 3422 3787 sua,
3458 3738 3627 3792 quem

1938 3811 2319 3865 Theodericus
2378 3811 2665 3865 Saxonum
2726 3828 2824 3864 rex
2900 3811 3066 3864 beato
3130 3812 3435 3865 Benedicto
3494 3812 3631 3865 olim

1938 3900 2356 3953 transmiserat.
2392 3900 2525 3963 Quae
2551 3900 2744 3953 omnia
2775 3900 2988 3970 pariter
3013 3901 3070 3953 in
3095 3900 3333 3954 fratrum
3374 3917 3631 3971 patesen-

1940 3987 2021 4041 tia
2066 4004 2240 4057 super
2297 3989 2474 4041 altare
2532 3988 2683 4041 beati
2764 3988 3055 4042 Benedicti
3123 4006 3343 4058 ponens
3398 3990 3631 4054 obtulit;

1941 4077 2399 4147 praedictumque
2448 4094 2657 4147 papam
2707 4094 2823 4131 suae
2854 4078 3207 4130 auctoritatis
3266 4077 3633 4147 scriptionem

1942 4165 2009 4218 de
2067 4165 2205 4234 ipsis
2257 4166 2523 4219 omnibus
2572 4166 2628 4219 in
2689 4168 2798 4219 hoc
2848 4167 3031 4219 facere
3098 4168 3336 4234 rogavit,
3414 4171 3637 4235 aposto-

1942 4254 2037 4307 liri
2088 4255 2465 4307 anatliematis
2514 4255 2884 4307 innodatione
2922 4254 3107 4307 eidem
3141 4254 3437 4322 scriptioni
3467 4271 3637 4324 appo—

1945 4343 2069 4409 sita,
2105 4359 2173 4395 ne
2198 4342 2325 4411 quis
2356 4359 2609 4412 unquam
2636 4343 2717 4395 vel
2756 4343 2860 4395 hoc
2891 4343 3007 4394 loco
3041 4358 3169 4412 quae
3228 4341 3492 4409 diximus,
3549 4344 3635 4396 vel

1944 4431 2055 4486 alia
2086 4447 2215 4501 quae
2246 4431 2306 4483 in
2360 4439 2525 4485 antea
2557 4429 2711 4483 idem
2762 4430 3071 4499 imperator
3128 4430 3260 4484 huic
3290 4431 3636 4485 monasterio

1943 4519 2306 4582 concesserit,
2348 4516 2571 4569 auferre
2608 4522 2934 4587 praesumat.
2969 4540 2996 4567 ››

2020 4611 2072 4660 lt
2094 4647 2105 4660 .
2137 4606 2284 4669 Quin
2317 4611 2375 4659 et
2421 4606 2759 4659 Benedictus
2782 4607 3034 4676 pontifex
3089 4612 3143 4661 et
3188 4607 3499 4677 Piligrinus
3530 4609 3636 4661 Co-

1945 4694 2293 4748 loniensium
2324 4694 2581 4758 antistes,
2638 4711 2740 4747 sua
2771 4694 2987 4763 pariter
3018 4712 3256 4749 munera
3286 4696 3637 4762 obtulerunt,

1945 4799 2075 4854 qua).
2111 4784 2219 4836 Leo
2252 4787 2505 4835 recenset
2527 4781 2729 4835 eodem
2764 4782 2883 4836 loco
2918 4799 2930 4836 :
2962 4803 2989 4833 «
3022 4784 3175 4837 Idem
3236 4800 3465 4854 quoque
3503 4800 3640 4853 apo-

1946 4870 2197 4935 stolicus,
2245 4869 2604 4940 imperatoris
2649 4871 2819 4923 saluti
2849 4872 3011 4925 valde
3062 4873 3482 4942 congratulans,
3537 4872 3644 4925 ob-

1946 4958 2081 5013 tulit
2132 4962 2189 5012 et
2219 4956 2340 5027 ipse
2381 4957 2547 5011 beato
2616 4958 2917 5011 Benedicto
2949 4958 3152 5012 eodem
3209 4960 3298 5012 die
3356 4959 3642 5029 planetam

1948 5047 2228 5118 optimam
2287 5045 2476 5099 veneti
2532 5046 2759 5114 coloris,
2823 5046 2967 5099 listis
3026 5046 3401 5101 nihilominus
3459 5046 3645 5100 aureis

1950 5136 2217 5190 decenter
2270 5140 2550 5200 ornatam,
2590 5144 2645 5188 et
2694 5135 2897 5189 stolam
2945 5151 3114 5188 unam
3174 5137 3450 5207 Optimam
3508 5151 3645 5188 auro

1949 5225 2207 5279 brustam
2231 5240 2362 5277 cum
2390 5224 2688 5293 manipulo
2718 5240 2841 5277 suo.
2874 5223 2981 5276 Sed
3011 5228 3068 5276 et
3105 5224 3402 5293 Belgrinus
3463 5223 3644 5276 archi-

1952 5315 2278 5384 episcopus,
2302 5313 2375 5366 ob
2404 5313 2646 5382 gratiam
2677 5312 3062 5381 imperatoriae
3084 5311 3360 5377 sanitatis,
3387 5312 3651 5365 similiter

1953 5401 2162 5455 obtulit
2208 5401 2378 5454 beato
2436 5400 2736 5454 Benedicto
2796 5401 3087 5470 planetam
3144 5416 3493 5470 purpuream
3546 5418 3647 5471 op-

1952 5489 2177 5557 timam,
2236 5488 2427 5543 aureis
2509 5490 2653 5543 listis
2730 5488 3012 5543 mensium
3098 5489 3397 5544 duodecim
3489 5490 3654 5561 signa

1958 5577 2307 5631 habentibus
2354 5577 2412 5630 in
2466 5577 2705 5631 circuitu
2760 5578 3111 5647 adornatam,
3147 5582 3199 5633 ct
3259 5579 3466 5633 stolam
3522 5595 3653 5633 cum

3313 5693 3350 5757 7
