3938 6322
350 299 456 350 203

1334 296 1498 350 VITA
1535 295 1590 348 S.
1632 295 2095 362 CUNEGUNDIS,
2143 295 2258 351 UBI
2298 291 2388 348 DE
2427 294 2479 347 S.
2526 292 2847 347 HENRICO.

3748 295 3859 347 204

348 436 510 486 auro,
543 423 600 474 et
625 417 871 490 pluviale
902 431 1101 470 unum.
1133 417 1266 470 Post
1295 417 1414 470 haec
1461 417 1612 472 idem
1673 418 2040 474 Christianis-
2065 419 2112 470 Α
2148 416 2276 475 dua:
2332 421 2496 472 erant
2547 415 2803 470 nubendi
2849 415 3128 485 permissa
3150 415 3380 470 licentia
3429 419 3544 484 est;
3568 417 3668 470 sed
3725 431 3861 470 eam

351 510 529 562 simus
568 509 896 578 imperator,
950 505 1137 558 adhuc
1164 520 1371 573 parum
1425 505 1565 575 quid
1597 506 1930 560 existimans
1985 521 2044 558 se

348 611 468 666 pra!
512 595 693 647 nimia
730 592 903 661 hujus
948 591 1056 645 loci
1103 591 1408 645 dilectione
1444 592 1666 660 fecisse,
1718 592 2045 647 admonitus

349 683 420 736 ab
453 682 650 734 eodem
676 679 975 749 Piligrino,
1035 682 1093 732 et
1129 679 1482 734 Theodorico
1527 681 1867 734 cancellario
1916 695 2043 746 suo,

349 771 528 823 altera
553 769 645 822 die
681 767 813 821 facit
855 772 1208 837 praeceptum
1240 767 1620 822 concessionis
1662 768 1723 821 in
1776 769 1885 822 hoc
1923 768 2044 821 loco

350 857 418 910 de
453 857 652 921 Bucca,
687 871 815 925 quae
863 855 1070 908 dicitur
1100 855 1330 922 Vautra,
1363 857 1524 926 cujus
1574 871 1948 926 possessores,
1982 872 2045 908 ac

349 945 395 998 si
444 943 750 998 latrunculi
779 943 1035 1013 quidam,
1087 944 1194 996 hoc
1244 943 1659 997 monasterium
1701 943 2044 1014 frequentis-

347 1035 486 1086 sime
545 1032 920 1097 infestabant;
974 1047 1039 1084 ac
1091 1039 1328 1102 propter
1385 1048 1454 1085 ea
1507 1031 1667 1084 illam
1726 1032 1794 1085 de
1839 1047 2041 1086 eorum

350 1120 616 1175 manibus
656 1126 933 1189 ereptam,
965 1118 1036 1172 ad
1078 1135 1212 1171 usus
1242 1135 1536 1172 servorum
1577 1119 1677 1172 Dei
1715 1119 1887 1188 hujus
1935 1120 2040 1174 loci

349 1209 410 1262 in
439 1214 780 1279 perpetuum
839 1207 1161 1260 habendam
1193 1212 1249 1260 et
1291 1207 1650 1260 retinendam
1682 1208 2038 1261 contradidit.

352 1297 506 1350 Fecit
561 1303 619 1350 et
667 1296 822 1350 aliud
853 1301 1210 1365 praaceptum
1239 1295 1307 1348 de
1336 1294 1618 1348 universis
1675 1295 1893 1364 ubique
1923 1301 2044 1350 ter-

351 1401 545 1438 rarum
565 1383 734 1453 hujus
767 1385 870 1437 loci
904 1383 1377 1454 possessionibus,
1401 1383 1568 1452 juxta
1595 1387 1856 1436 tenorem
1884 1384 2045 1438 vide-

352 1474 483 1526 licet
512 1473 926 1541 imperatorum
979 1477 1402 1524 antecessorum
1454 1487 1712 1535 suorum,
1766 1487 1870 1541 per
1893 1476 2041 1542 quod

351 1561 520 1612 etiam
579 1563 950 1628 preceptum,
1003 1558 1412 1612 monasterium
1470 1565 1678 1612 sanctae
1747 1559 1934 1613 Maria
1985 1561 2045 1613 in

352 1648 606 1700 Canneto
634 1647 692 1698 in
721 1645 931 1699 ﬁnibus
959 1645 1346 1699 Termuleusis
1379 1646 1664 1716 imperiali
1708 1647 2044 1701 auctoritate

350 1734 410 1787 in
467 1735 573 1787 hoc
621 1735 966 1787 monasterio
1023 1733 1403 1787 conﬁrmavit.
1474 1734 1680 1804 Sicque
1753 1752 2044 1789 commen-

352 1824 494 1876 dans
523 1839 581 1875 se
611 1823 930 1892 plurimum
983 1822 1136 1875 Patri
1201 1822 1501 1876 Benedicto
1531 1829 1586 1876 et
1612 1824 1880 1877 omnibus
1928 1824 2044 1876 fra-

353 1911 553 1975 tribus,
587 1925 718 1963 cum
746 1910 978 1964 illorum
1005 1909 1397 1964 benedictione
1428 1926 1687 1965 reversus
1737 1911 2045 1982 adpropria

354 2005 457 2054 est.
493 2001 559 2054 Et
587 2014 658 2052 ne
689 1998 834 2053 tanti
885 1999 1260 2052 benefactoris
1299 1999 1389 2052 sui
1418 1999 1760 2053 beneficium
1791 2000 2044 2054 oblivisci

353 2087 714 2157 aliquatenus
741 2086 1054 2151 videretur,
1099 2102 1227 2139 mox
1253 2091 1318 2139 ut
1345 2085 1580 2140 domum
1611 2087 1802 2152 rediit,
1840 2087 2042 2156 plane-

351 2180 469 2227 tam
519 2173 797 2242 optimam
828 2171 1208 2238 diarodinam,
1241 2172 1429 2226 aureis
1473 2173 1618 2226 listis
1658 2173 2045 2243 pulcherrime

352 2263 699 2328 decoratum,
757 2276 871 2314 una
926 2276 1055 2314 cum
1085 2261 1216 2314 alba
1270 2266 1328 2314 et
1373 2260 1629 2328 cingulo,
1683 2261 1828 2315 stola
1874 2267 2045 2332 atque

353 2350 668 2418 manipulo,
704 2349 896 2419 qualia
943 2349 1350 2418 imperatorem
1383 2349 1611 2403 mittere
1661 2349 1906 2415 deceret,
1933 2351 2046 2404 huc

350 2437 419 2490 ad
469 2437 702 2490 beatum
727 2435 1098 2490 Benedictum
1139 2451 1266 2489 cum
1296 2436 1560 2488 maximis
1588 2437 1904 2506 gratiarum
1950 2454 2042 2490 ac-

350 2525 598 2580 tionibus
648 2524 1036 2578 trausmittere
1069 2524 1286 2578 studuit
1326 2540 1339 2577 :
1375 2528 1660 2594 tantaeque
1712 2524 1782 2578 de
1837 2530 2042 2579 caetero

350 2613 500 2668 circa
532 2614 682 2668 hunc
726 2619 988 2668 sanctum
1018 2613 1209 2666 locum
1265 2612 1588 2666 devotionis
1619 2612 1857 2681 exstitit,
1903 2619 1967 2667 ut
1995 2613 2042 2667 si

350 2703 643 2774 aliquanto
683 2701 899 2756 diutius
951 2701 1188 2766 viveret,
1242 2701 1440 2755 relicto
1505 2701 1737 2772 imperii
1790 2701 2040 2772 fastigio,

354 2793 466 2846 Deo
497 2809 553 2846 se
576 2793 680 2846 sub
712 2795 920 2845 sanctas
949 2789 1318 2860 professionis
1347 2790 1550 2844 habitu
1572 2791 1666 2844 hic
1691 2791 2039 2846 serviturum

352 2881 676 2954 sponderet.
713 2900 741 2928 »

424 2973 508 3024 12.
531 2970 710 3022 Tanta
739 2971 930 3021 autem
963 2970 1084 3019 erat
1108 2965 1333 3020 Henrici
1357 2965 1415 3018 in
1447 2971 1674 3020 nostros
1705 2967 2035 3038 propensio,
2070 2974 2110 3028 C

350 3062 414 3112 ut
437 3057 629 3126 vulgo,
661 3059 802 3107 teste
833 3058 1060 3106 auctore
1126 3052 1391 3106 Chronici
1422 3051 1941 3106 Lauresheimensis
1969 3053 2040 3107 ad

351 3160 566 3200 annum
625 3143 781 3207 1000,
850 3140 1239 3194 Monachorum
1291 3141 1454 3194 Pater
1520 3141 1907 3209 appellaretur.
1975 3141 2043 3195 Et

351 3249 486 3288 sane
519 3247 649 3285 vere
678 3245 878 3284 eorum
911 3231 1137 3282 Patrem
1173 3228 1346 3282 fuisse
1368 3233 1427 3282 et
1458 3232 1766 3299 patronum
1797 3229 2042 3299 probant

349 3327 539 3376 vetera
571 3319 786 3390 passim
837 3318 1240 3382 instrumenta,
1272 3316 1332 3370 in
1364 3333 1566 3370 eorum
1608 3317 1854 3386 gratiam
1885 3319 2034 3372 data.

349 3412 563 3464 Novem
623 3423 692 3461 ex
731 3406 801 3459 iis
850 3406 1068 3476 profert
1125 3406 1422 3460 Gretserus
1469 3405 1530 3458 in
1588 3405 1736 3458 libro
1778 3407 1856 3460 De
1897 3406 2040 3461 divis

351 3495 886 3567 Bambergensibus,
919 3510 1168 3565 quorum
1198 3498 1322 3547 octo
1354 3509 1458 3563 pro
1487 3493 1784 3547 Altahensi
1833 3510 2036 3548 mona-

347 3587 541 3653 sterio,
571 3600 790 3638 nonum
850 3599 956 3654 pro
984 3582 1396 3653 Tegernseensi
1452 3587 1604 3648 sunt,
1657 3583 1852 3636 omnia
1922 3583 2039 3638 fere

346 3675 718 3745 promovente
784 3676 838 3724 et
892 3671 1168 3724 excitante
1213 3676 1408 3723 sancta
1479 3670 1831 3740 Cunegunde
1902 3688 2035 3725 con-

346 3779 520 3816 cessa.
571 3759 833 3829 Quinque
905 3757 1017 3810 alia
1057 3757 1287 3810 exhibet
1346 3756 1653 3810 Bullarium
1733 3758 2037 3812 Casinense

344 3856 502 3904 tomo
534 3848 601 3911 Il,
634 3863 739 3916 pro
771 3844 942 3898 variis
964 3844 1141 3898 Italiae
1173 3845 1557 3899 monasteriis.
1608 3845 1732 3898 Alia
1789 3848 2037 3916 plerum-

346 3956 456 4011 que
476 3939 537 3992 in
569 3936 694 3991 aliis
715 3934 876 3989 libris
927 3934 1233 4001 habentur,
1267 3949 1396 4004 quas
1445 3933 1782 4005 singillatim
1836 3953 2033 3990 recen-

345 4044 467 4082 sere
497 4041 614 4081 non
645 4029 820 4077 vacat.
860 4026 1069 4077 Praeter
1124 4023 1540 4093 Bambergense
1598 4025 2030 4088 monasterium,

343 4118 413 4172 de
442 4133 555 4187 quo
585 4129 756 4184 supra
785 4113 1055 4178 diximus,
1112 4116 1166 4166 et
1218 4112 1620 4182 Coufugiense,
1656 4113 1809 4183 quod
1856 4114 2030 4184 potis-

341 4206 551 4260 simum
605 4219 636 4255 a
684 4199 1035 4271 Cunegunde
1091 4199 1352 4254 dotatam
1438 4199 1566 4268 fuit,
1621 4201 2030 4256 monasterium

339 4295 739 4349 Schutterense
765 4289 825 4342 in
850 4288 1322 4359 Argentoratensi
1345 4287 1594 4354 dioecesi,
1617 4303 1765 4358 pene
1793 4290 2027 4344 omnino

339 4384 708 4443 destructum,
769 4395 803 4432 a
855 4376 1242 4431 fundamentis
1323 4377 1636 4441 renovavit,
1711 4377 2026 4448 ampliavit,

339 4469 651 4540 multisque
702 4465 1157 4538 possessionibus
1201 4464 1399 4518 ditavit
1432 4468 1494 4518 ut
1523 4468 1760 4518 testatur
1806 4465 2028 4520 Trithe-

337 4558 488 4614 mius
516 4557 577 4610 in
633 4553 912 4609 Chronico
961 4551 1352 4622 Hirsaugiensi
1378 4551 1450 4606 ad
1477 4568 1692 4606 annum
1725 4553 1880 4606 1007.
1912 4553 2029 4607 Vir-

337 4647 592 4702 duuense
623 4642 801 4697 sancti
839 4640 1026 4694 Vitoui
1078 4640 1336 4710 ejusdem
1385 4639 1709 4710 sumptibus
1734 4644 2026 4695 restaura-

336 4740 455 4788 tum
489 4736 591 4786 est.
637 4731 751 4784 Nec
779 4727 1248 4797 praetereundum
1283 4725 1476 4780 nobile
1510 4743 1801 4780 sacrarum
1850 4727 2026 4799 virgi-

335 4837 474 4876 num
504 4817 852 4884 caeuobium,
885 4816 1040 4886 quod
1074 4814 1243 4868 simul
1274 4831 1406 4869 cum
1465 4816 1818 4885 Cuuegunde
1873 4818 2024 4888 apud

335 4910 706 4978 Neoburgum
756 4905 1008 4959 Bavaria:
1064 4905 1267 4958 urbem
1323 4904 1383 4956 in
1437 4903 1558 4974 ipsa
1611 4904 1854 4958 Danubii
1900 4905 2024 4974 ripa

332 4997 486 5052 idem
522 4996 842 5065 imperator
887 4991 1158 5046 condidit.
1195 4993 1310 5045 Hoc
1340 4991 1401 5044 in
1430 4992 1554 5045 loco
1600 4991 1808 5062 opibus
1851 4997 1907 5046 et
1934 5009 2023 5046 re-

331 5085 548 5156 ligione
604 5080 976 5136 celeberrimo
1006 5079 1392 5150 perseveravit
1442 5081 1580 5134 ordo
1621 5080 2025 5134 Beuedictinus

331 5190 513 5244 usque
534 5171 603 5226 ad
651 5169 843 5224 saeculi
875 5169 1132 5240 proxime
1171 5168 1349 5240 elapsi
1379 5168 1576 5237 ﬁnem,
1616 5185 1732 5240 quo
1763 5173 2023 5239 tempore

333 5260 768 5318 Lutheranismo
800 5257 1198 5322 invalescente,
1230 5261 1360 5326 post
1392 5257 1737 5327 Magdalenm
1763 5255 2024 5310 Hundtin

329 5351 400 5405 de
452 5346 804 5405 Lauterbach
861 5345 1160 5399 abbatissae
1219 5345 1460 5411 obitum,
1530 5361 1680 5398 nova
1747 5343 2022 5398 electione

329 5437 648 5502 interdicta,
689 5436 771 5490 fas
810 5433 1176 5505 postmodum
1207 5450 1325 5488 non
1351 5434 1458 5488 fuit
1485 5432 1736 5502 virgines
1784 5431 1853 5486 ad
1886 5449 2022 5503 pro-

329 5526 633 5580 fessionem
680 5522 1052 5578 monasticam
1106 5523 1424 5588 admittere,
1469 5521 1587 5575 imo
1619 5519 1688 5575 iis
1715 5536 1844 5591 quae
1871 5521 2017 5576 resi-

2152 526 2350 566 omnes
2377 504 2658 562 constanti
2702 505 2896 558 animo
2953 509 3315 575 respueruut.
3377 503 3590 573 Omnes,
3661 505 3864 577 inquit

2155 599 2456 656 Bucelinus
2485 595 2545 648 in
2577 593 2880 649 Germania
2931 608 3110 660 sacra,
3156 609 3296 662 pane
3352 594 3722 648 tribulationis
3782 593 3864 648 ad

2151 689 2357 744 obitum
2408 697 2576 752 usque
2661 685 2994 745 sustentata,
3038 682 3264 736 Numini
3317 696 3429 735 sese
3491 683 3551 735 in
3605 681 3862 736 adversis

2152 778 2363 844 egregie
2389 772 2755 842 probaverunt
2780 773 2829 822 et
2858 769 3386 823 commendaverunt.
3423 769 3611 822 Rebus
3651 775 3860 840 postea

2152 864 2387 938 pacatis,
2411 860 2508 915 sed
2531 858 2874 929 virginesibi
2888 857 3058 910 nullae
3073 857 3348 910 restitutas
3367 862 3518 923 sunt,
3533 858 3631 912 sed
3654 858 3864 912 incidit

2155 949 2569 1007 monasterium
2602 947 2660 999 in
2693 961 2895 998 manus
2913 945 3147 998 Patrum
3177 944 3464 998 societatis
3494 947 3645 999 .lesu.
3669 946 3863 999 Abba-

2151 1041 2420 1094 tissarum
2470 1035 2796 1103 catalogum
2861 1031 3092 1086 exhibet
3160 1031 3316 1086 idem
3363 1032 3668 1086 Bucelinus
3724 1033 3859 1086 loco

2155 1126 2408 1180 laudato.

2227 1251 2312 1303 13.
2350 1250 2518 1302 Porro
2545 1261 2660 1299 non
2723 1244 2914 1298 minus
2978 1260 3042 1297 ac
3072 1245 3192 1298 loca
3239 1261 3396 1298 sacra
3444 1245 3598 1300 viros
3639 1246 3859 1300 virtute

2154 1341 2211 1390 et
2239 1335 2540 1389 sanctitate
2573 1333 2823 1387 illustres
2852 1332 3073 1387 colebat
3121 1332 3424 1398 Henricus,
3460 1349 3708 1403 quorum
3741 1352 3858 1404 ope

2155 1441 2219 1478 ac
2269 1423 2520 1477 consiliis
2569 1423 2629 1476 in
2694 1439 2796 1475 sua
2839 1436 3191 1492 suorumque
3251 1422 3608 1475 subditorum
3665 1424 3858 1476 salute

2157 1513 2512 1583 procuranda
2561 1510 2781 1564 assidue
2813 1512 3098 1564 utebatur.
3132 1511 3291 1564 Tales
3341 1511 3500 1564 fuere
3556 1512 3855 1582 Wolfgan-

2156 1618 2261 1672 gus
2280 1601 2580 1671 episcopus
2607 1597 3035 1668 Ratisponeusis
3064 1597 3165 1668 qui
3195 1599 3316 1667 ejus
3344 1599 3403 1651 in
3455 1599 3642 1668 prima
3683 1604 3856 1652 aetate

2156 1690 2448 1744 institutor
2468 1689 2640 1742 fuisse
2688 1688 2914 1755 dicitur,
2947 1687 3316 1740 Godehardus
3367 1687 3622 1757 primum
3689 1690 3852 1740 Alta-

2156 1778 2348 1831 hensis
2435 1777 2628 1843 abbas,
2703 1781 2902 1845 postea
2970 1775 3271 1845 episcopus
3322 1775 3856 1842 Hildesheimensis,

2158 1867 2488 1920 Heribertus
2539 1863 2916 1929 Coloniensis,
2970 1865 3167 1934 Poppo
3239 1863 3592 1918 Stabulensis
3649 1866 3855 1931 abbas,

2157 1954 2472 2010 Richardus
2500 1952 2889 2014 Virduuensis,
2926 1951 3088 2005 Odilo
3144 1951 3551 2019 Cluniacensis,
3614 1953 3853 2007 Willel-

2156 2059 2284 2097 mus
2365 2039 2740 2104 Divionensis,
2829 2038 3143 2093 Pandulfus
3196 2041 3574 2109 Agaunensis,
3628 2046 3691 2096 et
3753 2043 3854 2096 alii

2155 2130 2503 2200 complures,
2552 2127 2651 2198 qui
2698 2133 2834 2182 tunc
2861 2127 3138 2196 temporis
3170 2129 3551 2182 monasticam
3584 2129 3860 2184 ordinem

2154 2219 2538 2274 illustrabaut.
2582 2218 2744 2272 Certe
2779 2221 2976 2270 auctor
3016 2221 3102 2270 est
3156 2217 3353 2270 Petrus
3417 2217 3681 2270 Damiani
3717 2235 3856 2272 san-

2153 2313 2309 2362 ctum
2364 2306 2748 2362 Romualdum
2781 2305 2871 2358 die
2924 2305 3174 2374 quadam
3231 2306 3302 2359 ad
3351 2307 3656 2360 Henricum
3712 2312 3858 2361 tunc

2153 2396 2426 2467 temporis
2481 2395 2541 2448 in
2572 2395 2732 2448 Italia
2788 2399 3053 2464 agentem
3105 2393 3425 2462 accessisse,
3460 2396 3570 2460 cui,
3633 2396 3853 2466 inquit,

2150 2500 2256 2538 non
2279 2499 2458 2553 pauca
2489 2484 2694 2537 locutus
2724 2486 2802 2536 est
2845 2481 2911 2534 de
2932 2483 3262 2536 restituendo
3303 2484 3431 2552 jure
3479 2485 3853 2549 ecclesiarum,

2151 2573 2217 2627 de
2244 2575 2501 2627 violentia
2535 2576 2830 2640 potentum.
2862 2570 2925 2624 :le
2970 2573 3313 2639 oppressione
3366 2587 3693 2641 pauperum,
3739 2578 3852 2628 etc.

2150 2661 2314 2726 Quod
2366 2660 2567 2731 iniquo
2599 2660 2791 2713 animo
2847 2674 2960 2712 non
3010 2659 3144 2713 tulit
3193 2659 3525 2730 imperator,
3584 2662 3704 2714 imo
3763 2662 3857 2715 vi-

2149 2749 2199 2803 ri
2285 2749 2642 2802 sanctitatem
2693 2747 3002 2810 reveritus,
3053 2745 3106 2799 ei
3173 2748 3587 2801 monasterium
3663 2749 3857 2802 sancti

2148 2837 2378 2904 Amiati,
2407 2837 2468 2890 in
2525 2851 2638 2905 quo
2684 2839 2948 2904 tepuerat
2995 2835 3354 2888 observantia
3413 2835 3697 2906 regularis
3729 2853 3855 2890 suae

2147 2927 2327 2996 ipsius
2374 2923 2808 2994 congregationi
2860 2921 3221 2976 subdendum
3278 2923 3538 2977 tradidit.
3623 2925 3855 2978 Etenim

2150 3015 2367 3070 deliciae
2397 3014 2519 3084 ejus
2576 3018 2740 3066 erant
2790 3027 2920 3064 cum
2971 3011 3104 3063 viris
3158 3011 3443 3081 religiosis
3496 3013 3852 3068 conversari.

2152 3105 2291 3159 Hinc
2311 3120 2376 3157 ex
2409 3103 2571 3156 Italia
2601 3102 2660 3155 in
2689 3100 3052 3156 Germaniam
3097 3100 3344 3169 rediens,
3376 3100 3610 3155 dimisso
3675 3119 3851 3157 exer-

2148 3194 2283 3258 citu,
2342 3192 2673 3247 Cluniacum
2705 3205 2834 3245 cum
2863 3189 3060 3259 paucis
3089 3205 3119 3242 e
3145 3189 3263 3242 suis
3306 3191 3685 3245 familiaribus
3715 3209 3853 3263 per-

2147 3282 2312 3348 rexit,
2343 3302 2365 3328 ε
2401 3281 2519 3345 ubi,
2562 3279 2751 3348 inquit
2798 3278 2937 3332 Vitae
2987 3279 3108 3348 ejus
3138 3284 3341 3331 auctor
3372 3294 3495 3348 cap.
3559 3283 3646 3347 26,
3711 3299 3854 3338 cum

2147 3371 2399 3441 plurima
2429 3369 2590 3439 signa
2627 3366 2924 3438 religionis
2953 3371 3009 3420 et
3038 3366 3350 3420 sanctitatis
3375 3367 3623 3434 vidisset,
3660 3371 3853 3426 sancti

2147 3458 2389 3528 Spiritus
2420 3457 2551 3528 igne
2582 3471 2907 3521 succensus,
2940 3469 3218 3509 coronam
3261 3471 3494 3510 auream
3542 3459 3847 3527 pretiosis-

2147 3545 2306 3598 simis
2332 3544 2576 3614 gemmis
2614 3543 2969 3608 adornatam,
3013 3541 3081 3596 ad
3117 3541 3350 3595 missam
3381 3559 3511 3613 qum
3541 3544 3610 3598 de
3642 3546 3848 3600 cathe-

2146 3633 2248 3687 dra
2265 3631 2443 3686 sancti
2490 3631 2639 3685 Petri
2671 3629 3084 3696 celebrabatur,
3118 3629 3346 3695 obtulit,
3399 3637 3458 3685 et
3503 3631 3846 3689 fraternita-

2145 3723 2262 3773 tem
2301 3719 2714 3773 monachorum
2777 3717 3119 3787 suscipieus,
3177 3734 3305 3772 cum
3359 3719 3609 3773 maxima
3656 3720 3850 3775 humi-

2147 3807 2303 3860 litate
2360 3812 2416 3861 et
2469 3806 2810 3861 contritione
2871 3806 3060 3859 cordis
3111 3807 3469 3860 orationibus
3527 3825 3727 3863 eorum
3783 3827 3847 3864 se

2145 3895 2583 3960 commendavit,
2643 3899 2699 3948 et
2754 3894 2812 3947 iu
2879 3895 3346 3964 supplementum
3382 3897 3843 3952 necessariarum

2146 3999 2335 4037 rerum
2362 3983 2422 4036 in
2448 3983 2661 4037 Alsatia
2693 3981 2913 4052 optima
2944 3983 3158 4052 praedia
3187 3983 3369 4038 eidem
3397 3988 3845 4056 congregationi

2144 4071 2508 4126 contradidit.
2540 4071 2678 4125 lude
2703 4071 2815 4124 iter
2844 4071 3078 4138 faciens,
3127 4087 3232 4142 per
3285 4072 3555 4127 Leodium
3587 4081 3645 4128 et
3695 4077 3849 4131 Tre-

2140 4161 2307 4214 virim
2355 4160 2660 4215 transitum
2692 4159 2848 4227 fecit,
2889 4165 2945 4214 et
2997 4161 3469 4232 congregationes
3521 4164 3664 4218 inibi
3720 4168 3843 4221 Deo

2140 4249 2480 4304 famulantes
2552 4249 2816 4320 plurimis
2873 4249 3273 4320 largitionibus
3346 4257 3404 4305 et
3455 4253 3690 4323 praediis
3747 4257 3843 4310 di-

2071 4309 2112 4363 D
2139 4338 2295 4392 tavit.
2320 4359 2347 4387 ))

2214 4463 2298 4515 14.
2331 4463 2534 4516 Narrat
2561 4467 2760 4516 auctor
2813 4462 2954 4518 Vita:
3009 4463 3164 4518 beati
3195 4463 3462 4519 Richardi
3523 4467 3833 4526 Henricum

2137 4550 2446 4622 aliquando
2478 4550 2794 4605 Virdunum
2836 4551 3154 4620 accessisse,
3209 4557 3273 4607 ut
3327 4553 3560 4608 beatum
3593 4557 3835 4612 Richar-

2136 4638 2296 4705 dum,
2319 4655 2432 4710 quo
2463 4655 2614 4709 saepe
2644 4639 2980 4693 familiarius
3013 4639 3300 4706 utebatur,
3330 4639 3617 4698 inviseret.
3653 4645 3835 4700 Cum-

2136 4743 2249 4798 que
2279 4727 2612 4781 monasterii
2646 4727 2823 4781 sancti
2866 4727 3076 4794 Vitoui,
3111 4729 3202 4781 cui
3231 4728 3324 4782 ille
3359 4729 3534 4784 abbas
3563 4740 3833 4801 praeerat,

2135 4815 2378 4870 aediﬁcia
2445 4815 2837 4886 perlustraret,
2895 4817 3205 4870 claustrum
3264 4816 3575 4888 ingressus,
3634 4823 3832 4878 statim

2134 4904 2287 4957 hunc
2331 4904 2538 4973 psalmi
2564 4903 2911 4958 versiculum
2951 4904 3092 4959 dixit
3128 4922 3139 4959 :
3172 4907 3292 4960 Hac
3343 4909 3554 4976 requies
3601 4925 3718 4963 mea
3772 4914 3837 4966 in

2133 4993 2384 5047 secutum
2431 4993 2615 5046 saeculi
2655 5008 2668 5046 :
2729 4993 2815 5046 hic
2875 4993 3131 5048 habitabo
3181 4996 3437 5063 quoniam
3488 4997 3626 5063 elegi
3688 5014 3831 5054 eam.

2133 5081 2254 5144 Qua
2279 5080 2348 5134 de
2379 5095 2438 5133 re
2497 5080 2759 5134 turbatus
2818 5082 3034 5150 Heymo
3089 5081 3461 5136 Virdunensis
3501 5084 3832 5156 episcopus,

2133 5168 2230 5240 qui
2272 5184 2524 5238 praesens
2594 5169 2808 5234 aderat,
2864 5171 3010 5223 clam
3063 5169 3417 5225 Richardum
3475 5173 3703 5228 monuit
3759 5191 3836 5230 ne

2133 5257 2458 5326 Henricum,
2499 5257 2650 5328 quod
2699 5257 2805 5311 hoc
2833 5257 2955 5311 sine
2989 5259 3318 5313 incredibili
3350 5261 3576 5331 imperii
3618 5262 3835 5318 damno

2131 5344 2258 5400 ﬁeri
2295 5345 2579 5416 nequiret,
2626 5347 2973 5400 monachum
3005 5347 3133 5401 ﬁeri
3161 5348 3308 5418 apud
3363 5365 3422 5402 se
3453 5349 3688 5405 sineret.
3722 5355 3830 5407 Po-

2131 5433 2328 5488 stridie
2385 5434 2580 5505 itaque
2634 5435 2874 5489 Henrico
2922 5452 3116 5490 coram
3167 5437 3436 5491 omnibus
3465 5439 3526 5492 in
3571 5440 3828 5511 capitulo

2130 5521 2334 5576 astanti
2385 5523 2552 5593 petiit
2581 5522 2899 5579 Richardus
2931 5540 3073 5579 num
3130 5525 3298 5580 vellet
3326 5526 3451 5580 ﬁeri
3484 5529 3822 5600 monachus,
