3938 6314
116 322 237 379 205⁷
1108 330 1264 384 VITA
1305 331 1360 384 S.
1402 330 1864 398 CUNEGUNDIS,
1908 334 2024 390 UBI
2065 335 2153 390 DE
2196 338 2251 392 S.
2296 336 2628 392 HENRICO.

3520 344 3622 394 206

111 448 331 520 ipsique
358 455 643 521 tanquam
672 449 904 521 proprio
938 451 1131 505 abbati
1183 451 1243 505 in
1284 452 1548 506 omnibus
1583 454 1814 524 penitus
1849 457 1895 509 A
1927 456 2169 510 videtur.
2220 458 2273 510 Is
2330 458 2483 511 enim
2526 474 2682 512 num.
2718 461 2747 511 ὅ
2781 458 2861 512 ait
2887 459 3189 530 indignum
3218 460 3361 524 fore,
3400 467 3464 516 ut
3499 464 3620 533 ipse

109 538 340 592 obedire
400 539 716 592 secundum
764 540 976 609 regula
1032 546 1404 610 praceptumt
1454 540 1618 605 Quod
1684 558 1814 596 cum

106 627 514 696 spopondisset
558 627 889 698 imperator,
944 633 1113 698 atque
1154 635 1219 682 ut
1266 631 1577 684 monachus
1626 647 1814 685 susce-

107 721 230 784 ptus
284 717 510 781 fuisset,
543 715 685 770 dixit
734 716 940 770 abbas:
978 737 1005 765 «
1032 718 1307 771 Volumus
1346 734 1481 789 ergo
1525 724 1583 772 et
1612 719 1812 789 praci-

105 804 292 873 pimus
328 810 389 858 ut
429 805 501 858 ad
545 805 984 875 gubernandum
1037 806 1197 859 vobis
1232 822 1265 859 a
1320 807 1434 860 Deo
1487 791 1816 878 delegatum

106 895 417 963 imperium
459 896 725 951 redeatis.
768 917 795 944 ››
831 896 1034 966 Sicque
1058 896 1187 966 pius
1225 896 1558 966 imperator,
1596 899 1816 968 regula

114 984 394 1049 astrictus,
431 984 722 1054 reliquum
762 984 891 1037 vita
933 990 1159 1055 tempus
1188 984 1248 1038 in
1293 986 1565 1039 virtutum
1601 987 1816 1040 exerci-

113 1071 199 1125 tiis
254 1072 566 1142 transegit,
611 1072 959 1142 beatumque
1004 1072 1373 1127 Benedictum
1427 1090 1556 1127 vere
1602 1079 1665 1128 ut
1709 1075 1814 1128 Pa-

117 1160 256 1211 trem
289 1159 494 1212 coluit.
526 1159 721 1214 Simile
760 1161 893 1213 huic
922 1160 1132 1215 factum
1163 1161 1405 1231 contigit
1431 1161 1491 1215 in
1526 1168 1814 1216 monaste-

117 1246 197 1299 rio
241 1246 576 1302 Gellonensi
623 1250 826 1303 saculo
884 1249 1246 1315 duodecimo,
1300 1250 1402 1303 ubi
1441 1252 1817 1322 Berengarius

120 1334 183 1387 de
209 1336 495 1405 Mayrosio
528 1337 914 1391 obedientiam
944 1339 1073 1408 pari
1125 1338 1297 1391 modo
1323 1339 1475 1392 vovit
1528 1339 1814 1394 Richardo

118 1424 445 1477 Gellonensi
476 1426 688 1493 abbati,
742 1431 804 1479 ut
835 1432 991 1495 patet
1019 1442 1083 1479 ex
1138 1426 1259 1496 ejus
1317 1427 1684 1497 professionis
1731 1444 1816 1482 ce-

116 1513 243 1565 dula
297 1530 477 1584 quam
525 1530 589 1566 ex
644 1530 747 1567 ms.
804 1515 995 1568 codice
1034 1498 1290 1583 ejusdem
1342 1516 1673 1569 monasterii
1703 1517 1815 1570 huc

115 1601 328 1655 referre
390 1603 579 1655 visum
642 1608 761 1656 est:
829 1604 990 1657 Anno
1046 1604 1113 1657 ab
1178 1607 1552 1659 incarnatione
1600 1608 1816 1660 Domini

118 1694 270 1757 “62,
300 1694 361 1745 in
411 1696 627 1745 nomine
680 1693 902 1782 domini,
953 1708 1045 1758 ego
1098 1695 1455 1782 Berengarins
1494 1694 1559 1747 de
1590 1697 1812 1763 Mayro-
1848 1731 1886 1782 Β

114 1782 208 1844 sio,
242 1781 430 1833 volens
487 1783 809 1835 renuntiare
866 1774 1089 1834 terrenis
1118 1781 1188 1850 {et
1242 1783 1458 1835 inhiare
1494 1783 1811 1849 caelestibus,

115 1869 268 1923 trado
320 1872 381 1922 in
430 1885 596 1922 manu
652 1871 864 1923 Domini
895 1869 1158 1923 Richardi
1195 1871 1408 1923 abbatis
1448 1874 1625 1924 sancti
1656 1872 1816 1927 Guil-

113 1958 255 2010 lelmi
300 1973 386 2010 me
444 1960 623 2025 ipsum
666 1958 740 2009 ad
789 1958 1161 2011 monachicum
1209 1958 1455 2012 habitum
1508 1961 1815 2028 suscipien-

114 2045 257 2111 dum,
323 2045 549 2113 quando
615 2045 803 2098 abbati
850 2045 1065 2098 domino
1129 2047 1412 2114 placuerit.
1485 2047 1591 2101 Sed
1645 2052 1695 2101 et
1756 2050 1816 2101 in

109 2138 531 2199 praesentiarum
580 2136 835 2203 promitto
889 2138 940 2187 et
987 2133 1345 2187 obedientiam
1394 2136 1684 2189 secundum
1716 2135 1819 2189 Dei

112 2228 158 2274 et
196 2223 345 2275 beati
391 2222 674 2275 Benedicti
726 2223 989 2290 regulam.
1050 2222 1224 2275 Porro
1270 2223 1415 2276 hanc
1472 2223 1531 2277 in
1583 2224 1817 2277 beatum

116 2311 489 2364 Benedictum
544 2310 773 2364 Henrici
829 2309 1272 2380 propensionem
1333 2311 1539 2380 probat
1601 2312 1818 2365 lamina

116 2414 287 2451 aurea
329 2414 481 2469 qua,
536 2405 597 2451 ut
628 2415 695 2451 ex
743 2398 913 2451 variis
972 2400 1299 2453 auctoribus
1346 2400 1518 2453 refert
1564 2399 1818 2470 Angelus

119 2487 184 2541 de
214 2488 376 2541 Nuce
408 2487 467 2540 in
498 2487 646 2541 notis
675 2488 743 2541 ad
802 2488 898 2540 lib.
932 2504 969 2540 η
1001 2487 1266 2541 Chronici
1315 2474 1657 2555 Casinensis,
1691 2505 1813 2559 cap.

118 2577 202 2639 43,
261 2576 327 2629 in
379 2576 673 2630 Basiliensi
731 2576 935 2645 majori
992 2576 1245 2639 ecclesia,
1299 2593 1473 2647 quam
1540 2577 1818 2631 Henricus

117 2668 560 2728 restauraverat,
614 2662 928 2730 visebatur;
975 2663 1073 2716 ubi
1125 2669 1375 2735 quatuor
1431 2665 1620 2734 angeli
1684 2681 1815 2719 cum

115 2756 313 2805 sancto
393 2752 694 2806 Benedicto
751 2751 962 2821 depicti
1022 2757 1206 2812 erant,
1270 2757 1442 2823 atque
1496 2752 1555 2807 in
1616 2769 1814 2807 eorum

116 2841 309 2894 medio
361 2839 616 2893 Christus
646 2840 923 2893 Dominus
962 2840 1503 2910 reprasentabatur,
1555 2842 1623 2895 ad
1655 2843 1817 2911 cujus

113 2931 291 2999 pedes
329 2929 605 2983 Henricus
637 2945 764 2982 cum
818 2929 1167 3000 Cunegunde
1214 2946 1390 2983 uxore
1422 2947 1525 2983 sua
1554 2930 1814 2984 advolve-

116 3018 304 3071 batur.
366 3016 520 3070 Obiit
559 3017 832 3072 Henricus
884 3018 1019 3072 Julii
1054 3018 1117 3071 14
1168 3033 1320 3071 anno
1355 3018 1512 3087 1024,
1553 3023 1726 3089 atque
1756 3019 1817 3072 in
1856 3013 1896 3067 C
1927 3009 2385 3064 sanctimoniales
2465 3009 2816 3080 proscripta,

120 3104 534 3174 Bambergensi
587 3106 822 3159 ecclesia
876 3106 1133 3176 sepultus
1190 3111 1305 3172 est;
1348 3106 1449 3176 qui
1496 3112 1695 3175 postea
1748 3107 1817 3160 ab

116 3193 377 3264 Eugenio
420 3194 495 3246 IlI
545 3209 768 3247 summo
822 3194 1092 3262 pontifice
1122 3192 1183 3247 in
1242 3199 1566 3248 sanctorum
1609 3197 1818 3248 catalo-

115 3298 253 3353 gum
327 3281 635 3352 ascriptus,
690 3282 919 3353 publice
972 3282 1033 3336 in
1079 3286 1201 3336 tota
1248 3282 1497 3337 Ecclesia
1543 3283 1819 3337 celebrari

115 3369 312 3439 capit.

191 3462 279 3512 15.
343 3457 711 3528 Cunegundis
765 3457 872 3511 viri
933 3457 1094 3512 obitu
1137 3458 1308 3527 plane
1358 3456 1539 3511 libera
1591 3458 1720 3527 fuit,
1761 3463 1822 3512 ut

119 3562 416 3618 quemque
466 3547 664 3600 mallet
706 3546 835 3600 vita
867 3550 1074 3600 statum
1126 3549 1320 3617 posset
1371 3547 1653 3617 amplecti.
1688 3548 1819 3600 Pla-

117 3637 237 3691 cuit
302 3637 359 3690 ei
413 3652 533 3707 pra
582 3636 803 3691 cateris
859 3636 1240 3707 Confugiense
1293 3637 1729 3704 monasterium,
1761 3636 1821 3689 in

121 3725 277 3795 quod
310 3741 433 3778 sese
458 3725 695 3796 recepit,
728 3742 795 3780 eo
847 3726 1018 3780 modo
1065 3742 1180 3796 quo
1216 3726 1273 3779 in
1309 3725 1432 3795 ejus
1458 3726 1583 3779 Vita
1618 3726 1825 3779 descri-

118 3814 306 3879 bitur;
355 3829 528 3883 quam
580 3829 711 3867 cum
751 3813 1034 3884 integram
1089 3813 1467 3883 proferamus,
1524 3812 1705 3867 fusius
1753 3812 1823 3866 de

121 3902 302 3973 ipsius
335 3902 509 3971 gestis
540 3901 635 3955 hic
665 3901 825 3972 loqui
854 3902 1055 3955 inutile
1085 3902 1257 3956 foret.
1288 3902 1459 3954 Porro
1487 3900 1669 3953 Vitam
1701 3901 1824 3971 ejus

122 4007 153 4044 a
204 3989 501 4044 Nonnosio
559 3989 810 4061 quodam
869 3988 1149 4044 monacho
1197 3988 1461 4059 scriptam
1494 3988 1673 4041 fuisse
1722 4003 1822 4040 au-

124 4085 251 4134 ctor
278 4084 367 4133 est
396 4079 750 4133 Hofmannus
778 4078 837 4133 in
898 4078 1216 4133 Annalibus
1268 4076 1781 4147 Bambergensibus
1806 4093 1819 4142 ;

121 4168 220 4222 sed
275 4183 533 4238 quonam
579 4167 676 4221 ille
706 4173 961 4238 tempore
992 4166 1270 4229 ﬂoruerit,
1330 4170 1431 4219 aut
1459 4170 1653 4219 utrum
1704 4165 1825 4219 hac

123 4254 250 4323 ipsa
291 4253 368 4306 sit
419 4269 548 4324 qua
579 4253 650 4306 ad
680 4269 784 4306 nos
816 4268 997 4323 usque
1038 4252 1316 4322 pervenit,
1375 4251 1656 4305 incertum
1707 4255 1814 4305 est.

124 4342 293 4395 Certe
346 4346 639 4395 auctorem
669 4340 833 4410 Vita,
864 4340 1123 4411 quisquis
1166 4340 1263 4393 ille
1294 4339 1483 4405 fuerit,
1533 4339 1591 4392 in
1631 4338 1825 4410 aliquo

125 4430 257 4483 loco
287 4445 395 4500 per
420 4428 646 4483 beatam
670 4429 1084 4500 Cunegundem
1106 4428 1302 4482 dotato
1346 4428 1570 4494 vixisse,
1607 4431 1825 4481 certum
1858 4435 1865 4441 '

1926 542 2007 596 illi
2042 543 2340 597 subtrahat
2394 546 2648 599 officium
2695 545 2830 606 oris,
2890 548 3052 617 cujus
3086 549 3441 617 providentia
3472 566 3619 620 quo-

1923 631 2064 685 tidie
2128 633 2399 686 alimenta
2442 634 2795 704 percipiebat
2839 635 3112 705 corporis.
3167 637 3407 691 z’Etatezn
3460 655 3619 693 suam

1926 736 2043 773 non
2076 721 2215 774 adeo
2247 723 2542 776 evidenter
2570 724 2796 794 prodit;
2820 725 3035 779 indicat
3059 731 3252 781 tamen
3283 744 3444 780 num.
3488 732 3517 782 5
3563 746 3621 782 se

1925 816 2054 878 post
2084 811 2263 863 sancti
2321 812 2545 864 Henrici
2576 813 3085 875 canonizationem.
3124 831 3252 885 qua
3283 830 3434 869 anno
3489 820 3621 870 1152

1925 914 2030 967 per
2058 898 2374 968 Eugenium
2407 898 2643 953 tertium
2702 900 2850 955 facta
2894 907 2996 970 est,
3040 902 3351 973 scripsisse,
3385 920 3512 957 cum
3546 905 3625 957 ait

1927 986 2136 1054 scripta
2196 988 2266 1039 de
2327 986 2493 1040 beato
2560 987 2905 1057 imperatore
2953 990 3023 1042 ab
3097 990 3341 1044 Ecclesia
3394 997 3623 1061 recepta

1924 1071 2117 1125 fuisse.
2147 1071 2293 1135 Quin
2320 1077 2377 1126 et
2396 1089 2524 1126 cum
2555 1089 2621 1127 ea
2641 1074 2931 1128 occasione
2972 1075 3077 1129 sibi
3114 1077 3336 1131 venisse
3368 1078 3427 1131 in
3460 1095 3617 1131 men-

1925 1164 2040 1213 tem
2063 1161 2226 1217 dicat.
2264 1166 2327 1213 ut
2358 1161 2427 1214 de
2448 1161 2615 1215 beata
2646 1163 2998 1233 Cunegunde
3041 1166 3330 1234 scriberet,
3362 1167 3471 1220 hoc
3500 1168 3620 1237 ipso

1925 1254 2183 1319 tempore
2214 1266 2326 1320 quo
2358 1250 2427 1304 de
2478 1249 2644 1304 beato
2690 1252 3036 1321 imperatore
3062 1253 3122 1306 in
3151 1259 3475 1308 sanctorum
3506 1272 3621 1308 nu—

1926 1353 2149 1391 merum
2188 1337 2415 1407 publice
2474 1340 2822 1393 accensendo
2888 1341 3180 1410 agebatur,
3238 1358 3368 1395 eum
3419 1343 3619 1397 vixisse

1926 1425 2130 1495 conjici
2157 1430 2368 1496 potest;
2422 1442 2752 1497 quanquam
2778 1428 3006 1481 nonnisi
3034 1430 3140 1483 sub
3183 1430 3373 1482 saculi
3405 1431 3617 1484 duode-

1926 1514 2059 1567 cimi
2124 1514 2296 1567 ﬁnem
2349 1515 2640 1585 scripsisse
2700 1516 2993 1570 fatendum
3035 1521 3135 1583 est,
3186 1518 3295 1570 nisi
3346 1518 3621 1572 miracula

1927 1618 2056 1670 qua
2096 1608 2225 1671 post
2273 1602 2458 1655 Vitam
2501 1602 2806 1670 habentur,
2853 1604 2922 1657 ab
2963 1606 3139 1657 altero
3184 1605 3457 1674 quopiam
3517 1623 3621 1659 au—

1927 1694 2083 1743 ctore
2133 1690 2417 1760 descripta
2462 1690 2636 1744 fuisse
2676 1691 2951 1745 dicamus.
2986 1692 3265 1746 Caeterum
3321 1698 3527 1762 prater
3558 1710 3622 1747 ea

1926 1778 2224 1843 miracula,
2275 1795 2403 1849 qua
2454 1778 2748 1856 inferiusa
2776 1780 2941 1833 nobis
2990 1781 3143 1834 edita
3189 1786 3342 1846 sunt,
3380 1781 3623 1835 habetur

1923 1867 1981 1920 in
2016 1868 2347 1937 apographo
2388 1868 2791 1937 Bambergensi
2837 1869 2975 1922 item
3016 1869 3160 1923 alius
3212 1870 3619 1925 miraculorum

1924 1955 2090 2021 liber,
2116 1956 2214 2009 sed
2254 1972 2426 2026 quem
2486 1957 2809 2025 omisimus,
2840 1958 2991 2027 quod
3017 1958 3158 2011 nihil
3189 1958 3307 2011 fere
3333 1958 3623 2014 contineat

1924 2048 2131 2112 prater
2163 2059 2228 2096 ea
2250 2059 2380 2113 qua
2431 2044 2796 2113 protulimus.
2841 2045 2897 2099 Si
2929 2045 3057 2115 quis
3101 2050 3293 2098 tamen
3342 2044 3504 2098 illum
3538 2046 3618 2099 le-

1924 2147 2057 2200 gere
2080 2132 2291 2201 cupiat,
2324 2131 2484 2185 adire
2523 2137 2711 2202 potest
2737 2134 3057 2187 Gretserum
3080 2132 3139 2186 in
3170 2134 3315 2186 libro
3351 2135 3427 2186 De
3477 2133 3620 2187 divis

1925 2219 2457 2289 Bambergensibus,
2514 2225 2612 2274 aut
2660 2220 2996 2275 Bollandum
3038 2222 3108 2276 ad
3139 2223 3303 2277 diem‘
3346 2225 3375 2276 3
3418 2222 3619 2289 Martii,

1925 2306 2023 2360 ubi
2056 2306 2279 2377 integer
2310 2306 2628 2361 exhibetur.

2000 2397 2084 2449 19.
2112 2397 2287 2448 Porro
2320 2396 2735 2450 monasterium
2774 2397 3175 2467 Confugiense,
3208 2398 3362 2468 quod
3406 2398 3623 2468 Capan-

1924 2498 2060 2552 gum
2116 2483 2443 2536 Dithmarus
2490 2484 2638 2537 libro
2691 2501 2766 2538 v11
2798 2485 3066 2555 appellat,
3125 2486 3408 2557 vulgoque
3438 2485 3622 2551 Kauf-

1924 2574 2129 2638 f‘ungen
2167 2571 2397 2637 dicitur,
2425 2571 2576 2626 haud
2611 2572 2781 2641 longe
2807 2590 2836 2625 a
2871 2573 3138 2628 Cassellio
3172 2574 3381 2627 Hassia
3413 2574 3623 2644 Oppido

1925 2658 2151 2725 celebri,
2220 2674 2402 2728 usque
2460 2658 2531 2711 ad
2591 2660 2861 2712 saculum
2926 2661 3186 2729 proxime
3251 2661 3508 2730 elapsum
3564 2659 3626 2713 in

1926 2746 2174 2817 regulari
2216 2746 2576 2800 observantia
2629 2748 3029 2817 perseveravit.
3091 2749 3199 2803 Sed
3231 2753 3370 2803 tunc
3398 2754 3620 2819 tempo-

1925 2835 2003 2888 ris
2057 2838 2179 2888 tota
2239 2834 2476 2904 regione
2534 2835 2604 2888 ad
2662 2835 2968 2889 Lutherani
3037 2838 3234 2905 partes
3296 2837 3623 2907 accedente,

1924 2923 2158 2978 tandem
2207 2939 2356 2976 anno
2405 2922 2631 2976 circiter
2680 2926 2807 2977 1531
2865 2924 2969 2978 sub
3008 2924 3327 2994 lantgravio
3358 2924 3623 2995 Philippo

2913 3015 2968 3064 et
3064 3012 3267 3083 religio
3350 3012 3627 3066 catholica

1928 3099 2158 3170 penitus
2205 3097 2287 3152 ibi
2341 3098 2551 3152 abolita
2598 3098 2725 3153 fuit.
2784 3100 2861 3153 De
2906 3100 3016 3153 hoc
3068 3102 3414 3155 monasterio
3462 3102 3627 3171 plura

1928 3188 2192 3242 odservat
2247 3192 2442 3241 noster
2509 3187 2807 3257 Adolphus
2865 3187 3148 3243 Overham
3221 3189 3282 3243 in
3354 3194 3490 3243 nota
3554 3189 3623 3243 ad

1930 3292 2089 3330 num.
2124 3277 2191 3329 86
2248 3276 2388 3331 Vita
2443 3275 2593 3330 beati
2621 3276 2940 3331 Meinwerci
3000 3277 3251 3348 episcopi
3308 3278 3625 3332 Paderbor-

1928 3364 2142 3419 nensis.

2004 3458 2089 3507 17.
2137 3452 2506 3522 Cunegundis
2558 3453 2895 3507 memoriam
2927 3470 3045 3507 non
3073 3454 3202 3507 fasti
3232 3454 3417 3507 solum
3445 3455 3623 3508 Bene-

1930 3540 2146 3608 dictini,
2188 3541 2282 3595 sed
2313 3546 2369 3593 et
2396 3541 2669 3611 pleraque
2703 3541 3023 3596 Germania
3051 3546 3107 3596 et
3149 3541 3329 3611 Belgii
3382 3541 3626 3613 peculia-

1928 3630 2014 3684 ria
2063 3628 2465 3700 Martyrologia
2516 3645 2647 3683 cum
2697 3631 2956 3685 Romano
3023 3635 3496 3697 commemorant,
3564 3630 3627 3684 in

1931 3718 2141 3788 quibus
2171 3718 2339 3770 variis
2394 3717 2613 3784 diebus,
2665 3734 2766 3788 pro
2802 3719 2960 3772 varia
2996 3720 3239 3786 ratione,
3291 3720 3412 3790 ejus
3461 3720 3624 3773 festi-

1930 3808 2074 3859 vitas
2128 3807 2459 3861 celebratur.
2526 3807 2823 3878 Pracipua
2893 3812 2979 3862 est
3021 3808 3111 3862 die
3170 3811 3199 3863 3
3264 3807 3448 3861 Martii
3513 3824 3626 3879 quo

1932 3911 2057 3949 eam
2091 3912 2121 3949 e
2166 3896 2307 3949 vivis
2336 3895 2640 3950 excessisse
2684 3902 2901 3950 certum
2952 3902 3054 3963 est,
3089 3897 3261 3968 idque
3310 3913 3459 3950 anno
3494 3898 3629 3950 1040

1932 3988 2030 4038 aut
2060 3984 2340 4054 sequenti,
2389 3983 2435 4038 si
2472 4000 2655 4038 annos
2684 3983 3012 4055 quindecim
3044 3991 3175 4054 post
3221 4000 3403 4038 unum
3434 3983 3629 4037 Vidui-

1932 4071 2066 4126 tatis
2116 4088 2334 4126 annum
2386 4071 2445 4126 iu
2495 4072 2845 4126 monasterio
2901 4072 3260 4143 transegerit,
3311 4077 3372 4125 ut
3430 4073 3631 4126 asserit

1932 4160 2113 4230 ipsius
2143 4161 2283 4214 Vita
2311 4160 2579 4231 scriptor;
2630 4176 2980 4231 quamquam
3016 4161 3345 4213 Lambertus
3394 4161 3630 4214 Scafna-

1933 4248 2233 4318 burgensis
2284 4253 2525 4302 mortem
2604 4248 2783 4318 ipsius
2828 4264 2979 4301 anno
3044 4249 3198 4314 1030,
3259 4254 3316 4301 et
3368 4249 3629 4301 Thrithe-

1937 4336 2106 4406 mius,
2140 4341 2265 4408 post
2315 4337 2628 4391 Marianum
2688 4336 2938 4405 Scotum,
2988 4352 3137 4389 anno
3172 4337 3305 4390 1038
3331 4336 3629 4407 consigna-

1936 4425 2069 4480 rint.

992 4638 1348 4710 INCIPIT
1402 4637 1627 4709 VITA
1687 4636 2080 4709 SANCT/E
2137 4637 2778 4712 CUNEGUNDIS.

200 4783 253 4834 1.
311 4779 655 4849 Cunegundis
696 4783 1023 4850 imperatria:
1076 4785 1270 4850 nupta.
1312 4810 1382 4820 —-
1432 4782 1508 4834 Ex
1555 4781 1829 4850 praclaro

125 4874 437 4939 parentum
490 4868 767 4939 sanguine
815 4873 873 4923 et
926 4872 1199 4941 Augusta
1253 4869 1571 4923 nobilitatis
1623 4870 1826 4940 gradu,

125 4957 241 5011 duo
273 4957 763 5011 immarcescibilis
794 4958 994 5028 gloria
1025 4959 1194 5013 ﬂores
1219 4958 1437 5012 mundo
1474 4957 1827 5025 enituerunt,

126 5050 358 5100 sanctus
411 5045 676 5100 videlicet
724 5047 1019 5115 Henricus,
1081 5051 1461 5117 cognomento
1510 5046 1663 5112 Pius,
1699 5046 1827 5116 glo-

125 5133 515 5188 riosissimum
570 5134 813 5189 Romani
858 5134 1087 5206 imperii
1118 5136 1308 5202 decus,
1342 5135 1578 5206 ejusque
1610 5134 1829 5204 dignis-

128 5222 276 5277 simo
308 5224 642 5278 contectalis
663 5223 795 5295 (68),
829 5224 941 5294 pia
985 5224 1281 5278 memoria
1318 5223 1687 5294 Cunegundis
1713 5225 1829 5276 Au-

131 5316 298 5382 gusta
349 5317 407 5366 et
456 5310 810 5383 imperatrix.
860 5313 1072 5368 Eadem
1125 5329 1257 5367 vero
1307 5312 1470 5366 beata
1504 5316 1559 5366 et
1599 5312 1712 5365 Deo
1744 5310 1829 5366 di-

201 5419 315 5489 (68)
336 5418 574 5489 Aliquot
624 5434 782 5484 mss.,
804 5420 1122 5488 collectalis;
1156 5418 1251 5473 sed
1286 5418 1491 5473 melior
1522 5421 1716 5471 nostra
1745 5417 1832 5471 le-

132 5490 264 5571 ctio,
298 5490 456 5571 quod
483 5490 687 5571 eodem
717 5493 881 5559 tecto,
941 5506 1060 5571 non
1090 5494 1281 5570 autem
1312 5490 1456 5571 lecto
1486 5493 1827 5569 outerentur.

136 5562 201 5615 Et
232 5560 471 5633 quidem
504 5560 699 5615 eadem
754 5577 891 5615 voce
936 5560 1119 5616 utitur
1165 5560 1290 5631 ipse
1330 5560 1602 5614 Henricus
1647 5560 1706 5613 in
1738 5574 1831 5611 va-

1938 4779 2082 4833 lecta
2120 4780 2490 4850 Cunegundis
2555 4785 2785 4836 terreno
2856 4783 3191 4854 imperatori
3264 4786 3637 4857 corporaliter

1940 4870 2075 4936 (69),
2128 4884 2246 4921 non
2296 4867 2601 4922 carnaliter
2642 4872 2968 4941 conjuncta,
3015 4873 3228 4927 caelesti
3278 4875 3421 4945 Regi
3472 4890 3634 4928 suam

1938 4957 2329 5028 virginitatem
2393 4958 2762 5025 consecravit,
2825 4976 3000 5031 quam
3075 4978 3255 5033 usque
3323 4962 3381 5016 in
3438 4962 3631 5029 finem,

1940 5046 2078 5101 casti
2145 5045 2406 5118 conjugis
2481 5062 2785 5116 consensu,
2861 5049 2975 5102 Deo
3028 5053 3194 5116 teste,
3262 5050 3632 5104 conservavit.

1942 5130 2102 5195 Quod
2132 5130 2497 5201 postmodum
2530 5130 2853 5185 Divinitatis
2880 5132 3297 5197 testimonium,
3343 5149 3413 5187 ne
3440 5134 3638 5187 lumen

1940 5218 2002 5273 in
2034 5218 2283 5274 tenebris
2315 5218 2539 5283 lateret,
2589 5218 2858 5283 ostendit,
2905 5219 3041 5273 dum
3089 5236 3215 5273 eam
3272 5221 3344 5274 ad
3389 5220 3637 5275 confun-

1942 5307 2198 5362 dendum
2250 5306 2596 5377 virginitatis
2650 5307 2898 5376 hostem,
2982 5315 3039 5362 et
3107 5308 3522 5363 obstruendum
3577 5326 3638 5363 os

1940 5414 2044 5468 riis
2067 5413 2499 5485 diplomatibus.

2014 5488 2123 5554 (69)
2157 5487 2456 5541 Gretserus
2482 5501 2614 5540 cum
2645 5500 2753 5539 ms.
2789 5489 2838 5553 1,
2871 5485 3225 5555 copulariter.
