3938 6322
304 305 408 357 207

1296 302 1453 356 vm
1493 274 1546 356 ε.
1587 299 2054 366 cnnncnnms,
2096 299 2212 355 UBl
2254 297 2344 353 DE
2385 299 2439 352 s.
2487 297 2820 354 HENRICO.

3714 297 3819 351 208

302 425 602 480 mendacia
655 428 852 478 contra
908 422 1188 493 virginem
1245 423 1449 478 Christi
1487 423 1870 494 loquentium,
1903 441 1995 476 su-
2037 422 2246 477 Atiam
2278 437 2516 475 munera
2546 420 2793 474 contulit
2843 420 2901 473 in
2932 411 3169 474 diversis
3217 419 3466 474 ecclesiae
3503 435 3815 474 ornamen-

302 531 407 586 per
454 514 665 585 ignitos
719 529 977 567 vomeres
1006 513 1269 567 incedere
1325 517 1381 566 et
1419 513 1652 566 illaesam
1687 513 1998 583 procedere

303 603 479 657 dedit.

372 695 424 745 2.
475 693 860 761 Virginitatem
901 691 1163 744 miraculo
1210 690 1423 759 probat.
1468 721 1535 729 —
1584 690 1839 754 Qualiter
1892 705 1995 743 au-

298 784 414 834 tem
449 779 504 834 id
535 779 741 833 factum
776 779 849 832 sit
879 779 946 832 ad
989 795 1353 832 communem
1385 778 1816 832 aediﬁcationem
1848 794 1998 848 pra:-

302 868 644 920 tereundum
686 883 800 920 non
855 872 957 934 est,
1032 872 1097 920 ut
1153 873 1211 920 et
1255 866 1601 920 castimoniae
1661 866 1997 919 erudiamur

299 954 597 1024 exemplis,
676 959 731 1006 et
805 953 1132 1008 divinorum
1197 957 1544 1008 secretorum
1618 953 1995 1007 admiratione

301 1058 650 1106 moveamur,
682 1041 1070 1110 intelligentes
1102 1043 1590 1112 quemadmodum
1621 1042 1994 1112 diligentibus

302 1132 479 1184 Deum
513 1130 707 1183 omnia
746 1136 1126 1199 cooperantur
1156 1131 1215 1183 in
1249 1131 1482 1183 bonum.
1525 1131 1717 1184 Tantis
1744 1146 1993 1198 namque

233 1268 236 1270 ν
297 1235 360 1271 ac
392 1218 601 1272 talibus
647 1218 811 1271 bonis
840 1219 1081 1272 tentatio
1112 1218 1303 1272 deesse
1346 1235 1458 1271 non
1518 1219 1727 1288 potuit.
1762 1217 1994 1271 Invidus

296 1307 449 1359 enim
498 1306 758 1360 omnium
804 1306 1090 1359 bonorum
1147 1306 1427 1373 diabolus,
1492 1306 1588 1360 ubi
1628 1306 1857 1358 thorum
1889 1305 1994 1358 im-

295 1395 642 1448 maculatum
691 1393 948 1448 sauciare
1005 1410 1122 1447 non
1189 1395 1399 1464 potuit,
1457 1392 1756 1462 zelotypize
1814 1392 1990 1445 livore

293 1484 504 1538 foedare
561 1482 830 1553 cogitavit
862 1487 918 1536 et
973 1483 1094 1552 ejus
1135 1484 1335 1534 saltem
1395 1483 1606 1535 famam
1631 1481 1862 1546 laedere,
1897 1480 1991 1533 cui

295 1573 500 1624 vulnus
557 1568 944 1639 corruptionis
994 1569 1256 1638 inﬂigere
1310 1585 1423 1622 non
1463 1569 1657 1621 valuit.
1705 1569 1868 1621 Facta
1907 1573 1992 1621 est

292 1659 488 1728 igitur,
541 1664 771 1710 auctore
802 1657 1050 1724 diabolo,
1093 1663 1351 1727 suspecta
1380 1655 1658 1722 criminis,
1713 1672 1841 1726 quas
1870 1671 1986 1708 non

294 1751 534 1799 noverat
579 1745 858 1798 maculam
921 1745 1324 1814 corruptionis.
1385 1743 1491 1798 Sed
1553 1743 1687 1814 quia
1743 1742 1988 1796 crudelis

294 1841 380 1888 est
427 1835 527 1904 qui
566 1834 776 1887 famam
822 1850 983 1887 suam
1033 1833 1294 1903 negligit,
1338 1831 1767 1902 expurgationis
1807 1831 1990 1902 gratia

294 1923 367 1976 ad
425 1938 684 1976 vomeres
753 1922 1016 1975 cadentes
1075 1921 1218 1974 illud
1286 1921 1393 1974 sibi
1442 1921 1722 1990 judicium
1793 1920 1984 1990 elegit,

295 2010 450 2081 quod
479 2015 717 2080 propter
745 2008 1015 2063 duritiam
1043 2009 1344 2062 hominum
1370 2008 1698 2062 institutum
1729 2024 1849 2060 esse
1897 2024 1987 2061 co-

291 2099 602 2168 gnoscitur.
660 2099 916 2167 Cumque
968 2097 1174 2150 dilecta
1234 2098 1346 2150 Deo
1385 2096 1452 2150 ad
1505 2096 1648 2149 illud
1685 2095 1988 2164 judicium,

292 2185 449 2238 velut
479 2184 604 2240 ovis
619 2184 688 2237 ad
710 2184 1076 2251 occisionem,
1101 2184 1424 2249 duceretur,
1450 2183 1749 2252 ingemuit,
1785 2188 1843 2236 et
1881 2182 1987 2236 ait:

296 2293 323 2318 ‹‹
355 2272 595 2325 Domine
644 2272 809 2336 Deus,
843 2277 1068 2324 creator
1127 2271 1253 2324 coeli
1302 2276 1357 2324 et
1385 2275 1572 2337 terrae,
1632 2271 1730 2340 qui
1785 2271 1988 2340 probas

292 2375 459 2414 renes
485 2365 542 2414 et
577 2361 764 2426 corda,
807 2361 997 2430 judica
1032 2359 1315 2430 judicium
1365 2375 1560 2413 meum
1592 2364 1650 2412 et
1677 2358 1834 2428 eripe
1875 2375 1984 2413 me.

289 2450 364 2502 Te
391 2449 544 2502 enim
576 2453 778 2502 testem
845 2448 1181 2515 etjudicem
1228 2447 1400 2501 hodie
1457 2447 1680 2510 invoco,
1727 2447 1861 2517 quia
1888 2463 1989 2500 nec

288 2536 442 2590 hunc
502 2541 843 2606 praesentem
912 2536 1238 2601 Henricum,
1311 2551 1414 2590 nec
1489 2535 1740 2606 aliquem
1800 2535 1988 2589 virum

289 2624 502 2677 carnali
533 2624 936 2678 commistione
986 2640 1243 2694 unquam
1283 2624 1546 2693 cognovi.
1581 2642 1609 2674 »
1669 2625 1785 2677 Hoc
1813 2623 1983 2692 dicto,

288 2710 649 2780 stupentibus
702 2716 758 2764 et
803 2710 1073 2764 ﬂentibus
1116 2710 1393 2764 universis
1424 2711 1524 2782 qui
1577 2711 1834 2778 aderant,
1893 2727 1989 2765 vo-

292 2815 475 2852 meres
535 2799 844 2852 candentes
891 2799 1046 2852 nudo
1119 2798 1358 2867 vestigio
1432 2800 1685 2865 calcavit,
1741 2805 1798 2852 et
1865 2800 1986 2854 sine

288 2887 607 2940 adustionis
674 2886 938 2940 molestia
1019 2902 1216 2939 secura
1290 2887 1640 2956 pertransiit.
1710 2889 1792 2940 Ita
1838 2887 1986 2941 Deus

2107 511 2204 565 tis:
2270 527 2400 581 quae
2475 509 2672 573 amnia
2749 509 2872 579 ipse
2954 508 3222 562 dominus
3300 509 3669 579 apostolicus,
3757 517 3821 562 ut

2107 615 2332 669 semper
2381 599 2655 652 memoria
2707 598 2886 667 ipsius
2916 597 3256 651 fundatricis
3311 598 3430 650 illic
3481 598 3706 662 ﬂoreat,
3742 613 3816 650 ne

2105 687 2333 757 quando
2366 702 2470 756 per
2497 686 2779 752 fraudem,
2833 689 2933 738 aut
2959 684 3308 752 violentiam,
3354 686 3442 738 vel
3490 685 3642 739 furto
3677 685 3816 738 inde

2105 775 2532 838 subtrahantur,
2596 774 2740 828 dura
2790 773 2967 826 banni
2999 774 3087 826 sui
3148 774 3536 842 innodatione,
3581 777 3815 843 septua-

2105 864 2266 933 ginta
2295 879 2527 933 quoque
2570 863 2811 916 duorum
2848 861 2956 932 (7t)
3008 862 3430 931 episcoporum,
3465 861 3564 932 qui
3595 862 3677 915 ibi
3707 861 3815 914 ad-

2103 955 2288 1018 erant,
2315 950 2651 1004 auctoritate
2699 951 2821 1019 ipso
2860 950 2951 1003 die
2982 950 3360 1003 conﬁrmavit.
3400 951 3541 1003 Item
3596 965 3814 1002 mona-

2103 1039 2339 1092 sterium
2380 1038 2440 1092 in
2493 1040 2707 1092 honore
2775 1039 2956 1091 sancti
2984 1038 3309 1104 Salvatoris,
3355 1044 3413 1090 et
3459 1038 3581 1107 ejus
3629 1038 3817 1091 victo-

2101 1127 2430 1180 riosissimze
2451 1127 2652 1192 crucis,
2684 1126 2744 1179 in
2784 1127 2907 1180 loco
2947 1125 3047 1197 qui
3087 1126 3364 1196 Confugis
3395 1127 3624 1191 dicitur,
3675 1142 3816 1180 ma.-

2102 1214 2566 1284 gniﬁcentissime
2619 1215 2956 1283 construxit,
2999 1220 3054 1268 et
3084 1215 3421 1268 ancillarum
3456 1215 3555 1268 Dei
3585 1215 3811 1269 ibidem

2100 1305 2216 1357 Deo
2270 1303 2585 1357 secundum
2653 1304 2910 1373 regulam
2971 1303 3152 1357 sancti
3213 1303 3499 1357 Benedicti
3545 1304 3811 1357 servien-

2099 1390 2269 1458 tium,
2301 1391 2803 1461 congregationem
2831 1391 3232 1446 decentissime
3253 1391 3558 1445 ordinavit.
3594 1393 3808 1459 Porro,

2099 1487 2444 1548 cooperante
2484 1480 2536 1532 ei
2574 1479 2633 1532 in
2682 1479 2947 1533 omnibus
2978 1479 3263 1550 imperiali
3295 1480 3608 1550 majestate,
3645 1481 3810 1534 idem

2101 1555 2514 1620 monasterium
2564 1568 2721 1620 omni
2766 1574 2970 1621 ornatu
3024 1568 3325 1622 decoravit.
3382 1573 3527 1622 Ante
3585 1569 3810 1638 princi-

2099 1655 2226 1722 pale
2269 1656 2443 1707 altare
2492 1654 2714 1707 iconem
2764 1671 2829 1708 ex
2877 1670 3014 1707 auro
3055 1661 3112 1708 et
3162 1655 3347 1724 lapide
3388 1655 3809 1724 pretiosissimo

2100 1742 2327 1808 statuit;
2377 1743 2578 1796 calices
2610 1759 2816 1796 aureos
2866 1747 2924 1794 et
2953 1749 3276 1812 argenteos,
3305 1743 3539 1810 catinos,
3573 1759 3808 1810 urceos,

2097 1832 2293 1900 pallas,
2335 1832 2570 1896 casulas,
2616 1833 2763 1899 vela,
2800 1831 3070 1896 cortinas,
3113 1848 3320 1901 cappas
3368 1848 3507 1885 auro
3551 1837 3608 1885 et
3639 1849 3806 1901 gem-

2097 1919 2204 1971 mis
2245 1919 2507 1990 pretiosis
2540 1919 2804 1986 intextas,
2841 1925 2895 1972 et
2935 1924 3140 1972 caetera
3189 1919 3457 1973 utensilia
3497 1919 3616 1972 sive
3674 1936 3809 1974 vasa

2099 2007 2401 2061 ministerii
2427 2012 2586 2060 tanto
2628 2008 2817 2061 studio
2849 2013 2906 2062 et
2953 2013 3068 2061 tam
3132 2008 3481 2077 sumptuosis
3519 2008 3810 2078 impensis

2096 2095 2280 2148 eidem
2313 2096 2563 2148 ecclesiae
2609 2096 2873 2163 contulit,
2936 2100 3000 2150 ut
3026 2095 3355 2166 quicunque
3405 2112 3472 2149 ea
3498 2097 3812 2150 intuentur

2095 2182 2315 2252 regiam
2347 2183 2833 2254 magniﬁcentiam
2881 2188 2936 2237 et
2990 2185 3196 2238 miram
3249 2184 3566 2255 utriusque,
3611 2185 3808 2256 impe-

2097 2273 2300 2326 ratoris
2329 2271 2593 2325 videlicet
2640 2288 2702 2324 ac
2741 2270 3140 2341 imperatricis,
3189 2272 3247 2325 in
3293 2273 3472 2326 Deum
3533 2272 3813 2327 devotio-

2097 2377 2227 2414 nem
2269 2377 2617 2430 magnopere
2647 2359 2846 2413 mirari
2878 2376 2993 2414 non
3037 2365 3281 2414 cessent.

2168 2450 2220 2502 4.
2265 2450 2518 2519 Collapsa
2573 2453 2869 2503 restaurat.
2916 2478 2989 2489 —
3036 2451 3249 2502 Praeter
3290 2449 3393 2502 has
3443 2448 3811 2519 principales

2097 2553 2212 2590 sua:
2235 2537 2582 2590 fundationis
2621 2543 2679 2590 et
2720 2537 3021 2606 primarias
3066 2535 3352 2603 ecclesias,
3385 2552 3514 2606 quas
3540 2552 3810 2590 conven-

2095 2625 2266 2678 tualis
2325 2624 2578 2691 ecclesia,
2637 2640 2766 2694 qum
2825 2623 3175 2677 monasteria
3234 2623 3466 2676 illorum
3528 2622 3811 2678 donativo

2096 2727 2211 2765 non
2251 2713 2587 2782 gloriantur,
2624 2715 2721 2764 aut
2751 2711 2812 2764 in
2859 2710 3089 2780 praediis
3119 2710 3371 2777 dilatata,
3441 2715 3504 2763 ut
3531 2711 3814 2765 decorata

2095 2800 2486 2854 ornamentis?
2520 2800 2672 2853 Alias
2701 2799 2855 2853 enim
2892 2798 3230 2868 antiquitate
3273 2798 3549 2868 collapsas
3588 2801 3812 2854 reaedi—

2097 2888 2428 2956 ﬁcaverunt,
2470 2888 2744 2959 quasdam
2791 2887 2965 2941 etiam
3022 2888 3337 2940 destructas
3364 2893 3421 2940 et
3445 2887 3511 2940 ad
3546 2887 3808 2942 nihilum

286 2975 653 3046 omnipotens
691 2975 982 3028 vinculum
1011 2980 1180 3027 castas
1224 2975 1546 3028 dilectionis
1586 2975 1845 3042 servavit,
1893 2977 1982 3029 in-
2018 2976 2058 3031 C
2097 2978 2429 3030 redactasin
2463 2977 2767 3047 pristinum
2797 2979 2881 3029 vel
2923 2976 2980 3030 in
3014 2976 3309 3030 meliorem
3331 2980 3538 3030 statum
3571 2983 3808 3032 restau-

288 3063 609 3115 nocentiam
668 3061 1080 3132 comprobavit,
1143 3063 1462 3132 integritati
1518 3063 1834 3118 custodiam
1876 3065 1985 3118 hu-

291 3151 548 3204 militatis
573 3150 853 3204 adhibuit.

363 3241 413 3293 3.
445 3240 586 3293 Loca
643 3255 802 3293 sacra
847 3238 1029 3293 condit
1075 3246 1125 3293 et
1177 3239 1346 3293 dotat.
1381 3269 1449 3278 ——
1486 3240 1547 3292 In
1599 3240 1842 3294 fascibus
1870 3240 1983 3294 ita-

290 3343 402 3398 que
431 3328 752 3394 constituta,
795 3328 1160 3382 continentiae
1219 3345 1333 3382 sua:
1366 3328 1608 3398 gloriam
1641 3331 1744 3383 sub
1770 3329 1984 3382 terreni

289 3417 588 3487 chlamyde
642 3415 871 3487 imperii
930 3417 1223 3487 satagebat
1278 3417 1642 3486 abscondere,
1705 3423 1770 3471 ut
1825 3423 1982 3471 tanto

289 3505 652 3575 propensius,
712 3509 924 3576 quanto
975 3505 1259 3559 efﬁcacius
1323 3511 1568 3576 poterat,
1621 3509 1986 3576 promoveret

289 3610 439 3663 quas,
499 3595 610 3647 Deo
656 3594 972 3662 inspirante
1010 3609 1116 3647 nec
1160 3610 1278 3647 non
1309 3594 1636 3664 adjuvante,
1675 3595 1747 3648 ad
1799 3595 1982 3665 ipsius

289 3682 515 3734 laudem
555 3681 843 3750 cogitabat
882 3681 1178 3750 perﬁcere.
1222 3682 1478 3752 Denique
1525 3687 1652 3752 post
1701 3682 1981 3738 novellam

287 3767 708 3822 fecundissimae
771 3768 1143 3838 plantationis
1218 3785 1334 3822 sua:
1390 3771 1686 3825 ecclesiam
1756 3772 1979 3826 Baben-

286 3857 445 3926 berg,
489 3871 662 3926 quam
700 3872 830 3908 cum
880 3855 980 3909 illo
1028 3857 1444 3911 studiosissimo
1475 3875 1579 3912 suo
1616 3866 1982 3929 cooperatore

287 3946 529 3999 Henrico
587 3945 644 3997 in
699 3945 822 3997 loco
866 3945 1344 4016 Babenbergensi,
1384 3948 1801 4016 venustissime,
1835 3951 1982 4005 sicut

285 4035 559 4088 hactenus
601 4033 876 4101 cernitur,
908 4034 1200 4087 fabricavit
1232 4036 1337 4088 sub
1389 4037 1707 4105 patrocinio
1764 4039 1978 4108 princi-

286 4122 374 4192 pis
436 4123 827 4191 apostolorum
870 4123 1022 4176 Petri
1071 4127 1240 4194 atque
1289 4125 1464 4178 sancti
1497 4126 1725 4196 Georgii
1769 4132 1977 4196 marty-

284 4211 382 4278 ris,
437 4213 848 4266 monasterium
899 4213 1002 4267 sub
1065 4214 1266 4283 regula
1318 4217 1497 4268 sancti
1567 4214 1855 4268 Benedicti
1907 4215 1979 4268 ad

284 4300 679 4369 aquilonarem
726 4302 976 4372 plagam,
1010 4301 1069 4354 in
1101 4301 1316 4355 honore
1353 4303 1532 4356 sancti
1564 4303 1848 4356 Michaelis
1885 4319 1975 4356 ar-

281 4387 543 4452 changeli
583 4389 874 4455 exstruxit,
933 4405 1048 4442 non
1115 4388 1326 4442 minori
1384 4389 1569 4443 studio
1625 4389 1976 4458 praediorum

281 4491 345 4528 ac
394 4476 744 4530 diversorum
774 4477 1025 4530 donariis
1064 4483 1564 4545 ornamentorum;
1615 4477 1845 4530 tertiam
1885 4480 1978 4532 de-

281 4579 440 4616 mum
492 4580 685 4617 versus
738 4563 1043 4618 meridiem
1107 4565 1212 4618 sub
1273 4565 1470 4618 ordine
1544 4565 1974 4635 canonicorum,

281 4652 387 4705 sub
453 4649 633 4705 titulo‘
676 4652 856 4705 sancti
938 4652 1207 4722 Stephani
1276 4654 1727 4724 protomartyris,
1800 4671 1975 4724 parvo

279 4739 509 4810 quidem
561 4740 868 4806 schemate,
909 4740 1007 4793 sed
1075 4741 1280 4810 majori
1330 4757 1504 4810 opera
1552 4743 1620 4795 de
1651 4758 1754 4794 suo
1798 4744 1974 4812 patri-

279 4827 474 4881 monio
519 4829 815 4881 ecclesiam
892 4828 1167 4882 fundavit.
1220 4829 1300 4881 Ad
1367 4845 1540 4899 quam
1598 4830 1972 4886 dedicandam

279 4916 650 4970 Benedictum
705 4917 817 4986 (70)
849 4932 1079 4986 papam,
1125 4933 1292 4987 quem
1328 4918 1593 4986 praefatus
1617 4920 1731 4973 Deo
1763 4920 1972 4990 dignus

279 5005 551 5059 Henricus
588 5005 903 5075 imperator
936 5005 1007 5058 ad
1052 5006 1512 5060 confirmandum
1545 5009 1973 5080 Bahenbergen-

274 5111 395 5148 sem
427 5093 824 5164 pontiﬁcatum
879 5093 1265 5160 advocaverat,
1320 5095 1514 5149 venire
1547 5097 1786 5168 rogavit.
1825 5099 1973 5169 Ipsa-

275 5189 466 5236 autem
522 5181 661 5235 illud
728 5182 1156 5252 l’salmographi
1216 5198 1406 5236 secum
1471 5185 1804 5240 deeantans:
1857 5190 1972 5241 Do-

273 5274 436 5334 mine,
492 5271 665 5324 dilexi
717 5270 957 5324 decorem
1009 5271 1200 5325 domus
1230 5275 1332 5326 tua
1383 5271 1547 5342 (Psal.
1598 5289 1724 5339 xxv,
1783 5277 1860 5342 8),
1895 5273 1970 5328 di-

275 5375 434 5411 versa
479 5359 667 5413 eidem
718 5358 970 5412 ecclesiae
1021 5360 1183 5429 juxta
1227 5361 1580 5431 imperialem
1637 5362 1970 5416 muniﬁcen-

275 5465 453 5588 102720)
481 5465 814 5520 Benedictus
848 5467 988 5530 Vlll,
1025 5467 1124 5537 qui
1155 5467 1349 5538 Sergio
1404 5469 1470 5522 lV
1509 5467 1776 5522 successit
1819 5485 1968 5522 anno

2097 3071 2391 3129 raverunt;
2429 3069 2484 3117 et
2533 3063 2697 3116 sicuti
2751 3064 3064 3133 prudentes
3119 3063 3366 3133 virgines
3423 3063 3615 3117 oleum
3680 3081 3807 3119 suae

2097 3153 2502 3207 misericordim
2532 3153 2591 3205 in
2613 3153 2864 3206 diversos
2893 3152 3237 3215 etfuderunt,
3261 3158 3324 3205 ut
3344 3151 3571 3205 meritio
3604 3151 3806 3206 dicere

2093 3241 2349 3311 possint:
2411 3240 2616 3297 Christi
2667 3241 2834 3295 bonus
2887 3241 3018 3295 odor
3089 3256 3272 3295 sumus
3324 3243 3382 3294 in
3463 3244 3610 3294 omni
3688 3243 3808 3296 loco

2094 3330 2329 3400 (IlCor.
2391 3346 2447 3392 ιι,
2505 3332 2611 3395 15).
2675 3329 2717 3382 Ο
2769 3329 3103 3398 conjugium
3164 3345 3280 3382 non
3326 3330 3638 3398 voluptate,
3700 3331 3808 3385 sed

2092 3417 2243 3471 bona
2271 3418 2564 3471 voluntate
2593 3416 2950 3487 copulatum!
2977 3417 3019 3471 Ο
3042 3421 3302 3471 sanctum
3331 3417 3804 3484 matrimonium,

2092 3505 2191 3560 ubi
2216 3523 2330 3559 una
2370 3505 2512 3560 fides
2551 3505 2842 3560 inviolata
2887 3505 3179 3571 castitatis,
3217 3505 3316 3560 ubi
3348 3522 3497 3559 unus
3549 3505 3807 3575 spiritus

2094 3594 2498 3647 misericordiae
2529 3610 2593 3646 ac
2634 3594 2914 3661 veritatis,
2974 3594 3070 3648 ubi
3103 3594 3254 3647 idem
3295 3594 3438 3647 velle
3484 3594 3543 3648 in
3573 3595 3808 3649 virtuti-

2091 3684 2195 3737 bus
2223 3683 2491 3753 idemque
2524 3683 2676 3737 nolle
2711 3683 2765 3736 in
2791 3681 2969 3736 vitiis!
3003 3682 3100 3736 ubi
3129 3699 3234 3736 nec
3264 3682 3484 3752 primus
3519 3699 3623 3736 nec
3650 3683 3806 3738 alter

2093 3769 2336 3823 discerni
2366 3769 2587 3838 potuit;
2615 3770 2751 3822 dum
2798 3770 2962 3835 alter,
2986 3769 3138 3840 quod
3170 3769 3412 3838 primus,
3446 3769 3625 3822 voluit
3654 3771 3804 3825 :ubi

2093 3874 2196 3928 par
2233 3857 2456 3910 animus
2501 3855 2560 3910 in
2619 3857 2943 3910 multifariis
3000 3873 3240 3927 operum
3290 3858 3582 3911 effectibus
3621 3874 3802 3928 pares

2091 3946 2152 3998 in
2183 3946 2404 3999 duobus
2443 3945 2688 3998 ostendit
2717 3945 2979 3999 aﬂ'ectusl
3013 3946 3216 4009 Quales
3240 3947 3338 3998 has
3371 3946 3598 4015 nuptias
3620 3947 3797 4001 dixe-

2092 4035 2198 4087 rim
2250 4034 2457 4088 nescio.
2512 4035 2698 4088 Unum
2758 4033 2892 4101 scio,
2947 4034 3083 4104 quia
3127 4035 3303 4088 nescit
3358 4041 3553 4088 nostra
3613 4035 3801 4091 modo

2092 4123 2248 4193 regio
2305 4124 2466 4191 tales,
2522 4124 2657 4176 dum
2703 4123 2784 4176 illi
2825 4130 3061 4194 propter
3116 4140 3354 4193 regnum
3403 4125 3681 4178 caelorum
3727 4142 3797 4180 se

2090 4216 2420 4279 castrantes,
2454 4228 2556 4265 nec
2593 4213 2814 4282 prolem
2866 4218 3107 4266 terrenae
3165 4211 3525 4266 fecunditatis
3583 4229 3796 4283 exspe-

2087 4303 2324 4368 ctantes,
2373 4301 2633 4354 ewlibem
2668 4318 2699 4352 a
2740 4302 2852 4354 Deo
2887 4301 3312 4371 generationem
3361 4307 3722 4371 receperunt,
3760 4321 3804 4357 a

2086 4405 2330 4458 quorum
2391 4405 2486 4442 ore
2524 4389 2648 4442 laus
2703 4389 2799 4442 Dei
2856 4405 3156 4460 nunquam
3216 4389 3462 4444 deficiet.
3519 4391 3648 4444 Haec
3702 4397 3802 4445 est.

2086 4477 2383 4547 generatio
2408 4477 2786 4548 quaerentium
2819 4478 3140 4540 Dominum,
3164 4478 3548 4548 quaerentium
3578 4478 3795 4533 faciem

2087 4566 2184 4619 Dei
2237 4566 2453 4619 Jacob:
2506 4566 2606 4636 qui
2651 4567 2901 4619 viventes
2961 4565 3019 4619 in
3069 4566 3320 4634 Christo,
3373 4566 3631 4620 membra
3680 4584 3799 4622 sua

2085 4654 2494 4708 mortiﬁcantes
2531 4659 2767 4725 propter
2816 4654 3118 4717 Christum,
3165 4671 3338 4725 super
3388 4661 3599 4708 terram
3659 4671 3796 4710 mo-

2084 4743 2314 4809 rientes,
2361 4742 2534 4796 modo
2587 4747 2895 4812 regnantes
2937 4759 3066 4796 cum
3109 4743 3328 4797 Christo
3362 4743 3512 4798 bona
3553 4745 3798 4800 Domini

2083 4831 2171 4886 sui
2203 4832 2397 4885 vident
2426 4831 2487 4885 in
2516 4831 2752 4902 regione
2783 4831 3121 4886 viventium.

2153 4924 2209 4974 5.
2249 4922 2454 4974 Auctor
2482 4919 2811 4988 aggreditur
2839 4923 3009 4974 vitam
3057 4925 3256 4974 sanctae
3287 4919 3656 4988 Cunegundis.
3719 4952 3797 4964 -—

2081 5009 2366 5073 Quoniam
2397 5009 2466 5063 de
2505 5007 2618 5062 vita
2641 5013 2696 5062 et
2751 5009 3058 5062 virtutibus
3103 5007 3185 5078 pii
3234 5012 3292 5062 et
3321 5008 3500 5061 sancti
3549 5010 3795 5065 Henrici

2083 5096 2552 5152 Christianissimi
2599 5096 3041 5167 imperatoribus
3083 5095 3546 5150 miserationibus
3605 5099 3791 5152 variis

2082 5203 2222 5257 quas
2243 5186 2376 5240 fecit
2402 5186 2463 5240 in
2488 5186 2659 5240 domo
2698 5185 2952 5247 Domini,
3001 5185 3069 5239 de
3101 5184 3278 5254 signis
3308 5201 3540 5256 quoque
3573 5191 3633 5240 et
3678 5188 3790 5241 mi-

2082 5275 2290 5328 raculis
2319 5291 2446 5346 quae
2506 5280 2635 5344 post
2678 5274 2981 5327 transitum
3030 5273 3210 5343 ipsius
3280 5290 3379 5343 per
3447 5289 3582 5328 eum
3649 5275 3794 5331 fecit

2083 5364 2256 5433 Deus,
2285 5365 2424 5417 Satis
2457 5379 2520 5416 ac
2550 5363 2722 5434 digne
2753 5362 2964 5434 scripta
3019 5367 3210 5415 sancta
3256 5362 3471 5433 recepit
3505 5363 3785 5433 Ecclesia,

2151 5469 2258 5538 (71)
2285 5468 2471 5522 Codex
2499 5468 2840 5522 Bodecensis
2861 5467 3032 5521 habet
3055 5467 3446 5537 quadraginta.
