3938 6308
89 332 182 383 209

1066 328 1233 384 VlTA
1274 332 1329 383 S.
1370 329 1828 395 CUNEGUNDIS,
1874 330 1989 385 UBl
2032 331 2121 385 DE
2162 332 2216 385 S.
2261 331 2592 388 HENRICO.

3485 334 3592 385 '2l0

88 471 227 509 nunc
286 454 552 509 animum
615 454 843 525 pungit,
889 471 951 507 ac
1008 453 1069 508 in
1125 458 1377 507 mentem
1408 452 1583 519 venit,
1616 454 1790 507 vitam
1829 456 1874 507 A
1910 475 1930 501 ι
1978 454 2063 507 hic
2123 455 2308 508 salvus
2352 456 2458 507 erit
2508 453 2721 522 (Matth.
2788 471 2845 519 x,
2899 457 3012 518 22.)
3061 456 3245 524 Atque
3300 456 3484 509 bonus
3531 456 3590 509 in

88 544 475 597 memorandze
533 543 771 613 virginis
826 548 1040 596 nostra:
1115 542 1482 612 Cunegundis
1539 542 1792 596 breviter

88 633 385 703 explicare,
432 637 490 685 et
517 632 811 685 memoriae
878 630 1089 700 scripto
1140 631 1572 697 commendare;
1614 636 1676 683 ut
1719 630 1790 683 ad

88 721 413 791 exemplum
437 720 562 789 ejus
592 721 895 783 intuentes,
932 736 1291 789 quaecunque
1323 719 1592 788 virgines,
1628 736 1787 789 quee-

85 826 306 879 cunque
357 824 492 862 vere
553 808 763 872 viduaa,
813 808 1077 879 perfectae
1130 808 1259 860 vitae
1316 824 1577 860 normam
1638 807 1788 859 arbi-

86 902 304 950 trentur
334 895 830 950 conversationem
856 896 1036 949 illius.
1077 894 1382 964 Indignum
1416 894 1571 946 enim
1608 894 1787 958 nobis,

88 987 177 1039 sed
214 986 423 1055 imagis
462 1000 653 1053 operte
687 985 931 1054 pretium
965 983 1253 1047 duximus,
1288 992 1351 1035 ut
1405 982 1489 1035 illi
1533 982 1787 1035 oflicium

89 1092 191 1128 non
239 1075 655 1127 subtrahamus
708 1073 841 1139 oris,
899 1075 1061 1141 cujus
1114 1070 1476 1139 providentia
1530 1070 1786 1141 quotidie

88 1162 360 1216 alimenta
392 1162 746 1231 percipimus
784 1160 1064 1230 corporis.

151 1254 201 1303 6.
261 1253 531 1316 Defuncto
596 1252 814 1315 marito,
895 1251 1008 1317 piis
1057 1247 1305 1316 operibus
1382 1249 1590 1299 insistit
1655 1262 1782 1299 san-

86 1345 167 1392 cta
226 1339 601 1407 Cunegundis.
676 1340 813 1407 Ejus
873 1337 1118 1406 epistola.
1175 1366 1243 1374 —
1304 1334 1543 1388 Henrico
1589 1334 1785 1403 itaque

88 1445 183 1480 suo
240 1444 365 1481 suae
426 1426 700 1480 castitatis
756 1424 1177 1495 patientissimo
1233 1439 1460 1492 semper
1525 1422 1784 1488 custode,

82 1516 173 1570 ubi
239 1532 374 1569 eam
449 1515 567 1567 suis
625 1514 928 1584 virginem,
983 1511 1067 1565 uti
1124 1510 1454 1563 traduxerat
1506 1510 1565 1562 in
1623 1509 1783 1563 Chri-

83 1610 181 1669 sto,
240 1604 307 1657 in
369 1603 577 1656 ultimo
656 1602 860 1672 spiritu
915 1599 1258 1653 constitutus
1352 1597 1662 1666 resignavit
1717 1596 1783 1649 ad

82 1690 352 1758 caelestia,
413 1706 543 1759 quas
614 1688 829 1759 jcgiter
884 1687 1226 1757 suspirabat,
1308 1686 1516 1756 gaudia
1599 1690 1782 1737 trans-

83 1782 205 1844 lato,
261 1779 367 1832 illa
438 1794 497 1831 se
576 1778 646 1832 ad
730 1778 1058 1837 Dominum,
1147 1781 1211 1829 ut
1271 1791 1516 1844 semper,
1600 1779 1780 1827 totam

80 1866 364 1931 contulit;
428 1864 595 1917 illum
674 1880 789 1916 suae
858 1861 1121 1927 castitati,
1203 1861 1544 1927 necessitati,
1612 1861 1782 1914 saluti

80 1956 295 2021 adesse,
336 1953 505 2006 illum
532 1952 648 2005 suis
692 1951 968 2016 ecclesiis;
1027 1950 1189 2003 illum
1224 1950 1377 2017 ﬁliis,
1434 1966 1578 2020 quos
1639 1950 1691 2003 ei
1722 1949 1781 2002 in

82 2043 305 2097 Christo
367 2044 798 2111 aggregaverat,
855 2044 1199 2110 praesentem
1250 2039 1465 2103 adfore,
1507 2038 1782 2091 advocare

82 2131 310 2202 vigiliis,
375 2128 733 2183 orationibus
790 2128 1023 2193 instare,
1122 2126 1213 2181 die
1276 2127 1583 2198 practicam
1651 2143 1781 2180 cum

80 2222 318 2286 Martha,
387 2224 563 2272 noctu
610 2217 1113 2287 contemplativam
1172 2233 1302 2270 cum
1380 2216 1553 2271 Maria
1608 2217 1781 2269 vitam

82 2326 245 2380 agere
307 2324 431 2362 non
491 2307 761 2360 cessabat.
818 2306 1038 2369 Quanta
1093 2321 1226 2358 vero
1289 2306 1783 2375 eleemosynarum

82 2398 370 2468 largitate,
404 2400 621 2466 quanta
649 2393 920 2447 orationis
968 2393 1258 2452 instantia,
1294 2409 1397 2463 pro
1446 2393 1598 2447 beati
1642 2409 1782 2445 con-

76 2488 224 2557 jugis
257 2484 519 2539 defuncti
579 2483 773 2537 anima
817 2482 1201 2542 desudaverit,
1244 2482 1303 2535 in
1332 2482 1647 2551 subscripta
1691 2499 1785 2551 pa-

84 2575 231 2644 gina,
262 2588 446 2644 quam
478 2571 603 2640 ipsa
656 2586 760 2640 per
812 2585 870 2621 se
916 2570 1077 2637 (nam
1133 2568 1479 2636 litterarum,
1539 2569 1683 2621 sicut
1731 2572 1788 2621 et

86 2664 329 2715 aliarum
364 2660 597 2723 artium,
650 2658 1000 2727 distinguere
1027 2673 1167 2709 auro
1211 2656 1570 2727 gemmisque
1602 2672 1786 2709 sacras

84 2758 263 2804 vestes
320 2748 435 2803 fuit
486 2746 852 2819 peritissime)
911 2743 1233 2815 composuit
1287 2745 1376 2815 εει
1426 2742 1782 2811 conscripsit,

87 2840 441 2911 quicumque
474 2835 617 2890 scire
648 2824 891 2889 voluerit
911 2849 1252 2903 cognoscere
1280 2832 1511 2903 poterit.
1540 2851 1567 2883 α
1610 2832 1788 2885 Cune-

89 2948 113 2977 ι
151 2927 387 2999 gundis,
431 2924 624 2979 divina
661 2922 1090 2994 dispensatione
1118 2922 1236 2975 solo
1276 2921 1510 2975 nomine
1540 2922 1787 2990 impera-

1910 563 1929 589 ι
1975 547 2278 612 conspectu
2309 542 2479 595 etiam
2515 542 2613 595 Dei
2647 543 2916 611 placitum
2951 559 3071 595 esse
3103 543 3350 606 cernitis,
3405 545 3451 596 si
3479 560 3591 598 non

1904 651 1932 680 »
1974 632 2158 683 solum
2188 647 2293 700 pro
2334 631 2447 684 illis
2473 631 2571 701 qui
2609 630 2668 683 in
2700 630 2804 683 hac
2835 630 2949 683 vita
3002 630 3171 701 positi
3203 630 3384 683 multa
3438 631 3595 683 vobis

1906 741 1928 767 »
1972 720 2142 783 bona,
2183 720 2280 773 sed
2311 736 2412 789 pro
2454 719 2565 771 illis
2596 719 2766 771 etiam
2800 719 2900 788 qui
2946 720 3107 771 nulla
3137 721 3417 785 fecerunt,
3467 736 3593 771 ora-

1902 827 1929 858 »
1972 807 2182 861 veritis.
2237 808 2479 861 Obsecro
2530 823 2667 877 ergo
2711 811 2772 859 ut
2803 823 2932 859 eum
2996 824 3026 858 a
3081 807 3349 860 cordibus
3396 807 3595 859 vestris

1899 914 1927 946 ››
1969 911 2266 966 nunquam
2325 894 2630 965 abjiciatis',
2686 895 2783 964 qui
2843 912 2940 947 vos
2999 899 3274 965 tanquam
3331 896 3591 965 proprias

1902 1004 1923 1032 ι
1969 983 2199 1045 amavit,
2233 989 2406 1052 atque
2440 983 2589 1036 hunc
2639 985 2825 1035 locum
2858 990 3042 1036 vestra
3085 984 3356 1037 servitute
3390 986 3595 1037 florere

1899 1094 1925 1121 ››
1968 1073 2168 1126 voluit.
2214 1074 2403 1126 Estote
2434 1089 2664 1142 quoque
2706 1088 2847 1125 mea:
2905 1074 3251 1126 necessitatis
3286 1090 3591 1139 memores,

1898 1183 1925 1210 ››
1970 1177 2195 1231 semper
2259 1161 2316 1213 in
2371 1161 2658 1214 hilaritate
2716 1161 2900 1214 cordis
2925 1161 3335 1228 misericordes,
3400 1178 3597 1215 secun-

1901 1272 1921 1297 ι
1967 1250 2102 1303 dum
2162 1250 2302 1302 illud
2376 1248 2629 1317 Apostoli
2686 1266 2697 1301 :
2765 1250 2988 1303 Ditectio
3050 1252 3166 1303 sine
3249 1252 3597 1303 simulatione

1898 1357 1924 1388 »
1968 1338 2142 1406 (Rom.
2178 1354 2275 1399 xu,
2309 1336 2380 1406 9).
2427 1338 2652 1389 Necnon
2687 1342 2886 1389 vestra:
2942 1343 3160 1389 mentes
3191 1337 3249 1390 in
3284 1338 3593 1407 quamdam

1902 1446 1922 1471 ι
1969 1431 2183 1478 mutuae
2214 1424 2502 1477 charitatis
2548 1424 2895 1477 soliditatem
2926 1427 3107 1495 magis
3150 1442 3211 1478 ac
3249 1426 3429 1494 magis
3459 1442 3592 1478 con-

1903 1535 1923 1561 ι
1965 1520 2238 1577 crescant,
2280 1518 2561 1582 quatenus
2606 1513 2667 1565 iu
2720 1513 2811 1566 die
2860 1513 3247 1566 tribulationis
3286 1512 3593 1566 clamorem

1894 1624 1919 1650 ››
1966 1608 2215 1654 vestrum
2266 1601 2446 1671 ipsius
2499 1617 2665 1653 aures
2712 1601 3037 1663 exaudiant,
3104 1601 3202 1671 qui
3252 1602 3387 1654 dicit
3439 1619 3450 1654 :
3497 1604 3597 1656 Ubi

1896 1711 1923 1737 ››
1966 1690 2070 1743 duo
2095 1694 2178 1743 vet
2200 1696 2305 1743 tres
2354 1692 2669 1756 congregati
2694 1692 2905 1755 fuerint
2961 1692 3019 1742 in
3073 1692 3286 1743 nomine
3339 1707 3471 1756 meo,
3538 1693 3597 1744 in

1894 1799 1921 1827 »
1964 1778 2138 1831 medio
2178 1793 2357 1831 eorum
2410 1793 2529 1831 sum
2560 1779 2777 1843 (Matth.
2819 1794 2896 1843 x1,
2943 1778 3060 1846 20).
3100 1778 3260 1842 Quod
3294 1795 3389 1831 vos
3436 1779 3596 1832 omni

1890 1886 1918 1918 »
1960 1866 2131 1919 modo
2179 1866 2499 1934 promereri
2559 1866 2776 1927 hortor,
2832 1866 3031 1919 eodem
3101 1872 3431 1935 praestante,
3490 1867 3592 1937 qui

1890 1973 1918 2007 ››
1960 1970 2091 2008 cum
2131 1955 2297 2007 Patre
2340 1959 2398 2007 et
2429 1953 2645 2023 Spiritu
2695 1959 2890 2007 sancto
2941 1953 3079 2007 vivit
3131 1959 3187 2007 et
3250 1958 3452 2023 regnat
3492 1970 3596 2024 per

1894 2065 1916 2090 ι
1960 2043 2156 2096 omnia
2185 2042 2394 2095 saecula
2424 2042 2787 2095 szeculorum.
2829 2045 3030 2095 Amen.
3062 2062 3088 2089 η

1956 2136 2009 2185 7.
2044 2134 2401 2185 Monasticam
2442 2135 2637 2183 vestem
2657 2130 2859 2183 induit.
2880 2132 2993 2193 .Pia
3031 2131 3144 2197 ejus
3195 2132 3474 2184 exercitia.
3525 2162 3593 2169 —-

1892 2220 2147 2290 Denique
2177 2218 2437 2274 Conrado
2478 2218 2584 2272 sibi
2619 2220 2954 2272 succedente
2985 2218 3044 2271 in
3078 2234 3252 2289 regno
3286 2219 3416 2289 (72),
3471 2218 3594 2289 ipsa

1889 2308 2039 2360 curis
2097 2306 2481 2369 saecularibus,
2545 2306 2688 2359 sicut
2713 2307 2833 2375 jam
2879 2306 2973 2360 diu
3018 2306 3461 2373 desideraverat,
3493 2323 3594 2360 ex-

1891 2399 2145 2459 onerata,
2200 2394 2259 2447 in
2313 2394 2435 2464 ipso
2487 2393 2875 2447 anniversario
2936 2393 3026 2447 die
3066 2394 3342 2448 transitus
3415 2393 3590 2447 sancti

1894 2482 2597 2553 Henriciarchiepiscopos
2639 2498 2769 2535 cum
2824 2482 3105 2553 episcopis
3159 2483 3227 2535 ad
3285 2481 3592 2536 dedicatio-

1890 2587 2024 2625 nem
2057 2570 2453 2641 Confugiensis
2484 2569 2733 2623 ecclesiae
2763 2576 3032 2623 convocat
3065 2586 3077 2622 :
3138 2570 3238 2623 ubi
3267 2570 3415 2623 inter
3448 2571 3593 2623 mis-

1892 2674 2084 2711 sarum
2116 2656 2417 2724 solemnia,
2453 2656 2739 2725 imperiali
2790 2656 3188 2710 decentissime
3220 2658 3378 2711 omni
3426 2659 3586 2711 cultu

1895 2751 2115 2811 ornata,
2187 2749 2316 2798 ante
2375 2744 2689 2815 principale
2765 2745 2943 2798 altare
3000 2745 3159 2814 virgo
3221 2748 3334 2799 Deo
3384 2746 3590 2799 devota

1891 2833 2191 2904 processit,
2241 2833 2437 2903 ibique
2496 2833 2830 2885 thesaurum
2866 2833 3394 2904 incomparabilem.
3449 2834 3592 2903 ligni

1896 2922 2182 2977 Dominici
2232 2937 2476 2985 crucem,
2514 2937 2743 2990 parvam
2776 2921 3007 2992 quidem
3057 2922 3116 2976 in
3176 2923 3435 2989 materia,
3497 2924 3593 2977 sed

92 3041 109 3062 ι
151 3016 279 3083 trix,
316 3012 643 3084 specialiter
679 3012 900 3066 dilectas
930 3009 1365 3081 congregationi
1404 3010 1462 3063 in
1495 3008 1790 3079 Confugia,
1823 3014 1862 3068 C
1903 3010 2211 3065 maximam
2242 3010 2303 3062 in
2332 3009 2559 3074 virtute,
2598 3010 2710 3062 Deo
2740 3009 2966 3064 obtulit.
2993 3014 3064 3063 At
3093 3011 3192 3064 ubi
3222 3011 3388 3064 lectio
3421 3028 3592 3065 evan-

90 3126 113 3153 ιο
154 3102 443 3175 quidquid
470 3101 640 3171 justae
667 3098 934 3153 convenit
956 3097 1266 3152 dilectioni.
1304 3097 1559 3165 Proprias
1589 3096 1784 3150 adver-

91 3214 115 3241 »
156 3193 343 3246 sitatis
372 3190 674 3255 sarcinam,
710 3188 880 3241 veluti
913 3187 1155 3249 aestimo,
1205 3185 1426 3240 facilius
1459 3186 1784 3253 tolerarem,

98 3307 114 3328 ι
154 3282 201 3335 si
232 3286 457 3334 vestras
498 3295 585 3332 res
639 3277 818 3330 salvas
876 3275 1309 3344 incolumesque
1341 3274 1580 3327 existere
1620 3273 1779 3327 vide-

98 3394 114 3415 ι
155 3386 299 3424 rem'
375 3366 647 3432 Quamvis
706 3364 859 3419 enim
918 3379 1079 3417 mens
1136 3362 1785 3433 procellosis‘curarum

94 3480 118 3508 ιι
158 3458 432 3513 fluctibus
465 3454 724 3525 undique
775 3452 1087 3524 quatiatur,
1144 3457 1344 3505 vestrae
1374 3455 1567 3504 tamen
1594 3466 1785 3503 recor-

98 3572 115 3595 ι
158 3545 411 3603 dationis
442 3544 695 3597 anchora
722 3558 755 3595 a
784 3540 968 3596 cordis
997 3540 1389 3611 profunditate
1422 3556 1536 3592 non
1593 3538 1787 3592 evelli-

96 3658 119 3686 ι
158 3640 273 3690 tur.
300 3636 371 3688 Et
397 3634 533 3687 licet
551 3633 721 3702 longe
750 3634 983 3684 remotas
1012 3629 1081 3683 ab
1105 3628 1282 3682 oculis
1331 3628 1470 3691 sitis,
1495 3627 1563 3680 ab
1594 3627 1788 3679 animo

96 3746 120 3775 ι
158 3731 357 3779 tamen
387 3736 674 3793 nusquam
720 3718 1004 3774 receditis.
1072 3717 1209 3781 Quis
1264 3733 1370 3770 nos
1422 3716 1710 3786 separabit
1758 3731 1789 3767 a

98 3834 121 3867 ι
160 3813 440 3868 charitate
494 3809 739 3865 Christi?
795 3824 958 3862 casus
1013 3805 1248 3872 doloris,
1278 3822 1348 3858 an
1402 3804 1792 3874 longinquitas

102 3926 120 3949 ι
160 3900 544 3956 remotionis?
575 3898 723 3962 Quin
770 3898 940 3951 etiam
997 3896 1042 3949 si
1091 3894 1315 3949 amissae
1346 3893 1627 3947 facultatis
1658 3909 1792 3946 usus

101 4012 124 4041 ι)
164 3990 593 4052 concederetur,
652 3987 916 4040 voluntas
998 3986 1122 4038 haec
1174 3982 1364 4053 operis
1440 3980 1792 4036 exhibitione

102 4101 125 4129 υ
164 4077 660 4150 comprobaretur.
721 4077 915 4145 Ipsum
980 4078 1175 4127 tamen
1239 4071 1554 4135 modicum,
1641 4069 1793 4140 quod

102 4190 125 4214 ››
164 4167 375 4233 adhuc,
434 4166 548 4219 Deo
602 4164 845 4229 volente,
904 4163 1193 4233 reliquum
1234 4165 1516 4224 tenemus,
1593 4163 1794 4211 vestras

97 4276 121 4306 υ
159 4252 604 4310 commonitioni
625 4252 875 4306 alienum
906 4265 1026 4303 esse
1060 4249 1351 4313 nolumus,
1385 4252 1449 4301 ut
1480 4245 1790 4315 participa-

98 4368 115 4392 ι
176 4345 338 4398 tione
391 4340 689 4413 parvitatis
734 4340 1014 4393 relevetur
1052 4336 1391 4407 magnitudo
1447 4334 1781 4388 devotionis.

100 4456 116 4479 ι
147 4433 326 4486 Mater
357 4444 609 4499 namque
642 4428 688 4481 si
723 4442 928 4497 parum
958 4424 1243 4486 habuerit,
1288 4439 1489 4494 parum
1530 4422 1663 4476 ﬁliis
1694 4421 1788 4474 tri-

95 4543 119 4569 »
164 4520 313 4574 bnit.
381 4518 518 4571 Ecce
564 4517 688 4570 haec
746 4514 955 4569 modici
1014 4518 1275 4582 sumptus
1321 4513 1659 4565 munuscula
1719 4510 1789 4564 ad

94 4633 117 4655 η
180 4606 558 4662 refectionem
606 4604 763 4657 vobis
815 4603 1124 4656 mittuntur
1174 4600 1378 4665 carnis,
1430 4605 1494 4652 ut
1540 4599 1788 4652 animam

97 4719 119 4747 ι
152 4696 399 4752 senioris
431 4694 613 4750 Patris
651 4693 820 4747 vestri
872 4691 1145 4746 continua
1190 4689 1466 4744 orationis
1518 4689 1791 4743 alimonia

99 4808 124 4836 υ
156 4785 459 4849 reﬁcietis;
499 4783 771 4853 quoniam
811 4786 895 4836 tot
927 4781 1217 4851 jnstorum
1252 4796 1450 4849 preces
1481 4778 1795 4832 umanimi-

99 4895 124 4923 ιι
166 4881 254 4929 ter
283 4874 638 4927 continuatae
667 4871 817 4941 apud
860 4872 1036 4923 Deum
1071 4870 1315 4922 multum
1351 4873 1592 4937 possunt
1621 4868 1794 4937 proﬁ-

104 4986 123 5011 ι
166 4979 320 5028 cere,
381 4959 555 5015 Jacob
583 4964 925 5013 attestante:
982 4958 1222 5011 Multum
1288 4958 1433 5010 valet
1491 4956 1798 5023 deprecatio

100 5071 125 5101 υ
159 5052 307 5121 justi
353 5049 583 5104 assidua
603 5048 736 5119 (Jac.
795 5046 986 5117 v,16).
1033 5045 1133 5098 Ille
1172 5042 1341 5097 etiam
1396 5047 1566 5112 atque
1624 5041 1797 5095 etiam

102 5162 127 5188 ι)
162 5141 355 5210 justus
416 5137 709 5203 Dominus,
746 5135 846 5206 qui
888 5133 1140 5205 justitias
1188 5131 1407 5195 dilexit,
1466 5130 1799 5200 {equitatem

103 5248 127 5277 ι)
167 5224 609 5297 supplicationis
663 5222 933 5277 exaudire
990 5237 1109 5275 non
1159 5220 1413 5291 respuit:
1476 5219 1570 5271 sed
1642 5218 1801 5271 vobis

106 5336 131 5366 ι)
170 5314 472 5369 indefessis
503 5311 1013 5367 intercessionibus
1044 5308 1356 5380 supradicti
1397 5307 1553 5361 chari
1588 5322 1805 5359 memo-

110 5428 135 5451 n
178 5405 323 5457 riam
353 5401 689 5456 facientibus
720 5401 920 5454 salutis
952 5399 1110 5453 dabit
1135 5396 1465 5467 praemium.
1503 5395 1654 5465 quod
1687 5394 1806 5464 ipse

114 5514 135 5542 ι
178 5492 445 5563 promisit
471 5491 665 5545 dicens
698 5507 710 5544 :
759 5492 868 5554 Qui
894 5488 1316 5558 perseveraverit
1366 5500 1534 5552 usque
1562 5486 1620 5537 in
1650 5486 1808 5551 ﬁnem

180 5601 292 5666 (7'2)
326 5602 492 5652 Anno
525 5597 651 5665 ipso
680 5597 835 5660 1024,
868 5612 983 5665 quo
1008 5594 1193 5647 fuerat
1217 5591 1518 5645 defunctus
1550 5588 1843 5642 Henricus.

1896 3100 2051 3171 gelii,
2088 3098 2146 3152 in
2180 3113 2294 3168 qua
2318 3113 2489 3166 supra
2529 3096 2791 3151 arborem
2825 3098 3007 3151 crucis
3050 3100 3362 3153 ascendens
3405 3098 3593 3169 suspi-

1895 3189 2142 3242 cientem
2186 3203 2242 3239 se
2271 3187 2461 3240 Jesum
2495 3185 2802 3254 suscipere,
2838 3191 2895 3238 et
2921 3187 2990 3239 ab
3023 3202 3090 3239 eo
3134 3187 3591 3243 benedictionem

1894 3276 2139 3345 pusillus
2181 3274 2394 3327 meruit
2422 3273 2699 3344 accipere,
2744 3274 2887 3326 lecta
2916 3274 3041 3339 fuit,
3078 3275 3331 3344 regalem
3362 3291 3586 3344 purpu-

1897 3384 2017 3421 ram
2051 3382 2282 3432 exuens,
2337 3366 2589 3418 tunicam
2621 3365 2947 3430 fusciorem,
2977 3382 3149 3435 quam
3180 3365 3305 3434 ipsa
3338 3365 3446 3419 sibi
3475 3366 3591 3418 suis

1894 3456 2161 3510 manibus
2192 3458 2423 3524 operata
2449 3455 2653 3519 fuerat,
2702 3457 2911 3506 vestem
2960 3453 3273 3523 religionis,
3326 3453 3458 3506 data
3511 3471 3592 3506 sa-

1896 3539 2167 3595 cerdotali
2193 3536 2610 3603 benedictione,
2653 3536 2856 3590 induit.
2894 3537 2978 3602 Et,
3010 3536 3205 3590 multis
3246 3553 3351 3607 pro
3378 3553 3436 3590 se
3460 3538 3590 3607 qui-

1896 3630 2025 3684 dem
2061 3626 2350 3692 ilentibus,
2376 3641 2480 3696 pro
2512 3625 2609 3678 illa
2637 3628 2825 3678 autem
2854 3625 3256 3695 gaudentibus,
3288 3642 3417 3696 qua:
3470 3626 3592 3695 jam

1899 3717 2173 3771 saeculum
2216 3715 2540 3768 damnasset
2569 3712 2626 3766 in
2695 3714 2964 3777 vestibus,
3024 3713 3264 3783 capillis,
3325 3712 3425 3783 qui
3480 3714 3593 3767 huc

1901 3821 2082 3877 usque
2127 3804 2186 3857 in
2237 3803 2438 3856 eodem
2512 3803 2861 3856 monasterio
2908 3818 3010 3873 pro
3058 3802 3239 3872 ipsius
3298 3806 3596 3856 servantur

1902 3896 2138 3961 honore,
2186 3890 2461 3962 praecisis,
2515 3890 2785 3961 imposito
2830 3891 2937 3944 sibi
2998 3892 3069 3944 ab
3109 3891 3390 3962 episcopis
3446 3891 3591 3956 velo,

1903 3983 2116 4037 annulo
2164 3980 2297 4034 ﬁdei
2355 3979 2709 4046 subarrhata,
2766 3980 3183 4048 gratulabunda
3243 3980 3520 4033 succinuit
3581 3997 3595 4034 :

1904 4072 2100 4127 Posuit
2128 4073 2343 4136 signum
2372 4071 2431 4121 in
2469 4069 2666 4134 faciem
2694 4083 2885 4132 meam,
2919 4072 2969 4121 et
3018 4069 3221 4121 annulo
3256 4084 3351 4121 suo
3402 4068 3597 4121 subar-

1902 4162 2089 4215 rhavit
2111 4175 2193 4212 me
2244 4159 2497 4212 Dominus
2555 4172 2701 4210 meus
2730 4158 2881 4209 Jesus
2930 4157 3210 4209 Christus.
3263 4157 3343 4208 Ita
3373 4157 3597 4209 Christo

1909 4265 2116 4320 sponso
2143 4247 2268 4316 ipsa
2304 4262 2515 4314 sponsa
2571 4248 2916 4307 consecrata,
2976 4244 3111 4296 dum
3166 4243 3414 4296 ﬁliarum
3464 4260 3595 4296 sua-

1903 4354 2029 4391 rum
2064 4353 2121 4389 se
2154 4333 2509 4388 sanctissimo
2553 4331 2928 4385 contubernio
2953 4328 3338 4400 applicuisset,
3374 4348 3487 4384 non
3535 4338 3599 4384 ut

1898 4429 2080 4477 mater
2110 4421 2335 4475 ﬁliabus
2356 4435 2414 4471 se
2445 4417 2812 4488 praeferebat;
2862 4417 2962 4470 sed
3017 4417 3076 4471 in
3132 4417 3398 4471 omnibus
3427 4418 3601 4471 servi-

1896 4513 1989 4567 tiis
2020 4511 2283 4565 servilem
2324 4524 2382 4560 se
2410 4521 2717 4578 personam
2750 4506 3115 4571 ostendebat;
3145 4506 3225 4559 ita
3263 4512 3456 4561 tamen
3510 4513 3596 4575 ut,

1899 4618 2026 4655 cum
2066 4599 2263 4654 omnia
2314 4598 2542 4663 faceret,
2586 4595 3023 4648 ostentationem
3081 4596 3305 4666 fugeret
3336 4596 3601 4667 singulo-

1902 4706 2054 4757 rum,
2115 4704 2185 4741 ne
2230 4687 2287 4739 in
2340 4683 2610 4756 praesenti
2675 4685 2884 4738 saeculo
2945 4685 3221 4755 reciperet
3278 4687 3599 4741 mercedem

1903 4793 2087 4831 suam.
2124 4774 2478 4844 Operabatur
2506 4771 2771 4825 manibus
2801 4773 3093 4842 suis(nulli
3124 4773 3277 4827 enim
3309 4773 3367 4827 in
3399 4775 3599 4827 distin-

1905 4864 2145 4937 guendis
2178 4878 2317 4916 auro
2340 4861 2697 4931 gemmisque
2728 4860 2977 4915 vestibus
3025 4862 3362 4931 plurimum,
3418 4868 3515 4916 aut
3544 4861 3601 4916 in

1906 4954 2063 5009 stolis
2098 4950 2283 5006 autin
2337 4949 2583 5020 cingulis
2628 4948 3023 5004 aestimabatur
3078 4949 3363 5018 inferior),
3421 4952 3603 5004 sciens

1910 5043 2185 5112 scriptum
2241 5055 2362 5093 esse
2424 5054 2436 5091 :
2488 5036 2598 5103 Qui
2651 5052 2759 5090 non
2826 5042 3102 5105 operatur,
3167 5054 3274 5091 non
3319 5039 3604 5093 manducet

1910 5128 1998 5199 (II
2027 5128 2215 5181 Thess.
2253 5139 2333 5187 IlI,
2374 5124 2475 5189 tO).
2534 5122 2755 5191 Sponso
2784 5126 2884 5175 aut
2938 5138 3107 5175 orans
3138 5123 3477 5194 loquebatur
3506 5126 3607 5173 aut

1910 5216 2180 5287 psallens.
2206 5212 2287 5266 Ad
2318 5210 2571 5264 ecclesiae
2611 5209 2810 5264 limina
2838 5226 2986 5279 pene
3019 5209 3203 5263 invisa
3240 5211 3601 5281 properabat.

1915 5303 2063 5359 Nihil
2105 5299 2402 5354 severitate
2452 5298 2607 5351 illius
2648 5298 2979 5368 jucundius,
3023 5298 3163 5351 nihil
3247 5297 3606 5367 jucunditate

1915 5391 2183 5447 severius.
2218 5388 2415 5443 Tristis
2462 5388 2522 5441 in
2551 5387 2691 5451 risu,
2751 5387 2809 5440 in
2869 5386 3103 5440 tristitia
3159 5386 3364 5439 suavis.
3434 5387 3607 5439 Breve

1919 5482 2051 5534 vita:
2086 5478 2333 5549 spatium
2360 5482 2570 5530 aeterna
2621 5476 2899 5530 memoria
2954 5476 3382 5546 compensabat.
3446 5475 3607 5529 Idem
