3938 6378
290 301 392 354 2H

1272 298 1431 354 VlTA
1470 300 1524 354 S.
1567 296 2048 360 CUNEGUNDIS,
2089 297 2210 355 UBl
2248 298 2338 354 DE
2377 297 2434 353 S.
2477 295 2804 352 HENBICO.

3707 299 3818 350 212

292 425 378 480 illi
407 425 564 480 locus
602 422 876 478 orationis
902 426 959 477 et
979 420 1188 492 quietis
1216 421 1346 488 fuit,
1378 421 1533 476 idem
1562 437 1790 492 semper
1818 421 1990 476 habi-
2018 424 2063 476 Α
2102 421 2290 474 monis
2312 422 2784 477 monumentum:
2818 417 3041 473 lumina
3068 433 3170 472 sua
3200 416 3259 472 in
3286 418 3389 472 Dei
3409 419 3587 486 ﬁgere
3635 435 3810 489 aspe-

294 519 405 581 tus,
437 513 722 568 incultum
751 527 959 581 corpus
991 527 1004 565 :
1038 510 1176 565 dum
1234 511 1404 564 sciret
1453 510 1796 581 rejiciendas
1842 510 1988 564 deli-

295 602 410 657 cias
430 600 704 672 corporis,
729 600 882 672 quod
911 600 1081 670 paulo
1130 605 1262 669 post
1289 598 1578 654 vermibus
1637 598 1991 652 exarandum

297 690 368 743 sit
401 705 666 758 :semper
689 705 816 742 eam
848 690 1056 759 legere,
1091 692 1189 741 aut
1239 689 1523 758 legentem
1581 687 1780 741 audire
1832 686 1990 740 vide—

298 795 407 832 res.
444 778 616 833 Multa
643 777 729 830 illi
772 777 920 830 circa
968 777 1406 830 contubernales
1436 775 1681 841 devotio,
1725 775 1995 845 frequens

300 865 704 920 decubantium
756 864 1021 930 visitatio,
1081 863 1328 917 sollicita
1367 878 1690 934 pauperum
1723 861 1994 916 consola-

299 956 401 1009 tio.
437 956 717 1009 Prmterea
745 953 912 1022 plura
943 969 1070 1006 eam
1101 951 1377 1006 miracula
1434 951 1630 1004 fecisse
1681 950 1992 1016 credimus,

303 1042 422 1110 sed,
455 1041 609 1112 quod
636 1040 882 1111 gratiam
939 1040 1243 1094 hominum
1300 1043 1357 1092 et
1401 1038 1588 1091 oleum
1650 1037 1998 1091 adulationis

305 1145 533 1200 semper
561 1129 803 1198 fugeret,
840 1133 961 1182 esse
993 1143 1295 1198 suppressa
1333 1142 1345 1180 :
1379 1126 1534 1195 quod
1585 1129 1780 1178 tamen
1830 1125 1997 1178 incu-

307 1217 407 1271 ria:
437 1216 779 1288 scriptorum
812 1232 914 1270 seu
951 1214 1293 1269 revolutioni
1349 1219 1699 1283 temporum,
1733 1228 1848 1267 non
1905 1213 1998 1266 de-

309 1306 480 1359 fectui
508 1305 900 1375 deputandum
933 1308 1018 1358 est
1047 1303 1340 1356 virtutum.
1395 1303 1578 1355 Pauca
1623 1307 1815 1354 tamen
1864 1317 1993 1370 quae

309 1391 369 1445 in
394 1393 617 1462 scriptis
641 1392 978 1462 reperimus,
1010 1395 1108 1444 aut
1155 1389 1407 1443 veridica
1448 1389 1994 1453 sanctimonialium,

311 1480 409 1533 ubi
437 1481 538 1534 illa
566 1480 788 1535 Christo
819 1480 1121 1545 militabat,
1150 1478 1428 1532 relatione
1478 1477 1872 1547 cognovimus,
1909 1477 2002 1531 hic

313 1566 562 1621 inserere
594 1568 833 1636 dignum
876 1567 1160 1621 duximus.

385 1659 435 1710 8.
471 1657 754 1711 Miracutis
774 1657 960 1709 claret.
995 1655 1316 1709 Incendium
1368 1655 1686 1722 exstinguit.
1737 1683 1806 1693 —
1861 1654 2004 1706 Cum

314 1747 445 1813 post
483 1741 754 1795 orationis
782 1742 1168 1813 frequentiam
1220 1741 1370 1795 inter
1408 1740 1668 1796 lectionis
1723 1739 2006 1794 lassitudi—

316 1846 449 1884 nem
480 1830 684 1883 ancilla
714 1830 918 1885 Christi
950 1831 1008 1884 in
1062 1831 1228 1895 lecto,
1263 1846 1378 1884 non
1435 1829 1646 1899 plumis
1701 1833 2003 1894 exstructo,

316 1919 411 1972 sed
451 1917 633 1972 cilicio
673 1922 867 1985 strato,
894 1919 1154 1972 membra
1182 1934 1385 1988 sopore
1415 1921 1645 1988 gravata
1673 1917 2005 1982 remisisset,

317 2009 506 2078 puella
551 2011 769 2060 sacrata
825 2023 953 2076 quoe
1009 2007 1079 2061 de
1137 2022 1298 2060 more
1353 2006 1437 2059 illi
1485 2005 1790 2072 assidebat,
1822 2021 2009 2060 sacros

319 2095 555 2162 codices,
593 2096 807 2165 legens,
831 2111 960 2149 cum
980 2096 1098 2150 fere
1128 2095 1196 2149 ad
1221 2094 1474 2149 medium
1502 2094 1682 2148 noctis
1711 2094 2010 2149 lectionem

321 2184 671 2251 extenderet,
716 2183 1024 2254 caligantes
1098 2184 1293 2238 oculos
1345 2183 1566 2250 clausit,
1619 2184 1932 2252 lumenque
1979 2198 2010 2236 e

320 2271 582 2326 manibus
611 2270 766 2324 illius
794 2271 1131 2341 prolapsum
1159 2272 1351 2341 paleas
1381 2270 1719 2341 corripiens,
1780 2270 1868 2324 sui
1897 2270 2013 2324 fra-

322 2376 456 2430 gore
503 2359 968 2431 circumjacentes
1034 2375 1253 2414 sorores
1297 2359 1578 2413 excitavit.
1630 2359 1889 2413 Clamore
1945 2374 2013 2411 ex

321 2463 600 2502 concursu
649 2447 816 2516 facto,
901 2447 1059 2517 virgo
1113 2446 1321 2501 Christi
1386 2447 1453 2500 de
1514 2463 1713 2500 somno
1761 2462 2011 2511 excussa,

323 2538 460 2592 dum
489 2535 859 2590 colluctantes
914 2536 1064 2589 inter
1092 2551 1153 2588 se
1211 2541 1264 2589 et
1297 2540 1702 2605 concrepantes
1755 2534 2017 2588 ﬂammas

323 2626 470 2680 circa
499 2641 560 2677 se
589 2624 827 2694 aspexit,
889 2624 956 2678 ad
986 2623 1262 2676 orationis
1317 2639 1474 2676 arma
1537 2639 1594 2676 se
1641 2622 1936 2690 convertit,
1962 2625 2019 2676 et

323 2714 488 2784 signo
529 2712 710 2766 crucis
748 2712 1107 2766 adustionem
1141 2711 1297 2766 illam
1323 2711 1538 2782 absque
1587 2713 1747 2766 omni
1780 2728 2014 2766 suarum

324 2801 555 2855 laesione
588 2801 826 2854 vestium
857 2801 1076 2854 avertit.
1110 2802 1227 2854 Tua
1259 2806 1390 2854 sunt
1420 2801 1562 2866 haec,
1594 2801 1832 2866 Christe,
1876 2816 2015 2870 ope-

325 2906 409 2954 ra,
441 2888 541 2959 qui
578 2888 716 2942 olim
749 2888 1124 2958 Babylonium
1156 2903 1353 2958 regem
1403 2886 1464 2940 in
1511 2903 1613 2940 suo
1644 2887 1834 2940 furore
1876 2901 2016 2939 con-

2099 512 2275 574 ctum,
2309 508 2556 577 primam
2585 523 2715 578 quae
2744 507 2972 561 doceret
3000 506 3206 578 facere,
3269 511 3335 561 ut
3362 507 3610 562 fructum
3701 509 3816 562 do-

2101 597 2300 650 ctrinae
2329 613 2447 650 suae
2480 596 2603 666 ipsa
2630 595 2693 649 in
2734 595 2911 661 caelis,
2971 595 3086 649 Deo
3142 595 3468 664 adjuvante,
3498 597 3684 666 possit
3714 597 3814 650 in-

2101 683 2312 738 venire.
2349 686 2476 738 Haec
2524 689 2580 737 et
2609 683 2891 753 ejusmodi
2936 683 3148 737 iterum
3181 689 3237 738 et
3276 685 3484 738 iterum
3542 690 3816 738 materno

2104 771 2290 826 studio
2321 771 2375 826 ei
2408 772 2718 832 inculcnns,
2749 771 2912 842 quasi
2946 772 3004 826 in
3039 772 3305 826 omnibus
3329 773 3450 843 jam
3491 772 3817 842 perfectam

2103 865 2160 914 et
2187 859 2310 931 ipsa
2350 862 2675 930 magistram
2719 861 2974 914 venerari
3023 861 3213 931 coepit.
3269 861 3390 926 Illa,
3442 860 3541 914 ubi
3595 860 3816 914 imma-

2103 954 2233 1002 tura
2274 948 2533 1003 libertate
2562 949 2739 1020 potita
2772 955 2873 1017 est,
2909 949 3188 1018 paulatim
3219 964 3253 1002 a
3295 947 3484 1019 rigore
3519 965 3623 1001 suo
3655 948 3811 1002 deﬁ-

2105 1054 2251 1106 cere,
2283 1039 2607 1092 molliorem
2637 1038 2876 1104 cultum,
2909 1037 3214 1091 lautiorem
3235 1036 3447 1104 cibum,
3475 1053 3606 1107 quae
3636 1036 3817 1090 vitio-

2107 1140 2238 1178 rum
2288 1125 2563 1179 alimenta
2615 1129 2768 1191 sunt,
2820 1124 3181 1179 desiderare:
3235 1124 3441 1178 ultima
3486 1123 3547 1178 in
3604 1125 3814 1188 choro,

2106 1213 2295 1283 prima
2334 1214 2393 1267 in
2439 1213 2724 1281 convivio,
2770 1214 3094 1282 puellarum
3132 1212 3342 1267 fabulis
3413 1213 3713 1279 interesse,
3746 1227 3820 1265 ac

2110 1301 2169 1354 in
2196 1302 2462 1356 omnibus
2488 1302 2671 1355 laxius
2709 1317 2875 1372 agere
2905 1301 3094 1371 coepit.
3129 1303 3236 1355 Pro
3278 1301 3610 1372 hujusmodi
3659 1301 3816 1354 levi-

2111 1390 2322 1443 tatibus
2372 1389 2510 1443 dum
2570 1405 2696 1443 eam
2770 1389 3105 1459 frequenter
3166 1395 3362 1442 sancta
3426 1389 3523 1442 Dei
3569 1389 3724 1442 inter
3753 1405 3820 1442 se

2112 1477 2402 1548 privatim,
2433 1477 2660 1547 publice
2684 1493 2875 1530 coram
2901 1477 3169 1531 omnibus
3200 1477 3515 1531 secundum
3545 1477 3823 1546 Apostoli

2114 1571 2419 1636 praecepta,
2451 1565 2660 1634 saepius
2719 1570 3006 1634 argueret,
3063 1565 3408 1634 obsecraret,
3465 1565 3823 1636 increparet,

2116 1670 2220 1708 nec
2247 1654 2347 1708 illa
2375 1659 2697 1708 materterae
2737 1654 2889 1706 velut
2917 1653 3236 1723 patrocinio
3286 1659 3386 1707 aut
3421 1651 3826 1706 familiaritate

2115 1759 2258 1796 vane
2287 1743 2495 1797 conﬁsa
2534 1743 2652 1796 ullo
2711 1743 2881 1796 modo
2927 1742 3372 1809 emendaretur;
3433 1740 3685 1812 quadam
3727 1739 3827 1793 die

2115 1831 2252 1886 dum
2283 1830 2406 1901 ipsa
2434 1847 2564 1900 cum
2604 1835 2895 1902 conventu
2943 1846 3191 1897 crucem,
3225 1846 3356 1884 nam
3386 1830 3506 1884 dies
3556 1828 3827 1884 Domini-

2118 1935 2216 1973 cus
2240 1924 2381 1985 erat,
2414 1917 2688 1989 sequitur,
2739 1918 3024 1973 abbatissa
3075 1918 3258 1972 defuit
3316 1919 3447 1989 (74).
3499 1919 3688 1982 Quam
3721 1916 3828 1971 illa

2118 2007 2437 2077 inquirens.
2495 2011 2551 2061 et
2602 2006 2933 2077 epulantem
2999 2023 3131 2060 cum
3183 2007 3388 2060 coaevis
3447 2006 3507 2060 in
3561 2004 3833 2060 conclavi

2119 2095 2430 2166 reperiens,
2464 2095 2584 2149 zelo
2643 2095 2868 2166 pietatis
2919 2100 3159 2161 armata,
3211 2111 3344 2149 cum
3404 2094 3576 2149 verbo
3624 2110 3831 2149 corre-

2119 2184 2332 2254 ptionis
2361 2185 2596 2238 dextera
2633 2183 2928 2238 maxillam
2959 2185 3083 2254 ejus
3103 2184 3412 2254 percussit;
3464 2199 3594 2254 qua:
3652 2182 3834 2254 quasi

2121 2273 2374 2344 sigillum
2415 2272 2702 2344 quoddam
2743 2272 2989 2326 formam
3032 2272 3348 2343 digitorum
3387 2272 3512 2342 ejus
3569 2273 3826 2342 accepit,

2123 2379 2236 2434 qua
2266 2361 2425 2415 omni
2447 2366 2706 2430 tempore
2734 2362 2864 2415 vitae
2925 2377 3044 2415 suae
3087 2378 3204 2415 non
3227 2361 3430 2416 caruit.
3475 2363 3554 2416 De
3581 2377 3701 2432 quo
3736 2361 3834 2414 ni-

2124 2451 2339 2504 mirum
2370 2450 2517 2504 facto
2547 2454 2787 2514 constat,
2821 2449 2956 2520 quia
3012 2466 3122 2504 non
3176 2455 3401 2504 tantum
3432 2466 3537 2519 pro
3583 2465 3666 2516 se,
3727 2449 3836 2503 sed

2126 2542 2182 2593 et
2221 2554 2326 2608 pro
2357 2537 2600 2591 aliorum
2647 2538 3049 2592 emendatione
3079 2539 3188 2593 hoc
3222 2539 3478 2608 pertulit,
3541 2543 3603 2591 ut
3652 2538 3838 2607 hujus

2128 2626 2266 2680 visio
2301 2625 2426 2678 aliis
2472 2625 2796 2696 proﬁceret,
2831 2631 2888 2680 et
2916 2627 2986 2681 ad
3041 2626 3294 2681 melioris
3348 2627 3478 2681 vitae
3534 2630 3755 2680 statum
3803 2643 3840 2680 ε.

2127 2712 2281 2766 vitiis
2337 2713 2452 2766 suis
2483 2719 2864 2784 retorqueret.

2202 2804 2286 2856 t0.
2320 2803 2701 2856 Chirotecham
2729 2803 2845 2870 ejus
2875 2803 3071 2858 radius
3102 2805 3231 2858 solis
3277 2805 3526 2858 sustinet.
3553 2834 3622 2841 —
3658 2804 3839 2858 Forte

2129 2893 2186 2942 et
2210 2889 2362 2943 istud
2395 2889 2810 2944 detractoribus
2841 2889 3164 2944 fabulosum
3206 2895 3263 2944 et
3287 2890 3616 2945 inﬁdelibus
3644 2889 3840 2944 incre-

327 2977 547 3045 fudisti,
573 2983 624 3031 et
660 2977 987 3030 Chaldaicos
1043 2977 1227 3046 ignes,
1255 2982 1321 3029 ut
1371 2975 1538 3045 pueri
1593 2975 1679 3029 tui
1705 2975 2016 3029 liberaren-
2053 2973 2093 3028 C
2133 2975 2304 3030 dibile
2332 2977 2646 3047 putabitur,
2681 2978 2836 3048 quod
2887 2977 3248 3032 sanctitatem
3280 2978 3457 3047 illius,
3509 2995 3686 3050 quam
3721 2980 3838 3034 hu-

328 3071 424 3119 tur
452 3064 634 3130 illaesi,
668 3070 766 3118 tua
798 3064 1007 3117 virtute
1035 3061 1373 3116 exstinxisti.

401 3158 450 3208 9.
489 3156 557 3207 De
612 3156 765 3208 Jutta
813 3154 930 3222 ejus
977 3159 1149 3220 nepte,
1193 3153 1492 3205 abbatissa.
1550 3178 1622 3191 —
1649 3149 1817 3204 Aliud
1848 3150 2022 3204 mira-

330 3243 522 3296 culum
555 3247 672 3296 tam
709 3241 1057 3312 stupendum
1090 3256 1263 3310 quam
1312 3238 1632 3292 mirandum
1691 3237 1782 3291 hic
1813 3239 2028 3308 placuit

332 3330 708 3392 subscribere,
739 3329 800 3383 in
826 3345 940 3400 quo
972 3327 1151 3381 animi
1185 3327 1336 3381 illius
1375 3327 1759 3381 constantiam
1790 3332 1843 3381 et
1867 3327 2024 3397 rigo-

334 3420 411 3473 ris
437 3421 794 3473 severitatem
825 3417 1039 3472 discere
1068 3415 1298 3486 poteris.
1348 3415 1554 3469 Habuit
1587 3431 1780 3468 secum
1813 3416 2028 3469 sororis

335 3524 452 3562 suae
484 3508 683 3572 tiliam,
714 3508 926 3561 Juttam
957 3507 1070 3575 (73)
1095 3505 1345 3558 nomine.
1379 3505 1532 3557 llanc
1562 3521 1594 3557 a
1625 3503 1827 3573 primis
1861 3504 2029 3558 annis

337 3597 658 3662 educatam,
685 3595 842 3648 omni
871 3594 1193 3664 disciplina,
1230 3589 1592 3647 saecularium
1621 3608 1853 3663 quoque
1873 3592 2026 3648 litte-

335 3701 531 3740 rarum
584 3684 820 3737 scientia
876 3683 1240 3737 instruxerat.
1293 3683 1420 3736 Haec
1476 3685 1840 3735 materteram
1910 3698 2028 3736 non

335 3775 526 3828 minus
557 3773 849 3843 religionis
908 3787 1080 3842 quam
1129 3771 1450 3824 dilectionis
1502 3786 1693 3824 amore
1742 3775 1931 3824 secuta
1976 3776 2033 3826 et

336 3867 666 3915 consecrata
694 3860 819 3914 fuit.
860 3861 1042 3924 Quam
1091 3859 1148 3912 in
1173 3859 1438 3912 omnibus
1471 3859 1639 3928 plene
1671 3859 2027 3928 instructam,

336 3949 435 4002 ubi
465 3951 587 4020 ejus
630 3949 690 4002 in
742 3948 1092 4003 orationibus
1143 3947 1515 4018 vigilantiam,
1549 3947 1611 4000 in
1633 3947 1869 4018 jejuniis
1900 3964 2028 4018 per-

336 4037 733 4103 severantiam,
767 4042 823 4090 et
853 4037 920 4091 ad
952 4035 1146 4090 omnia
1178 4035 1511 4106 patientiam
1553 4037 1864 4107 perspexit,
1912 4053 2034 4091 om-

336 4125 498 4179 nium
530 4141 759 4179 assensu
786 4130 1096 4200 etirogatu,
1157 4124 1403 4194 primam
1463 4124 1524 4177 in
1585 4124 1708 4194 ipso
1765 4125 2028 4180 coenobio

2133 3064 2390 3118 militatis
2443 3066 2628 3136 gratia
2674 3066 2800 3136 ipsa
2847 3066 3108 3121 homines
3163 3068 3336 3122 latere
3403 3068 3602 3131 voluit,
3665 3073 3841 3124 muta

2135 3153 2418 3207 elementa
2474 3155 2808 3224 loquuntur.
2863 3154 3120 3226 Denique
3167 3171 3298 3208 cum
3356 3160 3483 3225 post
3518 3155 3837 3210 lectionem

2135 3241 2439 3311 evangelii,
2476 3258 2577 3295 suo
2633 3242 2876 3296 solemni
2925 3259 3085 3296 more
3118 3243 3503 3297 sacriﬁcatura
3532 3244 3841 3298 accederet

2137 3327 2206 3382 ad
2253 3328 2452 3394 altare,
2511 3328 2725 3383 dextras
2771 3345 2976 3383 manus
3029 3346 3148 3383 suae
3199 3330 3582 3384 chirothecam
3639 3331 3843 3384 detra-

2137 3417 2298 3484 hens,
2333 3433 2464 3471 cum
2485 3418 2676 3471 nullus
2705 3418 2804 3488 qui
2842 3419 3121 3489 reciperet
3151 3419 3389 3486 adesset,
3423 3411 3543 3472 a'se
3599 3420 3845 3489 rejecit;

2136 3522 2309 3576 quam
2340 3506 2535 3560 radius
2564 3507 2699 3559 solis
2736 3522 2841 3577 per
2864 3507 3130 3561 fenestrae
3160 3506 3396 3560 rimulas
3451 3506 3673 3561 intrans
3715 3524 3843 3562 sus-

2136 3594 2308 3665 cepit,
2353 3599 2407 3648 et
2460 3594 2662 3649 tandiu
2717 3595 2882 3666 quasi
2938 3595 3269 3650 famulando
3325 3595 3613 3660 sustinuit,
3651 3595 3842 3650 donec

2137 3683 2257 3752 illa,
2296 3688 2426 3753 post
2470 3683 2811 3736 sacriﬁcium
2861 3683 3109 3751 rediens,
3166 3699 3292 3738 eam
3350 3683 3648 3754 reciperet.
3702 3685 3842 3738 Tale

2139 3772 2310 3826 etiam
2344 3771 2482 3842 quid
2508 3773 2568 3825 in
2593 3771 2746 3826 beati
2777 3771 2885 3824 viri
2911 3771 3108 3826 Goaris
3138 3778 3289 3826 veste
3347 3772 3657 3843 aliquando
3689 3772 3841 3827 divi-

2141 3875 2215 3912 na
2241 3859 2451 3913 virtute
2473 3864 2764 3913 ostensum
2797 3858 2969 3913 fuisse
3025 3859 3235 3928 legitur
3282 3859 3431 3929 (75);
3481 3859 3582 3930 qui
3628 3860 3772 3913 dum
3809 3877 3846 3914 a

2140 3947 2270 4000 sede
2301 3945 2516 4002 Rustici
2546 3947 2892 4001 Trevirensis
2920 3947 3208 4016 pontiﬁcis
3236 3947 3567 4017 despicitur,
3605 3964 3638 4001 a
3682 3964 3845 4003 sum-

2143 4052 2237 4089 ma
2270 4035 2562 4106 majestate
2595 4051 2697 4105 per
2723 4035 2973 4107 [majoris
3019 4036 3319 4090 luminaris
3371 4037 3689 4090 honoratur
3745 4037 3840 4091 fa-

2143 4125 2446 4178 mulatum.
2473 4125 2738 4179 Omnium
2764 4125 2958 4195 itaque
2989 4141 3167 4195 capax
3197 4131 3320 4179 erat
3345 4126 3703 4193 meritorum,
3733 4127 3840 4198 qui

338 4225 462 4267 eam
494 4213 833 4268 abbatissam
868 4213 1141 4285 praefecit.
1199 4214 1340 4267 Tum
1386 4212 1545 4283 virgo
1613 4218 1794 4268 mater
1849 4214 2028 4267 ﬁliam
2069 4251 2112 4305 D
2136 4213 2386 4283 judicem
2417 4219 2748 4267 cunctarum
2782 4214 2993 4267 meruit
3019 4213 3232 4267 habere
3261 4212 3563 4267 virtutum.

337 4302 668 4373 suscipiens,
727 4303 889 4374 juxta
943 4301 1455 4356 commonitionem
1505 4306 1759 4356 sanctam
1811 4302 2027 4357 dudum

336 4390 610 4457 habitam,
646 4391 1092 4462 praecedentium
1135 4389 1221 4444 illi
1279 4391 1511 4443 Patrum
1577 4395 1839 4459 repetens
1887 4391 2028 4444 allo-

336 4478 492 4549 quia,
526 4485 720 4532 monet
744 4480 814 4533 ob
835 4479 1032 4533 salutis
1061 4477 1326 4532 aﬁ‘ectum
1357 4477 1522 4531 utilia
1561 4494 1624 4532 ac
1658 4479 1772 4532 Deo
1824 4477 2032 4548 placita

336 4583 487 4636 saepe
518 4567 722 4627 dicere.
772 4568 1098 4636 frequenter
1138 4567 1358 4632 audire,
1387 4565 1581 4620 solitas
1612 4566 1909 4637 religionis
1935 4565 2030 4620 iti-

337 4656 491 4709 neris
521 4655 639 4708 vias
686 4672 798 4709 non
854 4656 1134 4720 deserere,
1187 4655 1370 4723 magis
1418 4655 1713 4726 magisque
1767 4671 2026 4708 errorum

339 4744 505 4798 devia
534 4749 590 4797 et
630 4743 911 4797 diabolica
939 4745 1153 4797 calcare
1183 4743 1494 4813 ﬁgmenta;
1552 4745 1774 4798 nullam
1821 4743 1935 4797 luci
1966 4760 2030 4798 ac

338 4832 606 4897 tenebris,
640 4832 863 4886 veritati
892 4837 1065 4902 atque
1112 4831 1428 4899 mendacio,
1480 4831 1828 4903 turpitudini
1857 4836 2029 4902 atque

336 4920 623 4974 honestati
653 4921 802 4990 apud
847 4920 946 4974 Dei
967 4936 1157 4974 servos
1188 4921 1350 4974 docet
1378 4937 1500 4975 esse
1526 4921 2024 4984 communionem;

337 5009 575 5062 sollicite
596 5009 910 5063 cavendum
945 5026 1016 5062 ne
1049 5026 1194 5063 vana
1238 5009 1507 5063 sectando
1565 5009 1852 5063 desineret
1906 5025 2028 5063 esse

336 5098 617 5168 templum
652 5098 771 5159 Dei,
818 5103 872 5151 et
902 5097 1177 5152 habitatio
1231 5098 1561 5152 daemonum
1593 5097 1776 5164 ﬁeret,
1819 5101 1876 5150 et
1917 5097 2028 5151 daa-

405 5205 518 5275 (73)
558 5203 789 5259 Variant
820 5204 1039 5258 codices
1084 5205 1144 5258 in
1195 5205 1365 5274 hujus
1416 5203 1648 5257 nomine
1705 5201 2021 5258 scribendo.

338 5276 484 5330 Editi
517 5281 735 5329 veteres
786 5275 1001 5329 habent
1037 5277 1286 5341 Vitham;
1331 5291 1465 5328 mss.
1494 5276 1550 5338 2,
1604 5275 1802 5327 Vtham
1835 5289 1849 5341 ;
1894 5275 2027 5328 Hof-

337 5362 606 5415 manuus,
659 5345 966 5400 Juditham.
1021 5347 1293 5412 Juitham,
1329 5344 1695 5415 Cunegundis
1741 5359 2022 5406 sororem,

338 5417 542 5479 Wolfo,
577 5414 842 5487 nuptam,
870 5421 928 5470 et
951 5417 1138 5472 Jutam
1186 5433 1289 5470 seu
1319 5417 1529 5470 Mutam
1558 5414 1746 5487 ipsius»
1792 5419 2020 5484 neptem

337 5487 564 5558 comitis
595 5485 1021 5558 Limburgensis
1057 5502 1297 5542 uxorem
1350 5490 1636 5558 memorat
1681 5485 1904 5540 Miraeus
1960 5487 2022 5541 in

339 5557 552 5613 Notitia
587 5556 953 5613 ecclesiarum
985 5559 1186 5630 Belgii,
1237 5572 1370 5627 pag.
1410 5556 1528 5610 148.

2219 4305 2299 4356 11.
2323 4303 2541 4356 Morbus
2571 4303 2688 4371 ejus
2716 4307 3006 4356 emtremus.
3039 4304 3262 4371 Respuit
3291 4304 3496 4370 regales
3520 4305 3837 4372 exsequias.

2141 4391 2288 4446 Obit.
2346 4419 2416 4432 —
2469 4391 2803 4456 Quindecim
2848 4391 2909 4443 in
2949 4398 3142 4444 sancto
3188 4389 3482 4461 proposito
3523 4392 3844 4459 supervixit

2139 4494 2341 4544 annos,
2363 4483 2479 4532 tam
2510 4478 2850 4533 humilitatis
2889 4479 3072 4549 gratia
3115 4494 3290 4549 quam
3336 4479 3633 4549 religionis
3677 4495 3843 4533 reve-

2142 4567 2325 4621 rentia
2355 4568 2622 4621 omnibus
2671 4567 3026 4622 admiranda.
3077 4568 3327 4622 Tandem
3376 4584 3481 4639 pro
3531 4567 3711 4622 nimia
3767 4568 3845 4621 ci-

2138 4655 2344 4709 borum
2391 4655 2756 4723 abstinentia,
2805 4655 3077 4710 orationis
3110 4661 3168 4710 et
3221 4655 3545 4726 vigiliarum
3596 4655 3847 4710 incredi-

2139 4743 2237 4797 bili
2302 4743 2741 4814 perseverantia,
2796 4745 2968 4814 cuepit
3035 4760 3271 4814 corpore
3334 4745 3723 4814 languescere,
3786 4751 3844 4799 et

2139 4832 2563 4903 ingravescente
2623 4833 2820 4887 morbo
2869 4831 3152 4903 paulatim
3214 4832 3474 4886 deficere.
3539 4833 3648 4887 Sed
3699 4832 3841 4886 dum

2139 4919 2397 4974 membra
2443 4920 2638 4974 dolore
2676 4920 3148 4974 contraherentur
3195 4921 3468 4989 exterius,
3513 4920 3716 4990 spiritu
3750 4926 3839 4974 ta-

2137 5024 2290 5074 men,
2320 5025 2454 5063 nam
2483 5009 2607 5062 laus
2637 5010 2738 5064 Dei
2776 5025 3003 5079 semper
3058 5009 3118 5062 in
3172 5025 3270 5062 ore
3302 5009 3425 5080 ejus
3452 5009 3578 5075 fuit,
3611 5010 3841 5063 confor-

2136 5098 2455 5152 fortabatur
2492 5097 2754 5153 interius.
2789 5098 3036 5153 Vocabat
3066 5105 3288 5153 sanctos
3309 5100 3561 5170 angelos,
3587 5115 3836 5170 quorum

2208 5205 2323 5271 (74)
2356 5204 2419 5258 Id
2451 5209 2536 5258 est
2562 5205 2912 5274 processioni
2935 5222 3065 5276 qua:
3097 5205 3268 5259 etiam
3306 5222 3460 5258 nunc
3488 5211 3619 5258 ante
3653 5207 3838 5276 majus

2137 5291 2369 5357 sacrum
2393 5276 2452 5328 in
2482 5275 2755 5330 coenobiis
2781 5275 2985 5331 diebus
3015 5276 3329 5332 Dominicis
3376 5276 3502 5330 ﬁeri
3529 5277 3694 5345 solet,
3721 5275 3836 5332 non

2134 5346 2525 5484 miggmltseati
2554 5417 2752 5471 Goaris
2789 5417 2992 5480 Vitam,
3029 5418 3132 5472 ubi
3191 5418 3301 5472 hoc
3329 5417 3673 5472 miraculum
3740 5419 3835 5474 de-

2133 5487 2428 5553 scribitur,
2479 5487 2655 5542 habes
2706 5489 2924 5543 Saeculo
2983 5490 3030 5542 ΙΙ
3091 5489 3457 5543 Benedictino
3499 5489 3569 5542 ad
3619 5505 3834 5545 annum

2131 5557 2358 5612 circiter
2387 5559 2490 5613 649
2523 5558 2868 5629 (Patrotogiae
2907 5560 3081 5628 CXXI,
3117 5560 3174 5615 in
3209 5559 3673 5630 \VanALnearo).
