3938 6322
127 318 223 369 213

1125 316 1278 371 νιΤΑ
1317 319 1371 372 8.
1411 318 1869 385 CUNEGUNDIS,
1912 318 2030 374 UBI
2069 321 2159 375 DE
2202 319 2261 373 S.
2303 320 2636 377 HENRICO.

3532 321 3639 376 214

122 438 208 491 hic
233 437 375 503 vita,
409 436 529 491 illic
540 438 664 508 jam
694 437 980 491 consortio
1013 438 1252 505 fruitur;
1285 441 1573 509 apostolos
1598 446 1654 495 et
1682 458 1820 496 con-
1848 446 1891 496 A
1932 444 2059 512 sito,
2120 460 2223 498 suo
2274 444 2463 499 loculo
2518 445 2578 498 in
2622 445 2824 500 dextro
2906 446 3106 514 latere,
3162 448 3309 501 sicut
3360 449 3638 504 hactenus

122 526 379 592 fessores,
465 542 715 597 quorum
764 526 940 580 ﬁdem
1016 531 1071 580 et
1130 527 1544 582 confessionem
1599 545 1828 602 semper

121 615 321 678 tenuit,
355 615 763 686 interpellabat
794 632 807 669 :
835 615 1123 684 virginum
1151 616 1358 671 Christi
1415 617 1477 671 in
1524 634 1626 671 suo
1672 620 1823 673 exitu

119 704 400 758 invitabat
458 706 722 771 chorum,
766 721 1009 776 quarum
1076 706 1463 773 amulatione,
1512 707 1571 762 in
1630 725 1821 778 carne,

121 791 256 845 dum
314 797 531 862 prater
578 808 808 847 carnem
845 793 1081 859 viveret,
1117 793 1550 848 immaculatum
1599 796 1823 850 Christo

118 886 559 936 conservaverat
611 883 864 948 thorum,
922 883 1185 937 omnium
1248 884 1363 937 Deo
1426 884 1825 938 famulantium

120 970 225 1023 sibi
254 970 480 1037 adesse,
541 970 651 1024 sibi
698 987 995 1025 occurrere
1050 972 1248 1025 orabat
1317 973 1622 1027 auxilium.
1685 974 1824 1028 Vere

121 1059 270 1130 quod
294 1066 384 1113 est
407 1060 689 1130 scriptum
759 1076 772 1113 :
808 1061 1140 1114 Timentibus
1200 1063 1363 1114 Deum
1395 1064 1577 1114 omnia
1632 1076 1821 1130 coope-

118 1153 316 1202 rantur
345 1150 415 1204 in
468 1150 662 1202 bonum
700 1148 871 1217 (Rom.
924 1165 1041 1213 VIII,
1073 1147 1186 1217 28),
1218 1148 1278 1201 in
1310 1148 1467 1202 obitu
1497 1152 1669 1202 tanta
1709 1150 1823 1203 vir-

119 1236 265 1306 ginis
316 1236 575 1290 vidimus
623 1236 1074 1306 comprobatum.
1120 1236 1371 1290 Necdum
1429 1237 1697 1307 spiritum
1728 1254 1824 1291 ex-

116 1324 433 1391 halaverat,
468 1324 716 1379 necdum
748 1324 968 1378 Christo
1014 1324 1266 1379 debitam
1306 1324 1635 1379 reddiderat
1698 1325 1820 1379 ani-

118 1428 293 1478 mam,
329 1417 388 1467 et
428 1412 554 1482 jam
602 1413 754 1466 fama
798 1413 992 1466 volans
1023 1413 1168 1467 tanti
1224 1414 1549 1482 pranuntia
1615 1413 1822 1483 luctus,

114 1514 231 1553 non
278 1504 513 1553 tantum
571 1504 815 1553 sacratas
873 1498 1124 1569 virgines
1172 1505 1271 1554 aut
1334 1500 1552 1555 diversi
1602 1501 1823 1555 ordinis

116 1590 289 1654 viros,
344 1604 550 1642 verum
629 1588 798 1642 etiam
855 1589 1033 1642 totius
1086 1590 1330 1659 populos
1390 1590 1459 1642 ad
1527 1589 1826 1659 exsequias

112 1677 288 1731 unius
334 1677 742 1747 congregabat.
806 1676 1098 1731 Sonabant
1132 1678 1357 1747 psalmi,
1395 1681 1451 1731 et
1492 1681 1671 1731 totam
1712 1678 1820 1731 do—

113 1781 297 1832 mum,
368 1765 470 1819 ubi
525 1770 784 1818 sanctum
832 1765 1234 1835 corpusculum
1282 1765 1341 1818 in
1394 1764 1583 1819 medio
1648 1781 1820 1835 super

109 1854 206 1906 illo
243 1869 356 1906 suo
387 1852 570 1907 nobili
598 1852 781 1906 cilicio
809 1852 1187 1923 compositum
1204 1853 1451 1921 jacebat,
1485 1852 1544 1905 in
1575 1853 1819 1907 sublime

108 1957 391 1996 resonans
422 1941 635 1995 letania
691 1957 795 2011 pro
834 1951 1076 1995 exeunte
1126 1941 1318 1995 anima
1347 1941 1660 2012 quatiebat.
1726 1943 1818 1995 In-

107 2032 278 2084 terim
312 2046 381 2083 ex
413 2046 577 2083 more
617 2031 835 2100 regales
863 2036 1138 2101 tanquam
1169 2029 1543 2100 imperatrici,
1587 2047 1703 2084 non
1759 2033 1822 2083 ut

107 2119 489 2189 paupercula
540 2118 820 2172 debentur
901 2118 1102 2181 sorori,
1174 2124 1455 2187 parantur
1510 2118 1818 2188 exsequia,

108 2223 285 2261 aurea
362 2207 575 2261 feretro
635 2206 997 2261 obtendenda
1075 2207 1447 2277 proferuntur
1512 2207 1816 2261 velamina.

110 2297 253 2350 Tum
286 2296 390 2349 illa
445 2296 724 2364 pallentes
760 2295 966 2362 vultus,
1028 2311 1173 2365 quos
1213 2300 1363 2360 ante,
1398 2295 1465 2348 ad
1505 2311 1563 2347 se
1613 2311 1822 2366 sponso

111 2385 372 2437 venienti
404 2383 568 2438 latos
600 2383 951 2450 exhibuerat,
1000 2382 1221 2437 videres
1251 2383 1321 2437 ad
1362 2400 1425 2436 os
1466 2388 1819 2454 retorquere,

114 2489 293 2527 manu
346 2473 600 2527 abnuere
637 2489 649 2527 :
685 2492 713 2523 ι(
760 2471 1016 2526 Amictus
1045 2471 1172 2541 iste,
1214 2471 1312 2539 ait,
1346 2487 1461 2526 non
1507 2476 1591 2525 est
1618 2487 1819 2537 meus;

116 2563 341 2617 auferte
385 2561 540 2627 hinc,
599 2566 833 2614 ornatus
889 2559 983 2614 hic
1011 2560 1230 2613 alienus
1280 2564 1382 2613 est.
1441 2561 1538 2613 His
1595 2565 1824 2613 terreno

118 2668 357 2723 sponso,
398 2650 524 2703 istis
552 2649 765 2704 calesti
820 2650 1087 2720 copulata
1115 2665 1269 2713 sum;
1325 2649 1478 2703 nuda
1542 2649 1612 2703 de
1663 2654 1824 2702 utero

118 2740 324 2793 matris
354 2754 501 2793 mea
534 2753 779 2808 egressa,
830 2737 987 2791 nuda
1038 2737 1329 2808 regrediar
1380 2737 1553 2791 illuc:
1600 2737 1689 2790 his
1746 2737 1825 2790 vi-

118 2830 230 2883 lem
268 2828 501 2881 misera
532 2826 717 2881 carnis
748 2826 1045 2880 materiam
1076 2826 1365 2894 involvite,
1415 2830 1473 2880 et
1511 2841 1825 2896 corpuscu-

118 2919 239 2972 lum
298 2932 497 2970 meum
550 2917 711 2986 juxta
760 2915 1047 2969 tumulum
1087 2914 1279 2969 fratris
1336 2914 1448 2968 mei
1495 2931 1559 2967 ac
1606 2913 1822 2968 domini

1934 537 2256 598 veneratur,
2290 532 2610 602 repositum
2664 538 2748 587 est
2792 533 2925 604 (76).
2968 534 3010 589 Ο
3041 534 3173 588 felix
3208 534 3637 607 Babenbergen-

1934 621 2009 673 sis
2061 621 2324 675 ecclesia!
2392 621 2655 692 recepisti
2719 623 3055 676 thesaurum
3112 639 3285 692 quem
3341 625 3630 678 amiseras.

1937 709 2146 761 Procax
2192 713 2249 762 et
2304 709 2560 762 malefica
2611 709 2813 779 lingua
2868 710 3274 775 detractorum,
3337 713 3634 767 oculorum

1935 796 2266 850 testimonio
2288 798 2575 850 confutata
2622 803 2725 861 est,
2761 798 2897 851 dum
2951 798 3247 867 virginitas
3304 801 3427 871 ejus
3465 802 3635 855 rebus

1935 886 2270 954 approbata,
2342 885 2610 939 sanctitas
2670 886 3111 940 clarescentibus
3184 888 3363 958 signis
3411 889 3634 944 videtur

1935 973 2255 1027 testificata.

2008 1064 2093 1116 13.
2120 1063 2388 1116 Miracula
2408 1067 2530 1132 post
2583 1063 2806 1117 obitum.
2863 1092 2931 1103 —
2987 1061 3323 1118 Christiana
3362 1064 3635 1136 religioni

1934 1149 2241 1219 proficiens
2269 1150 2514 1204 Ecclesia
2545 1150 2728 1204 ﬁdelis
2777 1149 2934 1221 (qua
2992 1149 3053 1202 in
3115 1152 3443 1221 Evangelio,
3494 1170 3631 1208 voce

1936 1237 2163 1292 Domini
2192 1242 2434 1292 testante
2460 1240 2673 1308 (Matth.
2715 1245 2836 1308 xu),
2896 1240 2993 1293 Dei
3066 1243 3248 1293 mater
3281 1245 3338 1295 et
3382 1240 3501 1295 filia
3530 1258 3633 1311 per

1932 1328 2174 1398 gratiam
2204 1327 2568 1381 nominatur:
2606 1333 2786 1381 mater
2830 1324 2975 1398 quia
3014 1334 3224 1382 sancta
3281 1326 3630 1397 operationis

1934 1417 2194 1486 exemplo
2228 1415 2376 1469 filios
2414 1415 2655 1470 Domino
2722 1421 2985 1485 generat;
3018 1416 3161 1483 ﬁlio,
3214 1415 3352 1485 quia
3383 1415 3630 1483 Virginis

1934 1504 2073 1558 Filio
2104 1520 2206 1574 pro
2234 1505 2415 1557 salute
2438 1504 2637 1557 mundi
2670 1504 2984 1568 incarnato,
3027 1504 3355 1559 eruditione
3405 1508 3627 1557 sancto-

1932 1608 2062 1646 rum
2090 1594 2321 1646 Patrum
2353 1592 2611 1661 quotidie
2668 1592 3000 1661 generatur)
3037 1594 3279 1646 salutem
3330 1590 3563 1644 missam
3594 1608 3628 1645 a

1937 1682 2199 1747 Domino,
2229 1681 2469 1735 calestis
2498 1681 2767 1735 archiatri
2818 1680 3111 1736 effectibus
3167 1680 3469 1734 medicina
3499 1680 3625 1749 ple-

1930 1785 2085 1833 nam,
2112 1773 2229 1823 tam
2262 1770 2467 1823 mentis
2494 1785 2668 1839 quam
2694 1770 2948 1841 corporis
2992 1769 3229 1823 auribus
3268 1768 3627 1822 animadver-

1928 1862 2024 1911 tat.
2060 1857 2356 1910 Mundaua
2380 1856 2658 1910 machina
2687 1857 2950 1910 conditor
2986 1857 3242 1911 humano
3291 1854 3489 1924 generi
3525 1870 3628 1923 per

1932 1944 2380 1998 inobedientiam
2456 1945 2613 2015 lapso
2685 1944 3019 2008 condolens,
3092 1948 3155 1996 ut
3206 1948 3442 1997 aterna
3499 1942 3627 1995 vita

1928 2033 2146 2095 fructus
2196 2032 2498 2085 facientem
2536 2047 2737 2085 novam
2790 2032 3223 2101 plantationam,
3264 2030 3477 2083 scilicet
3508 2030 3626 2099 pri-

1928 2120 2189 2175 mitivam
2222 2120 2527 2173 Ecclesiam
2555 2120 2850 2185 insereret,
2896 2119 3246 2190 patriarchas
3294 2122 3351 2171 et
3380 2117 3626 2187 prophe-

1929 2215 2015 2264 tas
2044 2209 2105 2263 in
2136 2209 2418 2261 mundum
2458 2208 2685 2262 mittere
2716 2208 2983 2279 dignatus
3014 2213 3096 2261 est
3126 2223 3140 2261 :
3195 2206 3296 2277 qui
3349 2205 3627 2259 creditum

1930 2298 2039 2351 sibi
2085 2297 2340 2352 officium
2387 2297 2643 2367 quinque
2695 2298 2948 2368 corporis
3004 2296 3284 2359 sensibus,
3333 2298 3626 2364 sextoque,

1932 2386 2032 2457 qui
2064 2396 2148 2439 est
2178 2384 2414 2455 spiritus
2441 2385 2780 2456 prophetia,
2832 2385 3168 2457 mysterium
3220 2381 3629 2438 incarnationis

1932 2474 2162 2540 Christi,
2194 2479 2251 2527 et
2280 2474 2477 2527 omnia
2544 2490 2673 2545 qua
2728 2474 2799 2528 de
2841 2474 2966 2544 ipso
3015 2472 3409 2528 annuntianda
3467 2475 3633 2524 erant

1932 2562 2326 2632 pradicantes,
2359 2562 2456 2615 alii
2479 2563 2785 2632 asperitate
2817 2563 2967 2627 vita,
3001 2561 3126 2615 aliis
3160 2559 3397 2614 diversis
3428 2574 3628 2629 pana-

1933 2666 2062 2703 rum
2095 2649 2391 2715 mortibus,
2425 2649 2534 2718 ipsi
2571 2665 2744 2719 quem
2802 2649 3247 2718 prophetabant,
3289 2647 3629 2699 famulatum

1934 2753 2102 2792 suum
2148 2736 2393 2791 fideliter
2423 2738 2823 2807 impleverunt.
2882 2738 3095 2790 Horum
3160 2736 3321 2789 limes
3375 2733 3631 2788 Christus

1934 2825 2137 2879 aterni
2175 2825 2354 2879 Patris
2384 2825 2644 2893 consilio,
2684 2840 2789 2893 pro
2820 2823 3127 2877 liberandis
3168 2822 3501 2877 hominibus
3561 2822 3630 2875 de

1932 2914 2287 2968 intemerata
2343 2914 2596 2985 Virginis
2666 2919 2827 2968 utero
2895 2913 3188 2984 processit,
3249 2917 3309 2965 ut
3364 2913 3487 2983 jam
3542 2911 3630 2964 in-

123 3004 352 3059 Henrici
374 3001 755 3073 imperatoris,
814 3018 987 3073 quem
1018 3018 1108 3056 me
1141 3002 1261 3072 jam
1294 3005 1590 3055 vocantem
1630 3000 1819 3067 video,
1855 2997 1895 3051 C
1933 3002 2146 3057 cboata
2175 3003 2541 3073 plantationi,
2568 3003 2754 3057 missis
2785 3018 2889 3073 per
2914 3003 3111 3057 orbem
3141 3000 3434 3071 apostolis,
3462 3004 3633 3069 atque

124 3095 179 3148 in
238 3093 483 3164 proprio
540 3093 738 3146 locello
792 3092 1072 3162 reponite.
1135 3112 1157 3139 ι
1196 3093 1289 3145 His
1336 3090 1498 3145 dictis
1529 3092 1589 3144 in
1620 3106 1824 3145 manus

128 3182 359 3236 Domini
390 3181 658 3251 spiritum
707 3195 872 3233 suum
904 3180 1334 3244 commendans,
1384 3179 1455 3233 ad
1500 3195 1669 3232 suum
1696 3178 1822 3231 ani-

128 3288 218 3325 ma
268 3270 552 3325 revolavit
604 3274 917 3331 auctorem,
970 3274 1027 3322 et
1070 3267 1130 3322 in
1156 3267 1455 3338 antiquam
1506 3267 1823 3338 possessio-

128 3375 258 3413 nem
283 3359 384 3413 diu
398 3357 767 3429 peregrinata
787 3356 1149 3411 conscendit:
1180 3357 1346 3410 terris
1380 3361 1620 3410 matrem
1667 3372 1822 3409 com-

130 3464 369 3502 munem
418 3464 477 3501 se
506 3446 763 3501 amisisse
804 3445 1096 3511 ﬂentibus,
1129 3444 1283 3500 caelis
1317 3451 1508 3498 autem
1537 3445 1827 3499 concivem

132 3536 190 3591 in
210 3553 383 3590 suum
406 3536 757 3589 consortium
790 3551 847 3588 se
872 3533 1184 3605 suscepisse
1214 3533 1611 3603 gaudentibus.

204 3628 291 3679 l2.
350 3625 665 3690 Bamberga
727 3623 1001 3692 sepelitur.
1032 3652 1100 3661 —
1134 3623 1214 3675 Ita
1270 3621 1503 3675 demum
1538 3636 1697 3675 sacro
1729 3621 1829 3675 illo

133 3729 375 3785 corpore
404 3713 616 3767 feretro
661 3711 1048 3781 superposito,
1083 3711 1257 3779 longo
1306 3709 1591 3764 nobilium
1630 3709 1828 3763 ordine

133 3807 449 3874 praeunte,
506 3800 700 3855 multis
730 3801 864 3854 hinc
907 3800 1038 3855 inde
1096 3798 1541 3865 conﬂuentibus,
1572 3814 1700 3852 cum
1731 3798 1830 3852 illo

135 3892 239 3947 sibi
298 3906 531 3959 semper
576 3889 1023 3944 familiarissimo
1062 3904 1383 3960 pauperum
1429 3888 1829 3952 contubernio,

136 3982 203 4035 ad
231 3981 429 4034 locum
481 3978 813 4048 Babenberg
841 3978 1151 4047 sepultura
1208 3992 1325 4029 sua
1362 3975 1833 4045 praedestinatum

136 4070 327 4123 felices
351 4067 638 4139 exsequia
670 4083 852 4137 usque
885 4067 1086 4120 delata
1139 4069 1292 4118 sunt.
1348 4066 1493 4119 Tum
1542 4080 1675 4117 vero
1742 4079 1833 4116 re-

136 4157 296 4214 lictas
330 4157 522 4218 urbes,
552 4171 729 4209 vacua
752 4168 910 4223 rura,
947 4154 1230 4208 desolatas
1260 4151 1536 4217 civitates,
1582 4151 1835 4222 undique

138 4261 479 4300 concurrere
519 4244 757 4315 populos
815 4242 1068 4307 videres;
1121 4246 1332 4294 matres
1380 4239 1650 4310 parvulos
1706 4256 1837 4293 suos

140 4335 195 4389 in
227 4333 482 4389 brachiis
514 4336 819 4404 gestantes,
851 4330 1113 4384 infirmos
1163 4329 1223 4382 in
1280 4327 1532 4400 grabatis
1578 4330 1836 4399 jacentes

140 4423 402 4477 sanitatis
429 4421 673 4492 gratiam
713 4435 963 4492 sperare,
996 4417 1219 4472 felicem
1268 4435 1327 4471 se
1362 4417 1613 4482 credere,
1656 4416 1702 4470 si
1745 4416 1837 4470 cui

140 4518 238 4566 aut
262 4511 479 4565 feretro
506 4508 697 4580 jungi,
743 4508 831 4563 vel
855 4508 923 4562 ab
952 4507 1077 4579 ipso
1105 4506 1435 4577 contigisset
1480 4505 1831 4560 obumbrari.

140 4601 398 4655 Tandem
426 4598 487 4652 in
513 4596 806 4651 ecclesiam
837 4596 989 4651 beati
1018 4595 1170 4650 Petri
1208 4594 1455 4665 apostoli
1483 4610 1691 4663 corpus
1721 4609 1838 4647 non

144 4690 267 4744 sine
320 4687 517 4741 labore
568 4686 955 4756 deportatum,
1006 4684 1301 4738 triduanas
1358 4682 1440 4736 ibi
1471 4682 1689 4735 meritis
1723 4682 1839 4735 suis

145 4794 208 4832 ac
233 4774 533 4833 beneficiis
554 4774 866 4846 condignas
918 4773 1120 4828 habuit
1147 4772 1474 4843 exsequias;
1521 4771 1654 4825 filiis
1696 4787 1840 4841 quos

143 4866 267 4937 ipsa
294 4864 412 4918 illic
437 4863 497 4917 in
523 4861 743 4918 Christo
774 4862 1144 4924 adunaverat,
1179 4860 1248 4914 de
1298 4859 1493 4913 matris
1538 4874 1676 4928 pace
1716 4859 1840 4929 jam

145 4952 350 5020 securi,
378 4968 485 5022 pro
534 4968 593 5004 se
627 4955 820 5006 autem
852 4949 1080 5004 solliciti
1126 4950 1475 5003 incessanter
1504 4946 1842 5017 psallebant,

147 5043 285 5097 dum
338 5056 468 5094 eam
523 5038 632 5093 sibi
687 5039 759 5093 ad
806 5039 1007 5092 horam
1053 5038 1401 5091 subtractam
1455 5035 1578 5089 sine
1638 5034 1842 5090 timore

148 5128 494 5195 amissionis,
552 5128 614 5182 in
672 5144 773 5198 spe
818 5131 1112 5198 perpetua
1170 5124 1502 5179 incessionis
1564 5125 1842 5193 recepisse

145 5218 500 5290 plaudebant
557 5233 569 5271 :
631 5222 816 5271 mater
862 5217 931 5270 de
980 5216 1120 5270 calo
1165 5215 1416 5269 filiorum
1470 5218 1844 5283 prospectans

148 5308 414 5363 affectum
473 5305 782 5375 gaudebat.
847 5306 931 5359 Ita
998 5304 1247 5358 velatum
1326 5317 1548 5355 sacrum
1617 5316 1841 5371 corpus,

150 5396 322 5451 sacris
367 5394 637 5459 vestibus,
703 5394 1027 5448 diademate
1067 5390 1276 5447 Christi
1336 5389 1509 5460 capiti
1563 5405 1846 5460 superpo—

220 5504 337 5572 (76)
390 5501 565 5557 Multa
612 5500 706 5555 hic
753 5500 1174 5572 interseruntur
1224 5497 1285 5552 in
1312 5495 1680 5572 ltruxellensi
1725 5496 1845 5572 edi:

156 5566 329 5639 tione,
414 5572 485 5627 de
540 5587 677 5626 voce
729 5571 942 5626 scilicet
994 5570 1188 5625 audita
1223 5568 1445 5624 calitus
1522 5567 1581 5621 in
1636 5566 1847 5621 tumuli

1934 3090 2002 3145 de
2056 3107 2159 3145 suo
2222 3107 2461 3161 corpore
2518 3091 2643 3145 fuso
2694 3106 2897 3145 cruore
2946 3090 3297 3155 fabricatam,
3350 3087 3633 3141 novellam

1935 3179 2423 3249 superadificaret
2497 3179 2823 3246 Ecclesiam,
2905 3195 3034 3250 qua
3090 3182 3296 3233 sancta
3343 3175 3635 3231 Trinitatis

1935 3266 2048 3320 fide
2078 3267 2322 3333 imbuta,
2371 3273 2429 3321 et
2476 3268 2752 3321 mundata
2795 3266 3067 3338 baptismi
3091 3266 3291 3337 gratia,
3328 3268 3625 3334 martyres,

1936 3356 2306 3422 confessores,
2351 3361 2407 3409 et
2434 3356 2647 3409 infirmi
2701 3372 2863 3409 sexus
2911 3355 3160 3423 virgines
3191 3354 3384 3408 animo
3442 3357 3634 3406 tamen

1936 3449 2277 3509 constantes,
2312 3443 2596 3513 primitias
2626 3444 2853 3498 obtulit.
2888 3443 3043 3497 Inter
3081 3459 3223 3513 quas
3254 3442 3419 3495 beata
3445 3442 3636 3494 Cune—

1937 3533 2168 3603 gundis,
2217 3532 2323 3586 flos
2381 3531 2871 3603 Babenbergensis
2917 3531 3201 3600 Ecclesia,
3267 3546 3395 3584 cum
3444 3532 3636 3582 sancto

1940 3619 2201 3686 Henrico,
2231 3620 2331 3690 qui
2362 3620 2753 3674 Romanorum
2784 3620 3096 3690 imperium
3122 3618 3326 3685 tenuit,
3355 3618 3461 3671 sub
3505 3633 3638 3670 con-

1934 3708 2079 3779 jugii
2153 3708 2359 3779 specie,
2409 3708 2720 3763 immortali
2782 3725 2991 3779 sponso
3061 3712 3229 3762 casta
3294 3704 3639 3776 virginitatis

1939 3798 2157 3852 honore
2216 3797 2483 3851 deservit.
2548 3798 2705 3853 Unde
2734 3798 2855 3867 jam
2896 3798 3020 3868 ejus
3060 3795 3373 3850 sanctitatis
3438 3793 3640 3848 merita

1941 3900 2045 3954 per
2095 3885 2295 3938 orbem
2355 3885 2653 3939 manifesta
2700 3885 3082 3939 declaratione
3138 3886 3458 3954 apparent:
3505 3880 3641 3951 quia

1942 3975 2001 4028 in
2033 3974 2157 4028 loco
2199 3973 2302 4027 ubi
2359 3978 2617 4027 sanctum
2668 3975 2791 4045 ejus
2838 3990 3047 4044 corpus
3102 3971 3364 4043 quiescit,
3424 3967 3644 4023 infirmi

1944 4077 2286 4134 quacunque
2332 4062 2661 4116 laborantes
2711 4061 3051 4131 agritudine
3110 4061 3418 4115 sanitatem
3498 4057 3642 4111 reci-

1943 4152 2135 4221 piunt.
2167 4151 2238 4205 Ut
2268 4155 2462 4204 autem
2521 4151 2591 4205 ad
2621 4151 2816 4205 omnia
2866 4154 3039 4204 testes
3085 4146 3402 4202 cautissimi
3440 4146 3641 4213 simus,

1948 4239 2203 4294 veritatis
2235 4239 2585 4293 amatoribus
2635 4238 2789 4292 atati
2841 4241 3050 4290 nostra
3084 4234 3539 4298 succedentibus,
3574 4235 3643 4287 de

1945 4329 2034 4383 his
2057 4344 2187 4399 qua
2213 4327 2513 4381 scribimus
2547 4327 2771 4380 curiose
2800 4324 3229 4394 indagantibus,
3280 4321 3499 4375 scilicet
3528 4337 3643 4391 quo

1945 4422 2206 4487 tempore
2278 4432 2453 4485 opera
2511 4415 2874 4469 curationum
2954 4412 3207 4484 prafata
3265 4409 3644 4481 imperatricis

1945 4504 2176 4559 initium
2208 4504 2532 4571 habuerint,
2556 4503 2833 4573 largiente
2862 4501 3100 4556 Domino
3132 4502 3302 4571 prout
3316 4511 3644 4569 possumus,

1946 4594 2213 4648 volumus
2242 4591 2524 4662 explicare
2538 4633 2551 4646 .

2023 4683 2106 4737 14.
2135 4684 2539 4749 Euergumenus
2570 4681 2854 4735 liberatur.
2889 4683 2959 4735 Et
2984 4679 3086 4735 alii
3114 4680 3182 4733 ab
3236 4678 3364 4733 aliis
3420 4676 3641 4731 morbis.

1949 4775 2113 4826 Anno
2150 4770 2485 4823 .Dominica
2550 4770 2957 4824 incarnationis
3008 4772 3163 4834 1189,
3221 4764 3533 4821 indictione
3595 4776 3649 4831 li,

1950 4860 2221 4914 Tiemoue
2299 4856 2467 4911 tertio
2556 4857 2777 4912 decimo
2847 4854 3334 4927 Babenbergensis
3393 4851 3650 4907 Ecclesia

1954 4948 2246 5019 episcopo,
2291 4950 2497 5016 quarto
2536 4945 2905 5016 pontificatus
2936 4945 3025 4999 sui
3070 4960 3245 5010 anno,
3287 4943 3355 4997 ad
3415 4941 3653 4994 Vincula

1953 5036 2131 5090 sancti
2162 5033 2332 5099 Petri,
2374 5049 2446 5088 ne
2478 5033 2547 5087 de
2585 5034 2883 5087 sanctitate
2930 5035 3383 5102 pramemorata
3412 5027 3652 5098 virginis

1953 5124 2399 5194 ambigeremus,
2455 5122 2754 5193 signorum
2830 5120 3182 5190 experientia
3242 5117 3649 5172 certificatisu-

1955 5230 2102 5267 mus.
2129 5213 2270 5267 Nam
2308 5212 2445 5265 dum
2476 5212 2641 5265 solito
2667 5226 2826 5264 more
2883 5209 3129 5280 populus
3177 5207 3248 5262 ad
3312 5203 3653 5276 pradictum

1955 5304 2140 5357 locum
2171 5300 2496 5355 orationum
2550 5305 2607 5355 et
2659 5298 2987 5371 vigiliarum
3042 5312 3213 5351 causa
3276 5292 3652 5357 convenisset,

1955 5390 2137 5444 adfuit
2206 5389 2439 5460 quidam
2519 5387 2903 5443 damoniacus
2949 5388 3017 5440 de
3078 5384 3211 5439 villa
3271 5399 3401 5455 qua
3450 5380 3656 5436 dicitur

1957 5494 2271 5565 apertione,
2303 5510 2416 5564 qua
2453 5496 2696 5550 Henrico
2746 5492 3185 5565 pracipiebatur
3239 5494 3303 5543 ut
3342 5491 3527 5543 locum
3559 5502 3655 5540 ce—

1960 5567 2123 5620 deret
2151 5566 2512 5635 Cunegundi.
