3938 6322
241 306 345 356 215

1232 302 1384 355 VITA
1425 299 1482 352 S.
1525 299 1987 365 CUNEGUNDIS,
2032 296 2148 352 UBI
2189 296 2277 351 DE
2317 294 2374 347 S.
2419 293 2750 348 HENRICO.

3649 292 3755 344 216

243 423 474 478 Dierrut
502 424 630 492 (77),
660 422 759 492 qui
789 438 892 474 nec
922 421 1193 492 pietatem
1216 436 1548 491 agnoscens,
1609 436 1715 474 nec
1760 421 1942 473 scelus
1971 422 2014 472 Α
2053 417 2264 488 ptismo
2321 415 2673 480 defunctum,
2732 430 2907 478 supra
2961 415 3222 470 tumbam
3267 415 3447 469 beatae
3509 414 3758 484 virginis

243 512 582 578 abhorrens,
612 511 798 563 filium
833 526 1002 563 suum
1055 509 1189 579 igne
1220 513 1587 562 cremaverat.
1641 508 1740 562 Hic
1783 507 1944 560 duris

244 599 477 653 funibus
508 597 769 650 astrictus
799 597 866 650 ad
937 599 1264 666 sepulcrum
1326 603 1534 650 sanctae
1576 595 1944 666 Cunegundis

245 686 325 738 ita
361 701 755 739 mansuescere
806 684 994 756 coepit,
1059 691 1118 736 ut
1150 685 1342 739 furiali
1392 684 1590 738 morbo
1649 683 1942 736 absolutus

248 774 427 826 Deum
455 773 909 841 omnipotentem
946 773 1234 839 laudaret;
1289 773 1456 842 eique
1496 773 1660 841 cujus
1706 770 1945 840 patroci-

247 862 520 915 nantibus
561 861 777 914 meritis
837 861 957 914 haec
1010 861 1116 914 sibi
1173 861 1440 915 accidisse
1498 859 1784 930 cognovit,
1814 874 1944 911 cum

247 955 491 1014 caterva,
535 965 664 1017 quae
719 965 972 1018 praesens
1011 952 1286 1015 astiterat,
1333 948 1550 1002 debitas
1601 947 1950 1000 acclamabat

249 1037 464 1089 laudes.
528 1035 708 1104 Igitur
765 1037 900 1090 dum
957 1038 1076 1089 haec
1134 1041 1250 1090 tam
1303 1035 1439 1089 clcri
1520 1051 1692 1106 quam
1750 1033 1948 1105 pepuli

248 1124 492 1177 solemni
533 1125 835 1178 devotione
866 1130 1189 1194 agerentur,
1233 1129 1345 1177 tres
1376 1123 1672 1188 contracti,
1705 1139 1854 1176 unus
1888 1122 1947 1174 in

250 1212 524 1265 suburbio
555 1213 624 1265 de
659 1212 923 1283 hospitali
973 1212 1151 1264 sancti
1193 1212 1395 1281 [Egidii
1425 1211 1556 1282 (78),
1625 1210 1726 1280 qui
1764 1211 1948 1278 magis

250 1303 528 1371 reptando
569 1317 741 1371 quam
768 1301 1024 1353 scabellis
1057 1301 1415 1364 volvebatur;
1475 1301 1616 1353 alter
1645 1300 1713 1352 de
1777 1299 1948 1352 domo

252 1391 543 1443 Chunradi
602 1390 835 1458 majoris
866 1389 1117 1442 ecclesiae
1174 1388 1497 1457 praepositi;
1554 1387 1752 1441 tertius
1811 1387 1950 1440 item

255 1478 324 1530 de
356 1479 526 1532 domo
583 1478 802 1532 Ottonis
835 1477 892 1530 in
924 1477 1124 1530 eadem
1156 1476 1391 1530 ecclesia
1434 1476 1716 1540 canonici,
1777 1490 1950 1545 super

255 1567 578 1635 sepulcrum
640 1566 820 1619 beatae
867 1565 1104 1634 virginis
1133 1565 1325 1634 positi,
1399 1565 1469 1618 ab
1536 1564 1708 1617 unius
1755 1564 1950 1618 dolore

253 1653 534 1723 passionis
585 1669 700 1706 una
748 1653 918 1706 erecti
966 1657 1100 1706 sunt
1131 1668 1306 1705 manu
1362 1652 1570 1706 divinae
1617 1652 1944 1706 curationis.

256 1741 456 1795 Mulier
476 1741 807 1811 paralytica,
836 1747 892 1795 et
912 1742 1089 1795 altera
1118 1741 1566 1795 sanctimonialis
1594 1741 1706 1809 (79)
1736 1740 1950 1794 femina

257 1846 370 1883 uno
395 1829 541 1899 pede
571 1830 915 1894 claudicans,
949 1835 1002 1884 et
1042 1831 1278 1884 claudus
1306 1830 1375 1884 de
1428 1835 1612 1883 castro
1673 1829 1826 1900 quod
1866 1829 1950 1883 di-

254 1919 402 1971 citur
431 1917 570 1982 Giet,
605 1922 733 1987 post
768 1924 1236 1972 momentaneam
1299 1917 1620 1971 orationem
1685 1917 1773 1970 vix
1803 1933 1954 1970 com-

256 2007 490 2076 pletam,
532 2005 592 2058 in
640 2005 765 2075 ipsa
812 2011 977 2059 nocte
1026 2009 1205 2059 curati
1239 2009 1391 2059 sunt.
1455 2007 1604 2059 Puer
1643 2005 1736 2059 cui
1794 2009 1954 2058 tanta

256 2095 651 2148 membrorum
699 2094 969 2148 mollities
1001 2094 1203 2159 inerat,
1237 2099 1301 2148 ut
1329 2110 1475 2164 pene
1505 2093 1727 2147 ossibus
1759 2109 1953 2147 carere

261 2188 586 2252 putaretur;
612 2184 756 2236 alter
785 2183 854 2236 de
914 2182 1274 2250 Lincendorf,
1307 2183 1486 2236 macie
1542 2182 1787 2235 deformi
1817 2199 1954 2235 con-

257 2275 536 2340 sumptus,
600 2285 860 2339 gressum
926 2274 982 2322 et
1065 2269 1339 2339 loquendi
1423 2269 1698 2334 officium,
1745 2269 1955 2340 quibus

258 2359 492 2413 omnino
520 2374 775 2427 caruere,
809 2363 1166 2428 receperunt.
1195 2358 1390 2412 Puella
1420 2358 1649 2411 sciatica
1697 2358 1766 2411 de
1799 2358 1954 2411 Gise-

265 2449 425 2501 nuelt
455 2446 582 2519 [al.,
639 2446 902 2518 Gisfeld],
950 2448 1194 2501 necdum
1249 2447 1464 2500 tumbae
1508 2446 1730 2516 ingesta
1785 2462 1958 2499 sacrae

257 2540 491 2606 pr0pter
537 2535 765 2588 turbam
816 2553 828 2588 :
886 2551 1030 2605 puer
1075 2552 1140 2588 ex
1198 2533 1582 2588 contractione
1651 2550 1958 2588 nervorum

262 2639 460 2676 carens
510 2622 698 2676 officio
774 2623 1016 2692 pedum;
1076 2622 1268 2693 puella
1340 2623 1409 2676 de
1472 2621 1800 2676 Nuornberc
1849 2622 1958 2692 (80)

264 2712 457 2781 planta
513 2711 674 2780 pedis
721 2727 946 2764 sursum
1011 2727 1262 2778 recurva,
1337 2711 1596 2781 geniculo
1641 2714 1957 2777 contracto;

266 2800 403 2853 item
435 2799 503 2852 de
535 2799 740 2853 eodem
791 2815 936 2869 pago
962 2800 1151 2869 puella
1205 2815 1441 2852 manum
1494 2799 1712 2852 aridam
1744 2797 1962 2851 habens

264 2888 415 2940 inter
445 2887 733 2941 orationes
765 2893 822 2940 et
852 2887 1069 2956 vigilias
1094 2887 1278 2940 curati
1307 2892 1460 2941 sunt.

2052 522 2168 560 non
2189 505 2311 560 sine
2338 521 2436 576 spe
2473 503 2908 558 resurrectionis
2956 504 3167 574 posuit.
3201 505 3400 558 Testor
3448 520 3607 569 eum,
3654 503 3759 573 qui

2055 601 2140 648 est
2184 593 2605 664 primogenitus
2632 598 3010 660 mortuorum,
3045 592 3145 662 qui
3181 598 3441 646 mortuos
3495 593 3756 654 suscitat,

2056 682 2153 736 ubi
2213 681 2553 736 miserabilis
2617 681 2885 735 omnibus
2950 687 3134 734 mater
3208 681 3488 748 exstincti,
3542 687 3759 734 sanctae

2055 769 2294 840 virginis
2362 785 2568 822 nomen
2625 768 2992 837 Cunegundis
3067 768 3477 838 ingeminando
3537 769 3759 821 multos

2057 860 2223 913 fletus
2250 858 2477 927 effudit;
2511 875 2680 926 quem
2715 857 3031 911 exanimem
3063 863 3358 926 posuerat,
3390 857 3458 910 de
3491 857 3759 927 sepulcro

2056 947 2246 1000 vivum
2300 945 2519 998 levavit.
2557 944 2693 1008 Quis
2725 963 2782 998 se
2812 961 2844 997 a
2899 944 3186 1015 lacrymis,
3214 945 3345 1014 quis
3405 959 3438 997 a
3483 943 3759 997 laudibus

2059 1033 2412 1089 contineret?
2438 1035 2558 1087 Una
2587 1050 2691 1086 vox
2710 1033 2993 1098 omnium,
3028 1039 3089 1086 ut
3116 1032 3387 1103 frequens
3421 1033 3592 1086 turba
3620 1031 3760 1085 Sab~

2058 1123 2191 1176 bato
2213 1121 2592 1176 conﬂuxerat.
2616 1120 2808 1185 Qualis
2830 1126 2916 1173 est
2941 1120 3099 1173 lraac?
3125 1136 3298 1190 quam
3330 1126 3541 1179 sancta,
3577 1134 3759 1188 quam

2064 1212 2174 1264 Deo
2195 1211 2392 1264 chara!
2427 1226 2555 1280 quas
2585 1210 2815 1264 claudos
2844 1225 3094 1275 currere,
3129 1225 3307 1262 caecos
3328 1209 3537 1276 videre,
3564 1212 3762 1260 mutos

2060 1299 2238 1370 loqui,
2280 1299 2552 1353 exstincta
2592 1313 2823 1368 quoque
2874 1297 3131 1351 membra
3189 1296 3529 1350 reviviscere
3587 1294 3754 1348 facit!

2063 1390 2261 1442 Beatus
2308 1392 2505 1440 venter
2563 1387 2665 1457 qui
2712 1387 2859 1440 hanc
2914 1385 3190 1457 portavit;
3223 1384 3524 1438 benedicta
3554 1401 3585 1436 a
3649 1386 3760 1436 Do-

2060 1477 2218 1530 mino
2251 1476 2429 1529 ubera
2453 1491 2577 1545 quae
2615 1475 2762 1528 hanc
2813 1475 3195 1539 lactaverunt;
3246 1473 3313 1527 de
3359 1470 3765 1526 benedictione

2055 1565 2175 1635 jam
2198 1563 2405 1617 saeculo
2433 1563 2697 1633 pereunti
2725 1569 2883 1616 tanta
2912 1562 3225 1632 gratiarum
3257 1577 3498 1615 munera
3529 1561 3767 1614 efﬂuxe-

2060 1657 2212 1707 runt.

2139 1743 2220 1793 t7.
2255 1741 2390 1796 Item
2440 1738 2753 1807 suﬂ’ocatus.
2787 1769 2856 1778 —
2905 1737 3075 1794 Aliud
3120 1753 3239 1791 non
3294 1736 3430 1791 huic
3488 1735 3770 1790 dissimili

2062 1827 2313 1898 signum,
2347 1827 2460 1880 alio
2507 1843 2642 1881 vero
2673 1837 2879 1881 eventu
2913 1827 2973 1880 in
3026 1826 3238 1881 trienni
3287 1842 3489 1896 puero,
3523 1825 3584 1879 in
3635 1825 3768 1878 vico

2063 1917 2356 1971 Grunberc
2403 1915 2752 1970 celebratum
2806 1920 2908 1981 est,
2971 1915 3070 1986 qui
3124 1932 3158 1969 a
3239 1931 3405 1968 mane
3444 1930 3628 1986 usque
3690 1914 3768 1968 ad

2063 2021 2361 2075 vesperam
2415 2004 2474 2057 in
2534 2005 2733 2058 limoso
2787 2005 2914 2057 lacu
2967 2004 3274 2057 suffocatus
3341 2002 3538 2072 jacuit,
3570 2001 3674 2056 ubi
3736 2018 3775 2054 a

2065 2093 2402 2148 mulieribus
2424 2094 2528 2146 sub
2559 2093 2663 2146 lini
2715 2092 2996 2146 fasciculis
3027 2097 3289 2162 repertus
3320 2095 3376 2143 et
3404 2089 3770 2156 sublevatus,

2065 2183 2246 2237 multo
2295 2181 2636 2252 ejulantium
2691 2182 2970 2235 comitatu
3002 2181 3238 2234 domum
3297 2195 3479 2249 usque
3537 2179 3775 2232 delatus

2065 2277 2168 2326 est.
2200 2271 2321 2326 Illic
2343 2285 2446 2340 per
2476 2275 2702 2324 noctem
2736 2269 3009 2340 lugubres
3062 2267 3403 2338 parentibus
3457 2266 3770 2337 exsequias

2066 2359 2506 2426 celebrantibus,
2567 2359 2665 2413 ubi
2727 2375 2894 2412 mane
2951 2357 3211 2411 sacerdos
3249 2356 3506 2411 debitum
3549 2356 3773 2409 huma-

2066 2448 2265 2503 nitatis
2322 2448 2610 2518 complere
2669 2447 2868 2513 astitit,
2923 2447 3171 2515 populus
3228 2445 3328 2514 qui
3385 2445 3601 2507 aderat,
3663 2443 3778 2514 qui

2061 2539 2184 2609 jam
2213 2537 2397 2591 multa
2426 2537 2496 2590 de
2541 2536 2719 2606 signis
2768 2536 2950 2590 beatae
3009 2533 3376 2604 Cunegundis
3432 2533 3654 2586 viderat
3711 2537 3777 2585 et

2068 2626 2346 2690 audierat,
2382 2626 2749 2696 praesentiam
2780 2625 2912 2677 illus
2951 2623 3058 2677 sibi
3107 2623 3304 2676 adesse
3331 2622 3391 2675 iu
3424 2621 3604 2674 multa
3664 2636 3773 2690 spe

2071 2714 2446 2769 exauditionis
2477 2713 2779 2783 rogitabat.
2815 2713 3014 2767 Mirum
3043 2713 3103 2765 in
3131 2712 3367 2765 modum
3401 2725 3545 2779 puer
3573 2725 3774 2762 annu-

2070 2804 2248 2857 larem
2267 2802 2510 2872 digitum
2536 2817 2762 2855 movere
2778 2801 2966 2871 coepit,
2986 2805 3060 2866 et,
3090 2800 3449 2868 stupentibus
3469 2798 3773 2866 omnibus,

2071 2897 2201 2962 post
2230 2891 2479 2960 spatium
2509 2891 2680 2944 unius
2728 2892 2882 2944 hora:
2912 2905 3083 2942 sanus
3114 2890 3374 2942 surrexit.
3418 2887 3598 2957 Hujus
3628 2887 3776 2940 facti

341 2979 424 3028 15.
461 2974 700 3038 Quidam
730 2991 832 3044 pro
864 2991 1010 3044 equo
1043 2975 1240 3028 furtim
1272 2975 1493 3028 sublato
1523 2975 1678 3045 apud
1708 2977 1959 3028 Werram
1991 2978 2032 3032 C
2067 2980 2320 3051 primum
2350 2980 2470 3049 ipse
2500 2979 2758 3033 sacerdos
2787 2979 2891 3032 sub
2923 2978 3088 3043 stola,
3133 2977 3340 3031 deinde
3388 2976 3600 3029 milites
3633 2981 3773 3029 octo

269 3062 528 3128 fluvium,
585 3064 643 3115 in
697 3063 816 3115 vico
865 3063 965 3133 qui
1021 3063 1229 3116 dicitur
1283 3065 1576 3133 Wasegen,
1651 3064 1957 3133 suspendio

266 3151 526 3204 addictus
552 3155 654 3204 est.
689 3151 796 3214 Qui
818 3151 878 3204 in
909 3157 1193 3205 tormento
1253 3152 1492 3221 positus,
1548 3168 1680 3205 voce
1708 3168 1823 3222 qua
1862 3169 1960 3221 po-

266 3244 449 3301 terat.‘
491 3239 672 3292 beatae
703 3240 1072 3310 Cunegundis
1113 3239 1351 3311 virginis
1406 3256 1572 3293 aures
1630 3241 1954 3311 appellavit,

268 3327 429 3396 cujus
460 3329 632 3380 etiam
662 3327 988 3381 festinatam
1017 3344 1184 3398 opem
1240 3327 1349 3382 sibi
1380 3329 1576 3382 adesse
1636 3329 1955 3397 praesensit,

270 3416 473 3469 Divina
501 3416 654 3468 enim
713 3416 937 3478 virtute,
983 3417 1080 3470 ubi
1116 3417 1363 3487 populus
1417 3417 1782 3486 abscesserat,
1829 3417 1960 3471 vin-

268 3505 394 3558 cula
423 3521 694 3557 manuum
743 3505 1016 3559 dissoluta
1065 3511 1218 3571 sunt,
1261 3510 1314 3560 et
1346 3505 1467 3576 ipse
1525 3507 1632 3560 sibi
1692 3507 1959 3577 laqueum

267 3594 580 3662 deponens,
643 3593 703 3646 in
741 3593 1024 3647 civitatem
1083 3611 1360 3662 reversus,
1429 3594 1646 3648 cunctis
1705 3595 1958 3666 ereptio-

270 3697 403 3734 nem
435 3681 540 3746 sui,
573 3681 712 3734 dans
743 3681 988 3751 gloriam
1041 3683 1156 3735 Deo
1207 3687 1262 3736 et
1288 3699 1406 3736 suae
1461 3682 1744 3736 salvatrici
1786 3699 1957 3753 expo-

271 3769 401 3822 suit.
437 3770 692 3834 Quorum
723 3770 878 3823 fideli
910 3771 1238 3824 testimonio
1269 3771 1334 3824 ad
1369 3787 1474 3824 nos
1508 3787 1684 3842 usque
1716 3771 1956 3838 delatus,

269 3859 338 3911 ad
371 3874 602 3911 censum
627 3859 881 3929 quinque
932 3859 1302 3912 denariorum
1360 3877 1393 3912 a
1431 3859 1547 3913 suis
1607 3860 1953 3930 parentibus.

273 3953 333 4000 ut
376 3947 598 4015 pridem
656 3947 793 4000 dum
851 3947 1239 4015 damnaretur,
1274 3965 1377 4017 pro
1433 3948 1557 4018 ipso
1594 3949 1955 4010 devoverant,

270 4036 575 4106 inscriptus
607 4041 710 4089 est.
767 4036 936 4105 Apud
970 4053 1070 4088 nos
1102 4051 1331 4106 quoque
1362 4053 1475 4089 non
1514 4036 1647 4090 huic
1683 4036 1961 4090 dissimile

271 4126 339 4178 de
370 4125 593 4178 servulo
625 4124 898 4195 quodam,
961 4125 1095 4177 dum
1151 4125 1492 4194 illaqueatus
1569 4125 1638 4177 ab
1694 4124 1961 4177 omnibus

2065 3069 2170 3124 sub
2225 3073 2602 3136 sacramento,
2673 3069 2797 3137 ipso
2851 3083 3031 3137 puero
3110 3066 3168 3119 in
3230 3065 3480 3120 medium
3556 3066 3774 3130 locato,

2066 3174 2198 3212 cum
2255 3159 2414 3212 omni
2468 3157 2793 3228 frequentia
2840 3173 2957 3210 suae
3013 3155 3216 3226 plebis,
3283 3160 3454 3209 testes
3526 3154 3595 3208 ad
3657 3169 3774 3206 nos

2065 3253 2367 3301 venerunt.

2142 3339 2226 3390 l8.
2263 3337 2400 3389 Item
2434 3335 2635 3404 puella.
2671 3363 2738 3375 —
2788 3335 2982 3388 Puella
3041 3333 3333 3405 septennis
3382 3332 3443 3386 in
3488 3331 3777 3402 parochia

2069 3424 2404 3485 Liuberstat,
2441 3422 2578 3475 dum
2607 3422 2679 3476 ad
2708 3423 2924 3474 fontem
2953 3421 3179 3475 incaute
3217 3419 3494 3486 hauriret,
3550 3418 3774 3472 infelici

2069 3528 2201 3567 casu
2231 3512 2526 3565 submersa
2558 3517 2662 3564 est.
2716 3510 2896 3574 Quam
2955 3526 3083 3563 cum
3142 3511 3213 3564 ad
3260 3525 3363 3562 sua
3413 3525 3446 3562 a
3501 3507 3774 3561 crucibus

2068 3601 2342 3670 homines
2369 3599 2611 3653 fuissent
2639 3598 2870 3666 reversi,
2905 3615 3037 3652 nam
3078 3598 3197 3652 dies
3258 3597 3642 3669 Rogationum
3677 3596 3776 3650 in-

2069 3690 2314 3755 stabant,
2363 3689 2432 3742 de
2483 3687 2637 3741 fonte
2697 3687 3025 3741 exstinctam
3076 3687 3346 3752 levantes,
3389 3690 3517 3755 post
3562 3689 3772 3739 votum

2070 3779 2139 3832 ad
2204 3777 2544 3832 memoriam
2603 3777 2786 3830 beatae
2871 3775 3240 3847 Cunegundis
3306 3776 3541 3843 factum,
3589 3790 3772 3844 quam

2068 3864 2737 3922 dudumlamentabatur
2805 3870 3112 3932 mortuam,
3171 3879 3288 3917 non
3341 3863 3463 3916 sine
3503 3863 3774 3917 laudibus

2071 3956 2276 4010 divinis
2303 3955 2587 4008 viventem
2632 3953 3082 4007 admirabantur.
3116 3954 3180 4006 In
3227 3953 3333 4006 hac
3362 3952 3539 4005 trium
3596 3967 3769 4006 resu-

2069 4045 2363 4098 scitatione
2391 4049 2772 4108 mortuorum,
2805 4057 2935 4094 cum
2986 4045 3041 4094 et
3095 4041 3207 4094 alia
3235 4040 3350 4093 duo
3400 4056 3640 4109 corpora
3701 4043 3772 4095 ad

2068 4132 2484 4188 invocationem
2521 4136 2729 4185 sanctae
2755 4129 3130 4200 imperatricis
3170 4129 3424 4197 ejusdem
3456 4129 3588 4182 vitae
3639 4130 3774 4182 red-

274 4219 532 4267 mm'mus
578 4220 896 4282 Ρυῐεπθίυτν
957 4213 1183 4283 Signum
1245 4213 1528 4283 apparuit
1607 4214 1750 4267 Nam
1834 4219 2034 4304 POSl-D
2075 4222 2213 4287 dita,
2275 4221 2568 4273 verissima
2641 4219 2872 4272 testium
2923 4217 3338 4288 approbatione
3386 4233 3450 4271 ac
3505 4215 3773 4286 ipsorum

271 4303 508 4372 ejectum
537 4301 778 4361 urinam,
821 4301 971 4372 quod
1002 4301 1231 4370 signum
1260 4301 1462 4355 mortis
1513 4301 1568 4354 in
1600 4302 1808 4355 talibus
1837 4309 1960 4356 tor~

274 4391 484 4444 mentis
533 4397 636 4459 est,
693 4390 910 4445 cunctis
970 4390 1286 4443 astantibus
1343 4390 1636 4460 inspirataa
1683 4391 1853 4444 saluti
1899 4408 1963 4445 ac

274 4479 401 4533 vitae
461 4479 754 4533 restitutus
811 4485 910 4532 est.
970 4479 1088 4532 Tali
1156 4478 1324 4532 modo
1379 4479 1531 4549 apud
1584 4480 1960 4546 Rottenburc,

270 4568 567 4638 imperiale
615 4573 885 4635 castrum,
953 4568 1064 4620 duo
1096 4567 1343 4621 absoluti
1373 4570 1686 4622 multorum
1731 4573 1959 4623 attesta-

273 4655 424 4712 tione
441 4674 618 4728 usque
646 4658 711 4710 ad
745 4673 846 4709 nos
878 4662 1278 4725 pervenerunt.

348 4750 431 4800 l6.
466 4749 606 4800 Puer
639 4752 880 4799 mortuus
906 4747 1275 4800 resuscitatus.
1335 4776 1402 4788 -—-
1461 4747 1616 4813 Mira,
1652 4753 1710 4800 at
1740 4747 1816 4800 nil
1850 4747 1962 4800 Deo

272 4833 590 4905 impossibil
620 4850 670 4898 e,
702 4840 758 4886 et
784 4834 972 4887 forsan
997 4839 1204 4888 nostrae
1224 4835 1377 4889 aetati
1408 4833 1765 4888 incredibilia
1790 4834 1967 4888 dictu-

276 4941 371 4976 rus
401 4940 547 4989 sum,
583 4923 679 4976 sed
707 4927 824 4975 tota
867 4923 1484 4992 Bambcnbergensium
1547 4923 1740 4976 civitas
1795 4922 1966 4991 hujus

275 5011 403 5065 facti
439 5027 637 5081 expers
668 5028 784 5064 non
813 5012 938 5064 fuit.
979 5011 1177 5065 Mulier
1207 5012 1276 5065 de
1306 5012 1564 5082 proxima
1620 5011 1755 5064 villa
1814 5013 1963 5064 Elrin

275 5100 593 5170 vagientem
651 5116 842 5165 suum,
893 5100 1041 5153 infra
1091 5100 1470 5170 quadraginta
1504 5099 1623 5152 dies
1690 5098 1810 5152 sine
1867 5099 1967 5152 ha-

346 5257 454 5324 (77)
495 5257 681 5311 Editiu
717 5257 1078 5310 Lovaniensis
1111 5260 1360 5326 Beyrent.
1402 5256 1544 5310 Aliis
1576 5259 1857 5325 Beyrrent.

348 5328 459 5397 (78)
489 5329 795 5383 Conditum
830 5328 937 5380 fuit
967 5329 1036 5382 ad
1087 5330 1258 5398 pedes
1307 5327 1509 5382 Montis
1563 5327 1968 5381 Monachorum

275 5415 307 5450 a
338 5399 503 5469 beato
535 5398 743 5452 Ottone
776 5399 1180 5469 Bainbergensi
1245 5399 1530 5467 episcopo,
1594 5402 1651 5449 ut
1675 5468 1680 5469 ί
1706 5404 1972 5452 narratur

274 5469 332 5521 in
363 5468 542 5537 ipsius
572 5470 710 5522 Vitae
752 5469 844 5523 lib.
887 5486 928 5536 ι,
962 5468 1082 5540 cap.
1113 5474 1202 5531 27,
1235 5469 1324 5521 cui
1378 5468 1722 5521 monasterio
1773 5469 1967 5523 subdi-

276 5544 398 5593 tum
431 5541 538 5594 fuit
577 5556 640 5592 ex
674 5557 796 5610 cap.
819 5542 1102 5612 sequenti.

2073 4325 2387 4380 puerorum
2441 4308 2881 4378 przesentatione
2944 4305 3397 4376 cognoverimus,
3471 4306 3601 4376 quis
3658 4307 3773 4360 nisi

2073 4403 2269 4452 sancta
2332 4397 2574 4452 Trinitas
2650 4401 2883 4467 operata
2948 4395 3192 4458 videtur,
3271 4410 3399 4464 quae
3451 4395 3772 4449 secundum

2074 4487 2238 4556 signa
2293 4503 2423 4556 quas
2469 4486 2594 4556 ipsa
2631 4486 2780 4553 facit,
2841 4487 2962 4538 haec
3020 4488 3075 4538 et
3141 4484 3230 4537 his
3289 4484 3510 4554 majora
3584 4485 3772 4539 facere

2077 4575 2440 4646 postmodum
2469 4575 2588 4628 suis
2615 4575 2912 4645 promisit?

2151 4667 2233 4717 l9.
2289 4665 2469 4717 Mutus
2499 4678 2676 4717 vocem
2729 4665 2938 4731 recipit.
2969 4692 3036 4702 —
3086 4662 3232 4715 Illud
3265 4677 3496 4732 quoque
3526 4662 3775 4716 clarissi-

2078 4769 2256 4820 mum,
2312 4752 2639 4806 clarissimis
2691 4751 2854 4821 regni
2911 4750 3256 4822 primoribus
3302 4767 3491 4804 coram
3533 4754 3772 4806 astanti-

2075 4842 2202 4908 bus,
2234 4841 2454 4895 celebre
2484 4856 2656 4910 super
2676 4845 2832 4893 muto
2879 4840 3089 4894 factum
3122 4841 3227 4894 sub
3267 4839 3446 4894 oculis
3483 4840 3771 4905 omnium,

2079 4931 2370 4984 memoriae
2397 4929 2696 4983 hominum
2719 4929 2945 4982 tradere
2978 4944 3094 4981 non
3127 4927 3433 4998 indignum
3479 4927 3772 4984 duximus.

2078 5019 2216 5073 Nam
2248 5034 2370 5072 rem
2403 5023 2619 5088 gestam
2675 5017 2755 5070 ita
2812 5032 2916 5086 per
2968 5017 3239 5070 famulam
3294 5032 3455 5070 suam
3513 5015 3774 5070 Christus

2076 5108 2227 5161 clare
2254 5105 2478 5178 operari
2501 5105 2700 5172 voluit,
2732 5105 2882 5175 quod
2913 5121 3061 5174 pene
3092 5106 3315 5159 nullum
3346 5104 3521 5159 latere
3561 5106 3772 5175 potuit,

2150 5262 2258 5333 (79)
2287 5264 2349 5317 In
2409 5261 2738 5333 apographo
2771 5261 3174 5332 Bambergensi
3223 5278 3338 5314 non
3397 5261 3608 5316 dicitur
3644 5280 3776 5317 san-

2078 5333 2442 5400 ctimonialis,
2485 5333 2584 5387 sed
2650 5349 2768 5402 quae
2807 5334 3098 5387 secuturem
3129 5333 3373 5386 habitum
3417 5338 3558 5387 veste
3609 5335 3776 5403 lugu-

2081 5404 2167 5458 bri
2184 5409 2491 5458 nutaverat.

2153 5478 2254 5544 (80)
2277 5479 2316 5528 A
2327 5491 2460 5546 pog.
2491 5475 2707 5540 Bamb.,
2737 5475 3085 5542 Nuremberg.
