3938 6308
116 318 205 368 “ll?
1104 315 1265 370 VITA
1303 316 1359 370 S.
1400 314 1854 381 CUNEGUNDIS,
1898 315 2015 369 UBI
2056 315 2146 369 DE
2187 315 2242 369 S.
2287 316 2619 371 HENRICO.

3511 318 3615 371 218

114 435 411 507 Philippus
444 437 554 505 (81)
584 452 683 491 rex
714 440 946 506 propter
966 435 1055 489 sui
1086 435 1607 503 conﬁrmationem,
1658 435 1805 491 inte-
1844 441 1888 493 A
1917 437 2003 491 vel
2036 436 2204 491 verba
2233 437 2500 504 fundens,
2536 437 2729 491 cibum
2788 444 2889 492 aut
2918 442 3118 508 potum
3164 437 3254 492 vix
3306 438 3613 509 aliquando

112 523 217 576 rim
248 540 407 590 vero,
467 525 619 595 quod
657 524 837 594 magis
870 524 1119 577 favorem
1177 525 1284 577 sibi
1315 530 1585 595 praestare
1613 525 1807 578 crede-

111 612 221 675 bat,
278 618 521 683 propter
580 612 1014 666 translationem
1072 614 1251 667 beatae
1300 613 1535 683 virginis
1578 614 1811 667 comitia

110 700 421 754 indixerat:
460 706 651 755 mutus
696 702 928 771 quidam
985 703 1239 755 servulus
1271 701 1331 755 in
1375 702 1651 756 comitatu
1678 718 1808 773 pro-

111 789 389 842 babilium
446 789 701 842 virorum
756 790 825 843 de
884 790 1074 858 Pogen
1133 795 1493 856 convenerat,
1562 806 1809 860 quorum

112 893 260 943 vasa,
296 877 438 946 quia
459 884 515 931 et
546 877 654 947 ipsi
678 877 1017 947 poenitentes
1048 883 1231 945 erant,
1272 879 1555 948 portabat.
1591 879 1811 947 Regina

112 967 178 1018 ad
210 966 512 1019 ecclesiam
542 982 897 1037 processura,
942 982 1071 1019 cum
1104 966 1171 1019 de
1217 982 1375 1019 more
1414 967 1749 1019 solemniter
1779 984 1811 1020 a

111 1056 258 1107 clero
289 1055 623 1124 suscipitur,
655 1055 923 1108 confusus
954 1055 1187 1108 interim
1224 1056 1570 1124 populorum
1599 1056 1811 1108 clamor

112 1143 386 1207 exoritur,
442 1159 559 1195 non
589 1144 797 1196 frustra
838 1142 1115 1196 morituro
1144 1143 1393 1213 denique
1440 1143 1683 1210 homini,
1712 1143 1811 1196 sed

113 1231 303 1283 laudes
325 1247 458 1283 cum
496 1231 716 1285 Christo
768 1248 871 1284 suo
897 1232 1019 1301 jam
1065 1231 1273 1284 viventi
1306 1231 1805 1285 conclamantium.

112 1320 308 1372 Testor
366 1319 657 1373 Christum
703 1323 759 1372 et
811 1320 934 1389 ejus
991 1320 1297 1388 apostolos,
1340 1319 1445 1373 iste
1503 1319 1603 1389 qui
1648 1320 1809 1390 prius

110 1408 349 1471 nullam,
404 1411 604 1475 utpote
661 1412 873 1471 mutus,
936 1408 1188 1477 linguam
1252 1413 1510 1474 noverat,
1567 1408 1810 1478 singulis

108 1495 175 1547 ad
238 1495 599 1565 interrogata
670 1496 907 1565 propria
982 1497 1183 1567 lingua
1259 1497 1502 1550 disertus
1582 1514 1811 1568 respon-

109 1583 297 1636 debat.

171 1674 262 1725 20.
304 1673 489 1740 Lupus
518 1674 687 1725 mitis.
737 1701 808 1713 —
854 1672 997 1736 Quid
1050 1673 1295 1727 referam
1352 1674 1420 1728 de
1470 1675 1636 1728 bruto
1686 1674 1808 1727 ani-

104 1760 261 1824 mali,
320 1760 487 1829 cujus
541 1760 733 1813 innata
787 1760 893 1815 sibi
940 1761 1265 1832 rapacitatis
1317 1762 1623 1832 ingluvies,
1673 1764 1809 1817 dum

104 1847 367 1917 praedam
408 1849 623 1918 rapuit,
676 1849 839 1919 quasi
869 1866 1079 1903 nomen
1126 1852 1491 1922 Cunegundis
1522 1857 1722 1905 contra
1752 1868 1810 1905 se

103 1935 437 1989 invocatum
498 1937 783 2004 sensisset,
842 1955 875 1991 a
932 1955 1032 1991 suo
1097 1938 1290 1993 furore
1357 1940 1610 2011 quievit?
1671 1942 1811 1994 Nam

104 2024 276 2094 lupus
326 2026 470 2079 dum
501 2025 650 2079 circa
705 2026 893 2079 caulas
935 2026 1128 2079 ovium
1190 2027 1547 2096 vespertinus
1594 2034 1812 2082 naturas

105 2130 219 2167 suae
249 2113 500 2184 ingenio
554 2119 828 2180 versatur,
881 2116 1185 2185 parvulum
1216 2121 1350 2169 ante
1406 2116 1559 2170 fores
1589 2116 1827 2170 incaute

105 2202 373 2255 relictum
408 2202 603 2255 lustris
629 2202 744 2256 suis
791 2203 1005 2256 intulit.
1044 2204 1303 2258 Aliorum
1335 2209 1549 2273 autem,
1583 2205 1683 2276 qui
1706 2212 1812 2259 ter-

108 2289 198 2343 riti
219 2290 460 2343 fuerant
508 2306 612 2358 per
640 2289 862 2360 lupum,
897 2296 1078 2344 mater
1110 2292 1277 2361 pueri
1323 2293 1569 2346 clamore
1599 2292 1811 2346 excita-

107 2383 179 2444 ta,
238 2394 451 2431 omnes
508 2378 657 2431 cives
704 2395 837 2431 suos
887 2378 1153 2433 manibus
1204 2380 1507 2451 complosis
1582 2386 1813 2450 pectora

105 2467 381 2533 tondens,
455 2467 652 2520 multis
708 2467 1010 2538 ejulatibus
1064 2468 1123 2521 in
1163 2468 1423 2523 dolorem
1485 2470 1809 2524 commovit.

108 2555 389 2609 Omnibus
422 2555 661 2609 bestiam
690 2555 937 2626 insequi,
981 2558 1116 2627 quia
1149 2573 1257 2610 nox
1307 2557 1573 2624 instabat,
1628 2558 1813 2611 incas-

108 2659 232 2696 sum
285 2643 708 2713 judicantibus,
757 2651 940 2697 mater
985 2645 1056 2697 ad
1106 2644 1405 2698 ecclesiam
1452 2644 1808 2715 confugiens,

107 2732 285 2801 signis
319 2733 478 2785 velut
516 2737 742 2786 mortuo
782 2732 946 2785 tertio
1001 2734 1392 2803 compulsatis,
1450 2749 1554 2803 pro
1585 2750 1811 2787 conser-

107 2821 332 2874 vatione
364 2820 471 2874 iilii
499 2836 665 2874 aures
688 2820 922 2891 virginis
968 2821 1082 2874 illic
1108 2838 1322 2892 pernox
1361 2823 1653 2891 appellare
1698 2839 1813 2876 non

109 2909 429 2963 desinebat.
462 2910 623 2963 Mane
652 2910 818 2976 facto,
848 2910 1121 2963 nutritius
1174 2910 1270 2963 ille
1305 2910 1448 2964 silva
1479 2927 1809 2981 erumpens,

111 2999 416 3067 parvulum
472 3014 645 3068 quem
700 3003 985 3067 rapuerat,
1048 2999 1294 3052 illaesum
1335 3005 1607 3069 reportat,
1668 3006 1724 3055 et
1752 3000 1813 3053 in
1847 3000 1887 3054 C

110 3086 261 3139 sulco
319 3086 417 3139 ubi
482 3086 653 3140 boves
695 3086 878 3157 pridie
926 3092 1244 3154 araverant,
1299 3087 1358 3141 in
1396 3089 1663 3158 pellicula
1711 3106 1812 3143 sua

114 3172 424 3243 diligenter
471 3174 792 3228 involutum
822 3176 1087 3243 collocat;
1139 3177 1260 3246 ipse
1317 3182 1554 3246 propter
1611 3179 1811 3232 sedens

113 3261 397 3315 custodias
454 3262 731 3315 observat.
787 3262 890 3317 Ubi
951 3279 1083 3317 vero
1142 3265 1416 3317 ruricolas
1466 3271 1522 3319 et
1551 3282 1812 3320 vomeres

110 3350 225 3418 jam
299 3351 765 3421 appropinquare
832 3351 939 3406 sibi
1004 3352 1175 3419 videt,
1235 3354 1398 3422 quasi
1460 3354 1530 3407 de
1592 3357 1815 3425 parvuli

116 3438 309 3508 quiete
364 3455 622 3507 securus,
675 3448 1005 3494 mansuetus
1063 3442 1317 3496 discedit.
1367 3442 1547 3506 Quem
1590 3444 1693 3511 illi,
1751 3450 1815 3498 ut

120 3545 239 3582 mos
295 3532 407 3594 est,
469 3529 718 3582 clamore
762 3536 1192 3600 persequentes,
1245 3547 1438 3584 servus
1486 3531 1587 3600 qui
1642 3532 1814 3586 boves

115 3617 463 3682 stimulabat,
505 3618 682 3688 pelles
730 3617 1037 3687 aspiciens:
1076 3637 1103 3669 ‹‹
1140 3620 1295 3686 Ecce,
1351 3619 1450 3687 ait,
1484 3624 1817 3690 tegumenta

116 3706 279 3776 pueri
306 3721 482 3776 quem
525 3706 696 3775 lupus
752 3707 961 3776 rapuit.
1018 3726 1044 3758 »
1099 3710 1472 3761 Accurrentes
1520 3708 1814 3763 dormien-

116 3798 231 3845 tem
260 3792 567 3862 parvulum
594 3792 896 3859 intactum,
920 3792 1081 3846 vultu
1102 3793 1464 3863 splendidum
1498 3795 1814 3864 reperiunt,

117 3885 169 3934 et
200 3896 321 3934 non
360 3880 483 3934 sine
536 3881 716 3934 multa
775 3881 1152 3936 admiratione
1203 3882 1326 3936 haec
1370 3881 1813 3949 considerantes,

116 3969 331 4022 civibus
383 3974 439 4023 et
508 3969 678 4021 matri
728 3969 1012 4024 nuntiant.
1064 3971 1169 4024 Illa
1217 3970 1515 4037 advolans,
1573 3978 1626 4024 et
1691 3988 1812 4041 prae

117 4058 325 4127 gaudio
362 4056 423 4110 in
479 4056 745 4110 lacrimas
794 4073 1197 4127 prorumpens,
1261 4057 1360 4110 ubi
1416 4065 1473 4111 et
1527 4061 1817 4127 quomodo

116 4147 336 4211 fuisset,
364 4145 623 4215 inquirit.
660 4146 757 4200 Ille
780 4146 950 4216 juxta
979 4151 1206 4200 aetatem
1257 4146 1621 4216 simpliciter:
1661 4167 1688 4199 ((
1719 4151 1817 4203 Ca-

1918 542 2169 592 sumens,
2219 531 2608 596 permaneret.
2666 527 2723 581 Si
2752 526 2982 596 quando
3012 526 3096 579 illi
3144 526 3395 579 dormire
3437 526 3612 580 conti-

1917 614 2110 684 gisset,
2144 617 2260 668 solo
2291 616 2573 685 collapsus
2599 616 2771 668 modo
2818 620 2987 685 caput
3028 621 3259 681 terram,
3316 615 3479 668 modo
3510 631 3616 668 cus-

1916 704 2037 757 lum
2069 705 2294 774 pulsare
2343 706 2591 772 videres;
2628 712 2683 759 et
2733 707 2885 776 quod
2915 706 3237 759 miserabile
3269 706 3441 772 dictu,
3475 707 3611 760 dum

1918 794 1988 846 ab
2046 793 2340 861 omnibus,
2399 800 2701 864 propterea
2733 796 2887 865 quod
2936 794 3226 848 horribilis
3277 795 3397 847 visu
3443 794 3609 859 foret,

1920 881 2236 949 fugeretur,
2296 898 2327 934 a
2388 882 2624 951 singulis
2692 883 2875 936 videri
2938 883 3263 953 optabatur.
3320 885 3429 936 Iste
3486 888 3615 936 ante

1917 968 2070 1021 fama
2101 985 2273 1038 quam
2301 976 2533 1039 aspectu
2564 976 2748 1031 notus,
2812 972 2948 1024 dum
2981 971 3053 1023 ad
3088 987 3190 1024 nos
3241 970 3614 1039 pervenisset,

1916 1057 2122 1125 stipem
2154 1056 2305 1111 inter
2334 1059 2536 1112 domos
2588 1060 2894 1130 accipiens,
2961 1059 3296 1129 aliquandiu
3326 1064 3611 1112 sustenta-

1918 1148 2010 1196 tus
2054 1149 2153 1198 est.
2204 1147 2365 1199 Hunc
2408 1147 2894 1217 archisynagogus
2943 1148 3173 1200 videns:
3240 1167 3263 1195 «
3314 1148 3373 1201 Si
3431 1151 3615 1200 vestra

1920 1233 2287 1302 Cunegundis
2329 1234 2397 1286 ad
2430 1234 2775 1288 Christianos
2821 1235 2922 1301 ait,
2969 1234 3140 1287 istum
3173 1234 3478 1297 curaverit,
3523 1249 3613 1287 me

1920 1318 2141 1374 Christo
2196 1338 2257 1374 ac
2328 1323 2461 1375 fidei
2518 1328 2717 1376 vestrae
2780 1323 3064 1391 applicare
3123 1322 3349 1392 poterit.
3400 1343 3420 1369 ι
3483 1321 3610 1385 Sed,

1919 1407 2075 1476 quod
2123 1409 2261 1462 dicit
2315 1411 2624 1479 Apostolus
2674 1411 2723 1480 (I
2767 1412 2885 1466 Cor.
2941 1428 2972 1474 I,
3028 1410 3151 1479 2'2):
3211 1410 3388 1465 Judaei
3452 1411 3615 1479 signa

1920 1502 2188 1564 quaerunt,
2244 1497 2303 1550 in
2355 1499 2460 1551 hoc
2510 1498 2707 1551 Judzeo
2735 1505 3027 1553 ostensum
3058 1504 3162 1553 est.
3213 1500 3352 1552 Nam
3390 1497 3620 1568 patiens-

1918 1584 2085 1637 tertia
2143 1585 2448 1639 Dominicm
2522 1586 2954 1639 resurrectionis
3011 1587 3172 1653 feria,
3245 1588 3382 1640 dum
3445 1600 3618 1654 super

1920 1673 2180 1741 sepulcro
2202 1674 2508 1727 salutiferae
2537 1673 2775 1744 virginis
2806 1674 3020 1727 salubri
3048 1680 3405 1745 premeretur
3454 1688 3618 1742 sopo-

1919 1776 2001 1823 re,
2057 1776 2234 1814 manu
2285 1762 2558 1815 invisibili
2619 1762 2867 1832 quadam
2922 1768 3123 1829 tactus,
3173 1762 3307 1816 inde
3361 1766 3616 1826 sanatus,

1921 1866 2051 1904 cum
2104 1837 2622 1904 summa‘omnium
2662 1851 3042 1904 admiratione
3091 1867 3156 1904 ac
3192 1851 3356 1905 laude
3390 1850 3616 1903 absces-

1922 1939 2011 1992 sit.
2034 1940 2266 1993 Judseus
2301 1956 2429 1992 vero
2455 1939 2650 1992 infelix
2679 1956 2710 1992 a
2748 1939 2992 2009 perfidia
3026 1955 3126 1992 sua
3156 1945 3401 1993 aeternos
3423 1955 3616 2009 passu-

1923 2043 2018 2081 rus
2038 2028 2199 2098 ignes
2231 2044 2349 2081 non
2375 2028 2626 2081 recessit.
3244 2024 3251 2029 ’

1992 2163 2080 2213 22.
2112 2160 2159 2214 Α
2192 2176 2342 2229 papa
2370 2161 2764 2229 approbantur.
2799 2190 2867 2199 -—
2908 2160 3048 2214 Illud
3078 2165 3268 2214 autem
3300 2160 3359 2213 in
3389 2159 3614 2225 ultimo,

1923 2248 2075 2317 quod
2097 2252 2291 2301 tamen
2330 2248 2621 2318 signorum
2672 2249 2826 2302 illius
2857 2266 2974 2303 non
3004 2249 3273 2302 ultimum
3304 2249 3430 2313 fuit,
3483 2248 3618 2302 sub-

1922 2341 2166 2390 nectam.
2201 2338 2481 2401 Quoniam
2514 2342 2667 2391 terra
2687 2338 2833 2391 circa
2864 2338 3191 2407 sepulcrum
3223 2339 3345 2407 ejus
3371 2354 3404 2391 a
3433 2337 3618 2391 fideli-

1922 2426 2030 2479 bus
2080 2427 2336 2493 collecta,
2409 2427 2466 2480 in
2538 2426 2782 2497 speciem
2841 2427 3178 2481 lucidissimi
3255 2425 3460 2494 thuris,
3521 2429 3621 2479 aut

1922 2513 2095 2567 etiam
2126 2514 2490 2568 mundissimi
2516 2516 2680 2584 grani
2712 2516 2820 2569 fuit
2866 2516 3198 2586 frequenter
3224 2515 3473 2568 redacta.
3514 2514 3620 2567 Su-

1922 2618 2025 2671 per
2053 2604 2160 2656 hoc
2192 2604 2556 2657 Innocentius
2592 2621 2740 2674 papa
2765 2605 2825 2657 in
2850 2620 3112 2657 sermone
3144 2605 3209 2658 ad
3246 2605 3525 2682 populum
3558 2603 3619 2657 in

1925 2691 2288 2745 Lateranensi
2354 2692 2561 2762 palatio
2627 2692 2841 2756 habito,
2913 2693 3044 2745 vitae
3093 2692 3247 2745 illius
3303 2691 3508 2744 merita
3565 2694 3622 2743 et

1922 2781 2331 2833 miraculorum
2382 2779 2645 2851 insignia
2711 2781 3219 2834 commemorando
3272 2778 3611 2833 subintulit:

1925 2888 1951 2920 «
2002 2870 2191 2936 Recte,
2252 2869 2453 2921 fratres
2500 2868 2838 2935 charissimi,
2899 2868 3084 2937 pulvis
3126 2868 3241 2933 ille,
3297 2884 3410 2937 quo
3457 2866 3622 2937 gleba

1924 2957 2095 3028 hujus
2120 2957 2491 3011 sanctissimas
2537 2956 2775 3027 virginis
2804 2958 2993 3011 debito
3023 2956 3399 3011 humanitatis
3430 2956 3616 3027 sepul-

1923 3051 1982 3099 ta
2006 3046 2238 3116 tegitur,
2270 3045 2329 3098 in
2373 3047 2504 3098 thus
2532 3050 2701 3115 atque
2740 3062 2985 3113 granum
3031 3045 3329 3114 redigitur,
3380 3060 3509 3115 quae
3559 3060 3618 3097 se

1922 3134 2024 3188 sub
2085 3150 2222 3188 sexu
2262 3134 2472 3204 fragili,
2524 3135 2663 3188 dnm
2713 3134 2942 3201 viveret,
2986 3150 3019 3186 a
3074 3133 3242 3187 licitis
3289 3132 3612 3199 continens,

1923 3224 1992 3277 ab
2020 3222 2229 3276 illicitis
2276 3222 2583 3289 abstinens,
2626 3223 2907 3277 illibatum
2942 3221 3183 3276 Domino
3220 3223 3615 3275 holocaustum

1923 3313 2154 3378 obtulit;
2209 3317 2265 3365 et
2325 3312 2481 3365 dives
2545 3311 2791 3378 Christo,
2850 3327 3067 3381 pauper
3142 3310 3268 3377 sibi,
3340 3326 3622 3379 pauperes

1924 3400 2132 3453 Christi
2162 3401 2267 3453 sub
2315 3400 2522 3453 diversi
2553 3400 2771 3453 ordinis
2834 3405 3005 3469 atque
3052 3415 3217 3451 sexus
3268 3398 3619 3469 professione

1922 3487 2177 3560 quotidie
2207 3490 2405 3557 pascit.
2459 3486 2653 3541 Merito
2696 3502 2832 3556 ergo
2883 3487 2941 3539 in
2990 3487 3249 3556 catalogo
3294 3490 3617 3538 sanctorum

1924 3575 2033 3630 erit
2080 3576 2433 3641 ascribenda,
2474 3591 2601 3645 quae
2648 3577 2823 3628 vitam
2874 3580 3199 3628 sanctorum
3245 3589 3472 3644 semper
3501 3578 3619 3627 stu-

1924 3662 2051 3717 duit
2079 3663 2317 3718 imitari.
2368 3664 2670 3717 Collectam
2718 3662 2914 3733 itaque
2964 3680 2997 3715 a
3028 3662 3188 3716 nobis
3219 3659 3618 3730 conscriptam,

1925 3768 2054 3805 cum
2087 3752 2275 3805 ofﬁcio
2322 3752 2497 3806 totius
2521 3751 2709 3805 missae
2740 3751 2874 3805 huic
2915 3756 3109 3805 nostro
3142 3749 3392 3804 sermoni
3440 3766 3619 3819 appo-

1926 3841 2165 3908 suimus,
2208 3845 2266 3895 et
2314 3840 2625 3911 apostolica
2674 3840 3009 3894 auctoritate
3059 3840 3328 3893 omnibus
3372 3836 3622 3891 ecclesiis

1926 3929 1986 3982 in
2019 3930 2237 3983 honore
2269 3934 2439 3984 tanta)
2471 3929 2709 4000 virginis
2741 3929 3029 3983 decantari
3061 3928 3393 3982 direximus.
3428 3949 3448 3975 ιο

1994 4063 2084 4114 23.
2114 4061 2368 4114 Auctoris
2408 4061 2667 4129 epilogus.
2718 4088 2786 4097 -
2815 4059 2945 4112 Haec
2970 4058 3316 4128 paucissima
3347 4057 3414 4111 de
3446 4056 3621 4109 virtu-

1926 4147 2077 4202 tibus
2135 4154 2192 4202 et
2256 4148 2431 4219 signis
2488 4147 2854 4218 Cunegundis
2912 4147 3281 4200 sanctissima:
3363 4146 3621 4214 virginis,

118 4235 224 4301 nis,
270 4234 371 4301 ait,
422 4234 519 4288 ille
558 4234 660 4305 qui
716 4250 808 4288 me
839 4235 1171 4304 asportavit,
1227 4235 1434 4289 blande
1480 4252 1572 4289 me
1604 4238 1817 4307 perlin-
1849 4280 1889 4333 D
1928 4237 2390 4307 prudentissimae
2429 4236 2689 4290 charitati
2747 4240 2946 4288 vestra;
2994 4235 3145 4287 inter
3177 4232 3624 4286 innumerabilia

118 4340 253 4393 gens
292 4324 355 4377 in
412 4324 545 4377 sinu
594 4339 697 4377 suo
734 4325 1119 4394 compositum
1175 4328 1294 4377 tota
1352 4328 1517 4378 nocte
1562 4325 1815 4380 dormire

119 4412 266 4467 fecit.
306 4434 335 4462 »

184 4505 274 4556 21.
309 4501 590 4555 Miracula
620 4502 839 4555 omissa.
882 4530 951 4540 —
993 4502 1104 4554 Ista
1152 4516 1281 4571 quas
1328 4501 1496 4554 modo
1531 4501 1815 4557 succincte

119 4590 394 4644 miracula
450 4588 717 4654 diximus,
751 4594 806 4642 et
846 4588 956 4642 alia
985 4589 1154 4658 plura
1183 4605 1312 4659 qua:
1341 4588 1476 4641 vitio
1521 4588 1815 4658 prolixita-

120 4680 189 4731 tis
219 4677 554 4742 transimus,
588 4693 661 4730 ne
691 4694 847 4730 more
870 4676 1155 4731 hirudinis
1178 4679 1468 4743 lectorem,
1502 4694 1675 4748 quem
1706 4680 1817 4732 huc

121 4782 297 4836 usque
351 4765 672 4818 studiosum
725 4765 1037 4829 tenuimus,
1106 4766 1393 4819 efﬂuendo
1460 4767 1816 4820 fastidiosum

120 4855 462 4919 occidamus,
505 4853 731 4923 signum
766 4854 824 4905 in
854 4854 1079 4906 servulo
1148 4853 1310 4924 quasi
1342 4870 1624 4907 annorum
1658 4855 1817 4908 sede-

120 4942 225 4996 cim
250 4942 446 4995 divina
475 4940 807 5011 operatione
841 4941 1051 4994 factum
1101 4957 1473 5012 exponamus.
1524 4942 1630 5005 Qui
1658 4947 1820 4995 caete-

123 5032 195 5084 ris
226 5030 504 5084 membris
539 5030 856 5083 secundum
897 5030 1158 5083 ordinem
1190 5034 1410 5083 naturae
1440 5030 1586 5083 bene
1622 5030 1819 5100 dispo-

123 5121 260 5185 sitis,
312 5119 374 5172 in
424 5117 748 5188 principali,
801 5118 957 5188 quod
990 5123 1077 5172 est
1106 5123 1297 5188 caput,
1350 5124 1510 5172 tanta
1557 5119 1820 5189 passione

122 5207 467 5277 agitabatur,
502 5210 565 5259 ut
620 5205 741 5259 sine
781 5205 1209 5260 intermissione
1265 5206 1494 5275 parieti,
1529 5206 1576 5259 si
1621 5207 1822 5276 proxi—

125 5312 248 5349 mus
278 5300 449 5360 esset,
498 5293 859 5348 allideretur:
905 5300 1102 5364 pectus
1134 5300 1325 5348 mento
1376 5295 1663 5363 tunderet,
1708 5312 1824 5349 sca-

126 5386 283 5453 pulas
310 5390 572 5455 tempore
602 5383 949 5452 verberaret,
983 5399 1281 5455 nunquam
1312 5383 1370 5436 in
1420 5384 1621 5438 eodem
1650 5388 1820 5450 statu,

198 5494 305 5560 (8t)
352 5491 402 5543 Is
431 5489 717 5544 Friderico
781 5490 1104 5544 Enobardo
1144 5493 1312 5544 natus
1372 5489 1612 5544 Henrico
1661 5490 1822 5543 fratri

130 5577 227 5615 suo
258 5562 549 5627 successit,
609 5561 821 5615 electus
851 5576 1003 5615 anno
1039 5563 1193 5627 1198,
1228 5560 1649 5635 refragantibus
1676 5576 1821 5614 non-

1930 4327 2138 4380 dixisse
2168 4326 2439 4391 sufficiat;
2475 4341 2604 4395 quae
2648 4324 2695 4376 si
2745 4323 2873 4393 quis
2922 4324 3143 4375 evolute
3192 4320 3621 4390 perstringeret,

1923 4414 2085 4485 prius
2131 4414 2251 4484 ipsa
2302 4412 2515 4483 pagina
2545 4428 2719 4483 quam
2781 4411 3021 4464 materia
3065 4410 3348 4463 deficeret.
3407 4409 3449 4463 Ο
3499 4409 3627 4462 bea-

1926 4508 2066 4567 tam,
2098 4518 2131 4554 ο
2152 4501 2597 4570 praedicandam,
2634 4515 2763 4569 qua:
2803 4514 3044 4568 regnum
3080 4497 3278 4551 mundi
3310 4502 3366 4549 et
3392 4513 3623 4551 omnem

1926 4595 2192 4643 ornatum
2231 4589 2420 4641 saeculi
2455 4603 2558 4656 pro
2613 4588 2852 4641 cmlestis
2902 4592 3106 4641 ornatu
3138 4586 3424 4656 despexit!
3470 4585 3630 4641 Chri-

1926 4683 2077 4730 stum
2107 4677 2213 4730 sibi
2239 4692 2511 4746 sponsum
2544 4676 2704 4746 regio
2746 4693 2956 4747 sponso
3005 4676 3267 4745 legaliter
3297 4691 3409 4728 non
3436 4691 3630 4728 carna-

1926 4765 2056 4818 liter
2110 4766 2373 4835 copulata
2404 4763 2646 4835 delegit!
2700 4781 2827 4835 quze
2859 4765 3249 4836 virginitatem
3282 4780 3440 4817 suam
3480 4764 3631 4816 inter

1931 4855 2147 4923 regales
2178 4853 2460 4907 thalamos
2511 4853 2828 4923 probando,
2861 4858 2922 4907 ut
2950 4853 3205 4907 infamia
3252 4854 3468 4906 malum
3524 4850 3632 4904 sibi

1927 4942 1999 4996 ab
2048 4942 2255 4996 invidis
2288 4942 2574 5012 objectum
2605 4948 2969 5012 expurgaret,
3006 4941 3167 5011 ignes
3206 4939 3466 4994 calcavit!
3502 4956 3631 5009 qua:

1929 5031 2066 5086 dum
2097 5031 2317 5101 prolem
2351 5030 2691 5083 morituram
2748 5046 2862 5083 non
2896 5028 3261 5099 exspectavit,
3313 5028 3434 5097 ejus
3478 5031 3631 5078 casta

1929 5120 2222 5190 generatio
2263 5135 2563 5189 nunquam
2594 5133 2831 5187 passura
2886 5116 3259 5169 successionis
3312 5113 3621 5168 detrimen-

1930 5215 2054 5262 tum
2083 5209 2276 5277 durat;
2308 5207 2537 5279 quando
2596 5205 2842 5261 Ecclesia
2888 5205 2947 5259 in
3001 5204 3134 5258 ﬁliis
3176 5203 3291 5257 suis
3346 5218 3450 5272 per
3477 5202 3626 5255 elee-

1930 5312 2195 5367 mosynas
2242 5296 2422 5367 ipsius
2479 5295 2685 5350 divina;
2729 5294 2907 5347 laudis
2955 5308 3182 5361 semper
3230 5290 3435 5358 accipit
3461 5289 3635 5342 incre-

1933 5391 2220 5438 mentum:
2276 5401 2448 5455 quam
2479 5400 2610 5438 cum
2655 5384 2877 5438 Christo
2915 5398 3038 5449 suo,
3101 5395 3276 5451 quem
3305 5376 3536 5441 amavit,
3570 5377 3631 5430 in

1935 5491 2105 5543 nullis
2154 5490 2251 5561 qui
2305 5491 2569 5545 Ottouem
2614 5491 2931 5559 elegerunt.
2986 5487 3251 5561 Philippo
3285 5502 3435 5540 anno
3498 5487 3633 5541 1209

1932 5562 2144 5632 occiso,
2168 5559 2410 5631 regnum
2437 5578 2612 5633 penes
2642 5562 2907 5618 Ottouem
2932 5559 3234 5614 remansit.
