3938 6316
279 301 384 352 219

1276 297 1436 350 VITA
1473 296 1527 348 S.
1564 294 2027 358 CUNEGUNDIS,
2070 295 2188 349 UBI
2227 295 2318 350 DE
2359 294 2414 347 S.
2461 292 2786 348 HENRICO.

3689 291 3797 343 220

285 435 401 490 quo
430 417 692 485 credidit,
735 433 911 489 quem
932 417 1151 484 dilexit,
1184 416 1356 472 etiam
1389 421 1517 488 post
1542 421 1785 471 mortem
1816 416 1975 470 vive-
2005 420 2052 471 Α
2090 418 2204 472 Hoc
2232 417 2422 488 potuit
2454 417 2553 488 qui
2583 421 2784 471 cuncta
2812 418 2999 487 potest
3017 416 3153 470 dare
3173 415 3508 487 virginitati,

283 523 343 561 re
397 507 559 577 signa
589 506 788 560 crebra
837 507 1170 576 loquuntur.
1213 505 1299 560 Ad
1337 505 1677 560 memoriam
1726 505 1981 575 ejusdem

283 595 418 648 caeci
466 595 673 661 visum,
721 595 982 649 exstincti
1030 594 1228 659 vitam,
1273 592 1415 647 muti
1465 592 1773 664 loquelam,
1815 608 1981 644 aures

286 683 590 737 obstructae
615 682 904 753 recipiunt
937 682 1216 737 auditum.

356 773 445 826 24.
481 771 703 835 Quanta
731 772 908 842 igitur
945 771 1042 824 illa
1071 770 1242 824 fuisse
1271 769 1577 835 credimus,
1610 784 1740 839 quae
1787 769 1982 822 vivens

288 860 449 913 nullo
481 865 643 928 teste,
669 861 806 915 dum
845 859 1177 931 jactantiam
1213 860 1369 925 vitat,
1394 860 1516 912 sola
1545 859 1814 924 exercuit,
1851 873 1980 911 cum

289 952 450 1002 tanta
504 948 660 1002 illam
719 953 850 1018 post
899 953 1143 1001 mortem
1193 947 1356 1017 signa
1392 947 1610 1013 fecisse,
1666 947 1770 1000 sub
1802 945 1980 1000 oculis

287 1036 547 1090 omnium
605 1036 959 1090 viderimus?
1010 1036 1094 1090 Ad
1125 1052 1226 1090 nos
1271 1051 1409 1106 ergo
1468 1035 1631 1105 signa
1692 1035 1818 1101 ista,
1851 1051 1981 1104 qua:

284 1123 421 1178 foris
473 1124 770 1192 miramur,
814 1125 970 1178 intus
1018 1124 1450 1189 transferamus,
1499 1123 1674 1176 vitam
1725 1128 1979 1176 nostram

281 1215 338 1264 et
365 1226 554 1264 mores
598 1212 970 1281 corrigamus,
1005 1215 1070 1263 ut
1111 1210 1159 1263 si
1187 1209 1425 1280 virginis
1480 1210 1830 1263 consortium
1861 1225 1978 1263 non

283 1314 596 1368 meremur,
627 1305 754 1370 post
805 1299 1044 1354 declivia
1075 1298 1346 1352 vitiorum
1378 1299 1450 1351 sit
1481 1298 1644 1352 nobis
1673 1299 1979 1368 praemium

280 1403 386 1457 per
406 1386 689 1458 virginem
712 1393 936 1441 tantum
962 1387 1308 1457 supplicium
1330 1387 1571 1440 evasisse
1593 1391 1975 1456 peccatorum.

287 1492 534 1563 Virginis
559 1492 666 1546 iste
699 1493 862 1546 docet
895 1493 1262 1562 Cunegundis
1291 1498 1452 1564 gesta
1481 1492 1727 1546 libellus.

284 1582 453 1634 Plura
478 1586 674 1635 tamen
696 1581 936 1635 dicenda
965 1587 1132 1650 tacet,
1166 1581 1300 1635 dum
1324 1580 1562 1634 flumine
1586 1579 1788 1649 mergi,

286 1669 500 1740 Cymba
531 1668 721 1736 timet,
747 1669 990 1723 moritur
1009 1685 1137 1740 quas
1166 1669 1350 1738 tangit
1380 1668 1560 1723 bestia
1591 1674 1868 1722 montem.

343 1741 466 1811 'Sed
497 1773 627 1827 qua“:
657 1757 856 1828 lingua
883 1757 1028 1825 silet,
1061 1772 1165 1827 pro
1190 1755 1412 1828 virgine
1441 1756 1604 1827 signa
1645 1756 1980 1827 loquuntur,

288 1846 425 1910 Quae
454 1846 667 1900 famam
693 1846 879 1900 laudis
909 1847 1032 1917 ejus
1062 1852 1180 1900 tam
1204 1847 1404 1900 crebra
1436 1847 1764 1916 loquuntur,

292 1935 438 1988 Dum
469 1933 650 2002 caicis,
683 1933 878 2003 mutis,
913 1935 1150 2002 claudis;
1187 1939 1383 2005 optata
1417 1934 1613 1987 salutis

293 2023 441 2077 Cura
464 2023 650 2089 venit;
686 2023 825 2077 dum
857 2024 1100 2095 languor
1119 2023 1256 2092 abit,
1291 2022 1579 2094 febrisque
1610 2021 1839 2090 recedit,

293 2109 420 2164 Vita
443 2111 611 2180 redit,
647 2111 963 2182 recipitque
993 2111 1138 2166 cutis
1163 2127 1466 2181 conspersa
1492 2110 1757 2164 colorem.

2093 506 2200 570 Qui
2229 511 2452 560 montes
2467 505 2774 559 transferre
2797 505 2948 558 valet
2975 504 3321 559 credulitati.

2093 594 2280 663 Nupta
2304 593 2424 646 viro
2450 592 2554 646 sub
2583 593 2710 662 lege
2741 591 2847 645 viri
2874 592 2993 645 vult
3015 592 3174 662 virgo
3206 592 3403 659 latere,

2091 681 2312 751 Sponsa
2345 680 2702 746 subarrhata,
2736 695 2947 750 sponso
2983 684 3172 733 tamen
3204 680 3494 746 inviolata,

2091 771 2159 824 Et
2188 769 2479 825 Christum
2509 769 2614 823 sub
2654 769 2824 822 corde
2853 768 3037 822 virum
3079 768 3185 822 sibi
3218 768 3356 837 legit
3383 767 3617 822 habere.

2089 860 2286 914 Servat
2311 858 2470 928 virgo
2501 857 2676 911 fidem
2709 873 2796 910 res
2827 857 3033 911 claruit
3057 857 3192 926 igne
3222 856 3479 926 probata.

2095 947 2296 1000 Discite
2330 945 2661 1016 conjugium
2683 945 2906 1011 calebs,
2939 944 3038 999 ubi
3064 945 3224 998 nulla
3252 944 3511 1015 voluptas
3543 959 3557 997 :

2089 1034 2196 1099 Qui
2233 1033 2355 1087 sine
2380 1034 2620 1087 mistura
2648 1037 2876 1086 servant
2893 1032 3100 1103 legalia
3120 1032 3269 1102 jura.

2090 1125 2301 1178 Cuncta
2323 1122 2467 1176 nihil
2499 1125 2742 1192 pensant
2763 1137 2893 1192 qua»
2923 1136 3054 1176 mox
3083 1119 3301 1175 fuerint
3327 1119 3569 1187 ruitura,

2090 1212 2189 1266 Hic
2218 1211 2278 1264 in
2306 1225 2406 1280 spe
2427 1209 2643 1263 fructus
2675 1209 2967 1262 mittentes
2988 1208 3209 1262 semina
3238 1209 3421 1262 luctus

2089 1299 2307 1354 Gaudio
2338 1299 2510 1368 longa
2531 1302 2772 1363 metent,
2797 1300 3141 1368 Agnumque
3173 1300 3489 1368 sequentur
3529 1295 3588 1349 in
3622 1294 3791 1349 albis.

2162 1407 2404 1462 Oramus
2451 1411 2526 1472 te,
2571 1405 2731 1476 virgo
2773 1404 3150 1472 sanctissima,
3191 1403 3527 1475 imperatrix
3565 1402 3798 1474 glorio-

2091 1495 2332 1562 sissima,
2369 1509 2498 1564 qum
2555 1497 2738 1546 terras
2768 1492 3292 1547 misericordiarum
3341 1496 3572 1546 tuarum
3603 1490 3802 1561 operi-

2089 1584 2217 1649 bus,
2274 1583 2441 1636 caalos
2475 1582 2794 1652 respersisti
2838 1581 3112 1634 virtutum
3145 1580 3402 1646 ﬂoribus,
3463 1579 3801 1633 fluctuanti-

2013 1692 2054 1746 Β
2089 1671 2197 1726 bus
2216 1670 2277 1725 in
2315 1672 2529 1725 mundo
2568 1669 2682 1724 tuis
2725 1670 2946 1739 assiste,
2996 1670 3276 1740 procellas
3304 1667 3632 1722 turbinosas
3691 1666 3802 1720 ad-

2091 1759 2441 1813 versantium
2492 1758 2605 1813 tuis
2661 1758 3021 1812 orationibus
3077 1758 3353 1828 propella,
3403 1761 3636 1810 cunctos
3690 1753 3800 1809 tibi

2095 1847 2349 1913 devotos,
2397 1846 2548 1900 vitiis
2578 1847 2886 1918 propulsis,
2936 1851 3216 1917 perpetuo
3265 1846 3377 1898 tuis
3420 1845 3507 1898 fac
3541 1843 3805 1914 gaudere

2095 1934 2386 1989 beneﬁciis
2430 1939 2487 1988 et
2534 1935 2773 1997 meritis,
2809 1941 2864 1988 et
2901 1951 3101 1988 omnes
3133 1933 3446 1986 scribentes
3476 1933 3591 1985 sive
3652 1932 3803 1985 ﬁde-

2098 2023 2245 2078 lium
2305 2024 2560 2094 legentes
2611 2024 2786 2094 hujus
2827 2028 3045 2077 textum
3100 2022 3381 2089 lectionis,
3436 2021 3625 2076 fructu
3682 2035 3810 2073 non

2099 2109 2398 2181 priventur
2428 2125 2545 2163 suae
2567 2115 2731 2180 parte
2762 2109 3098 2164 devotionis.
3131 2113 3333 2164 Amen.

661 2321 924 2386 BULLA
981 2321 1440 2387 lNNOCENTll
1495 2322 1604 2399 ΙΙΙ,
1657 2321 1758 2385 DE
1805 2322 2466 2388 CANONIZATIONE
2517 2321 2855 2388 SANCTIE
2905 2321 3432 2387 CUNEGUNDIS.

364 2465 735 2520 Innocentius
774 2461 1096 2534 episcopus,
1132 2479 1328 2517 servus
1358 2477 1654 2516 servorum
1716 2461 1838 2528 Dei,
1893 2478 1988 2516 ve-

290 2553 533 2608 nerabili
586 2552 747 2607 fratri
776 2553 1098 2606 Theumoni
1154 2551 1264 2623 (82)
1317 2551 1602 2621 episcopo,
1662 2556 1720 2604 et
1772 2549 1991 2604 dilectis

291 2643 426 2698 ﬁliis
455 2641 705 2710 capitulo
755 2641 1209 2710 Babenbergensi
1241 2641 1482 2694 salutem
1513 2645 1570 2694 et
1617 2639 1990 2710 apostolicam

291 2729 776 2784 benedictionem.
829 2728 972 2783 Cum
1008 2727 1323 2782 secundum
1369 2726 1755 2796 evangelicam
1783 2724 1989 2780 verita-

293 2823 413 2872 tem
453 2819 666 2880 (Matth.
693 2833 748 2885 v,
782 2818 862 2883 15)
893 2832 1064 2870 nemo
1103 2816 1376 2870 accendat
1411 2817 1704 2869 lucernam
1737 2820 1792 2868 et
1816 2819 1994 2884 ponat

293 2907 454 2961 illam
495 2905 598 2960 sub
627 2905 841 2970 modio,
895 2905 992 2959 sed
1021 2922 1195 2976 super
1241 2904 1670 2973 candelabrum,
1696 2907 1761 2958 ut
1792 2919 1993 2958 omnes

2101 2461 2294 2516 multis
2339 2466 2598 2515 coruscat
2653 2461 2964 2528 miraculis,
3029 2466 3093 2516 ut
3133 2462 3256 2532 ejus
3301 2461 3569 2515 sanctitas
3625 2461 3810 2515 certis

2101 2550 2327 2603 indiciis
2378 2550 2803 2619 comprobetur.
2849 2551 2999 2605 Licet
3047 2550 3199 2603 enim
3231 2551 3296 2603 ad
3329 2551 3434 2604 hoc
3465 2553 3530 2603 ut
3585 2548 3810 2621 aliquis

2101 2642 2331 2692 sanctus
2361 2639 2435 2692 sit
2450 2638 2604 2708 apud
2631 2639 2811 2692 Deum
2839 2637 2900 2692 in
2944 2639 3186 2692 Ecclesia
3224 2639 3639 2709 triumphante,
3678 2639 3811 2691 sola

2102 2726 2344 2781 sufﬁciat
2389 2726 2578 2781 ﬁnalis
2609 2727 3054 2797 perseverantia,
3086 2733 3335 2782 testante
3363 2727 3632 2795 Veritate,
3669 2743 3809 2797 qua:

2102 2815 2280 2869 dicit:
2314 2815 2593 2879 Quoniam
2641 2817 2738 2884 qui
2759 2819 3187 2884 perseveraverit
3224 2831 3393 2884 usque
3429 2817 3486 2868 in
3521 2817 3683 2884 finem
3717 2817 3813 2869 hic

2101 2905 2289 2958 salvus
2318 2907 2422 2958 erit
2476 2903 2699 2972 (Matth.
2740 2921 2794 2967 χ,
2849 2907 2984 2972 22);
3029 2910 3087 2958 et
3141 2904 3396 2958 iterum:
3459 2906 3588 2959 Esto
3611 2904 3814 2970 ﬁdelis

296 2995 398 3066 qui
427 2995 488 3048 in
514 2995 685 3048 domo
733 2998 869 3046 sunt
908 2994 1166 3060 videant;
1210 2992 1373 3063 pium
1417 2992 1634 3063 pariter
1692 2998 1747 3046 et
1773 2993 1992 3063 justum
2026 2995 2066 3050 C
2105 3007 2275 3062 usque
2318 2993 2392 3047 ad
2447 2999 2689 3060 mortem,
2725 2999 2777 3048 et
2830 2993 2970 3047 dabo
3000 2993 3102 3048 tibi
3131 3007 3385 3048 coronam
3431 2994 3555 3046 vita:
3604 2992 3811 3063 (Apoc.

297 3089 399 3147 est,
431 3087 494 3136 ut
521 3098 668 3153 quos
722 3083 872 3136 Deus
928 3080 1131 3135 merito
1166 3081 1477 3134 sanctitatis
1530 3086 1766 3135 coronat
1805 3085 1862 3135 et
1897 3081 1998 3134 ho-

297 3178 468 3227 norat
504 3172 562 3225 in
595 3171 771 3233 caelis,
821 3186 924 3223 nos
952 3169 1338 3223 venerationis
1384 3169 1571 3224 ofﬁcio
1620 3170 1921 3224 laudemus
1947 3174 2001 3222 et

300 3261 691 3332 gloriﬁcamus
728 3259 790 3312 in
827 3258 1023 3313 terris:
1072 3274 1205 3312 eum
1247 3257 1368 3328 ipse
1407 3258 1598 3329 potius
1638 3258 1904 3312 laudetur
1944 3262 2000 3311 et

298 3349 655 3421 gloriﬁcetur
679 3348 738 3402 in
769 3347 902 3414 illis,
950 3346 1050 3418 qui
1093 3352 1179 3400 est
1205 3346 1505 3401 laudabilis
1537 3352 1595 3400 et
1623 3346 1907 3417 gloriosus
1935 3346 1998 3400 in

298 3436 531 3492 sanctis.
570 3435 756 3489 Pietas
794 3434 946 3488 enim
979 3433 1424 3505 promissionem
1471 3434 1641 3488 habet
1691 3433 1818 3488 vitae
1868 3449 1998 3504 quae

299 3542 452 3580 nunc
482 3529 584 3590 est,
618 3529 674 3577 et
706 3524 935 3589 futurae,
959 3523 1178 3576 dicente
1208 3522 1448 3576 Domino
1479 3538 1584 3592 per
1611 3521 1954 3592 Prophetam
1982 3538 1994 3574 :

297 3614 444 3670 Dabo
489 3628 582 3667 vos
630 3615 833 3666 cunctis
862 3613 1082 3680 populis
1121 3613 1181 3665 in
1211 3611 1443 3675 laudem,
1475 3611 1706 3678 gloriam
1755 3615 1805 3664 et
1833 3611 1996 3664 hono-

297 3718 412 3756 rem
438 3703 622 3768 (Deut.
663 3716 812 3765 xxvi,
851 3701 966 3770 19);
995 3706 1052 3753 et
1083 3715 1185 3769 per
1206 3715 1264 3752 se
1307 3698 1642 3769 pollicente:
1691 3699 2001 3769 Fulgcbunt

291 3791 436 3861 justi
467 3791 608 3842 sicut
636 3790 716 3842 sol
744 3791 803 3842 in
827 3803 991 3856 regno
1038 3789 1221 3842 Patris
1251 3802 1439 3840 eorum
1485 3787 1703 3854 (Matth.
1736 3802 1856 3854 xm,
1885 3787 1996 3856 43).

302 3880 445 3933 Nam
484 3881 549 3931 ut
578 3892 694 3930 suae
749 3875 968 3953 virtutis
997 3875 1316 3946 potentiam
1372 3874 1715 3929 mirabiliter
1759 3874 1999 3929 manife-

299 3971 428 4033 stet,
460 3970 516 4019 et
545 3969 754 4019 nostrae
785 3965 984 4018 salutis
1033 3981 1262 4019 causam
1299 3964 1750 4019 misericorditer
1794 3980 2001 4034 opere-

300 4060 415 4120 tur,
463 4053 663 4108 ﬁdeles
695 4069 845 4120 suos,
897 4069 1039 4124 quos
1070 4069 1297 4124 semper
1327 4058 1562 4106 coronat
1590 4052 1650 4106 in
1680 4053 1840 4120 coelo,
1887 4053 1997 4107 fre-

302 4148 544 4215 quenter
578 4142 748 4197 etiam
779 4142 1026 4197 honorat
1060 4141 1119 4196 in
1159 4141 1394 4208 mundo,
1447 4142 1516 4196 ad
1547 4157 1744 4196 eorum
1781 4157 2002 4196 memo-

303 4232 414 4285 rias
436 4232 600 4302 signa
628 4231 841 4286 faciens
865 4236 921 4286 et
959 4230 1242 4301 prodigia,
1284 4245 1389 4301 per
1436 4246 1564 4300 quae
1595 4229 1845 4300 pravitas
1869 4245 1999 4283 con-

303 4319 575 4373 fundatur
629 4318 915 4384 haeretica,
966 4323 1022 4372 et
1085 4318 1225 4372 ﬁdes
1277 4317 1555 4371 catholica
1605 4317 1994 4371 conﬁrmetur.

305 4408 415 4462 Nos
459 4423 620 4476 ergo,
651 4406 992 4472 charissimi,
1047 4411 1290 4478 quantas
1348 4421 1675 4476 possumus,
1728 4405 1835 4460 etsi
1881 4421 2000 4460 non

303 4499 546 4564 quantas
583 4494 879 4562 debemus,
934 4495 1314 4565 omnipotenti
1341 4496 1456 4550 Deo
1500 4495 1815 4566 gratiarum
1854 4493 1998 4548 refe-

305 4582 486 4636 rimus
531 4581 804 4649 actiones,
837 4581 938 4653 qui
980 4582 1040 4636 in
1089 4583 1291 4639 diebus
1320 4583 1546 4650 nostris,
1598 4583 1669 4637 ad
1706 4582 2004 4637 conﬁrma-

305 4670 524 4724 tionem
557 4669 692 4724 ﬁdei
721 4670 1013 4724 catholicse
1055 4675 1110 4724 et
1136 4671 1532 4725 confusionem
1559 4669 1841 4724 heretica:
1870 4685 2000 4739 pra-

302 4758 494 4812 vitatis
522 4757 819 4812 evidenter
850 4757 1082 4812 innovat
1111 4759 1296 4830 signa,
1328 4763 1385 4813 et
1436 4759 1712 4813 miracula
1741 4762 2004 4827 potenter

303 4846 593 4913 immutat,
628 4846 840 4900 faciens
889 4861 985 4900 eos
1013 4862 1307 4902 coruscare
1338 4846 1650 4914 miraculis,
1697 4846 1797 4915 qui
1827 4845 2001 4900 ﬁdem

301 4936 645 4989 catholicam
691 4939 809 4989 tam
838 4935 1008 4990 corde
1065 4952 1238 5007 quam
1279 4952 1398 5003 ore,
1449 4950 1672 4990 necnon
1720 4940 1778 4988 et
1828 4949 2002 5004 opere

304 5024 615 5080 tenuerint.

378 5116 539 5170 Inter
565 5131 712 5186 quos
748 5114 930 5170 beatae
963 5115 1258 5171 memoria:
1302 5115 1692 5187 Cunegundis,
1719 5115 2003 5169 Romano-

305 5220 434 5258 rum
463 5203 796 5274 imperatrix
825 5205 1102 5274 Augusta.
1129 5221 1260 5275 quae
1286 5204 1500 5275 degens
1529 5203 1667 5258 olim
1698 5202 1758 5256 in
1789 5203 2004 5258 mundo

249 5287 255 5294 ’
310 5291 534 5362 magnis
587 5292 809 5346 meritis
862 5292 1254 5361 praepollebat,
1316 5307 1467 5346 nunc
1517 5291 1710 5344 vivens
1765 5289 1825 5344 in
1864 5293 2004 5346 coelo

384 5396 494 5470 (82)
520 5398 756 5470 Thiemo
790 5414 955 5470 anno
997 5401 1130 5470 1192
1164 5399 1421 5470 Popponi
1469 5413 1570 5451 seu
1601 5396 1828 5452 Pottoni
1879 5412 2003 5451 suc-

309 5467 496 5541 cessit,
523 5469 830 5541 sedemque
860 5469 1092 5541 reliquit
1118 5467 1270 5524 anno
1284 5467 1323 5523 ’1
1335 5470 1458 5524 201.

381 5538 498 5609 (83)
530 5540 582 5593 Is
623 5546 708 5595 est
735 5537 1092 5596 'Ccelestinus
1131 5542 1230 5608 ΙΙΙ,
1281 5544 1504 5594 creatus
1547 5537 1638 5593 die
1686 5539 1749 5594 14
1796 5539 2006 5610 Aprilis

2109 3097 2169 3146 Il,
2207 3080 2323 3152 10);
2356 3081 2428 3136 ad
2459 3082 2565 3135 hoc
2592 3086 2786 3136 tamen
2815 3085 2877 3135 ut
2911 3081 3032 3151 ipse
3072 3085 3299 3135 sanctus
3329 3080 3483 3151 apud
3539 3080 3815 3134 homines

2108 3169 2392 3224 habeatur
2419 3169 2478 3223 in
2529 3169 2771 3224 Ecclesia
2802 3169 3106 3237 militante,
3136 3171 3249 3224 duo
3283 3175 3417 3223 sunt
3459 3169 3812 3232 necessaria,

2106 3259 2289 3312 virtus
2334 3273 2582 3321 morum,
2628 3262 2684 3311 et
2734 3259 2914 3312 virtus
2947 3257 3265 3329 signorum,
3299 3258 3564 3312 videlicet
3601 3257 3820 3311 merita

2107 3351 2165 3400 et
2187 3347 2481 3414 miracula,
2528 3351 2589 3401 ut
2630 3352 2686 3400 et
2714 3346 2836 3401 haec
2865 3351 2920 3399 et
2949 3346 3046 3401 illa
3070 3347 3178 3401 sibi
3209 3347 3453 3400 invicem
3483 3350 3817 3400 contesten-

2105 3440 2218 3489 tur.
2245 3436 2364 3489 Non
2397 3435 2550 3490 enim
2583 3442 2682 3489 aut
2737 3438 2945 3488 merita
2972 3437 3096 3488 sine
3128 3434 3438 3499 miraculis,
3493 3439 3592 3488 aut
3640 3435 3819 3488 mira-

2106 3524 2234 3578 cula
2272 3524 2394 3577 sine
2449 3523 2668 3578 meritis
2699 3524 2870 3594 plene
2923 3524 3215 3578 sufﬁciunt
3264 3523 3333 3577 ad
3381 3523 3814 3594 perhibendum

2105 3612 2262 3666 inter
2289 3612 2550 3667 homines
2590 3611 2942 3666 testimonim
2976 3611 3256 3666 sanctitati
3290 3628 3302 3664 :
3334 3628 3464 3664 cum
3513 3611 3813 3666 interdum

2110 3701 2349 3771 angelus
2397 3701 2620 3755 Satanae
2652 3701 3022 3770 transﬁgnret
3052 3717 3109 3754 se
3139 3700 3196 3754 in
3230 3702 3502 3770 angelum
3541 3700 3706 3766 lucis,
3758 3704 3821 3754 et

2109 3788 2346 3859 quidam
2378 3804 2553 3858 opera
2581 3805 2682 3842 sua
2709 3789 2918 3842 faciant
2964 3794 3028 3842 ut
3067 3789 3138 3842 ab
3185 3787 3518 3842 hominibus
3577 3788 3815 3842 videan-

2107 3882 2222 3930 tur.
2255 3876 2366 3931 Sed
2396 3881 2452 3930 et
2508 3877 2661 3948 magi
2713 3877 3023 3932 Pharaonis
3063 3876 3202 3930 olim
3239 3876 3400 3946 signa
3440 3877 3722 3945 fecerunt,
3757 3881 3820 3931 et

2107 3966 2491 4020 Antichristus
2523 3966 2754 4021 tandem
2801 3965 3063 4036 prodigia
3092 3965 3442 4036 operabitur,
3477 3970 3561 4032 ut,
3609 3965 3656 4018 si
3684 3965 3818 4020 ﬁeri

2107 4061 2320 4126 posset,
2381 4056 2440 4109 in
2497 4071 2719 4109 errores
2761 4055 2932 4109 etiam
2963 4055 3310 4109 inducantur
3353 4053 3537 4108 electi.
3598 4054 3817 4108 Verum

2110 4159 2244 4198 cum
2287 4149 2342 4198 et
2381 4144 2584 4198 merita
2634 4160 2773 4198 sana
2818 4144 3168 4214 praecedunt,
3201 4149 3258 4198 et
3313 4143 3466 4197 clara
3496 4143 3814 4197 succedunt

2111 4231 2406 4298 miracula,
2461 4235 2680 4285 certum
2726 4232 2989 4302 praebent
3039 4231 3316 4285 indicium
3377 4230 3714 4292 sanctitatis,
3750 4237 3818 4286 ut

2111 4335 2216 4374 nos
2247 4319 2317 4373 ad
2362 4319 2543 4390 ipsius
2588 4320 3015 4374 venerationem
3070 4319 3342 4375 inducant
3369 4335 3541 4390 quem
3573 4320 3725 4373 Deus
3757 4324 3816 4374 et

2111 4407 2331 4461 meritis
2374 4409 2847 4478 praacedentibus,
2879 4413 2936 4462 et
2989 4408 3283 4463 miraculis
3331 4407 3813 4478 subsequentibus

2111 4495 2339 4550 exhibet
2387 4497 2794 4550 venerandum.
2825 4496 2962 4561 Quae
2983 4497 3097 4552 duo
3137 4513 3203 4550 ex
3235 4495 3420 4550 verbis
3447 4496 3813 4567 evangelista;

2110 4584 2334 4656 plenius
2365 4584 2736 4656 colliguntur,
2768 4584 2866 4656 qui
2901 4585 2970 4639 de
3002 4584 3273 4656 apostolis
3301 4585 3539 4656 loquens
3570 4584 3762 4639 aiebat
3795 4601 3809 4640 :

2111 4674 2204 4728 Illi
2268 4678 2446 4728 autem
2503 4676 2738 4744 profecti
2808 4673 3248 4744 praedicaverunt
3302 4674 3521 4743 ubique,
3591 4676 3811 4728 Domino

2112 4768 2444 4831 cooperante,
2502 4768 2556 4818 et
2605 4777 2904 4819 sermonem
2931 4763 3303 4834 conﬁrmante,
3343 4762 3689 4830 sequentibus
3734 4766 3809 4817 si-

2114 4852 2237 4918 gnis
2263 4851 2458 4920 (Marc.
2485 4867 2602 4918 xvr,
2632 4850 2743 4922 20).

2183 4939 2327 4992 Sane
2375 4955 2505 4993 cum
2559 4939 2631 4994 ad
2683 4938 3034 4994 audientiam
3099 4938 3266 4994 bonae
3308 4938 3602 4992 memoriae
3635 4939 3811 4994 Caele-

2114 5027 2248 5081 stini
2279 5043 2444 5097 papas
2496 5028 2632 5097 (83),
2660 5027 3093 5099 praedecessoris
3145 5027 3278 5094 mei,
3313 5027 3516 5082 merita
3547 5033 3605 5082 et
3635 5029 3812 5084 mira-

2115 5116 2243 5169 cula
2266 5116 2516 5187 praefatae
2557 5116 2959 5187 imperatricis,
2984 5115 3143 5171 vobis
3195 5115 3573 5170 referentibus
3606 5133 3814 5186 perve-

2119 5203 2360 5267 nissent,
2420 5211 2485 5260 ut
2511 5205 2634 5275 ipse
2667 5207 2737 5260 de
2766 5206 2878 5260 illis
2927 5205 3185 5259 notitiam
3228 5204 3571 5274 conciperet,
3612 5207 3815 5260 certio-

2116 5309 2260 5360 rem,
2321 5293 2759 5364 inquisitionem
2830 5309 3030 5347 eorum
3095 5293 3516 5347 venerabilibus
3545 5293 3817 5349 fratribus

2119 5414 2270 5452 anno
2313 5401 2438 5453 ll9l
2471 5415 2485 5464 ;
2545 5397 2666 5452 obit
2721 5398 2814 5453 die
2859 5402 2890 5454 8
2917 5398 3172 5454 Januarii
3201 5414 3354 5452 anno
3393 5401 3547 5463 H98,
3583 5398 3678 5453 cui
3705 5405 3814 5455 sta-

2118 5469 2220 5522 tim
2246 5469 2615 5524 Innocentius
2634 5470 2706 5523 lll
2746 5469 2851 5524 fuit
2874 5469 3228 5524 substitutus.
