3938 6308
126 320 213 370 221
1113 317 1274 372 VITA
1312 317 1367 372 S.
1409 315 1876 383 CUNEGUNDIS,
1923 316 2039 374 UBI
2081 319 2170 372 DE
2212 320 2268 373 S.
2316 317 2644 372 HENRICO.

3531 324 3634 373 2‘22

124 437 334 491 nostris
364 437 716 508 Augustensi
755 441 810 491 et
866 436 1166 491 Eistetensi
1215 443 1270 491 et
1315 438 1481 492 bonas
1537 439 1830 492 memorias
1859 441 1904 493 A
1943 443 2064 493 tes:
2098 439 2199 492 sed
2220 442 2275 492 et
2303 438 2413 492 alia
2441 437 2692 509 plurima
2724 438 3001 493 beneﬁcia
3030 439 3141 509 piis
3174 440 3309 493 locis
3355 445 3409 494 et
3457 456 3640 493 vene-

125 527 575 596 Wirtzburgensi
607 525 904 596 episcopis,
940 531 996 579 et
1025 526 1246 580 dilectis
1281 527 1414 580 ﬁliis
1467 527 1825 594 Eboracensi,

128 615 583 679 Lancheimensi,
616 621 673 668 et
723 615 1152 669 Hailsbrunensi
1195 616 1308 686 (84)
1367 616 1670 669 abbatibus
1727 633 1831 687 per

126 704 438 772 apostolica
459 703 670 772 scripta
698 703 982 757 commisit
1014 719 1026 757 :
1075 709 1202 772 post
1268 704 1430 774 cujus
1470 704 1693 757 obitum
1729 721 1830 757 us-

128 808 235 862 que
274 793 420 845 adeo
469 791 823 845 manifestari
863 798 1161 861 cceperunt
1210 796 1266 846 et
1323 793 1692 862 multiplicari
1721 794 1828 846 mi-

128 881 337 943 racula,
372 885 437 933 ut
469 897 536 934 ex
557 881 840 934 evidentia
871 881 1086 951 pariter
1130 887 1184 934 et
1222 881 1566 951 frequentia,
1621 879 1825 933 sancti-

130 975 211 1022 tas
242 970 370 1038 ejus
400 969 470 1022 ab
511 969 776 1023 omnibus
808 970 971 1040 quasi
1004 971 1230 1024 notoria
1279 969 1635 1039 praedicetur,
1687 968 1835 1022 sicut

131 1074 193 1109 ex
242 1057 441 1110 multis
497 1057 977 1111 testimonialibus
1007 1057 1215 1111 litteris
1244 1058 1666 1128 episcoporum,
1725 1057 1829 1109 ab-

133 1147 351 1210 batum,
389 1145 828 1216 praepositorum
852 1151 908 1198 et
939 1146 1285 1216 principum,
1335 1161 1554 1198 necnon
1602 1149 1658 1196 et
1700 1143 1835 1196 alio-

134 1250 258 1286 rum
343 1235 662 1288 multorum
733 1250 918 1305 nuper
966 1239 1158 1288 nostro
1232 1234 1444 1288 exstitit
1483 1230 1833 1304 apostolatui

135 1328 476 1376 reseratum.

199 1411 509 1463 Venientes
547 1409 722 1480 igitur
764 1411 832 1464 ad
885 1411 1251 1480 apostolicam
1309 1410 1500 1464 sedem
1552 1427 1617 1464 ex
1671 1415 1833 1480 parte

132 1504 318 1552 vestra
373 1497 567 1552 dilecti
646 1499 750 1552 ﬁlii
803 1500 863 1552 D.
924 1500 1096 1553 abbas
1149 1499 1636 1553 Michelveldensis
1701 1499 1831 1568 (85),

135 1587 432 1641 Gundelus
462 1587 731 1655 decanus,
772 1587 1070 1642 Cunradus
1116 1593 1318 1650 custos,
1378 1590 1594 1642 Marcus
1646 1587 1834 1641 archi-

133 1676 431 1742 diaconus,
474 1677 791 1730 Hermanus
839 1677 1220 1731 subdiaconus
1287 1677 1521 1748 majoris
1579 1675 1833 1730 ecclesia
1870 1717 1907 1768 Β

133 1770 356 1828 vestras,
437 1766 724 1834 Lupoldus
795 1765 1065 1819 diaconus
1116 1766 1292 1818 sancti
1350 1765 1645 1835 Stephani,
1700 1767 1840 1818 Bur-

135 1853 381 1905 chardus
437 1853 710 1907 diaconus
765 1859 968 1906 sanctae
1022 1854 1230 1920 Mariae,
1291 1853 1562 1906 Henricus
1607 1854 1838 1924 presby-

136 1946 219 1993 ter
272 1940 458 1993 sancti
513 1941 815 2001 Michaelis.
869 1942 1142 1995 Henricus
1193 1942 1581 1996 subdiaconus
1626 1948 1836 1994 sanctae

138 2029 346 2095 Mariae,
376 2028 542 2083 nobis
573 2035 628 2082 et
655 2030 924 2084 fratribus
964 2030 1169 2083 nostris
1201 2031 1497 2085 humiliter
1554 2031 1834 2101 supplica-

137 2122 292 2183 ruut,
366 2123 432 2170 ut
486 2135 552 2171 ex
634 2119 991 2189 plenitudine
1061 2120 1356 2190 potestatis
1430 2136 1602 2190 quam
1679 2121 1840 2173 Jesus

139 2207 399 2260 Christus
459 2207 787 2261 beatissimo
846 2210 1014 2262 Petro
1086 2208 1385 2275 concessit,
1450 2208 1836 2278 praenomina-

138 2301 250 2348 tam
288 2295 716 2366 imperatricem
772 2301 1098 2350 sanctorum
1161 2297 1419 2366 catalogo
1470 2296 1842 2365 dignaremur

137 2384 446 2449 ascribere,
509 2384 880 2438 decernentes
937 2387 1060 2455 ejus
1126 2386 1467 2439 memoriam
1517 2386 1668 2438 inter
1710 2402 1839 2438 san-

136 2480 253 2526 ctos
286 2473 359 2526 ab
405 2472 684 2526 universis
726 2472 990 2526 ﬁdelibus
1029 2473 1100 2527 de
1152 2479 1356 2527 caetero
1389 2472 1786 2526 celebrandam
1827 2488 1837 2524 :

136 2578 265 2615 cum
302 2563 413 2614 hoc
433 2562 675 2615 sublime
697 2562 976 2631 judicium
1008 2563 1074 2615 ad
1109 2578 1240 2615 eum
1286 2567 1509 2615 tantum
1558 2562 1844 2632 pertineat

138 2651 235 2720 qui
263 2656 353 2703 est
382 2651 532 2703 beati
567 2651 718 2704 Petri
769 2666 1060 2704 successor
1086 2655 1141 2705 et
1199 2650 1441 2704 vicarius
1487 2651 1615 2704 Jesu
1677 2649 1842 2702 Chri-

137 2739 227 2791 sti.
259 2739 375 2791 Nos
411 2738 603 2809 itaque
629 2750 1054 2808 cognoscentes,
1089 2739 1244 2810 quod
1299 2741 1406 2793 hoc
1451 2754 1649 2792 revera
1686 2738 1840 2808 judi-

139 2828 295 2881 cium
320 2827 626 2881 sublimius
659 2833 740 2880 est
769 2828 919 2881 inter
947 2833 1155 2883 caetera
1177 2828 1397 2898 judicia
1439 2827 1844 2897 judicandum,

142 2917 196 2968 in
228 2916 416 2984 ipsius
463 2916 879 2970 examinatione
934 2917 1252 2986 plenariam
1305 2917 1573 2970 volumus
1632 2917 1844 2970 habere

1937 526 2215 581 rabilibus
2271 527 2520 580 ecclesiis
2568 528 2956 592 contulerunt,
3031 528 3318 581 Christum
3377 527 3484 581 sibi
3553 529 3634 582 fa-

1940 616 2151 672 cientes
2213 616 2518 670 hasredem.
2571 619 2700 670 Haec
2780 621 2837 669 et
2883 615 2994 668 alia
3053 616 3296 669 retulere
3342 616 3411 669 de
3471 615 3641 669 meri-

1938 704 2058 758 tis:
2119 705 2188 758 de
2241 705 2525 759 miraculis
2609 708 2945 770 asserentes,
3023 705 3175 775 quod
3244 705 3324 756 eis
3381 720 3634 774 praesen-

1939 793 2089 846 tibus
2138 798 2194 846 et
2235 793 2559 847 videntibus
2612 794 2682 847 ad
2749 792 3089 846 memoriam
3159 792 3331 862 hujus
3395 791 3636 862 virginis

1940 883 2073 936 caeci
2095 881 2298 948 visum,
2332 882 2523 936 claudi
2569 897 2830 951 gressum
2867 923 2881 950 ,
2915 881 3060 934 muti
3093 881 3444 946 verbum,.et
3473 881 3637 934 surdi

1941 975 2424 1040 recuperaverunt
2463 971 2750 1038 auditum,
2803 970 3043 1040 aliisque
3096 969 3471 1039 languoribus
3527 969 3634 1022 im-

1941 1059 2107 1128 petiti
2135 1059 2466 1129 frequenter
2498 1062 2553 1112 et
2583 1058 2878 1112 evidenter
2903 1059 3138 1127 plenam
3178 1058 3471 1110 consecuti
3505 1063 3642 1110 sunt

1943 1147 2246 1200 sanitatem
2284 1163 2296 1212 ;
2330 1153 2405 1212 et,
2441 1147 2589 1216 quod
2629 1151 2714 1200 est
2761 1145 3039 1198 mirabilis
3093 1145 3360 1198 novitatis
3397 1149 3451 1196 et
3507 1143 3643 1196 novi

1942 1234 2229 1300 miraculi,
2265 1236 2451 1304 pulvxs
2473 1235 2543 1288 de
2577 1235 2799 1288 tumulo
2839 1235 2962 1302 ejus
2988 1234 3293 1302 assumptis
3328 1249 3483 1302 saepe
3507 1249 3644 1285 con-

1943 1339 2136 1376 versus
2167 1327 2252 1376 est
2289 1323 2349 1375 in
2407 1324 2783 1376 frumentum.
2839 1323 2949 1374 Nos
2981 1337 3116 1390 ergo
3170 1321 3240 1374 de
3309 1320 3533 1374 meritis
3584 1325 3642 1373 et

1946 1411 2234 1465 miraculis
2268 1412 2390 1481 ejus
2420 1410 2613 1463 multis
2635 1415 2688 1462 et
2728 1408 2951 1478 magnis
2982 1424 3094 1462 non
3150 1410 3336 1461 solum
3377 1407 3640 1461 testimo-

1945 1500 2076 1567 niis,
2102 1500 2197 1553 sed
2220 1504 2277 1553 et
2322 1499 2561 1552 testibus
2590 1498 2859 1551 certiores
2898 1497 3102 1565 effecti,
3133 1513 3265 1549 cum
3320 1496 3635 1549 secundum

1945 1589 2290 1658 Proplietam
2349 1587 2667 1640 laudandus
2697 1586 2770 1639 sit
2799 1588 2945 1639 Deus
2985 1586 3042 1638 in
3100 1585 3306 1638 sanctis
3350 1584 3505 1650 suis;
3567 1584 3636 1637 de

1945 1678 2187 1730 fratrum
2216 1681 2544 1729 nostrorum
2565 1674 2822 1742 consilio,
2859 1679 2916 1728 et
2947 1674 3285 1744 pontiﬁcum
3318 1675 3638 1726 multorum

1948 1765 2098 1835 apud
2125 1765 2318 1818 sedem
2349 1764 2718 1834 apostolicam
2749 1763 3138 1828 existentium,
3169 1763 3353 1832 ipsam
3411 1761 3638 1815 beatam

1947 1853 2230 1924 virginem
2287 1852 2694 1922 Cunegundem
2742 1852 3000 1922 catalogo
3079 1856 3405 1904 sanctorum
3462 1850 3638 1903 ascri-

1948 1943 2186 2012 psimus,
2229 1942 2466 2012 ejusque
2499 1941 2837 1993 memoriam
2867 1939 3016 1993 inter
3045 1944 3265 1992 sanctos
3289 1938 3640 1992 decrevimus

1947 2031 2367 2086 celebrandam.
2398 2031 2755 2100 QuaprOpter
2778 2028 3205 2081 universitatem
3237 2031 3482 2080 vestram
3515 2043 3638 2080 mo-

1950 2137 2153 2174 nemus
2174 2125 2231 2173 et
2259 2120 2556 2173 hortamur
2587 2117 2645 2171 in
2693 2117 2954 2181 Domino,
2990 2132 3095 2186 per
3141 2115 3448 2185 apostolica
3503 2115 3638 2167 scri-

1947 2215 2047 2279 pta
2103 2208 2460 2274 mandantes,
2493 2211 2774 2278 quatenus
2841 2205 2993 2274 quod
3020 2221 3120 2258 nos
3181 2204 3519 2258 solemniter
3583 2208 3641 2256 et

1949 2304 2109 2353 caute
2159 2297 2484 2365 statuimus,
2553 2313 2652 2349 vos
2701 2294 2996 2349 humiliter
3045 2297 3101 2347 et
3157 2294 3359 2347 devote
3405 2293 3642 2345 servetis

1953 2394 2016 2442 ut
2046 2388 2264 2441 meritis
2290 2387 2411 2456 ejus
2441 2390 2496 2439 et
2523 2383 2789 2454 precibus
2842 2383 2994 2453 apud
3047 2381 3644 2436 misericordissimum

1947 2477 2201 2547 judicem
2228 2473 2645 2545 indulgentiam
2691 2487 3130 2543 consequamur.
3175 2471 3486 2524 Collectam
3544 2486 3646 2522 au-

1954 2572 2066 2620 tem
2093 2570 2148 2618 et
2184 2565 2324 2617 alias
2373 2563 2658 2616 orationes
2711 2561 2770 2613 in
2819 2558 3368 2613 commemoratione
3417 2558 3538 2626 ejus
3569 2556 3648 2609 di-

1952 2653 2161 2706 cendas
2199 2651 2505 2716 edidimus,
2539 2665 2679 2719 quas
2710 2649 2768 2701 in
2799 2648 2904 2702 hac
2936 2646 3145 2717 pagina
3185 2644 3453 2698 duximus
3489 2642 3648 2696 subs-

1955 2740 2252 2794 cribendas
2281 2756 2292 2792 :

2689 2875 2909 2913 ORATIO.

141 3005 450 3058 cautelam.
501 3005 567 3058 Et
606 3004 734 3058 ideo
783 3005 1226 3075 praenomiuatos
1284 2996 1662 3075 jurisjurandi

2092 2989 2401 3060 nnipotens
2435 2989 2492 3040 et
2537 2984 2861 3038 misericors
2906 2983 3073 3047 Deus,
3108 2978 3208 3050 qui
3266 2996 3298 3031 a
3328 2978 3513 3048 gloria
3549 2981 3646 3030 tua

143 3093 316 3162 gione
339 3093 805 3161 constrinximus,
858 3099 918 3147 ut
957 3110 1161 3163 puram
1206 3094 1372 3147 nobis
1419 3109 1590 3163 super
1621 3094 1728 3147 hoc
1759 3093 1840 3147 di-

144 3185 342 3235 cerent
381 3182 699 3235 veritatem.
735 3183 843 3246 Qui
867 3183 1045 3252 jurati
1068 3183 1338 3236 dixerunt
1367 3182 1541 3252 quod,
1592 3182 1738 3236 sicut
1781 3199 1845 3234 ex

144 3270 358 3324 celebri
390 3270 544 3323 fama
597 3276 654 3324 et
697 3271 941 3325 solemni
987 3271 1268 3341 scriptura
1322 3276 1627 3334 noverunt,
1681 3271 1846 3323 beata

146 3358 522 3429 Cunegundis
559 3365 750 3413 sancto
811 3359 1045 3414 Henrico
1102 3358 1438 3430 imperatori
1487 3359 1597 3413 fuit
1643 3357 1847 3412 matri-

149 3447 480 3501 monialiter
505 3449 790 3517 copulata,
821 3449 917 3502 sed
949 3449 1018 3502 ab
1054 3466 1119 3503 eo
1151 3466 1264 3502 non
1288 3449 1500 3502 exstitit
1546 3448 1848 3501 carnaliter

147 3537 400 3604 cognita.
458 3536 618 3589 Unde
666 3552 796 3589 cum
853 3537 1125 3591 dominus
1189 3539 1502 3607 imperator
1551 3541 1746 3606 ageret
1787 3535 1845 3587 in

149 3624 450 3691 extremis,
493 3623 848 3694 principibus
886 3630 942 3678 et
973 3624 1309 3694 parentibus
1354 3623 1545 3696 inquit
1588 3625 1658 3676 de
1701 3623 1842 3675 illa:

153 3736 178 3760 (ί
215 3713 459 3776 Qualem
503 3713 644 3766 mihi
695 3729 821 3766 eam
875 3714 1223 3783 assignastis,
1266 3713 1441 3766 talem
1508 3712 1665 3765 vobis
1723 3727 1850 3765 eam

153 3802 410 3871 resigno.
455 3801 743 3872 Virginem
779 3818 903 3855 eam
927 3802 1184 3868 dedistis,
1210 3808 1266 3854 et
1290 3801 1572 3872 virginem
1604 3801 1794 3854 reddo.
1822 3821 1848 3847 ››

156 3893 326 3945 Suam
370 3905 508 3961 ergo
568 3891 888 3961 virgitatem
949 3891 1189 3945 Domino
1229 3891 1581 3944 consecravit
1638 3895 1693 3942 et
1736 3905 1852 3942 ser-

156 3978 306 4032 vavit
337 3978 610 4032 intactam
644 3995 656 4032 :
687 3979 764 4033 ita
792 3979 942 4050 quod
983 3996 1112 4033 cum
1164 3979 1492 4050 aliquando,
1546 3977 1855 4048 instigante

161 4068 401 4123 humani
445 4068 671 4137 generis
717 4068 968 4135 inimico,
1040 4068 1286 4138 suspicio
1336 4069 1598 4138 quasdam
1661 4074 1858 4122 contra

160 4159 344 4229 ipsam
395 4157 594 4211 fuisset
650 4163 862 4224 exorta,
935 4157 1082 4226 ipsa,
1133 4163 1197 4211 ut
1249 4173 1408 4210 suam
1471 4157 1856 4211 innocentiam

162 4249 582 4301 demonstraret
644 4263 816 4315 super
861 4246 1078 4315 ignitos
1126 4262 1386 4299 vomeres
1432 4246 1601 4299 nudis
1647 4247 1857 4316 plantis

161 4337 411 4403 incessit,
455 4343 512 4390 et
566 4337 840 4405 processit
887 4336 1086 4390 illaesa.
1153 4338 1295 4390 Item
1329 4342 1557 4390 sanctus
1607 4336 1854 4406 impera-

162 4431 246 4478 tor
277 4423 554 4479 Henricus
605 4429 663 4477 et
711 4424 832 4478 haec
878 4424 1212 4494 imperatrix
1252 4424 1484 4494 egregia
1547 4425 1854 4494 Cunegun-

160 4515 244 4569 dis
272 4515 343 4569 de
379 4513 629 4584 propriis
667 4513 1034 4567 facultatibus
1093 4514 1680 4583 Bambenbergensem
1725 4515 1853 4567 fun-

159 4607 442 4660 daverunt
480 4603 776 4658 ecclesiam
827 4608 882 4657 et
922 4603 1305 4670 dotaverunt;
1357 4619 1528 4673 quam
1561 4619 1690 4656 cum
1740 4604 1857 4656 suis

161 4688 431 4743 omnibus
484 4686 844 4758 pertinentiis
907 4703 976 4740 ex
1029 4687 1252 4740 fervore
1305 4686 1622 4740 devotionis
1682 4702 1857 4755 quam

160 4779 226 4833 ad
295 4776 674 4848 apostolicam
721 4777 916 4830 sedem
957 4775 1268 4842 habebant,
1312 4776 1476 4829 beato
1519 4777 1683 4828 Petro
1718 4791 1855 4845 apo-

161 4868 440 4936 stolorum
467 4864 716 4936 principi
745 4865 1100 4930 obtulerunt,
1135 4880 1393 4918 annuum
1412 4864 1464 4918 ei
1503 4879 1761 4930 censum,
1785 4865 1857 4919 ad

160 4956 440 5010 indicium
485 4955 639 5026 quod
689 4954 836 5024 juris
884 4954 956 5008 sit
1007 4953 1266 5007 Ecclesiae
1315 4955 1609 5019 Romanas,
1643 4954 1862 5007 solven-

229 5143 341 5208 (84)
377 5139 694 5193 Eboracum
722 5138 893 5207 vulgo
949 5137 1183 5204 Ebrach,
1217 5135 1640 5208 nobilissimum
1675 5137 1864 5208 Fran-

162 5207 339 5266 conice
368 5209 789 5264 monasterium
824 5208 1043 5262 ordinis
1075 5207 1483 5270 Cisterciensis,
1526 5209 1583 5260 in
1628 5207 1860 5261 dioecesi

165 5279 565 5351 Herbipoleusi
595 5280 786 5351 situm,
817 5281 1080 5346 Ejusdem
1103 5279 1320 5332 ordinis
1351 5283 1438 5331 est
1467 5278 1858 5351 iLanckheimb,

164 5357 257 5408 sed
287 5349 350 5407 in
382 5354 506 5422 ipsa
562 5349 790 5405 dimcesi
835 5350 1285 5422 Bambergensi,
1325 5349 1633 5422 Conditum
1690 5349 1800 5401 fuit
1829 5366 1862 5401 a

167 5426 329 5478 beato
360 5419 569 5478 Ottone
591 5422 855 5491 episcopo
887 5419 1311 5491 Bambe’rgensi,
1352 5420 1496 5473 sicut
1517 5425 1573 5473 et
1619 5435 1862 5490 sequens

166 5496 570 5561 Heilbrunnem,
601 5493 739 5548 item
765 5493 984 5548 ordinis
1023 5491 1428 5548 Cisterciensis.

1957 3081 2182 3134 nullum
2205 3077 2413 3146 excipis
2438 3091 2656 3139 sexum,
2685 3075 3019 3142 nullamque
3043 3069 3432 3123 conditionem
3457 3064 3644 3118 exclu-

1956 3169 2062 3234 dis,
2099 3174 2153 3221 te
2209 3165 2542 3236 suppliciter
2581 3177 2901 3226 exoramus,
2955 3160 3192 3213 utsicut
3239 3158 3422 3212 beata:
3466 3154 3647 3208 Cune-

1957 3256 2133 3328 gundi
2165 3255 2370 3326 virgini
2394 3258 2525 3318 tuae,
2568 3258 2694 3322 post
2725 3250 2936 3303 terreni
2967 3250 3195 3301 culmen
3253 3243 3506 3313 imperii,
3539 3259 3651 3295 caa-

1958 3345 2112 3399 lestis
2162 3343 2328 3413 regni
2395 3341 2605 3394 solium
2673 3336 2978 3401 contulisti,
3031 3336 3106 3387 ita
3158 3332 3379 3386 meritis
3442 3332 3566 3400 ejus
3597 3333 3655 3382 et

1959 3433 2243 3503 precibus,
2284 3429 2449 3483 nobis
2498 3443 2727 3498 quoque
2777 3424 3006 3478 famulis
3044 3422 3157 3474 tuis
3194 3430 3421 3474 aeternae
3481 3416 3654 3471 felici-

1959 3522 2088 3575 tatis
2118 3519 2357 3590 praamia
2395 3516 2673 3586 largiaris.
2709 3516 2814 3567 Per
2848 3511 3181 3565 Dominum.

2686 3670 2939 3708 SECRETA.

2033 3793 2383 3852 Sacriﬁcium
2424 3789 2609 3845 laudis
2638 3794 2752 3843 tuae
2784 3787 2908 3853 tibi,
2943 3783 3183 3840 Domine
3243 3785 3391 3836 Deus
3438 3785 3649 3846 noster,

1964 3885 2276 3949 offerimus,
2338 3888 2496 3935 tuam
2552 3877 2918 3933 clementiam
2985 3875 3381 3944 implorantes,
3446 3873 3510 3923 ut
3554 3883 3657 3937 per

1963 3975 2135 4045 hujus
2163 3969 2501 4026 sacramenti
2546 3968 2835 4032 virtutem,
2895 3963 3283 4019 intercedente
3331 3960 3497 4012 beata
3551 3955 3655 4010 Cu-

1965 4062 2230 4133 negunde
2262 4060 2483 4130 virgine
2513 4061 2630 4122 tua,
2679 4072 2782 4108 nos
2829 4059 2884 4107 et
2930 4071 2962 4106 a
3010 4049 3253 4123 peccatis
3284 4046 3566 4118 expedias,
3602 4048 3659 4097 et

1967 4168 2000 4204 a
2029 4150 2297 4221 periculis
2327 4145 2558 4202 tuearis.
2587 4147 2692 4199 Per
2719 4142 3050 4197 Dominum.

2651 4300 2989 4338 COMPLENDA.

2036 4417 2464 4473 Sacramentum
2520 4406 2930 4478 redemptionis
2987 4406 3280 4468 humanas,
3361 4400 3517 4472 quod
3595 4401 3652 4454 in

1967 4509 2184 4562 honore
2266 4504 2447 4556 beatas
2519 4496 2888 4568 Cunegundis
2969 4492 3303 4556 obtulimus,
3373 4490 3479 4544 tibi
3529 4507 3654 4553 nos,

1969 4594 2230 4658 Domine,
2265 4591 2462 4644 reddat
2508 4592 2783 4656 acceptos,
2816 4589 2876 4638 ut
2902 4600 3005 4655 per
3035 4583 3146 4636 huc
3195 4580 3348 4651 quod
3381 4585 3439 4634 et
3495 4595 3660 4632 acce-

1967 4685 2158 4755 pimus
2188 4680 2297 4752 ipsi
2336 4680 2407 4733 de
2464 4683 2588 4744 tuo,
2636 4681 2691 4729 et
2743 4673 3043 4744 suscepisti
3090 4672 3158 4725 de
3217 4675 3432 4736 nostro,
3487 4670 3546 4722 in
3579 4667 3661 4721 tui

1969 4787 2196 4843 semper
2217 4769 2432 4824 unione
2465 4767 2720 4819 vivamus
2745 4779 2758 4818 :
2783 4763 2885 4834 qui
2915 4778 3046 4816 cum
3074 4762 3259 4814 Patre.

2045 4862 2247 4915 Datum
2335 4855 2596 4911 Laterani
2654 4869 2713 4906 ιιι
2773 4853 2963 4906 Nonas
3015 4847 3248 4919 Aprilis,
3299 4846 3664 4918 pontiﬁcatus

1971 4949 2152 5004 nostri
2195 4961 2346 5000 anno
2364 4944 2531 4998 tertio
2546 4984 2560 4997 .

2045 5133 2152 5204 (85)
2181 5131 2331 5204 Alias
2391 5126 2687 5204 Michaelis
2719 5125 2993 5204 Campus,
3039 5121 3256 5204 illustre
3296 5117 3666 5204 ordinis-rno-

1974 5189 2074 5259 str‘i
2116 5189 2436 5257 cmnobium
2469 5201 2539 5253 ab
2587 5197 2787 5251 eodem
2844 5189 3038 5268 sancto
3071 5193 3286 5268 _Ottou_e
3347 5189 3664 5268 conditum,

1974 5258 2134 5345 cujus
2166 5275 2435 5328 abbatum
2452 5269 2777 5345 catalogum
2808 5264 3038 5345 exhibet
3071 5261 3370 5345 Bucelinus
3413 5261 3478 5345 in
3526 5258 3665 5345 Cer-

1975 5328 2166 5400 mania
2185 5361 2362 5408 sacra,
2422 5358 2489 5396 ex
2529 5328 2673 5411 quo"
2693 5343 2847 5412 patet
2887 5331 3351 5412 tunc___temporis
3398 5328 3667 5412 A'dalbe‘r-

1973 5399 2095 5471 tum
2127 5419 2252 5485 ejus
2303 5399 2412 5468 loci
2451 5399 2713 5485 abbatem
2771 5408 2960 5464 fuisse.
3018 5405 3158 5460 Hinc
3197 5399 3400 5459 littera
3432 5401 3473 5456 D
3518 5399 3666 5456 forte

1975 5489 2066 5543 hic
2087 5484 2341 5542 damnum
2370 5484 2672 5556 signiﬁcat.
