3938 6322
179 331 184 336 “
233 327 336 378 223
1531 323 1587 376 S.
1635 321 1918 376 HENBICI
1959 319 2432 375 IMPERATOBIS

686 591 887 691 AD
999 589 1478 692 VITAM
1589 588 2206 692 SANCTE
2325 585 3310 691 CUNEGUNDIS

1596 756 2382 822 ADDITAMENTUM.

245 897 590 949 Monumenta
644 897 950 948 Germania:
989 895 1266 958 historica,
1320 893 1522 963 Script.
1560 899 1698 947 tom.
1733 894 1818 958 IV,
1878 909 2008 964 pag.
2049 897 2174 947 79t.
2213 922 2273 932 —
2308 911 2345 964 ia
2394 893 2456 946 In
2502 891 2698 964 codice
2746 890 3069 964 Monacensi
3126 891 3277 964 inter
3330 889 3756 964 Ransbofenﬁses

315 982 370 1018 n.
405 967 496 1032 40,
529 965 794 1030 membr.,
827 981 955 1018 saec.
988 981 1093 1032 xu,
1126 965 1424 1033 sequentia
1445 961 1520 1018 de
1567 961 1935 1034 Cunegunde,
1961 961 2095 1034 quae
2151 963 2478 1018 Ransbofen
2523 962 2800 1032 praedium
2833 962 3182 1034 possederat,
3225 963 3462 1034 ejusque
3506 961 3754 1034 familia,

315 1037 606 1105 leguntur,
638 1052 767 1106 quae
797 1053 829 1088 a
862 1036 982 1088 viro
1011 1037 1079 1089 cI.
1117 1032 1392 1103 Foringer
1425 1032 1947 1104 exscripta,'multa
1984 1032 2290 1088 continent
2329 1051 2472 1088 nova
2503 1039 2560 1088 et
2597 1038 2794 1086 notatu
2827 1033 2992 1086 valde
3014 1033 3208 1102 digna.
3240 1055 3267 1081 »
3312 1062 3380 1072 —
3411 1033 3541 1086 Haec
3573 1032 3636 1086 D.
3672 1032 3747 1086 G.

315 1106 493 1160 Waitz
524 1107 583 1160 in
603 1106 1026 1176 prolegomenis
1058 1106 1126 1158 ad
1157 1106 1217 1160 S.
1257 1106 1582 1160 Henricum.

314 1345 431 1399 XVI
459 1344 580 1397 Kal.
612 1342 794 1398 Martii
847 1342 1130 1396 ordinatio
1177 1341 1425 1396 Heinrici
1477 1341 1840 1413 imperatoris
1883 1347 1942 1395 et
1975 1343 2023 1394 A
2121 1342 2196 1395 Ill
2219 1341 2351 1394 Idus
2376 1340 2503 1394 Maii
2534 1340 2770 1394 Liukart
2801 1340 3111 1406 comitissa,
3144 1356 3306 1393 soror
3353 1339 3759 1408 Chunigundis

250 1430 648 1501 Chunigundis
673 1430 1075 1499 imperatricis.

317 1520 402 1573 XV
459 1520 584 1573 Kal.
635 1519 819 1572 Martii
862 1519 1038 1574 Gisila
1095 1518 1454 1590 imperatrix,
1509 1523 1694 1572 mater
1760 1517 1940 1571 sancti

247 1607 495 1660 Heinrici
535 1607 922 1676 imperatoris,
974 1607 1136 1660 obiit.

316 1695 384 1748 VI
439 1695 560 1748 Kal.
609 1695 791 1749 Martii
830 1695 1107 1749 adventus
1163 1700 1373 1749 sanctas
1441 1694 1624 1749 crucis
1683 1694 1744 1749 in
1798 1696 1940 1750 Con-

242 1782 482 1852 fungen.

315 1872 391 1924 Ill
419 1871 542 1924 Kal.
579 1871 760 1925 Martii
784 1871 1078 1926 Heinricus
1129 1871 1263 1938 dux,
1317 1871 1490 1926 frater
1545 1871 1940 1942 Chunigundis

241 1958 320 2012 im
327 1959 644 2028 peratricis,
679 1959 839 2014 obiit.

309 2051 477 2101 Anno
513 2047 821 2102 Dominicaa
895 2047 1310 2102 incarnationis
1392 2051 1548 2115 t033,
1626 2047 1939 2102 indictione

245 2136 437 2202 tertia,
464 2151 498 2188 v
523 2137 667 2190 Non.
693 2136 899 2203 Martii,
933 2136 1166 2190 domina
1199 2137 1578 2208 Cbunigunda
1603 2136 1938 2207 imperatrix

243 2227 506 2291 Augusta
531 2225 720 2294 dignae
752 2225 1045 2280 memorias
1067 2225 1226 2280 obiit.

319 2313 384 2367 Vl
447 2314 638 2367 Nonas
685 2313 811 2368 Maii
862 2314 1244 2368 Theodericus
1300 2315 1561 2369 Metensis
1612 2314 1936 2386 episcopus,

245 2401 421 2456 frater
449 2401 846 2472 Chunigundis
871 2402 1269 2473 imperatricis,
1312 2403 1474 2457 obiit.

318 2489 386 2543 VI
442 2489 630 2543 Nonas
677 2489 805 2544 Maii
859 2491 1194 2545 Ermindrut
1247 2491 1549 2558 abbatissa,
1609 2507 1770 2546 soror
1817 2493 1939 2562 ejus

247 2576 412 2631 obiit.

317 2666 405 2719 XV
443 2665 566 2719 Kal.
614 2666 764 2720 Junii
801 2666 1154 2733 Gisilbertus,
1190 2669 1365 2722 frater
1396 2667 1795 2740 Chunigundis
1827 2668 1942 2723 im-

245 2752 562 2820 peratricis,
601 2753 789 2823 Papiae
818 2755 1033 2809 occisus
1062 2756 1223 2810 obiit.

315 2841 578 2894 IINonas
646 2841 782 2895 Julii
829 2843 1208 2898 Chuonradus
1270 2845 1587 2916 imperator
1617 2847 1936 2918 Augustus,

246 2932 409 2998 pater
437 2928 684 2983 Heinrici
716 2930 1100 3002 imperatoris,
1145 2933 1308 2988 obiit.

2047 1429 2448 1499 imperatricis,
2484 1430 2647 1483 obiit.

2119 1521 2289 1572 Anno
2348 1517 2668 1571 Dominicaa
2729 1517 3141 1571 incarnationis
3219 1518 3374 1582 1024,
3438 1515 3760 1570 indictione

2053 1608 2321 1677 septima,
2379 1624 2436 1660 in
2484 1606 2616 1660 Idus
2665 1605 2820 1672 Julii,
2881 1607 3156 1659 transitus
3202 1607 3269 1659 ad
3316 1604 3756 1659 translationem

2049 1695 2228 1750 sancti
2285 1695 2534 1749 Heinrici
2588 1695 2972 1764 imperatoris.
3041 1695 3254 1748 Eodem
3328 1694 3418 1748 die
3467 1693 3758 1748 dedicatio

2051 1783 2475 1854 Confungensis
2551 1783 2821 1851 ecclesiae,
2893 1784 3122 1854 quando
3179 1784 3361 1837 velata
3409 1788 3490 1837 cst
3517 1782 3761 1836 domina

2049 1872 2446 1942 Cbunigundis
2477 1871 2812 1938 imperati-ix
2842 1875 3116 1943 Augusta.

2120 1962 2191 2015 IV
2225 1961 2349 2016 Kal.
2385 1961 2599 2031 Aprilis
2638 1959 2978 2029 Dietmarus,
3026 1966 3192 2032 pater
3233 1960 3533 2015 abbatissa:
3571 1961 3757 2026 Uotaa,

2049 2050 2211 2105 obiit.

2120 2139 2238 2193 XIll
2294 2138 2419 2192 Kal.
2461 2138 2718 2194 Octobris
2786 2139 3072 2193 abbatissa
3143 2140 3306 2204 Uota,
3371 2137 3488 2191 ﬁlia
3535 2137 3761 2192 sororis

2051 2226 2450 2297 Chunigundis
2479 2225 2875 2297 imperatricis,
2910 2226 3070 2280 obiit.
3470 2249 3475 2254 ·

2119 2317 2170 2370 ΙΙ
2224 2315 2356 2370 Idus
2405 2315 2659 2370 Octobris
2716 2314 3030 2382 Heinricus,
3085 2314 3236 2369 ﬁlius
3292 2314 3478 2368 fratris
3536 2313 3759 2368 Cliuni-

2049 2404 2260 2476 gundis
2303 2403 2700 2475 imperatricis,
2730 2404 2892 2458 obiit.

2123 2493 2164 2544 V
2193 2493 2316 2547 Kal.
2353 2489 2684 2547 Navembris
2729 2492 3044 2563 Sigefridus
3105 2494 3304 2548 Kunuz
3333 2507 3539 2557 comes,
3586 2497 3761 2562 pater

2053 2581 2453 2652 Chunigundis
2483 2581 2880 2651 imperatricis,
2914 2580 3082 2638 obiit.

2128 2671 2260 2724 Idus
2298 2671 2623 2724 Decembris
2653 2670 2886 2725 domina
2921 2669 3185 2724 Hedwich
3223 2669 3534 2735 comitissa,
3567 2675 3762 2723 mater

2055 2757 2454 2828 Cliunigundis
2483 2759 2880 2829 imperatricis,
2915 2757 3074 2812 obiit.

2122 2847 2332 2900 Eodem
2359 2846 2451 2900 die
2482 2848 2672 2917 Agnes
2721 2846 3073 2918 imperatrix,
3120 2847 3242 2916 ejus
3300 2846 3756 2916 consanguinea,

2048 2936 2215 2990 obiit.

1371 3247 1899 3345 SANCTI
2011 3252 2629 3347 HENRICI

1596 3429 2061 3484 IMPERATORIS
2102 3430 2400 3485 AUGUSTI

634 3575 1234 3700 LEGES
1335 3579 1563 3700 ET
1699 3577 3368 3707 CONSTITUTIONES

1335 3771 1543 3838 (Pertz,
1573 3774 1832 3838 Monum,
1864 3776 2039 3827 Germ.
2073 3773 2200 3827 hist.
2232 3775 2358 3840 Leg.
2393 3779 2533 3828 tom.
2569 3775 2663 3840 Il.)

257 3927 978 4006 Codicum-Ambrosiam,
1033 3929 1426 4006 Londinensis,
1472 3931 1806 4006 Florentini,
1861 3932 2335 4006 Vindobonensis,
2369 3935 2712 3989 Veronensis
2759 3940 2817 3990 et
2862 3935 3110 3990 Estensis
3168 3936 3316 4006 apud
3378 3937 3756 3992 Muratorium

325 4014 434 4068 ope
465 3998 714 4077 Heinrici
749 3999 988 4077 Il__lege_s
1039 4001 1525 4077 recognovimus._
1561 4004 1635 4056 De
1691 3998 1842 4056 anno
1872 4024 1880 4054 4

2201 3998 2355 4077 endaa
2385 4013 2574 4060 essent
2623 4006 3022 4072 dubitabatur;
3067 4024 3170 4060 nos
3201 3998 3333 4062 1019
3391 4008 3756 4077 ρι’ωῑυὶὶπιιιε

326 4070 662 4148 auctoritate
705 4069 1304 4148 codicisambrosiani
1330 4072 1703 4127 indictionem
1762 4075 1986 4148 tertiam
2024 4075 2349 4142 indicantis,
2409 4082 2464 4130 et
2501 4078 2680 4131 altero
2713 4078 2812 4148 qui
2841 4077 2900 4132 in
2929 4069 3210 4132 cal-culum
3266 4069 3459 4131 veni-re
3503 4084 3754 4148 poterat,

325 4157 476 4194 anno
525 4143 679 4209 1023,
712 4141 1130 4211 expeditionem
1163 4143 1411 4197 Italicam
1443 4160 1727 4199 annorum
1752 4147 1878 4200 1021

1271 4143 1411 4197 icam
1443 4160 1727 4199 annorum
1752 4147 1878 4200 1021
1918 4152 1974 4200 et
2006 4149 2142 4200 1022
2166 4141 2398 4218 propius
2427 4141 2823 4218 subsequente.

330 4405 627 4460 Heinricus
666 4409 685 4444 ¹
716 4407 816 4462 Dei
843 4409 1027 4479 gratia
1071 4410 1454 4465 miserationis
1483 4408 1507 4443 ³
1558 4411 1951 4466 Romanorum
1987 4413 2027 4468 C
2065 4412 2286 4484 vulgari
2319 4413 2552 4467 nomine
2582 4413 2919 4484 Strasburge
2950 4413 2975 4447 ⁸
2997 4419 3251 4479 vocatur,
3282 4413 3599 4466 multorum
3620 4429 3754 4482 per-

258 4493 570 4562 imperator
590 4498 899 4565 Augustus.
936 4498 1212 4553 Omnibus
1271 4500 1478 4554 nostris
1507 4499 1769 4555 ﬁdelibus
1797 4517 1948 4572 prae-

2062 4497 2290 4556 latum9
2345 4505 2430 4554 est
2474 4517 2508 4554 a
2557 4516 2660 4554 nos
2717 4501 3012 4566 relatione,
3074 4500 3228 4571 quod
3305 4499 3544 4567 plurimi
3617 4506 3756 4554 tunc

250 4581 507 4635 sentibus
538 4582 710 4636 etiam
742 4590 799 4637 et
825 4585 1031 4639 futuris
1056 4595 1258 4642 notum
1289 4589 1412 4643 tieri
1464 4591 1750 4658 volumus,
1797 4590 1953 4661 quod
2061 4594 2248 4657 erant,
2293 4589 2393 4660 qui
2431 4590 2535 4644 sub
2587 4589 2880 4642 occasione
2935 4588 3023 4642 his
3082 4588 3347 4658 periculis
3393 4588 3752 4643 laborabant.

251 4685 483 4738 semper
511 4671 594 4724 rei
644 4672 890 4740 publica;
955 4676 1346 4743 providentes,
1397 4693 1526 4747 quae.
1589 4679 1762 4749 digna
1798 4685 1949 4745 sunt,

252 4757 640 4827 probabilium
678 4764 699 4795 ³
754 4777 1134 4830 personarum
1192 4765 1371 4818 nostri
1424 4765 1653 4836 imperii
1692 4767 1950 4822 ﬁdelium

2063 4679 2220 4734 Unde
2259 4679 2431 4732 etiam
2466 4679 2642 4748 digna
2670 4677 2997 4747 provisione
3027 4677 3295 4731 omnibus
3337 4683 3755 4744 succurrentes,

2063 4767 2442 4821 adtestatione
2473 4766 2658 4821 laudis
2681 4781 2856 4836 quam
2903 4766 3160 4836 plurium
3204 4766 3367 4820 nobis
3405 4766 3756 4820 adstantium

255 4846 590 4916 acceptione
621 4852 642 4884 ι
684 4847 1064 4920 disponimus
1121 4852 1263 4906 Cum
1307 4857 1567 4924 tempore
1609 4857 1903 4909 auctumni
1933 4855 1955 4890 ⁵
2059 4855 2338 4920 ﬁdelium,
2384 4854 2947 4924 archiepiscoporum
2999 4854 3436 4908 Mediolanensis
3491 4854 3761 4913 videlicet

254 4938 315 4989 in
348 4940 509 5006 parte
541 4936 827 4992 Elisantiaa
857 4936 900 5004 δ,
932 4939 1116 4992 nostri
1158 4940 1323 5010 regni
1362 4957 1467 5011 pro
1522 4943 1768 4998 utilitate
1802 4945 1950 4997 mul-

257 5024 497 5093 timoda,
553 5039 914 5080 moraremur
951 5024 972 5060 ⁷
1021 5027 1081 5082 in
1153 5028 1380 5083 civitate
1423 5031 1756 5101 Argentina,
1822 5048 1951 5103 quae

2059 4949 2115 4998 et
2147 4943 2534 4998 Ravennensis
2563 4945 2629 5008 ιο,
2669 4944 3072 5013 episcoporum
3101 4943 3138 4978 ¹¹
3172 4958 3402 5013 quoque
3454 4942 3762 4996 Strasbur-

2057 5031 2251 5102 gensis
2317 5030 2386 5096 “,
2461 5031 2795 5099 Placentini,
2845 5031 3087 5086 Cumani
3153 5031 3542 5094 Vercellensis,
3617 5046 3760 5100 par-

1679 5161 1909 5215 VARLE
1950 5161 2342 5217 LECTIONES.

335 5267 352 5338 ξ
434 5267 629 5321 Versus
660 5272 718 5320 in
747 5267 808 5322 L.
841 5269 904 5320 V.
940 5267 1037 5320 Vn.
1089 5268 1152 5320 E.
1187 5265 1356 5336 Regis
1387 5265 1634 5320 Heinrici
1670 5268 1936 5321 laetantur
1962 5268 2090 5338 lege
2124 5269 2332 5322 mariti.
2366 5269 2627 5338 Praefatio
2681 5270 2793 5321 tota
2821 5249 2966 5321 deest
3019 5267 3079 5319 in
3109 5265 3184 5338 Fl.
3259 5267 3281 5300 ³
3312 5263 3761 5338 deest_L.__gratiz_n

262 5335 631 5391 miseratione
669 5340 739 5393 V.
783 5340 886 5392 Vn.
944 5339 1016 5391 E.

1100 5334 1614 5409 ’probabiliumque
1667 5339 1729 5392 L.
1808 5343 1882 5392 ια
1936 5341 1992 5392 αι
2025 5334 2274 5409 vectione
2324 5341 2386 5394 L.
2468 5337 2782 5409 5optumni
2813 5341 2871 5391 in
2925 5353 3112 5409 marg.»
3161 5336 3268 5389 hoc
3319 5341 3403 5388 est
3450 5334 3620 5409 indic.
3660 5335 3757 5409 ll_l_.

261 5407 422 5460 Amb.
499 5409 888 5462 ‘hmrisantiae
933 5411 1036 5462 Vn.
1092 5406 1379 5461 erisantiae
1427 5411 1488 5463 E.
1566 5406 2047 5464 7demoraremur
2087 5412 2154 5464 L.

269 5479 378 5530 Vn.
409 5480 480 5531 E.
512 5477 586 5558 “9
616 5480 903 5558 prolatum
937 5481 1014 5534 A.
1055 5479 1375 5558 perlatu_ad
1401 5496 1502 5558 nos
1524 5480 1774 5558 relatum
1804 5483 1989 5558 est.L.

2266 5408 2288 5443 ⁸
2322 5405 2619 5479 straburfge
2668 5411 2736 5463 A.
2788 5407 3153 5477 transburgie
3210 5409 3271 5460 L.
3327 5405 3636 5479 transburg
3693 5407 3756 5472 V,

2097 5482 2142 5524 ¹ο
2163 5481 2511 5535 trauerensis
2543 5483 2614 5534 Α.
2651 5479 2982 5533 rauenensis
3012 5480 3079 5534 V.
3156 5479 3256 5531 Vn.
3363 5478 3403 5513 “
3435 5492 3484 5529 e.
3541 5491 3598 5546 q.
3627 5481 3670 5529 t.
3701 5493 3757 5546 p.

266 5563 314 5603 c.
342 5549 706 5605 vercellensis
728 5553 786 5604 in
839 5566 1016 5621 marg.
1074 5565 1236 5622 supp.
1274 5551 1376 5608 Vn.
1454 5551 1945 5625 “tranburgensis
1973 5553 2048 5608 A.
2087 5551 2550 5623 transburgensis
2570 5553 2633 5607 L.
2673 5553 2737 5606 V.
2774 5553 2875 5606 γη.
2907 5553 2973 5606 Ε.
