3938 6306
150 281 253 333 225

1415 282 1633 339 LEGES
1672 284 1760 339 ET
1798 281 2411 347 CONSTITUTIONES.

3571 291 3673 343 226

152 403 384 469 mensis,
462 404 758 474 Aquensis,
825 404 1147 470 Januensis,
1194 407 1238 441 ¹³
1316 406 1611 471 Lunensis,
1664 406 1936 460 Vulte-A
1976 411 2073 460 aut
2102 411 2345 461 matrem
2401 410 2502 460 aut
2556 406 2791 459 fratrem
2823 410 2922 460 aut
2963 423 3219 461 sororem
3240 409 3328 462 vel
3379 414 3670 480 nepotem,

147 491 349 557 rensis,
384 493 428 528 ¹⁴
474 493 867 546 marcliionum
902 507 1133 563 quoque
1182 499 1238 548 et
1289 495 1566 549 comitum
1626 496 1857 549 Italien-

148 580 318 646 sium,
364 582 645 635 nobilium
692 598 826 634 vero
877 583 1212 647 multorum,
1274 585 1643 638 vassallorum
1679 586 1739 651 ¹⁵,
1767 601 1855 638 sa-

150 666 434 737 pientium
467 674 523 721 et
565 669 845 738 judicum,
877 670 1029 723 inter
1087 671 1268 725 multa
1306 687 1435 742 quas
1485 672 1568 725 rei
1616 672 1856 742 publicae

148 755 562 824 congruebant,
614 756 719 808 tria
767 756 1017 825 capitula
1069 757 1459 823 inseruimus;
1514 774 1643 828 quas
1703 763 1767 812 ut
1812 761 1857 795 ¹⁶

149 843 217 895 ab
266 844 535 897 omnibus
586 845 626 879 ιτ
692 848 888 898 nostro
938 845 1207 914 subjectis
1255 846 1501 916 imperio
1561 845 1607 883 ¹⁸
1662 848 1852 901 obser-

149 936 354 986 ventur
400 933 699 1003 stabilique
749 934 1146 987 observatione
1196 940 1521 1003 teneantur,
1569 936 1775 989 amodo
1802 941 1858 990 et

150 1021 418 1090 deinceps
472 1023 793 1088 statuimus,
828 1023 1099 1091 jubemus
1157 1020 1201 1056 '9
1250 1029 1305 1076 et
1358 1022 1603 1077 ﬁrmiter
1656 1025 1855 1095 praeci-

148 1110 360 1178 pimus.
400 1110 529 1162 Haec
591 1115 725 1162 sunt
790 1126 918 1180 quas
963 1110 1368 1164 inviolabiliter
1426 1112 1716 1165 observari
1761 1113 1854 1183 ju-

148 1196 372 1250 bemus.

217 1286 356 1355 Cap.
395 1289 445 1339 l.
498 1286 853 1356 Quicumque
883 1302 949 1340 ex
991 1303 1352 1358 quacumque
1394 1287 1625 1342 natione
1663 1288 1853 1358 legiti-

145 1390 303 1427 mam
358 1390 599 1429 uxorem
653 1375 867 1445 accepit
908 1374 977 1441 *0,
1028 1377 1115 1429 vel
1173 1378 1452 1447 acceperit
1508 1380 1567 1444 ³³,
1628 1378 1673 1430 si
1729 1394 1855 1432 eam

147 1463 295 1515 mori
336 1464 645 1533 contigerit
687 1466 809 1518 sine
859 1464 990 1517 ﬁliis
1038 1463 1086 1499 ’³
1130 1481 1331 1518 eorum
1402 1467 1725 1533 amborum,
1770 1466 1857 1520 vir

144 1568 265 1604 sua:
324 1553 490 1605 uxori
546 1554 807 1607 succedat
884 1559 941 1607 et
1005 1554 1199 1607 omnia
1248 1554 1403 1607 bona
1469 1555 1592 1623 ejus
1670 1556 1852 1625 perci-

144 1641 286 1709 piat.

213 1730 267 1782 Ξ).
301 1728 660 1800 Quicumque
699 1736 938 1800 propter
985 1730 1360 1801 cupiditatem
1407 1748 1598 1786 rerum
1632 1736 1853 1803 patrem

1967 497 2053 548 vel
2093 495 2344 565 aliquem
2395 510 2563 548 suum
2611 497 2655 530 ³³
2711 495 3128 566 propinquum,
3184 512 3287 565 per
3343 514 3401 550 se
3434 504 3534 552 aut
3572 516 3676 569 per

1965 585 2144 637 alium
2176 583 2544 649 interfecerit,
2595 582 2882 636 hereditas
2929 584 3213 637 interfecti
3261 586 3330 638 ad
3365 585 3507 639 alios
3545 604 3677 641 suos

1963 672 2255 742 legitimos
2304 672 2542 726 heredes
2594 670 2910 741 perveniat.
2970 672 3356 726 luterfectoris
3409 690 3542 728 vero
3576 676 3675 729 he-

1963 761 2173 814 reditas
2204 760 2261 813 in
2301 760 2435 814 ﬁsco
2496 760 2805 829 redigatur.
2860 761 2984 830 Ipse
3036 777 3167 813 vero
3200 761 3501 816 ordinante
3543 764 3669 833 epi-

1965 866 2135 919 sc0po
2185 849 2411 919 publica
2459 849 2794 918 poenitentia
2850 849 3126 902 subdetur
3163 849 3227 904 ²⁴.
3282 850 3444 913 Quod
3499 851 3545 905 si
3576 853 3671 905 ille

1964 937 2064 1007 qui
2114 937 2351 990 crimine
2408 937 2686 1007 arguitur,
2746 953 2955 1007 negare
3013 939 3276 1006 voluerit,
3314 954 3418 1007 per
3473 956 3532 992 se
3560 956 3669 1010 pu—

1962 1041 2136 1095 gnam
2168 1025 2375 1091 faciat;
2411 1042 2513 1078 nec
2545 1026 2710 1080 liceat
2739 1026 2790 1078 ei
2830 1026 3189 1096 campionem
3217 1027 3264 1062 π
3306 1043 3410 1096 pro
3443 1044 3501 1081 se
3533 1028 3669 1083 dare

1964 1115 2072 1167 nisi
2126 1114 2413 1183 decrepita
2469 1117 2605 1167 aetas
2661 1120 2760 1169 aut
2810 1113 3104 1184 juvenilis,
3187 1120 3283 1169 aut
3338 1116 3670 1187 inﬁrmitas,

1963 1219 2220 1273 pugnare
2252 1202 2614 1273 prohibuerit
2644 1202 2776 1272 (86).

2034 1294 2085 1345 3.
2116 1290 2223 1355 Qui
2264 1307 2394 1344 vero
2420 1289 2467 1325 ²⁶
2525 1291 2671 1344 infra
2703 1296 2958 1345 treuvam
3014 1291 3102 1345 vel
3151 1295 3194 1328 ετ
3247 1293 3444 1347 datum
3516 1294 3674 1363 pacis

1963 1380 2221 1433 osculum
2273 1379 2523 1450 aliquem
2588 1379 2883 1432 hominem
2940 1380 3287 1435 interfecerit
3353 1386 3410 1434 et
3460 1398 3671 1451 negare

1961 1467 2221 1533 voluerit,
2277 1482 2529 1536 pugnam
2586 1482 2687 1536 per
2739 1483 2797 1519 se
2854 1466 3024 1519 faciat
3073 1488 3087 1535 ;
3150 1483 3253 1521 nec
3307 1468 3667 1538 campionem

1961 1572 2066 1624 pro
2097 1571 2154 1607 se
2185 1554 2361 1620 dabit,
2395 1555 2504 1607 nisi
2532 1555 2604 1607 sit
2634 1552 2681 1587 ’3
2733 1560 2796 1608 ut
2846 1555 3061 1608 dictum
3112 1561 3197 1609 est
3251 1573 3423 1626 supra
3485 1557 3552 1610 ’9.
3606 1558 3665 1611 Si

1966 1660 2096 1697 vero
2129 1642 2421 1696 convictus
2468 1642 2660 1711 fuerit,
2698 1659 2928 1697 manum
2988 1660 3103 1714 qua
3132 1644 3505 1698 homicidium
3536 1645 3673 1699 fecit

1972 1732 2194 1786 amittat
2219 1733 2352 1802 (8‘7).

808 2005 909 2088 S.
1027 2006 1586 2092 HENRICI
1690 2008 2105 2092 LEGES
2212 2008 3012 2094 PAPIENSES.

1609 2162 1743 2227 (An.
1782 2163 1937 2229 1022,
1978 2163 2123 2229 Aug.
2164 2160 2233 2232 1).

178 2285 422 2338 Exstant
453 2283 512 2338 in
532 2284 673 2339 actis
702 2284 905 2354 synodi
936 2284 1233 2354 Papiensis
1262 2301 1295 2338 a
1352 2285 1654 2340 Benedicto
1686 2288 1803 2341 VIll
1854 2287 2086 2356 habitae,
2134 2305 2167 2343 a
2196 2289 2461 2344 Cossarto
2513 2305 2580 2343 ex
2621 2289 2815 2345 codice
2865 2290 2927 2345 in
2966 2290 3082 2347 ﬁne
3121 2309 3353 2347 corroso
3383 2296 3540 2348 torno
3574 2296 3637 2348 1X

1055 2356 1405 2410 collectionis
1432 2358 1805 2412 conciliorum
1840 2360 2174 2414 Parisiensis
2203 2377 2295 2414 an.
2334 2363 2461 2414 1671
2495 2360 2746 2417 insertis.

715 2477 973 2533 ORATIO
1006 2480 1223 2533 PAPIE.

208 2652 550 2708 Communis
580 2652 782 2719 honor,
826 2654 1148 2708 communis
1186 2656 1365 2719 dolor,
1426 2662 1602 2711 etc....
1637 2661 1851 2713 Autore

139 2743 319 2812 igitur
378 2743 494 2795 Deo
552 2747 608 2796 et
668 2743 1021 2813 principibus
1070 2744 1277 2797 nostris
1330 2747 1495 2799 Petro
1549 2752 1604 2800 et
1652 2748 1851 2817 Paulo,

138 2831 384 2885 ﬂorente
415 2830 826 2900 gloriosissimo
859 2832 979 2885 tilio
1012 2838 1205 2886 nostro
1234 2834 1297 2888 H.
1333 2850 1559 2905 semper
1587 2840 1848 2905 augusto,

140 2920 596 2992 approbantibus
625 2920 895 2975 fratribus
930 2922 1138 2975 nostris
1169 2927 1225 2976 et
1254 2925 1524 2978 omnibus
1561 2942 1852 2980 consacer-

1960 2484 2207 2552 dotibus,
2239 2486 2392 2540 hunc
2420 2486 2497 2540 ita
2525 2487 2593 2541 de
2643 2488 2857 2542 muudo
2887 2490 3157 2544 tollamus
3190 2507 3466 2557 errorem,
3509 2496 3565 2545 et
3593 2491 3674 2545 ita

1960 2572 2107 2626 hanc
2134 2574 2573 2644 intelligentiam
2603 2575 2874 2629 omnibus
2906 2578 3146 2645 saeculis,
3189 2579 3349 2631 omni
3381 2579 3671 2633 dubietate

1960 2660 2177 2730 fugata,
2221 2660 2613 2726 infundamus,
2668 2666 2731 2715 ut
2771 2663 2944 2716 nullis
2990 2680 3265 2734 umquam
3314 2667 3670 2735 temporibus

1959 2748 2081 2802 haec
2138 2749 2315 2819 pestis
2371 2749 2697 2820 repullulet,
2742 2766 2844 2804 nec
2891 2767 3167 2822 umquam
3216 2754 3277 2807 in
3308 2754 3517 2808 talibus
3549 2755 3670 2809 sine

1959 2854 2128 2892 causa
2196 2842 2459 2892 secutura
2516 2838 2819 2908 posteritas
2895 2840 3135 2894 dubitet.
3198 2843 3262 2895 Et
3317 2849 3382 2897 ut
3433 2843 3668 2896 ﬁrmum

1958 2932 2090 2997 post
2142 2927 2248 2981 hac
2292 2928 2443 2998 quod
2472 2928 2760 2982 sancimus
2811 2935 3165 2999 permaneat,
3208 2937 3263 2985 et
3313 2932 3374 2985 in
3404 2931 3547 2985 ﬁnes
3578 2948 3674 2986 or-

1571 3063 1809 3119 VARI/E
1862 3065 2239 3120 LECTIONES

210 3157 458 3212 “vocem
495 3161 670 3227 recepi
713 3174 781 3212 ea:
819 3161 882 3213 L.
951 3158 996 3196 “
1034 3160 1178 3214 deest
1222 3163 1286 3214 E.
1349 3162 1392 3196 ’δ
1433 3178 1574 3215 uas..

1645 3179 1775 3216 SOI‘U
1786 3180 1840 3216 m
1900 3179 2033 3217 ρονν.
2105 3180 2506 3219 uasuassorum

2576 3168 2649 3218 Α.
2720 3163 2764 3200 ¹⁸
2802 3164 2965 3218 etA.
3042 3165 3084 3201 ¹⁷
3151 3163 3489 3217 hominibus
3537 3167 3647 3220 Vn.

143 3228 187 3263 ¹⁸
246 3230 429 3283 nostri
484 3229 711 3304 imperii
738 3231 807 3284 Α.
850 3232 909 3285 V.
956 3232 1053 3304 Vn.
1117 3232 1185 3284 E.
1221 3229 1267 3263 '9
1306 3231 1452 3304 deest
1481 3234 1537 3286 L.
1567 3230 1620 3304 ί²⁰
1661 3241 2004 3302 acceperunt
2075 3236 2140 3289 Α.
2190 3237 2251 3288 V.
2320 3237 2419 3288 Vn.
2486 3235 2705 3304 accepit
2736 3303 2741 3304 γ
2770 3237 2857 3288 vel
2909 3238 2966 3288 in
3000 3234 3118 3288 cod.
3190 3235 3359 3288 Lond.
3413 3237 3663 3289 secunda

137 3316 307 3354 manu
337 3304 603 3371 inscrtum
657 3303 699 3336 ²¹
733 3303 1054 3371 acceperint
1088 3304 1152 3356 V.
1191 3305 1296 3355 Vn.
1362 3301 1408 3337 ²²
1477 3303 1628 3367 ﬁliis,
1697 3301 1923 3358 filiabus
1962 3307 2032 3359 A.
2063 3309 2107 3340 ²³
2148 3307 2234 3359 vel
2290 3308 2469 3360 alium

2500 3322 2563 3375 p.
2604 3303 2662 3360 L.
2726 3303 2774 3341 ²⁴
2817 3306 3106 3372 publicam
3171 3312 3302 3374 agat
3368 3306 3664 3374 poeniten-

137 3372 278 3451 tiam
399 3370 447 3407 ²⁸
511 3370 928 3451 campbionemn
972 3371 1033 3425 L.
1079 3374 1145 3451 V._
1181 3375 1283 3451 Vn_.
1346 3374 1431 3427 hic
1491 3379 1541 3428 et
1592 3375 1763 3445 infra.
1802 3373 1852 3410 ³⁵
1913 3376 2058 3431 deest
2089 3380 2153 3431 Α.
2214 3375 2260 3411 ²τ
2324 3393 2373 3430 v.
2406 3370 2536 3447 post
2600 3376 2657 3431 d.
2698 3377 2760 3430 L.
2793 3370 2842 3413 ⁸⁸
2897 3376 3044 3429 deest
3082 3377 3169 3441 V.,
3211 3370 3552 3429 'ansicut
3591 3379 3668 3430 E.

1855 3516 2059 3571 NOTAE

210 3610 322 3684 (86)
350 3611 520 3680 Apud
562 3611 933 3684 Muratorium
984 3611 1157 3681 capiti
1210 3614 1263 3665 2.
1316 3611 1701 3681 subjiciuntur
1730 3614 1840 3667 for-
1874 3614 1914 3667 C
1953 3629 2063 3684 que
2116 3612 2292 3667 talis:
2351 3614 2625 3669 advocato
2674 3613 2821 3667 victo
2890 3618 2953 3667 ut
3009 3628 3245 3666 manum
3310 3612 3533 3682 perdat,
3568 3618 3669 3668 aut

138 3443 353 3496 nisicut
373 3458 518 3498 corr.
550 3439 661 3495 nisi
691 3447 755 3496 ut
782 3446 858 3496 Α.
882 3439 928 3478 ’9
960 3443 1221 3513 superius
1253 3446 1309 3498 L.

143 3683 315 3735 mula:
340 3687 559 3735 veteres
588 3698 729 3752 quas
771 3683 862 3736 hic
905 3687 1314 3754 repraesentare
1343 3700 1547 3754 roperas
1598 3685 1848 3754 pretium

142 3754 410 3825 duximus
442 3768 455 3805 :
488 3782 559 3825 -έ-
613 3774 639 3801 ‹‹
671 3755 852 3818 Petre,
884 3759 968 3825 te?
998 3755 1250 3825 appellat
1302 3753 1616 3816 Martinus,’
1637 3755 1736 3825 qui
1767 3761 1849 3809 est

143 3823 453 3877 advocatus
501 3824 570 3876 de
602 3828 761 3893 parte
814 3824 1059 3894 publica,
1104 3824 1255 3894 quod
1314 3830 1372 3877 tu
1425 3823 1683 3879 occidisti
1708 3826 1849 3879 Mar-

144 3895 431 3964 quardum
468 3898 633 3947 tuum
687 3899 905 3964 patrem
966 3912 1068 3965 per
1123 3895 1512 3964 cupiditatem,
1548 3902 1646 3949 aut
1670 3897 1849 3950 inter-

142 3966 233 4019 ﬁci
265 3966 469 4018 fecisti.
509 3966 631 4018 Non
661 3967 846 4035 placet
893 3967 1025 4020 Deo.
1089 3967 1182 4018 Vis
1240 3966 1291 4018 ei
1341 3967 1602 4020 adardire
1628 3968 1657 4020 ?
1690 3968 1846 4022 Volo.

143 4036 374 4090 Vadiate
427 4052 699 4106 pugnam.
744 4036 881 4100 Quae
931 4037 1257 4090 vadimonia
1304 4038 1514 4090 debent
1553 4054 1674 4091 esse
1719 4054 1849 4092 cum

145 4107 582 4176 ﬁdejussoribus
608 4107 775 4160 tacita
823 4124 1012 4176 poena.
1054 4109 1227 4177 Cujus
1273 4108 1467 4177 placiti
1499 4116 1849 4163 sacramenta

145 4179 221 4231 ita
245 4195 371 4232 esse
427 4178 655 4232 debent.
721 4179 1035 4232 Advocatus
1083 4180 1291 4247 juret:
1348 4179 1425 4231 De
1482 4179 1590 4232 hoc
1623 4181 1772 4234 unde
1794 4186 1849 4233 te

145 4250 452 4320 appellavi,
510 4264 600 4302 me
632 4248 845 4302 sciente
876 4250 945 4303 de
976 4255 1124 4303 torto
1153 4255 1206 4302 te
1234 4264 1346 4301 non
1398 4251 1697 4319 appellavi.
1741 4254 1852 4320 Ap-

142 4322 392 4389 pellatus
420 4320 503 4372 ita
531 4336 543 4372 :
579 4322 655 4374 De
676 4320 800 4387 hoc,
828 4320 977 4373 unde
1021 4325 1081 4373 tu
1116 4336 1204 4372 me
1235 4320 1560 4389 appellasti,
1601 4321 1671 4375 de
1701 4325 1848 4375 torto

144 4408 234 4445 me
268 4391 591 4460 appellasti.
649 4390 716 4443 Et
742 4391 860 4443 haec
909 4390 1202 4460 responsio
1249 4390 1422 4443 debet
1446 4407 1567 4443 esse
1601 4397 1847 4457 tantum,

144 4462 281 4515 dum
341 4461 645 4514 advocatus
693 4461 952 4515 adardiat
1000 4462 1053 4514 ei
1112 4462 1342 4514 bellum.
1392 4461 1450 4515 Si
1502 4478 1629 4515 vero
1677 4463 1848 4516 advo-

144 4539 304 4586 catus
335 4548 453 4586 non
506 4532 627 4603 vult
662 4532 713 4584 ei
744 4532 1028 4596 adardire,
1082 4538 1217 4584 tunc
1264 4533 1582 4601 appellatus
1623 4533 1849 4603 jureju-

145 4604 325 4657 rando
383 4602 697 4656 secundum
756 4619 921 4656 suam
977 4603 1161 4671 legem
1219 4618 1277 4655 se
1330 4602 1637 4673 defendat,
1670 4602 1851 4657 itaut

145 4676 451 4728 advocatus
498 4678 664 4726 antea
697 4689 813 4727 non
853 4675 1021 4744 juret.
1057 4673 1123 4726 Et
1152 4674 1261 4727 hoc
1291 4689 1394 4741 per
1417 4690 1606 4727 usum.
1656 4675 1724 4727 Et
1744 4675 1850 4728 hoc

146 4746 317 4799 debet
347 4760 470 4797 esse
498 4744 559 4797 in
606 4744 873 4797 omnibus
920 4745 1421 4813 appellationibus.
1478 4746 1560 4798 lbi
1607 4753 1848 4815 utraque

145 4832 264 4870 esse
315 4820 571 4885 possunt.
633 4815 691 4868 Si
738 4831 871 4868 vero
918 4821 1142 4869 tantum
1202 4821 1557 4869 sacramenta
1598 4832 1719 4869 esse
1747 4818 1849 4869 de—

145 4887 301 4951 bent,
349 4891 485 4939 tunc
550 4885 868 4955 appellatus
900 4886 1057 4955 juret
1103 4886 1413 4939 secundum
1469 4902 1631 4940 suam
1661 4887 1847 4956 legem
1876 4904 1919 4957 D

147 4958 363 5028 absque
386 4956 1050 5028 sacramentoiadvocati.
1085 4958 1271 5021 Petre,
1327 4962 1380 5010 te
1411 4959 1661 5027 appellat
1712 4959 1851 5011 Mar-

146 5027 324 5096 tinus,
375 5028 532 5097 quod
585 5027 838 5099 occidisti
881 5027 1271 5097 Marculphum
1315 5043 1507 5099 suum,
1542 5033 1764 5099 patrem
1795 5034 1852 5083 et

146 5104 314 5153 tuum
356 5114 461 5167 per
488 5097 877 5166 cupiditatem,
907 5104 1005 5152 aut
1037 5099 1279 5152 interﬁci
1332 5097 1646 5152 fecistiIDe
1700 5104 1850 5153 torto

147 5185 238 5223 me
296 5168 620 5239 appellasti.
680 5168 773 5222 Vis
840 5169 892 5222 ei
947 5169 1206 5223 adardire
1240 5168 1267 5223 ?
1296 5169 1448 5222 Volo.
1483 5171 1547 5222 Et
1578 5175 1640 5223 tu
1669 5170 1753 5222 vis
1795 5175 1852 5224 te

150 5238 513 5295 defendere?
558 5239 714 5294 Volo.
780 5239 1010 5293 Vadiate
1057 5255 1333 5309 pugnam.
1387 5240 1445 5293 Si
1464 5255 1604 5293 vero
1656 5242 1853 5310 appel-

148 5311 371 5365 latoris
411 5311 665 5364 noluerit
714 5310 994 5378 adardire,
1028 5316 1164 5364 tunc
1217 5312 1392 5380 juret,
1436 5315 1497 5363 ut
1546 5326 1720 5379 supra
1770 5311 1854 5364 di-

150 5389 301 5436 ctum
343 5388 447 5435 est.
502 5382 568 5435 Et
615 5382 940 5451 appellatus
994 5380 1277 5447 similiter,
1327 5385 1391 5434 ut
1435 5396 1626 5450 supra.
1661 5380 1851 5435 Sacra-

150 5455 431 5507 mentales
460 5468 593 5505 vero
636 5455 855 5523 jurent.
918 5454 1052 5517 Hoc,
1096 5452 1247 5523 quod
1287 5452 1604 5523 appellatus
1645 5451 1862 5523 juravit

152 5523 586 5595 verumjuravit
623 5522 720 5578 {Si
753 5524 922 5580 Deus.
980 5522 1156 5577 Pmna
1205 5538 1334 5576 vero
1394 5522 1659 5576 imminet
1688 5522 1858 5576 utris-

1960 3685 2223 3750 redimat,
2260 3690 2317 3738 et
2344 3685 2670 3755 propinquo
2720 3684 2985 3738 similiter
3016 3700 3030 3749 ;
3085 3684 3396 3754 appellato,
3449 3692 3514 3738 ut
3549 3701 3671 3741 non

1959 3756 2167 3808 habeat
2194 3756 2588 3810 liasreditatem
2615 3756 2896 3810 interfecti
2924 3774 2938 3823 ;
2981 3771 3142 3808 suam
3187 3755 3419 3825 quidem
3447 3755 3672 3824 perdat,

1960 3828 2218 3879 bannum
2249 3828 2444 3886 solvat.
2493 3844 2728 3881 manum
2759 3827 2982 3880 amittat
3041 3833 3140 3879 aut
3171 3826 3436 3891 redimat,
3472 3825 3529 3879 id
3562 3832 3669 3889 est,

1960 3902 2021 3949 ut
2048 3896 2331 3967 widrigild
2364 3898 2596 3964 tribuat,
2639 3905 2697 3952 et
2747 3899 3049 3953 ordinante
3098 3898 3365 3967 episcopo
3422 3897 3668 3966 publica:

1957 3970 2311 4037 pmnitentias
2359 3969 2652 4022 subdatur.
2687 3968 2745 4023 Si
2791 3984 2923 4022 vero
2957 3968 3022 4021 lis
3066 3984 3168 4037 per
3210 3974 3566 4021 sacramenta
3601 3968 3672 4021 ab

1959 4040 2219 4108 utrisque
2257 4039 2511 4102 ﬁniatur,
2554 4041 2711 4092 nulla
2748 4056 2917 4108 paena
2948 4039 3027 4091 eis
3072 4038 3391 4092 immineat.
3443 4039 3500 4092 Si
3532 4054 3667 4091 vero

1957 4111 2284 4178 advocatus,
2319 4111 2405 4164 vel
2450 4126 2678 4179 parens,
2715 4110 3061 4179 juraverint,
3100 4115 3156 4162 et
3184 4125 3314 4162 reus
3362 4125 3420 4162 se
3461 4110 3667 4179 puriﬁ-

1958 4196 2084 4233 care
2141 4196 2312 4233 ausus
2365 4197 2480 4233 non
2525 4181 2718 4247 fuerit,
2802 4185 2939 4233 tunc
2986 4180 3370 4249 supradictam
3431 4195 3663 4248 poenam

1959 4251 2275 4304 substineat
2295 4256 2504 4320 praeter
2523 4250 2823 4321 widrigild.
2863 4272 2883 4298 »

2027 4325 2145 4390 (87)
2209 4319 2467 4375 Formulz
2509 4319 2846 4376 veteresz—
2890 4321 3072 4384 Petre,
3106 4323 3160 4372 te
3213 4319 3468 4388 appellat
3520 4320 3664 4373 Mar-

1958 4392 2131 4459 tinus,
2165 4393 2319 4460 quod
2352 4398 2412 4445 tu
2443 4393 2694 4446 occidisti
2728 4393 3008 4445 Donatum
3041 4406 3207 4443 suum
3239 4398 3465 4459 patrem
3516 4390 3666 4443 infra

1958 4469 2237 4523 treuvam,
2268 4462 2355 4514 vel
2401 4462 2548 4515 infra
2601 4464 2800 4517 datum
2856 4461 3113 4514 osculum
3169 4461 3340 4530 pacis.
3403 4462 3479 4514 De
3509 4466 3664 4515 torto

1959 4550 2049 4587 me
2090 4531 2412 4601 appellasti.
2475 4533 2568 4585 Vis
2623 4534 2675 4586 ei
2730 4532 2994 4586 adardire
3022 4533 3048 4585 ‘?
3085 4533 3238 4585 Volo.
3280 4533 3343 4585 Et
3380 4536 3443 4585 tu
3493 4533 3573 4584 vis
3614 4535 3669 4584 te

1964 4602 2316 4658 defendere?
2350 4603 2521 4673 Volo.
2590 4602 2822 4656 Vadiate
2889 4619 3165 4673 pugnam.
3235 4604 3409 4673 Cujus
3466 4602 3665 4672 placiti

1959 4678 2313 4728 sacramenta
2344 4672 2426 4726 ita
2454 4677 2605 4727 sunt.
2646 4672 2997 4743 Appellator’
3021 4675 3213 4743 juret:
3246 4672 3325 4727 De
3356 4675 3483 4739 hoc,
3516 4673 3668 4727 unde

1959 4752 2014 4798 te
2049 4744 2352 4814 appellavi,
2388 4745 2543 4814 quod
2570 4749 2629 4798 tu
2662 4745 2916 4799 occidisti
2958 4751 3179 4814 patrem
3239 4760 3431 4797 meum
3483 4745 3666 4797 Dona-

1959 4822 2080 4869 tum
2121 4815 2268 4868 infra
2307 4820 2585 4878 treuvam,
2631 4817 2716 4869 vel
2757 4815 2905 4869 infra
2955 4817 3149 4869 datum
3183 4817 3441 4868 osculum
3490 4814 3669 4884 pacis,

1958 4903 2050 4940 me
2090 4886 2301 4940 sciente
2334 4885 2403 4940 de
2430 4892 2581 4940 torto
2610 4891 2664 4940 te
2721 4902 2837 4939 non
2868 4886 3145 4957 appellavi
3188 4902 3201 4939 :
3262 4886 3317 4939 Si
3352 4887 3518 4957 Deus.
3553 4890 3669 4957 Ap:-

1959 4958 2202 5028 pellatus
2232 4957 2313 5011 ita
2350 4973 2363 5011 :
2419 4958 2495 5010 De
2525 4957 2653 5022 hoc,
2710 4957 2860 5010 unde
2893 4956 2954 5010 tu
3009 4973 3100 5028 me
3133 4956 3475 5028 appellasti,
3515 4956 3668 5028 quod

1961 5026 2068 5099 ego
2130 5028 2464 5083 occidissem
2519 5034 2757 5099 patrem
2808 5033 2975 5081 tuum
3048 5026 3205 5099 infra
3264 5032 3546 5099 treuvam,
3601 5026 3670 5079 de

1960 5096 2111 5153 torto
2151 5115 2243 5153 me
2300 5096 2646 5170 appellasti:
2707 5098 2973 5170 SiDeus.
3039 5097 3097 5152 Si
3151 5113 3283 5151 vero
3350 5096 3673 5166 appellator

1960 5171 2214 5224 noluerit
2243 5169 2529 5234 adardire,
2561 5175 2698 5223 tunc
2753 5169 2819 5223 lis
2848 5169 3082 5222 ﬁniatur
3130 5184 3233 5239 per
3290 5172 3671 5239 sacramenta.

1964 5241 2309 5311 utsuperius
2367 5241 2633 5296 diximus.
2683 5242 2855 5294 Poena
2878 5237 3345 5311 verorutr'iusque
3384 5237 3670 5290 imminet.

1965 5310 2315 5383 Appe’llatori
2366 5328 2521 5379 vero,
2556 5311 2603 5365 si
2658 5311 2837 5365 victus
2894 5310 3087 5377 fuerit,
3132 5315 3209 5383 Aut
3262 5324 3677 5383 manum_per-

1969 5379 2084 5448 dat,
2144 5388 2243 5436 aut
2298 5383 2557 5438 redimat.
2632 5384 2951 5454 Appellato,
3015 5387 3076 5434 ut
3132 5380 3393 5454 bannum
3450 5379 3675 5454 solvat,

1970 5468 2238 5578 manuarit
2272 5454 2495 5523 perdat,
2555 5457 2612 5508 et
2676 5450 3055 5507 homicidium
3115 5451 3432 5505 secundum
3488 5450 3678 5521 legem

1971 5539 2137 5577 emen
2184 5542 2212 5578 e
2249 5565 2259 5576 .

1971 5528 2259 5578 emendet.
