3938 6312
296 296 400 349 227

1600 291 1656 346 S.
1708 292 1991 348 HENRICI
2030 291 2500 347 IMPERATORIS

3701 295 3814 346 228

294 419 383 474 bis
425 423 596 473 terra
662 417 1117 472 conservandum
1188 416 1505 487 perveniat,
1580 416 1756 471 totius
1824 416 1998 486 hujus
2027 416 2072 469 A
2105 415 2201 486 jus
2231 415 2398 470 liberi
2426 415 2646 470 titulari
2675 414 3168 486 prasumpserint,
3202 415 3564 470 anathemate
3594 415 3820 470 ferien-

298 523 524 562 summa
579 505 875 559 sententia
922 505 1028 560 hac
1083 505 1262 559 nostri
1305 505 1488 559 forma
1543 503 1774 571 decreti,
1807 504 1998 558 fratri-

298 597 406 650 bus
439 599 496 648 et
550 593 903 665 coepiscopis
964 593 1173 647 nostris
1226 592 1732 660 subscribentibus,
1787 591 1997 646 confir-

301 683 573 738 mabitur.

375 777 425 826 l.
488 773 555 825 Ut
590 771 774 824 nullus
821 772 880 824 in
944 770 1081 824 clero
1131 769 1411 825 mulierem
1469 771 1724 835 attingat.
1799 769 1999 822 Nullus

294 859 609 931 presbyter,
649 859 841 912 nullus
893 857 1187 926 diaconus,
1231 857 1421 910 nullus
1449 856 1852 926 subdiaconus,
1876 857 2000 910 nul-

295 948 386 1002 lus
415 947 478 1002 iu
502 947 672 1012 clero,
706 961 944 1000 uxorem
975 951 1076 999 aut
1129 945 1510 998 concubinam
1533 945 1817 1013 admittat,
1867 961 1999 999 cum

295 1035 442 1090 nulli
473 1049 700 1105 quoque
749 1033 1023 1086 laicorum
1065 1032 1206 1087 scire
1252 1033 1420 1086 liceat
1459 1033 1758 1087 mulierem
1790 1039 2002 1104 prater

299 1139 556 1178 uxorem.
617 1120 781 1185 Quod
823 1121 872 1174 si
925 1121 1141 1185 fecerit,
1202 1121 1512 1174 secundum
1562 1121 1999 1175 ecclesiasticam

299 1212 556 1282 regulam
613 1210 951 1280 deponatur.
987 1209 1094 1265 Sed
1151 1224 1340 1279 neque
1369 1208 1686 1263 secundum
1720 1211 2000 1263 humanas

297 1300 451 1370 leges
494 1314 563 1352 ex
617 1299 789 1368 longo
838 1297 1013 1350 factas
1069 1300 1124 1350 et
1146 1301 1419 1367 receptas,
1471 1297 1622 1351 ullus
1671 1297 2001 1352 admiratio-

298 1387 388 1441 nis
415 1384 466 1420 ³ο
489 1387 677 1440 locum
699 1385 754 1438 in
787 1385 950 1455 plebe
973 1385 1196 1438 haheat.

367 1477 421 1528 2.
457 1476 524 1528 Ut
568 1476 849 1542 episcopus
876 1473 1082 1526 nullam
1111 1475 1374 1539 feminam
1414 1473 1630 1543 habeat,
1675 1489 1844 1542 neque
1881 1489 2000 1528 cum

297 1563 488 1630 aliqua
553 1561 775 1615 habitet.
837 1560 1145 1631 Episcopus
1197 1560 1340 1614 sicut
1390 1562 1606 1614 nullam
1641 1561 1894 1628 habebit,
1922 1563 2002 1616 ita

299 1666 430 1704 cum
453 1648 612 1702 nulla
639 1648 871 1718 penitus
921 1647 1223 1702 habitabit.
1279 1648 1439 1711 Quod
1478 1647 1524 1700 si
1555 1648 1770 1715 fecerit,
1804 1653 1860 1702 et
1891 1665 1996 1702 no-

300 1736 433 1791 stris
474 1735 689 1808 regulis
743 1741 800 1789 et
849 1735 1158 1789 mundanis
1225 1736 1447 1804 legibus
1499 1735 2000 1800 concordantibus,

300 1825 542 1891 honore,
573 1839 685 1893 quo
717 1839 775 1876 se
805 1822 928 1892 ipse
958 1823 1090 1877 fecit
1117 1823 1443 1894 indignum,
1470 1823 1788 1893 abjicietur.

371 1915 425 1967 3.
491 1913 558 1966 Ut
593 1913 699 1980 ﬁlii
744 1912 1075 1974 clericorum,
1120 1926 1400 1965 servorum
1437 1912 1683 1979 ecclesiae,
1726 1914 1870 1965 servi
1896 1913 2006 1966 sint

297 2002 527 2055 ecclesia
571 2014 690 2053 cum
745 1999 991 2054 omnibus
1048 1999 1364 2069 adquisitis.
1422 1999 1547 2053 Filii
1606 2005 1664 2052 et
1712 1999 1844 2054 ﬁlia
1875 2016 2001 2054 om-

299 2090 464 2144 nium
516 2088 853 2142 clericorum
895 2087 1270 2159 omniumque
1323 2089 1608 2157 graduum
1667 2089 1736 2142 de
1788 2089 2008 2143 familia

300 2175 570 2242 ecclesia,
611 2192 676 2230 ex
721 2191 1078 2247 quacumque
1120 2176 1301 2229 libera
1343 2175 1606 2243 muliere,
1639 2192 2005 2247 quocumque

299 2265 474 2319 modo
519 2264 626 2318 sibi
677 2264 981 2333 conjuncto
1041 2263 1233 2330 fuerit,
1298 2263 1498 2334 geniti,
1564 2279 1695 2318 cum
1735 2265 2006 2319 omnibus

299 2353 466 2406 bonis
495 2368 597 2423 per
643 2353 1051 2422 cujuscumque
1084 2367 1288 2405 manus
1325 2351 1648 2421 adquisitis,
1695 2353 1843 2406 servi
1871 2369 2004 2423 pro-

297 2441 410 2512 prii
450 2457 567 2494 sua
607 2444 776 2494 erunt
823 2439 1096 2507 ecclesia,
1159 2455 1262 2494 nec
1320 2455 1574 2510 unquam
1629 2440 1697 2494 ab
1753 2440 2004 2496 ecclesia

296 2529 569 2583 servitute
599 2528 852 2582 exibunt.

367 2618 421 2670 4.
488 2619 553 2671 Ut
608 2615 744 2686 filiis
800 2617 1134 2680 clericorum;
1193 2630 1468 2670 servorum
1526 2618 1775 2683 ecclesia,
1822 2619 2004 2672 nullus

288 2705 465 2778 judecc
491 2705 790 2758 libertatem
839 2707 1155 2774 promittat,
1187 2703 1544 2775 Quicumque
1587 2705 1736 2760 ﬁlios
1765 2706 2002 2760 clerico-

295 2809 444 2858 rum,
486 2809 776 2846 servorum
808 2793 1079 2860 ecclesia,
1125 2792 1194 2846 de
1241 2809 1602 2864 quacumque
1660 2794 1839 2852 libera
1867 2810 2002 2864 pro-

295 2887 533 2947 creatos,
596 2881 808 2935 liberos
854 2896 976 2934 esse
1018 2881 1387 2950 judicaverit,
1429 2882 1734 2936 anathema
1806 2883 1898 2947 sit,
1947 2888 2001 2936 et

2109 510 2224 558 tur.
2278 504 2388 558 Sed
2436 520 2623 575 neque
2665 503 3047 557 honorabitur
3099 503 3158 556 in
3221 503 3455 573 palatio,
3511 504 3613 574 qui
3645 505 3825 558 eccle-

2107 593 2273 661 siam,
2302 593 2495 664 palatii
2516 597 2782 659 matrem,
2811 607 2926 645 nou
2959 591 3189 646 erubuit
3234 592 3595 662 impugnare.

2181 683 2295 736 Hoc
2325 685 2513 735 autem
2545 681 2797 734 ecclesia
2838 679 2940 734 Dei
2995 683 3426 748 testamentum,
3460 686 3662 734 contra
3697 696 3823 733 ma-

2108 771 2414 840 lignantes,
2475 771 2590 824 Deo
2649 774 3384 837 autore,autoramentum,
3463 769 3827 824 dilectissimi

2107 859 2212 914 ﬁlii
2244 858 2423 912 nostri
2453 859 2516 912 Η.
2571 857 2800 927 augusti
2857 857 3030 912 edicti
3073 858 3201 928 lege
3259 858 3499 921 ﬁrmari,
3541 857 3824 911 corrobo-

2107 949 2246 1018 rari,
2273 952 2330 1002 et
2359 947 2626 1002 humanis
2663 946 2840 1000 inseri
2886 952 2942 1000 et
2969 946 3203 1001 inscribi
3247 946 3471 1016 legibus
3510 947 3781 1000 volumus
3811 966 3828 1011 ;

2108 1041 2165 1092 et
2197 1053 2300 1107 per
2330 1051 2560 1089 omnem
2594 1034 2823 1105 imperii
2863 1034 2951 1088 sui
3000 1034 3386 1102 latitudinem,
3415 1039 3482 1088 ut
3536 1034 3827 1103 suscipia-

2109 1131 2223 1191 tur,
2257 1129 2540 1190 teueatur,
2601 1128 2656 1178 et
2703 1123 2933 1196 publica
2983 1121 3292 1177 autoritate
3341 1122 3501 1177 omni
3553 1126 3827 1192 tempore

2103 1214 2416 1286 judicetur,
2445 1229 2646 1266 omnes
2704 1214 2766 1266 in
2825 1228 3128 1266 commune
3180 1228 3411 1266 oramus
3442 1217 3499 1266 et
3545 1211 3824 1266 obsecra-

2110 1319 2263 1358 mus.
2304 1303 2423 1358 Erit
2440 1301 2614 1375 {enim
2663 1302 2777 1356 Deo
2807 1302 3032 1356 volente
3061 1301 3122 1354 in
3154 1305 3433 1355 aternum
3479 1301 3820 1367 valiturum,

2110 1392 2176 1459 si,
2247 1391 2398 1463 quod
2446 1391 2822 1445 ecclesiastica
2899 1390 3146 1460 gravitas
3218 1390 3505 1460 prohibet,
3587 1389 3824 1460 publico

2110 1481 2282 1535 fuerit
2306 1480 2501 1549 vigore
2558 1479 3023 1533 exterminatum.
3076 1480 3184 1533 Nec
3222 1479 3446 1533 factiosi
3492 1478 3665 1548 hujus
3715 1478 3826 1532 de-

2110 1569 2248 1623 creti
2291 1568 2587 1623 scientiam
2635 1568 3102 1633 dissimulabunt,
3168 1585 3296 1638 qua
3348 1568 3608 1621 omnium
3661 1565 3828 1619 libris

2113 1656 2409 1727 inscripta,
2450 1672 2554 1726 per
2602 1672 2703 1710 ora
2759 1656 3018 1710 omnium
3078 1656 3365 1722 evolsbit;
3422 1671 3528 1709 nec
3583 1655 3829 1724 impune

2114 1744 2398 1815 putabunt
2430 1743 2783 1808 audendum,
2837 1744 2992 1814 quod
3043 1743 3272 1814 publica
3301 1743 3639 1798 damnatum
3676 1759 3834 1796 seve-

2111 1834 2278 1888 ritate
2312 1833 2706 1903 cognoverint.

2187 1923 2302 1991 Ego
2361 1923 2422 1976 Β.
2483 1920 2594 1990 (88)
2644 1937 2794 1992 papa
2842 1927 3074 1976 aterna
3133 1921 3297 1976 Urbis
3329 1922 3464 1976 huic
3510 1921 3831 1976 constituto

2113 2009 2372 2080 synodali
2401 2009 2731 2079 subscripsi.

2187 2099 2302 2168 Ego
2348 2101 2414 2152 A.
2463 2100 2570 2167 (89)
2618 2102 2827 2151 sancta
2877 2097 3310 2152 Mediolanensis
3357 2097 3607 2151 ecclesia
3636 2097 3832 2151 archi-

2113 2186 2414 2257 episcopus
2443 2186 2770 2256 subscripsi.

2183 2274 2300 2343 Ego
2352 2274 2418 2330 Β.
2479 2277 2589 2341 (90)
2645 2273 2959 2329 Ticinensis
3021 2273 3274 2328 ecclesia
3329 2273 3634 2344 episcopus
3697 2275 3836 2328 sub-

2113 2363 2334 2433 scripsi.

2185 2453 2298 2521 Ego
2318 2454 2383 2508 Α.
2410 2451 2515 2521 (91)
2547 2451 2834 2505 Cumanus
2861 2450 3158 2522 episcopus
3197 2451 3531 2522 subscripsi.

2187 2542 2300 2610 Ego
2357 2541 2413 2593 L.
2469 2540 2580 2612 (92)
2636 2540 3004 2595 Tauriuensis
3047 2539 3299 2594 ecclesia
3329 2541 3629 2610 episcopus
3685 2539 3830 2594 sub-

2113 2628 2331 2699 scripsi.

2187 2719 2303 2787 Ego
2335 2719 2394 2771 P.
2428 2720 2538 2784 (93)
2595 2716 2975 2772 'l‘erdonensis
3028 2716 3278 2772 ecclesia
3330 2716 3633 2787 episcopus
3683 2715 3832 2770 sub-

2111 2806 2329 2876 scripsi.

2184 2895 2300 2964 Ego
2334 2895 2441 2948 Leo
2486 2893 2818 2948 Eusebiana
2884 2893 2997 2964 (93)
3047 2893 3299 2949 ecclesia
3353 2893 3668 2948 catholicus
3700 2895 3829 2965 epi-

296 2969 505 3023 habeat
530 2968 588 3021 in
608 2968 824 3038 judicio
853 2969 1005 3039 quod
1038 2969 1192 3034 fecit,
1225 2969 1361 3040 quia
1420 2969 1670 3024 ecclesia
1695 2971 1827 3024 tulit
1852 2972 2002 3042 quod
2039 2976 2080 3031 C
2117 2998 2323 3053 scopus
2343 2982 2669 3053 subscripsi.

296 3073 413 3112 non
443 3056 616 3111 dedit.

368 3148 418 3199 5.
455 3148 523 3200 Ut
565 3147 709 3199 servi
761 3145 1105 3199 ecclesiarum
1149 3160 1250 3214 per
1279 3161 1472 3200 manus
1515 3146 1674 3200 liberi
1718 3147 1862 3200 nihil
1899 3148 2005 3202 ad-

297 3236 544 3302 quirant.
575 3233 727 3288 Nulli
775 3249 1070 3288 servorum
1127 3233 1403 3300 ecclesia,
1437 3234 1552 3287 sive
1612 3235 1671 3288 in
1733 3236 2004 3290 clericatu

294 3321 413 3374 sive
441 3320 500 3374 in
532 3321 761 3387 laicatu,
805 3321 875 3376 de
937 3322 1147 3392 quibus
1203 3327 1465 3376 nostrum
1523 3325 1608 3376 est
1663 3327 1719 3377 et
1760 3323 2001 3378 fratrum

295 3415 626 3464 nostrorum
651 3409 930 3480 judicare,
967 3411 1132 3464 liceat
1166 3426 1501 3480 comparare
1531 3416 1630 3465 aut
1675 3412 1794 3466 ullo
1827 3413 2002 3467 modo

291 3497 598 3568 adquirere
627 3515 731 3569 per
777 3515 983 3553 manus
1020 3503 1122 3553 aut
1173 3515 1383 3554 nomen
1414 3499 1654 3571 alicujus
1684 3500 1850 3554 liberi
1897 3501 2001 3554 ho-

293 3586 481 3640 minis.
535 3587 700 3651 Quod
778 3587 879 3657 qui
934 3586 1132 3640 fecerit
1207 3585 1304 3659 [in]
1383 3588 1727 3642 evasibiliter
1800 3605 1996 3657 casus,

292 3674 510 3728 tamdiu
578 3680 902 3728 carceratus
963 3675 1290 3744 habebitur,
1373 3677 1652 3746 quamdiu
1709 3694 1910 3732 omnes
1956 3681 1998 3715 ³ι

295 3762 532 3817 ecclesia
553 3762 794 3832 recipiat
824 3762 1180 3833 scriptiones.

392 3853 443 3904 6.
508 3852 575 3905 Ut
628 3851 718 3904 ille
765 3853 864 3920 qui
917 3851 1166 3906 chartam
1224 3868 1322 3922 per
1383 3867 1512 3908 suas
1562 3869 1755 3908 manus
1800 3856 2001 3926 accipit

292 3943 452 4008 ﬁnem
503 3939 734 3993 ecclesia
771 3931 968 4006 faciat.
1048 3940 1146 3994 Ille
1222 3946 1414 3996 autem
1472 3943 1622 3996 male
1670 3942 1834 4012 liber,
1898 3945 1998 4015 qui

292 4027 473 4081 factus
501 4031 585 4081 est
613 4027 830 4082 diaboli
872 4043 1082 4090 servus,
1141 4045 1247 4100 per
1297 4030 1457 4100 cujus
1503 4047 1712 4086 manus
1768 4033 1996 4088 latroci-

291 4120 493 4170 nantes
514 4131 709 4170 servus
742 4116 1016 4184 ecclesia,
1066 4117 1340 4190 quicquid
1386 4119 1526 4174 illud
1582 4120 1773 4189 fuerit,
1801 4121 1998 4192 adqui-

290 4204 440 4270 sivit,
472 4209 572 4257 aut
637 4203 889 4258 ecclesia
962 4209 1140 4259 totam
1213 4206 1384 4260 faciat
1456 4208 1840 4276 securitatem,
1899 4213 1998 4264 aut

290 4291 626 4347 maledictus
681 4292 830 4348 inter
877 4293 1042 4364 fures
1105 4295 1354 4350 ecclesia
1409 4301 1466 4350 et
1524 4297 1829 4368 sacrilegos
1887 4298 1992 4352 ba-

287 4379 508 4435 beatur.

359 4471 411 4521 7.
479 4471 545 4524 Ut
598 4470 780 4524 nullus
826 4469 1004 4538 judea:
1041 4476 1139 4526 aut
1185 4471 1400 4526 tabellio
1453 4472 1673 4527 chartas
1728 4473 1994 4538 scribant,

292 4571 430 4626 quas
458 4559 602 4611 servi
629 4558 856 4612 ecclesiae
907 4573 1008 4627 per
1062 4574 1254 4614 manus
1299 4561 1459 4614 liberi
1506 4560 1828 4630 adquirunt.
1891 4561 1995 4615 Ju-

290 4645 399 4699 dex
455 4661 586 4699 vero
660 4649 760 4700 aut
815 4645 1068 4714 tabellio,
1117 4647 1217 4718 qui
1281 4653 1400 4702 tam
1465 4648 1715 4702 inlicitas
1770 4649 1996 4703 chartas

290 4732 644 4804 scripserint,
678 4738 736 4787 et
763 4749 854 4788 res
888 4735 1070 4804 pretio
1114 4751 1408 4789 servorum
1467 4735 1718 4790 ecclesia
1765 4751 1994 4807 compa-

291 4825 465 4888 ratas,
496 4826 595 4876 aut
625 4821 819 4894 aliqua
847 4822 1186 4878 liberalitate
1226 4823 1499 4890 conlatas,
1556 4823 1780 4878 nomini
1821 4825 1997 4879 alicu-

2184 3077 2388 3128 Actum
2430 3073 2639 3143 Papia,
2675 3072 2799 3126 Kal.
2839 3072 3101 3143 Augusti,
3133 3072 3455 3143 imperante
3512 3072 3726 3128 domno
3755 3076 3825 3130 H.

2112 3161 2530 3232 gloriosissimo
2570 3166 2833 3233 augusto,
2866 3178 2969 3234 per
3005 3177 3208 3216 manus
3267 3162 3454 3216 fratris
3508 3162 3830 3217 Vercellen-

2113 3252 2187 3304 sis
2219 3249 2491 3322 episcopi.

2503 3373 2890 3429 RESPONSIO
2924 3373 3420 3429 IMPERATORIS.

2183 3498 2333 3553 Nihil
2386 3498 2510 3566 tibi,
2571 3497 2927 3552 sanctissime
2978 3514 3128 3569 papa
3186 3500 3269 3565 B.,
3322 3515 3550 3570 possum
3583 3515 3822 3570 negare,

2109 3587 2201 3641 cui
2226 3604 2330 3658 per
2390 3589 2573 3642 Deum
2628 3586 2824 3642 omnia
2875 3587 3079 3654 debeo,
3136 3588 3458 3658 prasertim
3498 3604 3630 3642 cum
3663 3589 3828 3659 justa

2110 3681 2290 3745 petas,
2321 3676 2560 3731 honesta
2589 3691 2718 3729 cum
2771 3676 2941 3746 justis
2996 3675 3269 3730 fratribus
3309 3692 3605 3747 suggeras,
3633 3682 3691 3730 et
3731 3688 3827 3731 me

2109 3767 2168 3818 in
2226 3764 2578 3818 consortium
2630 3768 2836 3818 sancta
2892 3763 3272 3819 solicitudinis
3310 3764 3438 3819 ideo
3471 3765 3732 3835 advoces,
3758 3771 3829 3820 ut

2109 3852 2254 3906 sicut
2283 3851 2519 3920 laboris,
2575 3852 2656 3906 ita
2687 3853 2996 3922 participes
3041 3853 3219 3907 simus
3250 3857 3306 3907 et
3343 3853 3556 3924 gaudii.
3599 3855 3827 3909 Gratias

2105 3940 2298 4011 itaque
2325 3946 2518 3996 sancto
2547 3939 2904 4012 episcopatui
2944 3946 3044 3994 tuo
3070 3941 3203 4010 jure
3241 3940 3424 3995 habeo
3455 3942 3680 4007 uberes,
3718 3943 3824 4014 qui

2106 4033 2162 4082 et
2210 4028 2513 4082 salubriter
2557 4028 2854 4098 componit
2916 4028 3246 4094 Ecclesiam,
3306 4034 3361 4082 et
3393 4046 3424 4083 a
3476 4029 3825 4084 clericorum

2107 4118 2541 4184 incontinentis,
2575 4117 2727 4172 unde
2758 4134 2929 4172 omne
2973 4118 3188 4171 malum
3219 4118 3376 4173 velut
3421 4119 3492 4173 ab
3547 4119 3823 4190 aquilone

2108 4222 2280 4278 super
2322 4211 2532 4261 terram
2608 4206 2858 4274 emersit,
2915 4207 3284 4261 correctionis
3337 4206 3644 4278 vigilanter
3684 4209 3824 4263 fecit

2080 4283 2476 4366 'priucipium.
2521 4294 2726 4350 Omnia
2753 4295 3009 4366 quidem,
3043 4311 3170 4366 qua
3193 4311 3296 4366 pro
3327 4295 3586 4350 Ecclesia
3616 4313 3820 4352 neces-

2104 4384 2253 4438 saria
2302 4383 2666 4454 reparatione
2725 4383 3072 4454 synodaliter
3122 4383 3370 4438 instituit
3397 4389 3455 4438 et
3483 4384 3820 4439 reformavit

2104 4471 2420 4544 paternitas
2449 4475 2650 4537 tua,ut
2679 4470 2832 4525 filius
2862 4471 3053 4539 laudo,
3077 4470 3375 4541 conﬁrmo,
3423 4479 3481 4525 et
3509 4473 3771 4542 approbo
3798 4490 3813 4538 ;

2104 4564 2251 4615 etut
2307 4575 2509 4614 omnes
2568 4559 2684 4613 sint
2724 4558 3060 4630 paratiores,
3117 4575 3243 4614 eam
3291 4573 3382 4612 me
3412 4558 3818 4614 inviolabiliter

2103 4653 2466 4703 servaturum
2499 4647 2802 4718 adjuvante
2836 4649 2950 4702 Deo
2979 4647 3273 4718 promitto.
3327 4650 3391 4704 Et
3431 4648 3492 4702 in
3529 4652 3817 4703 aternum

2105 4754 2398 4803 mansura,
2448 4742 2504 4791 et
2552 4737 2704 4790 inter
2742 4736 2973 4808 publica
3023 4736 3157 4806 jura
3197 4753 3424 4808 semper
3460 4737 3812 4808 recipienda,

2106 4831 2162 4879 et
2190 4825 2462 4880 humanis
2490 4825 2715 4896 legibus
2737 4826 3048 4880 solenniter
3067 4825 3449 4893 inscribenda,
3482 4827 3588 4881 hac
3619 4832 3817 4882 nostra

1717 4947 1952 5002 VARI/EI
1990 4947 2391 5006 LECTIONES.

365 5039 412 5077 ³ο
451 5041 626 5097 ullius
649 5042 1162 5098 administrationis
1188 5042 1216 5096 τ
1245 5043 1512 5099 Cosam).
1607 5046 1647 5080 "
1680 5044 1869 5098 omnis
1889 5044 1973 5099 ed.

1962 5148 2184 5204 ΝΟΤᾸΞ.

361 5233 472 5303 (88)
497 5234 833 5289 Benedictus
861 5235 1004 5290 Vlll.

359 5305 467 5371 (89)
499 5305 818 5359 Aribertus.

359 5373 473 5446 (90)
506 5376 853 5446 Haynaldus,

357 5445 470 5509 (91)
502 5445 818 5502 Albericus.

359 5514 449 5584 9‘2)
478 5515 810 5571 Landulfus.

2170 5238 2287 5381 (93;
2319 5241 2538 5295 Petrus.

2173 5310 2265 5378 (94
2285 5382 2302 5387 _
2335 5311 2428 5387 Id_
2461 5316 2547 5366 est
2568 5311 2951 5387 _Ve_rcelle_nsis_
2999 5314 3178 5368 sancti
3228 5314 3456 5387 Eusebii
3513 5319 3765 5374 ecclesia
3797 5339 3811 5387 ;

2099 5380 2392 5454 idem’Leo
2414 5381 2474 5436 in
2525 5383 2735 5452 placito
2793 5383 3052 5454 ejusdem
3107 5385 3242 5439 anni
3285 5391 3343 5441 et
3387 5387 3524 5441 alias
3561 5380 3808 5445 subseri;

2099 5451 2411 5592 ésLeo
2469 5451 2654 5508 servus
2710 5451 2951 5522 Eusebii,
3012 5456 3165 5528 apud
3210 5457 3480 5513 Murator.
3512 5458 3606 5515 SS.
3663 5462 3706 5516 Ι.
3745 5463 3808 5517 ΙΙ.
