3938 6308
139 296 240 347 2'29

1396 297 1621 352 LEGES
1663 299 1751 353 ΕΤ
1788 297 2403 355 CONSTITUTIONES.

3544 306 3650 358 230

136 413 445 468 antoritate
480 414 705 469 vivente
734 414 983 470 Ecclesia
1013 431 1118 486 per
1170 416 1271 471 Dei
1309 418 1553 489 gratiam
1603 420 1842 485 victura,
1868 426 1915 477 Α
1954 419 2201 487 dicandi,
2236 421 2395 474 nulla
2442 420 2522 474 ita
2579 420 2691 475 erit
2746 437 2877 490 spes
2915 423 3226 479 remeandi.
3264 425 3461 496 Neque
3492 427 3648 481 enim

137 519 264 557 cum
314 504 678 557 senatoribus
715 508 904 570 terra,
959 521 1090 559 cum
1141 506 1469 560 domesticis
1530 508 1752 578 palatii,
1785 515 1844 562 et
1948 509 2182 575 mirum,
2216 509 2312 563 sed
2332 509 2719 579 justissimum
2746 509 3043 577 nimirum,
3064 510 3111 564 si
3143 512 3191 565 is
3222 514 3430 568 amisso
3459 516 3648 570 ofﬁcio

138 593 337 645 amicis
383 592 740 663 reipublica,
762 609 959 647 coram
991 594 1106 647 Deo
1134 599 1190 648 et
1240 594 1487 649 Ecclesia
1517 596 1597 650 ita
1641 611 1841 650 corro-

139 681 435 735 boramus.

811 752 1179 807 CAPITULA.

214 861 259 910 1.
317 860 385 912 Ut
425 858 610 912 nullus
674 860 733 911 in
780 859 917 912 clero
957 859 1230 912 mulierem
1292 862 1587 927 contingat.
1640 862 1841 915 Nullus

137 946 195 999 in
255 946 419 999 omni
475 946 659 1016 gradu
711 947 961 1000 ecclesia
1017 963 1252 1000 uxorem
1312 948 1400 1001 vel
1462 950 1840 1003 concubinam

137 1035 349 1088 habere
382 1040 708 1105 prasumat,
743 1051 848 1088 nec
887 1035 945 1089 in
998 1051 1114 1088 una
1171 1036 1341 1089 domo
1401 1052 1533 1090 cum
1593 1037 1835 1091 muliere

140 1124 348 1176 audeat
375 1123 655 1177 habitare.
717 1124 877 1188 Quod
927 1123 975 1177 si
1033 1124 1230 1177 fecerit
1287 1130 1505 1178 servata
1535 1126 1840 1179 Iustiniani

137 1212 384 1282 Augusti
409 1211 681 1281 aquitate
712 1211 948 1278 (Novell.
983 1214 1104 1278 123,
1129 1228 1176 1265 c.
1240 1213 1348 1283 14),
1381 1213 1554 1267 curia
1595 1214 1842 1269 civitatis

141 1300 404 1353 tradatur
458 1300 621 1369 cujus
677 1304 761 1352 est
811 1299 1067 1353 clericus.
1137 1301 1272 1354 Jure
1315 1301 1528 1354 etenim
1587 1302 1843 1356 manebit

142 1387 317 1440 miser
360 1387 423 1440 in
478 1388 656 1453 curia,
712 1404 882 1458 quem
963 1389 1213 1443 ecclesia
1272 1390 1471 1459 regula
1517 1391 1839 1460 depositum

141 1476 311 1546 ejecit
342 1475 414 1528 ab
455 1475 709 1531 ecclesia.

209 1568 265 1618 2.
324 1567 392 1619 Ut
445 1566 629 1619 nullus
680 1567 959 1634 episcopus
1002 1568 1277 1620 mulierem
1334 1567 1550 1635 habeat,
1578 1573 1676 1622 aut
1725 1585 1842 1623 cum

139 1669 201 1706 ea
267 1654 495 1707 habitet.
552 1653 857 1723 Episcopus
904 1669 1034 1707 cum
1087 1656 1243 1708 nulla
1274 1672 1548 1726 umquam
1602 1658 1840 1710 muliere

139 1741 350 1794 habeat
396 1746 634 1807 tectum,
687 1756 820 1794 cum
876 1742 1034 1795 nulla
1092 1743 1301 1796 habeat
1334 1744 1563 1797 lectum.
1594 1744 1756 1808 Quod
1792 1745 1838 1799 si

135 1829 358 1895 fecerit,
390 1836 612 1883 servato
656 1829 894 1900 antiquo
922 1834 978 1883 et
1008 1831 1284 1885 moderno
1318 1830 1571 1886 ecclesia
1591 1834 1834 1903 judicio,

138 1917 483 1987 deponatur.
548 1916 780 1987 Eritque
866 1922 1027 1971 tanto
1084 1934 1246 1973 casus
1315 1920 1542 1989 gravior
1619 1927 1838 1991 quanto

138 2007 353 2075 gradus
374 2005 565 2059 altior.

208 2096 260 2148 3.
303 2096 371 2149 Ut
406 2095 516 2164 ﬁlii
561 2095 873 2147 clericorum
929 2109 1204 2149 servorum
1252 2097 1498 2161 ecclesia,
1559 2101 1702 2151 servi
1730 2101 1841 2152 sint

133 2197 243 2236 sua
303 2184 534 2236 ecclesia
608 2198 726 2236 cum
780 2183 1022 2236 omnibus
1087 2183 1398 2251 adquisitis.
1464 2186 1590 2239 Filii
1647 2193 1839 2241 autem

141 2271 408 2324 omnium
441 2271 783 2325 clericorum
835 2272 1213 2342 omniumque
1238 2273 1520 2343 graduum
1549 2289 1838 2327 servorum

135 2360 414 2424 ecclesia,
446 2359 514 2413 de
544 2375 907 2429 quacumque
952 2359 1217 2426 muliere,
1269 2376 1633 2431 quocumque
1667 2362 1838 2415 modo

134 2448 245 2502 sibi
275 2450 601 2516 conjuncta,
630 2447 842 2500 fuerint
873 2446 1011 2513 nati,
1042 2447 1189 2501 servi
1220 2464 1337 2502 sua
1368 2454 1537 2502 erunt
1566 2450 1837 2515 ecclesia,

135 2552 268 2590 cum
298 2535 571 2590 omnibus
602 2534 766 2587 bonis
796 2534 1086 2605 acquisitis
1118 2540 1212 2602 ;et
1239 2535 1374 2606 quia
1432 2536 1577 2589 servi
1628 2542 1762 2591 sunt
1786 2545 1842 2593 et

133 2628 331 2688 erunt,
381 2638 698 2693 numquam
755 2623 823 2676 de
871 2623 1099 2676 servitio
1149 2624 1398 2677 ecclesia
1458 2624 1608 2678 exire
1664 2625 1839 2679 debe-

129 2713 300 2766 bunt.
333 2713 400 2765 Et
429 2711 620 2765 omnia
646 2727 773 2782 qua
805 2710 913 2781 ipsi
949 2728 1050 2781 per
1102 2727 1307 2766 manus
1336 2718 1393 2766 et
1418 2729 1521 2783 per
1570 2714 1837 2783 scriptio-

130 2818 233 2855 nes
284 2800 531 2870 alicujus
561 2800 726 2853 liberi
792 2800 1190 2869 adquisierint,
1253 2800 1507 2855 ecclesia
1562 2801 1709 2855 sicut
1736 2818 1839 2855 sua

128 2890 373 2961 propria
400 2887 712 2942 reddimus.
754 2888 870 2942 Suo
902 2888 1118 2941 etenim
1145 2889 1264 2958 juri
1290 2893 1475 2942 totum
1504 2890 1741 2943 ecclesia
1772 2895 1839 2944 ut

1945 614 2182 667 corpore
2204 598 2479 666 exulabit,
2538 615 2711 668 quem
2758 599 3014 666 ecclesia,
3048 600 3184 670 quia
3212 602 3391 656 Deum
3424 604 3635 670 amisit,

1943 688 2308 740 anathemate
2342 686 2684 742 fulminavit.
2720 688 2925 743 Matres
2972 705 3105 742 vero
3155 706 3358 744 eorum
3418 692 3647 745 liberta-

1946 779 2062 829 tem
2111 775 2393 829 adulterio
2452 776 2779 840 vendentes,
2842 777 3004 846 prius
3058 778 3118 831 in
3168 778 3293 833 foro
3355 781 3645 850 castigata

1947 864 2089 917 fiant
2118 865 2465 933 exemplum,
2499 870 2558 919 et
2602 870 2797 935 postea
2814 865 3034 934 judicio
3067 866 3317 921 ecclesia
3345 873 3402 921 et
3450 873 3647 922 nostro

1948 952 2196 1005 exulent.
2230 951 2370 1015 Quia
2398 952 2443 1005 si
2472 953 2686 1007 fuerint
2714 953 2773 1007 in
2812 954 3041 1021 vicinia,
3068 954 3158 1007 vix
3189 961 3289 1009 aut
3325 972 3646 1027 numquam

1946 1055 2145 1093 eorum
2176 1040 2419 1094 cessabit
2452 1042 2688 1095 malitia.

2020 1130 2070 1181 5.
2111 1130 2178 1183 Ut
2223 1131 2367 1182 servi
2393 1130 2621 1183 ecclesia
2645 1146 2747 1198 per
2795 1145 2987 1184 manus
3046 1130 3209 1186 liberi
3238 1131 3471 1186 hominis
3500 1132 3647 1186 nihil

1947 1215 2266 1283 adquirant.
2325 1216 2509 1270 Servis
2573 1218 2844 1283 ecclesia,
2908 1223 2970 1271 ut
3037 1218 3264 1279 nostris.
3334 1220 3638 1291 adquirere

1950 1302 2083 1357 licet
2109 1304 2283 1372 juste,
2317 1310 2373 1358 et
2411 1304 2606 1369 licuit;
2669 1306 2763 1359 sed
2800 1322 2901 1375 per
2933 1321 3137 1358 manus
3176 1307 3415 1376 alicujus
3468 1308 3643 1363 liberi

1949 1392 2283 1461 scriptiones
2313 1393 2457 1446 ullas
2478 1393 2836 1459 contrahere,
2887 1395 3043 1447 nullo
3077 1410 3351 1465 umquam
3381 1402 3645 1466 tempore

1949 1478 2161 1533 licebit.
2204 1480 2367 1544 Quod
2388 1480 2433 1532 si
2458 1481 2677 1547 fecerit,
2711 1483 2960 1536 ecclesia
2976 1484 3194 1553 judicio
3226 1490 3287 1537 ut
3328 1501 3463 1537 suus
3493 1501 3647 1539 coer-

1951 1565 2216 1619 cerbitur.
2250 1566 2308 1621 Si
2338 1569 2494 1621 enim
2526 1569 2593 1622 ad
2623 1574 2886 1624 nostrum
2932 1578 3213 1641 spectaret
3244 1572 3550 1642 judicium,
3587 1578 3649 1627 ut

1949 1654 2220 1723 fugitivus
2242 1656 2622 1711 addiceretur.

2023 1745 2073 1795 6.
2122 1745 2187 1797 Ut
2225 1744 2402 1811 judea
2449 1750 2545 1799 aut
2599 1746 2814 1800 tabellio
2852 1748 3071 1802 chartas
3126 1764 3232 1802 non
3288 1751 3533 1805 scribant
3574 1756 3645 1821 ³³,

1951 1846 2086 1904 quas
2109 1833 2252 1885 servi
2283 1834 2513 1887 ecclesia
2554 1849 2658 1901 per
2696 1850 2887 1889 manus
2936 1837 3095 1889 liberi
3133 1837 3455 1905 adquirunt.
3488 1840 3646 1894 ludi-

1949 1919 2109 1972 cibus
2140 1936 2273 1973 vero
2324 1927 2381 1974 et
2410 1922 2837 1989 tabellionibus,
2874 1941 3121 1995 quorum
3161 1931 3356 1979 nostra
3385 1926 3644 1995 interest,

1950 2008 1997 2060 si
2019 2010 2255 2078 posthac
2276 2011 2418 2063 tales
2448 2010 2689 2064 fecerint
2748 2013 3103 2082 scriptiones,
3139 2031 3374 2068 manum
3436 2031 3645 2085 ampu-

1948 2100 2136 2150 temus
2167 2097 2482 2167 dexteram,
2530 2114 2659 2169 qua
2717 2100 2943 2171 scripsit
2969 2108 3166 2155 contra
3217 2103 3532 2158 ecclesiam.
3578 2105 3648 2159 Ut

1949 2185 2049 2255 qui
2074 2186 2256 2239 noluit
2287 2187 2510 2257 integer
2544 2204 2745 2243 verum
2775 2190 3027 2259 judicare
3054 2191 3113 2244 in
3145 2191 3381 2260 palatio,
3432 2192 3493 2247 in
3523 2194 3645 2248 foro

1950 2289 2207 2341 mancus,
2242 2274 2492 2344 corrigat
2521 2276 2662 2330 alios
2690 2292 2723 2329 a
2754 2278 3073 2331 mendacio.

2019 2368 2071 2416 7.
2113 2364 2177 2417 Ut
2206 2364 2297 2417 ille
2326 2379 2426 2432 per
2475 2380 2630 2433 cujus
2679 2381 2871 2420 manus
2909 2380 3094 2420 servus
3160 2368 3388 2421 ecclesia
3423 2368 3644 2423 chartas

1949 2453 2155 2519 accepit
2210 2449 2374 2520 ﬁnem
2415 2456 2465 2506 et
2504 2455 2846 2508 securitatem
2896 2456 3125 2508 ecclesia
3171 2458 3366 2521 faciat.
3403 2456 3502 2509 llle
3535 2472 3636 2509 au-

1948 2541 2063 2592 tem
2096 2538 2207 2592 Deo
2240 2544 2295 2592 et
2316 2539 2644 2594 hominibus
2675 2544 3072 2606 exsecrandus,
3113 2560 3218 2614 per
3246 2545 3408 2614 cujus
3436 2561 3641 2599 manus

1948 2626 2225 2680 invalidas
2273 2632 2330 2681 et
2369 2643 2579 2682 nomen
2635 2646 2877 2683 vacuum
2937 2632 3332 2685 fraudulenter
3387 2633 3641 2686 ecclesia

1948 2730 2143 2768 servus
2191 2715 2528 2785 scriptiones
2579 2719 2816 2788 accepit,
2863 2719 2967 2771 sub
3023 2724 3378 2773 sacramento
3429 2720 3644 2775 eisdem

1946 2802 2183 2856 redditis
2244 2804 2669 2874 scriptionibus,
2697 2810 2761 2859 ut
2788 2807 3071 2860 omnimm
3104 2806 3293 2860 litium
3323 2807 3517 2876 jacula
3547 2824 3642 2861 so-

1946 2889 2198 2959 piantur,
2231 2909 2464 2946 omnem
2501 2893 2752 2947 ecclesia
2792 2899 2966 2964 prout
3022 2896 3363 2962 constiterit,
3419 2901 3645 2950 coactus

128 2978 443 3048 prOprium
476 2976 813 3042 vendicabit,
837 2976 1123 3047 quidquid
1168 2978 1286 3032 ullo
1319 2979 1550 3048 ingenio
1582 2979 1833 3033 ecclesia
1872 2979 1912 3032 C
1942 2978 2110 3033 faciet
2138 2980 2334 3034 ﬁnem.
2359 2981 2597 3051 Moxque
2628 2998 2761 3035 eum
2788 2983 3122 3052 insequetur
3151 2984 3329 3052 stylus
3385 2984 3640 3053 proscri-

129 3083 334 3120 servus
364 3065 648 3119 contraxit
674 3081 688 3131 ;
723 3081 828 3119 nec
858 3066 958 3118 ulli
982 3065 1298 3119 secundum
1351 3067 1835 3136 phantasmaticos

130 3156 296 3209 dabit
326 3154 673 3209 adulterium
732 3153 1079 3221 libertatem,
1134 3154 1291 3224 quod
1340 3170 1544 3225 corpus
1572 3155 1635 3208 in
1682 3155 1833 3209 infa-

130 3244 336 3307 miam,
366 3247 423 3296 et
452 3242 514 3295 in
545 3242 875 3295 servitutem
895 3241 1105 3311 trajicit
1132 3242 1407 3296 animam.

200 3336 253 3387 4.
329 3334 397 3387 Ut
440 3333 622 3385 nullus
691 3332 822 3400 ﬁliis
893 3332 1226 3397 clericorum,
1250 3346 1525 3385 servorum
1584 3333 1831 3398 ecclesia,

132 3422 443 3475 libertatem
470 3418 669 3473 audeat
695 3419 968 3488 judicare.
1026 3419 1382 3490 Quicumque
1435 3436 1571 3489 ergo
1598 3422 1837 3491 posthac

133 3527 227 3565 eos
259 3526 386 3563 esse
412 3509 620 3563 liberos
641 3508 1000 3578 judicaverit,
1032 3513 1205 3578 etpro
1226 3508 1306 3562 eis
1321 3512 1517 3561 contra
1538 3509 1834 3564 ecclesiam

132 3600 359 3654 dederit
420 3598 784 3664 sententiam,
848 3602 905 3650 et
960 3597 1069 3651 hoc
1126 3597 1442 3667 capitulum
1495 3597 1831 3652 auctoritate

134 3692 347 3741 sancta
382 3685 643 3740 Ecclesia
684 3690 891 3738 statum
925 3701 1040 3738 non
1084 3684 1364 3754 receperit
1393 3683 1464 3754 δ’,
1502 3690 1557 3737 et
1603 3685 1663 3738 in
1721 3686 1837 3738 suis

130 3776 295 3831 libris
340 3791 459 3828 non
520 3773 828 3845 scripserit,
862 3778 917 3826 et
963 3773 1275 3827 secundum
1329 3772 1438 3826 hoc
1495 3773 1832 3843 capitulum,

134 3866 282 3920 ﬁlios
304 3864 644 3918 clericorum
684 3863 752 3917 de
804 3862 1023 3916 familia
1054 3862 1303 3915 ecclesia
1352 3861 1617 3931 proprios
1648 3879 1837 3917 servos

132 3972 272 4022 esse,
309 3970 430 4009 sua
463 3953 715 4007 ecclesia
747 3968 853 4006 usu
884 3968 1112 4023 semper
1140 3952 1406 4019 valituro,
1442 3968 1559 4005 non
1585 4014 1589 4021 ,
1617 3952 1835 4021 judica-

132 4044 296 4108 verit,

131 4133 441 4187 damnetur
467 4129 662 4184 exilio.
702 4128 804 4183 Ubi
835 4128 980 4182 sicut
1008 4128 1171 4182 nulla
1199 4144 1477 4198 umquam
1501 4127 1585 4181 illi
1616 4129 1707 4182 lex
1730 4130 1835 4199 ju-

390 4042 724 4095 facultatum
808 4039 1197 4110 publicatione
1240 4040 1509 4105 nudatus,
1554 4046 1833 4110 perpetuo
1899 4102 1911 4112 _

1943 3067 2178 3136 ptionis,
2221 3085 2394 3140 quem
2425 3074 2607 3123 mater
2633 3075 2689 3124 et
2718 3070 2991 3140 magistra
3022 3075 3216 3124 nostra
3247 3072 3487 3127 ecclesia
3517 3074 3638 3127 vul-

1943 3156 2164 3210 neravit
2194 3157 2383 3226 gladio
2404 3157 2843 3213 maledictionis.

2014 3244 2369 3313 Subscriptio.
2430 3247 2543 3317 Ego
2589 3247 2657 3313 Η,
2707 3247 2891 3317 gratia
2934 3246 3031 3301 Dei
3077 3247 3393 3318 imperator
3452 3266 3634 3320 augu-

1946 3337 2084 3397 stus,
2122 3333 2268 3386 hanc
2299 3334 2765 3388 constitutionem
2796 3334 2939 3404 legis
2980 3341 3274 3405 perpetua
3303 3353 3405 3407 per
3463 3338 3644 3391 consi-

1946 3420 2087 3474 lium
2110 3421 2309 3475 domni
2339 3438 2503 3492 papa
2528 3423 2588 3475 Β.
2613 3428 2954 3493 suggerente
2975 3423 3225 3493 plurimo
3248 3430 3398 3478 catu
3419 3425 3639 3494 episco-

1944 3525 2175 3579 porum,
2212 3512 2325 3563 Deo
2358 3515 2577 3576 autore,
2610 3511 2802 3576 statui,
2834 3510 3078 3577 ﬁrmavi,
3105 3517 3162 3565 et
3194 3527 3421 3582 semper
3451 3514 3642 3567 valere

1948 3597 2192 3665 decrevi,
2224 3597 2504 3668 etoptavi,
2528 3613 2803 3668 meosque
2825 3598 3057 3668 imperii
3080 3599 3368 3669 primores
3410 3599 3645 3669 ﬁrmare

1947 3687 2163 3757 rogavi.

2018 3776 2133 3845 Ego
2173 3776 2236 3830 Ο.
2274 3775 2526 3830 marchio
2574 3775 2829 3843 interfui,
2881 3782 2939 3831 et
2992 3777 3139 3831 hanc
3186 3778 3375 3849 legem
3420 3780 3641 3835 mundo

1945 3864 2449 3935 pernecessariam,
2483 3868 2541 3918 et
2569 3865 2763 3918 oculos
2812 3866 3060 3920 ecclesiis
3090 3867 3341 3922 sublatos
3388 3868 3641 3923 redden-

1946 3959 2084 4019 tem,
2113 3954 2335 4007 ﬁrmavi
2367 3958 2423 4007 et
2450 3954 2695 4008 laudavi.

2016 4043 2133 4113 Ego
2167 4044 2231 4096 R.
2258 4042 2509 4096 marchio
2543 4042 2775 4097 interfui
2807 4047 2864 4098 et
2892 4043 3139 4098 laudavi.

2021 4132 2135 4201 Ego
2167 4132 2229 4186 Ο.
2258 4147 2449 4185 comes
2476 4132 2675 4202 palatii
2696 4132 2932 4187 interfui
2961 4139 3019 4187 et
3047 4134 3277 4187 laudavi
3294 4134 3426 4205 (95).

587 4334 676 4420 S.
767 4333 1302 4420 HENRICI
1389 4331 2220 4421 CONSTITUTIO
2304 4338 3181 4425 ARIMINENSIS.

1426 4480 1591 4560 (Dat.
1640 4482 1735 4542 die
1778 4485 1814 4542 4
1856 4485 2071 4566 mensis
2114 4485 2345 4566 April.)

1220 4602 1408 4674 (Apud
1446 4604 1622 4658 Mansi
1660 4606 1861 4661 Concil.
1904 4564 2042 4660 tom.
2084 4564 2218 4675 Xlll,
2258 4609 2364 4663 col.
2408 4612 2555 4677 357.)

201 4807 490 4873 Quoniam
528 4804 751 4876 legibus
775 4819 1007 4858 cautum
1041 4808 1127 4857 est
1156 4808 1221 4858 ut
1271 4819 1441 4857 nemo
1473 4802 1709 4857 clericus
1737 4804 1834 4875 ju-
1872 4806 1915 4860 D
1942 4812 2214 4878 prastare
2247 4808 2508 4877 debeant,
2534 4814 2632 4863 aut
2661 4808 3026 4881 aliipersona
3058 4780 3166 4866 hoc
3180 4813 3439 4868 officium
3471 4815 3639 4870 liceat

132 4912 256 4951 rare
311 4899 646 4967 prasumat,
702 4893 837 4948 alibi
891 4909 1025 4947 vero
1105 4896 1391 4963 reperitur
1429 4892 1706 4963 scriptum
1765 4899 1831 4948 ut

132 5001 329 5039 omnes
374 4982 724 5055 principales
778 4997 1041 5053 persona
1094 4981 1155 5035 in
1212 4980 1400 5052 primo
1430 4980 1549 5034 litis
1599 4981 1829 5036 exordio

1938 4897 2235 4968 delegare;
2271 4898 2407 4968 quia
2446 4897 2585 4952 illud
2615 4898 3040 4954 constitutionis
3070 4901 3343 4967 edictum,
3400 4904 3499 4957 ubi
3531 4905 3640 4957 cle-

1939 4986 2040 5040 rici
2084 4986 2282 5057 jurare
2348 4986 2723 5057 prohibentur
2782 5004 2815 5041 a
2890 4989 3072 5043 Marco
3114 4988 3443 5062 [Marciano]
3489 4996 3633 5063 Aug.

132 5075 776 5144 subeantjuramentum
808 5070 1130 5128 calumnia.
1174 5069 1466 5124 nonnullis
1495 5069 1689 5139 legum
1722 5087 1831 5141 pe-
1937 5066 2308 5122 Constantino
2347 5081 2404 5136 p.
2468 5083 2524 5136 p.
2586 5066 2656 5121 de
2701 5067 3346 5138 Constantinopolitanis
3418 5072 3637 5125 clericis

133 5163 251 5217 ritis
280 5179 371 5217 res
392 5162 547 5217 venit
575 5162 635 5216 in
666 5160 904 5216 dubium
960 5166 1157 5214 utrum
1195 5159 1385 5213 clerici
1417 5158 1830 5229 jusjurandum
1939 5157 2367 5228 promulgatum
2395 5154 2567 5210 fuisse
2586 5155 2833 5221 videtur,
2864 5155 3077 5211 idcirco
3113 5156 3184 5211 ad
3229 5158 3369 5212 alios
3399 5159 3636 5214 clericos

1482 5256 1757 5311 VARIIE
1798 5254 2294 5313 LEC‘l‘IONES.

200 5358 229 5409 3
260 5358 345 5409 ita
390 5353 686 5409 Cossardus
715 5353 939 5423 conjecit
969 5358 1181 5408 nostra
1208 5352 1423 5423 ceperit
1445 5352 1599 5407 codd.
1633 5350 1685 5385 ³³
1714 5355 1798 5407 ita
1818 5368 1956 5409 corr.
1996 5355 2140 5410 Coss.
2160 5351 2475 5407 inscribant
2511 5351 2627 5406 cod.

1781 5450 2005 5507 NOTIE.

201 5522 333 5594 (95.)
368 5522 613 5595 Reliqua
632 5522 870 5578 nomina
893 5522 1210 5594 perierunt.
