3938 6334
305 305 398 358 231
1607 301 1662 356 8.
1708 299 1860 354 ΗΕΝ]

1607 301 1662 356 8.
1708 297 1995 354 HENRICI
2034 297 2503 353 IMPERATORIS

3717 302 3829 352 ‘23‘2

302 426 593 497 pertinere
625 441 741 479 non
777 423 1050 478 creditur.
1089 423 1159 478 Ut
1179 439 1316 492 ergo
1347 422 1456 476 ista
1487 422 1746 477 dubietas
1779 423 1849 475 ab
1875 437 2001 474 om-
2034 425 2075 476 A
2117 419 2291 474 dubio
2315 424 2628 474 censeatur.
2667 419 3030 490 Quapropter
3060 436 3183 488 nos,
3240 419 3560 492 utriusque,
3615 421 3826 475 videli-

305 516 476 569 nibus
499 515 724 586 penitus
757 513 1072 575 auferatur,
1109 528 1215 565 nos
1246 512 1405 565 illam
1455 511 1571 566 divi
1622 511 1786 565 Marci
1846 509 2010 582 [Mar-

305 601 480 673 ciani]
503 602 973 655 constitutionem
1004 600 1082 653 ita
1111 599 1476 669 interpertari
1535 599 1916 666 decrevimus,
1946 603 2012 652 ut

310 693 380 745 ad
401 691 662 744 omnium
682 688 1058 742 Ecclesiarum
1088 687 1319 740 clericos
1346 687 1692 758 generaliter
1721 686 2008 758 pertinere

301 780 608 850 judicetur.
645 779 780 832 Nam
819 792 949 830 cum
991 776 1156 830 divus
1205 775 1561 830 Justinianns
1585 776 1716 845 jure
1761 775 2009 828 decrevit

301 872 358 920 et.
387 884 634 921 canones
667 869 898 920 Patrum
931 865 1046 918 vim
1080 867 1272 934 legum
1303 865 1514 919 habere
1539 869 1821 934 oporteat,
1855 868 1912 916 et
1946 863 2006 916 in

311 954 605 1008 nonnullis
654 955 883 1007 Patrum
943 952 1256 1006 canonibus
1318 951 1638 1021 reperiatur
1695 955 1758 1004 nt
1815 949 2005 1004 clerici

297 1043 494 1113 jurare
534 1058 648 1096 non
698 1043 968 1106 audeant,
1019 1041 1256 1110 dignum
1319 1046 1405 1094 est
1455 1045 1516 1093 ut
1544 1045 1694 1093 totus
1728 1038 2003 1093 clericalis

307 1131 450 1186 ordo
481 1146 512 1184 a
542 1129 868 1201 praestando
915 1128 1296 1198 jurejurando
1353 1128 1629 1182 immunis
1655 1143 1776 1181 esse
1802 1128 2002 1198 procul

2116 514 2204 562 cet
2234 508 2441 562 divinte
2477 513 2533 560 et
2557 508 2848 572 humanae,
2881 508 3022 578 legis
3085 508 3406 563 intentione
3449 515 3690 574 servata,
3725 511 3828 563 de-

2116 597 2406 651 cernimus
2433 601 2495 649 nt
2512 612 2628 650 non
2659 595 3110 666 episcopus,non
3131 597 3327 663 abbas,
3349 613 3466 651 non
3499 599 3826 668 presbyter,

2116 700 2234 738 non
2264 684 2657 754 cujuscunque
2690 683 2908 737 ordinis
2938 683 3198 748 clericus,
3235 701 3351 738 non
3372 685 3581 756 aliquis
3616 702 3823 740 mona-

2115 773 2253 826 chus
2285 773 2372 826 vel
2433 771 2907 838 sanctimonialis,
2939 772 2998 826 in
3030 789 3371 845 quacunque
3404 776 3823 840 controversia,

2113 861 2230 915 sive
2262 861 2566 925 criminali,
2603 861 2718 914 sive
2745 861 2918 927 civili,
2975 861 3378 931 jusjurandum
3436 864 3828 932 compellatur

2113 949 2368 1020 qualibet
2394 949 2616 1003 ratione
2661 939 2875 1014 subire,
2915 951 3015 1004 sed
3077 950 3193 1004 suis
3250 950 3469 1005 idoneis
3529 952 3827 1005 advocatis

2111 1039 2218 1094 boc
2249 1038 2504 1092 oﬂicium
2537 1039 2704 1092 liceat
2735 1038 3020 1110 delegare.

1841 1369 2263 1430 DUBIA.

412 1547 508 1649 S.
595 1549 1142 1652 HEINRIGI
1231 1547 1902 1650 SENTENTIA
1989 1549 2136 1650 DE
2221 1546 2799 1649 GONJUGIO
2878 1545 3681 1650 GLERICORUM.

1729 1721 1927 1797 (Anno
1975 1722 2150 1795 1019,
2197 1719 2410 1797 Mart.)

304 1864 657 1919 Proferimns
712 1880 837 1917 eam
873 1880 940 1917 ex
971 1863 1164 1917 codice
1211 1862 1351 1916 bibl.
1410 1861 1626 1916 ducalis
1657 1861 2107 1932 Guelferbytanae
2139 1861 2289 1913 inter
2321 1860 2799 1916 Helmstadienses
2828 1875 2884 1932 η.
2919 1863 2985 1914 32
3014 1860 3073 1913 in
3115 1859 3210 1913 fol.
3267 1859 3436 1924 mbr.,
3495 1859 3586 1912 cui
3636 1875 3817 1914 manu

379 1937 572 1988 szeculi
601 1935 945 2004 x1inscripta
972 1935 1231 2000 habetur,
1258 1934 1406 1986 unde
1460 1939 1515 2004 et
1569 1933 1828 1985 Maderus
1874 1931 2000 2004 eam
2047 1933 2106 1985 in
2154 1932 2388 2002 Antiqq.
2447 1931 2950 2004 Brunsvicensibus
2992 1932 3265 2004 vulgavit.
3299 1931 3438 1984 Cum
3471 1936 3667 2004 tamen
3699 1947 3821 2004 non

378 2023 484 2076 pro
517 2007 712 2060 charta
741 2002 893 2076 justa
913 2006 1095 2058 forma
1117 2005 1362 2082 insigni,
1384 2003 1482 2082 sed
1513 2003 1925 2082 progmemoria
1955 2009 2176 2082 tantum
2203 2004 2284 2055 rei
2318 2008 2516 2082 gestae,
2551 2002 2817 2082 defuncte
2863 2002 2982 2082 jam
3018 2003 3280 2082 Heiprico
3309 2002 3651 2082 conscrnipta,
3715 2003 3822 2082 ha:

381 2073 566 2130 beuda
592 2077 684 2141 sit,
719 2073 845 2129 eam
872 2077 978 2129 hoc
1007 2075 1370 2145 potissimum
1402 2075 1524 2127 loco
1547 2074 1759 2127 referre
1803 2074 2221 2145 constituimus.
2253 2078 2417 2126 Anno
2448 2073 2510 2126 in
2557 2075 2751 2126 charta
2773 2073 3028 2145 indicato
3080 2073 3465 2145 1025,7obitus
3490 2073 3822 2145 Bernvvardi

384 2147 635 2202 anterior
666 2144 1016 2211 adversatur,
1041 2147 1119 2198 ita
1149 2151 1210 2198 ut
1239 2161 1358 2198 rem
1401 2151 1455 2198 et
1493 2145 1550 2197 in
1583 2149 1863 2197 conventu
1907 2144 2170 2213 Papiensi
2202 2148 2522 2208 tractatam,
2548 2160 2698 2196 anno
2730 2144 2883 2214 1019,
2933 2159 3046 2214 quo
3068 2144 3363 2196 Heinricus
3392 2159 3584 2196 mense
3617 2144 3823 2196 Martio

385 2218 655 2271 Goslaria:
694 2222 946 2270 moratus
977 2223 1081 2283 est,
1121 2216 1522 2285 assignandam
1560 2215 1912 2270 duxerimus.
1961 2215 2248 2284 Snbjicere
2280 2216 2410 2268 licet
2433 2231 2500 2268 ex
2527 2215 2728 2268 eodem
2761 2213 2961 2267 codice
2986 2215 3304 2268 Bernwardi
3351 2214 3822 2268 constitutionem

381 2289 517 2342 anni
549 2290 684 2341 1020
709 2305 882 2341 manu
921 2286 1117 2340 szeculi
1146 2302 1198 2340 ιι
1223 2293 1510 2340 exaratam
1543 2288 1670 2354 (96).

378 2473 688 2528 Architecti
737 2473 1030 2527 catholica:
1088 2473 1380 2541 doctrinm,
1440 2491 1569 2545 quae
1602 2475 1866 2528 sectanda
1913 2474 1998 2527 fo-
2033 2475 2074 2528 Β
2113 2489 2437 2543 scopornm,
2471 2471 2708 2526 Geronis
2768 2470 3034 2525 videlicet
3063 2471 3590 2541 Parthenopolitani
3623 2474 3817 2528 archi-

305 2567 434 2616 rent
463 2561 595 2616 fidei
628 2561 788 2632 quasi
819 2561 1193 2615 fundamenta
1232 2564 1501 2624 locantes,
1545 2561 1655 2616 hoc
1712 2561 2006 2615 evidenter

309 2653 628 2702 noscuntur
673 2649 963 2718 probasse,
1015 2649 1149 2702 sive'
1183 2650 1464 2720 gregatim
1512 2665 1606 2702 seu
1671 2648 2002 2719 separatim,

303 2743 369 2791 ut
419 2739 736 2808 gloriemur
764 2737 823 2791 in
882 2739 1048 2792 laude
1095 2739 1323 2793 Christi.
1362 2741 1504 2808 Ergo
1559 2755 1710 2793 anno
1751 2740 1910 2805 1025,
1945 2738 2004 2791 in

303 2827 639 2880 consistorio
697 2825 876 2897 regali
924 2827 1156 2881 Goslare
1223 2827 1612 2897 praeminenti,
1647 2828 1706 2881 in
1752 2826 2006 2880 aecclesia

304 2917 518 2970 scilicet
555 2916 790 2969 australi
829 2915 994 2969 lateri
1050 2916 1251 2970 eodem
1284 2917 1618 2984 adherente,
1677 2915 1913 2968 collecta
1936 2915 2001 2968 ﬁ-

304 3005 519 3058 delium
573 3004 1013 3069 coadunatione,
1078 3004 1442 3075 propositum
1502 3009 1586 3058 est
1639 3004 2002 3058 tractandum

305 3093 577 3163 quodque
598 3092 860 3146 utilitatis
888 3093 1156 3147 salutare.
1186 3094 1360 3162 Cujus
1401 3097 1710 3146 conventus
1732 3091 2005 3162 primatui

308 3181 583 3234 Henricus
614 3181 712 3251 qui
745 3186 879 3235 tunc
901 3181 1156 3251 tenporis
1187 3181 1271 3235 rei
1313 3181 1554 3252 publicas
1610 3180 2002 3234 monarcbiam

307 3274 580 3324 strenuue
613 3269 971 3339 gubernabat
1001 3270 1307 3335 assederat,
1338 3275 1396 3323 et
1432 3268 1846 3340 constipatione
1878 3269 2002 3339 epi-

377 3394 490 3462 (96)
553 3394 613 3447 in
664 3393 897 3447 nomine
963 3399 1170 3448 sanctae
1253 3392 1566 3448 Trinitatis.
1635 3393 2004 3447 Bernwardus

307 3469 515 3518 sanctae
579 3463 1115 3518 Hildinishemensis
1168 3465 1390 3518 eclesias
1445 3463 1680 3518 humilis
1732 3465 1993 3531 antistes,

307 3535 577 3606 omnibus
626 3534 793 3589 bonas
847 3535 1272 3606 cooperationis
1325 3536 1598 3589 fratribus
1625 3535 2001 3604 patribusque

306 3605 657 3672 reverendis,
709 3606 922 3676 gaudia
960 3605 1178 3659 salutis
1229 3610 1282 3658 et
1342 3606 1512 3676 pacis.
1575 3605 2005 3673 Legumlatores

306 3681 637 3742 sanxerunt,
667 3692 771 3745 per
832 3676 1116 3746 synodum
1142 3681 1198 3728 et
1249 3676 1485 3745 publica
1539 3677 1779 3731 concilia
1827 3683 2004 3729 status

2115 2562 2385 2633 episcopi,
2431 2567 2486 2614 et
2535 2559 2807 2614 Unowani
2839 2561 3161 2614 Bremensis
3219 2561 3660 2634 archiepiscopi,
3707 2567 3816 2618 Ar-

2112 2652 2250 2706 nolii
2303 2667 2532 2722 quoque
2584 2650 3087 2713 llalverstedensis,
3148 2653 3203 2704 et
3247 2651 3536 2704 Bennonis
3583 2653 3819 2707 Slaven-

2115 2740 2188 2793 sis
2244 2739 2376 2809 (97),
2431 2739 2755 2793 Thioderici
2812 2738 3116 2792 Mindensis
3192 2742 3320 2806 (98),
3369 2745 3423 2793 et
3491 2740 3819 2795 Thioderici

2113 2826 2727 2897 Mimigardivordensis
2777 2825 2907 2897 (99),
2951 2830 3009 2880 et
3058 2826 3366 2880 Ekkibardi
3422 2827 3820 2898 Sleswigensis

2113 2914 2385 2986 episcopi,
2443 2914 2838 2968 circumfultus
2915 2914 3192 2985 undique,
3266 2916 3467 2984 fasque
3535 2917 3820 2988 nefasque

2112 3021 2277 3075 requa
2324 3003 2714 3057 trutinationis
2761 3004 2923 3058 lance
2973 3004 3266 3073 pensabat.
3307 3005 3343 3057 E
3405 3004 3615 3075 quibus
3676 3023 3820 3060 vero

2113 3095 2264 3148 inter
2309 3093 2636 3163 questiones
2668 3093 2808 3146 citra
2857 3093 3123 3163 ultraque
3162 3093 3387 3146 habitas
3445 3094 3823 3148 Bernwardus

2113 3185 2322 3234 sanctaa
2349 3181 2884 3236 l-lildinishemeusis
2925 3182 3196 3236 aecclesiae
3225 3182 3334 3252 pia=
3374 3182 3673 3236 memorias
3710 3199 3821 3237 an-

2112 3269 2272 3324 tistes
2305 3286 2478 3340 quem
2510 3270 2653 3323 tanti
2686 3270 2899 3340 negotii
2931 3271 3285 3341 principatus
3309 3271 3819 3342 attinebat,cujus-

2113 3393 2402 3447 cotidiana
2435 3393 2679 3446 servitus
2727 3393 2886 3448 domi
2927 3393 3178 3464 forisque
3209 3393 3499 3455 indicitur,
3529 3393 3684 3447 unde
3721 3410 3820 3446 no-

2111 3465 2198 3518 bis
2228 3480 2460 3534 quoque
2515 3464 2705 3517 debita
2751 3465 3084 3518 victualium
3125 3465 3467 3535 compendia
3497 3480 3820 3534 procuren-

2113 3541 2225 3588 tur.
2262 3536 2395 3588 Saut
2427 3540 2704 3603 praeterea
2727 3536 2992 3588 nonnulli
3027 3536 3360 3588 clericorum
3396 3535 3819 3588 sanctimonia-

2113 3606 2372 3674 liumque
2407 3605 2660 3674 regulari
2690 3607 3118 3659 conversatione
3143 3605 3418 3673 insigniti,
3447 3622 3593 3676 quos
3623 3606 3821 3675 singu-

2114 3677 2195 3729 los
2220 3677 2279 3729 in
2305 3677 2597 3746 publicum
2631 3677 2909 3746 gregatim
2955 3678 3204 3746 prodire,
3248 3683 3303 3730 et
3349 3676 3588 3746 provida
3634 3677 3821 3730 imbe-

305 3751 515 3826 sanctae
548 3747 767 3826 eclesiae
794 3763 1040 3817 quaeque
1066 3746 1250 3826 ordiri
1284 3747 1466 3811 utilia,
1523 3747 2000 3826 perindequejus
2041 3749 2080 3802 C
2112 3747 2344 3826 cillioris
2570 3748 2983 3826 consideratio,
3018 3753 3072 3802 et
3130 3748 3412 3826 legittima
3453 3747 3820 3826 .cusnobialis

305 3818 504 3890 fasque
535 3817 801 3887 probare,
827 3833 990 3887 teque
1022 3817 1326 3890 salubriter
1349 3822 1550 3890 cuncta
1584 3817 1831 3890 disponi.
1864 3819 2004 3890 llinc

305 3887 480 3958 igitur
527 3905 677 3941 anno
738 3890 892 3950 1020,
949 3904 998 3940 v1
1049 3888 1180 3940 ldus
1231 3887 1489 3941 Octobris
1539 3887 1631 3957 (a),
1695 3887 1911 3940 saniori
1943 3896 2006 3942 ut

305 3957 502 4012 remur
531 3963 754 4011 utentes
786 3957 1048 4021 consilio,
1080 3958 1295 4028 ubique
1332 3959 1585 4011 locorum
1617 3975 1715 4011 nos
1744 3959 2006 4013 videlicet

305 4030 736 4098 respicientium
753 4029 1171 4100 adinventionis
1188 4033 1397 4082 nostrae
1409 4029 1743 4100 subsignare
1765 4030 2003 4099 dignum

307 4101 574 4152 duximus
607 4099 959 4170 mremoriale,
990 4104 1071 4170 ut
1109 4099 1168 4152 in
1213 4101 1457 4153 invicem
1505 4101 1598 4170 pie
1659 4101 2003 4154 condescen-

305 4171 521 4234 dentes,
547 4170 607 4222 in
634 4169 838 4222 timore
871 4169 1078 4241 Christi
1125 4175 1350 4224 nosmet
1404 4169 1557 4240 ipsus
1601 4176 2006 4241 supportemus

305 4241 629 4293 unanimes.
692 4240 830 4292 Nam
881 4240 938 4293 in
992 4242 1427 4309 praesentiarum
1479 4242 1624 4295 bene
1655 4240 2006 4296 eo’mmeritis

304 4312 450 4381 proh
473 4311 638 4384 dolor
659 4310 1018 4384 exigentibus
1049 4313 1253 4384 culpis,
1283 4313 1428 4366 nihil
1460 4313 1624 4384 pensi
1657 4329 1843 4384 neque
1877 4330 2004 4366 mo-

305 4382 499 4453 deratig
518 4381 711 4446 habet,
742 4382 968 4453 quantis
999 4383 1166 4435 malis
1215 4384 1397 4451 magis
1447 4381 1835 4453 magisque—in
1885 4384 2007 4437 dies

305 4451 929 4523 periclitansgmundns
985 4455 1334 4507 succumbat.
1381 4451 1730 4523 Unde—ergo
1785 4459 1851 4507 ut
1903 4471 2006 4523 pro

305 4521 472 4591 posse
498 4521 804 4595 criminum
853 4528 1182 4595 nostrorum
1223 4525 1644 4595 aliquantulum
1668 4521 1840 4578 'oneri
1868 4521 2008 4593 par-

309 4609 525 4665 camus,
553 4593 779 4665 publice
811 4594 1194 4664 privatimque
1230 4593 1646 4660 constituimus,
1683 4601 2008 4665 utquatuor

307 4663 469 4736 anni
499 4663 903 4736 temporibus”
939 4663 1142 4734 legalia
1197 4667 1402 4736 synodi
1453 4666 1613 4736 scita,
1651 4663 2010 4736 decernenda

307 4733 602 4799 condictis,
635 4735 705 4788 ab
729 4733 1237 4790 omnibus’nostraé
1291 4737 1506 4789 scilicet
1563 4735 1800 4789 diocesis
1830 4737 2007 4805 septis

305 4807 632 4877 congyratis
653 4806 713 4858 in
743 4822 1084 4860 consensum
1101 4807 1622 4877 participatumque
1645 4806 1786 4859 tanti
1817 4808 2007 4876 operis

303 4876 558 4948 undique
597 4877 988 4948 conveniatur,
1011 4876 1220 4948 quibus
1247 4877 1303 4931 id
1345 4877 1555 4947 negotii
1575 4878 1704 4948 jure
1745 4876 2002 4931 debetur.

306 4946 601 5002 Salubrius
650 4947 804 5001 enim
861 4946 1179 5019 fortiusque
1231 4946 1564 5017 hujusmodi
1591 4947 1881 5001 decretum
1913 4949 2006 5002 di-

306 5019 717 5084 noscitur,cum
763 5019 1166 5090 astipulatione
1197 5019 1582 5090 plurimorum
1630 5019 2003 5088 depromitur,
2034 5032 2076 5085 ι)

307 5091 432 5143 Non
473 5095 668 5143 tamen
700 5088 897 5143 omnes
953 5090 1013 5142 in
1065 5105 1245 5143 unum
1302 5088 1635 5159 singillatim
1691 5105 2006 5158 courogare

306 5160 688 5224 decernimus,
725 5160 863 5214 dum
896 5161 1255 5214 multimodis
1281 5159 1766 5230 praepedientibus
1825 5160 2008 5214 causis

303 5231 634 5284 nullatenus
665 5232 771 5285 hoc
809 5231 936 5284 ﬁeri
962 5247 1122 5300 posse
1146 5247 1258 5284 non
1280 5229 1648 5300 ignOremns;
1709 5231 2009 5298 prmsertin

305 5317 434 5354 cum
487 5302 740 5354 humana
801 5301 1081 5371 fragilitas
1136 5301 1456 5354 necessario
1516 5301 1723 5370 exigat,
1778 5307 1840 5354 ut
1889 5318 2007 5355 suae

309 5371 570 5442 utilitatis
601 5372 818 5426 artibus
842 5372 1088 5442 quisque
1135 5371 1334 5425 diatim
1369 5371 1658 5438 inserviet,
1716 5373 1871 5425 velut
1899 5373 2005 5425 sci-

307 5441 442 5494 licet
469 5443 764 5510 rusticani,
809 5441 1019 5513 quibus
1083 5459 1187 5512 per
1224 5442 1379 5496 varia
1436 5443 1696 5496 laborum
1739 5443 2004 5497 exercitia

377 5563 456 5632 (a)
488 5563 561 5617 M.
594 5565 700 5618 xx.
740 5565 830 5618 Vl.
863 5566 953 5620 ID.
991 5565 1188 5620 ocra.
1223 5565 1414 5620 eodem.

2115 3817 2708 3886 propositidissuadet
2750 3817 3044 3883 districtio,
3094 3819 3306 3872 nedum
3360 3817 3498 3871 foris
3551 3818 3718 3887 quasi
3751 3834 3820 3871 ex

2116 3889 2510 3958 hujuscemodi
2566 3893 2776 3941 statuto
2817 3896 3221 3958 pervagantur,
3277 3889 3344 3942 ab
3395 3888 3602 3941 usitato
3634 3889 3821 3942 animi

2117 3960 2304 4029 rigore
2335 3959 2643 4028 proclivius
2671 3959 2899 4013 deviare
2930 3967 3226 4029 cogantur,
3255 3959 3395 4029 quin
3426 3960 3617 4029 potius
3645 3960 3820 4012 solito

2119 3977 2304 4029 rigore
2335 3977 2643 4028 procuvius
2671 3977 2899 4013 deviare
2930 3977 3226 4029 cogantur,
3297 3977 3395 4013 nm
3426 3977 3617 4029 pouus
3645 3977 3820 4012 SOIlto

2119 4030 2357 4084 Deitatis
2386 4029 2614 4083 servitio
2646 4029 2915 4083 insudare
2937 4031 3216 4084 nitantur.
3249 3977 3466 4094 auibus
3495 4031 3670 4083 etiam
3703 4031 3822 4083 sol-

2115 4100 2271 4154 licita
2299 4099 2805 4170 circumspectione
2847 4101 3194 4171 praemoniti,
3231 4101 3292 4154 in
3344 4117 3648 4154 commune
3682 4117 3825 4171 per-

2117 4172 2446 4236 suademus,
2477 4171 2557 4224 uti
2597 4172 2655 4224 in
2715 4172 2964 4225 definitis
3016 4173 3215 4226 diebus
3265 4172 3663 4241 unusquisque
3714 4189 3822 4242 pro

2117 4242 2445 4296 diversitate
2478 4258 2644 4295 sexus
2669 4247 2723 4295 et
2744 4243 2945 4309 aetatis,
2990 4243 3163 4296 sacris
3206 4243 3533 4296 orationum
3571 4243 3820 4296 oblatio-

2116 4329 2374 4382 numque
2405 4329 2526 4365 sese
2555 4313 2819 4384 studeant
2842 4315 3167 4384 mancipare
3191 4313 3411 4380 ofﬁciis,
3465 4313 3606 4366 illud
3639 4329 3822 4382 quam

2121 4384 2368 4436 maxime
2415 4400 2658 4440 summae
2700 4383 2980 4437 divinitati
3012 4383 3142 4438 eum
3171 4390 3286 4437 tota
3339 4384 3571 4454 spiritus
3599 4385 3824 4438 contri-

2118 4454 2276 4525 tione
2307 4454 2715 4525 supplicantes,
2759 4455 3029 4524 quatinus
3087 4460 3208 4525 ipse
3265 4454 3568 4508 conventui
3617 4461 3819 4508 nostro

2120 4524 2316 4578 adesse
2345 4524 2636 4590 dignetur,
2683 4526 2781 4595 qui
2837 4525 3061 4579 duobus
3111 4524 3335 4596 quippe
3389 4531 3487 4578 aut
3539 4525 3724 4579 tribus
3755 4526 3818 4579 in

2120 4595 2354 4649 nomine
2385 4612 2487 4666 suo
2511 4596 2872 4666 congregatis
2891 4613 2949 4649 se
2995 4595 3245 4650 medium
3277 4597 3578 4666 pollicetur
3609 4611 3624 4665 ;
3666 4597 3821 4665 ejus-

2121 4683 2232 4737 que
2263 4665 2837 4747 condonantegratia
2868 4668 2980 4720 tale
3005 4667 3148 4747 quid
3181 4683 3250 4747 ex_
3278 4665 3526 4747 nostro"
3552 4668 3818 4747 consultu

2121 4743 2468 4807 emergatur,
2499 4739 2651 4807 quod
2685 4743 2741 4792 et
2775 4737 3142 4806 praesentium
3175 4739 3343 4791 saluti
3385 4737 3730 4808 proﬁcuum,
3759 4744 3821 4792 et

2119 4809 2442 4880 futurorum
2484 4808 2790 4861 imitationi
2820 4825 2939 4863 esse
2968 4809 3444 4880 queatidoneum,
3465 4809 3818 4880 insuperque

2119 4895 2208 4932 res
2236 4879 2467 4950 publica
2495 4879 2640 4933 bene
2670 4885 3054 4949 strennueqne
3076 4886 3325 4950 regatur,
3359 4885 3550 4933 sancta
3582 4879 3818 4950 quoque

2120 4949 2534 5022 eclesiabeatre
2565 4949 2942 5022 glorioszeque
2962 4951 3058 5004 Dei
3084 4949 3377 5021 genitricis
3432 4951 3584 5022 hunc
3631 4949 3818 5022 usque

2119 5020 2597 5092 tuitionimunita
2621 5021 2993 5092 adaugeatur,
3029 5020 3154 5091 ipsa
3174 5023 3491 5092 eademque
3539 5021 3608 5074 ab
3666 5020 3813 5075 in'fe-

2119 5092 2362 5163 statione
2383 5091 2603 5163 inimici
2635 5091 3204 5163 ministrantiumque
3261 5091 3411 5158 sibi,’
3453 5108 3816 5163 paganorum

2119 5161 2442 5215 scilicetseu
2477 5162 2761 5215 malorum
2833 5161 3302 5232 christianorum,
3351 5161 3679 5217 incursione
3718 5181 3816 5218 us-

2120 5249 2232 5303 que
2263 5249 2492 5303 quaque
2527 5233 2884 5287 defendatur.

2194 5305 2303 5370 (97)
2337 5303 2382 5357 i.
2424 5320 2472 5356 e.
2502 5304 3030 5374 Aldemburgensis.

2192 5375 2307 5442 (98)
2328 5375 2475 5428 sedit
2513 5374 2646 5428 inde
2673 5375 2740 5428 ab
2773 5391 2823 5430 a.
2867 5377 3188 5430 1018-1022.
3218 5375 3378 5432 Febr.
3408 5379 3491 5430 19.

2188 5447 2294 5514 (99)
2328 5445 2481 5500 Obiit
2514 5462 2560 5499 a.
2597 5447 2751 5509 1022,
2777 5447 2829 5501 d.
2854 5449 2942 5501 23.
2966 5448 3203 5502 Jannar.
