3938 6310
109 284 208 336 233

1370 280 1590 337 LEGES
1628 283 1715 337 ET
1755 280 2363 339 CONSTITUTIONES.

3512 284 3616 339 234

106 402 236 456 dam
292 402 689 474 ambiguitatis
745 402 1075 473 indaginem
1127 402 1529 474 investigabat,
1559 404 1804 475 quippe:
1845 407 1887 461 A
1920 405 2125 459 exinde
2178 421 2412 459 concors
2454 404 2684 458 illorum
2748 404 2872 459 ﬁeri
2933 406 3276 460 decrevisset
3316 405 3618 459 assensio?

108 492 245 545 Cum
293 492 541 562 quilibet
573 492 872 564 episcopus
902 492 989 546 vel
1020 492 1267 563 cujusvis
1315 493 1611 563 dignitatis
1649 493 1803 564 quis-

107 596 303 650 quam,
376 580 742 652 proprietatis
789 597 906 635 suae
963 581 1215 652 aliquem
1273 582 1344 636 ad
1399 582 1805 636 sacerdotalem

107 670 435 735 provehens
489 669 752 739 gradum,
787 686 903 723 suae
955 669 1253 743 potestatis
1278 670 1439 741 juxta
1490 669 1807 724 collibitum

108 775 226 811 esse
255 758 609 828 permiserit,
638 758 986 829 insuperque
1016 758 1102 811 sui
1124 758 1272 828 juris
1320 775 1419 812 seu
1477 759 1646 812 alieni
1701 758 1808 812 sibi

110 846 395 899 aeclesiam
465 846 730 900 clementi
782 846 1133 916 benignitate
1174 846 1529 917 adquisierit,
1583 848 1679 901 sed
1741 847 1809 916 is,

108 934 549 988 succedentibus
594 935 904 1005 prosperis,
935 934 1155 989 altioris
1185 935 1374 988 meriti
1404 936 1650 989 elatione
1690 952 1811 989 sese

110 1039 284 1093 super
313 1022 583 1076 verticem
617 1014 903 1089 extulerit,
958 1023 1287 1093 donumque
1334 1023 1608 1077 divinitus
1638 1024 1810 1077 colla-

111 1116 232 1164 tum
266 1111 327 1164 in
386 1115 554 1182 turpe
608 1110 951 1165 converterit
991 1111 1466 1177 emolumentum,
1530 1111 1670 1165 adeo
1728 1116 1810 1175 ut,

112 1200 412 1254 nobilitate
464 1199 689 1270 generis
743 1216 1067 1266 succensus,
1101 1200 1389 1271 quandam
1435 1200 1494 1253 in
1523 1200 1816 1254 matrimo-

113 1290 275 1342 nium
325 1288 690 1358 usurpaverit
719 1289 980 1353 liberam,
1014 1305 1080 1342 eo
1138 1294 1336 1342 tenore
1367 1293 1433 1342 nt
1473 1289 1694 1359 prolem
1752 1304 1817 1342 ex

111 1376 311 1428 eadem
372 1374 684 1429 derivatam
738 1390 971 1445 quoquo
1029 1375 1200 1429 modo
1256 1374 1539 1429 abalienet
1585 1374 1815 1429 servitio

110 1464 235 1532 ejus
290 1464 456 1534 cujus
514 1463 633 1534 ipse
686 1464 919 1518 suberat
947 1463 1229 1529 dominio;
1288 1463 1421 1534 quid
1453 1462 1813 1534 potissimum

1917 495 2012 548 llis
2044 494 2120 547 ita
2149 493 2480 564 prelibatis,
2513 510 2815 564 procerum
2864 494 3261 565 unusquisque
3293 511 3395 564 pro
3446 494 3619 548 indu-

1917 582 2066 635 striae
2098 598 2210 635 suae
2263 582 2647 648 estimatione,
2675 582 2848 651 hujus
2879 583 2959 636 rei
2991 584 3286 653 proposito
3332 584 3505 653 longa
3535 583 3617 635 al-

1917 671 2182 724 ternabat
2212 670 2645 724 deliberatione.
2691 670 2797 724 Sed
2831 672 3059 724 tandem
3094 671 3263 741 hujus
3317 671 3621 725 haesitatio-

1919 758 2009 812 nis
2066 758 2374 812 amfractus
2402 759 2745 829 imperatore
2803 759 3175 829 anticipante,
3223 759 3409 812 omnis
3465 758 3620 812 illius

1919 846 2210 899 concionis
2236 862 2527 899 consessus
2558 846 2615 899 in
2639 847 2971 917 suffragium
2995 847 3330 917 hujusmodi
3352 846 3621 918 assurgit,

1921 935 2350 1005 acclamantque
2378 934 2563 988 cuncti
2599 951 2611 987 :
2646 935 2899 1005 legitime
2952 942 3237 1006 oportere,
3289 940 3405 990 tam
3438 936 3620 1006 ipsam

1922 1038 2097 1092 quam
2128 1024 2251 1094 ejus
2280 1023 2669 1093 posteritatem
2701 1024 2902 1077 eodem
2933 1041 3047 1095 quo
3080 1031 3135 1078 et
3164 1025 3283 1095 ipse
3335 1024 3623 1078 servitutis

1914 1111 2057 1180 jugo
2115 1112 2505 1165 succumbere.
2568 1111 2799 1165 Addunt
2871 1112 3249 1166 nihilominus
3320 1113 3623 1183 praesentis

1924 1198 2335 1267 compactionis
2364 1199 2676 1265 decretum,
2739 1201 2982 1254 Romani
3038 1200 3268 1271 imperii
3325 1202 3623 1271 majestate

1923 1287 2224 1353 sancitum,
2260 1289 2418 1341 nullo
2450 1288 2681 1357 penitus
2713 1288 2773 1342 in
2796 1293 3074 1359 perpetuo
3098 1290 3229 1359 jure
3258 1289 3620 1355 solvendum,

1926 1375 2175 1429 maxime
2200 1391 2354 1442 cum,
2382 1376 2442 1429 in
2472 1376 2616 1430 bene
2647 1377 2857 1447 placito
2890 1378 3228 1431 universalis
3261 1394 3441 1449 papae,
3495 1392 3623 1447 pro-

1928 1469 2186 1533 spectum
2218 1468 2441 1533 vegetet
2472 1469 2680 1518 sanctas
2712 1465 2969 1519 aeclesize.

334 1744 437 1873 S.
532 1769 1129 1873 HENRICI
1227 1768 1803 1872 PACTUM
1876 1769 2167 1872 CUM
2240 1768 3049 1872 BENEDICTO
3120 1770 3404 1871 VIII.

1590 1949 1720 2020 (An.
1758 1952 1914 2017 1020,
1959 1949 2174 2018 April.)

183 2110 599 2167 Autbenticum
631 2107 753 2175 ejus
801 2104 953 2175 quod
1007 2100 1506 2175 inarchivo‘olim
1558 2100 1824 2153 Vaticano
1878 2098 2448 2175 asservatum__fuisse
2488 2098 2716 2175 dicitur,
2751 2098 2919 2175 Ahaud
2969 2100 3217 2170 amplius
3263 2104 3464 2168 exstat,
3526 2102 3623 2155 sed

116 2184 372 2253 primum
399 2168 836 2234 constitutionis
860 2174 1161 2253 exemplar
1190 2174 1247 2226 in
1280 2172 1628 2253 collectione
1649 2186 1931 2251 canonum
1987 2170 2293 2253 cardinalis
2333 2168 2640 2253 Deusdedit
2670 2170 2940 2253 habetur;
2979 2168 3165 2253 quare
3190 2176 3623 2253 transumptum

115 2253 462 2315 authentici,

510 2250 658 2319 quod
690 2240 1054 2319 credebatur,
1094 2244 1149 2296 in
1186 2242 1427 2319 concilio
1477 2241 1843 2319 Lugdunensi
1871 2242 2214 2319 confectum,
2266 2246 2323 2294 et
2371 2257 2403 2294 a
2444 2241 2644 2310 Borgia
2674 2241 2735 2292 in
2778 2240 2924 2319 libro
2974 2242 3137 2319 Breve
3178 2242 3387 2319 Istmja
3416 2240 3502 2295 del
3531 2242 3625 2296 do-

115 2328 286 2379 minio
319 2312 610 2392 temporale
665 2318 808 2371 delia
856 2317 978 2370 sede
1021 2316 1340 2392 apostolica,
1373 2314 1642 2392 ap_pend.,
1685 2328 1821 2391 pag:
1868 2313 2059 2377 40-43,
2095 2312 2303 2392 iterum
2321 2326 2691 2392 expressum,
2718 2312 3239 2392 ‘repeterejuvat.
3289 2313 3624 2392 Chartapaf

120 2405 277 2450 ctum
313 2381 687 2447 Ottonianum
720 2404 912 2457 presso
944 2381 1089 2456 pede
1120 2381 1425 2454 scquiturf
1440 2381 1517 2457 ita
1543 2383 1936 2457 utprazcipue
1978 2398 2089 2457 una
2112 2385 2395 2457 sententia
2417 2384 2475 2435 in
2496 2382 2688 2435 codice
2714 2381 2985 2457 _Va_ticano
3016 2384 3153 2436 1984
3179 2383 3460 2457 descripta
3491 2381 3627 2457 (100A)

118 2469 186 2521 ab
214 2468 318 2521 illo
376 2463 627 2527 recedat;
666 2452 816 2513 unde
868 2452 1020 2511 idem
1061 2456 1131 2509 de
1189 2452 1740 2527 utroquejudicium
1798 2453 2257 2527 ferendum_est._
2297 2454 2441 2506 Nota
2486 2452 2851 2527 temporis_in
2912 2455 3106 2527 charta
3152 2455 3293 2527 tanti
3344 2455 3623 2527 momenti

122 2537 313 2591 omitti
346 2533 589 2588 minime
618 2523 862 2602 poterat,
922 2528 1165 2602 ideoque
1205 2523 1595 2602 authenticum
1624 2524 1691 2602 ad
1741 2523 2045 2602 concilium
2106 2523 2485 2602 Lugdttnense
2543 2524 2875 2602 provenisse
2923 2523 3079 2602 haud
3132 2523 3478 2602 credendum
3518 2531 3619 2577 est.

118 2612 402 2663 Caeterum
439 2620 569 2658 cum
605 2592 660 2654 in
695 2592 886 2654 charta
920 2600 988 2653 de
1028 2592 1476 2651 commutatione
1506 2594 1851 2666 prediorum
1899 2592 2209 2666 Anthesna,
2246 2593 2607 2666 Wieneringa
2636 2598 2693 2645 et
2749 2592 3066 2666 Wilinbach
3096 2594 3413 2666 sermoisit,
3447 2610 3619 2663 quam

118 2681 171 2733 d.
202 2683 234 2733 8
272 2678 441 2733 Febr.
478 2692 528 2728 a.
580 2674 713 2726 1018
748 2673 931 2725 locum
966 2669 1234 2723 habuisse
1294 2663 1532 2733 constat,
1565 2666 1818 2719 chartam
1848 2665 2151 2718 conventui
2201 2664 2561 2733 potissimum
2594 2663 2952 2731 imperatoris
2984 2670 3039 2715 et
3075 2679 3239 2733 papa:
3299 2664 3627 2717 Babenber-

118 2752 305 2819 gensi,
340 2762 537 2819 mense
570 2743 781 2819 Aprilis
808 2759 858 2794 a.
913 2738 1494 2819 1929,.assignandam
1526 2736 1866 2819 credideris;
1896 2735 1989 2788 cui
2018 2735 2383 2819 sulfragatur,
2445 2734 2596 2819 quod
2626 2750 2696 2819 ex
2722 2733 2959 2819 testibus
2997 2734 3323 2819 .Mace‘linus.
3356 2735 3471 2815 sive
3513 2735 3624 2789 Me-

117 2803 438 2891 ginha'rdus
463 2818 519 2871 d.
567 2803 1138 2891 2'D_ec.a.10.t_.8in
1175 2803 1509 2891 episcopum
1564 2806 2085 2891 Wirciburgensem
2140 2803 2592 2875 prumotus’est,
2649 2810 2705 2857 et
2755 2803 3083 2858 Heribertus
3128 2804 3483 2859 Coloniensis
3541 2821 3627 2858 ar-

119 2876 523 2962 chiepisc0pus
544 2902 656 2939 xm
692 2884 811 2938 Kal.
844 2882 1055 2954 Aprilis
1086 2897 1136 2933 a.
1170 2881 1295 2933 1021
1334 2876 1670 2948 supremum
1697 2877 1848 2930 diem
1890 2876 2112 2930 clausit.

187 3026 253 3079 In
313 3020 551 3075 nomine
606 3014 834 3070 Domini
890 3012 989 3068 Dei
1045 3009 1456 3080 omnipotentis
1519 3008 1717 3073 Patris,
1762 3010 1817 3061 et
1854 3010 1891 3061 Β
1930 3007 2041 3061 scie
2096 3006 2376 3077 partibus,
2432 3005 2582 3060 idest
2612 3007 2864 3066 Portum.
2916 3006 3348 3071 Centumcellas,
3403 3006 3625 3069 Ceram,

122 3110 268 3176 Filii,
304 3114 362 3161 et
419 3104 665 3177 Spiritus
716 3101 914 3157 sancti.
964 3102 1075 3169 Ego
1127 3098 1422 3153 lleinricus
1486 3096 1581 3150 Dei
1638 3096 1824 3166 gratia

120 3200 442 3269 imperator
470 3199 747 3264 angustus
776 3190 1029 3261 spondeo
1060 3192 1227 3258 atque
1260 3186 1557 3257 promitto,
1584 3201 1689 3255 per
1718 3184 1825 3238 hoc

120 3294 356 3357 pactum
388 3280 843 3338 conﬁrmationis
872 3283 1090 3341 nostre,
1122 3276 1225 3330 tibi
1256 3276 1420 3329 beato
1473 3275 1641 3328 Petro
1673 3272 1825 3343 prin-

122 3375 233 3446 cipi
266 3373 667 3445 apostolorum
695 3374 751 3423 et
780 3368 1064 3437 clavigero
1116 3364 1283 3435 regni
1316 3365 1589 3425 celorum,
1638 3367 1696 3415 et
1724 3376 1828 3431 per

121 3472 175 3518 te
206 3462 423 3518 vicario
477 3467 578 3514 tuo
612 3459 825 3513 domno
860 3455 1164 3510 Benedicto
1209 3468 1434 3507 summo
1466 3451 1725 3523 pontiﬁci
1774 3455 1829 3504 et

125 3550 439 3607 universali
463 3565 629 3621 pape.
663 3547 810 3600 sicut
834 3562 867 3598 a
896 3542 1396 3616 predecessoribus
1418 3539 1615 3593 vestris
1646 3554 1826 3609 usque

126 3656 279 3695 nunc
311 3640 371 3693 in
405 3641 687 3708 potestate
715 3639 901 3688 vestra
932 3648 996 3685 ac
1026 3631 1240 3684 ditione
1270 3627 1534 3682 tenuistis
1564 3631 1622 3679 et
1644 3625 1829 3695 dispo-

129 3729 344 3794 suistis,
380 3727 667 3781 civitatem
698 3724 1017 3778 Romanam
1048 3735 1177 3773 cum
1212 3718 1420 3772 ducatu
1449 3731 1574 3781 suo,
1607 3719 1664 3769 et
1690 3714 1826 3767 sub-

130 3818 389 3883 urbanis,
448 3823 618 3885 atque
662 3811 863 3866 viculis
918 3808 1203 3873 omnibus,
1262 3811 1319 3859 et
1347 3802 1650 3858 territoriis
1683 3802 1827 3872 ejus,

132 3908 424 3963 montanis
452 3921 517 3958 ac
571 3900 893 3963 maritimis,
949 3897 1211 3951 litoribus
1267 3900 1323 3949 et
1374 3892 1677 3964 portubus,
1731 3906 1831 3944 seu

134 3996 349 4052 cunctis
376 3992 724 4061 civitatibus,
768 3987 1035 4055 castellis,
1069 3984 1318 4055 oppidis,
1367 3998 1433 4036 ac
1488 3980 1686 4035 viculis
1715 3980 1833 4034 Tu-

1935 3096 2188 3160 Pledam,
2254 3094 2603 3159 Marturiani,
2657 3094 2927 3159 Sutriam,
3006 3095 3241 3165 Nepem,
3299 3095 3629 3161 Castellum,

1935 3185 2225 3251 Gallisem,
2286 3184 2501 3250 Ortem,
2554 3182 2969 3245 Polimartium,
3034 3183 3335 3247 Ameliam,
3390 3183 3632 3247 Tudam,

1938 3271 2227 3325 Perusiam
2259 3286 2389 3324 cum
2442 3270 2625 3323 tribus
2676 3270 2893 3323 insulis
2924 3270 3062 3335 suis,
3094 3269 3241 3323 idest
3283 3273 3517 3341 majore,
3580 3276 3636 3323 et

1936 3361 2179 3424 minore,
2217 3358 2539 3412 Pulvensim
2594 3362 2659 3425 ιι,
2694 3363 2751 3411 et
2782 3358 2925 3423 lacu,
2961 3358 3272 3424 Narmiam,
3310 3364 3366 3412 et
3418 3359 3635 3413 Utricu-

1940 3448 2050 3501 lam
2085 3462 2211 3500 cum
2268 3446 2535 3499 omnibus
2578 3446 2789 3499 ﬁnibus
2847 3450 2904 3499 et
2932 3446 3238 3499 territoriis
3272 3446 3341 3499 ad
3373 3446 3633 3515 supradi-

1937 3541 2052 3590 ctas
2083 3535 2337 3588 civitates
2366 3532 2808 3604 pertinentibus,
2866 3549 2971 3587 nec
3003 3550 3116 3586 non
3177 3537 3234 3587 et
3264 3534 3634 3589 exarchatum

1940 3625 2333 3678 Ravennatum
2379 3622 2484 3675 sub
2542 3621 2870 3691 integritate
2900 3637 3030 3675 cum
3082 3620 3343 3687 urbibus,
3396 3621 3638 3675 civitati-

1936 3714 2062 3779 bus,
2097 3712 2344 3782 oppidis,
2377 3715 2434 3765 et
2457 3710 2721 3777 castellis,
2776 3727 2886 3780 que
2914 3710 3008 3781 pie
3034 3710 3445 3765 recordationis
3467 3709 3636 3765 dom-

1939 3819 2048 3856 nus
2096 3800 2351 3872 Pipinus,
2384 3805 2443 3854 et
2495 3800 2699 3854 domus
2750 3800 2997 3853 Karolus
3028 3804 3086 3853 et
3132 3801 3376 3854 domnus
3406 3799 3638 3854 Lodovi—

1940 3904 2063 3957 cus,
2097 3892 2152 3941 et
2179 3888 2331 3952 Otto,
2367 3893 2423 3942 et
2443 3887 2640 3943 itidem
2671 3888 2800 3942 Otto
2830 3887 2982 3942 ﬁlius
3012 3888 3157 3958 ejus,
3210 3889 3639 3958 predecessores

1940 3977 2202 4031 videlicet
2232 3977 2429 4043 nostri,
2479 3976 2645 4031 beato
2676 3978 2842 4032 Petro
2875 3977 3132 4048 apostolo
3164 3982 3219 4030 et
3275 3977 3637 4047 predecesso-

1541 4104 1773 4158 νΑΒιΑῖ
1828 4101 2229 4157 LECTIONES.

204 4216 247 4247 ³⁸
279 4206 617 4265 Pulverisim
654 4206 871 4271 Borgia.

1772 4280 1993 4335 NOT/E.

205 4427 354 4496 (100)
389 4421 567 4479 ϐοάσω
614 4422 697 4474 αα
727 4418 913 4496 habet?
973 4415 1156 4496 super
1184 4412 1290 4492 ¹¹⁰.⁰
1335 4403 1835 4496 θρηίξεῖφδὶυέέὲἶί
1867 4404 1907 4458 (⁵
1942 4396 3509 4496 F.3‘31ini_ll?ffi‘i?is...°ﬁﬁ‘3edibﬁifﬁql’fjeﬂui-39
3531 4398 3644 4496 313°

138 4477 514 4551 beate—[Petre
569 4490 823 4560 apostole
853 4477 1071 4560 etwper'
1102 4489 1156 4537 te
1215 4479 1557 4560 v_icario_suo
1616 4477 1828 4560 domno

142 4546 471 4631 Denvedi—cto,
506 4546 731 4615 summo
761 4546 1019 4629 pontiﬁci
1051 4562 1108 4631 et
1163 4550 1465 4631 universali
1497 4564 1680 4618 papae,
1708 4546 1832 4631 Eul—

140 4642 377 4693 densem
433 4623 865 4696 monasterium,
925 4633 982 4681 et
1020 4623 1240 4679 abbatis
1295 4623 1836 4696 ejusconsecratio-

142 4690 305 4773 {1361,
329 4714 504 4776 atque
534 4703 725 4776 omnia
765 4690 1351 4776 monasteria,_curtes
1396 4695 1452 4744 et
1480 4690 1662 4776 villas,
1684 4702 1837 4776 quas

142 4759 678 4835 inviiltrarilontanis
708 4772 965 4845 partibus
996 4774 1225 4845 sanctus
1250 4766 1448 4845 Petrus
1480 4759 1837 4845 abere‘di‘no-

143 4828 602 4917 “absque
654 4828 965 4917 Antbesna,
1000 4836 1412 4917 Guinneringa,
1472 4832 1588 4885 sive

143 4923 305 4987 bach,
329 4905 456 4990 'que
508 4905 540 4990 ξι
571 4915 778 4990 sancti_
803 4905 960 4990 Βοιιᾷ
980 4908 1216 4964 ecclesia
1231 4921 1348 4987 _per
1376 4905 1843 4990 commutatiqnis

146 4971 416 5063 paginain
439 4987 707 5063 episcopo
748 4971 1262 5063 Babenberguens'i:
1277 4971 1842 5063 conlate‘sunt.“ljr.q

146 5044 355 5134 quibus
379 5044 668 5129 jamdicta!
700 5056 966 5134 aecclesia:
1006 5044 1157 5134 beati
1217 5045 1369 5102 Petri
1397 5044 1848 5134 concediqusuet

146 5112 557 5188 clo-niirm'alnus
587 5142 818 5181 omnem
869 5125 1026 5196 illam
1049 5128 1492 5196 Alerram,_qu'am
1523 5114 1670 5168 inter
1697 5112 1846 5196 .Nar-

150 5187 325 5268 niam,
383 5200 755 5255 Terramnem
788 5193 1227 5268 veliSpoletum
1271 5188 1554 5268 abuimus,
1589 5187 1851 5268 preterea

151 5276 252 5329 sub
305 5262 619 5328 tuitionem
680 5266 833 5322 beati
890 5262 1041 5319 Petri
1098 5269 1155 5316 et
1207 5266 1475 5321 vestram,
1526 5262 1851 5329 vestrorum

152 5324 561 5400 successorum.
602 5339 998 5411 VPretaxatum
1050 5332 1462 5411 _episcopatum
1532 5324 1852 5411 Babenbﬁerf

155 5410 767 5487 guensemgofferimus.
800 5408 960 5487 U_nde_
982 5405 1401 5487 subpensione
1424 5409 1855 5487 equum-unum

155 5474 342 5543 album
373 5485 679 5540 faleratum
706 5496 772 5534 ex
803 5474 1211 5559 ejusdemlloci‘
1228 5474 1493 5559 episcopp
1524 5479 1858 5559 vos-annua:

157 5540 675 5625 literisuscepturos
694 5540 1001 5610 sancimus.
1030 5552 1079 5600 et
1117 5540 1299 5611 infrd:
1334 5542 1397 5594 In
1427 5540 1702 5593 electione
1728 5550 1858 5587 vero

516 5658 793 5722 Pnaor.
848 5653 1025 5717 CXL.

1942 4474 2134 4525 venire
2165 4468 2477 4539 presumat,
2509 4474 2574 4522 ut
2605 4468 2717 4522 illis
2762 4468 3035 4522 Romanis
3063 4484 3207 4539 quos
3237 4469 3304 4522 ad
3360 4470 3507 4523 hanc
3529 4470 3644 4523 ele-

1943 4542 2218 4621 ctionem,
2264 4556 2435 4621 ‘perh
2472 4539 3339 4621 constitutionem“sanctorum
3411 4546 3645 4621 patrum

1945 4613 2181 4683 antiqua
2212 4610 2444 4683 admisit
2497 4609 2873 4683 consuetudo,
2931 4609 3146 4683 aliquid
3211 4611 3378 4665 faciat
3406 4609 3647 4683 impedi-

1947 4680 2226 4747 mentum,
2261 4681 2413 4751 quod
2445 4680 2518 4739 ,si
2570 4680 2695 4749 quis
2737 4686 2931 4735 contra
2962 4680 3107 4734 hanc
3154 4686 3410 4735 nostram
3442 4680 3649 4735 censti-

1946 4755 2225 4808 tutionem
2257 4752 2689 4822 presumpserit,
2715 4752 2884 4805 exilio
2907 4752 3184 4805 tradatur.
3209 4752 3451 4821 Insuper
3476 4752 3648 4807 etiam

1950 4832 2013 4879 ut
2043 4826 2237 4878 nullus
2252 4823 2560 4876 missorum
2593 4828 2921 4876 nostrorum
2953 4822 3366 4893 cujuscumque
3401 4823 3648 4893 impedi-

1950 4895 2125 4951 tionis
2159 4900 2524 4948 aucmentum
2566 4893 2856 4964 obponere
2881 4893 2941 4946 in
2998 4894 3218 4963 prefata
3246 4893 3521 4947 electione
3547 4909 3648 4947 au-

1952 4968 2102 5032 deat,
2135 4965 2402 5018 omnibus
2435 4964 2620 5017 modis
2644 4963 3021 5034 ’proibemus.
3074 4964 3213 5017 Nam
3242 4970 3299 5017 et
3326 4964 3433 5017 hoc
3462 4964 3646 5017 omni-

1953 5037 2141 5093 modis
2186 5036 2485 5089 instituere
2516 5035 2751 5105 placuit,
2806 5034 3001 5115 utqui
3035 5035 3210 5087 semel
3264 5034 3367 5087 sub
3416 5034 3645 5158 slpeciali

1955 5107 2287 5158 defensione
2342 5105 2583 5158 domnni
2636 5104 2952 5158 anostolicn.
3026 5104 3141 5158 sive
3196 5110 3389 5158 nostra
3462 5106 3645 5158 uerint

1955 5107 2287 5164 defensione
2342 5104 2583 5176 dompni
2615 5104 2952 5176 apostolici,
3026 5104 3141 5176 sive
3190 5110 3389 5176 nostra
3436 5104 3651 5158 fuerint

1956 5178 2224 5249 suscepti,
2250 5174 2560 5249 impetrata
2603 5174 3041 5249 juste___utantur
3103 5174 3455 5249 defensione.
3490 5177 3653 5240 Quod

1957 5251 2005 5304 si
2059 5246 2187 5321 quis
2244 5248 2302 5302 in
2341 5246 2691 5321 quemquam
2750 5246 2983 5300 illorum
3043 5246 3142 5321 qui
3203 5249 3649 5321 promerueriut,

1959 5316 2171 5375 violare
2221 5316 2673 5390 presumpserint
2696 5322 2839 5390 sciat
2885 5316 3321 5390 isegpericulum
3379 5316 3505 5371 vitae
3534 5334 3653 5372 sua:

1961 5387 2346 5446 incursurum.
2387 5387 2471 5445 Et
2496 5387 2826 5457 subscripsit
2883 5387 3178 5441 Heinricus
3230 5388 3560 5457 imperator,
3600 5394 3657 5443 et

1965 5460 2218 5533 episcopi
2252 5465 2314 5515 13
2337 5468 2392 5513 et
2425 5461 2652 5515 abbates
2709 5461 2759 5521 4,
2794 5464 2849 5513 et
2882 5458 3053 5512 duces
3084 5460 3135 5523 3,
3164 5460 3400 5512 comites
3429 5461 3481 5525 9,
3515 5461 3659 5531 opti-

1966 5537 2145 5587 mates
2174 5535 2225 5584 9.

3312 5644 3347 5695 8
