3938 6318
356 325 460 376 235

1655 318 1710 371 S.
1758 317 1798 369 Η
1811 316 2042 370 ENRICI
2081 312 2555 369 IMPERATORIS

3775 309 3884 360 236

362 443 519 498 ribus
566 442 766 496 vestris
820 443 942 512 jam
985 441 1206 495 dudum
1260 456 1359 511 per
1405 438 1728 493 donationis
1782 437 2055 508 paginam
2088 441 2134 492 Α
2172 438 2394 492 scribus
2450 437 2592 506 ejus,
2643 437 2816 504 prout
2871 433 3016 486 bone
3079 431 3358 486 memorie
3421 447 3571 502 pape
3623 429 3889 485 Johanni

365 533 750 594 contulerunt,
803 531 910 583 hoc
933 535 1015 582 est
1062 528 1349 582 civitatem
1404 528 1751 592 Ravennam,
1783 533 1840 580 et
1905 527 2062 580 Emi-

367 622 525 685 liam,
560 620 824 680 Bobium.
886 619 1178 684 Cesenam,
1234 617 1665 687 Forumpopuli,
1713 616 2061 682 Furumlivii,

372 708 718 775 Faventiam,
789 708 1044 773 [molam,
1105 706 1442 773 Bononiam,
1483 705 1826 772 Ferrariam,
1869 707 2066 760 Coma-

369 799 544 864 clum,
573 795 857 860 Adrianis,
901 801 1072 866 atque
1112 794 1430 859 Gabellum,
1465 810 1592 847 cum
1625 793 1890 846 omnibus
1934 793 2064 846 tini-

370 885 498 951 bus,
522 883 825 938 territoriis
856 889 1024 954 atque
1056 883 1258 936 insulis
1287 890 1439 936 terra
1471 882 1731 952 marique
1762 883 1830 935 ad
1867 898 2065 951 supra-

373 973 552 1027 dictas
595 972 849 1027 civitates
887 971 1332 1043 pertinentibus,
1379 971 1552 1024 simul
1579 977 1636 1024 et
1689 971 2064 1040 Pentapolim,

370 1061 636 1115 videlicet
685 1060 1031 1126 Ariminum,
1093 1061 1468 1126 Pensaurum,
1531 1059 1767 1125 Fanum,
1803 1059 2068 1128 Senogal-

371 1149 528 1213 liam,
589 1153 901 1211 Anconam,
955 1149 1277 1212 Ausimum,
1323 1149 1664 1211 Humanam,
1698 1147 1914 1214 Hesim,
1967 1148 2066 1200 Fo-

373 1236 822 1306 rumsimprouii,
883 1235 1304 1300 Moutemfeltri,
1371 1234 1682 1298 Urbanum,
1738 1241 1793 1287 et
1834 1235 2063 1287 territo-

374 1324 520 1376 rium
593 1323 942 1388 Balvensem,
996 1323 1165 1378 Callis
1220 1325 1282 1388 ³⁵,
1320 1321 1582 1384 Luciolis,
1618 1327 1675 1374 et
1718 1321 2064 1390 Eugubium,

371 1428 498 1464 cum
536 1411 801 1464 omnibus
831 1409 1044 1463 ﬁnibus
1075 1425 1138 1463 ac
1170 1408 1474 1463 territoriis
1525 1409 1596 1462 ad
1647 1410 1876 1462 easdem
1925 1408 2068 1462 civi-

373 1504 514 1566 tates
546 1497 984 1570 pertinentibus.
1047 1498 1253 1552 Eodem
1299 1497 1472 1550 modo
1519 1497 1874 1550 territorium
1914 1497 2069 1551 Sabi-

373 1603 566 1652 nense,
599 1586 744 1640 sicut
775 1585 1099 1655 apredictis
1145 1585 1585 1654 imperatoribus
1619 1586 2068 1639 antecessoribus

370 1675 579 1728 nostris
621 1674 787 1728 beato
815 1676 978 1727 Petro
1026 1674 1284 1743 apostolo
1309 1689 1412 1742 per
1436 1673 1764 1726 donationis
1791 1674 2067 1742 scriptum

373 1777 705 1815 concessum
748 1766 833 1815 est
888 1762 991 1814 sub
1031 1761 1377 1831 integritate,
1411 1760 1466 1815 id
1498 1765 1582 1815 est
1647 1759 1694 1796 ⁸⁶
1724 1762 1782 1814 in
1810 1762 2068 1832 partibus

371 1849 569 1902 Tuscie
643 1849 1144 1919 Langobardorum
1222 1849 1519 1902 castellum
1585 1849 1910 1915 Felicitatis,
1975 1851 2071 1903 Ur-

370 1937 775 2002 bemveterem,
837 1938 1112 1990 Balneum
1171 1936 1358 2006 Regis,
1423 1936 1666 2004 Ferenti,
1729 1937 2066 2004 Viterbium,

370 2027 584 2084 Ortem.
655 2027 890 2080 Martam
944 2029 1008 2090 '7,
1070 2026 1318 2090 Pledam,
1395 2026 1734 2091 Tuscanam,
1795 2027 2065 2091 Suanam,

375 2112 779 2183 Populonium,
814 2113 1081 2181 Roselles,
1113 2129 1242 2166 cum
1274 2112 1620 2167 suburbanis
1642 2119 1815 2184 atque
1847 2113 2066 2182 viculis,

372 2207 428 2254 et
457 2202 722 2254 omnibus
756 2201 1056 2255 territoriis
1101 2218 1164 2255 ac
1195 2201 1499 2254 maritimis
1540 2201 1784 2270 oppidis,
1815 2217 1913 2254 seu
1945 2202 2072 2255 ﬁni-

376 2291 482 2343 bus
503 2290 792 2343 omnibus.
821 2291 1076 2359 Itemque
1108 2307 1138 2342 a
1175 2289 1343 2342 Lunis
1363 2305 1492 2342 cum
1527 2290 1714 2342 insula
1737 2289 1982 2357 Corsica,
2011 2291 2071 2344 in

375 2377 643 2443 Suriano,
667 2378 871 2432 deinde
893 2379 953 2430 in
975 2382 1168 2430 monte
1195 2377 1488 2441 Bardonis,
1522 2375 1725 2429 deinde
1761 2376 1818 2428 in
1846 2378 2072 2430 Berceto

376 2467 654 2520 exindein
684 2469 902 2532 Parma,
936 2465 1143 2519 deinde
1177 2465 1238 2518 in
1278 2464 1536 2534 Regiam,
1586 2464 1790 2518 exinde
1821 2465 1880 2519 in
1925 2467 2074 2519 Man-

376 2561 494 2621 tua,
542 2559 713 2625 atque
745 2555 802 2608 in
836 2556 1017 2609 Monte
1046 2552 1252 2619 Silicis,
1279 2559 1450 2624 atque
1483 2552 1776 2622 provincia
1807 2555 2073 2609 Venetia-

374 2659 527 2708 rum,
561 2643 744 2710 lstria,
773 2659 878 2697 nec
918 2659 1030 2696 non
1066 2647 1122 2696 et
1167 2647 1436 2696 cunctum
1481 2641 1853 2711 Spoletanum
1902 2645 2072 2696 duca-

377 2737 521 2796 tum,
567 2747 668 2785 seu
719 2733 1179 2785 Beneventanum
1229 2747 1346 2784 una
1399 2746 1528 2783 cum
1587 2730 1824 2784 ecclesia
1880 2737 2072 2785 sancte

375 2820 660 2876 Christine
709 2821 894 2889 posita
926 2835 1105 2889 prope
1139 2819 1369 2889 Papiam
1396 2819 1560 2888 juxta
1610 2819 1827 2872 Padum
1868 2825 2072 2890 quarto

378 2908 642 2962 miliario.
706 2909 848 2961 Item
899 2907 957 2960 in
990 2907 1248 2976 partibus
1303 2905 1612 2975 Campanie
1667 2908 1824 2968 Sora,
1883 2910 2068 2968 Arces,

378 2996 690 3067 Aquinum,
723 2995 1026 3065 Arpinum,
1071 2995 1346 3060 Teanum,
1397 2995 1671 3064 Capuam,
1705 3009 1809 3047 nec
1856 3010 1971 3048 non
2019 3000 2075 3049 et

379 3084 790 3154 patrimonium
842 3084 911 3137 ad
967 3086 1308 3153 potestatem
1379 3086 1437 3134 et
1488 3081 1768 3134 ditionem
1825 3087 2070 3136 vestram

383 3172 742 3240 pertinentia,
771 3169 918 3222 sicut
962 3173 1048 3221 est
1077 3167 1490 3238 patrimonium
1523 3167 1988 3222 Beneventanum
2019 3174 2072 3222 et

379 3259 838 3329 Neapolitanum,
873 3263 1041 3328 atque
1083 3256 1429 3326 patrimonio
1480 3255 1733 3310 Calabris
1764 3257 2075 3326 superioris

379 3354 435 3402 et
461 3347 776 3412 inferioris;
811 3347 880 3400 de
928 3346 1152 3399 civitate
1185 3350 1377 3398 autem
1412 3344 1786 3414 Neapolitana
1815 3361 1944 3399 cum
1981 3363 2070 3400 ca-

379 3438 574 3503 stellis,
600 3441 657 3489 et
701 3435 1024 3500 territoriis,
1053 3451 1117 3487 ac
1149 3433 1379 3499 ﬁnibus,
1414 3438 1470 3486 et
1507 3432 1710 3486 insulis
1762 3434 1868 3487 sibi
1897 3437 2071 3504 perti-

379 3525 647 3579 nentibus
677 3525 822 3577 sicut
841 3523 908 3576 ad
959 3523 1188 3576 easdem
1219 3521 1472 3591 aspicere
1511 3521 1794 3584 videntur,
1822 3538 1927 3577 nec
1956 3540 2073 3577 non

376 3611 786 3685 patrimonium
827 3611 1034 3672 Sicilie,
1081 3611 1129 3663 si
1186 3610 1334 3663 Deus
1363 3609 1572 3663 nostris
1605 3609 1747 3663 illud
1779 3611 2076 3666 tradiderit

379 3701 664 3756 manibus.
717 3699 902 3753 Simili
953 3699 1120 3753 modo
1183 3697 1470 3752 civitatem
1519 3699 1794 3766 Gaietam,
1827 3706 1884 3754 et
1925 3701 2072 3755 Fun-

377 3796 536 3854 dum,
579 3802 710 3840 cum
765 3786 1032 3839 omnibus
1063 3801 1260 3839 earum
1318 3786 1696 3855 pertinentiis.
1759 3788 1940 3858 Super
1967 3789 2074 3844 hoc

378 3875 789 3929 confirmamus
822 3874 984 3928 vobis
1015 3875 1293 3928 Fuldense
1347 3874 1777 3943 monasterium,
1817 3881 1874 3928 et
1903 3876 2072 3930 abba-

378 3966 449 4016 tis
497 3964 620 4032 ejus
675 3963 1184 4027 consecrationem,
1253 3967 1425 4033 atque
1465 3963 1657 4016 omnia
1707 3963 2071 4031 monasteria,

378 4057 584 4117 cortes,
607 4057 665 4106 et
695 4052 873 4120 villas,
909 4068 1049 4122 quas
1078 4051 1138 4104 in
1168 4051 1607 4105 nltramontauis
1654 4052 1913 4121 partibus
1944 4070 2072 4105 san-

377 4146 498 4193 ctus
555 4141 754 4194 Petrus
797 4140 1004 4194 habere
1059 4138 1375 4193 dinoscitur
1407 4140 1622 4209 absque
1665 4143 1920 4194 Antesna
1964 4142 2073 4194 Wi-

377 4226 680 4303 niheringa
712 4227 759 4261 ⁸⁸
797 4228 914 4280 sive
965 4227 1321 4292 Willinbacb,
1355 4243 1466 4298 que
1498 4244 1531 4280 a
1576 4228 1755 4280 sancti
1804 4228 1953 4281 Petri
1984 4244 2067 4282 ec-
2101 4220 2142 4272 Ι)

376 4315 546 4369 clesia
594 4331 698 4385 per
741 4315 1205 4368 commutationis
1247 4316 1519 4386 paginam
1558 4317 1821 4386 episcopo
1879 4323 2072 4370 nostro

380 4403 782 4474 Bambergeusi
810 4405 1012 4458 collate
1046 4409 1197 4470 sunt,
1233 4419 1335 4474 pro
1381 4404 1587 4474 quibus
1618 4403 1900 4473 sepedicte
1922 4406 2069 4457 ecle-

376 4494 457 4544 sie
486 4491 664 4545 sancti
707 4491 857 4546 Petri
896 4492 1346 4559 transcribimus,
1387 4492 1751 4545 concedimus
1783 4497 1839 4545 et
1876 4491 2066 4546 ﬁrma-

378 4595 505 4634 mus
560 4595 790 4633 onmem
840 4580 998 4633 illam
1055 4586 1288 4646 terram,
1347 4596 1522 4651 quam
1572 4580 1726 4634 inter
1776 4583 2069 4650 Narniam,

375 4670 712 4730 Terannem,
775 4670 860 4722 vel
899 4669 1190 4738 Spoletum
1215 4686 1280 4722 ex
1330 4668 1492 4738 regni
1550 4669 1730 4722 nostri
1765 4675 1924 4738 parte
1963 4671 2072 4725 ha-

377 4758 626 4812 buimus.
653 4756 770 4812 Sub
800 4757 1039 4811 tuitione
1066 4763 1327 4827 preterea
1353 4757 1532 4809 sancti
1565 4757 1737 4822 Petri,
1770 4763 1826 4811 et
1863 4765 2068 4826 vestra,

376 4853 809 4916 vestrorumque
849 4861 1257 4911 successorum,
1301 4847 1659 4914 pretaxatum
1717 4845 2072 4917 episcopium

376 4934 793 5004 Bambergense
840 4934 1151 4987 offerimus.
1186 4933 1342 4986 Unde
1372 4933 1476 4985 sub
1511 4934 1804 5001 peusionis
1835 4935 2071 4989 nomine

375 5037 590 5092 equum
621 5037 801 5075 unum
851 5022 1043 5074 album
1074 5021 1375 5074 faleratum
1403 5036 1471 5074 ex
1519 5022 1774 5091 ejusdem
1809 5022 1913 5076 loci
1957 5024 2072 5093 epi-

375 5128 548 5180 scopo
596 5127 693 5164 vos
722 5110 1047 5164 annualiter
1085 5115 1448 5178 suscepturos
1508 5110 1814 5164 sancimus.
1865 5111 2072 5166 Oﬁeri-

378 5215 506 5253 mus
553 5199 806 5270 insuper,
857 5199 1177 5264 ﬁrmamus,
1209 5203 1264 5250 et
1303 5197 1738 5252 corroboramus
1767 5199 1872 5253 tibi
1907 5199 2070 5255 beato

380 5290 568 5354 Petro,
601 5305 665 5342 ac
709 5286 919 5342 vicario
954 5292 1052 5341 tuo
1109 5287 1323 5340 domno
1377 5287 1698 5355 Benedicto,
1750 5293 1806 5342 et
1853 5305 2070 5344 succes-

2174 528 2404 597 suisque
2462 522 2878 577 successoribus
2909 538 2941 574 a
2994 519 3489 591 predecessoribus
3526 519 3751 573 nostris
3786 519 3884 572 0t-

2175 614 2402 668 tonibus
2436 612 2648 666 factum
2681 617 2767 664 est
2814 609 3067 662 civitates
3118 615 3175 662 et
3204 609 3415 679 oppida
3453 625 3583 662 cum
3618 607 3892 677 piscariis

2175 703 2290 756 suis
2321 703 2574 766 Reatem,
2625 699 3002 760 Amiternam,
3036 698 3374 761 Furconem,
3425 697 3717 762 Nursiam,
3757 697 3887 749 Bal-

2174 807 2325 858 vam,
2353 795 2408 843 et
2462 788 2742 851 Marsiam,
2777 790 2833 839 et
2869 786 3004 840 alibi
3035 785 3318 839 civitatem
3365 787 3690 839 Terannem
3752 800 3892 838 cum

2174 877 2536 948 pertinentiis
2566 877 2702 930 suis.
2757 877 2865 928 Has
2899 890 3096 928 omnes
3146 874 3498 944 supradictas
3528 874 3892 944 provincias,

2175 967 2346 1019 urbes
2388 971 2442 1018 et
2490 964 2764 1030 civitates,
2798 963 3009 1033 oppida
3063 967 3232 1033 atque
3281 963 3528 1026 castella,
3569 962 3798 1015 viculos
3829 978 3896 1014 ac

2177 1054 2482 1120 territoria,
2519 1053 2802 1122 simulque
2819 1051 3165 1122 patrimonia
3197 1067 3302 1121 pro
3327 1056 3474 1104 statu
3499 1051 3665 1119 regni
3699 1051 3894 1105 nostri

2176 1148 2493 1212 cunctoque
2553 1140 2992 1194 cliristiauorum
3052 1139 3266 1209 populo
3305 1137 3698 1191 conservando
3759 1137 3889 1206 jam

2177 1229 2324 1283 dicte
2381 1228 2614 1282 ecclesie
2665 1233 2782 1292 tue,
2836 1227 2997 1280 beate
3065 1227 3251 1294 Petre,
3321 1226 3530 1279 vicario
3611 1230 3717 1278 tuo
3785 1226 3892 1278 Be-

2177 1318 2422 1384 nedicto,
2487 1333 2552 1370 ac
2582 1314 3000 1369 successoribus
3054 1314 3177 1384 ejus
3216 1330 3398 1384 usque
3437 1313 3496 1366 in
3561 1312 3747 1366 ﬁnem
3801 1329 3890 1364 se—

2176 1406 2286 1459 culi
2315 1421 2381 1459 eo
2417 1405 2586 1458 modo
2617 1405 3040 1465 conﬁrmamus,
3091 1407 3150 1455 ut
3180 1401 3239 1455 in
3271 1417 3373 1454 suo
3403 1401 3704 1455 detineant
3727 1401 3890 1471 jure.

2176 1494 2524 1564 principatu,
2562 1498 2730 1562 atque
2753 1491 2988 1546 ditione.
3019 1490 3202 1544 Simili
3223 1489 3395 1543 modo
3423 1506 3523 1560 per
3543 1489 3651 1543 hoc
3685 1495 3893 1543 nostra

2177 1581 2554 1653 delegationis
2599 1586 2827 1650 pactum
2881 1578 3290 1632 conﬁrmamus
3341 1577 3703 1641 donationes,
3743 1594 3896 1649 quas

2179 1670 2272 1741 pie
2297 1669 2709 1733 recordationis
2747 1667 2982 1738 Pipinus
3013 1683 3131 1733 rex,
3162 1671 3220 1720 et
3249 1671 3444 1737 postea
3483 1666 3737 1729 domnus
3776 1667 3894 1719 Ka-

2179 1758 2334 1812 rolus
2355 1756 2864 1812 excellentissimus
2896 1755 3226 1825 imperator,
3259 1771 3323 1808 ac
3353 1754 3621 1824 deinceps
3645 1755 3896 1809 Ottones

2179 1847 2422 1917 piissimi
2457 1847 2624 1900 beato
2670 1847 2838 1900 Petro
2869 1843 3078 1899 Christi
3129 1844 3388 1914 apostolo
3430 1847 3758 1913 spontanea
3792 1859 3894 1896 vo-

2179 1935 2400 1989 luntate
2443 1935 2832 1998 contulerunt,
2880 1948 2984 1986 nec
3025 1948 3146 1986 non
3173 1937 3232 1985 et
3260 1947 3516 1998 censum,
3550 1937 3607 1986 et
3651 1932 3892 2002 pensio-

2179 2039 2334 2088 nem,
2368 2039 2466 2076 seu
2489 2028 2705 2076 ceteras
2747 2021 3024 2087 dationes,
3047 2037 3158 2091 que
3181 2020 3477 2074 annuatim
3515 2020 3575 2073 in
3596 2020 3891 2090 palatium

2181 2112 2331 2182 regis
2361 2110 2862 2181 Langobardorum
2897 2108 3098 2162 inferri
3119 2108 3393 2173 solebant,
3417 2108 3533 2161 sive
3563 2108 3633 2161 de
3655 2108 3890 2173 Tuscia,

2183 2198 2296 2251 sive
2324 2197 2394 2251 de
2435 2197 2646 2251 ducatu
2674 2197 2998 2268 Spoletano,
3041 2197 3185 2250 sicut
3223 2196 3286 2250 in
3326 2196 3670 2266 supradictis
3698 2197 3890 2250 dona-

2181 2285 2433 2340 tionibus
2464 2286 2807 2352 continetur,
2854 2288 2911 2338 et
2939 2285 3090 2338 inter
3120 2291 3310 2338 sancte
3360 2285 3640 2339 memorie
3684 2284 3893 2338 Adria-

2182 2391 2320 2429 num
2353 2391 2560 2446 papam
2586 2381 2643 2428 et
2663 2375 2941 2428 domuum
2977 2375 3250 2428 Karolum
3295 2373 3710 2443 imperatorem
3746 2389 3891 2427 con-

2182 2462 2356 2528 venit,
2378 2462 2608 2533 quando
2640 2462 2789 2516 idem
2818 2461 3070 2532 pontifex
3093 2461 3281 2516 eidem
3310 2462 3378 2516 de
3409 2461 3764 2531 supradictis
3789 2462 3893 2514 du-

2182 2552 2414 2614 catibus,
2449 2551 2596 2605 idest
2634 2552 2888 2605 Tuscano
2917 2556 2974 2604 et
3019 2551 3342 2620 Spoletano,
3365 2566 3465 2604 sue
3525 2550 3893 2603 auctoritatis

2181 2643 2516 2708 preceptum
2542 2637 2921 2704 conﬁrmavit,
2985 2653 3051 2691 eo
3107 2637 3320 2690 scilicet
3362 2636 3535 2690 modo
3585 2641 3653 2689 ut
3720 2637 3893 2689 anuis

2182 2726 2425 2796 singulis
2464 2726 2752 2797 predictus
2793 2741 2998 2780 census
3043 2726 3113 2780 ad
3144 2732 3364 2796 partem
3417 2725 3653 2778 ecclesie
3707 2725 3896 2778 sancti

2184 2816 2334 2870 Petri
2355 2816 2742 2884 persolvatur;
2767 2816 2920 2868 salva
2949 2830 3120 2884 super
3166 2814 3397 2868 eosdem
3418 2813 3663 2867 ducatus
3689 2817 3894 2866 nostra

2185 2903 2245 2957 in
2267 2903 2533 2957 omnibus
2563 2903 2980 2970 dominatione,
3013 2909 3069 2957 et
3102 2904 3336 2957 illorum
3367 2902 3437 2956 ad
3471 2906 3731 2954 nostram
3758 2916 3887 2972 par-

2185 2995 2302 3044 tem
2317 2992 2698 3062 subjectione.
2720 2995 3005 3057 Ceterum,
3021 2993 3166 3046 sicut
3186 2991 3452 3058 diximus,
3472 2990 3671 3044 omnia
3685 3008 3891 3062 supra-

2182 3081 2392 3151 scripta
2414 3081 2653 3136 nomina
2690 3081 2770 3135 ita
2801 3081 2867 3135 ad
2900 3087 3152 3134 nostram
3175 3086 3396 3151 partem
3419 3097 3526 3150 per
3551 3081 3660 3134 hoc
3690 3088 3888 3136 nostre

2181 3169 2626 3224 conﬁrmationis
2672 3175 2904 3240 pactum
2933 3169 3450 3235 corroboravimus,
3497 3175 3562 3222 ut
3607 3169 3666 3222 in
3701 3177 3889 3224 vestro

2178 3264 2552 3328 permaneant
2571 3261 2717 3329 jure,
2749 3259 3072 3329 principatu
3090 3265 3262 3329 atque
3287 3257 3528 3323 ditione,
3562 3263 3618 3311 et
3637 3275 3837 3330 neque
3857 3276 3887 3311 a

2181 3347 2346 3400 nobis
2385 3363 2572 3418 neque
2601 3363 2635 3400 a
2660 3347 3078 3401 successoribus
3123 3346 3330 3400 nostris
3361 3362 3463 3416 per
3492 3347 3761 3416 quolibet
3799 3364 3888 3401 ar-

2181 3439 2523 3503 gumentum
2552 3435 2669 3489 sive
2717 3436 3199 3490 machinationem
3236 3435 3294 3488 in
3321 3451 3690 3506 quacumque
3722 3443 3887 3506 parte

2181 3527 2363 3576 vestra
2384 3527 2635 3593 potestas
2664 3521 3060 3589 imminuatur,
3094 3527 3191 3577 aut
3215 3537 3248 3575 a
3291 3522 3448 3576 vobis
3479 3522 3612 3577 inde
3634 3525 3886 3595 aliquid

2180 3611 2566 3676 subtrahatur,
2632 3612 2700 3665 de
2772 3609 3169 3681 suprascriptis
3223 3609 3487 3664 videlicet
3550 3612 3886 3680 provinciis,

2178 3699 2433 3766 urbibus,
2459 3699 2804 3765 civitatibus,
2837 3699 3088 3770 oppidis,
3127 3699 3346 3766 castris,
3380 3698 3600 3766 viculis,
3648 3702 3886 3756 territo-

2181 3787 2279 3840 riis
2318 3802 2382 3840 ac
2428 3786 2810 3856 patrimoniis,
2851 3803 2957 3840 nec
3007 3803 3124 3840 non
3153 3791 3210 3840 et
3259 3785 3657 3856 pensionibus,
3710 3796 3888 3860 atque

2181 3875 2465 3942 censibus,
2508 3875 2588 3928 ita
2632 3879 2696 3929 ut
2739 3892 2926 3946 neque
2972 3892 3078 3929 nos
3129 3875 3331 3929 facturi
3375 3874 3571 3942 simus,
3607 3891 3806 3947 neque
3860 3894 3889 3930 a

2183 3963 2534 4032 quibuslibet
2573 3979 2640 4018 ea
2681 3964 2867 4018 facere
2911 3964 3234 4019 volentibus
3285 3963 3734 4031 consentiamus,
3789 3967 3890 4021 sed

2181 4053 2374 4122 potius
2395 4053 2588 4106 omnia
2612 4069 2722 4123 que
2744 4053 3006 4124 superius
3029 4055 3317 4123 leguntur,
3365 4052 3421 4106 id
3444 4057 3528 4106 est
3566 4054 3887 4122 provincie,

2182 4141 2453 4208 civitates,
2484 4143 2678 4207 urbes,
2710 4143 2960 4209 castella,
2991 4141 3222 4212 oppida,
3254 4147 3457 4207 terras,
3504 4142 3886 4211 patrimonia,

2182 4231 2352 4299 atque
2378 4229 2581 4294 iusule,
2615 4246 2954 4301 censusque,
2983 4230 3286 4301 pensiones
3337 4228 3404 4281 ad
3439 4235 3662 4298 partem
3699 4234 3882 4287 eccle-

2182 4317 2261 4370 sie
2292 4317 2442 4370 beati
2477 4317 2625 4371 Petri
2657 4318 2900 4388 apostoli
2931 4326 3104 4389 atque
3153 4315 3493 4386 pontiﬁcum
3521 4316 3579 4368 in
3629 4321 3892 4374 sacratis-

2179 4405 2323 4459 sima
2346 4407 2478 4459 sede
2509 4406 2662 4460 illius
2711 4407 3086 4462 residentium
3117 4424 3220 4463 nos
3249 4407 3309 4460 in
3359 4412 3639 4476 quantum
3673 4425 3884 4479 possu-

2179 4509 2308 4547 mus
2357 4494 2679 4550 defensores
2736 4513 2857 4550 esse
2907 4502 3207 4565 testamur,
3242 4500 3315 4554 ad
3353 4500 3458 4554 hoc
3513 4504 3579 4552 ut
3610 4515 3739 4552 eam
3771 4500 3886 4554 illis

2180 4581 2460 4636 ditionem
2515 4585 2582 4638 ad
2615 4585 2894 4638 utendum
2949 4591 3121 4656 atque
3183 4588 3605 4658 disponendum
3637 4589 3888 4643 ﬁrmiter

2179 4673 2403 4727 valeant
2449 4672 2733 4742 optineri;
2765 4673 2917 4728 salva
2947 4675 3006 4728 in
3056 4677 3323 4732 omnibus
3361 4683 3642 4747 potestate
3688 4685 3887 4733 nostra

2181 4763 2657 4831 posterorumque
2682 4767 3029 4823 nostrorum,
3065 4766 3379 4819 secundum
3420 4767 3572 4836 quod
3599 4765 3659 4818 in
3690 4774 3887 4835 pacto,

2180 4852 2235 4900 et
2264 4849 2689 4916 constitutione,
2743 4866 2807 4904 ac
2871 4851 3272 4920 promissionis
3322 4855 3593 4908 ﬁrmitate
3648 4855 3890 4924 Eugenii

2180 4937 2466 5006 pontiﬁcis
2497 4953 3006 5010 successorumque
3040 4940 3194 4995 illius
3224 4942 3570 5010 continetur,
3602 4948 3667 4996 ut
3697 4946 3890 4998 omnis

2180 5025 2366 5078 clerus
2395 5029 2451 5078 et
2492 5026 2745 5079 universi
2791 5028 2991 5098 populi
3053 5030 3298 5084 Romani
3351 5031 3622 5085 nobilitas
3649 5038 3891 5103 propter

2181 5112 2431 5167 diversas
2506 5115 2867 5169 necessitates
2922 5120 2978 5170 et
3057 5119 3395 5187 pontiﬁcum
3460 5119 3888 5176 irrationabiles

2182 5218 2318 5274 erga
2347 5204 2623 5274 populum
2652 5204 2761 5259 sibi
2791 5204 3111 5277 subjectum
3132 5209 3462 5278 asperitates
3497 5209 3886 5265 retundendas

2182 5299 2538 5347 sacramento
2592 5309 2650 5348 se
2679 5294 2913 5365 obliget,
2979 5296 3250 5366 quatinus
3305 5297 3499 5352 futura
3543 5299 3884 5368 pontiﬁcum

1796 5421 2028 5477 VARle
2073 5424 2475 5481 LECTIONES.

448 5545 489 5576 ³³
550 5542 718 5596 Collis
779 5543 996 5608 Borgia.
1067 5540 1112 5577 ³⁶
1172 5547 1228 5596 et
1282 5544 1498 5612 Borgia.
1563 5546 1605 5580 ³⁷
1673 5546 1912 5602 Martani
1971 5550 2031 5603 B.
2101 5549 2148 5585 ³⁸
2187 5550 3032 5621 Vurniteringas.Viullmbach
3067 5556 3128 5609 Β.
