3938 6344
126 342 211 389 237
1373 337 1764 392 DIPLOMATA
1803 336 2355 393 ECCLESIASTICA.

3513 343 3615 394 '238

122 457 337 523 electio,
394 461 679 529 quantum
731 456 1183 529 uniuscujusque
1236 459 1559 514 intellectus
1611 458 1805 526 fuerit,
1839 462 1885 515 A
1924 457 2203 525 deferant,
2237 463 2293 513 et
2330 458 2452 529 ipse
2487 475 2668 513 unum
2697 475 2728 514 e
2785 459 3006 514 duobus
3035 459 3230 529 eligat,
3284 463 3381 514 aut
3423 461 3613 515 statim

121 546 380 600 canonice
413 551 468 599 et
488 546 641 615 juste
680 544 799 610 ﬁat,
840 550 896 598 et
931 549 992 599 ut
1026 545 1121 599 ille
1155 546 1253 617 qui
1286 546 1354 601 ad
1387 546 1495 600 hoc
1525 551 1806 613 sanctum,

123 634 495 703 apostolicum
538 633 793 704 regimen
827 633 1093 703 eligetur,
1126 635 1359 689 nemine
1417 636 1807 690 consentiente

121 728 482 777 consecratus
512 722 613 776 ﬁat
642 721 914 793 pontifex,
972 723 1305 793 priusquam
1358 724 1528 778 talem
1582 725 1640 778 in
1671 740 1807 793 pre—

121 812 290 863 seutia
313 810 624 864 missorum
648 816 973 864 nostrorum
1019 827 1119 865 seu
1175 812 1437 866 universe
1466 812 1807 882 generalita-

120 899 182 950 tis
213 899 383 952 faciat
433 898 876 969 promissionem
932 915 1036 968 pro
1112 900 1373 954 omnium
1426 901 1808 955 satisfactione

121 994 282 1058 atque
310 988 506 1041 futura
536 987 988 1054 conservatione,
1017 989 1243 1059 qualem
1294 989 1498 1043 domus
1563 995 1619 1043 et
1648 1006 1811 1044 vene-

123 1075 326 1129 randus
387 1075 704 1146 spiritualis
758 1080 922 1146 pater
972 1081 1170 1130 noster
1218 1079 1328 1131 Leo
1369 1082 1571 1147 sponte
1610 1078 1809 1132 fecisse

121 1164 448 1218 dinoscitur.
482 1164 746 1217 Preterea
776 1164 886 1217 alia
906 1164 1129 1218 minora
1149 1165 1281 1218 huic
1314 1166 1475 1236 operi
1503 1165 1811 1220 inserenda

122 1253 505 1321 previdimus,
538 1252 800 1307 videlicet
829 1258 893 1307 ut
923 1253 981 1306 in
1022 1254 1299 1308 electione
1331 1255 1669 1324 pontificum
1701 1272 1806 1310 ne-

121 1354 222 1406 que
252 1337 403 1390 liber
435 1353 619 1408 neque
661 1353 858 1390 servus
888 1338 957 1390 ad
991 1338 1097 1392 hoc
1156 1339 1351 1392 venire
1398 1345 1711 1408 presumat,
1745 1344 1809 1394 ut

119 1426 222 1477 illis
246 1426 544 1493 Romanis,
578 1441 724 1496 quos
753 1426 823 1480 ad
879 1426 1026 1480 hanc
1070 1426 1405 1481 electionem
1462 1444 1564 1498 per
1593 1427 1806 1482 consti-

117 1513 395 1567 tutionem
429 1518 756 1567 sanctorum
786 1520 1015 1583 patrum
1045 1514 1282 1584 antiqua
1310 1515 1539 1569 admisit
1568 1531 1803 1570 consue-

116 1602 268 1669 tudo,
323 1602 562 1673 aliquod
611 1603 780 1656 faciat
808 1602 1318 1670 impedimentum;
1375 1604 1528 1674 quod
1582 1604 1628 1658 si
1679 1606 1806 1675 quis

114 1697 306 1744 contra
339 1691 487 1744 hanc
541 1696 793 1745 nostram
840 1691 1301 1745 constitutionem
1331 1693 1413 1745 ire
1443 1708 1804 1763 presumpse-

117 1780 201 1845 rit,
230 1778 407 1832 exilio
438 1780 722 1834 tradatur.
764 1780 1003 1850 Insuper
1032 1780 1224 1843 etiam,
1278 1786 1337 1834 ut
1384 1782 1575 1835 nullus
1606 1782 1807 1836 misso-

117 1884 238 1921 rum
270 1874 602 1922 uostrorum
630 1869 1040 1939 cujuscumque
1075 1869 1463 1938 impeditionis
1493 1886 1806 1940 argumen-

114 1964 233 2010 tum
264 1972 613 2027 componere
647 1958 853 2011 audeat
880 1959 937 2011 in
964 1959 1241 2027 prefatam
1273 1959 1629 2023 electionem,
1667 1975 1806 2029 pro-

116 2046 420 2110 bibemus;
471 2061 604 2098 nam
644 2051 701 2099 et
730 2046 838 2099 hoc
876 2045 1208 2100 omnimodo
1258 2046 1555 2100 instituere
1594 2048 1809 2117 placuit

115 2139 173 2187 ut
214 2134 321 2204 qui
348 2134 526 2187 semel
578 2135 684 2187 sub
713 2134 941 2205 speciali
969 2134 1298 2189 defensione
1345 2136 1538 2189 domui
1578 2142 1809 2207 aposto-

115 2223 204 2275 lici
254 2222 373 2275 sive
431 2228 623 2276 nostra
678 2221 890 2276 fuerint
937 2223 1204 2293 suscepti,
1287 2222 1593 2293 impetrata
1655 2223 1809 2294 juste

112 2316 348 2364 utantur
377 2310 726 2364 defensioue.
768 2310 930 2374 Quod
975 2309 1023 2364 si
1058 2310 1186 2381 quis
1213 2311 1270 2363 in
1304 2326 1653 2380 quemquam
1686 2311 1809 2364 illo-

114 2415 240 2452 rum
284 2398 388 2469 qui
436 2398 544 2452 boc
592 2402 1034 2468 promeruerunt
1100 2398 1309 2452 violare
1377 2398 1807 2469 presumpserit,

114 2488 249 2541 sciat
304 2503 365 2540 se
406 2486 725 2556 periculum
781 2486 894 2540 vite
943 2503 1042 2541 sue
1094 2503 1214 2541 esse
1254 2487 1637 2540 incursurum.
1667 2488 1807 2541 Illud

114 2576 285 2629 etiam
319 2576 747 2640 confirmamus,
796 2580 861 2629 ut
908 2576 1120 2629 domno
1173 2576 1481 2646 apostolico
1510 2576 1719 2645 justam
1752 2576 1809 2628 in

116 2664 386 2717 omnibus
418 2669 644 2717 servent
673 2663 1078 2729 obedientiam,
1108 2679 1204 2716 seu
1256 2663 1494 2716 ducibus
1526 2669 1583 2717 et
1605 2664 1809 2734 judici-

116 2753 218 2806 bus
252 2752 378 2805 suis
411 2752 475 2805 ad
507 2751 826 2806 faciendam
870 2753 1172 2821 justitiam.
1225 2752 1367 2807 Huic
1407 2752 1562 2805 enim
1592 2752 1813 2806 institu-

115 2842 254 2895 tioni
284 2842 398 2894 hoc
427 2840 741 2894 necessario
772 2840 1195 2894 annectendum
1227 2856 1347 2893 esse
1396 2840 1809 2911 perspeximus,

115 2935 175 2983 ut
221 2928 387 2982 missi
449 2927 646 2982 domui
694 2928 987 2998 apostolici
1031 2944 1133 2982 seu
1188 2928 1372 2982 nostri
1418 2944 1645 2999 semper
1701 2930 1817 2982 sint

1916 563 2022 617 per
2051 548 2283 602 eosdem
2315 547 2516 602 missos
2546 548 2687 602 ﬁant
2716 549 3074 602 necessitates
3131 546 3452 613 emendate,
3496 554 3613 615 aut,

1919 635 2090 689 misso
2122 641 2316 690 nostro
2350 635 2514 691 nobis
2564 637 2951 702 renuntiante,
3005 652 3108 706 per
3149 641 3375 691 nostros
3419 636 3616 689 missos

1918 741 1951 777 a
1991 724 2155 778 nobis
2184 724 2429 779 directos
2481 726 2880 779 emendentur.
2939 726 3052 779 Hoc
3114 730 3175 778 ut
3224 724 3294 779 ab
3350 725 3616 778 omnibus

1917 812 2183 866 fidelibus
2213 818 2403 867 sancte
2438 814 2537 868 Dei
2567 814 2801 867 ecclesia
2849 819 2906 866 et
2955 813 3155 867 vestris
3206 814 3437 866 ﬁrmum
3493 828 3616 867 esse

1917 900 2201 964 credatur,
2232 902 2461 972 proprie
2495 918 2697 955 manus
2747 902 3042 973 signaculo
3100 901 3615 971 subscriptionibus

1916 988 2025 1042 hoc
2074 994 2306 1058 pactum
2346 989 2800 1044 confirmationis
2851 994 3046 1044 nostre
3101 989 3519 1051 roboravimus.
3561 994 3617 1044 et

1918 1077 2091 1147 sigilli
2120 1078 2299 1131 nostri
2338 1078 2719 1149 impressione
2759 1078 3042 1148 assignari
3088 1079 3383 1147 jussimus.
3447 1077 3489 1148 -Ι-
3537 1077 3615 1130 Si-

1918 1180 2093 1235 gnum
2124 1165 2325 1220 domni
2356 1167 2578 1220 Heurici
2629 1165 3030 1236 gloriosissimi
3077 1166 3464 1220 Romanorum
3506 1166 3614 1218 im-

1916 1255 2197 1325 peratoris
2242 1256 2491 1325 augusti.
2549 1256 2788 1325 Signum
2835 1255 3200 1309 Ercbaudildi
3252 1253 3299 1290 ⁸9
3342 1254 3616 1324 Maguuti-

1917 1344 2112 1397 nensis
2158 1343 2590 1413 archiepiscopi.
2633 1342 2875 1412 Signum
2923 1342 3206 1398 Heriberti
3265 1342 3615 1396 Coloniensis

1917 1430 2348 1501 archiepiscopi.
2398 1429 2638 1499 Signum
2718 1429 2961 1483 Bobonis
3004 1428 3367 1483 Treverensis
3437 1427 3616 1481 archi-

1916 1518 2186 1589 episcopi.
2222 1519 2461 1587 Signum
2517 1518 2822 1572 Tbiedirici
2875 1517 3134 1572 Metensis
3175 1516 3447 1587 episcopi.
3502 1517 3613 1585 Ego

1918 1603 2275 1659 Eberhardus
2309 1606 2815 1675 Babembergensis
2854 1606 3088 1658 ecclesie
3148 1605 3449 1675 episcopus
3506 1605 3616 1657 Ro-

1918 1708 2085 1746 mane
2150 1694 2301 1747 sedis
2382 1694 2641 1748 subditus
2711 1694 3037 1763 subscripsi.

1920 1782 2394 1853 Wirziburgeusis
2437 1782 2737 1853 episcopus
2790 1782 3116 1852 subscripsi.
3179 1784 3296 1851 Ego
3337 1780 3616 1835 Walterus

1920 1871 2203 1940 Spirensis
2230 1872 2532 1942 episcopus
2562 1871 2891 1941 subscripsi.
2927 1873 3042 1941 Ego
3080 1871 3419 1925 Ruodardus
3460 1870 3611 1923 Con-

1917 1958 2243 2014 stantiensis
2302 1959 2603 2030 episcopus
2661 1959 2987 2028 subscripsi.
3042 1960 3153 2028 Ego
3197 1958 3526 2012 Uodalricus
3571 1957 3616 1994 ιο

1919 2048 2208 2103 Curiensis
2263 2048 2562 2118 episcopus
2594 2047 2921 2117 subscripsi.
2967 2048 3084 2116 Ego
3116 2046 3457 2099 Adalbertus
3514 2047 3613 2098 Ba-

3127 1695 3242 1762 Ego
3312 1694 3616 1747 Mazelinus

1924 2135 2174 2189 siliensis
2203 2135 2505 2205 episcopus
2556 2134 2883 2203 subscripsi.
2929 2136 3043 2205 Ego
3084 2136 3343 2188 lleimmo
3380 2133 3613 2186 Werdu-

1922 2223 2119 2278 nensis
2169 2223 2470 2293 episcopus
2505 2222 2834 2293 subscripsi.
2898 2223 3014 2292 Ego
3048 2223 3302 2276 Valterus
3345 2222 3618 2275 Heihstei-

1922 2311 2115 2367 densis
2170 2313 2471 2381 episcopus
2502 2311 2831 2381 subscripsi.
2881 2311 3119 2380 Signum
3173 2311 3441 2366 Richardi
3486 2312 3615 2364 Ful-

1921 2399 2111 2454 densis
2140 2400 2378 2454 abbatis.
2436 2399 2677 2469 Signum
2717 2399 2954 2453 Arnoldi
3002 2399 3400 2453 Herfeudensis
3442 2399 3617 2452 abba-

1919 2488 2013 2544 tis.
2070 2488 2309 2558 Signum
2379 2488 2686 2542 Bruchardi
2733 2488 2970 2542 abbatis.
3050 2488 3289 2557 Signum
3346 2487 3617 2541 Gotifredi

1923 2576 2100 2631 ducis.
2134 2576 2373 2644 Signum
2405 2576 2740 2645 Beringardi
2783 2576 2961 2629 ducis.
3007 2575 3244 2641 Signum
3301 2575 3617 2628 Tbiederici

1924 2665 2103 2719 ducis.
2140 2664 2376 2733 Signum
2415 2663 2744 2733 Welphonis
2775 2664 3017 2717 comitis.
3071 2663 3311 2731 Signum
3370 2662 3621 2717 Cunouis

1925 2751 2169 2806 comitis.
2229 2751 2469 2821 Signum
2520 2751 2769 2805 Cunradi
2815 2750 3059 2805 comitis.
3120 2751 3358 2819 Signum
3394 2750 3620 2804 Ottonis

1923 2840 2168 2894 comitis.
2228 2840 2469 2909 Signum
2522 2839 2874 2893 Adilbrahtis
2929 2838 3171 2892 comitis.
3228 2839 3472 2893 Bobonis
3524 2854 3620 2891 co-

1926 2926 2102 2980 mitis.
2138 2925 2381 2995 Signum
2434 2925 2716 2979 Frederici
2777 2925 3018 2979 comitis.
3079 2925 3320 2995 Signum
3377 2925 3623 2979 Bezelini

115 3016 434 3083 constituti,
468 3016 565 3087 qui
618 3016 913 3070 annuatim
955 3016 1121 3070 nobis
1175 3016 1507 3070 renuntiare
1564 3017 1809 3083 valeant,
1853 3020 1891 3074 C
1922 3014 2169 3068 comitis.
2220 3014 2462 3083 Signum
2516 3012 2719 3067 Ezonis
2773 3013 2999 3067 comitis
3056 3013 3321 3067 Palatini.
3382 3012 3622 3082 Signum

116 3107 365 3176 qualiter
396 3104 608 3175 singuli
639 3105 810 3159 duces
834 3110 889 3157 et
911 3105 1134 3175 judices
1159 3106 1373 3175 populo
1420 3104 1704 3175 justitiam
1736 3106 1816 3159 fa-

118 3193 290 3259 ciant,
360 3193 509 3247 hauc
562 3192 920 3263 imperialem
1007 3192 1471 3247 constitutionem
1528 3194 1818 3263 quomodo

119 3282 454 3347 observent;
522 3280 622 3351 qui
670 3280 829 3333 missi
878 3280 1240 3335 decernimus
1288 3285 1349 3334 ut
1394 3279 1648 3351 primum
1678 3296 1817 3333 cun-

119 3376 238 3425 ctos
276 3371 562 3424 clamores
594 3369 694 3439 qui
729 3384 832 3438 per
861 3369 1273 3440 negligentiam
1305 3370 1516 3423 ducum
1562 3370 1643 3423 vel
1665 3369 1817 3440 judi-

120 3474 248 3513 cum
305 3457 528 3512 fuerint
570 3456 806 3523 inventi,
869 3456 939 3511 ad
977 3456 1237 3511 notitiam
1288 3456 1484 3510 domui
1527 3455 1821 3526 apostolici

1931 3102 2215 3157 Frederici
2279 3101 2599 3156 camerarii.
2669 3100 2909 3171 Signum
2970 3101 3169 3155 Ezonis
3227 3100 3266 3137 "
3318 3101 3624 3155 infertoris.

1928 3191 2172 3261 Signum
2220 3190 2504 3245 Heuzonis
2565 3194 2608 3226 ⁴²
2692 3190 3060 3259 piucernarii.
3135 3189 3373 3259 Signum
3434 3190 3625 3243 Huzis.

1929 3279 2183 3333 Alimun.
2243 3281 2534 3347 Herenger
2564 3281 2626 3331 ‘3.
2659 3277 2946 3331 Adilman.
2980 3277 3308 3331 Adbilbero.
3345 3279 3458 3347 Ego
3511 3278 3629 3330 Wi-

1929 3369 2135 3423 ciliuus
2191 3366 2696 3437 Astrazburgensis
2719 3367 3036 3437 episcopus.
3071 3366 3305 3434 Signum
3339 3366 3628 3435 Ryodhois

1934 3456 2299 3511 Fluvanensis
2328 3458 2372 3491 ⁵⁸
2396 3454 2635 3508 abbatis.

1543 3632 1772 3686 VARUS
1814 3630 2212 3687 LECTIONES.

192 3760 238 3795 ³9
316 3757 721 3812 Erchaubaldi.
773 3756 817 3789 ⁸ο
890 3756 1210 3810 Zodalricus
1271 3758 1489 3822 Borgia.
1545 3755 1586 3791 “
1660 3754 1903 3808 Mezouis
1974 3755 2034 3808 B.
2092 3751 2142 3785 "
2219 3751 2543 3806 Heimzouis
2599 3754 2781 3808 Cenni.
2844 3734 2917 3786 ‘3‘
2963 3750 3121 3813 Huzi.
3180 3750 3466 3815 Salomon,
3528 3750 3633 3803 Be-

130 3831 372 3901 renger?
403 3833 449 3865 “
526 3828 856 3883 Eluaneusis
888 3829 1085 3893 Cenni;
1116 3828 1226 3894 lege
1256 3825 1653 3897 Elwangensis.

846 4006 965 4013 ψ-
983 4007 1220 4013 -ψλ--ν-..ς
1235 4007 1255 4011 -
1278 4006 1663 4012 -φ-μρ--ΑἮ-..σ
1680 4004 1953 4011 ο--ιςηνγ-...νν-
1974 4003 2178 4011 -ν-ναοφνς
2189 4003 2211 4008 -ο

2252 4003 2335 4008 --ηκ
2354 4003 2441 4008 -V—c-
2454 4002 2755 4007 -νυνκνοὴῄ-κκ
2780 4004 2845 4005 κνηκ
2882 4002 2923 4007 NF
2978 4002 2995 4005 ν.
3048 3999 3621 4006 -ςπυ--ήῂ-Ηκκ

1262 4170 1787 4266 SANCTI
1904 4168 2517 4263 HENRICI

1492 4348 1956 4403 IMPERATORIS
1997 4346 2294 4402 AUGUSTI

417 4440 430 4450 ’
531 4502 1649 4629 DIPLOMATA
1769 4488 3268 4619 ECCLESIASTICA

146 4960 481 5026 Praeceptum
540 4953 758 5007 Henrici
783 4952 1089 5004 Germaan
1138 4950 1283 5016 regis
1339 4946 1612 5001 cenabitis
1673 4947 1847 4999 Remi-

724 5042 905 5109 giam‘s
944 5052 1247 5093 concessum
1260 5077 1272 5090 .

795 5124 983 5193 (Anno
1024 5124 1205 5193 1002.)

540 5215 778 5288 [Marlot.
809 5215 1241 5283 Metropolltem.
1271 5212 1336 5275 ll,
1367 5213 1474 5278 58.]

218 5311 284 5363 In
317 5306 557 5363 nomine
578 5309 784 5358 sanctae
814 5309 870 5357 et
894 5301 1207 5356 individuus
1236 5298 1548 5365 Trinitatis,
1579 5297 1852 5350 Hamucus

151 5399 351 5454 divina
385 5398 611 5451 favente
648 5391 973 5457 clementia,
1006 5406 1126 5444 rex.

223 5487 510 5554 Quoniam
537 5483 712 5554 regias
744 5479 1040 5551 dignitatis
1073 5476 1325 5532 ofﬁcium
1357 5490 1477 5529 esse
1543 5476 1763 5526 constat
1794 5476 1855 5525 ut

157 5573 514 5631 monasteria
574 5572 684 5625 Deo
709 5572 764 5623 et
811 5566 1017 5622 sanctis
1068 5565 1192 5633 ejus
1247 5562 1452 5627 dicata,
1501 5560 1573 5614 ob
1626 5574 1850 5613 conser-

1876 4856 1917 4909 D
1958 4850 2207 4906 vaudum
2232 4851 2439 4902 sanctas
2465 4847 2762 4916 religionis
2794 4852 3027 4912 statum,
3060 4848 3221 4900 novis
3266 4860 3493 4915 semper
3536 4844 3654 4915 pri-

1958 4939 2179 5010 vilegiis
2205 4942 2401 4992 contra
2457 4951 2657 4989 omnes
2686 4935 3058 4989 infestantum
3120 4933 3471 4987 incursiones
3527 4947 3655 4985 mu-

1961 5030 2221 5094 niantur;
2280 5024 2491 5080 idcirco
2556 5040 2683 5090 nos,
2740 5022 3068 5076 interventu
3109 5022 3331 5076 dilecta:
3397 5018 3657 5090 conjugis

1961 5122 2196 5185 nostrae,
2228 5113 2444 5185 reginae
2495 5111 2759 5166 videlicet
2801 5110 3189 5181 Cuneguudis,
3244 5108 3431 5163 fidelis
3479 5108 3652 5161 etiam

1962 5205 2141 5261 nostri
2190 5202 2440 5275 episcopi
2496 5199 2751 5265 Notheri,
2811 5198 2985 5269 regiae
3042 5202 3253 5251 nostras
3307 5195 3661 5249 auctoritatis

1962 5293 2239 5364 scriptum
2268 5291 2383 5344 sive
2437 5293 2790 5361 praeceptum
2847 5285 3141 5340 monachis
3186 5284 3299 5338 Deo
3348 5288 3660 5353 sanctoque

1962 5382 2223 5452 Remigio
2281 5380 2493 5435 eximio
2563 5379 2908 5433 Francorum
2967 5373 3188 5429 doctori
3241 5373 3346 5426 sub
3410 5373 3662 5443 regulari

1965 5470 2268 5541 disciplina
2324 5469 2383 5523 in
2425 5466 2699 5523 suburbio
2760 5468 3069 5521 Remorum
3150 5461 3546 5526 militantibus,
3636 5478 3667 5514 a

1967 5574 2174 5628 magno
2215 5558 2418 5612 Ottoue
2473 5570 2827 5621 concessum,
2875 5552 3016 5623 regii
3046 5550 3216 5606 etiam
3258 5550 3508 5605 nominis
3559 5566 3662 5603 au-
