3938 6312
363 319 468 373 239

1674 308 1729 363 S.
1776 306 2057 364 HENRICI
2098 305 2168 362 1M
2183 302 2570 362 PERATORIS

3777 295 3891 349 240

364 442 627 498 ctoritate
657 457 688 494 a
721 439 835 494 Deo
893 437 1057 493 nobis
1108 431 1316 490 collata
1361 433 1626 488 roborare
1678 431 2052 486 decrevimus.
2095 431 2141 482 A
2243 428 2602 499 Engilbertus
2659 421 3029 477 cancellarius
3099 421 3217 475 vice
3296 419 3570 486 Willegisi
3618 419 3890 472 archica-

366 531 526 585 Unde
556 529 824 583 volumus
854 535 910 580 et
940 525 1184 580 ﬁrmiter
1205 523 1477 594 jubemus
1509 527 1571 575 ut
1587 527 1804 574 curtem
1835 521 2059 575 Coslam

363 625 622 672 vocatam
687 633 818 670 cum
885 615 1152 668 omnibus
1179 610 1524 682 appenditiis
1556 611 1672 663 suis
1721 611 1790 663 ad
1858 625 1949 679 jus
2007 614 2063 662 et

366 707 776 778 proprietatem
829 705 1088 774 ejusdem
1132 701 1285 755 beati
1352 698 1595 768 Remigii
1654 699 2057 768 pertinentem,

365 795 514 848 infra
550 794 714 863 regni
757 791 936 845 nostri
967 789 1242 844 terminos
1299 785 1688 851 constitutam,
1723 801 1895 856 quam
1929 801 2060 837 om-

365 881 536 936 nibus
573 888 725 934 retro
781 878 1139 949 temporibus
1186 875 1290 928 sub
1340 873 1794 928 antecessoribus
1851 871 2060 925 nostris

365 966 812 1029 beneﬁciariam,
855 982 958 1036 pro
1025 968 1173 1016 statu
1203 968 1261 1015 et
1313 959 1700 1014 incolumitate
1746 959 1909 1029 regni
1973 959 2058 1012 vel

364 1055 593 1126 imperii
621 1056 733 1118 sui,
765 1055 919 1108 idem
970 1067 1216 1121 magnus
1273 1050 1402 1104 Otto
1458 1049 1528 1102 ad
1584 1063 1752 1100 usum
1801 1045 2060 1117 prwdicti

363 1143 604 1198 ccenobii
634 1143 780 1196 sicut
811 1147 866 1196 et
917 1159 1019 1196 nos
1049 1141 1220 1195 modo
1253 1140 1494 1199 remisit,
1541 1143 1596 1192 et
1629 1136 1890 1200 absolvit,
1934 1151 2056 1188 mo-

363 1233 532 1286 nachi
587 1231 802 1285 ibidem
865 1231 977 1282 Deo
1033 1235 1345 1298 sanctoque
1405 1225 1668 1296 Remigio
1713 1225 2057 1278 famulantes

365 1321 577 1390 absque
616 1319 788 1372 ullius
833 1317 1278 1372 contradictione
1311 1319 1543 1368 teneant
1599 1320 1656 1367 et
1703 1313 2052 1383 possideant,

365 1414 420 1461 et
458 1408 736 1478 quidquid
813 1406 1074 1460 utilitatis
1124 1403 1327 1459 exinde
1367 1402 1716 1473 provenerit,
1773 1400 1890 1454 suis
1910 1404 2054 1454 etut

363 1497 598 1550 libuerit
647 1495 844 1549 usibus
893 1495 1229 1565 adjungant.
1266 1493 1465 1547 Nullus
1518 1491 1689 1544 etiam
1732 1489 1911 1560 judex
1964 1489 2052 1542 vel

364 1585 670 1638 advocatus
700 1584 832 1637 hinc
879 1584 1093 1653 aliquid
1153 1581 1415 1652 exigendi
1457 1580 1662 1633 habeat
1712 1583 2050 1648 potestatem

366 1673 474 1725 nisi
497 1678 776 1742 quantum
807 1672 980 1724 abbas
1019 1677 1119 1722 aut
1149 1667 1414 1722 monachi
1466 1667 1718 1737 ejusdem
1779 1665 2047 1729 coenobii,

367 1761 632 1814 dederint
659 1761 746 1812 vel
784 1759 1169 1829 permiserint.
1213 1758 1275 1810 Et
1306 1762 1370 1810 ut
1425 1756 1533 1809 hoc
1573 1760 1780 1808 nostra:
1815 1753 2054 1808 auctori-

367 1849 495 1903 tatis
523 1853 871 1918 praaceptum
907 1848 1138 1899 ﬁrmum
1168 1849 1223 1898 et
1254 1845 1455 1897 stabile
1511 1847 1865 1913 permaneat,
1908 1841 2055 1895 hanc

366 1938 621 1990 chartam
674 1934 958 1988 conscribi
1024 1939 1080 1986 et
1140 1932 1337 1985 annuli
1412 1933 1590 1984 nostri
1677 1929 2054 2000 impressione

365 2022 874 2092 signarijussimus
913 2037 1086 2091 quam
1119 2027 1176 2074 et
1207 2019 1439 2090 propria
1469 2035 1646 2072 manu
1695 2019 1890 2072 subter
1950 2018 2053 2071 ﬁr—

364 2127 611 2166 mamus.

436 2200 664 2268 Signum
693 2197 879 2251 damni
909 2199 1126 2251 Heurici
1150 2198 1500 2251 invictissimi
1518 2199 1679 2264 regis.

439 2288 760 2357 Egilbertus
818 2285 1188 2339 cancellarius
1244 2286 1364 2339 vice
1421 2284 1678 2354 Willigisi
1758 2284 2056 2338 archican-

365 2376 583 2429 cellarii
613 2374 935 2444 recognovi.

439 2467 581 2519 Data
609 2483 640 2516 v
673 2465 800 2518 ldus
857 2463 1170 2534 Septemb.,
1231 2464 1383 2517 anno
1425 2463 1736 2516 Dominicte
1788 2462 2057 2516 incarna-

366 2553 538 2607 tionis
571 2555 728 2618 1002,
760 2551 1070 2606 indictione
1100 2569 1138 2618 ι,
1187 2567 1339 2605 anno
1385 2568 1520 2605 vero
1578 2551 1801 2605 Domini
1832 2550 2057 2605 Henrici

367 2641 516 2712 regis
539 2641 744 2712 primo.
779 2645 977 2695 Actum
1010 2639 1373 2710 Aquisgrani.

1174 2729 1242 2782 ll.

369 2822 480 2874 Rea:
539 2820 803 2873 Henricus
858 2820 908 2872 ΙΙ
951 2817 1117 2872 donat
1183 2816 1501 2872 Godrhardo
1538 2816 1727 2870 abbati
1781 2815 2059 2870 Niederal-

722 2908 922 2960 tacensi
960 2921 1144 2958 aream
1181 2905 1488 2958 Ratisbonz
1514 2907 1696 2958 sitam.

890 2995 1077 3064 (Anno
1117 2995 1271 3057 1002,
1309 2995 1372 3046 l3
1401 2992 1537 3062 Jul.)

781 3081 962 3147 [Bied,
996 3082 1104 3137 Col.
1137 3081 1388 3148 diplom,
1417 3080 1461 3147 Ι,
1501 3083 1641 3147 115.]

438 3173 503 3224 In
531 3171 764 3224 nomine
816 3175 1024 3224 sanctas
1059 3173 1115 3222 et
1163 3169 1473 3222 individuaa
1525 3167 1837 3233 Trinitatis,
1889 3169 2060 3222 Ham—

368 3275 519 3314 aicns
547 3259 739 3313 divina
766 3258 990 3311 favente
1021 3257 1324 3310 clementia
1353 3273 1468 3310 rex.

438 3349 648 3402 Notum
705 3347 778 3400 sit
803 3345 1072 3400 omnibus
1125 3344 1335 3398 nostris
1365 3343 1647 3410 ﬁdelibus,
1687 3343 2064 3414 praesentibus

369 3436 580 3488 scilicet
627 3440 682 3487 et
739 3433 968 3492 futuris,
1031 3433 1298 3503 qualiter,
1353 3449 1477 3498 nos,
1529 3432 1684 3502 piam
1743 3431 2064 3486 Godehardi

369 3523 589 3578 abbatis
622 3523 983 3576 intendentes
1011 3521 1366 3590 petitionem,
1415 3521 1548 3591 quia
1600 3521 1764 3574 nobis
1820 3521 2065 3575 ﬁdeliter

371 3613 622 3677 servivit,
656 3617 712 3664 et
741 3611 978 3679 dignum
1014 3626 1185 3679 quem
1205 3609 1694 3672 beneﬁciaremur,
1727 3611 2061 3680 fuit,quan-

367 3701 498 3753 dam
534 3699 711 3751 nostri
735 3699 883 3768 juris
911 3713 1102 3751 aream
1147 3698 1294 3750 infra
1337 3713 1531 3750 muros
1561 3698 1719 3751 urbis
1768 3698 2063 3767 Radespo-

369 3789 564 3843 Densis
594 3787 760 3839 sitam
789 3788 953 3852 (10H,
996 3786 1298 3840 habentem
1351 3786 1411 3839 in
1458 3786 1754 3840 latitudine
1785 3787 1955 3856 pedes
1998 3802 2065 3840 ιι.

369 3883 426 3930 et
446 3876 505 3929 in
537 3875 897 3945 longitudine
926 3890 1084 3942 Lxxx,
1113 3890 1241 3944 quae
1271 3890 1333 3927 ex
1367 3891 1482 3927 una
1509 3881 1664 3944 parte
1706 3876 1909 3944 plateas
1934 3891 2062 3944 qua

369 3964 527 4018 ducit
603 3965 672 4017 ad
745 3963 982 4028 flumen,
1033 3979 1096 4016 ex
1154 3963 1334 4017 altera
1390 3979 1522 4016 vero
1569 3978 1717 4016 areae
1767 3963 2062 4032 cujusdam

367 4051 618 4105 hominis
651 4051 884 4104 nomine
943 4051 1119 4104 Huozi
1148 4051 1468 4116 collimitat,
1505 4051 1854 4104 monasterio
1885 4050 2064 4103 sancti

367 4139 614 4194 Maurilii
658 4139 941 4209 martyris,
1001 4138 1093 4192 cui
1169 4138 1319 4192 idem
1359 4138 1703 4193 venerabilis
1764 4137 1937 4191 abbas
2004 4137 2061 4190 in

363 4229 491 4282 loco
541 4227 641 4298 qui
696 4229 900 4282 dicitur
963 4228 1184 4292 Altaha,
1243 4243 1486 4296 praeesse
1541 4227 1876 4291 dinoscitur,
1929 4225 2060 4295 jure

363 4324 638 4389 perpetuo
669 4317 1026 4370 retinendam
1060 4333 1159 4386 per
1187 4317 1294 4370 hoc
1315 4317 1504 4386 regale
1545 4321 1894 4385 praeceptum
1925 4330 2062 4367 con-

363 4409 601 4460 tulimus
633 4423 762 4459 cum
793 4405 1056 4459 terminis
1087 4405 1225 4470 suis,
1285 4406 1527 4460 exitibus
1558 4421 1788 4475 quoque
1824 4410 1876 4457 et
1907 4403 2062 4457 redi-

364 4495 537 4560 tibus,
595 4494 708 4547 sive
753 4495 994 4562 czeteris,
1030 4510 1158 4564 quae
1187 4494 1436 4564 quolibet
1469 4494 1640 4546 modo
1671 4491 1860 4545 vocari
1907 4492 2060 4562 juste

366 4588 422 4636 et
459 4581 718 4651 legaliter
756 4587 1018 4651 possunt,
1051 4581 1421 4651 appendiciis,
1481 4598 1548 4634 ea
1604 4581 1824 4634 ratione
1877 4579 2060 4650 quati-

364 4688 472 4724 nus
501 4671 765 4740 prielatus
787 4671 960 4723 abbas
991 4669 1362 4723 Godehardus
1393 4669 1507 4722 sive
1558 4684 1909 4723 successores
1939 4670 2060 4738 ejus

363 4759 599 4814 liberam
632 4759 899 4828 deinceps
925 4759 993 4812 de
1025 4759 1223 4812 eadem
1254 4773 1384 4811 area
1427 4756 1672 4810 habeant
1720 4762 2058 4829 potestatem

361 4845 708 4918 possidendi,
741 4847 826 4899 vel
858 4845 1140 4916 quidquid
1176 4861 1278 4914 pro
1323 4844 1668 4898 utilitatibus
1727 4845 2060 4900 monasterii

360 4936 473 4988 illis
513 4936 684 4989 libeat
713 4935 1055 5004 potestative
1112 4933 1377 4986 faciendi.
1439 4933 1502 4986 Et
1559 4937 1621 4986 ut
1677 4933 1794 4987 haec
1849 4941 2057 4988 nostras

357 5023 684 5077 traditionis
716 5024 1022 5076 auctoritas
1069 5021 1286 5074 stabilis
1345 5026 1401 5074 et
1454 5022 1784 5075 inconvulsa
1842 5039 2060 5092 perma-

357 5118 508 5176 neat,
552 5127 724 5164 manu
759 5110 987 5180 propria
1017 5125 1144 5162 eam
1178 5109 1518 5163 roborantes
1566 5109 1803 5180 sigillari
1865 5117 2058 5164 nostra

356 5201 608 5270 imagine
627 5201 927 5269 jussimus.

429 5289 661 5356 Signum
705 5289 891 5342 domni
937 5287 1180 5341 Heinrici
1231 5288 1374 5354 regis
1417 5288 1780 5342 invictissimi.
1845 5289 2056 5352 (Mono-

359 5383 650 5443 gramma.)

2172 518 2385 589 pellani
2415 513 2734 585 recognovi.

2246 607 2384 660 Data
2413 621 2470 658 Ill
2501 604 2632 656 Idus
2685 599 2842 666 Julii,
2902 615 3051 653 anno
3101 597 3408 652 Dominicaa
3457 593 3888 649 incarnationis

2174 696 2328 761 1002,
2371 691 2684 746 indictione
2730 705 2819 755 xv,
2855 704 3005 742 anno
3032 703 3168 742 vero
3200 685 3420 741 domini
3451 683 3706 739 Heinrici
3791 699 3890 737 re-

2171 784 2256 854 gis
2289 799 2325 836 ι.

2238 874 2441 925 Actum
2485 866 2808 921 Babenberc
2839 866 2899 919 in
2933 863 3030 918 Dei
3071 862 3306 916 nomine
3359 861 3618 916 feliciter.
3659 864 3888 916 Amen.

2311 957 2447 1012 Cum
2475 957 2656 1023 sigillo
2686 955 2958 1024 majestat.
2991 954 3179 1018 illaesa,
3210 953 3358 1005 intus
3386 953 3665 1020 impresso.

2956 1041 3048 1094 Ill.

2165 1135 2281 1188 Rea:
2327 1135 2588 1187 Henricus
2612 1133 2674 1186 Il
2700 1132 2866 1186 donat
2901 1131 3224 1184 monasterio
3257 1129 3637 1196 Teqernsecnsi
3673 1143 3879 1180 aream

2751 1202 3064 1256 Rutisbonae
3084 1203 3268 1254 sitam.

2680 1290 2867 1356 (Anno
2905 1289 3056 1354 l002,
3099 1290 3163 1341 12
3191 1286 3350 1355 Nov.)

2241 1379 2420 1446 [Bied,
2480 1379 2575 1432 ubi
2624 1394 2815 1447 supra,
2857 1393 2912 1447 p.
2951 1379 3071 1440 116,
3127 1391 3195 1429 θα·
3245 1376 3388 1430 Μοη.
3422 1375 3565 1428 Boic.
3616 1374 3683 1426 Vl
3726 1376 3881 1439 £56.}

2236 1469 2300 1522 In
2329 1468 2560 1522 nomine
2607 1472 2814 1520 'sanctaa
2874 1469 2931 1518 et
2981 1463 3292 1518 individere
3322 1461 3636 1528 Trinitatis,
3691 1463 3887 1516 Hem-

2162 1573 2315 1611 mcns
2345 1557 2538 1610 coslica
2567 1556 2884 1625 imperante
2914 1551 3214 1606 clementia
3240 1567 3336 1604 rex
3367 1551 3605 1604 electus.

2233 1646 2380 1700 Dum
2407 1645 2622 1699 cunctis
2651 1641 2985 1697 mortalibus
3014 1657 3048 1693 a
3106 1642 3219 1693 Deo
3261 1655 3594 1692 concessum
3625 1638 3724 1698 sit,
3780 1655 3884 1691 se-

2164 1734 2415 1787 cundum
2449 1733 2741 1804 proprium
2777 1731 3076 1784 arbitrium
3103 1726 3570 1798 uniuscujusque,
3612 1743 3719 1798 pro
3753 1727 3883 1780 feli-

2163 1823 2331 1876 citate
2361 1828 2418 1875 et
2439 1839 2539 1892 spe
2562 1836 2830 1874 mansura
2859 1819 2965 1872 sibi
3001 1817 3371 1887 praecavenda
3413 1833 3579 1886 posse
3634 1817 3884 1869 thesau-

2162 1910 2343 1964 rizare
2399 1911 2592 1964 futura
2649 1910 2817 1973 bona,
2893 1907 3103 1960 idcirco
3160 1913 3364 1958 notum
3412 1905 3679 1958 volumus
3751 1921 3884 1957 esse

2162 1999 2378 2052 cunctis
2408 1998 2689 2062 ﬁdelibus,
2743 1995 3142 2066 prementibus,
3195 2000 3249 2047 et
3296 1993 3524 2059 futuris,
3569 1993 3755 2063 quod,
3808 1993 3885 2046 ad

2163 2087 2606 2158 prosperitatem
2641 2084 2805 2154 regni
2833 2084 3016 2137 nostri
3071 2088 3128 2136 et
3171 2083 3347 2136 vitam
3379 2098 3697 2152 perennem
3737 2099 3886 2152 pro-

2164 2177 2521 2243 merendam,
2579 2174 2923 2244 impetrante
2971 2173 3286 2226 venerabili
3349 2175 3473 2225 viro
3521 2172 3887 2240 .Ebarhardo

2163 2266 2390 2330 abbate,
2449 2264 2518 2316 ad
2573 2261 2986 2316 monasterium
3060 2260 3237 2313 sancti
3292 2259 3535 2328 {Quirini
3602 2259 3888 2314 dedimus

2164 2369 2342 2406 unum
2375 2352 2664 2406 curtilein
2724 2349 3124 2420 Ratisponensi
3179 2348 3423 2414 civitate,
3484 2348 3662 2402 situm
3715 2350 3890 2419 juxta

2167 2447 2507 2506 mercatum,
2566 2439 2816 2493 vicinum
2847 2439 2972 2492 loco
3000 2438 3100 2508 qui
3147 2437 3357 2492 dicitur
3400 2437 3788 2501 Ahachircha,
3825 2437 3888 2490 in

2166 2530 2443 2585 comitatu
2475 2527 2814 2597 Ruodperti.
2869 2528 2932 2581 Et
2987 2532 3050 2580 ut
3106 2527 3228 2580 haec
3275 2531 3470 2579 nostra
3518 2527 3739 2596 regalis
3769 2532 3890 2579 tra-

2166 2618 2308 2672 ditio
2341 2617 2555 2687 absque
2605 2617 2724 2670 ulla
2768 2615 3217 2669 contradictione
3268 2614 3337 2668 ad
3389 2614 3539 2668 idem
3575 2621 3889 2669 monaste-

2166 2707 2320 2761 rium
2385 2705 2628 2759 ﬁrmiter
2686 2709 3020 2775 permaneat
3067 2704 3196 2772 jure
3273 2707 3573 2774 perpetuo,
3632 2704 3890 2774 propria

2169 2811 2346 2848 manu
2376 2795 2436 2848 in
2465 2794 2573 2848 hac
2606 2793 2803 2846 charta
2827 2792 3260 2846 subnotavimus
3290 2793 3541 2861 signum,
3581 2795 3639 2845 et
3699 2793 3892 2862 sigilli

2169 2883 2350 2938 nostri
2375 2881 2754 2952 impressione
2777 2879 3058 2950 jussimus
3089 2879 3414 2950 imaginari.

2100 2988 2140 3040 (3
2241 2973 2466 3038 Signum
2494 2971 2678 3026 damni
2727 2972 2972 3024 Heinr-iet
3027 2972 3172 3036 regis
3223 2971 3590 3024 invictissimi.
3664 2967 3887 3039 (Mono-

2173 3049 2464 3111 gramma.)

2241 3132 2560 3201 Egilbertus
2655 3129 3028 3183 cancellarius
3098 3128 3218 3184 vice
3283 3127 3546 3199 Willigisi
3612 3127 3884 3183 archica-

2172 3219 2387 3289 pellani
2420 3218 2741 3286 recognovi.

2244 3309 2384 3362 Data
2430 3308 2624 3362 nldus
2679 3307 2835 3371 Nov.,
2877 3322 3029 3360 anno
3091 3304 3404 3360 Dominicae
3458 3305 3889 3360 incarnationis

2176 3398 2329 3465 l002,
2388 3396 2700 3450 indictione
2754 3413 2792 3462 ι,
2835 3411 2985 3448 anno
3029 3410 3161 3448 vero
3202 3394 3399 3449 domui
3441 3394 3694 3448 Heinrici
3728 3395 3890 3465 regis

2169 3487 2378 3557 primo.
2411 3489 2615 3539 Actum
2645 3485 2704 3538 in
2740 3485 2881 3539 urbe
2907 3484 3264 3539 Radesbona.

2976 3574 3064 3627 IV.

2171 3665 2284 3718 Rea:
2316 3663 2599 3716 Heinricus
2630 3661 2798 3716 donat
2821 3663 2983 3727 regia
3023 3661 3240 3730 capella:
3270 3662 3449 3714 Veteri
3493 3677 3528 3714 a
3565 3675 3620 3714 se
3659 3668 3890 3716 restau-

2240 3742 2375 3815 raue
2401 3734 2590 3816 villam
2628 3736 2716 3786 sui
2733 3734 2881 3800 juris
2929 3735 3398 3803 Duueniugapum
3445 3734 3686 3800 ejusdem
3749 3751 3888 3802 per-

2244 3810 2503 3858 tinentiis.

2690 3873 2875 3944 (Anno
2910 3874 3066 3941 1002,
3107 3875 3169 3927 16
3201 3873 3360 3941 Νον.,

2587 3962 2769 4029 [Ried,
2801 3962 2900 4016 ubi
2934 3977 3124 4031 supra,
3157 3979 3288 4032 pag.
3318 3960 3462 4034 ll6.]

2243 4051 2301 4105 C.
2354 4051 2418 4104 In
2477 4052 2715 4104 nomine
2772 4055 2980 4105 sancta:
3061 4056 3114 4104 et
3166 4051 3474 4104 individua
3555 4050 3888 4119 Trinitatis,

2173 4140 2466 4193 HEINRICUS
2502 4139 2698 4192 divina
2728 4139 2949 4192 favente
2979 4139 3285 4192 clementia
3316 4154 3431 4192 rex.

2243 4227 2299 4281 Si
2357 4228 2602 4298 collapsa
2647 4232 2924 4281 vetustate
2983 4232 3080 4280 aut
3136 4227 3486 4297 negligentia
3544 4232 3886 4284 sanctorum

2173 4315 2294 4368 loca
2324 4331 2680 4386 reparamus,
2713 4321 2767 4368 et
2797 4316 2874 4368 ibi
2927 4315 3120 4369 divino
3149 4316 3328 4368 cultui
3386 4317 3732 4386 mancipatis
3784 4320 3888 4372 ali-

2173 4420 2285 4474 qua
2307 4405 2530 4458 vivendi
2583 4404 2785 4457 solatia
2840 4404 3027 4458 devoti
3056 4405 3423 4470 conferimus,
3458 4411 3516 4458 et
3545 4406 3604 4458 in
3653 4406 3766 4460 hac
3833 4414 3888 4460 et

2170 4492 2230 4546 in
2259 4497 2473 4546 eterna
2506 4494 2622 4546 vita
2653 4492 2816 4545 nobis
2870 4492 2973 4546 hoc
3022 4494 3393 4562 profuturum
3454 4509 3574 4546 esse
3632 4495 3885 4549 minime

2170 4581 2521 4636 dubitamus.
2577 4581 2825 4635 Proinde
2856 4590 3058 4634 notum
3111 4581 3182 4634 sit
3226 4582 3495 4635 omnibus
3525 4582 3739 4635 Christi
3775 4601 3885 4638 no-

2169 4669 2416 4740 strisque
2477 4671 2764 4735 ﬁdelibus,
2824 4670 3201 4740 praesentibus
3255 4673 3470 4724 scilicet
3531 4676 3587 4724 et
3637 4669 3883 4739 futuris,

2169 4758 2414 4829 qualiter
2441 4748 2679 4812 nos'una
2710 4774 2841 4812 cum
2888 4759 3093 4812 dilecta
3151 4759 3394 4829 conjuge
3427 4761 3646 4827 nostra,
3697 4761 3883 4815 Cuni-

2169 4848 2361 4917 gnnda
2383 4847 2644 4902 videlicet
2672 4848 2890 4918 regina,
2944 4847 3098 4902 intus
3139 4847 3198 4901 in
3243 4848 3384 4902 urbe
3443 4849 3886 4918 Radesponensi

2167 4935 2228 4988 in
2261 4943 2418 4989 curte
2453 4937 2608 5006 regia
2646 4937 2954 5004 quamdam
2977 4937 3275 5006 capellam,
3309 4953 3481 5006 quam
3533 4937 3672 4990 olim
3719 4939 3886 4994 Vete-

2167 5040 2290 5078 rem
2322 5025 2618 5088 vocabant,
2673 5025 2728 5077 in
2763 5026 2978 5078 honore
3026 5033 3237 5078 sancta:
3273 5025 3372 5078 Dei
3415 5025 3714 5094 genitricis
3756 5029 3885 5082 Ma-

2168 5112 2288 5179 rias,
2321 5129 2352 5166 a
2409 5113 2796 5167 fundamentis
2843 5113 2904 5166 in
2943 5119 3183 5167 matrem
3227 5111 3520 5167 ecclesiam
3561 5115 3880 5184 ereximus,

2167 5201 2412 5272 dataque
2445 5202 2496 5255 ei
2532 5218 2636 5272 per
2664 5211 3013 5272 praeceptum
3068 5203 3326 5256 libertate
3353 5202 3555 5271 regali,
3596 5203 3882 5260 institutae

2166 5290 2246 5344 ibi
2288 5291 2346 5344 in
2388 5291 2486 5345 Dei
2545 5291 2776 5344 servitio
2821 5291 3228 5344 canonicorum
3276 5293 3715 5360 congregationi
3770 5295 3881 5348 sub

2165 5379 2370 5433 abbate
2400 5381 2484 5433 vel
2531 5380 2838 5449 prmposito
2878 5379 3112 5433 nomine
3168 5379 3393 5449 Tagini,
3428 5394 3532 5448 pro
3563 5383 3878 5451 stipendiis

430 5543 533 5612 (l0)
572 5543 700 5597 Haec
737 5558 870 5598 area
890 5557 922 5596 a
951 5541 1207 5597 ccenobio
1231 5543 1708 5599 Niedcraltacensi
1729 5545 1957 5601 vendita
1985 5546 2094 5602 fuit
2129 5563 2280 5601 anno
2319 5548 2450 5603 1485
2481 5548 2824 5602 monasterio
2851 5548 3151 5619 superiori.
