3938 6312
88 330 170 384 Z’il
1339 333 1729 390 DlPLOMATA
1770 337 2324 395 ECCLESIASTICA.

3479 353 3586 403 242

85 456 220 508 inter
268 461 478 509 cetera
544 455 696 510 dono
735 456 1102 522 contulimus,
1161 460 1218 510 et
1284 474 1384 526 per
1438 458 1544 511 hoc
1602 458 1776 529 regiae
1806 460 1855 515 A
1966 462 2107 515 Data
2144 478 2232 517 XVI
2278 463 2560 517 Kalendas
2611 464 2958 532 Decembris,
3001 482 3151 522 anno
3183 467 3589 525 incarnationis

86 546 386 614 inaje~tatis
444 544 668 615 insigne
724 545 1189 607 confirmavimus
1248 546 1537 615 quandam
1596 547 1783 601 nostri

80 634 210 700 juris
240 633 459 699 villam,
504 635 737 686 nomine
792 633 1102 703 Dweuinga
1151 634 1210 686 in
1258 636 1585 705 Kelesguwe
1627 642 1682 689 et
1722 636 1783 690 in

83 721 349 775 comitatu
374 722 638 791 Magenes
668 723 856 787 sitam,
887 738 1015 775 cum
1050 723 1317 776 omnibus
1350 723 1607 793 ejusdem
1636 724 1783 778 villas

84 810 350 879 legalibus
409 810 796 879 pertinentiis,
867 810 1176 865 mobilibus
1233 816 1289 865 et
1364 812 1780 877 immobilibus,

86 898 246 950 servis
292 903 351 951 el
403 899 647 963 ancillis,
704 899 873 967 areis,
948 899 1225 965 aediﬁciis,
1284 900 1451 952 terris
1509 900 1675 954 cultis
1729 906 1785 954 et

84 987 322 1051 incultis,
388 987 587 1058 pratis,
657 987 879 1058 pascuis
956 987 1072 1040 sive
1151 988 1525 1057 compescitis,
1606 989 1780 1053 silvis,

86 1074 491 1139 venationibus,
544 1075 708 1145 aquis
756 1091 1155 1146 aquarumque
1209 1076 1560 1138 decursibus,
1597 1076 1783 1147 pisca-

85 1162 348 1228 tionibns,
414 1163 782 1228 molendinis,
824 1162 930 1215 viis
988 1168 1043 1216 et
1094 1163 1283 1227 inviis,
1343 1164 1585 1217 exitibus
1610 1170 1668 1217 et
1696 1180 1781 1217 re-

84 1249 307 1315 ditibns,
357 1250 619 1319 qumsitis
684 1254 739 1303 et
819 1249 1199 1320 inquirendis,
1264 1267 1324 1303 ac
1375 1251 1595 1304 cmteris
1656 1266 1784 1320 quae

81 1336 325 1408 quolibet
374 1338 548 1391 modo
606 1338 712 1391 rite
775 1337 968 1391 vocari
1032 1343 1291 1407 possunt,
1348 1339 1688 1391 utensﬂibus
1730 1344 1785 1392 et

78 1426 451 1495 appendiciis,
498 1444 567 1481 eo
636 1434 835 1480 tenore
897 1427 1169 1497 quatinus
1224 1426 1448 1497 pratfati
1502 1427 1783 1481 locicon-

82 1515 332 1583 gregatio
361 1515 602 1569 liberam
633 1516 701 1568 de
750 1515 949 1569 eodem
1004 1515 1218 1585 praedio
1272 1515 1539 1585 deinceps
1580 1515 1786 1569 habeat

80 1608 425 1672 potestatem
451 1600 730 1673 quidquid
770 1600 879 1655 sibi
924 1601 1148 1655 decreto
1188 1602 1485 1656 communi
1535 1618 1637 1671 pro
1666 1604 1785 1656 suis

79 1696 128 1744 et
153 1691 414 1759 prefata:
460 1691 654 1743 matris
711 1690 958 1744 ecclesiae
1001 1691 1426 1744 necessitatibus
1475 1691 1650 1745 libeat
1708 1692 1785 1745 fa-

78 1779 278 1832 ciendi.
306 1779 373 1831 Et
403 1787 468 1833 ut
498 1781 620 1833 haec
662 1786 859 1833 nostra
915 1778 1145 1832 traditio
1204 1778 1423 1832 stabilis
1490 1787 1547 1833 et
1576 1780 1783 1834 incon-

76 1868 229 1921 vulsa
274 1874 632 1938 permaneat,
721 1868 866 1921 hanc
938 1867 1122 1921 nostri
1192 1868 1463 1937 praecepti
1512 1868 1781 1938 paginam

78 1972 245 2010 manu
305 1957 543 2026 propria
591 1956 941 2024 roborantes,
1000 1955 1188 2027 sigillo
1258 1962 1457 2010 nostro
1524 1956 1783 2027 imprimi

71 2045 372 2113 jussimus.

140 2134 376 2201 Signum
448 2132 631 2187 damni
690 2134 906 2187 Henrici
974 2134 1117 2200 regis
1150 2134 1515 2187 invictissimi.
1578 2132 1780 2202 (Mono-

75 2224 372 2290 grammu.)

143 2309 469 2379 Egilbertns
538 2308 909 2363 cancellarius
989 2309 1108 2362 vice
1194 2308 1458 2379 Willigisi
1524 2309 1782 2363 archica-

76 2397 289 2467 pellani
324 2397 650 2467 recognovi.

142 2488 287 2540 Data
317 2502 405 2539 xvx
459 2486 581 2539 Kal.
632 2486 923 2541 Decembr.
965 2502 1115 2539 anno
1161 2486 1573 2540 incarnationis
1617 2488 1776 2539 Dom.

84 2578 234 2643 1002,
297 2573 499 2627 indict.
547 2591 586 2640 ι,
640 2590 788 2628 anno
838 2591 969 2627 vero
1019 2574 1241 2629 domini
1283 2574 1529 2628 Heinrici
1576 2590 1693 2643 reg.
1742 2591 1775 2628 ι.

143 2669 353 2717 Actum
379 2662 439 2715 in
469 2663 592 2732 ipsa
633 2663 770 2716 urbe
804 2663 1169 2732 Radespoua.

143 2752 404 2820 Sigillum
434 2752 580 2804 intus
613 2753 931 2819 impressum
954 2754 1221 2817 integrum
1245 2756 1443 2804 ewstat.

866 2841 925 2892 V.

80 2930 183 2980 Rea:
210 2928 493 2981 Henricus
526 2928 579 2981 ιι
615 2927 778 2981 donat
825 2930 1068 2995 episcojio
1107 2927 1426 2981 Bririnensi
1458 2942 1640 2980 aream
1666 2928 1777 2980 Ra-

745 3015 965 3068 tisbonae
995 3018 1176 3068 sitam.

608 3104 796 3171 (Anno
844 3104 998 3168 1002,
1069 3106 1130 3157 16
1164 3103 1320 3171 Nov.)

170 3190 367 3262 [Ried,
412 3190 507 3243 ubi
540 3207 730 3260 supra.
781 3207 847 3245 ex
894 3191 1119 3245 Reschii
1170 3192 1477 3246 Annalibus
1532 3192 1788 3245 Ecclesia:

671 3280 890 3335 Sabion.
922 3281 1022 3347 III,
1056 3279 1202 3349 τοι]

168 3370 236 3423 C.
306 3368 372 3421 In
428 3366 664 3420 nomine
721 3372 929 3419 sanctas
1002 3372 1057 3420 et
1108 3366 1421 3420 individua:
1470 3366 1784 3433 Trinitatis,

80 3458 375 3510 HEINBICUS
397 3455 589 3509 divina
618 3456 837 3509 favente
866 3455 1049 3525 gratia
1076 3471 1194 3509 rex.

143 3546 357 3598 Notum
391 3560 512 3597 esse
542 3545 805 3597 volumus
835 3543 1102 3597 omnibus
1119 3542 1787 3612 nostristidelibus,prai-

79 3633 337 3686 sentibus
369 3636 425 3685 et
452 3631 680 3698 futuris,
709 3632 955 3701 qualiter
980 3649 1102 3698 nos,
1126 3631 1199 3684 ob
1216 3631 1600 3684 interventum
1617 3631 1785 3684 devo-

82 3725 319 3790 tumque
333 3719 677 3790 obsequium
692 3720 877 3775 fidelis
909 3719 1086 3773 nostri
1100 3718 1465 3773 Sabionensis
1491 3718 1783 3771 venerabi-

83 3810 142 3862 lis
172 3807 435 3879 episcopi
466 3806 727 3872 Albwini,
761 3807 828 3860 ad
878 3807 1170 3861 ecclesiam
1220 3807 1397 3860 sancti
1435 3806 1784 3877 lngenuwiui

80 3897 417 3951 curtiferum
449 3912 627 3949 unum
651 3896 709 3949 in
732 3894 1023 3966 provincia
1054 3895 1443 3966 Bajoariorum
1473 3896 1529 3949 in
1562 3895 1786 3949 civitate

86 3986 444 4055 ttadespona,
468 3982 527 4037 in
554 3984 829 4037 comitatu
846 3984 1147 4053 Ruotperti
1172 3984 1366 4049 situm,
1410 4000 1732 4054 possessum
1755 4001 1788 4037 a

83 4074 257 4127 tribus
280 4072 421 4126 viris
450 4073 527 4126 ita
551 4073 803 4127 vocitetis
844 4076 977 4139 Azo,
1011 4073 1217 4139 Lanzo,
1261 4073 1431 4137 Gotti,
1483 4072 1696 4125 habens
1726 4071 1787 4125 in

83 4161 444 4233 longitudine
462 4161 706 4230 perticas
734 4177 793 4215 x1
808 4166 863 4213 et
888 4160 1221 4226 demidiam,
1240 4160 1365 4213 etin
1397 4160 1695 4214 latitudine
1713 4176 1785 4224 vr,

82 4251 135 4303 in
167 4249 473 4321 proprium
507 4250 791 4316 dedimus,
814 4264 943 4302 cum
977 4248 1228 4302 exitibus
1267 4254 1319 4302 et
1363 4249 1636 4302 reditibus
1667 4265 1784 4301 om-

82 4338 369 4409 nibusque
406 4337 573 4391 rebus
596 4337 725 4406 jure
770 4336 1139 4407 legitimeque
1172 4336 1240 4390 ad
1270 4336 1420 4389 idem
1451 4336 1785 4390 curtiferum

83 4425 528 4495 pertinentibus,
585 4441 652 4478 eo
702 4424 913 4478 scilicet
952 4430 1149 4478 tenore
1180 4430 1243 4478 ut
1290 4425 1441 4479 idem
1473 4425 1787 4496 prastitula-

84 4521 169 4568 tus
225 4514 468 4568 antistes
536 4529 848 4585 omnesque
902 4513 989 4567 sui
1058 4529 1407 4567 successores
1468 4531 1533 4567 ex
1591 4514 1791 4567 eodem

82 4604 356 4658 cnrtifero
405 4600 479 4655 ad
531 4618 699 4655 usum
752 4602 1066 4671 praelibatze
1136 4601 1386 4655 ecclesiae
1452 4607 1792 4672 potestatem

84 4692 336 4745 habeant
383 4689 507 4743 sine
538 4690 693 4744 omni
743 4690 1142 4744 malivolorum
1192 4690 1638 4743 contradictione
1688 4690 1787 4743 ha-

86 4780 279 4845 bendi,
304 4778 720 4844 commutandi,
744 4783 800 4832 et
842 4778 1123 4849 quidquid
1170 4777 1279 4832 sibi
1310 4778 1558 4845 libuerit,
1591 4778 1794 4832 exinde

84 4868 350 4921 faciendi.
410 4866 478 4919 Et
536 4871 599 4920 ut
662 4867 786 4921 haec
849 4866 1079 4921 traditio
1152 4872 1364 4921 nostra:
1418 4866 1792 4930 auctoritatis,

88 4973 213 5027 quae
247 4956 310 5009 iu
341 4955 448 5009 Dei
479 4955 773 5010 voluntate
800 4961 857 5009 et
894 4956 967 5010 ob
1005 4955 1328 5009 remedium
1349 4954 1555 5008 anima:
1586 4958 1795 5007 nostra;

86 5046 229 5099 facta
260 5049 371 5110 est,
414 5044 654 5111 ﬁrmior,
707 5044 965 5098 stabilior
1010 5044 1451 5114 diuturniorque
1500 5044 1621 5110 tiat,
1650 5043 1797 5097 hanc

86 5134 359 5205 paginam
411 5137 608 5186 nostra
655 5149 830 5187 manu
883 5132 1119 5204 propria
1168 5132 1598 5186 corroborantes
1646 5131 1799 5201 sigil-

91 5222 192 5275 lari
216 5222 524 5290 jussimus.

157 5311 389 5377 Signum
444 5310 631 5363 domui
668 5310 931 5364 Heinrici
993 5312 1137 5378 regis
1190 5310 1553 5362 invictissimi.
1608 5309 1803 5374 (Mono-

92 5414 335 5466 gramma
347 5402 386 5465 .)

164 5487 492 5557 Egilbertns
531 5486 902 5540 cancellarius
931 5486 1047 5539 vice
1087 5484 1353 5555 Willigisi
1400 5484 1801 5554 archicapella-

99 5575 153 5627 ui
181 5574 506 5645 recognovi.

1888 549 2199 603 Dominicte
2281 552 2437 615 1002,
2496 550 2808 605 indictione
2866 570 2907 619 ι,
2966 570 3118 607 anno
3196 572 3329 611 vero
3388 557 3587 613 domui

1893 637 2139 691 Heinrici
2166 639 2459 709 regnantis
2484 656 2519 693 ι.
2547 645 2749 694 Actum
2804 640 2863 709 in
2906 643 3042 696 urbe
3078 644 3438 715 Radespona.

2300 728 2440 781 Cum
2469 729 2651 797 sigillo
2673 730 2944 798 majestat.
2976 733 3201 800 integro.

2680 817 2771 871 VI.

1889 901 2341 956 Mundiburdium
2376 906 2519 972 regis
2582 907 2804 959 Henrici
2852 908 2905 960 ΙΙ
2951 910 3279 962 monasterio
3335 910 3593 975 inferiori

2591 1009 2891 1047 concessum
2904 1036 2914 1047 .

2455 1080 2638 1146 (Anno
2668 1083 2827 1147 1002,
2871 1084 2940 1135 “20
2976 1084 3143 1150 Nov.)

2380 1166 2567 1237 [Ried,
2601 1170 2695 1223 ubi
2743 1186 2914 1238 supra
2936 1187 2995 1240 p.
3024 1171 3162 1244 ll8.j

1962 1256 2022 1307 In
2055 1254 2286 1308 nomine
2318 1263 2525 1310 sanctae
2565 1261 2622 1311 et
2670 1256 2981 1312 individua:
3019 1259 3331 1327 Trinitatis,
3364 1263 3589 1317 HEINRI-

1891 1358 1986 1396 cus
2024 1342 2219 1396 dixina
2242 1343 2461 1397 favente
2492 1346 2792 1398 clementia
2822 1362 2937 1399 rex.

1957 1431 2114 1484 Justa
2148 1447 2348 1501 regum
2406 1437 2461 1485 et
2518 1433 2785 1504 religiosa
2818 1434 3088 1504 cogitatio
3118 1437 3287 1491 debet
3338 1438 3588 1493 ecclesiis

1893 1519 2012 1585 Dei,
2051 1519 2395 1591 ubicumque
2427 1520 2663 1574 facultas
2693 1524 2967 1592 suppetit,
3016 1524 3235 1594 aliquid
3278 1542 3591 1579 accommo-

1894 1607 2049 1661 dare.
2102 1614 2163 1661 ut
2218 1608 2354 1662 inde
2412 1609 2723 1677 proclivius
2775 1612 3051 1665 mercedis
3082 1619 3313 1666 internas
3352 1614 3592 1683 prmmia

1892 1702 2334 1767 consequantur.
2392 1698 2635 1751 Proinde
2676 1705 2875 1752 notum
2919 1699 2990 1752 sit
3019 1701 3286 1754 omnibus
3324 1702 3591 1756 fidelibus

1895 1783 2120 1849 nostris,
2180 1786 2558 1854 praesentibus
2599 1786 2814 1840 scilicet
2867 1794 2924 1841 et
2954 1788 3178 1861 futuris,
3215 1791 3464 1859 qualiter
3496 1807 3587 1845 ve~

1892 1871 2161 1925 nerabilis
2190 1872 2475 1927 abbatissa
2536 1874 2718 1939 Ouda,
2775 1891 2879 1944 per
2933 1875 3317 1930 interventum
3369 1878 3591 1933 dilectae

1892 1959 2154 2030 conjugis
2214 1966 2441 2025 nostra},
2501 1962 2858 2031 Cunigundas
2898 1963 3159 2017 videlicet
3212 1964 3451 2034 regime,
3484 1983 3588 2020 no-

1892 2052 2066 2101 stram
2144 2048 2287 2101 adiit
2348 2048 2725 2118 majestatem,
2800 2050 3135 2120 suppliciter
3210 2053 3466 2122 rogitans
3531 2058 3590 2107 ut

1894 2135 2306 2189 monasterium
2353 2136 2899 2201 sanctimonialium,
2954 2138 3044 2191 cui
3101 2138 3228 2208 ipsa
3262 2146 3399 2194 tunc
3436 2146 3590 2194 tem-
3638 2168 3643 2169 ί

1890 2224 2048 2294 poris
2116 2223 2268 2277 intra
2336 2224 2840 2293 Radesponeusem
2913 2226 3199 2280 civitatem
3280 2228 3589 2298 praesidere

1890 2310 2133 2373 videtur,
2195 2312 2349 2382 quod
2400 2312 2543 2366 divae
2608 2314 2901 2368 memoriae
2931 2314 3058 2368 avia
3115 2320 3306 2369 nostra
3350 2316 3589 2371 Juditha

1892 2400 2030 2452 olim
2052 2399 2109 2453 in
2148 2399 2363 2453 honore
2413 2405 2621 2453 sanctae
2670 2402 2767 2454 Dei
2808 2401 3099 2472 genitricis
3156 2403 3347 2456 Marias
3406 2420 3437 2457 a
3468 2404 3591 2458 fun-

1891 2487 2175 2541 damentis
2218 2488 2277 2541 in
2335 2487 2627 2553 abbatiam‘
2649 2491 2846 2555 erexit,
2904 2496 2961 2544 et
3019 2490 3184 2543 donis
3240 2492 3589 2560 praediorum

1889 2576 2039 2628 inter
2063 2575 2173 2628 alia
2224 2591 2328 2644 pro
2364 2576 2485 2629 loco
2545 2576 2764 2641 ditavit,
2822 2577 2883 2629 in
2936 2585 3196 2631 nostrum
3251 2578 3587 2633 mundihur-

1891 2664 2051 2716 dium
2092 2668 2148 2716 et
2171 2663 2344 2732 regiae
2390 2663 2772 2716 immunitatis
2829 2664 3136 2717 tuitionem
3196 2666 3588 2734 reciperemus

1888 2767 2018 2805 cum
2044 2751 2312 2804 omnibus
2345 2750 2707 2821 pertinentiis
2738 2752 2880 2821 ejus.
2919 2753 3029 2805 Nos
3050 2769 3209 2820 ergo,
3230 2754 3301 2807 ob
3326 2753 3586 2808 divinum

1889 2855 2144 2893 amorem
2206 2839 2316 2908 piae
2397 2840 2519 2909 ejus
2604 2846 2921 2893 annuentes
2997 2842 3287 2908 petitioni,
3338 2858 3443 2913 per
3484 2843 3588 2895 hoc

1891 2934 2100 2982 nostrae
2149 2927 2463 2997 majestatis
2512 2927 2754 2998 insigne,
2818 2929 3120 2999 prtefatum
3174 2930 3586 2984 monasterium

1822 3014 1861 3068 C
1893 3021 2105 3069 nostrae
2155 3022 2598 3085 nostrorumque
2652 3021 2781 3085 post
2828 3032 2930 3069 nos
2974 3033 3364 3072 successorum
3414 3019 3589 3088 regia

1895 3108 1951 3158 et
1980 3102 2265 3175 imperiali
2296 3110 2573 3173 perpetuo
2607 3103 2925 3157 defensioni
2959 3105 3311 3176 subjicimus,
3345 3112 3400 3160 et
3438 3107 3591 3160 insu-

1893 3205 1998 3262 per
2026 3191 2244 3261 optima
2269 3207 2335 3244 ea
2361 3191 2620 3245 libertate
2681 3192 2981 3258 donamus,
3045 3210 3159 3263 qua
3220 3201 3426 3248 cratera
3464 3210 3586 3247 mo-

1897 3279 2145 3334 nasteria
2202 3280 2419 3349 regalia
2474 3279 2799 3350 ubicunque
2846 3286 3127 3335 terrarum
3182 3282 3365 3335 nostri
3425 3282 3587 3353 regni

1894 3367 2109 3436 perfrui
2132 3367 2498 3431 videbuntur,
2541 3367 2811 3437 quatinus
2837 3366 2917 3420 ibi
2974 3369 3438 3423 sanctimoniales
3470 3386 3590 3423 mo-

1896 3456 2125 3509 nasticae
2154 3456 2281 3508 vita:
2307 3455 2411 3507 sub
2435 3456 2635 3524 regula
2665 3454 2845 3508 sancti
2895 3456 3190 3509 Benedicti
3225 3457 3585 3527 mancipatus,

1895 3543 2128 3597 liberius
2154 3550 2211 3596 et
2237 3542 2495 3596 devotius
2524 3542 2706 3610 illam,
2739 3558 2911 3612 quam
2928 3560 3210 3613 aggressse
3231 3551 3385 3611 sunt,
3408 3546 3584 3599 vitam

1893 3632 2105 3702 absque
2155 3630 2554 3701 inquietudine
2613 3632 2894 3701 regalium
2926 3638 3256 3687 exactorum
3287 3638 3343 3687 et
3397 3633 3588 3686 subin-

1893 3719 2243 3774 troeuntium
2278 3735 2652 3789 personarum
2687 3719 2895 3774 dehinc
2947 3736 3282 3775 conservare
3336 3722 3583 3776 valeant.

1898 3809 2073 3879 Regio
2104 3807 2279 3877 igitur
2312 3808 2480 3861 verbo
2525 3814 2581 3861 et
2640 3814 2927 3879 praecepto
2967 3810 3234 3879 jubemus
3262 3814 3318 3862 et
3347 3809 3589 3863 ﬁrmiter

1893 3895 2290 3950 interdicimus
2341 3900 2404 3949 ut
2460 3895 2653 3949 nullus
2690 3896 2822 3957 dux,
2868 3897 3143 3965 marchio,
3204 3913 3394 3951 comes
3448 3899 3589 3951 vice-

1896 4001 2084 4038 comes
2106 4024 2120 4052 ,
2175 3984 2492 4053 episcopus,
2544 3985 2630 4038 vel
2662 3984 2870 4055 aliquis
2902 3986 3005 4039 sub
3055 3986 3344 4055 episcopo,
3382 3991 3481 4040 aut
3502 3987 3591 4056 ju—

1895 4074 2003 4128 dex
2040 4073 2299 4143 publicus
2335 4071 2449 4125 sive
2490 4073 2682 4142 regius
2716 4078 2960 4138 exactor,
3012 4091 3110 4127 seu
3149 4074 3418 4144 quaelibet
3441 4074 3591 4144 judi-

1896 4162 2068 4215 ciaria
2094 4178 2339 4231 persona
2374 4160 2558 4231 major
2583 4166 2680 4214 aut
2711 4162 2903 4215 minor
2933 4162 3201 4231 deinceps
3230 4162 3291 4215 in
3318 4162 3589 4232 praedicto

1900 4250 2241 4303 monasterio
2270 4250 2422 4302 intus
2452 4250 2538 4302 vel
2560 4249 2713 4309 foris.
2750 4255 2806 4302 et
2853 4250 2913 4302 in
2949 4250 3081 4302 locis
3109 4254 3205 4303 aut
3237 4249 3586 4313 hominibus,

1897 4340 1985 4393 vel
2015 4338 2283 4392 omnibus
2306 4336 2384 4389 ibi
2436 4337 2855 4405 pertinentibus
2913 4336 3164 4405 aliquam
3208 4336 3416 4407 publici
3442 4336 3590 4406 juris

1897 4432 2157 4481 exerceat
2190 4429 2551 4495 potestatem,
2593 4429 2691 4477 aut
2717 4424 3025 4495 quicquam
3054 4424 3123 4477 de
3166 4424 3337 4477 rebus
3384 4441 3591 4478 mona—

1897 4516 2129 4568 charum
2166 4512 2273 4566 sibi
2304 4511 2408 4582 ipsi
2441 4512 2529 4564 vel
2562 4511 2723 4565 nobis
2772 4518 2870 4565 aut
2909 4513 3326 4566 successoribus
3385 4514 3592 4567 nostris

1899 4616 2174 4671 usurpare
2245 4603 2555 4670 prmsumat
2608 4598 2730 4653 sine
2777 4601 3072 4666 advocato,
3122 4618 3294 4673 quem
3341 4618 3592 4672 praesens

1897 4689 2202 4755 abbatissa,
2231 4694 2285 4742 et
2316 4703 2445 4757 quae
2475 4686 2528 4741 ei
2560 4689 2887 4755 succedant,
2938 4689 3000 4743 in
3056 4691 3212 4744 hunc
3260 4706 3426 4744 nsum
3474 4691 3593 4743 ele-

1898 4777 2085 4847 gerint
2114 4780 2171 4829 et
2197 4774 2617 4840 constituerint,
2652 4774 2753 4844 qui
2774 4775 2949 4831 etiam
2994 4777 3056 4830 in
3087 4777 3211 4847 ipso
3245 4777 3593 4831 monasterio

1900 4865 2039 4919 etin
2104 4864 2241 4919 locis
2284 4864 2405 4933 ejus
2435 4862 2587 4917 aliud
2647 4863 2755 4917 sibi
2813 4880 2931 4918 non
2990 4866 3253 4935 imponat
3297 4864 3594 4936 potestatis

1901 4953 2154 5008 ofﬁcium
2198 4956 2296 5005 aut
2352 4950 2545 5021 exigat
2589 4951 2908 5019 servitium,
2954 4952 3065 5006 nisi
3118 4954 3271 5025 quod
3313 4953 3597 5007 abbatissa

1901 5058 2031 5096 cum
2060 5040 2234 5094 sacris
2262 5040 2555 5093 sororibus
2580 5038 2665 5093 illi
2703 5040 3131 5111 praescripserit.

1975 5130 2394 5186 Conﬁrmamus
2444 5127 2615 5181 etiam
2676 5128 2863 5182 eidem
2935 5129 3281 5183 monasterio
3313 5127 3592 5200 quidquid

1905 5219 1985 5273 ibi
2014 5233 2272 5288 unquam
2311 5232 2413 5287 per
2460 5232 2624 5285 reges
2670 5220 2725 5270 et
2787 5216 3164 5287 imperatores
3225 5216 3597 5287 prmeeptoria

1906 5309 2051 5377 lege,
2094 5306 2210 5360 sive
2235 5322 2337 5376 per
2381 5305 2554 5360 duces
2582 5305 2671 5359 vel
2699 5304 2837 5358 alios
2887 5305 3095 5359 Christi
3137 5304 3321 5359 fidelis
3351 5304 3412 5358 in
3461 5320 3598 5375 quo-

1905 5412 2132 5465 cunque
2158 5410 2307 5464 pago
2348 5395 2434 5447 vel
2491 5393 2761 5447 comitatu
2804 5393 2993 5464 aliqua
3048 5394 3323 5448 traditum
3353 5393 3439 5446 vel
3470 5409 3601 5448 con-

1908 5500 2129 5538 cessum
2200 5486 2283 5537 est
2340 5482 2652 5547 oblatione,
2681 5498 2809 5536 cum
2860 5482 3113 5536 curtibus
3176 5486 3234 5536 et
3278 5474 3596 5547 curtilibus,

1913 5570 2192 5636 aedificiis,
2226 5569 2546 5639 mancipiis,
2598 5570 2958 5636 molendinis,
2994 5569 3300 5641 aquimolis
3355 5570 3417 5624 in
3444 5575 3600 5624 utra-
