3938 6308
314 319 415 371 243

1616 318 1670 369 S.
1715 314 1996 370 HENRICI
2043 312 2112 365 lM
2127 310 2518 366 PERATORIS

3727 312 3834 364 24νὶ

313 456 424 510 que
476 444 639 510 parte
683 436 940 490 ﬂuminis
999 435 1246 489 Danubii
1311 435 1512 489 urbem
1588 434 2086 506 praecurrentis,A
2124 432 2400 500 tionibus,
2450 431 2635 502 aquis,
2696 447 3092 502 aquarumque
3144 432 3496 498 decursibus,
3553 433 3837 502 piscatio-

316 526 532 596 pariter
568 541 697 578 cum
727 523 995 576 omnibus
1028 523 1366 576 utensilibus
1395 529 1453 576 et
1482 523 1834 592 appendiciis
1867 523 2016 575 loco-

318 630 445 667 rum
475 613 555 665 ibi
602 611 1040 681 pertinentium,
1101 627 1350 684 quorum
1382 611 1501 664 haec
1532 627 1633 681 pro
1691 616 1851 681 parte
1883 613 2017 662 sunt

318 701 589 755 nomina:
627 699 1000 769 Scbirelinga,
1043 698 1364 761 Lirundorf,
1402 698 1768 769 Boggingun,
1816 698 2016 751 Biber-

319 791 480 855 bahe,
545 787 795 849 Linthat,
859 787 1374 841 lleroldeslinthart
1435 802 1564 840 cum
1613 785 1882 840 omnibus
1921 803 2012 856 ap-

323 877 590 948 penditiis
635 877 892 941 illorum,
969 875 1342 929 Hardkiricha
1402 891 1528 928 cum
1615 874 1850 928 decimis
1901 874 2018 927 suis

324 967 724 1034 undecumque
772 965 1037 1018 villarum
1089 963 1467 1027 conferendis,
1527 962 1676 1017 Salla
1737 979 1867 1017 cum
1925 964 2020 1016 Fo-

326 1061 496 1121 resto,
553 1070 721 1124 aqua,
781 1053 1127 1108 molendinis
1171 1057 1229 1129 et
1275 1052 1495 1106 caeteris
1536 1051 1920 1121 pertinentiis,
1961 1051 2021 1105 in

325 1144 640 1214 Sinzingun
665 1159 896 1196 omnem
933 1142 1109 1202 illam,
1146 1157 1274 1211 qum
1308 1141 1386 1194 ibi
1435 1139 1772 1210 praescripto
1828 1156 2024 1193 mona-

326 1233 501 1287 sterio
533 1231 800 1301 pertinet,
836 1231 1163 1296 utilitatem,
1221 1228 1580 1299 Deggindorf
1629 1244 1758 1281 cum
1789 1227 2024 1282 decimis

329 1328 386 1376 et
405 1322 602 1376 usibus
633 1320 768 1383 suis,
830 1322 1021 1388 Berge,
1084 1317 1240 1388 quod
1271 1317 1443 1370 situm
1477 1321 1558 1370 est
1615 1317 1778 1386 juxta
1808 1317 2027 1370 ﬂumen

335 1411 562 1474 Philisa,
587 1414 643 1462 et
675 1409 1067 1462 Budelshuson
1116 1421 1246 1458 cum
1301 1405 1484 1475 aquis,
1543 1404 1871 1475 aquimolis,
1910 1420 2028 1457 mo-

333 1497 580 1552 lendinis
612 1502 667 1549 et
696 1496 841 1549 areis
897 1495 957 1548 in
1015 1492 1203 1547 fluviis
1250 1493 1402 1546 Isara
1441 1499 1498 1546 et
1548 1492 2029 1546 Walechenesbah

332 1602 463 1640 cum
495 1584 763 1654 pontibus
793 1584 910 1636 suis
939 1583 1028 1636 vel
1078 1581 1214 1634 totis
1262 1597 1464 1635 eorum
1524 1580 1876 1651 adjacentiis.
1919 1582 2029 1635 Ha-

334 1675 510 1728 beant
536 1673 710 1725 etiam
763 1671 1056 1724 monachae
1111 1673 1452 1738 potestatem
1506 1669 1741 1722 liberam
1794 1685 1896 1738 per
1933 1669 2029 1722 de-

336 1760 615 1814 cessiones
653 1759 804 1812 inter
851 1775 910 1811 se
966 1757 1214 1827 eligendi
1267 1757 1631 1820 abbatissam,
1674 1773 1848 1827 quam
1896 1772 2028 1826 pro-

340 1848 544 1904 babilis
569 1847 700 1900 vitm
735 1852 792 1900 et
834 1861 1058 1900 morum
1098 1845 1299 1914 regula
1334 1847 1450 1899 Deo
1497 1845 1746 1916 propitio
1792 1861 2030 1914 compo-

341 1938 536 2001 suerit,
569 1935 829 1989 omnium
869 1938 1212 2005 potestatum
1265 1934 1351 1986 vel
1388 1949 1765 2003 personarum
1807 1939 2036 1986 contra-

340 2025 587 2079 dictione
630 2027 865 2077 remota.
928 2023 990 2075 Et
1039 2027 1101 2074 ut
1139 2021 1260 2074 haec
1290 2027 1484 2074 nostra
1528 2021 1779 2087 traditio,
1823 2021 2034 2074 contir-

341 2113 514 2166 matio
561 2112 676 2165 sive
731 2112 958 2165 libertas
1018 2109 1237 2162 stabilis
1286 2109 1622 2162 inconcussa
1679 2113 2032 2179 permaneat,

343 2201 487 2254 hanc
513 2200 694 2253 nostri
723 2197 994 2269 praecepti
1037 2197 1309 2267 paginam
1367 2214 1536 2250 manu
1600 2197 1834 2268 propria
1861 2198 2038 2251 robo-

340 2294 530 2342 rantes
561 2287 748 2358 sigillo
781 2292 974 2340 nostro
999 2285 1256 2355 imprimi
1282 2286 1581 2355 jussimus.

409 2377 641 2443 Signum
681 2376 867 2429 damni
912 2375 1190 2440 Hcinrici,
1223 2375 1367 2440 regis
1418 2376 1788 2428 invictissimi.
1842 2375 2041 2442 (Mono-

341 2465 642 2534 gramma.)

416 2553 737 2624 Egilbertus
795 2551 1168 2606 cancellarius
1194 2551 1314 2603 vice
1367 2551 1630 2621 Willigisi
1689 2551 2041 2621 archicapel-

349 2641 464 2694 lani
494 2641 848 2710 recognovit.

423 2730 563 2782 Data
591 2743 670 2781 x11
739 2727 970 2781 Kalend.
1029 2727 1372 2792 Decembris,
1433 2743 1583 2780 anno
1631 2727 2045 2780 incarnationis

356 2816 664 2870 Dominicas
697 2817 852 2883 1002,
895 2815 1206 2869 indictione
1238 2833 1273 2880 1,
1303 2831 1454 2868 anno
1489 2831 1620 2869 vero
1659 2816 1859 2869 domni
1882 2816 2046 2870 Hein-

351 2905 454 2958 rici
484 2903 774 2974 regnantis
806 2921 839 2956 1.
885 2905 1087 2956 Actum
1117 2902 1176 2955 in
1233 2903 1357 2972 ipsa
1397 2903 1539 2956 urbe
1595 2903 2042 2972 Radesponensi.

779 2993 919 3044 Cum
947 2992 1129 3057 sigillo
1149 2991 1421 3058 majestat.
1453 2991 1640 3044 illzso.

1152 3079 1264 3131 Vll.

357 3171 468 3221 Rea:
515 3169 773 3221 Henricus
813 3167 981 3220 donat
1026 3167 1319 3232 collegiatae
1361 3167 1435 3219 ad
1495 3169 1726 3219 Veterem
1783 3167 2044 3236 capellam

426 3255 742 3308 Ratisbonae
797 3256 986 3308 villam
1056 3254 1342 3308 Walchina
1422 3257 1480 3306 in
1532 3269 1677 3322 pago
1753 3255 2050 3320 Nordgowe

428 3345 615 3396 sitam.

879 3433 1062 3493 (Anno
1098 3430 1256 3497 1003,
1296 3432 1365 3482 20
1415 3429 1590 3498 Nov.)

821 3517 1007 3590 [Ried,
1044 3519 1138 3571 ubi
1156 3533 1346 3588 supra,
1379 3533 1443 3587 p.
1479 3519 1626 3589 190.]

431 3609 496 3661 In
528 3606 759 3659 nonime
800 3611 1008 3660 sanctae
1067 3611 1124 3660 et
1190 3605 1497 3660 individua:
1555 3605 1870 3672 Trinitatis,
1905 3608 2052 3660 Hau-

363 3711 512 3749 meus
532 3694 723 3748 divina
751 3694 974 3748 favente
1004 3694 1308 3747 clementia
1339 3709 1457 3747 rex.

431 3783 488 3837 Si
534 3783 781 3852 collapsa
838 3786 1114 3835 vetustate
1187 3787 1286 3835 aut
1325 3781 1676 3851 negligentia
1727 3786 2056 3836 sanctorum

364 3874 484 3926 loca
514 3887 867 3940 reparamus.
902 3875 958 3925 ct
987 3871 1066 3925 ibi
1114 3870 1306 3924 divino
1354 3870 1535 3924 cultui
1582 3870 1919 3942 mancipatis
1947 3871 2056 3924 ali—

365 3977 476 4030 qua
505 3959 733 4013 vivendi
782 3959 984 4012 solatia
1036 3959 1220 4012 devoti
1274 3959 1642 4025 conferimus,
1689 3965 1745 4012 et
1781 3959 1840 4013 in
1869 3959 1972 4012 hac
2003 3965 2058 4013 et

365 4049 423 4101 in
444 4053 658 4101 aeterna
701 4047 815 4099 vita
860 4047 1024 4101 nobis
1077 4047 1187 4100 hoc
1235 4046 1600 4117 profuturum
1655 4063 1774 4100 esse
1821 4047 2056 4101 minime

363 4135 708 4189 dubitamus.
745 4135 986 4188 Proinde
1011 4140 1211 4189 notum
1251 4135 1324 4188 sit
1359 4134 1626 4188 omnibus
1685 4135 1787 4205 Xpi
1820 4136 2059 4190 nostris-

365 4241 476 4294 que
525 4223 810 4289 fidelibus,
861 4224 1237 4294 praesentibus
1289 4223 1502 4277 scilicet
1549 4229 1607 4278 et
1666 4224 1891 4289 futuris,
1925 4241 2060 4295 qua-

366 4315 494 4366 liter
526 4329 628 4366 nos
657 4329 771 4366 una
803 4328 933 4366 cum
961 4312 1167 4366 dilecta
1197 4313 1439 4383 conjuge
1469 4317 1680 4378 nostra,
1717 4314 2057 4382 Cunigunda

366 4401 629 4454 videlicet
655 4401 867 4470 regina,
888 4400 1042 4454 intus
1072 4401 1131 4453 in
1161 4401 1302 4454 urbe
1340 4400 1774 4470 Ratesponensi,
1813 4401 1872 4453 in
1901 4406 2058 4455 curte

366 4489 626 4542 videlicet
652 4489 832 4559 regia,
868 4490 1155 4560 quandam
1196 4490 1490 4558 capellam,
1544 4504 1719 4558 quam
1775 4490 1910 4542 ulim
1956 4491 2057 4542 Ve-

367 4584 544 4631 terem
595 4577 890 4641 vocabant,
967 4577 1026 4630 in
1097 4577 1314 4630 honore
1373 4582 1582 4630 sanctas
1633 4576 1732 4631 Dei
1770 4578 2060 4647 genitricis

367 4665 615 4718 Mariasa
672 4664 1062 4718 fundamentis
1127 4665 1187 4718 in
1236 4669 1475 4718 matrem
1533 4665 1828 4719 ecclesiam
1883 4666 2060 4720 erexi-

367 4771 516 4815 mus,
575 4755 819 4824 dataque
875 4754 928 4808 ei
979 4769 1082 4824 per
1142 4759 1487 4824 praeceptum
1542 4755 1719 4826 regali
1776 4755 2056 4821 libertate,

367 4842 644 4895 instituta:
674 4842 754 4895 ibi
781 4841 840 4894 in
875 4843 974 4896 Dei
1027 4841 1255 4894 servitio
1313 4843 1719 4896 canonicorum
1751 4859 2059 4913 congrega-

364 4930 509 4985 tioni
538 4930 642 4984 sub
683 4930 885 4984 abbate
941 4932 1026 4984 vel
1064 4929 1368 5000 praeposito
1421 4932 1652 4984 nomine
1699 4930 1920 5001 Tagini,
1953 4947 2056 5000 pro

367 5017 665 5086 stipendiis
707 5017 855 5071 inter
897 5023 1102 5071 castera
1159 5019 1310 5071 dona
1339 5020 1686 5072 contulimus
1716 5024 1772 5072 et
1812 5035 1914 5088 per
1952 5020 2056 5072 hoc

364 5105 539 5176 regiae
570 5107 880 5175 majestatis
912 5106 1136 5176 insigne
1157 5107 1623 5161 conﬁrmavimus
1649 5123 1825 5160 unam
1877 5107 2054 5160 nostri

357 5195 504 5265 juris
565 5195 756 5248 villam
819 5194 1170 5263 Walehinga,
1225 5195 1286 5249 in
1359 5212 1507 5267 pago
1583 5195 1914 5264 Nordgowe,
1997 5196 2056 5249 in

359 5284 629 5337 comitatu
696 5281 944 5336 Heinrici
997 5283 1184 5349 sitam,
1262 5300 1390 5338 cum
1475 5281 1742 5336 omnibus
1799 5282 2054 5351 ejusdem

359 5371 633 5441 legalibus
693 5370 1075 5441 pertinentiis,
1155 5371 1462 5425 mobilibus
1526 5375 1582 5423 et
1637 5369 2050 5439 immobilibus,

355 5459 528 5512 servis
576 5468 632 5512 et
691 5459 933 5524 ancillis,
989 5460 1155 5527 areis,
1217 5458 1494 5524 mditiciis,
1545 5457 1711 5511 terris
1769 5459 1935 5512 cultis
1995 5465 2052 5513 et

351 5547 598 5611 incultis,
633 5547 830 5616 pratis,
863 5549 1086 5618 pascuis
1116 5547 1232 5601 sive
1264 5546 1619 5615 conpascuis,
1673 5546 1848 5615 silvis,
1880 5564 2048 5603 vena-

2121 520 2310 588 nibus,
2351 519 2721 585 molendinis,
2753 519 2860 573 viis
2910 525 2968 573 et
2997 519 3185 585 inviis,
3234 520 3476 574 exitibus
3529 527 3586 575 et
3626 523 3836 576 rediti-

2123 609 2251 673 bus,
2286 609 2539 680 quassitis
2563 607 3018 679 etinquirendis,
3053 609 3373 677 accasteris,
3404 626 3534 680 quae
3564 611 3840 680 quolibet

2126 696 2298 750 modo
2321 697 2426 749 rite
2457 696 2642 749 vocari
2680 702 2935 762 possunt,
2971 697 3315 750 utensilibus
3366 704 3424 751 et
3449 699 3838 768 appendiciis,

2126 801 2192 837 eo
2223 789 2421 837 tenore
2447 785 2713 854 quatinus
2769 784 2989 852 praefati
3020 785 3127 838 loci
3175 786 3542 856 congregatio
3585 787 3839 840 liberam

2125 873 2194 926 de
2217 873 2414 926 eodem
2439 873 2654 943 praedio
2698 873 2966 943 deinceps
2996 874 3204 928 habeat
3255 879 3613 944 potestatem,
3649 876 3842 946 quid-

2129 960 2266 1031 quid
2295 961 2403 1014 sibi
2434 960 2726 1015 communi
2757 961 2982 1015 decreto
3004 978 3107 1031 pro
3152 963 3269 1015 suis
3301 967 3357 1016 et
3385 964 3673 1032 praedictas
3707 981 3840 1018 ma-

2128 1048 2230 1102 tris
2262 1049 2511 1102 ecclesiaa
2543 1049 3179 1117 necessitatibuslibeat,
3197 1050 3461 1106 faciendi.
3499 1053 3564 1106 Et
3595 1059 3659 1107 ut
3708 1055 3844 1108 haec

2129 1141 2324 1191 nostra
2369 1136 2602 1191 traditio
2655 1137 2873 1191 stabilis
2928 1144 2984 1191 et
3056 1139 3386 1192 inconvulsa
3465 1148 3842 1209 permaneat,

2131 1225 2279 1278 hanc
2299 1224 2477 1278 nostri
2526 1225 2795 1296 praecepti
2845 1226 3114 1296 paginam
3163 1242 3336 1280 manu
3394 1229 3626 1298 propria
3659 1230 3846 1284 robo—

2135 1319 2346 1379 rantes,
2379 1313 2569 1382 sigillo
2598 1320 2790 1367 nostro
2821 1313 3077 1384 imprimi
3103 1315 3401 1384 jussimus.

2209 1402 2434 1467 Signum
2493 1402 2677 1456 domni
2720 1403 2965 1457 Beinrici
3009 1408 3153 1470 regis
3212 1406 3576 1458 invictissimi“
3627 1406 3846 1473 (Mono-

2132 1491 2442 1560 gramma.)

2212 1578 2533 1647 Egilbcrtus
2581 1579 2951 1634 cancellarius
3009 1579 3128 1634 vice
3187 1580 3446 1652 Willigisi
3502 1581 3856 1654 archicapcl-

2141 1666 2260 1719 lani
2288 1666 2644 1736 recognovit.

2216 1754 2444 1808 Dataxu
2474 1755 2595 1808 Kal.
2656 1757 3004 1824 Decembris,
3074 1773 3223 1811 anno
3276 1759 3693 1813 incarnationis
3740 1761 3855 1814 Do-

2144 1842 2366 1897 minicae
2392 1845 2547 1909 1002,
2577 1844 2887 1899 indictione
2917 1863 2954 1912 1,
2990 1862 3137 1899 anno
3185 1862 3316 1900 vero
3355 1847 3556 1902 domui
3589 1849 3854 1902 Heinrici

2144 1946 2304 2000 regn.
2330 1948 2366 1985 1.
2391 1935 2595 1987 Actum
2615 1932 2675 1986 in
2705 1933 2830 2004 ipsa
2859 1935 3000 1988 urbe
3033 1935 3480 2004 Radesponensi.

2205 2020 2460 2092 Sigillum
2492 2022 2704 2090 majest.
2755 2025 2902 2076 intus
2949 2025 3268 2092 impressum
3319 2026 3587 2091 integrum
3639 2031 3850 2080 exstat.

2908 2130 3048 2183 VIII.

2147 2233 2259 2285 Rea:
2316 2234 2596 2288 Heinricus
2645 2236 2704 2289 Il
2770 2234 2936 2289 donat
2989 2237 3235 2304 episcopo
3289 2238 3608 2291 Brixinensi
3656 2240 3857 2292 villam

2670 2325 2834 2390 Teign
2852 2339 3021 2392 prope
3049 2324 3417 2379 Ratisbonam.

2707 2418 2891 2489 (Anno
2926 2421 3080 2484 1002,
3114 2421 3182 2473 24
3213 2420 3367 2490 nov.)

2153 2501 2343 2572 fﬂicd,
2391 2519 2522 2576 pag.
2584 2510 2704 2572 121,
2752 2522 2819 2560 ex
2884 2507 3106 2561 Beschii
3153 2510 3360 2563 Annal.
3434 2511 3691 2564 Ecclesiae
3758 2515 3864 2566 Sa-

2815 2613 2938 2667 bion
2966 2615 3058 2679 III,
3093 2614 3243 2686 704.]

2227 2714 2290 2767 In
2319 2714 2572 2783 {nomine
2623 2722 2831 2772 sanctas
2880 2724 2936 2772 et
2992 2719 3303 2774 individua:
3351 2721 3663 2788 Trinitatis,
3701 2725 3870 2776 Hum-

2158 2818 2309 2854 meus
2340 2803 2529 2856 divina
2556 2804 2778 2860 favente
2807 2807 3110 2860 clementia
3141 2823 3259 2861 rex.

2229 2891 2434 2944 Notum
2470 2893 2543 2946 sit
2571 2894 2837 2948 omnibus
2886 2894 3096 2949 nostris
3133 2896 3416 2962 ﬁdelibus,
3475 2899 3868 2968 praesentibus

2087 2998 2126 3050 ρ
2159 2978 2371 3032 scilicet
2400 2987 2456 3034 et
2486 2981 2709 3049 futuris,
2752 2985 2997 3053 qualiter
3046 3001 3170 3052 nos,
3220 3001 3322 3056 per
3350 2986 3740 3041 interventum
3776 2989 3867 3042 di-

2158 3067 2315 3121 lectae
2335 3068 2597 3139 conjugis
2624 3076 2858 3139 nostrae,
2893 3073 3292 3144 Chunigundas
3319 3074 3580 3128 videlicet
3610 3077 3859 3145 regium,

2158 3154 2314 3208 ﬁdeli
2343 3161 2537 3210 nostro
2573 3158 2854 3213 Albuvino
2895 3160 3248 3214 Sabiniensis
3277 3162 3536 3216 Ecclesiae
3583 3163 3863 3234 episcopo

2161 3243 2451 3312 quoddam
2498 3247 2679 3299 nostri
2720 3247 2868 3316 juris
2921 3249 3225 3320 prasdium,
3275 3250 3332 3304 id
3369 3255 3454 3304 est
3483 3251 3770 3322 quidquid
3805 3253 3862 3305 in

2161 3331 2296 3385 villa
2325 3333 2566 3404 Tiginga
2599 3351 2704 3404 pro
2733 3342 2930 3391 nostra
2983 3343 3146 3407 parte
3195 3338 3466 3392 hactenus
3498 3339 3604 3393 visi
3656 3357 3864 3395 sumus

2161 3420 2472 3489 possidere,
2505 3440 2633 3476 cum
2665 3426 2933 3480 omnibus
2967 3427 3039 3480 ad
3093 3427 3150 3480 id
3193 3428 3457 3498 legaliter
3511 3428 3866 3498 pertinenti-

2165 3508 2289 3571 bus,
2341 3510 2645 3566 mobilibus
2703 3519 2760 3567 et
2797 3514 3211 3580 immobilibus,
3268 3516 3443 3569 servis
3499 3522 3555 3570 et
3609 3517 3864 3571 ancillis.

2163 3599 2419 3659 ecclesia,
2454 3601 2702 3664 decimis,
2750 3603 2916 3668 areis,
2974 3604 3253 3668 aediﬁciis,
3289 3604 3456 3658 terris
3484 3605 3653 3659 cultis
3685 3611 3746 3660 et
3774 3607 3867 3660 in-

2165 3686 2349 3752 cultis,
2381 3688 2580 3756 pratis,
2610 3690 2834 3758 pascuis
2882 3692 2996 3745 sive
3059 3693 3413 3762 conpascuis,
3451 3693 3624 3755 silvis,
3699 3695 3871 3765 aquis

2165 3790 2514 3843 aquarumve
2545 3777 2900 3844 decursibus,
2932 3781 3036 3834 viis
3068 3787 3125 3835 et
3145 3781 3339 3850 inviis,
3396 3781 3643 3836 exitibus
3682 3789 3744 3836 et
3769 3799 3871 3837 re-

2167 3861 2398 3926 ditibus,
2439 3866 2693 3935 qumsitis
2747 3873 2802 3922 et
2868 3869 3248 3940 inquirendis,
3305 3874 3380 3935 et,
3414 3887 3543 3940 qua:
3598 3870 3869 3941 quolibet

2165 3951 2338 4005 modo
2369 3952 2475 4007 rite
2501 3955 2693 4008 vocari
2720 3963 2980 4027 possunt,
3037 3957 3391 4029 appendiciis
3417 3963 3473 4011 et
3516 3958 3867 4013 utensilibus

2168 4037 2526 4106 tradidimus,
2561 4057 2628 4095 eo
2660 4047 2858 4098 tenore
2888 4049 3170 4114 quatenus
3198 4046 3471 4114 prmi’atus
3513 4045 3869 4099 venerabilis

2168 4127 2466 4198 episcopus
2507 4130 2824 4186 Albuvinus
2870 4133 3071 4203 suique
3121 4149 3469 4188 successores
3520 4134 3868 4204 praedictum

2168 4216 2446 4282 prsidium
2471 4219 2738 4290 deinceps
2770 4219 2952 4274 libera
2998 4225 3273 4290 potestate
3305 4226 3538 4275 teneant
3584 4229 3760 4292 atque
3805 4225 3866 4276 in

2171 4307 2480 4371 perpetuos
2521 4305 2776 4360 Ecclesiae
2807 4323 2925 4361 suas
2955 4325 3089 4362 usus
3134 4309 3350 4379 absque
3381 4310 3641 4363 omnium
3662 4327 3867 4380 perso-

2172 4404 2377 4442 narum
2437 4392 2552 4446 sive
2624 4401 2974 4464 potestatum
3028 4397 3480 4451 contradictione
3529 4404 3873 4454 convertant

2169 4481 2338 4547 atque
2377 4481 2723 4548 possideant,
2771 4484 3048 4538 habentes
3093 4485 3227 4538 inde
3275 4484 3564 4540 licentiam
3596 4503 3870 4540 commu-

2167 4564 2348 4630 tandi,
2408 4573 2466 4620 et
2507 4571 2787 4640 quidquid
2837 4572 2947 4626 sibi
3002 4574 3178 4627 libeat
3227 4573 3490 4628 faciendi.
3545 4576 3609 4628 Et
3654 4581 3719 4628 ut
3746 4577 3871 4630 haec

2169 4659 2361 4708 nostra
2428 4658 2658 4713 traditio
2730 4661 2950 4715 stabilis
3005 4668 3062 4716 et
3113 4662 3448 4717 iuconvulsa
3505 4674 3865 4734 permaneat,

2167 4740 2313 4795 hanc
2333 4747 2601 4814 praecepti
2658 4750 2837 4802 nostri
2873 4750 3144 4820 paginam
3203 4767 3375 4804 manu
3433 4753 3671 4822 propria
3700 4754 3870 4808 robo-

2168 4835 2357 4884 rantes
2387 4834 2629 4905 sigillari
2663 4839 3057 4910 praecepimus.

2239 4919 2465 4987 Signum
2520 4924 2705 4980 damni
2740 4929 2984 4982 Heinrici
3036 4930 3180 4996 regis
3230 4929 3596 4982 invictissimi.
3655 4931 3867 4997 {Mono-

2164 5013 2458 5079 gramma.)

2240 5103 2555 5171 Egilbertus
2606 5105 2978 5158 cancellarius
3020 5105 3138 5159 vice
3196 5104 3458 5175 Willigisi
3507 5105 3864 5176 archicapel-

2165 5194 2283 5247 lani
2312 5193 2664 5263 recognovit.

2235 5285 2375 5337 Data
2439 5299 2537 5337 νιιι
2588 5283 2872 5337 Kalendas
2933 5282 3279 5348 Decembris,
3343 5299 3491 5336 anno
3547 5283 3862 5338 Dominicm

2162 5371 2572 5426 incarnationis
2623 5374 2778 5439 1002,
2841 5372 3150 5426 indictione
3207 5389 3245 5440 1,
3287 5388 3438 5425 anno
3495 5387 3626 5424 vero
3663 5372 3862 5426 domui

2162 5460 2411 5514 Heinrici
2443 5460 2732 5529 regnantis
2753 5477 2790 5514 1.
2817 5462 3014 5515 Actum
3047 5461 3422 5530 Radasponas.

2437 5551 2578 5602 Cum
2606 5550 2787 5614 sigillo
2813 5549 3091 5617 majestat.
3115 5551 3262 5603 intus
3289 5551 3568 5618 impresso.
