3938 6306
79 299 168 348 ΐὶῖὶ
1336 286 1725 343 DlPLOMATA
1772 284 2320 340 ECCLESIASTICA.

883 410 968 463 IX.

79 506 306 559 Henrici
338 504 405 557 II
431 504 575 567 regis
605 504 930 569 praceptum
956 512 1053 565 per
1084 495 1227 564 quod
1251 493 1573 569 Burchardo
1610 493 1767 569 Wor-_

139 578 396 629 matiensi
459 562 705 640 episcopo
774 562 1236 640 attribuitgomne
1294 565 1565 634 praedium
1623 562 1769 629 quod

138 649 259 701 Otto
288 646 411 699 dua:
460 637 522 696 in
572 637 697 711 ipsa
748 643 969 694 civitate
1011 637 1300 691 obtinebat.

737 726 922 796 (Auno
948 724 1130 791 1002.)

285 818 622 893 [Schanuat,
646 817 1000 884 Episcopatus
1036 813 1323 874 Wormat.,
1357 826 1412 878 p.
1441 806 1556 879 35.]

144 912 205 964 ln
236 908 477 962 nomine
530 911 738 958 sancta
769 910 825 957 et
869 901 1179 955 individua
1232 898 1542 960 Trinitatis,
1597 896 1771 951 Heiu-

82 999 221 1052 ricus
250 996 447 1051 divina
475 996 699 1049 favente
727 990 1032 1047 clementia
1064 1004 1178 1042 rex.

110 1086 198 1155 ,Si
249 1084 522 1139 ecclesias
566 1082 665 1136 Dei
712 1097 780 1133 ex
836 1077 1122 1148 aliquibus
1178 1074 1371 1129 divino
1410 1077 1555 1126 nutu
1611 1072 1776 1125 nobis

82 1159 359 1228 concessis
386 1171 561 1226 rebus
590 1169 857 1235 ditamus,
882 1182 996 1220 non
1047 1165 1233 1218 solum
1290 1163 1358 1216 ad
1404 1161 1565 1231 regni
1594 1159 1775 1213 nostri

80 1263 390 1317 feliciorem
425 1258 894 1326 stabilioremque
924 1259 1131 1308 statum
1194 1252 1358 1306 nobis
1388 1249 1660 1321 prodesse
1691 1264 1775 1301 sa-

82 1351 289 1421 pimus,
322 1363 524 1402 verum
556 1346 727 1400 etiam
758 1344 830 1397 ad
876 1347 1088 1397 aterna
1136 1340 1387 1411 paradisi
1436 1338 1646 1408 gaudia
1683 1353 1773 1390 ca-

82 1439 291 1509 pienda
325 1437 575 1491 multum
630 1450 733 1488 nos
764 1431 1104 1502 indejuvari
1138 1428 1378 1483 minime
1423 1427 1772 1481 dubitamus.

82 1530 443 1598 Quapropter
473 1523 736 1577 noverint
756 1538 956 1575 omnes
978 1522 1155 1574 nostri
1198 1518 1416 1581 ﬁdeles,
1466 1519 1777 1586 prasentes

80 1617 290 1670 scilicet
315 1621 375 1668 et
412 1612 610 1679 futuri,
669 1610 917 1680 qualiter
962 1625 1065 1663 nos
1117 1624 1221 1677 pro
1274 1604 1529 1659 remedio
1566 1603 1775 1656 anima

79 1702 437 1759 dilectissimi
461 1700 703 1755 senioris
739 1698 922 1753 nostri
978 1697 1144 1751 bona
1201 1694 1497 1749 memoria
1554 1691 1776 1747 Ottonis
1805 1680 1847 1735 Β

80 1793 350 1848 videlicet
408 1788 771 1860 imperatoris
820 1786 1080 1857 Augusti,
1135 1788 1193 1838 et
1230 1783 1404 1837 etiam
1464 1797 1565 1852 pro
1614 1781 1775 1831 Wor-

82 1880 349 1938 matieusi
402 1878 669 1943 Ecclesia,
756 1893 859 1947 per
929 1876 1315 1929 interventum
1394 1868 1776 1938 Cunigunda,

83 1973 305 2028 dilecta
331 1967 596 2039 conjugis
622 1970 854 2029 nostra,
879 1969 935 2017 et
962 1979 1066 2033 per
1086 1961 1344 2033 ejusdem
1394 1958 1656 2013 Ecclesia
1690 1973 1779 2009 ve-

84 2058 361 2115 nerabilis
392 2055 668 2126 episcopi,
723 2053 935 2108 scilicet
982 2049 1317 2117 Burchardi,
1352 2049 1554 2117 dignas
1580 2052 1775 2116 postu-

87 2149 345 2213 lationes,
368 2150 556 2199 totum
588 2143 894 2214 pradium,
942 2140 1319 2209 omniumque
1350 2136 1777 2208 proprietatem,

84 2254 256 2309 quam
304 2251 412 2288 nos
459 2249 564 2303 per
611 2230 803 2286 dilecti
859 2227 1269 2299 consanguinei
1326 2224 1509 2279 nostri
1556 2224 1780 2278 Ottonis

87 2342 317 2398 quoque
347 2322 508 2377 ducis
558 2321 787 2375 ﬁrmam
830 2317 1199 2372 traditionem
1232 2316 1292 2369 in
1347 2313 1643 2384 proprium
1688 2313 1781 2381 jus

87 2414 434 2486 accepimus,
459 2410 605 2464 sicut
627 2410 748 2479 ipse
780 2407 931 2459 visus
959 2411 1043 2459 est
1078 2404 1289 2459 habere
1317 2403 1465 2455 infra
1519 2401 1781 2454 eamdem

88 2504 401 2567 civitatem,
446 2501 555 2553 hoc
593 2502 678 2551 est
732 2494 1127 2559 Wormatiam,
1181 2492 1467 2563 pradicta
1531 2487 1781 2543 ecclesia

90 2595 143 2647 in
191 2593 419 2647 honore
488 2586 665 2641 sancti
733 2585 883 2639 Petri
948 2587 1313 2647 consecrata,
1360 2586 1417 2633 et
1472 2576 1781 2631 venerabili

88 2680 525 2753 prauomiuata
553 2673 814 2729 Ecclesia
870 2672 1158 2743 episcopo,
1213 2670 1448 2739 ejusque
1497 2682 1783 2721 successo-

88 2772 241 2825 ribus
272 2784 381 2838 per
440 2767 548 2820 hoc
589 2763 808 2835 regium
862 2767 1212 2832 praceptum
1253 2760 1311 2812 in
1365 2756 1661 2828 proprium
1692 2754 1783 2822 jus

87 2852 433 2907 tradidimus
486 2864 616 2903 cum
680 2846 948 2901 omnibus
987 2845 1056 2899 ad
1085 2843 1348 2897 eamdem
1378 2840 1782 2911 proprietatem

3482 278 3580 329 2νὶνῆ

1796 404 1843 456 Α
1885 407 2242 474 quapropter
2271 400 2532 455 omnium
2574 399 2833 452 ﬁdelium
2882 403 3232 465 nostrorum,
3267 402 3384 452 tam
3429 414 3577 469 pra-

1880 491 2131 545 sentium
2182 506 2354 561 quam
2406 495 2462 542 et
2511 488 2860 551 futurorum,
2918 487 3057 538 sciat
3110 485 3393 539 industria
3422 502 3562 557 qua-

1878 580 2016 633 liter
2045 596 2169 642 nos,
2202 580 2273 632 ob
2304 578 2691 631 interventum
2721 574 2982 644 Willigisi
3022 574 3371 644 Moguntina
3428 574 3575 628 sedis

1880 667 2192 722 venerandi
2265 664 2708 734 archiprasulis,
2794 668 2848 716 et
2911 662 3158 717 Heinrici
3222 662 3580 715 Wirchibur-

1881 757 2070 827 gensis
2119 756 2379 808 Ecclesia
2425 753 2663 807 illustris
2721 751 3011 815 antistitis,
3061 766 3164 803 nec
3218 766 3335 803 non
3383 755 3440 803 et
3477 766 3578 819 per

1881 844 2220 914 petitionem
2243 842 2435 896 dilecti
2466 841 2694 910 nepotis
2723 840 2904 893 nostri
2934 838 3157 893 Ottonis
3212 838 3392 903 ducis,
3425 839 3577 892 ﬁdeli

1882 937 2076 986 nostro
2100 930 2424 985 Burchardo
2476 927 2905 981 Wormatiensis
2954 926 3213 980 Ecclesia
3272 927 3578 979 venerabili

1882 1020 2171 1090 episcopo,
2196 1035 2299 1090 pro
2331 1035 2398 1072 eo
2440 1017 2590 1087 quod
2651 1017 2814 1071 nobis
2871 1016 3072 1069 devoto
3122 1014 3315 1067 animo
3371 1014 3577 1082 sapius

1882 1110 2130 1172 servivit,
2205 1107 2591 1161 concessimus
2672 1105 2899 1171 regium
2951 1105 3205 1156 bannum
3268 1104 3330 1156 in
3365 1102 3579 1155 forestu

1886 1195 2161 1251 Forchabi
2212 1198 2592 1263 nuncupato:
2656 1208 2688 1245 a
2742 1191 2897 1255 villa,
2952 1189 3349 1243 Elmeresbach
3393 1188 3575 1242 nomi-

1884 1293 2036 1351 nata,
2097 1284 2260 1354 juxta
2298 1284 2564 1337 Rhenum
2598 1280 2726 1345 sita,
2787 1279 2927 1333 inde
2970 1295 3149 1349 usque
3195 1278 3575 1338 Heriveldon;

1883 1374 2018 1427 hinc
2039 1373 2213 1427 etiam
2247 1371 2316 1425 ad
2342 1370 2589 1435 Bibiloz;
2626 1368 2759 1422 inde
2799 1384 2901 1438 per
2935 1376 3145 1421 rectam
3198 1368 3449 1436 plateam
3507 1367 3575 1421 ad

1886 1464 2192 1517 Otterestat
2222 1477 2237 1525 ;
2265 1459 2424 1513 illinc
2454 1464 2667 1511 rectam
2691 1458 2940 1527 plateam
2973 1456 3045 1508 ad
3092 1454 3418 1516 Ecclesiam,
3450 1468 3577 1522 qua

1885 1550 2055 1603 estin
2084 1547 2405 1617 Bezcingun
2448 1545 2601 1611 sita;
2650 1545 2783 1598 hinc
2827 1548 3041 1596 rectam
3086 1547 3418 1595 montanam
3459 1541 3579 1611 pla-

1886 1642 2036 1691 team
2067 1638 2138 1690 ad
2166 1636 2460 1692 Herbestat
2490 1650 2505 1699 ;
2537 1633 2609 1687 ab
2632 1633 2951 1698 Herbestat,
3010 1647 3115 1701 per
3164 1636 3380 1684 rectam
3416 1644 3575 1682 mon—

1886 1730 2078 1780 tanam
2108 1726 2356 1795 plateam
2376 1723 2446 1776 ad
2480 1720 2871 1776 Bosinesheim
2901 1736 2915 1786 ;
2940 1719 3071 1772 inde
3094 1735 3198 1786 per
3226 1723 3403 1771 totam
3425 1733 3584 1770 mon-

1887 1820 2079 1868 tanam
2109 1813 2356 1883 plateam
2387 1810 2458 1864 ad
2502 1808 2907 1875 Winenheim;
2938 1807 3008 1861 ab
3067 1805 3428 1859 Winenheim
3478 1820 3583 1874 per

1888 1908 2102 1956 rectam
2145 1905 2477 1953 montanam
2499 1898 2745 1967 plateam
2787 1896 2855 1949 ad
2878 1894 3283 1949 Sericzesheim
3308 1893 3367 1947 in
3401 1893 3579 1947 Lobo-

1889 1990 2105 2044 tunaha
2134 2006 2148 2055 ;
2181 1987 2316 2042 hinc
2349 1986 2617 2039 deorsum
2664 2000 2846 2054 usque
2876 1983 2935 2036 in
2976 1984 3213 2036 fluvium
3251 1983 3582 2045 Neccarum,

1890 2097 1923 2133 a
1960 2078 2133 2133 ﬂuvio
2166 2078 2407 2130 Neccaro
2445 2090 2628 2145 usque
2686 2073 2754 2126 ad
2802 2072 3063 2126 Rhenum
3099 2088 3112 2136 ;
3144 2070 3274 2124 inde
3322 2086 3425 2139 per
3457 2069 3581 2123 uni-

1890 2184 2050 2222 versa
2081 2164 2264 2219 Rheni
2292 2164 2484 2217 littora
2513 2163 2779 2216 deorsum
2835 2176 3017 2230 usque
3048 2158 3119 2213 ad
3170 2157 3535 2212 Elmersbach
3568 2175 3581 2221 ;

1891 2254 2089 2309 omnia
2126 2254 2248 2306 hac
2303 2253 2429 2305 loca
2485 2250 2556 2303 ab
2606 2248 2965 2303 Elmersbach
3003 2262 3186 2317 usque
3238 2247 3308 2299 ad
3350 2246 3583 2299 Winen-

1890 2345 2071 2409 heim,
2108 2346 2241 2395 sunt
2272 2341 2330 2393 iu
2363 2339 2700 2408 Riuecgowe
2748 2336 2875 2402 sita,
2909 2335 2969 2389 in
3024 2335 3300 2389 comitatu
3330 2332 3585 2404 Gerungi

1893 2432 2115 2487 comitis
2148 2447 2163 2497 ;
2195 2430 2283 2483 vel
2313 2444 2428 2499 qua
2455 2442 2587 2480 vero
2611 2427 2734 2479 loca
2756 2426 2950 2495 jacent
2978 2424 3038 2477 in
3062 2424 3481 2493 Lobotungowe
3520 2423 3579 2474 in

1894 2521 2166 2576 comitatu
2198 2516 2509 2587 Mezingozi
2548 2514 2771 2569 comitis
2804 2531 2817 2578 ς
2860 2514 3015 2566 hunc
3071 2512 3370 2581 praefatum
3418 2511 3582 2564 Fore—

1894 2617 2044 2664 stum
2072 2624 2200 2662 cum
2238 2612 2359 2660 tota
2379 2603 2709 2673 integritate
2740 2606 2796 2655 et
2830 2600 3110 2654 universis
3145 2598 3488 2653 utilitatibus
3514 2598 3585 2651 ad

1896 2716 1952 2753 se
1982 2695 2403 2768 pertinentibus
2444 2691 2809 2746 concedimus
2856 2693 3048 2743 nostra
3104 2688 3259 2757 regia
3310 2690 3587 2757 potestate

1893 2789 1963 2841 ad
1993 2791 2253 2839 sanctum
2287 2784 2518 2837 Petrum
2549 2777 2977 2833 Wormatiensis
3017 2775 3295 2841 Ecclesia,
3331 2779 3391 2827 ut
3432 2773 3589 2826 nulla

1896 2877 1965 2930 de
1987 2890 2055 2929 eo
2113 2873 2332 2926 forestu
2394 2885 2643 2941 persona
2689 2883 2867 2939 parva
2924 2866 3040 2919 sive
3100 2879 3313 2933 magna
3336 2863 3590 2932 aliquam

84 2944 233 3012 juste
258 2938 596 3009 etlegaliter
616 2932 1138 3024 pertinentibus,
1169 2937 1256 2985 est
1294 2930 1461 3024 arenis,
1506 2926 1782 2992 adiﬁciis,
1821 2959 1860 3012 Β
1899 2926 2076 3019 Ee'rét’n
2105 2962 2191 3016 vel
2226 2926 2466 3015 bestia‘m
2499 2957 2580 3012 ibi
2630 2926 2827 3010 ve‘nari
2854 2956 2943 3009 vel
2974 2970 3177 3024 capere
3199 2926 3325 3005 “aut
3363 2926 3590 3021 ingeqni

91 3030 189 3083 viis
219 3033 279 3082 et
300 3025 495 3092 inviis,
522 3024 768 3078 exitibus
813 3027 867 3076 et
916 3020 1215 3085 reditibus,
1266 3018 1432 3088 aquis
1474 3031 1782 3087 aquarum-

90 3136 197 3189 que
241 3114 605 3178 decursibus,
665 3110 1093 3183 piscationibus,
1135 3106 1498 3173 molendinis,
1564 3103 1785 3157 manci-

90 3209 197 3280 piis
226 3205 537 3273 utriusque
560 3217 747 3267 sexus,
771 3198 1017 3269 exceptis
1046 3196 1229 3251 tribus
1268 3193 1582 3266 supradicti
1629 3192 1789 3247 ducis

92 3300 316 3358 Ottonis
373 3294 752 3350 servientibus
806 3292 1116 3346 videlicet:
1177 3289 1513 3360 Syggeloue,
1575 3285 1787 3348 Eboue,

95 3390 393 3453 Hezelino,
443 3401 575 3440 cum
626 3382 899 3438 uxoribus
937 3386 994 3435 et
1022 3380 1154 3434 ﬁliis
1194 3378 1535 3446 ﬁliabusque
1564 3388 1787 3428 eorum.

92 3497 155 3537 eo
186 3476 460 3532 videlicet
486 3478 684 3528 tenore
706 3476 770 3525 ut
799 3471 949 3525 idem
990 3466 1441 3540 pranomiuatus
1496 3463 1793 3534 episcopus

97 3564 431 3622 Burkardus
451 3562 653 3632 suique
706 3573 1053 3613 successores
1090 3557 1159 3610 de
1192 3555 1281 3608 his
1338 3569 1509 3623 supra
1569 3550 1795 3620 scriptis

98 3657 267 3709 rebus
321 3653 393 3706 ad
458 3649 762 3704 utilitatem
836 3645 1099 3700 Ecclesia
1172 3643 1415 3696 liberam
1453 3643 1795 3710 potestatem

98 3745 351 3798 habeant
374 3737 621 3794 faciendi
654 3736 809 3807 quod
840 3735 1037 3788 velint.
1092 3734 1155 3785 Et
1198 3735 1263 3785 ut
1293 3730 1415 3784 hac
1444 3733 1655 3782 nostra
1680 3732 1797 3781 tra-

100 3831 338 3887 ditionis
374 3827 678 3882 auctoritas
708 3823 926 3879 stabilis
956 3828 1012 3877 et
1053 3819 1388 3875 incouvulsa
1438 3821 1796 3888 permaneat,

104 3923 246 3975 hanc
277 3915 552 3990 pracepti
582 3914 850 3985 paginam
876 3910 1007 3965 inde
1056 3908 1433 3977 conscriptam
1462 3922 1637 3958 manu
1664 3921 1799 3975 pro-

108 4010 228 4080 pria
289 4007 651 4069 roborantes,
693 4000 868 4071 sigilli
926 3997 1112 4053 nosrri
1156 3994 1533 4066 impressione
1587 3992 1803 4064 signari

102 4098 399 4168 jussimus.

174 4183 504 4256 Egilbertus
580 4176 972 4242 cancellarius,
1047 4173 1166 4228 vice
1230 4170 1494 4242 Willigisi
1542 4170 1801 4225 archica—

112 4271 324 4345 pellani
339 4267 667 4338 recognovi.

180 4364 388 4417 Datav
437 4358 585 4412 Non.
642 4353 926 4420 Octobris,
984 4368 1136 4407 anno
1184 4348 1493 4405 Dominica
1550 4349 1807 4402 incarna-

114 4449 288 4505 tionis
351 4448 509 4513 1002,
560 4443 756 4498 indict.
794 4458 863 4509 I;
910 4456 1062 4494 anno
1116 4455 1250 4493 vero
1298 4437 1516 4492 domini
1560 4434 1810 4491 Heinrici

112 4540 264 4610 regis
294 4536 507 4608 primo.

182 4631 395 4682 Actum
426 4621 784 4677 Bruochsale.

932 4708 993 4761 X.

122 4804 343 4859 Henrici
400 4801 463 4855 II
514 4800 659 4864 regis
700 4801 1023 4865 praeceptum
1086 4809 1186 4863 per
1223 4790 1368 4862 quod
1412 4792 1623 4865 regium
1678 4788 1818 4865 ba_n-

190 4891 323 4929 num
382 4860 624 4925 concedit
682 4860 1066 4921 Wormatiensi
1087 4860 1393 4925 Ecclesia.
1431 4864 1488 4915 in
1529 4861 1671 4914 silva
1718 4860 1819 4912 Fo-

188 4945 404 4999 rehahi.

769 5009 955 5078 (Anno
1005 5004 1184 5073 l002.)

555 5097 860 5171 [Schanuat
877 5096 974 5149 ubi
1001 5109 1196 5163 supra,
1226 5108 1282 5161 p.
1314 5091 1423 5157 34.]

202 5196 266 5248 lu
288 5189 525 5246 nomine
555 5191 763 5241 sancta
795 5190 852 5239 et
878 5182 1194 5237 individua
1222 5176 1515 5234 Trinitatis
1556 5178 1828 5232 HENRICUS

137 5281 327 5335 divina
354 5279 582 5334 favente
608 5272 910 5328 clementia
938 5286 1056 5324 rex.

203 5366 492 5439 Quidquid
513 5380 617 5435 pro
655 5363 849 5418 divino
882 5377 1079 5415 amore
1121 5356 1381 5413 Ecclesiis
1412 5353 1514 5408 Dei
1569 5348 1830 5405 concedi-

142 5474 263 5512 mus
294 5462 347 5510 et
370 5455 674 5520 donamus,
701 5452 756 5506 id
778 5450 975 5521 procul
1033 5446 1209 5503 dubio
1254 5445 1326 5499 ad
1384 5445 1726 5514 prasentem
1775 5442 1832 5491 et

146 5548 393 5601 futuram
442 5544 617 5598 vitam
676 5540 842 5595 nobis
899 5539 1268 5611 profuturum
1336 5534 1455 5587 fore
1504 5529 1829 5589 credimus;

1894 3056 2223 3125 prasumat,
2255 3049 2377 3103 sine
2406 3045 2634 3103 licentia
2672 3043 2938 3114 superius
2975 3042 3097 3112 jam
3146 3040 3280 3095 dicti
3336 3037 3590 3109 episcopi

1899 3140 2231 3205 Burchardi,
2285 3137 2399 3191 sive
2450 3148 2841 3189 successorum
2892 3130 3052 3201 ejus:
3104 3134 3161 3183 et
3188 3128 3355 3181 sihoc
3398 3140 3591 3195 agere,

1899 3230 2053 3302 quod
2086 3228 2257 3283 absit!
2291 3222 2741 3297 pra-sumpserit,
2775 3235 2946 3291 quem
2981 3217 3139 3288 regio
3197 3216 3334 3270 ﬁsco
3367 3214 3586 3267 solvere

1900 3318 2095 3373 debuit
2116 3316 2337 3386 regium
2401 3314 2679 3376 bannum,
2738 3314 2795 3362 et
2823 3322 3044 3377 pacem,
3085 3305 3271 3358 adhuc
3301 3303 3360 3356 in
3428 3316 3595 3354 carne

1901 3404 2111 3459 viventi
2161 3400 2414 3472 episcopi
2446 3398 2693 3468 suisque
2750 3393 3166 3448 successoribus
3207 3390 3419 3443 invitus
3466 3402 3594 3458 per-

1903 3495 2101 3559 solvat,
2144 3496 2196 3545 et
2227 3490 2447 3544 bauuus
2478 3491 2535 3539 et
2552 3502 2679 3556 pax,
2699 3484 2846 3536 sicut
2874 3481 3000 3534 aliis
3038 3478 3343 3533 forestibus
3382 3494 3415 3530 a
3446 3474 3595 3543 regi-

1904 3583 2010 3636 bus
2030 3580 2119 3635 vel
2151 3575 2597 3649 imperatoribus
2636 3573 2759 3641 jam
2802 3583 3132 3624 concessum
3180 3570 3281 3631 est,
3328 3565 3432 3618 sub
3465 3579 3595 3633 per—

1905 3675 2079 3740 petuo
2106 3668 2237 3739 jure
2288 3662 2547 3719 Ecclesia
2597 3657 3027 3713 Wormatiensis
3074 3661 3128 3709 et
3190 3654 3594 3723 episcOporum

1908 3759 1961 3813 ei
1990 3753 2421 3829 prasidentium
2442 3748 2890 3805 consistat.Etut
2916 3746 3266 3811 hacjnostra
3290 3739 3599 3795 concessio-

1910 3845 1999 3898 nis
2037 3842 2266 3898 donatio
2294 3855 2397 3911 per
2423 3839 2619 3893 futura
2639 3842 2963 3906 temporum
2986 3831 3267 3886 curricula
3280 3829 3444 3882 ﬁrma
3473 3841 3600 3896 per-

1911 3937 2162 4001 maneat,
2194 3931 2366 4001 hujus
2412 3924 2816 3999 praceptiouis
2864 3928 3122 3977 tenorem
3170 3919 3303 3972 inde
3360 3912 3602 3969 conscri-

1911 4029 2077 4094 ptum
2108 4021 2297 4092 sigillo
2330 4023 2525 4073 nostro
2556 4016 2782 4086 signare
2806 4010 3102 4083 jussimus,
3138 4021 3429 4076 manuque
3474 4018 3608 4073 pro-

1914 4113 2059 4185 pria,
2085 4116 2149 4164 ut
2169 4110 2316 4163 infra
2348 4107 2594 4170 videtur,
2627 4099 3142 4157 corroboravimus.

1988 4203 2216 4271 Signum
2244 4198 2428 4251 damni
2443 4195 2681 4248 Henrici
2718 4192 2860 4257 regis
2882 4187 3250 4242 invictissimi.

1990 4266 2309 4358 Egilbertus
2357 4281 2727 4336 cancellarius
2812 4276 2931 4329 vice
3004 4269 3268 4341 Willigisi
3329 4266 3608 4336 archiepi-

1917 4376 2072 4445 scopi
2091 4371 2438 4442 recognovit.

1992 4442 2134 4518 Data
2188 4476 2339 4515 anno
2394 4458 2614 4511 incarn.
2694 4450 3001 4508 Dominica
3054 4449 3209 4514 1002,
3272 4442 3478 4499 indict.
3516 4459 3611 4507 xv,

1925 4570 1976 4609 ιν
2022 4553 2151 4607 Idus
2210 4548 2386 4615 Junii,
2469 4562 2619 4599 anno
2680 4559 2808 4597 vero
2857 4538 3079 4595 domini
3138 4534 3389 4593 Heinrici
3463 4533 3617 4603 regis

1923 4642 2129 4715 primo.

1996 4733 2197 4785 Actum
2228 4721 2556 4779 Wormatia
2597 4719 2864 4775 feliciter.

2726 4826 2810 4878 XI.

1933 4945 1988 4998 S.
2050 4939 2270 4996 Henrici
2309 4935 2665 5006 privilegium
2713 4931 2920 4983 domnae
2982 4924 3320 4981 Godesdihui
3368 4924 3622 4986 Herifur-

2180 5027 2361 5081 densis
2386 5021 2701 5077 monasterii
2730 5018 3020 5071 abbatissa
3051 5028 3372 5068 concessum.

2593 5126 2779 5195 (Auno
2817 5120 2999 5190 1002.)

2204 5236 2472 5305 [Drouke,
2506 5232 2633 5289 Cod.
2668 5229 2891 5298 diplom.
2933 5226 3123 5290 Fuld.,
3154 5240 3211 5294 p.
3247 5222 3362 5292 57.[

2010 5348 2070 5402 C.
2118 5346 2179 5398 In
2256 5340 2490 5397 nomine
2532 5338 2740 5391 sancta
2820 5337 2877 5386 et
2932 5328 3244 5384 individua
3319 5324 3630 5385 Trinitatis,

1944 5439 2251 5491 ﬂammeus
2280 5429 2473 5486 divina
2501 5427 2724 5481 favente
2761 5418 3062 5476 clementia
3089 5433 3206 5470 rex.

2015 5524 2073 5577 Si
2108 5521 2379 5576 Ecclesias
2413 5516 2511 5571 Dei
2541 5512 2735 5568 uestra
2765 5508 2944 5580 regali
3010 5504 3273 5577 potentia
3328 5502 3638 5556 sublimare
