3938 6332
271 338 373 390 ³247

1572 335 1626 389 S.
1672 330 1958 388 HENRICI
1996 327 2467 386 IMPERATORIS

3676 328 3783 382 248

273 475 569 524 conamur,
618 458 726 512 hoc
755 457 953 527 procul
1001 456 1176 510 dubio
1209 463 1265 510 et
1321 456 1391 509 ad
1442 454 1739 526 praesentis
1783 451 1965 508 nostri
2003 453 2049 507 Α
2075 467 2178 521 per
2206 466 2350 522 quos
2372 448 2732 504 decernimus
2755 452 2927 519 atque
2952 448 3224 518 jubemus
3285 453 3348 503 ut
3378 449 3575 503 nullus
3600 449 3783 520 jndex

273 547 438 619 regni
467 551 678 600 statum
701 552 757 599 et
786 549 1013 600 aeternae
1036 543 1412 599 beatitudinis
1464 542 1769 614 praemium
1803 541 1968 596 nobis

275 635 638 706 profuturum
667 651 791 688 esse
811 633 1116 688 credimus.
1141 633 1503 702 Quapropter
1526 631 1794 686 omnibus
1827 631 1968 684 tide-

276 723 425 778 libus
451 722 682 790 nostris,
714 721 1093 792 praesentibus
1123 720 1337 774 scilicet
1385 724 1553 790 atque
1602 719 1831 786 futuris,
1874 734 1971 771 no-

277 819 400 868 tum
434 827 556 866 esse
592 811 859 864 volumus
915 808 1201 880 quomodo
1257 824 1380 874 nos,
1424 823 1528 878 per
1580 807 1970 861 interventum

278 901 498 956 dilectae
533 898 792 969 conjugis
819 902 1026 950 nostra:
1057 899 1114 949 et
1141 896 1356 966 reginae
1412 895 1788 965 Cunigundae,
1855 911 1970 949 una

278 1005 409 1042 cum
447 986 687 1042 consilio
720 985 984 1056 Willigisi
1022 984 1503 1055 Mogontiacensis
1552 983 1834 1038 [Ecclesiae
1890 999 1975 1037 ar-

277 1075 624 1145 chiepiscopi
653 1074 992 1139 honorandi,
1017 1089 1080 1126 ac
1117 1072 1464 1126 Berenhardi
1490 1072 1672 1136 ducis,
1692 1071 1976 1125 aliorum-

281 1179 394 1234 que
420 1163 675 1218 ﬁdelium
723 1167 1072 1228 nostrorum,
1125 1167 1256 1214 vota
1323 1167 1380 1214 et
1416 1160 1719 1230 petitiones
1746 1161 1975 1214 domnae

281 1250 624 1306 Godesdhivi
657 1249 1078 1305 llerifurdensis
1141 1248 1473 1302 monasterii
1514 1247 1853 1301 venerabilis
1878 1247 1973 1301 ab-

279 1339 504 1393 batissa:
532 1341 864 1406 cunctaeque
891 1334 1353 1405 congregationis
1401 1340 1609 1388 sancta:
1651 1333 1839 1388 Marias
1871 1331 1977 1387 sibi

282 1424 604 1480 commissae
635 1427 956 1494 sequentes,
1017 1427 1214 1475 nostra
1257 1421 1418 1492 regia
1475 1421 1813 1476 auctoritate
1863 1426 1978 1474 tres

285 1513 556 1568 Ecclesias
580 1512 641 1566 in
662 1511 826 1581 pagis
859 1510 1162 1563 Bursibant
1192 1515 1249 1563 et
1277 1509 1607 1581 Scopingun
1645 1508 1980 1573 nominatis,

285 1602 345 1656 in
407 1600 552 1654 villis
605 1615 837 1671 quoque
887 1597 1104 1664 Hreini,
1152 1597 1509 1668 Wadiringas
1549 1603 1605 1651 et
1654 1596 1979 1652 Stochheim

287 1695 662 1756 constructas,
683 1702 814 1741 cum
870 1685 1137 1740 omnibus
1173 1685 1341 1740 rebus
1396 1692 1452 1739 et
1504 1684 1980 1739 decimationibus

288 1778 403 1832 suis
442 1795 473 1831 a
521 1777 847 1830 Hludowico
889 1776 1239 1845 imperatore
1299 1774 1371 1828 ob
1409 1774 1729 1828 remedium
1775 1773 1981 1827 anima:

290 1883 407 1921 suae
438 1866 508 1919 ad
531 1863 834 1935 praefatum
869 1863 1252 1917 Herifortense
1290 1863 1702 1917 monasterium
1736 1861 1980 1924 traditis,

291 1957 475 2010 eidem
541 1953 886 2007 monasterio
961 1968 1119 2006 more
1173 1957 1597 2006 antecessorum
1656 1958 1984 2006 nostrorum

291 2044 716 2108 conﬁrmamus,
766 2058 832 2095 eo
893 2047 1093 2095 tenore
1151 2047 1213 2095 ut
1257 2041 1378 2111 jam
1432 2041 1584 2095 dicta
1614 2043 1827 2096 domna
1882 2042 1982 2094 Go-

292 2131 510 2186 desdhu
539 2129 819 2184 abbatissa
875 2145 1189 2199 omnesque
1245 2131 1303 2182 in
1345 2128 1549 2183 eodem
1606 2129 1823 2182 honore
1879 2127 1987 2181 sibi

294 2220 658 2274 succedentes
677 2234 807 2271 cum
851 2217 1142 2288 praedictis
1188 2216 1578 2271 ecclesiasticis
1642 2218 1813 2271 rebus
1840 2216 1988 2270 aliis-

295 2325 409 2380 que
447 2306 773 2360 omnibusa
803 2306 1034 2376 regibus
1083 2311 1138 2359 et
1188 2305 1632 2375 imperatoribus
1685 2321 1791 2376 per
1843 2321 1988 2376 prue-

295 2395 446 2466 cepti
466 2393 734 2465 paginam
757 2393 894 2446 illuc
933 2392 1152 2447 traditis
1208 2393 1450 2446 liberam
1499 2392 1706 2447 dehinc
1740 2397 1989 2464 potesta-

295 2490 414 2538 tem
443 2482 689 2536 habeant
709 2497 839 2535 cum
880 2482 999 2534 suis
1048 2481 1327 2534 ministris
1357 2481 1741 2536 ecclesiastico
1791 2482 1990 2535 ordine

296 2572 789 2642 disponereatque
819 2569 1164 2640 gubernare,
1216 2573 1434 2622 remota
1483 2570 1746 2623 omnium
1804 2570 1987 2623 homi-

297 2675 440 2715 num
473 2658 942 2713 contradictione.
994 2658 1234 2729 Insuper
1280 2657 1386 2712 sub
1415 2658 1617 2712 eadem
1650 2659 1992 2713 corrobora-

298 2749 453 2802 tione
509 2745 906 2801 concludimus
963 2745 1248 2818 quidquid
1296 2763 1331 2800 a
1385 2747 1671 2817 religiosis
1719 2753 1775 2801 et
1811 2749 1988 2802 Deum

299 2835 636 2890 timentibus
665 2834 927 2905 personis
969 2835 1041 2888 ad
1075 2850 1225 2906 saepe
1273 2835 1392 2905 jam
1431 2835 1652 2890 dictum
1703 2841 1990 2890 monaste-

299 2923 453 2977 rium
486 2922 870 2978 Herit‘urtense
900 2921 957 2974 in
1015 2923 1286 2993 praesenti
1341 2922 1620 2977 traditum
1672 2928 1756 2978 est
1797 2925 1883 2978 vel
1931 2924 1991 2978 in

2080 538 2343 609 publicus
2370 538 2455 591 vel
2479 537 2718 608 quilibet
2739 551 2801 590 ex
2827 535 3136 607 judiciaria
3182 539 3484 607 potestate,
3543 537 3658 592 nisi
3687 555 3782 592 so-

2080 628 2168 681 lus
2198 627 2354 681 illius
2385 625 2492 680 loci
2526 625 2786 696 provisor
2806 631 2864 680 et
2917 626 3225 680 advocatus
3274 626 3539 696 praedicti
3571 644 3782 681 mona-

2082 715 2262 784 sterii,
2303 715 2364 768 in
2395 714 2665 768 Ecclesias
2728 719 2828 768 aut
2874 715 2996 768 loca
3036 715 3122 768 vel
3182 730 3350 785 agros
3387 731 3488 769 seu
3526 715 3787 786 reliquas

2081 801 2458 874 possessiones
2482 801 2682 871 preiuli
2720 800 3070 867 uiouasterii,
3127 818 3270 872 quas
3321 803 3598 857 moderno
3633 809 3786 857 tem-

2081 907 2218 962 pore
2241 892 2393 961 juste
2422 893 2476 942 et
2497 888 2913 944 rationabiliter
2941 889 3231 960 possidere
3261 891 3506 958 videtur,
3563 892 3622 946 in
3658 893 3789 963 qni-

2081 981 2329 1034 buslibet
2357 979 2679 1050 episcopiis,
2716 979 2875 1050 pagis
2906 980 2988 1032 vel
3013 979 3336 1046 territoriis,
3370 982 3454 1034 vel
3498 981 3789 1052 quidquid

2085 1069 2296 1123 ibidem
2326 1073 2562 1139 prepter
2589 1067 2848 1121 divinum
2872 1083 3130 1122 amorem
3175 1073 3231 1122 et
3272 1068 3424 1124 illius
3459 1069 3641 1123 sancti
3675 1070 3792 1124 loci

2084 1156 2514 1211 venerationem
2567 1156 2837 1210 collatum
2881 1156 3070 1224 fuerit,
3113 1157 3183 1211 ad
3214 1173 3412 1210 causas
3463 1159 3793 1212 audiendas

2086 1247 2172 1298 vel
2204 1244 2365 1298 freda
2385 1244 2663 1313 exigenda
2683 1251 2784 1298 aut
2815 1244 3138 1298 mansiones
3171 1245 3256 1297 vel
3299 1250 3524 1313 paratas
3571 1246 3794 1301 facien-

2086 1332 2183 1387 das
2209 1337 2309 1386 aut
2348 1331 2711 1402 ﬁdejussores
2747 1331 3050 1400 tollendos,
3095 1337 3192 1385 aut
3236 1333 3383 1386 ullas
3447 1333 3796 1388 reddibitio-

2087 1438 2186 1476 nes
2217 1421 2304 1475 vel
2334 1421 2559 1474 illicitas
2580 1419 2905 1474 occasiones
2935 1420 3326 1491 requirendas,
3369 1427 3466 1476 aut
3522 1423 3796 1477 homines

2087 1507 2267 1579 ipsius
2297 1509 2630 1563 monasterii
2668 1515 2784 1563 tam
2811 1509 3095 1578 ingenuos
3147 1525 3324 1579 quam
3380 1515 3434 1563 et
3477 1527 3674 1564 servos
3704 1512 3796 1564 vel

2090 1599 2236 1652 latos
2286 1597 2496 1667 injuste
2551 1597 2996 1668 distringendos,
3041 1598 3155 1651 ullo
3210 1614 3464 1670 unquam
3527 1605 3798 1669 tempore

2090 1685 2315 1756 ingredi
2357 1686 2579 1752 audeat,
2630 1687 2718 1740 vel
2758 1702 2826 1740 ea
2876 1702 3006 1756 quae
3045 1702 3219 1756 supra
3286 1692 3604 1741 memorata
3655 1693 3799 1742 sunt

2091 1774 2323 1845 penitus
2352 1774 2578 1846 exigere
2619 1780 2719 1828 aut
2763 1776 3067 1829 exactitare
3113 1780 3438 1845 presumat;
3487 1776 3584 1831 sed
3621 1776 3800 1830 liceat

2092 1861 2305 1916 ibidem
2357 1863 2469 1916 Deo
2512 1862 2941 1930 famulantibus,
2993 1864 3098 1917 sub
3140 1869 3353 1918 nostra:
3403 1864 3798 1918 immunitatis

2094 1949 2336 2004 tuitione
2368 1950 2566 2021 quieto
2603 1950 2806 2006 ordine
2852 1951 3041 2006 vivere
3071 1968 3136 2006 ac
3187 1953 3454 2016 residere,
3514 1955 3796 2024 quatinus

2095 2039 2300 2093 melius
2325 2039 2453 2093 illos
2485 2040 2727 2094 delectet
2753 2040 2910 2094 omni
2936 2045 3194 2110 tempore
3216 2057 3320 2111 pro
3362 2041 3526 2095 nobis
3559 2047 3616 2096 et
3654 2059 3798 2096 con-

2088 2130 2226 2199 juge
2257 2134 2450 2183 nostra
2471 2133 2639 2200 atque
2669 2129 2974 2184 stabilitate
3002 2129 3173 2183 totius
3221 2130 3384 2200 regni
3405 2146 3438 2183 a
3479 2131 3593 2184 Deo
3625 2131 3802 2186 nobis

2095 2217 2306 2279 collati.
2337 2217 2567 2272 Domini
2596 2217 3047 2272 misericordiam
3077 2218 3348 2272 attentius
3405 2234 3658 2274 exorare.
3696 2221 3802 2274 In—

2097 2322 2267 2376 super
2287 2305 2458 2360 eliam
2483 2307 2732 2361 decimas
2775 2308 2860 2360 vel
2911 2306 3216 2361 decimales
3247 2307 3514 2361 ecclesias
3569 2311 3628 2362 in
3662 2309 3800 2378 qui-

2098 2394 2317 2464 busque
2346 2394 2650 2466 episcopiis
2677 2395 2758 2448 ita
2795 2399 3027 2449 teneant
3076 2400 3251 2466 atque
3279 2395 3604 2466 disponant,
3651 2397 3806 2451 sicut

2099 2481 2203 2535 sub
2229 2482 2685 2536 antecessoribus
2715 2483 2926 2536 nostris
2957 2483 3188 2553 regibus
3227 2482 3489 2537 videlicet
3530 2489 3586 2538 et
3615 2483 3804 2554 impe-

2097 2569 2383 2624 ratoribus
2411 2575 2604 2624 tenere
2659 2587 2763 2640 per
2792 2577 3062 2641 precepta
3092 2571 3199 2624 visi
3237 2577 3371 2626 sunt
3408 2577 3577 2642 atque
3610 2573 3808 2644 dispo-

2099 2673 2256 2713 nere.
2290 2659 2583 2730 Episcopis
2610 2675 2745 2713 vero
2805 2659 3010 2730 quibus
3044 2658 3341 2713 servitium
3373 2664 3430 2713 et
3466 2662 3804 2716 mansione-

2103 2747 2211 2801 tica
2241 2746 2452 2801 debent
2469 2753 2728 2818 tempore
2759 2746 3029 2800 circuitus
3076 2747 3184 2808 sui,
3236 2748 3548 2802 secundum
3591 2751 3808 2822 scripta

2101 2849 2222 2899 sua,
2255 2833 2496 2904 singulis
2533 2834 2697 2888 annis
2724 2835 3072 2904 persolvant.
3123 2835 3190 2888 Et
3217 2839 3281 2888 ut
3319 2834 3441 2888 haec
3488 2837 3807 2892 auctoritas

2102 2921 2482 2976 concessionis
2501 2928 2671 2993 atque
2693 2921 3150 2976 conﬁrmationis
3189 2929 3402 2978 nostra:
3437 2923 3663 2979 ﬁrmior
3695 2926 3806 2980 ha-

301 3014 494 3066 futuro
526 3010 866 3064 tradendum
914 3009 1046 3063 erit.
1089 3011 1152 3064 Et
1181 3015 1243 3065 ut
1270 3011 1393 3065 haec
1425 3018 1636 3066 nostrae
1697 3013 1872 3082 regiie
1900 3013 1995 3067 do-
2034 3015 2075 3070 C
2108 3010 2328 3076 beatur,
2375 3016 2434 3064 et
2479 3025 2583 3079 per
2629 3010 2820 3065 futura
2886 3015 3149 3080 tempora
3189 3026 3222 3064 a
3270 3013 3490 3064 cunctis
3535 3011 3808 3068 ﬁdelibus

305 3099 553 3155 nationis
573 3098 954 3153 corroboratio
976 3098 1045 3152 ab
1075 3101 1179 3154 hac
1229 3100 1372 3154 hora
1395 3099 1456 3153 in
1508 3105 1674 3154 antea
1729 3101 1896 3154 ﬁrma
1947 3106 2003 3154 et

303 3188 634 3242 inconvulsa
710 3193 1062 3255 permaneat,
1149 3189 1295 3242 hanc
1383 3193 1595 3242 nostrae
1676 3189 2001 3242 donationis

305 3275 795 3332 conﬁrmationem
825 3276 955 3330 inde
1003 3275 1383 3346 conscriptam
1427 3276 1602 3346 sigilli
1647 3277 1830 3330 nostri
1887 3277 1998 3332 im-

306 3366 599 3436 pressione
651 3366 874 3435 signare
943 3364 1218 3434 jussimus
1271 3381 1560 3436 manuque
1633 3366 1886 3444 propria,
1940 3372 2004 3421 ut

307 3456 456 3509 infra
484 3454 726 3521 videtur,
756 3454 1266 3508 corroboravimus.

378 3546 605 3612 Signum
633 3543 818 3596 domui
841 3543 1084 3596 Heinrici
1110 3542 1188 3612 (L.
1222 3543 1315 3607 Μ.)
1346 3547 1490 3610 regis
1519 3542 1891 3598 invictissimi.

382 3632 697 3703 Egilbertus
733 3629 1106 3685 cancellarius
1163 3630 1285 3685 vice
1345 3630 1609 3700 Willigisi
1657 3631 2002 3702 archicapel-

311 3721 427 3776 lani
459 3736 648 3790 recog.

382 3811 522 3864 Data
579 3825 615 3861 ιι
673 3807 753 3860 Id.
804 3809 975 3876 Aug.,
1018 3821 1167 3859 anno
1220 3805 1529 3861 Dominicaa
1593 3806 2005 3863 incarnationis

319 3899 471 3959 1002,
505 3895 702 3949 indict.
732 3911 820 3960 xv,
855 3909 1007 3947 anno
1056 3909 1188 3946 vero
1245 3893 1442 3948 domui
1499 3894 1750 3950 Heinrici
1785 3898 1936 3968 regis
1964 3915 2000 3950 ι.

383 3987 587 4038 Actum
616 3981 862 4037 Aruitdi.

527 4162 580 4216 S.
611 4161 829 4215 chrici
847 4160 1198 4230 privilegium
1238 4175 1342 4230 pro
1373 4161 1522 4216 Nova
1545 4160 1789 4217 Corbeiu.

967 4248 1152 4318 (Anno
1189 4248 1365 4318 1002.)

729 4335 1004 4410 [Drouke,
1039 4337 1134 4390 ubi
1155 4351 1345 4406 supra,
1377 4355 1434 4408 p.
1469 4335 1582 4409 58.]

386 4428 443 4481 Ο.
512 4429 574 4480 In
631 4425 862 4479 nomine
938 4430 1147 4480 sanctae
1203 4431 1258 4479 et
1300 4424 1608 4480 individuee
1689 4425 2000 4492 Trinitatis,

319 4518 623 4571 HEINRICUS
652 4513 844 4566 divina
872 4514 1096 4568 favente
1127 4513 1430 4568 clementia
1463 4530 1580 4567 rex.

391 4604 600 4657 Notum
632 4601 704 4654 sit
732 4601 1000 4656 omnibus
1055 4602 1325 4657 ﬁdelibus
1360 4603 1592 4670 nostris,
1633 4603 2009 4673 praesentibus

317 4691 529 4747 scilicet
557 4695 615 4744 et
645 4690 870 4754 futuris,
902 4689 1147 4761 qualiter
1173 4690 1511 4744 venerabilis
1558 4691 1730 4744 abbas
1779 4691 2010 4747 nomine

319 4784 490 4837 Hosat
512 4782 766 4832 nostram
817 4777 958 4831 adiit
1012 4779 1424 4845 excellentiam,
1475 4779 1812 4848 suppliciter
1842 4796 2011 4834 orans

320 4875 382 4925 ut
407 4873 598 4922 nostra
628 4866 935 4936 magniﬁca
985 4867 1373 4920 muniﬁcentia
1417 4868 1874 4938 prospiceremus
1893 4884 2014 4922 mo-

317 4955 568 5010 nasterio
625 4953 717 5007 cui
766 4953 1052 5023 presidere
1094 4954 1404 5022 videretur,
1460 4953 1614 5023 quod
1645 4959 1730 5008 est
1757 4960 2009 5009 constru-

316 5050 472 5099 ctum
500 5058 673 5114 super
698 5041 938 5096 ﬂuvium
958 5041 1192 5096 Vuisera
1223 5043 1282 5095 in
1312 5042 1438 5096 loco
1467 5041 1565 5111 qui
1615 5042 1824 5097 dicitur
1861 5045 2014 5098 Nova

319 5131 554 5188 Corbeia
612 5131 674 5185 in
744 5131 1022 5185 honorem
1083 5131 1182 5184 Dei
1229 5136 1288 5184 et
1351 5131 1531 5184 sancti
1580 5131 2012 5203 protomartyris

318 5220 616 5292 Stephani,
673 5220 774 5275 ubi
813 5224 869 5274 et
925 5220 1104 5273 sancti
1159 5219 1265 5274 Viti
1312 5219 1580 5291 martyris
1632 5221 1878 5291 pretiosa
1929 5222 2016 5292 pi-

317 5325 499 5380 gnora
528 5308 740 5363 servari
776 5313 1108 5362 noscuntur.
1159 5307 1332 5378 Cujus
1369 5307 1631 5378 petitioni
1687 5307 2016 5366 rationabili

318 5401 552 5468 propter
587 5396 844 5452 divinum
876 5412 1134 5452 amorem
1165 5402 1221 5450 et
1257 5395 1684 5451 venerationem
1709 5397 2011 5453 beatorum

320 5490 635 5557 martyrum
693 5501 988 5540 assensum
1034 5485 1362 5556 prebentes,
1409 5485 1512 5539 hos
1565 5485 1753 5556 apices
1798 5487 2011 5541 sereni-

321 5573 453 5627 tatis
475 5579 685 5628 nostrai
711 5573 860 5628 circa
898 5573 1088 5644 ipsum
1118 5573 1529 5628 monasterium
1559 5573 1685 5629 ﬁeri
1707 5575 2007 5645 jussimus,

2112 3106 2319 3151 sanctae
2342 3098 2441 3152 Dei
2479 3097 2740 3152 Ecclesiae
2770 3099 3092 3169 nostrisque
3134 3099 3508 3169 praesentibus
3557 3105 3614 3154 et
3633 3085 3808 3154 futu-

2113 3185 2191 3239 ris
2238 3187 2442 3240 melius
2493 3187 2759 3241 credatur
2809 3192 2980 3258 atque
3026 3186 3357 3257 diligentius
3413 3194 3806 3255 conservetur,

2113 3290 2288 3330 manu
2313 3275 2548 3346 propria
2567 3275 2895 3329 subteream
2926 3275 3278 3329 ﬁrmavimus
3309 3281 3363 3328 et
3405 3275 3579 3347 sigilli
3627 3278 3811 3332 nostri

2112 3363 2487 3434 impressione
2514 3363 2795 3434 assignari
2819 3363 3115 3434 jussimus.

2184 3453 2411 3521 Signum
2449 3453 2635 3507 damni
2663 3454 2906 3506 Heinrici
2959 3453 3042 3518 (L.
3103 3452 3196 3516 Μ.)
3250 3455 3391 3520 regis
3435 3455 3810 3509 invictissimi.

2184 3541 2503 3611 Egilbertus
2569 3540 2946 3596 cancellarius
2990 3540 3108 3594 vice
3147 3539 3408 3611 Willigisi
3459 3542 3815 3614 archicapel-

2113 3629 2228 3683 lani
2259 3644 2490 3699 recogn.

2187 3719 2323 3772 Data
2351 3718 2590 3773 vaal.
2623 3718 2978 3786 Sept.,anno
3024 3717 3333 3772 Dominicae
3393 3718 3814 3775 incarnationis

2120 3809 2270 3873 l002,
2324 3806 2640 3861 indictione
2718 3823 2808 3873 xv,
2882 3822 3034 3861 anno
3085 3815 3233 3860 vero
3293 3806 3490 3861 domni
3555 3808 3817 3863 Ileinrici

2115 3887 2267 3964 regis
2299 3912 2334 3949 ι.
2363 3898 2564 3950 Actum
2599 3894 2970 3964 Noviomago.

2879 3986 3026 4041 XIII.

2188 4075 2250 4129 S.
2299 4075 2520 4128 Henrici
2571 4075 2921 4144 privilegium
2965 4091 3066 4143 pro
3094 4076 3312 4130 ecclesia
3361 4074 3813 4130 Paderbonnensi.

2753 4162 2938 4232 (Anno
2986 4163 3164 4231 1002.)

2723 4249 2999 4322 [Dronke,
3035 4251 3153 4304 ibid
3159 4249 3202 4322 .]

2190 4339 2250 4392 C.
2308 4339 2372 4392 In
2444 4337 2678 4392 nomine
2763 4343 2972 4393 sanctae
3003 4343 3058 4392 et
3112 4338 3419 4393 individuae
3493 4339 3810 4404 Trinitatis,

2121 4428 2434 4481 ﬂammeus
2463 4425 2653 4480 divina
2673 4427 2917 4492 favente,
2941 4425 3244 4481 clementia
3262 4443 3381 4481 rex.

2191 4515 2400 4568 Notum
2426 4515 2498 4569 sit
2518 4515 2785 4570 omnibus
2827 4515 3094 4569 ﬁdelibus
3147 4516 3374 4582 nostris,
3431 4517 3815 4586 praesentibus

2119 4603 2330 4657 scilicet
2357 4608 2414 4657 et
2441 4604 2668 4671 futuris,
2729 4605 2976 4674 qualiter
3033 4620 3159 4669 nos,
3199 4603 3467 4658 incendio
3491 4605 3815 4660 Paderbur-

2121 4691 2310 4744 nensis
2331 4691 2584 4748 ecclesiae
2643 4690 2953 4746 miserabili
2990 4691 3372 4758 condolentes,
3425 4691 3818 4764 peticionique

2117 4780 2299 4834 nostri
2323 4780 2506 4835 ﬁdelis
2537 4780 2792 4836 Retharii
2810 4780 3147 4834 venerabilis
3173 4779 3446 4850 episcopi,
3495 4779 3596 4851 qui
3627 4780 3816 4834 eidem

2121 4869 2244 4923 sedi
2267 4869 2440 4924 modo
2458 4885 2701 4940 praeesse
2722 4869 2966 4935 videtur,
2997 4873 3059 4922 ut
3079 4867 3354 4938 oportuit,
3384 4873 3722 4936 annuentes,
3749 4869 3811 4922 in

2120 4959 2589 5027 supplementum
2614 4958 2732 5027 jam
2765 4957 2930 5012 dictae
2953 4957 3204 5011 ecclesias
3227 4957 3286 5010 in
3304 4958 3395 5027 jus
3416 4956 3807 5021 concedimus,

2121 5053 2177 5100 et
2199 5061 2303 5117 per
2331 5047 2438 5101 hoc
2465 5046 2656 5116 regale
2685 5049 3018 5117 preceptum
3067 5044 3502 5099 corroboramus
3531 5045 3810 5101 forestum

2121 5135 2273 5206 quod
2303 5134 2506 5205 incipit
2535 5135 2605 5189 de
2627 5134 2873 5189 Luthera
2903 5133 3142 5188 flumine
3180 5139 3235 5188 et
3281 5133 3464 5188 tendit
3507 5150 3609 5204 per
3641 5134 3818 5206 Osnig

2122 5228 2177 5277 et
2206 5223 2386 5279 Sinidi
2409 5239 2586 5294 usque
2614 5224 2672 5276 in
2703 5223 2852 5277 viam
2885 5238 3016 5294 quae
3044 5223 3202 5276 ducit
3221 5223 3294 5277 ad
3347 5223 3706 5289 Horohusen,
3764 5230 3819 5278 et

2120 5312 2190 5366 de
2233 5311 2563 5366 hominibus
2625 5310 2865 5381 predicti
2922 5309 3176 5382 episcopi
3233 5315 3350 5365 tam
3407 5310 3601 5364 liberis
3644 5328 3814 5381 quam

2121 5406 2178 5455 et
2239 5400 2413 5455 servis
2462 5400 2623 5454 nulla
2675 5399 2980 5470 judiciaria
3029 5405 3312 5470 potestate
3334 5399 3813 5470 constringendis,

2122 5486 2234 5540 nisi
2273 5501 2466 5540 coram
2525 5485 2797 5540 advocato
2854 5500 3026 5556 quem
3064 5484 3184 5556 ipse
3231 5484 3531 5556 episcopus
3555 5485 3810 5556 elegerit,

2122 5579 2312 5630 nostra
2362 5573 2740 5646 omniumque
2775 5579 3102 5628 nostrorum
3151 5589 3541 5629 successorum
3579 5579 3637 5628 et
3689 5591 3811 5629 om-
