3938 6318
154 346 250 396 249

1412 345 1800 403 DIPLOMATA
1840 346 2380 404 ECCLESIASTICA.

3546 356 3649 409 250

154 463 309 517 11111111
366 463 694 518 mortalium
751 464 1198 519 contradictione
1250 472 1487 521 remota.
1528 469 1589 523 Et
1630 474 1693 522 ut
1722 469 1844 523 hac
1870 471 1918 525 A
1954 470 2041 524 nis
2076 472 2227 532 l003,
2254 472 2314 525 in
2371 470 2682 527 indictione
2739 491 2775 535 1,
2808 490 2957 529 anno
3010 490 3142 529 vero
3180 475 3376 530 domni
3406 475 3655 531 Heinrici

153 552 510 607 conﬁrmatio
550 552 809 607 stabilior
859 554 1076 608 cunctis
1104 562 1439 625 permaneat
1468 557 1843 627 temporibus,

152 641 295 695 hanc
354 642 625 711 paginam
701 659 871 696 manu
940 644 1173 714 propria
1237 645 1730 700 corroboravimus
1793 652 1849 702 et

149 730 321 799 sigilli
357 731 532 782 nostri
557 730 931 801 impressione
961 733 1225 803 insigniri
1254 735 1632 804 precepimus.

215 822 451 887 Signum
506 820 691 873 damni
745 822 988 874 Ueinrici
1031 822 1112 891 (L.
1150 823 1240 884 Μ.)
1288 826 1432 891 regis
1479 827 1842 880 invictissimi.

218 908 538 978 Egilbertus
579 910 965 973 cancellarius
1013 910 1131 963 vice
1177 910 1437 983 Willigisi
1493 914 1847 985 archicapel-

148 996 263 1050 lani
297 996 623 1066 recognovi.

222 1086 367 1138 Data
396 1101 503 1139 xvn
558 1087 676 1139 Kal.
716 1087 969 1153 0ctobr.,
1002 1102 1151 1140 anno
1212 1087 1621 1142 incarnationis
1655 1091 1846 1144 Domi-

149 1173 292 1227 nica
325 1176 477 1238 1002,
502 1174 813 1229 indictione
847 1194 884 1240 1,
918 1193 1066 1231 anno
1098 1192 1231 1230 vero
1262 1177 1460 1231 domui
1496 1180 1560 1234 ll.
1596 1196 1846 1250 regnan-

152 1262 219 1313 tis
256 1276 299 1316 1.
334 1267 536 1315 Actum
573 1264 974 1318 Bochbardon.

933 1353 1066 1408 XIV.

366 1441 423 1495 S.
458 1442 678 1495 Ilenrici
704 1443 1051 1510 privilegium
1072 1457 1169 1510 pro
1190 1443 1373 1497 eadem
1394 1443 1632 1497 ecclesia.

801 1529 983 1599 (Anno
1022 1532 1196 1598 l003.)

220 1615 417 1688 [Apud
460 1616 701 1684 Dronke,
730 1619 908 1674 Codex
931 1618 1313 1687 diptomaticus
1354 1619 1535 1684 Fuld.,
1568 1637 1624 1689 p.
1658 1618 1772 1691 59.]

1960 561 2108 630 regis
2140 578 2174 614 1.
2209 562 2409 615 Actum
2439 562 2910 632 Quidlingaburc.

2752 651 2861 705 XV.

1956 736 2010 790 S.
2069 738 2328 790 Henricus
2402 738 2678 805 Sigifredo
2734 742 2978 807 episcOpo
3043 742 3323 795 Parmensi
3368 740 3646 794 abbatiam

2437 826 2889 885 Nonantulauam
2920 829 3178 896 largitur.

2598 918 2779 981 (Anno
2828 918 3012 985 1003.)

2316 999 2585 1071 [Ughelli,
2618 1003 2780 1056 Italia
2812 1018 2990 1067 sacra,
3035 1004 3104 1067 Il,
3150 1002 3296 1075 16L]

2030 1089 2090 1141 ln
2118 1088 2350 1141 nomine
2407 1093 2615 1143 sancta
2640 1096 2695 1143 et
2724 1091 3032 1145 individua
3071 1091 3387 1157 Trinitatis,
3433 1092 3651 1146 111151111-

1958 1192 2051 1230 cos
2077 1176 2265 1230 divina
2298 1178 2523 1231 favente
2554 1179 2854 1232 clementia
2884 1196 3000 1233 rex.

2028 1264 2304 1319 Omnibus
2332 1266 2597 1319 ﬁdelibus
2627 1274 2826 1319 notum
2878 1267 3000 1320 ﬁeri
3034 1267 3293 1320 volumus
3315 1268 3470 1337 quod
3506 1268 3652 1338 Sigi-

1956 1352 2151 1406 fredus
2188 1352 2527 1406 venerabilis
2568 1353 2628 1407 S.
2668 1354 2989 1407 Parmensis
3036 1354 3300 1407 Ecclesia
3353 1353 3655 1425 episcopus

1959 1440 2143 1492 ﬁdelis
2176 1445 2381 1504 noster,
2411 1446 2466 1493 et
2495 1457 2598 1511 per
2627 1440 3011 1495 interventum
3045 1442 3224 1495 nostri
3257 1442 3442 1496 ﬁdelis
3472 1443 3652 1497 Theo-

1959 1528 2110 1582 baldi
2166 1529 2506 1582 marchionis
2560 1530 2695 1584 adiit
2771 1536 3023 1584 nostram
3079 1530 3447 1585 clementiam
3531 1531 3652 1600 jam

1959 1618 2142 1671 dictus
2191 1617 2505 1688 Sigifredus
2553 1619 2852 1688 episcopus
2908 1619 2964 1673 8.
3016 1618 3339 1672 Parmensis
3371 1619 3652 1685 Ecclesia,

218 1704 282 1759 C.
339 1706 399 1758 in
444 1706 679 1758 nomine
755 1712 961 1760 sancta
1014 1712 1070 1761 et
1149 1706 1459 1761 individua
1530 1707 1842 1773 Trinitatis,
1878 1743 1918 1797 Β
1958 1713 2242 1777 quatenus
2290 1706 2550 1760 ﬁrmatus
2596 1707 2655 1760 in
2712 1707 2821 1761 ﬁde
2877 1707 3083 1762 acriter
3125 1707 3437 1762 deserviret
3465 1709 3651 1775 nobis,

150 1794 449 1847 ﬂammeus
470 1809 715 1864 superna
748 1794 967 1848 favente
997 1795 1298 1849 clementia
1328 1811 1443 1849 rex.

220 1881 279 1935 Si
332 1882 519 1935 locum
554 1882 746 1936 divino
781 1882 959 1937 cultui
985 1884 1372 1954 mancipatum
1405 1884 1653 1955 igneque
1684 1883 1847 1938 subi-

148 1976 320 2023 taneo
350 1986 478 2022 cum
522 1976 729 2024 ornatu
755 1976 812 2024 et
840 1972 1374 2026 corroborationum
1429 1972 1655 2043 paginis
1705 1989 1848 2026 con-

147 2064 469 2112 crematum
521 2063 861 2122 restaurare,
922 2076 1125 2113 ornare
1173 2064 1228 2114 et
1268 2060 1477 2115 iterum
1540 2061 1847 2114 sublimare

150 2146 492 2214 videbimur,
527 2148 735 2201 scimus
764 2154 821 2202 et
849 2149 988 2202 certi
1016 2166 1213 2204 sumus
1249 2151 1305 2204 id
1330 2166 1445 2204 non
1476 2152 1659 2204 solum
1682 2150 1863 2204 laude"

150 2236 404 2290 humana
432 2238 882 2308 praedicandum,
916 2254 1114 2293 verum
1160 2240 1331 2294 etiam
1361 2241 1553 2293 divina
1588 2240 1847 2294 mercede

150 2325 663 2380 remunerandum.
693 2325 919 2380 Cunctis
953 2326 1132 2397 igitur
1165 2328 1420 2382 Ecclesia
1460 2329 1560 2382 Dei
1588 2328 1849 2383 ﬁdelibus

148 2413 479 2484 nostrisque
527 2414 838 2469 astantibus
888 2420 945 2470 et
1002 2416 1433 2471 succedentibus
1486 2422 1841 2487 compertum

148 2501 271 2554 fore
337 2503 599 2555 volumus
655 2504 829 2573 quod,
880 2504 949 2557 de
1012 2503 1279 2558 incendio
1326 2504 1848 2559 Paterbrunnensis

148 2590 421 2644 acclesia
462 2590 707 2645 nimium
754 2592 1141 2660 condolentes,
1190 2599 1475 2663 pracepta
1526 2598 1844 2646 antecesso-

150 2694 282 2732 rum
332 2684 650 2733 nostrorum
711 2684 768 2734 et
833 2681 1152 2735 oblationes
1204 2682 1457 2736 ﬁdelium
1521 2687 1849 2736 memorata

150 2766 273 2821 sedi
328 2767 433 2821 hac
492 2769 817 2839 praceptali
867 2770 1074 2840 pagina
1134 2786 1474 2824 renovamus
1525 2771 1849 2841 iterumque

152 2857 583 2923 conﬁrmamus,
644 2857 712 2911 de
743 2858 953 2929 quibus
1011 2875 1188 2912 unum
1243 2864 1325 2912 est
1374 2859 1442 2912 de
1492 2860 1851 2930 episcopatus

153 2950 330 3009 statu,
355 2945 562 2999 dehinc
593 2946 661 3000 de
692 2946 935 3001 tuitione
964 2952 1135 3017 atque
1160 2948 1567 3001 mundiburdio
1596 2948 1850 3017 ejusdem

1955 1799 2011 1848 et
2049 1794 2119 1848 ab
2161 1800 2376 1848 aterno
2420 1802 2869 1863 remuneratore,
2918 1796 3019 1867 qui
3069 1796 3337 1851 omnibus
3396 1797 3653 1852 abundat

1954 1883 2144 1952 bonis,
2202 1884 2641 1938 retributionem
2690 1890 2920 1939 aterna
2968 1885 3468 1939 remunerationis.
3542 1924 3555 1940 .
3638 1925 3650 1938 .

1956 1978 2020 2026 ut
2050 1988 2153 2025 nos
2177 1972 2462 2026 abbatiam
2498 1973 2849 2041 monasterii,
2883 1973 3038 2043 quod
3067 1973 3276 2027 dicitur
3302 1974 3649 2041 Nonantula,

1954 2063 2015 2115 in
2045 2061 2316 2115 honorem
2366 2061 2420 2115 S.
2449 2061 2717 2131 Sylvestri
2772 2061 3111 2115 confessoris
3142 2061 3245 2115 Dei
3285 2067 3457 2131 atque
3510 2078 3648 2132 pon-

1955 2149 2143 2215 tiﬁcis,
2186 2149 2294 2203 sibi
2322 2165 2553 2219 suaque
2575 2150 2827 2203 ecclesia
2883 2149 3172 2203 Parmensi
3206 2150 3339 2219 jure
3389 2150 3654 2221 proprie-

1956 2239 2100 2291 tario
2129 2254 2259 2291 cum
2299 2238 2566 2292 omnibus
2616 2238 2949 2307 adjacentiis
2995 2242 3052 2291 et
3111 2237 3477 2308 pertinentiis
3532 2236 3655 2307 ejus

1954 2327 2012 2381 in
2076 2328 2364 2397 integrum
2429 2328 2719 2398 perpetuis
2786 2326 3144 2395 temporibus
3194 2326 3653 2393 concederemus,

1957 2420 2165 2485 prater
2212 2415 2368 2469 illam
2424 2422 2634 2469 terram
2705 2430 2877 2486 quam
2953 2414 3337 2468 concessimus
3411 2414 3660 2468 Huberto

1960 2504 2228 2573 episcopo
2280 2508 2476 2556 nostro
2535 2502 2714 2570 ﬁdeli,
2748 2509 2803 2555 et
2858 2502 2956 2555 illa
3007 2507 3161 2556 terra
3214 2502 3321 2556 sita
3354 2506 3440 2555 est
3493 2502 3659 2571 juxta

1956 2592 2211 2644 Athesim
2260 2592 2495 2645 flumen.
2548 2592 2720 2661 Cujus
2752 2591 3014 2661 precibus
3044 2590 3414 2659 benignitatis
3452 2594 3657 2643 nostra

1959 2694 2120 2732 aures
2185 2678 2700 2741 accommodantes,
2763 2678 3003 2747 ejusque
3060 2693 3195 2746 erga
3225 2694 3327 2730 nos
3359 2676 3657 2730 devotissi-

1958 2782 2113 2819 mam
2163 2765 2496 2819 ﬁdelitatem
2538 2765 2921 2827 intendentes,
2959 2765 3236 2835 jussimus
3294 2765 3366 2827 ei,
3422 2780 3660 2835 suaque

1961 2855 2250 2909 Parmensi
2300 2854 2549 2908 ecclesia
2582 2855 2643 2908 in
2683 2855 2964 2908 honorem
2994 2854 3049 2909 S.
3102 2854 3289 2908 Maria
3340 2853 3439 2908 Dei
3490 2853 3656 2924 geni-

1959 2944 2114 2998 tricis
2158 2943 2456 3010 dedicata,
2506 2944 2614 2997 hoc
2672 2942 2990 3013 imperialis
3047 2949 3257 2997 nostra
3308 2942 3697 2996 auctoritatis

151 3033 523 3101 acclesia,et
543 3035 610 3088 de
632 3035 1153 3106 omniproprietate
1176 3037 1245 3090 ad
1261 3037 1520 3090 eamdem
1537 3037 1849 3090 acclesiam
1884 3025 1923 3079 Ο
1961 3032 2238 3086 conscribi
2284 3037 2657 3101 praeceptum,
2689 3048 2793 3102 per
2852 3032 3004 3103 quod
3056 3031 3424 3085 concedimus
3456 3030 3531 3099 ei,
3563 3030 3662 3084 do-

152 3121 467 3191 pertinenti
508 3128 564 3176 et
607 3124 675 3178 de
716 3124 839 3194 ejus
870 3124 1195 3178 hominibus
1215 3131 1333 3178 tam
1366 3125 1558 3178 liberis
1592 3140 1765 3195 quam
1797 3129 1851 3177 et

151 3210 330 3263 servis
396 3211 549 3263 nulla
572 3211 878 3281 judiciaria
936 3229 1179 3283 persona
1227 3213 1704 3284 constringendis,
1737 3213 1850 3267 nisi

150 3314 343 3353 coram
409 3299 699 3366 advocato,
782 3317 954 3372 quem
1029 3301 1150 3372 ipse
1234 3302 1533 3372 episcopus
1596 3302 1848 3372 elegerit.

152 3387 397 3456 Insuper
425 3403 764 3442 renovamus
797 3395 852 3443 et
896 3390 1284 3444 conﬁrmamus
1335 3391 1455 3460 jam
1488 3391 1699 3445 habita
1729 3390 1850 3444 sedi

151 3476 460 3529 comitatus
497 3493 668 3547 super
711 3494 886 3548 pagos
921 3479 1179 3549 Paterga,
1239 3481 1378 3548 Aga,
1439 3480 1846 3547 Threveresga,

150 3567 335 3633 Auga,
369 3563 710 3634 Sorehtfeld,
770 3566 932 3620 datos
964 3582 1066 3636 pro
1116 3566 1353 3620 decimis
1406 3583 1566 3620 nova
1597 3568 1850 3622 (ἴοι-1101111

153 3651 223 3704 ad
293 3652 706 3707 monasterium
764 3654 1209 3721 pertinentibus,
1261 3660 1317 3707 et
1374 3655 1443 3707 de
1499 3655 1851 3725 proprietate

152 3739 516 3805 clericorum,
543 3741 593 3795 si
640 3742 768 3812 quis
794 3742 917 3795 sine
958 3743 1186 3796 harede
1244 3742 1478 3797 illorum
1508 3743 1732 3810 abierit,
1764 3745 1849 3797 ei-

153 3826 285 3880 dem
338 3828 607 3883 acclesia
663 3846 949 3894 concessa,
1013 3836 1069 3884 et
1128 3831 1195 3884 de
1274 3832 1454 3885 tribus
1523 3833 1736 3885 mansis
1793 3832 1854 3885 in

154 3916 475 3986 Tuisbureg
522 3923 579 3970 et
632 3917 690 3971 in
736 3920 1132 3983 Trutmannia,
1193 3924 1249 3972 et
1305 3920 1375 3973 de
1435 3919 1645 3973 foresto
1699 3921 1854 3990 quod

161 4004 363 4075 incipit
418 4007 487 4059 de
544 4006 757 4060 Delhna
788 4007 1025 4061 ﬂumine
1073 4014 1127 4061 et
1158 4008 1340 4061 tendit
1368 4024 1471 4079 per
1525 4008 1853 4063 Ardennam

160 4099 215 4147 et
271 4094 507 4149 Sinendi
542 4112 719 4165 usque
751 4096 810 4148 in
839 4096 991 4149 viam
1027 4112 1155 4166 qua
1193 4096 1349 4150 ducit
1389 4096 1458 4149 ad
1481 4096 1685 4152 Herisi.
1722 4099 1854 4152 Hac

160 4178 339 4248 igitur
370 4179 564 4233 omnia
601 4196 728 4250 qua
759 4196 931 4251 supra
946 4182 1153 4250 scripta
1183 4182 1487 4247 habentur,
1519 4186 1574 4235 et
1602 4198 1729 4252 qua
1759 4183 1855 4236 illa

1961 3137 2163 3174 namus
2210 3126 2381 3192 atque
2418 3120 2693 3191 largimur
2746 3120 3105 3190 pralibatam
3155 3120 3465 3185 abbatiam,
3525 3136 3657 3189 qua

1959 3209 2164 3262 dicitur
2215 3210 2535 3263 Nonantula
2590 3210 2649 3263 S.
2728 3210 2998 3279 Sylvestri
3068 3209 3410 3263 confessoris
3482 3213 3656 3278 atque

1958 3299 2259 3367 pontiﬁcis,
2318 3314 2447 3351 cum
2481 3298 2749 3352 omnibus
2801 3297 3132 3368 adjacentiis
3188 3302 3244 3351 et
3275 3297 3658 3367 pertinentiis,

1960 3387 2238 3454 curtibus,
2315 3387 2546 3456 capellis
2614 3393 2800 3457 .atque
2858 3386 3113 3440 adiﬁciis
3180 3401 3401 3451 earum,
3462 3385 3654 3451 terris,

1958 3475 2191 3544 campis,
2274 3475 2469 3545 pratis,
2552 3475 2752 3539 vineis,
2831 3474 3006 3539 silvis,
3084 3473 3259 3526 servis
3314 3477 3370 3526 et
3434 3472 3655 3526 ancillis

1961 3564 2259 3632 utriusque
2290 3577 2474 3625 sexus,
2507 3561 2819 3614 mobilibus
2847 3566 2902 3613 et
2924 3559 3334 3613 immobilibus.
3386 3574 3516 3613 cum
3568 3560 3657 3612 in-

1960 3650 2222 3719 tegritate
2254 3666 2452 3703 eorum
2488 3655 2543 3702 et
2593 3648 2892 3714 universis,
2942 3664 3071 3718 qua
3125 3647 3236 3702 dici
3287 3652 3343 3700 et
3372 3647 3659 3701 nominari

1960 3744 2219 3809 possunt,
2244 3739 2313 3792 ad
2342 3738 2673 3808 pradictam
2699 3736 2984 3791 abbatiam
3018 3735 3439 3806 pertinentibus
3462 3741 3659 3790 nostra

1961 3827 2249 3898 imperiali
2276 3826 2659 3893 concessione,
2714 3832 2777 3880 ut
2827 3826 3052 3893 habeat,
3109 3831 3302 3879 teneat
3343 3831 3398 3879 et
3437 3823 3662 3879 fruatur

1962 3915 2314 3985 perenniter,
2368 3923 2484 3969 tam
2540 3914 2637 3968 ille
2670 3931 2845 3985 quam
2893 3920 2950 3969 et
2989 3930 3338 3969 successores
3388 3914 3529 3983 ejus,
3590 3914 3659 3968 ad

1963 4009 2183 4074 partem
2237 4020 2385 4073 sape
2451 4003 2761 4057 nominata
2822 4020 2940 4057 sua
2997 4002 3269 4067 ecclesia,
3336 4003 3660 4074 faciantque

1964 4093 2166 4147 exinde
2198 4093 2480 4163 quidquid
2529 4094 2843 4146 secundum
2896 4098 3176 4146 aternum
3205 4091 3507 4146 arbitrium
3548 4108 3663 4145 me—

1965 4182 2073 4235 lius
2126 4182 2204 4235 eis
2260 4181 2567 4251 pravisum
2635 4181 2825 4235 fuerit.
2876 4180 3211 4251 Quicunque
3271 4196 3405 4233 vero
3463 4186 3658 4234 contra

158 4270 248 4323 die
279 4274 478 4323 tenere
524 4274 581 4324 et
608 4269 897 4339 possidere
954 4270 1250 4323 videbatur
1305 4271 1536 4340 quando
1561 4271 1857 4326 combusta
1888 4309 1929 4361 0
1970 4271 2115 4325 hanc
2144 4276 2393 4324 nostram
2424 4270 2815 4336 donationem,
2850 4274 2951 4322 etc.

158 4358 286 4424 fuit,
358 4374 511 4427 sape
572 4358 878 4412 nominata
933 4359 1053 4413 sedi
1128 4358 1611 4413 Paterbrunnensi
1662 4360 1723 4413 in
1763 4360 1857 4430 jus

158 4445 604 4517 proprietarium
681 4446 963 4500 donamus
1041 4453 1097 4501 et
1155 4447 1484 4501 ﬁrmissima
1548 4448 1857 4501 traditione

158 4542 567 4601 restauramus,
630 4551 695 4588 ea
724 4535 940 4589 scilicet
989 4535 1135 4590 serie
1178 4541 1237 4589 ut
1285 4538 1528 4589 domnus
1556 4536 1856 4590 Retharius

159 4628 492 4677 memorata
536 4623 685 4677 sedis
715 4624 1058 4678 venerabilis
1107 4624 1339 4677 antistes
1396 4641 1710 4695 omnesque
1769 4627 1856 4679 sui

157 4728 511 4766 successores
532 4712 800 4766 universa
823 4729 951 4783 qua
989 4713 1059 4766 ad
1085 4712 1439 4783 episcopium
1462 4714 1657 4784 aliqua
1686 4714 1855 4783 legali

156 4800 389 4854 datione
440 4800 752 4869 pertinent,
811 4801 1086 4855 securiter
1134 4801 1452 4867 obtineant,
1510 4809 1702 4856 nostra
1733 4818 1856 4855 om-

156 4888 438 4958 niumque
468 4893 795 4942 nostrorum
831 4904 1221 4943 successorum
1252 4896 1309 4942 et
1340 4889 1601 4942 omnium
1631 4895 1852 4943 morta-

160 4975 299 5028 lium
329 4976 776 5030 contradictione
830 4984 1065 5031 remota.
1116 4978 1183 5031 Et
1212 4981 1274 5030 ut
1322 4977 1443 5029 hac
1473 4977 1764 5030 renovatio
1805 4981 1859 5030 et

159 5063 522 5117 conﬁrmatio
553 5064 813 5119 stabilior
850 5065 1069 5118 cunctis
1098 5070 1433 5135 permaneat
1480 5065 1853 5134 temporibus,

158 5151 305 5206 hanc
361 5152 633 5223 paginam
682 5169 854 5207 manu
905 5153 1139 5223 propria
1188 5153 1524 5207 roboramus
1574 5158 1632 5206 et
1684 5153 1857 5222 sigilli

161 5239 339 5294 nostri
377 5239 756 5310 impressione
786 5240 1056 5312 insigniri
1085 5240 1463 5312 precepimus.

388 5329 614 5397 Signum
634 5330 819 5385 damni
836 5330 932 5395 ~(L.
968 5330 1056 5399 N.)
1082 5332 1226 5397 regis
1255 5330 1624 5383 invictissimi.

230 5416 554 5488 Egilbertus
605 5420 977 5474 cancellarius
1034 5419 1151 5472 vice
1209 5417 1469 5488 Willigisi
1516 5416 1857 5488 0101110οροΙ-

163 5506 276 5560 lani
307 5521 499 5577 recog.

237 5597 375 5650 Data
420 5611 478 5649 111
510 5594 652 5648 Non.
687 5596 891 5668 April.,
926 5611 1077 5650 anno
1138 5593 1449 5649 Dominica
1500 5592 1852 5649 incarnatio-

2042 4361 2268 4427 Signum
2285 4362 2347 4412 1).
2385 4360 2603 4412 Henrici
2634 4360 2981 4411 invictissimi
3010 4358 3173 4424 regis.

2035 4448 2319 4501 Aubertus
2379 4446 2748 4499 cancellarius
2820 4446 3048 4499 Videchi
3099 4443 3507 4515 archiepiscopi
3568 4460 3657 4499 re-

1965 4535 2227 4605 cognovL

2040 4627 2175 4678 Data
2224 4640 2260 4676 n
2338 4622 2546 4687 Martii,
2605 4639 2757 4676 anno
2845 4622 3256 4678 incarnationis
3342 4621 3654 4676 Dominica

1970 4716 2125 4778 l003,
2159 4711 2356 4765 indict.
2394 4714 2435 4779 ι,
2469 4727 2620 4765 anno
2643 4727 2774 4765 vero
2809 4713 2876 4768 D.
2914 4711 3139 4765 Henrici
3170 4710 3322 4780 regis
3357 4727 3387 4764 l.

2035 4806 2237 4855 Actum
2267 4800 2620 4870 Noviomagi.

2748 4890 2877 4942 XVI.

1966 4980 2027 5033 S.
2082 4979 2302 5031 Henrici
2354 4978 2703 5046 privilegium
2771 4994 2874 5047 pro
2932 4978 3173 5031 Ecclesia
3243 4977 3659 5045 Hamburgensi.

2463 5070 2647 5131 (Anno
2696 5068 2853 5133 1003,
2899 5064 3027 5119 Maii
3056 5068 3168 5131 25.)

1972 5155 2392 5227 [Lappenberg,
2425 5154 2851 5220 Hamburgische
2894 5153 3373 5217 Urkundenburch,
3430 5170 3485 5223 p.
3544 5154 3661 5224 62.j

2042 5244 2101 5297 In
2131 5242 2365 5297 nomine
2405 5248 2612 5296 sancta
2659 5246 2715 5295 et
2763 5242 3075 5296 individua
3112 5241 3409 5295 Trinitatis
3438 5242 3663 5294 Hamm-

1894 5376 1897 5379 λ
1967 5348 2081 5397 cus,
2106 5332 2297 5385 divina
2317 5332 2539 5385 favente
2561 5330 2864 5385 clementia
2894 5347 3009 5384 rex.
3110 5354 3117 5393 1

2037 5419 2095 5474 81
2120 5420 2242 5491 pias
2271 5419 2573 5490 petitiones
2604 5420 2961 5474 sacerdotum
2993 5434 3176 5488 prona
3220 5416 3524 5472 devotione
3591 5418 3663 5472 ad

1968 5507 2232 5561 effectum
2264 5508 2615 5573 duxerimus,
2648 5507 2704 5562 id
2736 5508 2933 5578 procul
2965 5506 3140 5561 dubio
3179 5506 3248 5560 ad
3283 5510 3492 5560 statum
3523 5522 3665 5577 pra-

1969 5594 2142 5648 sentis
2168 5594 2298 5649 vita
2320 5599 2376 5650 et
2396 5603 2625 5650 aeterna
2651 5595 3025 5650 beatitudinis
3044 5592 3285 5666 pramia
3309 5596 3662 5665 capescenda
