3938 6310
1857 217 1886 244 Ι

258 293 350 344 251
1658 293 1940 348 IIENRICI
1983 291 2457 348 IMPERATORIS

3664 293 3777 342 23-2

254 414 418 470 nobis
470 415 840 485 profuturum
892 414 1204 469 credimus.
1238 417 1358 480 Qua
1398 421 1632 486 propter
1691 415 1952 469 omnium
1985 419 2030 470 Α
2068 417 2321 470 cundum
2374 431 2476 484 pro
2534 413 2902 467 immunitate
2958 429 3061 466 suo
3107 413 3314 466 collata
3344 414 3718 477 monasterio,
3747 429 3782 466 a

255 503 513 558 ﬁdelium
545 508 873 556 nostrorum
905 504 1272 573 praesentium
1307 509 1362 558 et
1413 504 1739 557 futurorum
1773 520 1950 557 nove-

253 591 330 645 rit
363 591 664 657 industria,
701 592 948 660 qualiter
977 593 1063 644 vir
1097 592 1435 645 venerabilis
1462 592 1708 655 Liebizo,
1737 598 1950 645 sanctae

259 679 805 749 ﬂammaburgensis
871 680 1128 734 Ecclesia:
1203 681 1680 751 archiepiscopus,
1741 679 1954 733 nostris

259 767 554 821 obtutibus
593 767 931 836 prmsentari
969 768 1103 821 fecit
1136 776 1482 840 praeceptum
1512 769 1696 822 beata:
1730 784 1954 822 memo-

259 855 360 908 riae
409 856 648 909 senioris
697 860 754 909 et
811 857 1190 910 antecessoris
1248 858 1448 912 nostri.
1501 857 1722 913 Ottonis
1778 855 1954 924 tertii,

260 943 622 1013 imperatoris
652 944 914 1013 Augusti,
949 944 1004 997 in
1040 945 1249 1015 quibus
1281 946 1682 999 continebatur
1711 959 1955 1015 quomo-

261 1033 332 1084 do
355 1033 498 1102 ipse,
529 1048 635 1101 pro
669 1032 862 1086 divino
879 1049 1096 1098 amore,
1117 1034 1478 1087 monasteriis
1500 1034 1556 1088 in
1585 1035 1707 1103 ejus
1734 1033 1958 1103 episco-

264 1122 360 1191 pio
409 1121 851 1174 consistentibus
892 1122 1178 1191 imperiali
1211 1122 1544 1176 auctoritate
1573 1121 1960 1175 libertatemet

262 1210 566 1263 tuitionem
642 1209 1031 1274 concessisset,
1131 1211 1463 1280 rogavitque
1563 1209 1958 1264 celsitudinem

262 1303 518 1351 nostram
574 1301 638 1350 ut
680 1313 785 1350 nos
837 1297 1026 1350 denuo
1087 1302 1277 1351 nostra
1325 1299 1712 1369 praeceptione
1759 1298 1957 1351 eadem

264 1385 608 1441 monasteria
653 1391 709 1439 et
751 1385 945 1438 omnia
1009 1387 1144 1440 illuc
1200 1387 1530 1456 aspicienda
1583 1387 1958 1441 conﬁrmare-

265 1490 407 1526 mus.
442 1475 550 1528 Nos
602 1490 736 1526 vero
787 1474 909 1542 ejus
950 1475 1113 1544 justas
1154 1480 1212 1528 et
1240 1474 1507 1529 rationali
1554 1474 1820 1546 petitioni
1865 1492 1960 1527 as-

261 1578 490 1616 sensum
563 1562 892 1630 prebentes,
962 1563 1374 1617 interveniente
1447 1565 1651 1618 dilecta
1715 1565 1960 1633 conjuge

264 1655 462 1710 nostra
487 1655 544 1703 et
572 1665 884 1719 regnorum
930 1656 1190 1705 consorte
1212 1652 1567 1723 Cunigunda,
1591 1653 1664 1708 ad
1685 1652 1959 1706 honorem
1994 1692 2033 1744 Β

263 1741 473 1791 sancte
529 1738 627 1792 Dei
658 1738 950 1808 genitricis
1005 1740 1191 1794 Maria:
1222 1740 1312 1794 cui
1368 1742 1523 1794 locus
1553 1741 1664 1795 ille-
1695 1743 1959 1796 Hamma-

265 1825 414 1895 burg
441 1829 527 1878 est
559 1831 942 1892 consecratus,
993 1827 1143 1881 idem
1176 1828 1300 1881 loco
1343 1829 1668 1898 supradicto
1699 1828 1962 1883 concedi-

266 1929 393 1966 mus
476 1929 675 1966 omnes
738 1914 1130 1968 concessiones
1203 1932 1344 1986 quas
1407 1921 1804 1970 concesserant
1853 1916 1961 1986 piae

267 2000 562 2054 memoriae
642 2001 1042 2072 imperatores,
1121 2019 1256 2056 avus
1333 2003 1544 2058 scilicet
1606 2009 1662 2058 et
1739 2004 1966 2073 genitor

262 2093 478 2155 noster,
541 2090 876 2160 caaterisque
943 2091 1304 2145 monasteriis
1357 2092 1426 2146 ad
1484 2093 1629 2147 hanc
1677 2092 1963 2146 dioecesim

264 2177 701 2247 pertinentibus,
739 2179 795 2232 id
817 2185 899 2233 est
923 2180 1209 2247 Bremum,
1243 2181 1550 2247 Bukkium,
1577 2182 1962 2243 Ramaslaum,

270 2265 628 2319 Birchisinun
651 2307 667 2334 ,
719 2267 1039 2337 Hasalinge,
1091 2268 1405 2338 Ripesholt,
1438 2286 1504 2323 ea
1533 2269 1799 2322 videlicet
1824 2285 1962 2322 con-

266 2353 485 2408 ditione
529 2359 594 2408 ut
622 2371 849 2425 semper
880 2356 985 2409 sub
1015 2357 1260 2411 tuitione
1289 2363 1484 2411 nostra
1527 2358 1644 2412 sint
1667 2363 1966 2428 perpetua-

267 2441 420 2507 liter,
456 2447 511 2496 et
535 2443 811 2514 quidquid
830 2445 1002 2498 modo
1034 2445 1301 2511 habeant,
1333 2447 1421 2499 vel
1473 2445 1743 2516 deinceps
1773 2444 1965 2514 aliquo

269 2530 441 2583 modo
508 2531 810 2601 adquirere
885 2532 1122 2602 possint,
1190 2533 1270 2586 eis
1322 2549 1636 2602 eorumque
1701 2532 1965 2602 episcopo

269 2618 445 2672 libere
499 2620 767 2686 serviant,
824 2619 983 2674 omni
1040 2620 1349 2690 judiciaria
1401 2626 1679 2691 potestate
1728 2625 1960 2674 remota.

334 2705 716 2760 Concedimus
770 2707 1007 2778 insuper
1065 2709 1302 2777 praefato
1335 2709 1764 2778 archiepiscopo
1807 2708 1965 2778 ejus-

275 2810 388 2864 que
446 2795 866 2850 successoribus
904 2796 1192 2851 licentiam
1235 2799 1604 2851 construendi
1650 2803 1966 2851 mercatum

270 2882 330 2936 in
377 2883 500 2937 loco
554 2885 803 2937 Bremun
850 2891 1203 2954 nuncupato,
1236 2886 1490 2939 bannum
1518 2891 1574 2940 et
1609 2887 1966 2939 theloneum.

2064 503 2408 574 quibusdam
2457 503 2746 557 nobilibus
2779 501 3044 572 personis
3075 501 3417 572 Hildiburga
3447 507 3505 555 et
3535 502 3777 571 presby-

2065 598 2183 651 tero
2216 593 2509 647 Folcbarto
2555 608 2587 644 a
2625 590 3013 645 fundamentis
3043 592 3180 644 olim
3214 591 3274 643 in
3331 592 3452 644 loco
3499 591 3776 645 Mulinbe-

2065 682 2166 735 che
2219 685 2556 747 constructo,
2617 685 2990 749 nostramque
3022 679 3361 748 suppliciter
3411 685 3640 749 precata
3689 683 3779 731 est

2065 767 2389 830 clementia,
2438 771 2498 818 ut
2543 770 2599 818 et
2643 781 2746 818 nos
2791 765 2979 834 ipsum
3015 765 3201 818 locum
3265 781 3394 817 cum
3442 765 3556 818 suis
3591 763 3774 833 perti-

2066 855 2274 908 nentiis
2314 855 2372 907 in
2405 860 2662 908 nostrum
2699 852 3093 906 mundibrium
3121 859 3177 906 et
3207 852 3617 916 defensionem,
3663 867 3773 922 pro

2067 943 2460 1014 redemptione
2487 943 2695 996 animae
2751 946 2958 995 nostra;
2997 941 3437 1012 susciperemus,
3491 949 3547 994 et
3613 956 3771 1006 eam,

2067 1048 2196 1102 qua:
2229 1033 2288 1085 in
2337 1032 2453 1086 suis
2503 1031 2725 1102 scriptis
2778 1030 3011 1084 inventa
3056 1036 3163 1098 est,
3205 1029 3661 1084 convenientiam
3709 1034 3771 1082 et

2066 1121 2413 1174 oblationem
2469 1126 2678 1174 nostrae
2713 1119 3064 1172 auctoritatis
3103 1118 3314 1188 scripto
3356 1119 3769 1172 corroborare~

2070 1226 2214 1262 mus.
2252 1210 2363 1263 Nos
2395 1209 2609 1279 itaque,
2639 1207 3152 1261 intervenientibus
3175 1206 3504 1260 Bernhardo
3535 1207 3678 1260 duce
3712 1211 3771 1260 et

2069 1299 2336 1369 episcopo
2368 1300 2505 1365 (l0?)
2531 1296 2886 1361 Tbiederico,
2919 1296 2978 1349 in
3025 1296 3187 1366 cujus
3218 1297 3324 1349 hoc
3352 1294 3769 1348 monasterium

2071 1389 2326 1459 puellare
2355 1393 2742 1442 constructum
2775 1392 2858 1441 est
2907 1387 3154 1454 dioecesi,
3188 1402 3290 1457 pro
3317 1387 3524 1439 divina:
3555 1401 3773 1439 merce-

2071 1477 2158 1530 dis
2211 1483 2546 1547 augmento,
2609 1475 2797 1544 ipsum
2847 1475 3182 1528 monasterii
3233 1477 3418 1528 locum
3462 1490 3593 1527 cum
3650 1473 3773 1526 suis

2073 1563 2404 1635 adjacentiis
2435 1568 2490 1618 et
2514 1563 2779 1616 omnibus
2812 1562 3175 1634 pertinentiis
3204 1563 3265 1616 in
3299 1569 3558 1616 nostrum
3606 1577 3774 1616 mun-

2073 1653 2385 1708 diburdum
2416 1651 2787 1722 suscepimus,
2819 1657 2876 1705 et
2910 1651 2977 1706 ad
3029 1651 3284 1705 ordinem
3329 1651 3586 1722 priorum
3624 1653 3778 1720 pra:-

2073 1747 2368 1813 ceptorum
2416 1740 2476 1794 in
2507 1741 2774 1794 omnibus
2804 1739 3291 1801 conﬁrmavimus,
3353 1740 3458 1792 hoc
3491 1739 3652 1809 regio
3679 1739 3774 1792 in-

2071 1830 2224 1902 signi
2294 1829 2708 1883 roboravimus.
2797 1831 2913 1884 Hoc
2997 1827 3239 1882 ﬁrmiter
3291 1827 3634 1894 sancientes,
3710 1831 3776 1881 ut

2073 1917 2533 1971 sanctimoniales
2561 1917 2642 1970 ibi
2697 1917 2810 1970 Deo
2855 1916 3055 1970 devote
3095 1932 3199 1986 per
3243 1915 3588 1969 decessionis
3619 1920 3770 1968 tem-

2072 2023 2213 2077 pora
2255 2021 2428 2076 quam
2475 2005 2772 2058 meliorem
2821 2004 3107 2069 noverint,
3161 2003 3314 2057 inter
3343 2020 3402 2056 se
3450 2003 3672 2073 eligant
3701 2003 3768 2056 li-

2073 2100 2286 2160 center,
2315 2099 2371 2148 et
2407 2094 2514 2148 sibi
2560 2097 2900 2164 praeponant
2928 2092 3294 2160 abbatissam,
3345 2091 3774 2160 communicato

2073 2184 2327 2255 episcopi
2357 2182 2444 2236 sui
2475 2198 2774 2236 consensu.
2834 2182 3076 2252 Insuper
3120 2181 3294 2235 etiam
3345 2181 3407 2234 in
3435 2179 3616 2234 nostri
3649 2195 3773 2233 me-

2077 2271 2316 2326 moriam
2347 2270 2595 2324 nominis
2621 2269 3024 2324 concessimus.
3059 2274 3122 2323 ut
3147 2269 3217 2322 ab
3257 2269 3591 2322 hominibus
3619 2284 3771 2338 pra:-

2075 2361 2240 2415 dictae
2289 2359 2540 2414 ecclesia:
2587 2358 2786 2412 usibus
2845 2363 2900 2412 et
2957 2357 3214 2411 servituti
3276 2357 3610 2411 ancillarum
3675 2357 3775 2410 Dei

2076 2447 2316 2502 subditis
2345 2447 2553 2516 regalis
2594 2447 2680 2500 vel
2721 2445 3038 2516 imperialis
3068 2461 3292 2506 census,
3328 2444 3427 2515 qui
3466 2444 3600 2498 inde
3630 2445 3775 2498 sole-

2075 2537 2172 2590 bat
2219 2534 2488 2606 persolvi,
2529 2551 2559 2587 a
2607 2535 2766 2588 nullo
2792 2533 3021 2599 comite,
3077 2533 3166 2587 vel
3207 2533 3488 2603 judiciali,
3521 2533 3640 2586 sive
3691 2549 3776 2586 re-

2075 2625 2183 2695 giae.
2239 2623 2548 2678 exactionis
2614 2639 2854 2693 persona
2919 2621 3188 2691 deinceps
3247 2622 3535 2692 exigatur;
3598 2631 3656 2676 et
3710 2629 3779 2674 ut

2077 2714 2269 2767 nullus
2346 2727 2553 2778 comes,
2630 2711 2719 2764 vel
2795 2710 2972 2780 judex
3053 2709 3335 2779 publicus,
3403 2715 3502 2764 aut
3578 2710 3776 2780 aliqua

2077 2807 2276 2874 potens
2345 2816 2588 2870 persona
2644 2799 2907 2853 homines
2957 2799 3209 2869 prtefataa
3267 2799 3519 2852 ecclesiaa
3561 2798 3622 2851 in
3670 2816 3776 2852 suo

2073 2890 2310 2962 judicio,
2345 2890 2602 2943 bannum
2637 2888 2718 2941 eis
2747 2887 3124 2956 imponendo,
3148 2891 3246 2940 aut
3270 2886 3550 2957 justitiam
3579 2887 3652 2940 ab
3691 2887 3777 2940 eis

269 2986 376 3024 nec
413 2987 527 3024 non
567 2977 854 3026 monetam
909 2973 1124 3043 publici
1172 2974 1440 3044 ponderis
1468 2979 1525 3027 et
1558 2974 1688 3044 puri
1721 2973 1965 3044 argenti,
2001 2966 2040 3021 C
2080 2977 2294 3031 nullam
2361 2977 2724 3046 aliquatenus
2782 2975 3079 3043 exigendo,
3151 2975 3358 3028 audeat
3422 2973 3773 3044 inquietare,

270 3062 594 3129 totumque.
639 3101 652 3113 .
695 3101 708 3115 .
768 3065 1108 3131 potestatem
1167 3062 1417 3132 eligendi
1483 3063 1633 3116 inter
1707 3079 1785 3128 se,
1851 3062 1968 3116 sive

271 3147 527 3214 aliunde,
585 3149 630 3201 si
691 3149 993 3202 necessitas
1048 3156 1329 3220 exposcat,
1391 3150 1742 3221 episcopum,
1801 3167 1966 3221 aequo

271 3239 467 3289 tamen
517 3235 668 3304 regis
715 3253 1014 3291 consensu.
1053 3238 1117 3291 Et
1154 3243 1218 3291 ut
1265 3239 1388 3292 hoc.
1435 3277 1447 3289 .
1493 3277 1505 3291 .
1537 3239 1866 3292 roboratam
1899 3239 1968 3292 si-

275 3323 400 3394 gilli
429 3324 609 3377 nostri
640 3324 1015 3394 impressione
1046 3325 1312 3396 insigniri
1333 3327 1629 3396 jussimus.

345 3413 574 3479 Signum
604 3413 788 3466 domui
807 3416 1049 3468 Heinrici
1070 3414 1186 3485 (Μ.)
1209 3405 1353 3481 regis
1375 3417 1740 3469 invictissimi.

347 3501 670 3571 Egilbertus
727 3503 1096 3556 cancellarius
1151 3503 1270 3557 vice
1326 3503 1966 3574 Willigisiarchicapel-

277 3589 394 3643 lani
424 3589 770 3660 recognovit.

349 3679 489 3732 Data
539 3695 634 3731 vm
690 3677 972 3732 Kalendas
1023 3677 1200 3742 Junii,
1231 3695 1384 3733 anno
1437 3679 1749 3734 Dominicm
1780 3679 1966 3733 incar-

281 3765 525 3818 nationis
560 3767 714 3831 1003,
761 3763 1072 3818 indictione
1108 3781 1145 3830 ι,
1176 3781 1326 3819 anno
1365 3782 1496 3820 vero
1551 3767 1747 3820 domni
1793 3765 1966 3820 Hein-

277 3853 380 3907 rici
411 3853 563 3923 regis
592 3870 629 3906 ι.

348 3944 555 3996 Actum
587 3940 1100 3996 Gebehildehuson.

1049 4031 1204 4084 XVII.

281 4117 869 4189 Diptoma_S.7Henrici
913 4121 1054 4186 regis
1085 4119 1454 4173 Romanorum
1508 4135 1612 4188 pro
1639 4122 1971 4189 parthenone

351 4187 785 4255 Mutenbcchano,
817 4204 920 4256 quo
974 4192 1262 4258 privilegia
1316 4191 1485 4244 eidem
1509 4187 1590 4244 fab
1639 4187 1880 4257 Hrnutfo
1918 4197 1967 4243 et

352 4258 634 4330 Oqttone‘Il
660 4241 1086 4330 imputare...
1110 4241 1709 4330 θεοᾌέέεέάίίεάινῑιξωειξ
1728 4241 1969 4316 ataui.
2001 4241 2042 4294 ι)

351 4327 607 4394 eligendae
625 4327 912 4385 abbatissae
935 4337 1248 4400 potestatem
1274 4333 1484 4400 tribuit,
1508 4327 1612 4387 etc.

919 4418 1102 4489 (Anno
1159 4421 1333 4491 l003.)

602 4505 900 4578 [Martene,
941 4509 1130 4578 Ampi.
1183 4510 1392 4565 Cottect.
1428 4511 1468 4577 I,
1503 4511 1654 4578 363.)

357 4597 415 4648 In
472 4594 704 4648 nomine
766 4601 972 4650 sanctae
1023 4602 1081 4651 et
1129 4597 1378 4652 invidum
1409 4598 1721 4664 Trinitatis,
1773 4602 1967 4653 Hamu-

283 4699 380 4737 cus
410 4683 602 4738 divina
629 4685 850 4738 favente
875 4685 1176 4740 clementia
1207 4703 1323 4741 rex.

343 4772 408 4827 'Si
453 4773 572 4826 loca
621 4772 814 4826 divino
878 4774 1057 4828 cultui
1105 4776 1289 4829 dicata
1333 4779 1526 4828 nostro
1587 4775 1976 4830 studuerimus

280 4860 633 4930 ampliﬁcare
673 4861 947 4929 subsidio,
981 4863 1181 4918 aeterni
1223 4864 1387 4928 regni
1413 4863 1738 4933 portionem
1777 4881 1882 4918 nos
1902 4866 1976 4919 ob

283 4951 391 5030 hoc
417 4949 719 5020 adepturos
769 4967 889 5005 esse
937 4951 1158 5023 liquido
1199 4952 1563 5007 conﬁdimus.
1616 4954 1978 5024 Quapropter

286 5039 510 5092 noverit
535 5039 794 5094 omnium
821 5040 1075 5096 ﬁdelium
1098 5047 1450 5108 nostrorum,
1473 5043 1842 5112 prmsentium
1873 5044 1977 5097 sci-

288 5127 420 5182 licet
448 5133 620 5199 atque
667 5130 1017 5198 futurorum,
1073 5130 1376 5196 industria,
1418 5131 1664 5202 qualiter
1710 5132 1978 5201 quaedam

286 5212 625 5267 venerabilis
665 5213 968 5281 abbatissa,
1001 5215 1236 5268 nomine
1269 5215 1553 5278 Bertheid,
1591 5215 1976 5285 qumdamim-

283 5301 522 5370 perialia
577 5304 784 5358 nostris
842 5303 1138 5359 obtutibus
1183 5303 1614 5374 repraesentavit
1671 5310 1975 5375 praecepta,

283 5404 387 5458 per
423 5394 644 5444 nostros
692 5395 1077 5445 antecessores
1116 5390 1416 5444 Arnolfum
1483 5395 1539 5446 et
1568 5392 1832 5446 Ottonem
1890 5409 1977 5447 se-

2076 3069 2307 3134 excepta
2331 3063 2694 3116 solummodo
2717 3063 2843 3134 lege
2867 3062 2964 3116 illa
2995 3079 3168 3133 quam
3192 3062 3492 3116 advocatus
3515 3061 3776 3133 episcopi

2076 3153 2176 3224 qui
2224 3151 2494 3222 praesidet
2546 3151 2734 3205 eidem
2802 3150 3072 3216 ecclesiae,
3131 3151 3296 3204 solito
3363 3168 3520 3204 more
3571 3152 3640 3206 ab
3691 3152 3777 3206 eis

2077 3243 2247 3297 debet
2320 3256 2639 3311 reposcere,
2693 3245 2752 3294 et
2819 3240 2916 3292 illa
2975 3238 3124 3310 juris
3173 3239 3484 3307 sanctione,
3541 3240 3587 3293 si
3630 3241 3772 3310 quid

2077 3329 2394 3386 necessario
2447 3335 2682 3400 propter
2741 3329 2983 3399 capitale
3044 3329 3260 3382 crimen
3318 3328 3378 3381 in
3461 3329 3776 3398 praesentia

2077 3421 2237 3475 ducis
2268 3434 2414 3490 opus
2450 3417 2622 3472 habet
2669 3416 2824 3470 ﬁniri
2876 3416 3230 3486 judicialiter
3261 3421 3318 3470 et
3363 3416 3762 3472 determinari.

2077 3512 2142 3564 Et
2200 3513 2264 3564 ut
2321 3509 2441 3561 hzec
2495 3510 2702 3560 nostrae
2765 3504 3140 3559 concessionis
3188 3505 3493 3558 auctoritas
3550 3505 3779 3557 ﬁrmior

2076 3601 2376 3663 habeatur,
2451 3596 2562 3650 hoc
2633 3599 2844 3648 nostra:
2924 3593 3332 3647 dominationis
3417 3598 3775 3662 praeceptum

2077 3704 2254 3742 manu
2303 3685 2538 3756 propria
2595 3684 2951 3750 roboratum,
3011 3688 3217 3736 nostrae
3285 3681 3550 3752 imaginis
3606 3681 3778 3750 signo

2071 3775 2350 3847 jussimus
2375 3772 2659 3842 insigniri.

2147 3867 2380 3932 Signum
2426 3861 2611 3916 domui
2656 3861 2878 3915 Henrici
2925 3862 3071 3927 regis
3138 3863 3197 3912 in
3245 3859 3468 3912 Christo
3522 3858 3778 3911 invictis-

2078 3955 2220 4009 simi.

2150 4040 2471 4111 Egilbertus
2509 4034 2877 4090 cancellarius
2933 4035 3050 4088 vice
3108 4033 3376 4105 Willigisi
3424 4033 3780 4104 archicapel-

2079 4131 2198 4185 lani
2226 4127 2453 4182 notavi.

2577 4216 2746 4269 Locus
2787 4214 2961 4281 sigilli
2989 4213 3135 4282 quod
3162 4217 3239 4268 est
3269 4213 3700 4280 integer-rimam.

2156 4305 2293 4358 Data
2334 4319 2393 4356 ιιι
2446 4302 2576 4356 Idus
2629 4301 2815 4356 Martii
2860 4317 3015 4356 anno
3061 4301 3474 4356 incarnationis
3547 4301 3780 4356 Domini

2085 4394 2238 4458 1003,
2293 4389 2608 4445 indictione
2656 4407 2692 4458 ι,
2749 4406 2901 4444 anno
2961 4407 3094 4444 vero
3153 4390 3348 4444 domui
3409 4389 3636 4445 Henrici
3680 4406 3779 4443 re-

2080 4479 2310 4552 gnantis
2349 4480 2536 4533 adhuc
2557 4478 2766 4548 primo.

2151 4572 2354 4623 Actum
2381 4567 2602 4622 Mindse.

2832 4675 3020 4730 XVIII.

2084 4777 2139 4830 S.
2189 4775 2450 4828 Henricus
2511 4775 2807 4842 imperator
2855 4775 3136 4842 conﬁrmat
3186 4775 3543 4843 possessiones
3587 4788 3780 4827 mona-

2153 4864 2312 4917 sterii
2339 4863 2395 4916 S.
2428 4863 2662 4916 Bavonis
2693 4861 3019 4926 Gandensis,
3045 4861 3256 4916 ordinis
3286 4877 3332 4915 s.
3384 4860 3674 4915 Benedicti

2739 4951 2921 5017 (Anno
2953 4951 3127 5019 1003.)

2448 5036 2708 5109 [Μίνωας.
2743 5039 2880 5107 Opp.
2916 5037 3164 5107 diplom,
3199 5039 3242 5107 Ι,
3267 5036 3416 5108 347.]

2158 5129 2434 5181 Hanmcus
2463 5125 2657 5180 divina
2684 5126 2911 5181 favente
2939 5127 3247 5181 clementia
3274 5143 3398 5182 rex.

2157 5217 2215 5271 Si
2242 5232 2309 5270 ea
2357 5232 2484 5287 quae
2522 5214 2721 5270 ﬁdeles
2751 5215 2998 5271 nostri...
3029 5216 3246 5270 Idcirco
3271 5215 3498 5270 noverit
3523 5215 3787 5271 omnium

2089 5305 2345 5360 ﬁdelium
2390 5310 2600 5359 sanctae
2662 5305 2763 5359 Dei
2807 5304 3100 5372 Ecclesia,
3125 5310 3475 5372 nostrorum,
3533 5321 3785 5374 praesen-

2087 5395 2233 5449 tium
2267 5393 2480 5447 scilicet
2521 5399 2579 5446 et
2610 5393 2935 5448 futurorum
2964 5394 3264 5459 industria,
3295 5394 3443 5463 quod
3475 5392 3563 5446 vir
3615 5410 3784 5450 vene-

357 5539 506 5608 (102)
545 5541 842 5604 Mindensi,
889 5545 954 5595 ut
991 5543 1150 5611 patet
1187 5557 1253 5596 ex
1290 5541 1602 5610 diplomate
1639 5542 1860 5596 Ottonis
1893 5542 2147 5597 secundi.
