3938 6316
134 316 231 366 253
1412 313 1807 370 DlPLOMATA
1850 316 1976 370 ECC
1989 313 2376 369 LESIASTICA

3542 311 3645 363 2st

136 436 329 490 rabilis
384 437 755 491 Eremboldus
801 435 966 502 abba,
1012 452 1076 490 ex
1137 437 1481 491 monasterio
1523 438 1829 504 Gandensi,
1859 441 1905 493 Α
1944 438 2129 509 plagis
2180 454 2243 493 ac
2300 436 2627 505 territoriis,
2711 437 2860 490 infra
2916 437 3192 491 ditionem
3243 438 3475 508 imperii
3534 456 3641 492 no-

135 526 289 595 quod
320 531 410 579 est
430 526 605 587 situm
637 525 733 578 ubi
788 525 1002 579 Scaldis
1032 525 1242 579 fluvius
1274 527 1459 596 Legite
1492 528 1665 581 ﬂuvio
1690 530 1836 598 jun-

136 614 307 683 gitur,
341 620 733 668 constructum
765 630 794 666 a
830 615 885 667 Β.
920 614 1180 668 Amando
1213 616 1481 685 pontiﬁce
1522 616 1581 669 in
1614 617 1836 670 honore

134 703 187 755 S.
225 702 381 755 Petri
413 701 690 771 principis
749 702 1163 771 apostolorum,
1218 702 1313 756 ubi
1364 704 1533 757 etiam
1596 703 1836 773 insignis

143 792 290 843 Bavo
322 790 616 843 confessor
663 790 873 844 Christi
903 789 1165 860 quiescit,
1210 790 1413 844 obtulit
1444 791 1608 844 nobis
1638 796 1835 843 aucto-

144 879 375 931 ritatem
410 878 792 931 immunitatis
822 879 1020 931 domui
1052 879 1428 932 antecessoris
1472 880 1673 941 nostri,
1725 879 1837 932 sci-

146 967 280 1019 licet
304 967 526 1021 Ottonis
550 967 910 1020 invictissimi
942 967 1322 1036 imperatoris.

214 1057 281 1109 In
324 1072 440 1126 qua
480 1056 883 1108 continebatur
920 1055 1199 1108 insertum
1263 1055 1512 1126 qualiter
1567 1058 1704 1126 ipse,
1764 1057 1837 1110 ob

142 1161 401 1198 amorem
443 1145 540 1198 Dei
571 1151 627 1198 et
666 1144 965 1213 praemium
998 1151 1225 1198 aeternas
1261 1145 1671 1211 retributionis,
1710 1163 1839 1216 pro-

144 1236 415 1302 prietates
466 1249 679 1298 rerum,
733 1235 1117 1303 quorumdam
1166 1235 1469 1303 tyrannica
1537 1234 1838 1287 invasione

142 1323 353 1390 injuste
414 1327 750 1391 praereptas,
799 1321 987 1375 eidem
1071 1323 1423 1375 monasterio
1502 1322 1838 1388 restituerit,

143 1411 369 1479 hocque
424 1426 541 1462 sum
598 1410 1052 1463 conﬁrmationis
1101 1411 1313 1480 scripto
1360 1411 1734 1477 roboraverit,
1787 1416 1845 1465 et

144 1499 298 1568 quod
332 1498 575 1567 gratiam
603 1498 869 1552 fraternae
902 1499 1193 1552 societatis
1216 1498 1275 1552 in
1316 1499 1519 1553 eodem
1556 1507 1840 1554 monaste-

144 1588 227 1640 rio
260 1587 371 1641 sibi
429 1603 754 1640 concessam
806 1588 1093 1656 habuerit,
1147 1590 1237 1641 vel
1289 1588 1536 1658 qualiter
1583 1590 1844 1642 omnium

142 1675 470 1728 exactiones
498 1674 862 1728 teloneorum
891 1674 1215 1730 indulserit.

215 1765 328 1818 Pro
346 1763 634 1817 ﬁrmitatis
674 1779 922 1833 namque
944 1764 1130 1818 studio
1153 1765 1373 1835 rogavit
1397 1781 1500 1818 nos
1536 1766 1842 1835 praedictus

148 1851 528 1906 Eremboldus
575 1852 749 1905 abbas
788 1868 912 1905 eam
959 1853 1240 1913 renovari,
1291 1853 1502 1907 scilicet
1532 1860 1617 1920 ut,
1665 1860 1844 1908 tantas

146 1941 437 1994 ﬁrmitatis
484 1941 667 2010 gratia
726 1946 975 1994 nostram
1044 1958 1271 2012 quoque
1327 1943 1844 2013 superadderemus

149 2029 571 2082 auctoritatem.
652 2027 825 2097 Cujus
903 2028 1169 2099 petitioni
1254 2030 1503 2083 libenter
1547 2047 1844 2084 assensum

149 2121 494 2184 annuentes,
530 2117 886 2171 decrevimus
944 2117 1116 2187 regite
1170 2117 1465 2188 dignitatis
1494 2124 1845 2188 praeceptum

151 2207 294 2273 ﬁeri,
356 2205 620 2259 videlicet
665 2211 726 2260 ut
782 2205 1198 2260 monasterium
1283 2222 1374 2259 res
1451 2224 1580 2261 suas
1614 2251 1624 2261 .
1657 2208 1847 2278 quiete

152 2294 457 2366 possideat,
492 2310 734 2364 quarum
771 2295 892 2348 haec
914 2300 1047 2347 sunt
1074 2294 1349 2348 vocabula
1381 2312 1393 2348 :

222 2386 340 2438 Hoc
366 2388 450 2436 est
482 2383 541 2436 in
572 2398 722 2453 pago
747 2382 1125 2452 Baagbatensi
1154 2383 1347 2436 villam
1381 2383 1672 2437 Suolmam
1698 2383 1847 2454 (103)

152 2488 283 2525 cum
323 2471 577 2525 ecclesiis
608 2472 828 2525 duabus
859 2477 914 2524 et
943 2471 1213 2525 omnibus
1259 2471 1595 2539 adjacentiis
1624 2472 1763 2538 suis,
1796 2477 1851 2525 et

152 2559 349 2612 villam
383 2559 651 2612 Holthem
682 2557 828 2628 (104)
862 2574 993 2611 cum
1021 2559 1260 2612 ecclesia
1288 2576 1351 2612 ac
1382 2559 1544 2627 silva,
1577 2564 1633 2613 et
1672 2560 1849 2614 Mere-

152 2648 335 2711 shem,
371 2651 428 2700 et
461 2647 821 2701 Fliethersele
850 2648 993 2717 (l05)
1025 2663 1155 2700 cum
1188 2647 1437 2700 ecclesiis
1485 2653 1539 2700 et
1586 2648 1851 2701 omnibus

153 2734 510 2804 appendiciis
532 2734 897 2801 eorum,etin
920 2735 1121 2788 eodem
1144 2751 1292 2805 pago
1309 2734 1468 2788 villas
1490 2735 1577 2788 his
1599 2736 1850 2789 nomini-

154 2823 259 2875 bus
282 2822 484 2886 dictas,
509 2822 714 2876 Merem
736 2828 790 2875 et
812 2823 1083 2877 Lietheka
1106 2831 1162 2876 et
1182 2824 1413 2877 Setteka
1436 2830 1492 2877 et
1521 2824 1848 2887 Cranihom,

155 2917 210 2962 et
240 2910 300 2963 in
341 2912 474 2964 Rien
500 2909 696 2963 Boholt
727 2914 892 2977 (106).
930 2913 1069 2965 Cum
1102 2911 1349 2964 ecclesiis
1407 2911 1671 2982 singulis,
1700 2912 1853 2965 silvis

1952 529 2253 598 stri,juste
2279 543 2340 580 ac
2388 526 2649 596 legaliter
2704 525 2974 596 possidet,
3037 528 3125 579 vel
3181 542 3310 597 qua:
3370 527 3641 597 deinceps

1948 616 2152 686 injure
2191 614 2370 686 ipsius
2417 614 2596 668 sancti
2652 614 2758 667 loci
2788 615 3034 667 voluerit
3063 614 3257 667 divina
3304 615 3483 683 pietas
3538 631 3644 666 au-

1950 705 2091 774 geri,
2132 705 2201 758 ad
2241 720 2438 757 causas
2475 703 2789 757 audiendas
2850 704 2936 756 vel
2979 703 3141 756 freda
3197 703 3499 773 exigenda,
3546 710 3645 755 aut

1948 796 2276 846 mansiones
2309 793 2395 846 vel
2423 797 2647 861 paratas
2670 792 2978 856 faciendas,
3003 797 3103 845 aut
3132 791 3499 860 ﬁdejussores
3532 793 3639 845 tol-

1950 881 2167 948 lendos,
2192 886 2285 934 aut
2320 880 2580 934 homines
2611 880 2763 933 illius
2808 880 2936 945 loci,
2969 886 3086 933 tam
3136 880 3421 949 ingenuos
3474 895 3645 949 quam

1948 986 2160 1031 servos,
2220 984 2393 1038 super
2424 975 2635 1022 terram
2683 968 2861 1038 ipsius
2919 974 3353 1022 commanentes
3408 968 3645 1021 distrin-

1951 1059 2186 1128 gendos,
2238 1074 2343 1113 nec
2399 1059 2545 1111 ullas
2591 1057 3005 1111 redhibitiones
3058 1064 3158 1111 aut
3213 1056 3437 1110 illicitas
3484 1073 3643 1109 occa-

1952 1147 2139 1200 siones
2196 1146 2593 1217 requirendas,
2656 1146 2863 1199 nostris
2917 1163 2982 1199 ac
3037 1145 3241 1199 futuris
3290 1144 3646 1213 temporibus

1953 1236 2178 1305 ingredi
2224 1235 2449 1305 audeat,
2516 1236 2604 1287 vel
2644 1250 2710 1286 ea
2755 1249 2883 1303 quin
2941 1250 3112 1304 supra
3155 1239 3475 1286 memorata
3514 1238 3649 1285 sunt

1952 1324 2184 1394 penitus
2214 1303 2442 1393 exigere
2472 1327 2810 1393 praesumat.
3516 1312 3519 1315 ’

2024 1412 2129 1467 Sed
2155 1418 2211 1465 et
2230 1416 2544 1464 memorato
2564 1409 2931 1474 monasterio,
2965 1426 3061 1479 spe
3083 1409 3453 1463 beatitudinis
3474 1415 3643 1463 aeter-

1957 1517 2067 1569 nae,
2099 1507 2162 1555 ut
2186 1502 2255 1553 ad
2287 1502 2529 1553 salutem
2559 1500 2767 1552 animai
2801 1514 2941 1551 meae
2963 1498 3022 1550 in
3051 1503 3261 1551 aeterna
3296 1498 3486 1568 quiete
3518 1515 3646 1569 pro-

1957 1589 2162 1657 veniat,
2196 1605 2327 1643 cum
2352 1588 2523 1642 cessis
2552 1587 2744 1654 fredis,
2805 1586 3066 1639 omnium
3116 1587 3461 1641 teloniornm
3510 1604 3646 1641 exa—

1961 1678 2176 1732 ctiones
2205 1677 2455 1731 indultas
2494 1692 2615 1730 esse
2655 1677 2914 1729 volumus
2959 1692 3021 1729 ac
3051 1675 3339 1741 remissas,
3391 1676 3534 1730 sicut
3587 1676 3647 1729 in

1953 1772 2241 1838 praecepto
2272 1764 2641 1819 antecessoris
2669 1765 2781 1819 mei
2813 1764 3142 1818 continetur
3200 1781 3211 1815 :
3272 1764 3350 1816 ita
3381 1769 3444 1816 ut
3500 1780 3647 1834 quo-

1952 1856 2060 1910 ties
2097 1871 2203 1925 pro
2236 1854 2482 1908 utilitate
2524 1852 2855 1907 monasterii
2910 1869 2972 1906 ac
3002 1853 3244 1906 fratrum
3293 1851 3520 1922 aliquas
3561 1852 3646 1906 di-

1954 1944 2061 2013 rigi
2088 1942 2410 2013 contigerit,
2444 1958 2549 2012 per
2580 1942 2801 1996 diversa
2850 1942 2974 1994 loca
3020 1941 3249 2010 imperii
3294 1940 3477 1993 nostri
3504 1957 3643 1993 eun-

1953 2034 2107 2088 tibus
2136 2038 2193 2086 et
2230 2031 2665 2095 revertentibus,
2722 2030 2935 2099 absque
2967 2030 3080 2083 ulla
3114 2028 3528 2081 sollicitationis
3556 2029 3644 2082 in-

1955 2102 2311 2193 quietudine,
2360 2119 2652 2189 negotium
2704 2134 2873 2170 suum
2920 2117 3085 2170 liceat
3124 2132 3382 2170 exercere
3447 2120 3646 2186 quate-

1956 2226 2061 2263 nus
2107 2210 2257 2278 ipsos
2308 2224 2497 2261 servos
2534 2207 2629 2261 Dei
2669 2207 2880 2260 ibidem
2922 2206 3263 2258 famulantes
3315 2220 3417 2273 pro
3450 2220 3541 2257 me
3571 2210 3649 2256 at-

1955 2316 2066 2369 que
2098 2302 2249 2350 statu
2284 2296 2447 2367 regni
2474 2314 2506 2349 a
2537 2298 2649 2349 Deo
2680 2295 2821 2348 mihi
2852 2293 3127 2359 concessi,
3169 2294 3388 2363 jugiter
3422 2292 3645 2345 miseri-

1958 2385 2209 2440 cordiam
2254 2384 2354 2439 Dei
2379 2399 2611 2438 exorare
2647 2383 2908 2437 delectet.
2953 2383 3024 2435 Ut
3053 2386 3247 2435 autem
3278 2381 3449 2450 hujus
3481 2396 3647 2433 reno-

1956 2474 2197 2527 vationis
2258 2489 2321 2526 ac
2369 2471 2820 2526 conﬁrmationis
2881 2469 3191 2523 auctoritas
3249 2469 3528 2538 majorem
3590 2468 3649 2519 in

1959 2562 2057 2615 Dei
2081 2560 2314 2613 nomine
2348 2560 2602 2613 obtineat
2631 2558 2904 2628 vigorem,
2957 2573 3135 2610 manu
3182 2556 3417 2627 propria
3456 2555 3651 2608 subter

1957 2649 2309 2712 conﬁrmavi,
2366 2648 2677 2717 aunulique
2722 2646 3095 2714 impressione
3147 2643 3427 2714 assignari
3478 2644 3642 2712 jussi.

2027 2736 2259 2801 Signum
2290 2738 2506 2789 Domini
2536 2736 2755 2788 Henrici
2782 2737 2927 2801 regis
2958 2736 3324 2787 invictissimi.

2031 2825 2352 2895 Egilbertus
2382 2823 2774 2885 cancellarius,
2816 2823 2935 2875 vice
2987 2821 3250 2891 Willigisi
3294 2820 3636 2889 archicapel-

1960 2912 2098 2976 lani,
2122 2913 2472 2983 recognovit.

156 3004 211 3051 et
239 2997 510 3051 omnibus
541 2998 893 3068 appendiciis
936 3000 1227 3069 propriis;
1258 3016 1398 3069 quas
1420 3001 1652 3070 quidem
1691 3002 1853 3054 villas
1886 3003 1925 3056 C
2034 3003 2173 3055 Data
2228 3002 2401 3055 Nonis
2434 3000 2745 3066 Februarii,
2807 3016 2957 3053 anno
3012 2997 3325 3053 Dominicae
3379 2997 3649 3051 incarna-

155 3103 287 3139 cum
319 3086 447 3138 aliis
476 3086 665 3152 rebus,
695 3088 1078 3157 quorumdam
1134 3087 1329 3141 hostili
1374 3089 1726 3158 praedatione
1756 3090 1851 3142 in—

149 3176 306 3244 juste
340 3174 626 3243 abreptas,
662 3175 928 3229 dominus
966 3181 1290 3229 antecessor
1334 3183 1527 3230 noster
1571 3177 1852 3246 gloriosus

159 3264 477 3333 imperator
500 3265 632 3334 jure
661 3280 725 3316 ac
754 3264 849 3333 pie
883 3264 1208 3317 redonavit.

231 3354 297 3406 Et
324 3352 385 3405 in
424 3351 565 3407 Rieu
595 3352 787 3406 villam
822 3354 1125 3417 Frunethe,
1158 3369 1289 3407 cum
1338 3354 1574 3408 ecclesia
1623 3362 1679 3408 et
1723 3370 1852 3408 om-

162 3442 329 3495 nibus
358 3441 703 3510 appenditiis
735 3441 998 3512 propriis.
1040 3443 1104 3495 Et
1134 3458 1335 3495 nemus
1367 3442 1584 3496 Summi
1608 3444 1856 3497 Gerotha

161 3528 307 3582 etin
336 3528 575 3581 Wilrika
632 3530 928 3585 ecclesiam
997 3547 1127 3584 cum
1185 3532 1548 3601 appenditiis.
1610 3533 1674 3584 In
1707 3547 1855 3601 pago

162 3634 396 3688 quoque
421 3617 638 3671 Scaldis
676 3619 1088 3688 possessionem
1129 3620 1403 3673 vocabulo
1439 3620 1624 3685 Erika,
1657 3625 1713 3673 et
1750 3622 1850 3674 Pa-

164 3706 468 3775 pingolant
496 3723 625 3760 cum
653 3708 888 3761 ecclesia
918 3713 973 3761 et
1005 3708 1276 3762 omnibus
1340 3709 1686 3779 appenditiis
1716 3725 1854 3779 pro—

166 3794 326 3865 priis,
358 3800 416 3848 et
445 3811 616 3864 super
653 3796 969 3849 Udrorstiet
1000 3801 1236 3858 terram,
1273 3797 1331 3850 in
1363 3814 1476 3866 qua
1508 3792 1751 3867 possunt
1780 3797 1855 3851 ali

162 3900 295 3937 oves
341 3884 695 3954 quingentae,
729 3891 785 3937 et
815 3886 1099 3956 quidquid
1154 3904 1216 3939 ex
1250 3886 1467 3940 ditione
1509 3886 1561 3941 S.
1616 3887 1857 3942 Bavonis

164 3972 221 4026 in
256 3973 574 4026 Bevelanda
620 3973 765 4039 (107)
816 3980 873 4027 et
924 3974 985 4027 in
1016 3976 1289 4041 Walacra,
1344 3981 1401 4029 et
1450 3975 1510 4028 in
1557 3976 1855 4031 Bruinsela

161 4060 449 4115 contineri
475 4061 850 4133 dignoscitur,
880 4069 937 4117 et
990 4063 1049 4116 in
1078 4064 1334 4133 Essperia
1361 4070 1571 4118 terram
1624 4064 1682 4117 in
1743 4081 1857 4135 qua

162 4154 402 4218 possunt
429 4150 583 4220 pasci
644 4166 905 4203 verveces
959 4167 1102 4214 cccc,
1163 4154 1308 4205 etin
1344 4152 1457 4205 alio
1513 4153 1638 4206 loco
1686 4169 1744 4205 cc
1800 4160 1856 4207 et

166 4241 219 4293 in
254 4239 506 4293 Holfcols
525 4255 695 4309 super
724 4239 962 4293 fluvium
996 4241 1137 4294 Lora
1168 4257 1307 4293 cccc.

232 4329 349 4381 Hoc
400 4343 555 4397 ergo,
613 4345 741 4381 cum
782 4328 939 4382 omni
970 4346 1160 4383 rerum
1219 4329 1288 4403 ad
1350 4346 1408 4384 se
1440 4330 1852 4401 pertinentium

163 4433 392 4470 summa
429 4416 780 4487 integritate,
830 4418 1239 4471 conﬁrmamus
1296 4419 1630 4489 perenniter
1662 4419 1859 4473 usibus

164 4508 404 4559 fratrum
462 4505 687 4575 praefati
716 4506 979 4571 cmnobii,
1021 4508 1125 4560 sub
1155 4512 1432 4576 perpetua
1478 4507 1858 4561 immunitatis

162 4594 516 4659 defensione,
549 4610 612 4647 ac
663 4599 877 4648 nostra:
908 4595 1264 4648 celsitudinis
1293 4596 1439 4649 facto
1489 4601 1852 4652 testamento.

166 4686 270 4737 Per
329 4682 483 4753 quod
544 4683 815 4760 jubemus
874 4689 1047 4753 atque
1103 4685 1484 4753 praecepimus
1554 4690 1616 4739 ut
1669 4686 1859 4739 nullus

161 4787 354 4825 comes
387 4775 485 4823 aut
516 4770 692 4839 judex
726 4771 1012 4839 publicus,
1066 4771 1328 4839 vicarius,
1384 4774 1712 4841 advocatus,
1760 4790 1860 4826 seu

162 4860 408 4929 quilibet
463 4876 532 4913 ex
585 4859 889 4927 judiciaria
956 4866 1231 4930 potestate
1285 4861 1342 4915 in
1392 4861 1671 4923 ecclesias,
1764 4866 1862 4915 aut

162 4951 284 5003 loca
337 4949 426 5001 vel
478 4964 668 5019 agros,
726 4965 826 5002 seu
883 4949 1137 5019 reliquas
1194 4950 1581 5019 possessiones
1636 4951 1861 5019 praefati

164 5037 523 5104 monasterii,
570 5054 711 5108 quas
755 5039 1033 5091 moderno
1089 5044 1350 5108 tempore
1402 5038 1462 5093 in
1511 5039 1864 5110 quibuslibet

233 5143 907 5216 (103)Suolmam,hodie
938 5145 1200 5199 Muninea:
1223 5145 1438 5210 Swolm,
1470 5144 1626 5197 vicus
1681 5162 1861 5216 prope

164 5215 601 5278 Sollegemium.

233 5288 382 5357 (104)
417 5287 657 5357 Holtem,
693 5287 864 5356 vulgo
896 5287 1178 5357 Hanthem,
1214 5286 1369 5340 vicus
1393 5285 1560 5339 tertio
1593 5286 1862 5339 milliario

165 5376 197 5410 a
235 5356 506 5413 Gandavo
533 5356 592 5409 in
646 5358 808 5425 cujus
840 5356 1066 5410 basilica
1108 5357 1424 5427 parochiali
1477 5357 1615 5409 olim
1672 5359 1859 5422 sepul-

166 5436 285 5482 tum
314 5428 426 5482 fuit
456 5443 662 5496 corpus
720 5432 776 5483 S.
831 5427 1015 5482 Livini
1068 5429 1322 5498 episcopi
1375 5434 1432 5482 et
1474 5428 1860 5481 Gandensium

168 5498 418 5568 patroni,
451 5498 793 5569 videturque
823 5499 1143 5553 etiamnum
1200 5500 1457 5552 tumulus
1514 5498 1726 5552 ibidem
1768 5499 1863 5551 in-

170 5571 353 5641 gentis
387 5569 575 5637 motis,
632 5585 761 5625 cum
816 5585 986 5625 cavea
1012 5570 1429 5625 subterranea:
1488 5574 1550 5622 nt
1578 5569 1637 5625 in
1688 5569 1865 5623 Fastis

1962 3090 2132 3143 tionis
2166 3090 2469 3144 millesimo
2524 3090 2715 3151 tertio,
2776 3088 3082 3142 indictione
3136 3088 3342 3157 prima,
3366 3103 3518 3139 anno
3570 3101 3650 3137 se-

1963 3179 2150 3233 cundo
2180 3179 2378 3233 domni
2410 3179 2634 3234 Henrici
2661 3178 2881 3249 regisll.

2035 3271 2235 3321 Actum
2262 3268 2320 3320 in
2338 3267 2694 3338 Aquisgrano
2725 3265 2937 3337 palatio
2966 3265 3222 3319 feliciter.

2743 3355 2873 3408 XIX.

1966 3446 2215 3514 Diploma
2249 3445 2391 3509 regis
2464 3444 2683 3497 Henrici
2770 3444 2861 3508 II,
2922 3442 3254 3495 concedentis
3314 3440 3654 3493 Adalberoni

2264 3534 2447 3586 comiti
2467 3532 2701 3584 bannum
2725 3546 2887 3598 super
2916 3534 3151 3597 agrestes
3172 3531 3348 3594 feras.

2472 3618 2659 3689 (Anno
2702 3621 2858 3682 l003,
2890 3620 2956 3671 30
2988 3617 3146 3688 Jun.)

2412 3708 2589 3775 [Ried,
2619 3708 2713 3761 ubi
2757 3723 2946 3776 supra,
2980 3724 3034 3777 p.
3074 3705 3218 3778 122]

2034 3799 2094 3851 lu
2125 3796 2357 3851 nomine
2390 3801 2596 3849 sanctae
2655 3801 2712 3848 et
2740 3794 3057 3848 individuae
3087 3792 3404 3858 Trinitatis,
3438 3794 3656 3845 HEINRI-

1965 3902 2059 3939 cus
2087 3884 2275 3937 divina
2306 3883 2529 3936 favente
2562 3881 2873 3935 clementia
2905 3896 3020 3935 rex.

2038 3973 2246 4027 Notum
2294 3971 2367 4024 sit
2426 3970 2694 4024 omnibus
2730 3969 2941 4023 nostris
2972 3968 3258 4036 ﬁdelibus,
3283 3965 3661 4037 praesentibus

1968 4062 2179 4115 scilicet
2207 4066 2261 4114 et
2291 4060 2519 4129 futuris,
2551 4059 2796 4129 qualiter
2839 4075 2967 4123 nos,
3000 4056 3169 4111 ﬁdele
3194 4072 3297 4126 per
3322 4054 3513 4107 omnia
3544 4070 3659 4107 ser-

1967 4149 2166 4202 vitium
2226 4147 2415 4201 dilecti
2471 4147 2639 4200 nobis
2694 4145 2918 4199 comitis
2969 4144 3233 4199 videlicet
3288 4141 3662 4197 Adalberonis

1971 4241 2279 4304 intuentes,
2311 4242 2484 4306 atque
2517 4235 2696 4305 ipsius
2735 4234 3209 4304 supplicationem
3234 4248 3335 4301 per
3372 4231 3659 4284 interven-

1971 4334 2095 4381 tum
2126 4324 2435 4379 venerandi
2474 4323 2736 4394 praesulis
2767 4321 3114 4377 Gotescalchi
3145 4320 3523 4382 attendentes,
3555 4318 3661 4371 sibi

1971 4422 2142 4487 prout
2171 4415 2293 4485 ipse
2324 4413 2725 4483 postulaverat,
2755 4411 2889 4481 quia
2922 4409 3185 4479 legaliter
3235 4408 3545 4479 potuimus,
3580 4423 3665 4460 re-

1972 4504 2116 4576 galis
2152 4503 2422 4573 potentiae
2455 4502 2713 4555 bannum
2762 4515 2932 4570 super
2978 4503 3229 4568 agrestes
3254 4498 3401 4551 feras
3431 4512 3661 4550 conces-

1971 4594 2150 4646 simus
2178 4591 2329 4645 inter
2354 4590 2493 4644 duos
2524 4590 2729 4643 fluvios
2754 4591 2928 4642 Ysara
2955 4594 3008 4642 et
3043 4586 3282 4642 Liubasa
3328 4593 3444 4639 tam
3493 4600 3664 4654 super

1970 4680 2260 4753 propriam
2307 4679 2506 4749 ipsius,
2556 4678 2657 4749 qui
2689 4679 2958 4749 praefatus
2987 4682 3090 4743 est,
3122 4675 3497 4730 Adalberonis
3552 4680 3666 4726 ter-

1971 4787 2116 4837 ram,
2151 4785 2325 4840 quam
2354 4784 2527 4837 super
2559 4768 2863 4821 domorum
2894 4766 3312 4837 pontiticalium
3344 4764 3431 4816 vel
3464 4779 3661 4816 mona-

1974 4856 2345 4913 steriorumin
2373 4855 2641 4922 abbaciis,
2670 4872 2798 4926 quas
2822 4855 2901 4908 ibi
2924 4855 3084 4909 nobis
3113 4853 3424 4924 pertinent,
3459 4858 3662 4913 terras,

1972 4950 2087 5003 sive
2127 4946 2388 5002 omnium
2433 4946 2663 4999 illorum
2694 4944 2997 4998 hominum
3024 4931 3252 5003 'terras,
3287 4941 3385 5012 qui
3438 4941 3494 4993 in
3534 4955 3665 5009 pre-

1972 5038 2116 5092 senti
2141 5037 2229 5090 vel
2256 5036 2317 5089 in
2354 5034 2545 5089 futuro
2568 5032 2905 5103 hujusmodi
2933 5047 3055 5086 rem
3103 5047 3233 5084 cum
3265 5046 3331 5083 eo
3381 5027 3666 5082 collauda-

1976 5143 2212 5213 Belgicis
2245 5146 2310 5195 t2
2341 5142 2476 5213 Nov.
2509 5137 2982 5213 fusius_exp_licui_.

2049 5205 2197 5285 (1⁷05)
2254 5212 2637 5285 Fliethersele,
2694 5205 2867 5285 hodie
2931 5207 3274 5285 Yliedersele
3348 5220 3445 5259 seu
3480 5205 3665 5275 vulgo

1982 5279 2282 5349 Vlierzeets,
2316 5283 2565 5337 secundo
2592 5281 2783 5352 lapide
2812 5280 2885 5333 ab
2915 5279 3128 5332 Alosto.

2047 5356 2188 5425 (t06)
2226 5347 2474 5420 Bccbolt,
2507 5347 2797 5417 Bouchout,
2847 5366 3032 5421 pagus
3070 5348 3192 5420 agri
3231 5347 3454 5403 Riensis
3486 5363 3663 5419 prOpe

1981 5426 2261 5497 Liramde
2293 5442 2406 5497 quo
2440 5440 2635 5497 supra,
2669 5425 2914 5497 pag.g2‘9.

2047 5496 2196 5565 (107)
2255 5490 2571 5550 Bevelanda
2624 5490 2691 5548 et
2751 5490 3026 5560 Walacra,
3079 5491 3283 5545 insula:
3360 5490 3664 5554 Zelandiai,

1980 5570 2261 5624 Bevertant
2279 5572 2330 5621 et
2363 5567 2647 5622 Valch-ren.
