3938 6314
268 319 370 371 ’255

1562 319 1616 372 5.
1663 318 1952 374 HENRICI
1993 318 2466 374 IMPERATORIS

3673 326 3782 378 256

269 437 412 492 bunt
431 455 491 493 in
523 437 795 492 comitatu
815 436 1100 500 Friderici,
1141 437 1240 505 qui
1263 437 1484 508 judicat
1510 438 1569 492 in
1604 440 1961 509 Hachingun.
2006 445 2047 495 A
2078 439 2364 496 videntur.
2398 439 2556 504 Quod
2598 455 2700 494 nos
2746 439 3021 509 petitione
3076 441 3374 496 Theodrici
3399 442 3782 499 Mimidonen-

269 527 328 581 in
357 543 506 597 pago
542 527 924 596 Sundergowe
955 545 971 579 :
1006 526 1257 596 primum
1309 527 1378 581 ab
1429 527 1610 581 hostio
1664 528 1966 598 praedicto-

272 631 398 669 rum
460 615 796 682 fluviorum,
861 617 1089 669 Ysaram
1144 631 1370 668 sursum
1425 633 1620 670 versus
1656 633 1838 687 usque
1896 617 1966 670 ad

275 704 647 772 llohenberg;
702 703 835 756 inde
895 703 966 755 ad
1034 703 1438 773 Huggenberg.
1480 705 1548 757 ad
1609 704 1966 769 Cumizdorf;

271 791 404 845 inde
436 791 506 844 ad
537 792 785 859 Carphse
813 795 870 844 et
928 790 1257 858 Winidowe,
1311 792 1628 845 secundum
1678 806 1812 845 vero
1871 793 1967 846 de-

279 895 508 932 cursum
571 877 829 932 ﬂuminis
873 878 1114 932 Liubase
1153 880 1422 950 (Loisach)
1454 896 1635 949 usque
1689 881 1757 934 ad
1818 879 1966 933 Wol-

279 967 729 1021 veradeshusuu.
764 968 964 1020 Nostra
994 967 1172 1037 igitur
1203 968 1401 1037 regali,
1458 973 1522 1022 ut
1571 969 1971 1038 prtescriptum

274 1059 380 1122 est,
421 1054 776 1120 auctoritate,
832 1055 982 1108 inter
1013 1055 1462 1125 praenominatos
1529 1056 1730 1110 fluvios
1763 1062 1818 1110 et
1847 1063 1970 1110 ter-

275 1143 464 1196 minos
491 1143 744 1196 bannum
780 1143 1090 1213 agrestium
1145 1143 1394 1197 ferarum
1425 1144 1475 1197 ei
1532 1144 1875 1197 tradidimus
1913 1148 1971 1197 et

275 1247 378 1301 per
410 1231 516 1284 hoc
541 1236 891 1300 praeceptum
925 1231 1352 1299 largitisumus,
1375 1232 1534 1301 regio
1565 1232 1737 1285 verbo
1779 1231 1970 1285 omni-

276 1319 442 1372 mode
469 1318 870 1372 interdicentes
900 1325 1202 1388 quatenus,
1260 1321 1367 1374 hoc
1397 1321 1637 1385 ambitu,
1698 1320 1820 1374 sine
1863 1336 1965 1374 sua

274 1407 454 1477 ipsius
485 1407 886 1474 licentia,feras
919 1407 1066 1471 illas,
1103 1424 1232 1478 qua":
1282 1408 1341 1461 in
1372 1408 1498 1462 aliis
1530 1407 1970 1462 dominicalibus

275 1494 500 1549 forestis
530 1495 589 1548 in
617 1495 807 1549 hanno
840 1501 973 1548 sunt
1005 1496 1228 1566 positae,
1269 1498 1460 1549 nullus
1515 1497 1708 1560 aliquo
1737 1496 1970 1567 ingenio

278 1584 363 1637 vel
395 1598 604 1652 genere
657 1583 902 1636 venandi
952 1584 1449 1654 audeat,deinceps
1497 1591 1744 1654 captare.
1791 1586 1854 1639 Et
1909 1589 1973 1639 ut

2078 527 2154 582 sis
2181 529 2436 598 episcopi
2469 528 2688 596 fecisse,
2726 528 2988 583 omnium
3023 537 3226 584 noscat
3254 531 3595 586 universitas
3627 534 3779 587 title-

2077 617 2243 672 lium.
2312 617 2394 672 Ad
2453 618 2576 671 haec
2633 618 2940 671 statuimus
2987 618 3140 672 utin
3175 619 3411 688 prefalaa
3468 621 3783 676 abbatissa:

2079 723 2315 776 suaeque
2355 706 2566 759 sororis
2592 706 2897 760 comitissm
2937 712 3220 776 potestate
3270 708 3588 778 predictum
3655 726 3782 763 mo-

2081 795 2394 849 nasterium
2429 800 2485 848 et
2527 795 2756 849 abbatia
2806 801 3001 849 nostro
3035 799 3306 866 persistat
3351 813 3618 851 concessu
3652 799 3780 853 die-

2078 883 2185 937 bus
2214 884 2344 937 vitae
2377 899 2608 947 earum;
2647 889 2777 950 post
2825 883 3043 938 obitum
3077 899 3211 937 vero
3243 890 3618 956 utrarumque
3677 903 3781 940 ea-

2079 987 2206 1026 rum
2231 971 2298 1024 ad
2335 977 2588 1025 nostrum
2622 972 2913 1042 publicum
2945 973 3145 1026 eadem
3169 973 3395 1027 abbatia
3421 974 3518 1044 jus
3547 974 3607 1028 in
3638 990 3778 1045 per-

2079 1066 2316 1129 petuum
2344 1059 2645 1130 pertineat.
2677 1061 2922 1132 Insuper
2955 1068 3147 1115 autem
3189 1063 3451 1116 volumus
3498 1069 3559 1115 ut
3617 1065 3780 1117 nulla

2080 1147 2266 1217 major
2298 1148 2416 1201 sive
2441 1148 2630 1201 minor
2669 1149 2828 1217 regni
2863 1149 3037 1201 nostri
3071 1165 3315 1219 persona
3349 1151 3408 1203 in
3431 1151 3630 1204 eadem
3671 1153 3779 1204 ab-

2085 1237 2238 1290 batia
2272 1236 2543 1306 placitum
2575 1237 2758 1290 facere
2785 1243 2883 1289 aut
2911 1238 3163 1307 aliquam
3194 1238 3300 1291 sibi
3332 1239 3653 1292 molestiam
3690 1240 3778 1292 in-

2078 1324 2228 1378 ferre
2258 1326 2343 1378 vel
2377 1325 2666 1394 publicam
2694 1325 3053 1379 funccionem
3103 1341 3382 1393 exercere,
3442 1327 3551 1380 nisi
3597 1329 3775 1381 advo-

2080 1417 2238 1465 catus
2263 1413 2565 1467 abbatissa‘.
2597 1419 3039 1484 sanctarumque
3069 1415 3425 1469 monialium.
3461 1417 3572 1470 Hoc
3600 1416 3779 1470 etiam

2082 1506 2273 1554 nostra
2304 1501 2480 1572 regali
2529 1508 2869 1555 auctoritate
2890 1503 3075 1556 eidem
3109 1503 3477 1556 concedimus
3530 1505 3778 1558 abbatias

2083 1594 2146 1642 ut
2198 1595 2405 1644 sanctas
2448 1591 2724 1644 moniales
2763 1590 3017 1661 ejusdem
3075 1592 3426 1656 monasterii,
3480 1593 3771 1648 abbatissa

277 1671 403 1725 haec
433 1675 644 1724 nostrae
669 1671 1051 1726 concessionis
1081 1671 1386 1725 auctoritas
1417 1671 1634 1726 stabilis
1663 1678 1721 1726 et.
1759 1671 1967 1725 incon-
2000 1719 2041 1773 Β
2081 1677 2366 1741 defuncta,
2413 1678 2698 1732 licentiam
2751 1679 3002 1733 habeant
3028 1679 3281 1749 eligendi
3331 1680 3504 1733 aliam
3536 1681 3606 1734 ad
3668 1681 3781 1735 hoc

279 1759 442 1812 vulsa
497 1764 853 1828 permaneat,
914 1759 1065 1813 hanc
1113 1760 1382 1830 praecepti
1451 1759 1629 1815 nostri
1696 1760 1967 1831 paginam

282 1863 459 1900 manu
491 1846 725 1916 propria
754 1848 1114 1914 roborantes,
1148 1848 1313 1919 signo
1343 1849 1837 1920 nostraaimaginis
1865 1849 1974 1904 im-

276 1935 451 2004 primi
473 1935 773 2006 jussimus.

348 2024 575 2089 Signum
639 2023 828 2078 damni
872 2027 1094 2079 Henrici
1163 2027 1309 2092 regis
1347 2027 1712 2088 invictissimi.
1761 2027 1974 2097 (Mono-

280 2111 571 2181 gramma.)

352 2199 670 2269 Egilbertus
721 2200 1094 2255 cancellarius
1145 2201 1264 2256 vice
1305 2203 1570 2274 Willigisi
1627 2203 1973 2275 archicapel-

284 2287 403 2340 lani
435 2287 756 2357 recognovi.

354 2377 494 2428 Data
527 2392 566 2429 ιι
602 2376 725 2429 Kal.
782 2375 939 2442 Julii,
1001 2393 1151 2430 anno
1184 2377 1495 2432 Dominicse
1564 2379 1980 2436 incarnationis

291 2465 443 2529 l003,
504 2463 774 2529 indict.1,
807 2480 958 2517 anno
989 2481 1123 2519 vero
1174 2465 1370 2520 domni
1431 2467 1684 2523 Heiurici
1743 2469 1981 2524 secundi

284 2567 449 2620 regn.
484 2551 758 2616 secundo,
789 2555 993 2605 Actum
1027 2553 1376 2624 Radespone.

569 2640 700 2694 Cum
732 2639 917 2708 sigillo
949 2641 1195 2696 maxima
1218 2657 1284 2695 ea:
1309 2646 1469 2711 parte
1495 2645 1692 2708 fracto.

1094 2765 1197 2820 ΧΧ.

293 2872 354 2925 S.
416 2871 656 2923 Heinrici
690 2871 1039 2938 privilegium
1113 2871 1432 2926 Frederunae
1491 2873 1782 2927 abbatissa:
1857 2889 1978 2926 con-

1029 2974 1248 3013 cessum.

929 3065 1109 3135 (Anno
1164 3066 1339 3136 1004.)

717 3167 989 3239 [Dronke,
1019 3172 1115 3225 ubi
1143 3187 1335 3241 supra,
1356 3187 1411 3240 p.
1442 3171 1555 3243 60.]

362 3273 421 3327 C.
478 3275 542 3328 In
600 3276 836 3331 nomine
895 3281 1104 3331 sancta;
1166 3283 1224 3330 et
1299 3275 1614 3330 individua:
1665 3276 1976 3343 Trinitatis,

293 3361 592 3420 HEINBICUS
619 3365 813 3419 divina
841 3365 1064 3418 favente
1096 3365 1396 3419 clementia
1438 3380 1552 3418 rex.

360 3450 628 3506 Omnium
673 3460 885 3507 sanctas
926 3453 1023 3507 Dei
1055 3452 1319 3506 Ecclesiae
1345 3457 1792 3524 nostrorumque
1832 3454 1979 3508 tide-

288 3537 428 3591 lium
459 3541 824 3609 praesentium
846 3557 910 3594 ac
931 3542 1257 3594 futurorum
1275 3540 1589 3610 comperiat
1620 3542 1980 3610 universitas,

289 3628 534 3695 qualiter
605 3631 819 3683 domna
898 3629 1224 3682 Frederuna
1287 3629 1632 3683 venerabilis
1692 3630 1977 3686 abbatissa

290 3714 528 3784 ejusque
567 3732 730 3770 soror
755 3718 933 3770 Imma
968 3715 1278 3784 comitissa,
1312 3717 1532 3771 Gerone
1589 3717 1795 3772 comite
1829 3720 1985 3790 adju-

292 3808 482 3868 vante,
553 3809 997 3858 construxerunt
1076 3805 1362 3875 quoddam
1449 3807 1856 3861 monasterium
1913 3809 1984 3863 ad

292 3889 570 3944 honorem
603 3897 813 3946 sanctas
845 3891 947 3947 Dei
998 3893 1292 3963 genitricis
1331 3898 1386 3948 et
1415 3898 1708 3965 perpetuae
1751 3895 1985 3966 virginis

294 3977 480 4032 Mariae
509 3979 852 4047 dedicatum,
878 3981 948 4035 ad
984 3981 1136 4050 quod
1167 3997 1395 4035 omnem
1427 3981 1845 4047 haereditatem,
1877 3983 1986 4038 hoc

295 4069 381 4118 est
431 4065 792 4127 [{eminetan.
829 4069 1069 4139 Haegen,
1125 4069 1334 4140 Barigi,
1376 4070 1716 4138 Tundiriun,
1751 4071 1980 4140 Othere,

293 4154 414 4208 haec
438 4161 572 4209 sunt
609 4155 670 4210 in
701 4157 914 4226 Tilithi,
961 4158 1197 4211 Varstan
1228 4158 1287 4211 iu
1314 4161 1489 4228 Auga,
1544 4159 1752 4224 Bothe,
1784 4159 1843 4213 in
1874 4161 1984 4214 Wi-

2086 1766 2371 1820 idoneam.
2404 1768 2466 1821 Et
2496 1773 2559 1821 ut
2587 1767 2760 1836 hujus
2794 1775 3001 1822 nostras
3033 1767 3390 1822 auctoritatis
3419 1776 3777 1840 praeceptum

2085 1854 2308 1908 firmius
2321 1855 2751 1927 omnitempore
2775 1862 3118 1925 perseveret,
3143 1857 3286 1910 hanc
3303 1856 3575 1925 paginam
3597 1873 3776 1912 manu

2085 1945 2319 2014 pr0pria
2375 1944 2732 2011 roborantes,
2783 1944 2972 2014 sigillo
3023 1950 3216 1998 nostro
3289 1945 3565 2016 jussimus
3639 1945 3782 2000 insi-

2085 2032 2255 2102 gniri.

2154 2121 2388 2187 Signum
2434 2120 2619 2174 damni
2670 2122 2911 2174 Heinrici
2957 2120 3142 2186 (L.M.)
3192 2123 3337 2188 regis
3411 2123 3786 2177 invictissimi.

2161 2208 2482 2278 Egilbertus
2529 2208 2898 2262 cancellarius
2945 2209 3063 2261 vice
3123 2209 3384 2280 Willigisi
3434 2210 3790 2281 archicapel-

2087 2297 2198 2350 lani
2234 2296 2448 2350 notavi.

2161 2385 2298 2438 Data
2329 2401 2428 2439 uu.
2464 2386 2605 2439 Non.
2639 2385 2966 2450 Novembr.,
2995 2401 3146 2438 anno
3182 2384 3490 2439 Domimcae
3522 2385 3791 2439 incarna-

2091 2472 2258 2527 tionis
2293 2474 2448 2538 1004,
2483 2472 2799 2526 indictione
2848 2490 2907 2534 ιι,
2964 2489 3115 2526 anno
3180 2489 3311 2526 vero
3373 2473 3574 2527 domui
3617 2474 3792 2529 Hein-

2087 2560 2192 2614 rici
2221 2563 2272 2615 II
2305 2561 2453 2631 regis
2483 2578 2562 2614 111.
2597 2563 2799 2616 Actum
2825 2560 3218 2630 Magadeburc.

2868 2685 2998 2738 XXI.

2090 2792 2336 2860 Diploma
2365 2791 2422 2845 S.
2456 2792 2679 2844 Henrici
2719 2790 3104 2844 Keminadensi
3128 2792 3406 2857 virginum
3457 2795 3793 2846 monasterio

2770 2893 3071 2932 concessum
3083 2917 3098 2932 .

2733 2985 2920 3050 (Anno
2974 2983 3150 3050 1004.)

2091 3091 2487 3144 Monasterium
2537 3089 2635 3143 sub
2691 3104 2793 3142 sua
2842 3090 3173 3156 proiectione
3225 3089 3453 3155 suscipit
3479 3091 3530 3140 et
3572 3088 3791 3140 moniu-

2253 3178 2393 3232 tibus
2420 3182 2738 3247 potestatem
2765 3177 3020 3243 eligendae
3046 3177 3327 3229 abbatissa:
3359 3174 3616 3229 concedit.

2408 3264 2699 3337 [Martene,
2728 3268 2918 3335 Ampi.
2990 3266 3201 3322 Cottect.
3239 3265 3280 3331 Ι,
3315 3265 3458 3329 365.]

2161 3376 2221 3428 In
2254 3373 2488 3426 nomine
2527 3379 2736 3427 sanctae
2791 3379 2844 3426 et
2896 3372 3204 3426 individuae
3256 3371 3572 3438 Trinitatis,
3629 3373 3790 3426 “EN-

2089 3478 2241 3516 l'thUS
2267 3461 2459 3515 divina
2487 3461 2714 3515 favente
2744 3461 3046 3514 clementia
3066 3477 3182 3514 rex.

2161 3549 2431 3604 Omnium
2445 3554 2652 3602 sanctae
2669 3549 2766 3602 Dei
2785 3549 3039 3602 Ecclesiae
3053 3554 3491 3618 nostrorumque
3504 3546 3788 3614 ﬁdelium,

2089 3636 2461 3707 praesentium
2491 3653 2556 3690 ac
2583 3635 3259 3706 futurorum,comperiat
3283 3635 3628 3689 universitas
3651 3651 3794 3705 qua-

2089 3725 2222 3780 liter
2240 3725 2476 3780 domina
2493 3725 3042 3779 Friderunanecuon
3056 3723 3360 3784 abbatissa,
3376 3725 3612 3793 ejusque
3626 3739 3793 3776 soror

2092 3815 2275 3868 Imma
2295 3813 2597 3876 comitissa.
2621 3815 2843 3868 Gerone
2869 3812 3076 3867 comite
3098 3813 3421 3883 adjuvante.
3455 3816 3793 3865 construxe-

2092 3908 2230 3956 runt
2252 3903 2543 3974 quoddam
2574 3901 2718 3973 (108)
2748 3902 3159 3956 monasterium
3189 3901 3248 3954 in
3272 3901 3547 3954 honorem
3576 3905 3792 3954 sanctae.

2097 3991 2196 4045 Dei
2213 3990 2502 4060 genitricis
2515 3996 2571 4044 et
2589 3996 2881 4061 perpetuae
2894 3990 3133 4060 virginis
3147 3989 3331 4044 Mariae
3351 3988 3674 4042 dedicatum
3686 4032 3700 4056 ,
3718 3989 3793 4043 ad

2096 4079 2248 4149 quod
2277 4095 2508 4133 omnem
2532 4079 2946 4146 hazreditatem,
2980 4081 3087 4132 hoc
3108 4083 3191 4133 est
3244 4077 3646 4142 Keminadam,
3681 4078 3794 4132 Ho-

2096 4183 2229 4236 gen,
2277 4167 2484 4237 Barigi,
2516 4167 2880 4231 Tundivium,
2905 4167 3145 4236 Othere;
3175 4167 3296 4220 haac
3325 4170 3459 4219 sunt
3495 4165 3557 4219 in
3585 4165 3791 4220 Tilichi

295 4243 662 4338 lfanaveldep
693 4247 1034 4338 Bardenvv-ic,
1101 4249 1590 4338 Hotmannessun,
1677 4249 1981 4338 Witthorp,
2012 4286 2054 4338 Β
2094 4257 2373 4310 Warstan.
2432 4256 2494 4310 in
2550 4259 2712 4326 Auga
2745 4255 2992 4321 Rohten,
3025 4256 3086 4309 in
3115 4253 3520 4308 Wakenafalde
3581 4255 3791 4308 Barde-

299 4331 578 4403 Britlingi,
604 4333 1113 4404 Biangibudiburg.
1138 4335 1597 4407 Adduncsthorp,
1625 4337 1980 4402 Hatherbiki,

297 4420 694 4475 Bodanhuson.
741 4422 1114 4493 Sutherburg,
1157 4424 1217 4476 in
1276 4425 1596 4494 Bardanga,
1646 4425 1890 4489 Claniki,
1929 4425 1989 4479 in

298 4509 561 4575 Drevaui,
623 4511 1227 4581 Wigmannesburstal,
1277 4513 1721 4582 Bennedestorp,
1763 4513 1822 4566 in
1871 4513 1989 4567 Mo-

298 4596 428 4664 sidi,
490 4598 712 4665 Widila,
782 4600 1140 4666 Waldersidi,
1211 4586 1545 4668 Kokerbiki,
1603 4601 1662 4653 in
1695 4601 1986 4671 Heilanga,

298 4685 537 4751 Holana,
587 4687 736 4753 Aun,
770 4687 965 4754 Setila,
1023 4688 1082 4741 in
1119 4689 1472 4758 Hoglrunga,
1519 4687 1797 4758 Hepstidi,
1841 4689 1988 4744 Sini-

297 4790 418 4843 gas,
449 4779 764 4844 cunctaque
798 4791 992 4830 carum
1043 4777 1135 4830 hic
1164 4780 1587 4847 prememorata
1637 4778 1838 4846 predia
1867 4793 1991 4849 gra-

297 4861 519 4916 tissima
570 4862 860 4917 voluntate
892 4863 1275 4930 tradiderunt,
1308 4879 1438 4934 quin
1470 4879 1600 4916 vero
1632 4865 1738 4918 sita
1764 4871 1898 4919 sunt
1926 4867 1987 4920 in

299 4958 576 5012 comitatu
608 4959 920 5014 Bernhardi
965 4960 1145 5029 ducis,
1205 4960 1379 5029 unde,
1438 4965 1690 5015 nostram
1739 4963 1992 5033 regalem

299 5063 582 5118 aggressaa
615 5049 994 5117 majestatem,
1027 5048 1315 5119 supplices
1337 5054 1682 5118 rogaverunt
1711 5055 1772 5104 ut
1802 5050 1992 5120 ipsum

300 5135 714 5190 monasterium
745 5137 807 5191 in
858 5137 1042 5192 nostri
1095 5136 1508 5191 mundiburdio
1549 5137 1990 5208 susciperemus,

300 5223 543 5296 talisque
594 5225 870 5279 libertatis
900 5242 965 5280 ac
994 5224 1139 5295 legis
1164 5225 1476 5295 primatum
1528 5227 1990 5293 concederemus,

300 5313 530 5381 quelem
561 5314 963 5377 Gandesheim,
1013 5313 1423 5383 Quitilinburg,
1458 5315 1758 5369 Heriwurti
1796 5321 1994 5370 tenere

377 5487 525 5556 (108)
587 5489 741 5542 Istud
800 5488 1215 5543 monasterium
1281 5505 1545 5544 successu
1600 5491 1874 5559 temporis
1932 5491 1995 5546 in

308 5559 745 5629 praeposituram
777 5560 1031 5613 Corbeiae
1088 5575 1254 5613 novre
1285 5577 1642 5630 conversum,
1673 5562 1996 5616 faventibus

2095 4344 2226 4411 wik,
2279 4345 2808 4410 Hottmannessum,
2860 4344 3142 4414 Wintorp,
3219 4342 3503 4413 Britlingi,
3565 4343 3790 4413 Biangi,

2099 4432 2413 4502 Budiburg,
2484 4432 2909 4503 Addunestorp,
2985 4431 3322 4496 Hatterbiki,
3386 4431 3792 4501 Bodenhusen,

2097 4520 2433 4587 Suterburg,
2495 4521 2556 4575 in
2604 4522 2902 4591 Gardanga
2962 4521 3260 4591 Clomkey;
3292 4521 3352 4574 in
3393 4522 3616 4574 Drevan
3646 4520 3798 4592 Wig-

2099 4609 2628 4680 manuesburgscal,
2705 4611 3095 4679 Bennestorp;
3180 4609 3239 4662 in
3299 4607 3501 4664 Mosidi
3565 4608 3791 4674 Widila,

2097 4697 2455 4766 Waldersidi,
2486 4697 2856 4764 Kokerbilki;
2886 4697 2944 4751 in
2979 4698 3253 4767 Heilanga
3300 4697 3537 4758 Holana,
3568 4700 3788 4750 Aunse-

2098 4786 2231 4852 tila;
2273 4785 2334 4838 in
2383 4787 2708 4856 Hostrunga
2751 4785 3103 4856 Hepenstidi,
3160 4784 3414 4856 Sungad,
3477 4789 3796 4856 cunctaque

2099 4889 2298 4928 eorum
2328 4872 2420 4926 hic
2450 4881 2887 4944 praememorata
2915 4871 3152 4944 {praedia
3209 4873 3533 4943 gratissima
3587 4873 3795 4926 volun—

2099 4966 2215 5016 tate
2263 4962 2639 5016 tradideruut.
2690 4962 2829 5027 Quae
2875 4977 3008 5015 vero
3066 4962 3176 5015 sita
3231 4960 3454 5014 suntin
3513 4959 3792 5013 comitatu

2102 5050 2339 5104 Bevardi
2367 5050 2546 5116 ducis,
2582 5051 2750 5116 unde,
2789 5056 3042 5104 nostram
3076 5050 3332 5120 regalem
3361 5063 3646 5118 aggressa:
3678 5064 3792 5102 ma-

2094 5138 2386 5208 jestatem,
2423 5141 2708 5210 supplices
2762 5143 3131 5209 rogaverunt,
3176 5144 3238 5192 ut
3267 5137 3459 5208 ipsum
3498 5140 3791 5190 monaste-

2102 5226 2253 5280 rium
2286 5226 2347 5280 iu
2375 5233 2572 5282 nostro
2614 5227 3028 5298 mundiburgio
3059 5226 3499 5296 susciperemus,
3550 5224 3798 5296 talisque

2103 5315 2384 5371 libertatis
2431 5333 2494 5371 ac
2551 5317 2689 5388 legis
2743 5317 3056 5389 primatum
3113 5316 3583 5383 concederemus,
3654 5331 3796 5384 qua-

2105 5491 2369 5571 anlrado
2410 5493 2455 5571 Il
2479 5491 2825 5571 imperatore
2878 5495 2934 5571 et
2975 5491 3228 5571 Eugenio
3255 5507 3406 5562 papa
3439 5491 3536 5555 Ill,
3565 5491 3801 5545 tandem

2107 5564 2176 5618 ad
2203 5562 2652 5616 Brunswicenses
2681 5564 2852 5617 duces
2877 5562 3122 5617 transiit.
