3938 6306
167 294 268 345 ‘257

162 510 360 559 tenere
390 505 673 559 viderunt.
720 504 880 568 Quod
916 520 1014 558 nos
1044 506 1320 575 petitione
1364 505 1698 560 Theoderici
1731 506 1874 561 Min-

163 593 438 647 donensis
479 593 729 664 episcopi
784 592 982 647 fecisse
1023 594 1260 648 omnino
1290 599 1487 648 noscat
1533 594 1874 648 universitas

163 681 443 735 ﬁdelium.
487 682 571 736 Ad
620 682 727 736 hoc
760 681 1067 735 statuimus
1098 688 1158 735 ut
1190 682 1249 735 in
1281 682 1533 753 praefatae
1572 683 1872 737 abbatissae

162 786 401 840 suasque
454 770 665 823 sororis
719 770 1022 824 comitissre
1072 770 1409 840 praedictum
1454 771 1872 825 monasterium

162 862 218 910 et
275 858 506 911 abbatia
565 864 760 912 nostro
821 859 1093 928 persistat
1145 875 1426 913 consensu
1481 859 1683 913 diebus
1743 859 1873 912 vita;

162 961 404 1012 eorum;
464 951 597 1016 post
654 946 873 1000 obitum
924 963 1058 1001 vero
1112 952 1488 1017 utrarumque
1537 964 1737 1001 earum
1800 948 1871 1001 ad

160 1040 423 1087 nostrum
454 1035 750 1105 publicum
781 1035 983 1089 eadem
1022 1036 1247 1090 abbatia
1290 1037 1386 1106 jus
1426 1035 1486 1089 in
1532 1040 1873 1106 perpetuum

162 1123 469 1192 pertineat.
524 1124 763 1193 Insuper
814 1129 1005 1177 autem
1055 1125 1320 1177 volumus
1372 1127 1435 1177 ut
1481 1124 1639 1177 nulla
1690 1123 1875 1194 major

163 1216 262 1264 aut
307 1212 499 1265 minor
546 1212 709 1282 regni
756 1212 935 1266 nostri
992 1228 1239 1282 persona
1282 1212 1343 1265 in
1397 1212 1594 1266 eadem
1646 1212 1873 1265 abbatia

162 1298 440 1368 placitum
472 1300 678 1366 facere,
721 1306 820 1353 aut
867 1301 1120 1371 aliquam
1150 1300 1256 1353 sibi
1287 1300 1610 1354 molestiam
1638 1299 1868 1363 inferre,

165 1387 252 1439 vel
285 1388 572 1457 publicam
614 1386 966 1442 functionem
998 1389 1223 1458 exigere
1259 1389 1485 1458 [suppl.,
1517 1389 1869 1458 praesumat],

166 1475 278 1528 nisi
331 1477 636 1531 advocatus
682 1477 981 1531 abbatissae
1014 1482 1465 1548 cunctarumque
1512 1478 1869 1531 monialium.

168 1564 281 1617 Hoc
330 1565 500 1619 etiam
549 1572 741 1619 nostra
784 1566 962 1635 regali
1021 1566 1354 1619 auctoritate
1395 1567 1462 1620 ad
1516 1567 1625 1620 hoc
1672 1582 1873 1619 conce-

164 1654 357 1709 dimus
408 1654 674 1719 abbatize,
736 1658 797 1706 ut
844 1654 1304 1707 sanctiuioniales
1358 1655 1614 1723 ejusdem
1669 1670 1867 1708 mona-

165 1742 349 1806 sterii,
392 1742 671 1795 abbatissa
710 1742 995 1803 defuncta,
1027 1743 1318 1796 licentiam
1347 1742 1595 1796 habeant
1626 1743 1873 1813 eligendi

165 1830 340 1883 aliam
395 1830 464 1883 ad
519 1831 627 1883 hoc
684 1831 970 1883 idoneam.
1033 1832 1095 1884 Et
1149 1836 1212 1884 ut
1264 1836 1470 1885 nostri?
1519 1832 1873 1885 auctoritatis

166 1925 521 1989 praeceptum
569 1918 792 1972 ﬁrmius
838 1918 996 1972 omni
1044 1924 1302 1989 tempore
1342 1925 1683 1989 perseveret,
1727 1920 1874 1973 hanc

166 2008 441 2077 paginam
473 2022 647 2060 manu
691 2007 924 2076 propria
965 2007 1298 2061 roborantes
1330 2008 1493 2077 signo
1526 2012 1722 2061 nostro
1748 2008 1874 2077 jus-

168 2096 355 2148 siiuus
387 2095 672 2164 insigniri.

239 2181 469 2247 Signum
490 2181 676 2234 domni
698 2183 915 2235 Henrici
934 2182 1079 2247 regis
1100 2181 1467 2234 invictissimi.

240 2268 539 2337 Egibertus
590 2268 959 2322 cancellarius
998 2269 1114 2321 vice
1153 2267 1408 2337 Willigisi
1439 2267 1877 2337 archicapellaui

168 2356 381 2409 notavi.

242 2446 383 2498 Data
430 2462 481 2498 ιν
522 2445 710 2498 Nonas
743 2444 1099 2508 Novembris,
1145 2460 1297 2498 anno
1333 2443 1646 2498 Dominicaa
1691 2444 1875 2497 incar-

167 2532 425 2586 nationis
468 2535 621 2601 tOOi»,
656 2532 968 2587 indictione
1018 2550 1075 2597 Il,
1119 2549 1270 2586 anno
1323 2548 1454 2585 vero
1492 2532 1689 2586 domui
1725 2534 1877 2586 Hen-

169 2622 271 2675 rici
306 2622 476 2691 regis.
524 2665 535 2674 .
582 2662 594 2675 .
644 2663 655 2674 .

236 2715 443 2763 Actum
475 2710 878 2780 Magadeburg.

975 2799 1130 2853 XXII.

239 2888 298 2940 S.
356 2886 631 2941 Henricus
680 2888 929 2942 Ecclesia
975 2888 1241 2943 Comensis
1271 2887 1564 2955 privilegia
1595 2885 1879 2951 conﬁrmat

706 2980 756 3029 et
769 2978 1129 3045 possessiones
1160 2979 1341 3042 auget.

827 3065 1009 3134 (Anno
1046 3062 1224 3133 1004.)

544 3151 818 3222 nghelli,
853 3154 1027 3206 Italia
1064 3167 1243 3217 sacra,
1279 3151 1336 3214 V,
1366 3151 1513 3219 280.]

245 3242 310 3293 In
340 3240 577 3294 nomine
604 3247 813 3294 sancta).
838 3248 893 3295 et
917 3240 1229 3294 individuus
1247 3239 1559 3303 Trinitatis,
1597 3241 1640 3293 II
1656 3254 1881 3293 ENRICUS

176 3330 526 3382 Francorum
554 3332 880 3400 pariterque
906 3328 1409 3398 Longobardorum
1437 3327 1628 3381 divina
1658 3326 1881 3381 favente

173 3417 484 3470 clementia
517 3433 634 3471 rex.

246 3506 457 3558 Notum
504 3506 577 3558 sit
627 3505 893 3558 omnibus
948 3504 1155 3558 nostris
1205 3501 1651 3570 tidelibusquia,
1705 3501 1881 3555 inter-

176 3600 352 3647 ventu
410 3590 674 3646 Everardi
723 3593 962 3646 Cumani
994 3591 1243 3662 episwpi
1292 3591 1484 3645 divino
1518 3595 1799 3659 respectu,
1828 3595 1884 3643 et

176 3681 435 3734 remedio
488 3680 1031 3750 gloriosissimorum
1080 3694 1504 3732 antecessorum
1555 3686 1883 3730 nostrorum

176 3768 618 3839 imperatorum,
650 3774 702 3822 et
734 3768 1147 3838 propagatione
1179 3766 1340 3835 regni
1390 3764 1588 3830 nostri,
1620 3765 1885 3817 dedimus

178 3858 236 3911 in
282 3860 573 3927 integrum
622 3874 686 3910 ac
730 3858 788 3910 in
835 3865 1178 3927 perpetuum
1231 3856 1287 3909 8.
1343 3854 1608 3908 Abundio
1652 3869 1881 3906 omnem

177 3948 334 4000 illam
369 3953 593 4017 partem
624 3946 693 3999 de
744 3956 926 3999 castro
972 3945 1298 4006 Berinzona,
1350 3958 1479 4012 qua)
1519 3942 1586 3995 ad
1634 3948 1882 3993 nostram

176 4036 469 4104 publicam
505 4034 782 4104 pertinuit
820 4041 935 4086 tam
966 4033 1121 4086 intus
1149 4048 1321 4103 quam
1354 4030 1511 4093 foris,
1538 4046 1665 4082 cum
1699 4028 1882 4082 omni-

175 4124 282 4178 bus
322 4122 673 4194 appeudiciis
723 4129 781 4176 et
821 4121 1179 4191 pertinentiis
1227 4120 1365 4187 suis,
1415 4136 1544 4171 cum
1597 4119 1882 4178 mercatis,

176 4212 486 4275 theloneis,
531 4227 661 4263 cum
713 4210 978 4264 omnibus
1028 4209 1271 4277 publicis
1316 4208 1596 4261 reditibus
1644 4212 1699 4259 et
1752 4206 1883 4259 fun-

176 4301 486 4367 ctiouibus,
518 4315 647 4352 cum
687 4299 810 4369 ipsa
836 4313 1065 4368 quoque
1106 4305 1288 4367 porta,
1332 4311 1460 4366 quae
1491 4295 1719 4365 publico
1754 4294 1879 4347 usui

175 4391 457 4444 hactenus
487 4386 810 4450 deservivit,
863 4392 925 4439 ut
972 4387 1168 4448 libere,
1213 4400 1431 4449 secure,
1464 4384 1677 4454 quiete,
1727 4382 1880 4452 paci-

177 4480 283 4533 ﬁce
316 4493 448 4531 cum
492 4475 651 4530 omni
685 4481 1000 4546 potestate;
1035 4480 1091 4527 et
1135 4472 1288 4526 idem
1324 4472 1633 4526 Everardus
1666 4472 1882 4540 episco-

177 4586 285 4639 pus
317 4568 627 4631 Cumanus,
665 4582 767 4635 pro
808 4565 1139 4633 integritate
1184 4578 1299 4615 suae
1352 4561 1486 4615 tidei
1536 4566 1591 4614 et
1635 4560 1883 4630 puritate

178 4656 424 4720 servitii,
455 4660 511 4707 et
541 4670 741 4707 omnes
773 4652 859 4705 sui
884 4668 1235 4706 successores
1265 4650 1517 4703 habeant
1544 4658 1602 4705 et
1630 4652 1881 4711 teneant,

178 4751 235 4799 et
272 4742 557 4815 quidquid
608 4757 807 4795 eorum
862 4741 1122 4793 voluntas
1171 4739 1502 4804 decreverit,
1558 4737 1627 4791 ad
1669 4736 1885 4789 cultum

178 4834 441 4888 disiuum
470 4831 718 4897 faciant;
751 4829 884 4901 quia
917 4829 1250 4899 praedictum
1291 4833 1538 4881 castrum
1587 4824 1888 4879 Birinzona

179 4938 308 4976 cum
363 4922 633 4973 omnibus
680 4935 808 4989 quin
861 4924 931 4973 ad
986 4918 1128 4973 illud
1189 4918 1342 4971 intus
1397 4923 1496 4970 aut
1526 4915 1661 4968 foris
1710 4912 1887 4985 perti-

180 5014 457 5075 nuerunt,
512 5025 545 5062 a
597 5016 787 5061 nostro
839 5008 971 5077 jure
1032 5013 1088 5060 et
1142 5005 1424 5070 dominio,
1480 5010 1538 5057 et
1608 5003 1679 5056 ab
1730 5002 1889 5055 omni

180 5100 414 5169 publica
445 5096 802 5167 repetitione,
844 5098 905 5149 in
931 5097 1026 5166 jus
1065 5099 1122 5149 et
1168 5094 1489 5149 dominium
1538 5091 1592 5146 8.
1638 5088 1891 5144 Abundii

255 5273 406 5343 (l09)
437 5272 851 5328 Gandersheim
880 5271 1302 5325 nobilissimum
1343 5268 1639 5343 virginum.
1665 5265 1898 5343 Benedi-

184 5337 472 5399 ctinarum
538 5346 949 5397 monasterium
1006 5345 1064 5395 in
1123 5343 1329 5396 ducatu
1392 5337 1801 5393 Brunswicensi
1863 5353 1893 5389 a

184 5418 493 5486 Liutolpho
541 5416 824 5469 Saxonum
870 5416 1013 5467 duce
1058 5419 1113 5466 et
1160 5415 1278 5467 Oda
1316 5412 1439 5481 ejus
1478 5410 1722 5478 conjuge
1771 5406 1896 5461 fun-

185 5489 382 5545 datum
420 5487 523 5541 t'uit
557 5487 705 5539 ciica
731 5502 943 5538 annum
970 5486 1093 5538 852.

258 5563 304 5623 (1
324 5560 412 5628 10)
445 5558 597 5612 Istud
627 5556 1037 5611 monasterium
1074 5552 1332 5608 condidit
1362 5550 1648 5607 Mathildis
1676 5547 1895 5618 regina,

1428 294 1824 351 DIPLOMATA
1862 292 2419 351 ECCLESIASTICA.

164 418 276 470 lem
310 418 463 487 (109)
488 414 894 471 Gandersheim
916 417 1087 487 (110),
1124 416 1531 487 Guiutiliburg,
1570 418 1871 473 Gernivisti
1908 422 1955 473 Α
1985 417 2222 473 omnino
2291 418 2763 485 trausfundimus,

3579 300 3685 353 258

2841 417 3118 479 dedimus,
3199 420 3556 487 donavimus,
3621 428 3687 476 ut

1980 508 2195 578 absque
2223 506 2341 560 ullo
2386 512 2645 577 respectu
2700 511 2756 560 et
2799 506 2919 560 sine
2980 508 3139 561 omni
3192 508 3422 578 publica
3464 510 3687 581 inquie-

1980 596 2200 663 tudine,
2248 594 2441 649 omnia
2488 595 2811 666 supradicta
2850 595 3195 666 pertinentia
3241 612 3369 650 cum
3412 599 3587 651 servis
3630 604 3688 652 et

1982 684 2199 738 ancillis
2232 684 2308 737 ita
2339 689 2590 745 teneant,
2628 684 2907 754 judicent,
2951 684 3242 749 ordinent,
3292 684 3436 739 sicut
3482 691 3688 740 caetera

1979 773 2121 836 loca,
2164 788 2293 842 quae
2340 777 2470 825 ante
2528 778 2761 826 centum
2813 788 2992 825 annos
3045 773 3286 827 ecclesia
3331 773 3386 827 8.
3437 773 3687 827 Abundii

1982 860 2301 931 acquisivit,
2338 866 2394 913 et
2424 861 2625 914 tenuit.
2664 861 2830 914 Decet
2862 861 3015 913 enim
3058 866 3115 914 et
3144 876 3325 931 regno
3356 867 3556 915 nostro
3602 865 3688 915 est

1979 949 2399 1003 incrementum
2442 949 2511 1002 de
2554 949 2625 1002 iis
2665 965 2793 1020 qua:
2846 950 2994 1002 Deus
3038 949 3220 1016 dedit,
3259 949 3501 1015 donare,
3546 954 3604 1003 et
3636 950 3688 1003 ei

1981 1039 2261 1091 honorem
2305 1037 2623 1091 retribuere
2681 1037 2781 1107 qui
2842 1036 3020 1106 gratis
3070 1036 3330 1100 honorat,
3382 1043 3438 1091 et
3485 1054 3519 1091 a
3570 1054 3686 1108 quo

1981 1126 2170 1181 omnis
2200 1127 2386 1180 honor
2405 1126 2681 1195 procedit.
2717 1127 3068 1179 Honoremus
3099 1141 3237 1195 ergo
3265 1131 3510 1193 sanctos,
3542 1126 3686 1179 dite-

1982 1231 2109 1268 mus
2141 1216 2263 1268 loca
2292 1220 2642 1283 sanctorum,
2692 1220 2748 1267 et
2791 1214 2942 1284 ipsos
2986 1215 3138 1283 apud
3185 1215 3364 1267 Deum
3399 1216 3687 1284 adjutores

1981 1304 2293 1358 habeamus
2343 1309 2399 1357 et
2447 1304 2874 1358 intercessores.
2924 1304 3031 1356 Per
3086 1304 3195 1356 hoc
3250 1303 3403 1356 enim
3462 1305 3686 1372 praede-

1981 1408 2227 1446 cessores
2271 1391 2452 1445 nostri
2485 1392 2729 1444 multum
2766 1393 2881 1445 Deo
2922 1392 3287 1460 placuerunt,
3325 1407 3431 1461 per
3473 1390 3582 1443 hoc
3632 1396 3689 1444 et

1981 1498 2086 1534 nos
2124 1496 2419 1551 speramus
2457 1486 2515 1534 et
2558 1480 2687 1533 vitae
2718 1481 2960 1533 salutem
3001 1484 3056 1532 et
3085 1481 3248 1549 regni
3278 1485 3681 1547 augmentum,

1981 1575 2039 1624 et
2067 1570 2222 1639 pacis
2266 1568 2772 1639 prosperitatisque
2806 1569 3112 1621 honorem.
3166 1568 3439 1621 Jubemus
3484 1568 3683 1637 igitur,

1981 1663 2045 1712 ut
2089 1658 2282 1711 nullus
2332 1658 2463 1723 dux,
2525 1658 2795 1723 marchio,
2851 1672 3062 1722 comes,
3112 1656 3443 1720 vicecomes,
3494 1657 3688 1709 nullus

1985 1747 2237 1812 Latinus,
2288 1748 2480 1800 nullus
2510 1747 2915 1813 Theutonicus,
2951 1748 3107 1798 nulla
3156 1745 3319 1814 regni
3352 1745 3531 1799 nostri
3562 1760 3689 1797 ma-

1982 1853 2095 1905 gna
2126 1838 2210 1889 vel
2256 1852 2427 1907 parva
2465 1852 2710 1906 persona
2754 1836 3022 1905 deinceps
3073 1834 3143 1888 de
3188 1834 3461 1903 prmdicto
3500 1841 3687 1888 castro

1984 1924 2306 1991 Birinzona,
2335 1929 2435 1978 aut
2465 1924 2534 1978 de
2565 1924 2757 1994 aliqua
2795 1924 2917 1994 ejus
2947 1923 3318 1993 pertinentia,
3370 1929 3468 1976 aut
3510 1924 3686 1989 intus,

1983 2019 2083 2067 aut
2130 2014 2265 2067 foris
2314 2014 2430 2067 ullo
2468 2013 2526 2066 in
2566 2018 2825 2083 tempore
2864 2029 2966 2082 per
3010 2012 3242 2082 aliquod
3293 2011 3593 2080 ingenium
3628 2028 3686 2063 se

1984 2103 2363 2156 intromittere
2390 2102 2594 2156 audeat
2625 2119 2727 2155 nec
2758 2117 3009 2172 unquam
3043 2100 3356 2154 ecclesiam.
3391 2101 3446 2153 S.
3491 2102 3684 2155 Abun-

1984 2190 2063 2244 dii
2110 2190 2240 2244 inde
2288 2190 2583 2243 disvestire
2636 2194 2970 2260 praesumat,
3030 2194 3128 2241 aut
3186 2189 3529 2242 Everardum
3587 2204 3688 2240 no-

1984 2283 2162 2332 strum
2210 2278 2607 2333 fidelissimum
2658 2279 2990 2348 episcopum
3038 2279 3379 2343 Cumanum,
3422 2284 3522 2330 aut
3569 2277 3692 2346 ejus

1986 2369 2165 2421 ullum
2215 2384 2593 2421 successorem
2648 2367 2779 2420 inde
2828 2366 3165 2437 inquietare,
3216 2367 3540 2433 molestare,
3592 2370 3693 2418 aut

1986 2458 2271 2528 perillum
2308 2457 2578 2527 placitum
2630 2457 2868 2527 fatigare
2914 2456 3236 2509 contendat.
3292 2455 3348 2509 Si
3405 2455 3533 2525 quis
3592 2471 3690 2507 au-

1985 2552 2099 2599 tem
2131 2545 2345 2611 fecerit,
2374 2546 2529 2598 mille
2562 2545 2737 2598 libras
2776 2543 3160 2614 probatissimi
3191 2543 3316 2595 auri
3355 2547 3687 2611 componat,

1988 2634 2354 2687 medietatem
2400 2633 2581 2698 nobis,
2632 2638 2689 2686 et
2734 2633 2788 2686 S.
2842 2631 3104 2685 Abundio
3154 2632 3429 2693 alteram;
3478 2634 3534 2683 et
3580 2632 3687 2684 hoc

1986 2727 2335 2791 praeceptum
2409 2722 2765 2792 temporibus
2830 2720 3100 2774 omnibus
3163 2720 3222 2772 in
3281 2736 3384 2773 sua
3460 2726 3691 2773 maneat

1987 2810 2274 2864 ﬁrmitate.
2332 2810 2491 2874 Quod
2550 2813 2614 2863 ut
2665 2808 2853 2862 verius
2904 2810 3190 2873 credatur,
3243 2813 3299 2861 et
3350 2808 3688 2877 diligentius

1987 2898 2335 2962 observetur,
2386 2899 2494 2951 hoc
2548 2884 2898 2967 préceptum
2952 2896 3120 2950 scribi
3170 2894 3468 2963 jussimus,
3514 2911 3688 2949 manu

1918 2982 1956 3035 C
1991 2992 2185 3041 nostra
2235 2985 2613 3052 firmavimus,
2664 2991 2723 3040 et
2762 2991 2955 3039 nostro
3013 2984 3202 3054 sigillo
3245 2984 3493 3054 insignia
3539 3000 3692 3054 prse-

1990 3092 2265 3146 cepimus.

2061 3166 2286 3231 Signum
2306 3167 2370 3218 D.
2401 3165 2623 3218 Henrici
2650 3164 2998 3217 invictissimi
3026 3164 3193 3227 regis.

2062 3254 2379 3323 Egilbertus
2428 3252 2795 3307 cancellarius
2843 3252 2913 3305 ad
2963 3250 3142 3304 vicem
3198 3249 3454 3319 Villigisii
3500 3249 3689 3302 archi-

1989 3340 2270 3410 capellani
2310 3340 2659 3408 recognovit.

2063 3429 2184 3481 Dat.
2243 3445 2280 3480 ιι
2340 3427 2415 3480 Id.
2471 3426 2647 3491 Junii,
2707 3441 2857 3478 anno
2910 3424 3219 3479 Dominicze
3269 3423 3682 3478 incarnationis

1990 3516 2294 3570 millesimo
2326 3523 2552 3586 quarto,
2586 3513 2898 3567 indictione
2943 3514 3211 3576 secunda,
3265 3529 3415 3566 anno
3456 3528 3590 3565 vero
3624 3512 3685 3564 D.

1992 3604 2222 3661 Henrici
2283 3605 2332 3657 II
2391 3604 2541 3670 regis
2597 3604 2783 3657 tertio.
2848 3607 3053 3657 Actum
3106 3603 3163 3657 in
3220 3603 3582 3657 Lacunavara
3632 3600 3690 3654 in

1994 3694 2094 3748 Dei
2123 3693 2350 3747 nomine
2392 3692 2651 3747 feliciter.
2693 3697 2886 3746 Amen.

2754 3781 2940 3835 XXIII.

2066 3890 2122 3943 8.
2155 3890 2375 3943 Henrici
2405 3888 2647 3957 diploma
2690 3904 2788 3957 per
2837 3887 2980 3955 quod
3026 3887 3297 3956 praedium
3332 3883 3704 3954 Pipinesdorﬂ'

2206 3978 2464 4031 Ecclesia:
2509 3978 2890 4031 Wormatiens:
2912 3976 3214 4029 liberaliter
3251 3976 3479 4039 confert.

2644 4084 2828 4152 (Anno
2872 4082 3052 4152 100's.)

2193 4191 2517 4260 [Schannah
2558 4190 2915 4257 EpiSCOpatus
2956 4188 3242 4251 Wormat.,
3275 4188 3347 4248 II,
3382 4184 3491 4255 36.]

2066 4293 2126 4344 In
2156 4290 2385 4343 nomine
2410 4292 2616 4340 sanctae
2639 4294 2696 4339 et
2720 4286 3028 4339 individua
3050 4285 3364 4352 Trinitatis,
3401 4286 3700 4340 flammeos

1994 4379 2185 4434 divina
2218 4378 2437 4430 favente
2465 4374 2768 4428 clementia
2798 4390 2913 4427 rex.

2065 4465 2123 4519 Si
2165 4466 2286 4517 loca
2330 4470 2657 4516 sanctorum
2706 4460 3135 4515 muniticientiee
3182 4459 3389 4530 regalis
3433 4460 3695 4530 largitate
3751 4510 3760 4518 .

1995 4553 2387 4614 sublimamus,
2424 4552 2529 4605 hoc
2558 4551 2721 4604 nobis
2744 4558 2857 4604 tam
2884 4552 2941 4604 in
2974 4551 3267 4620 praesentis
3298 4550 3426 4604 vitm
3457 4550 3699 4604 decursu

1965 4657 2169 4713 'quam
2210 4642 2267 4694 in
2301 4641 2507 4694 futurae
2540 4640 2738 4709 gloriae
2770 4648 2919 4693 statu
2958 4640 3225 4709 prodesse
3258 4640 3476 4709 liquido
3510 4638 3689 4709 profi-

1996 4737 2202 4785 temur.
2264 4728 2509 4783 Proinde
2566 4729 2785 4782 noverit
2841 4728 3103 4782 omnium
3164 4733 3374 4782 sanctze
3437 4729 3534 4781 Dei
3593 4728 3694 4781 Ec-

1998 4819 2178 4874 clesiae
2240 4824 2684 4887 nostrorumque
2744 4818 3000 4871 tidelium
3070 4816 3372 4881 industria,
3454 4815 3701 4886 qualiter

2002 4907 2354 4963 Burchardus
2402 4913 2611 4959 sanctae
2660 4905 3089 4975 Wormatiensis
3152 4906 3408 4959 Ecclesiae
3462 4920 3705 4957 venera-

2000 4997 2128 5051 bilis
2158 4996 2387 5066 praesul,
2437 4999 2689 5047 nostram
2748 4993 2964 5062 regiam
3020 4993 3160 5046 adiit
3207 4993 3503 5046 humiliter
3542 4992 3705 5044 obse-

2001 5100 2166 5140 crans
2203 5082 2610 5145 excellentiam,
2641 5087 2707 5135 ut
2737 5068 3019 5152 praedium
3056 5081 3210 5151 quod
3239 5081 3450 5135 habere
3481 5080 3541 5133 in
3574 5080 3707 5133 villa

2006 5262 2236 5317 Heurici
2276 5260 2523 5331 Aucupis
2570 5258 2723 5330 regis
2768 5259 3185 5331 Germanorum
3218 5255 3449 5331 conjux,
3498 5255 3557 5331 in
3607 5270 3706 5331 eo-

2004 5350 2117 5403 que
2176 5333 2280 5387 sub
2337 5326 2607 5403 saec'ulari
2644 5326 2843 5403 habitu
2904 5328 3228 5403 religiosam
3266 5328 3493 5403 rvitamr
3524 5326 3703 5403 duxit.

2005 5396 2188 5458 Situm
2227 5410 2311 5457 est
2353 5413 2545 5457 autem
2596 5402 2653 5455 in
2694 5399 2921 5455 dioecesi
2984 5396 3407 5453 Haberstateusi
3449 5402 3505 5450 et
3551 5396 3611 5451 in
3641 5412 3708 5449 eo

2008 5491 2123 5528 una
2152 5491 2284 5528 cum
2310 5475 2551 5529 Henrico
2580 5488 2713 5543 rege
2737 5472 2994 5543 quiescit.
