3938 6314
332 309 434 358 ‘259
1633 303 1687 353 S.
1731 300 2014 354 HENRICI
2057 299 2530 357 IMPERATORIS

3744 303 3852 355 260

330 433 697 502 nuncupante
748 427 1129 500 Pipinesdorif
1165 427 1445 492 videmur,
1485 442 1587 480 suo
1635 426 1922 496 episcopio
1962 441 2024 478 ac
2054 427 2099 479 A
2137 428 2280 480 tum.
2337 425 2498 490 Quod
2566 429 2630 479 ut
2697 425 2886 478 verius
2940 425 3219 491 credatur,
3277 424 3734 497 diligentiusque
3781 427 3852 480 ab

329 526 539 576 sanctae
595 516 993 572 Wormatiensi
1054 515 1314 570 Ecclesiae
1368 516 1429 569 in
1487 515 1766 568 honorem
1844 513 2024 568 sancti

329 609 485 665 Petri
532 607 918 679 apostolorum
974 603 1248 675 principis
1307 603 1601 668 dedicatas,
1654 601 1869 673 largiri,
1921 617 2022 654 no-

331 705 458 752 strze
507 713 612 768 pro
644 694 894 749 remedio
927 693 1155 758 animm,
1189 693 1576 760 dignaremur.
1611 691 1784 760 Cujus
1831 689 2024 760 itaque

330 787 618 859 petitioni,
652 800 754 855 per
783 783 1166 836 interventum
1191 780 1546 850 Cunigundaa
1570 785 1776 833 nostrae
1806 779 2022 833 dilectze.

329 874 592 945 conjugis
633 872 895 926 videlicet
934 870 1168 940 reginae,
1215 885 1277 923 ac
1311 885 1413 939 pro
1457 869 1663 922 futura:
1696 883 2023 920 remunera-

329 963 501 1017 tionis
555 964 886 1031 augmento,
939 973 1232 1011 assensum
1302 957 1646 1026 praebentes,
1723 955 2023 1025 praefatum

327 1050 633 1121 praedium,
682 1047 836 1118 quod
885 1051 971 1100 est
1009 1045 1180 1099 situm
1229 1044 1290 1098 in
1337 1045 1470 1098 villa
1517 1043 1916 1113 Pipinesdorﬂ',
1966 1043 2026 1096 in

326 1155 477 1210 pago
511 1137 870 1207 Mulselgowe
899 1134 958 1188 in
1003 1134 1278 1188 comitatu
1321 1150 1454 1187 vero
1497 1175 1508 1186 .
1556 1175 1567 1185 .
1615 1175 1626 1186 .
1673 1174 1684 1185 .
1732 1175 1742 1186 .
1803 1132 2026 1202 integre

328 1244 458 1282 cum
510 1225 728 1280 cunctis
774 1224 892 1277 suis
936 1222 1320 1293 pertinentiis,
1368 1222 1474 1275 hoc
1529 1226 1616 1274 est
1657 1220 1823 1287 areis,
1881 1220 2024 1273 sedi-

331 1316 494 1380 ﬁciis,
567 1313 742 1368 servis
806 1318 862 1367 et
907 1311 1144 1378 ancillis,
1215 1311 1378 1364 terris
1431 1309 1597 1363 cultis
1668 1313 1724 1362 et
1793 1307 2025 1362 incultis

324 1402 521 1473 pratis,
550 1398 795 1470 pascuis,
826 1396 998 1461 silvis,
1032 1395 1450 1459 venationibus,
1479 1398 1608 1457 etc.,
1636 1393 1756 1465 jam
1786 1408 2025 1464 praeme-

325 1495 567 1544 morataa
624 1486 870 1540 ecclesiae
927 1484 1104 1538 sancti
1164 1482 1336 1544 Petri,
1395 1483 1631 1554 ejusque
1688 1480 2022 1548 rectoribus,

325 1577 428 1648 qui
467 1592 570 1646 pro
603 1580 861 1644 tempore
897 1572 973 1626 ibi
1005 1571 1252 1625 ordinati
1299 1571 1530 1633 fuerint,
1570 1570 1743 1639 regali
1777 1575 1832 1624 et
1872 1585 2020 1639 prae-

323 1665 530 1736 ceptali
577 1665 682 1718 hac
729 1664 938 1732 pagina
975 1659 1377 1723 concessimus,
1434 1663 1489 1712 et
1537 1659 1606 1712 de
1657 1663 1850 1711 nostro
1893 1659 2024 1728 jure

323 1754 384 1807 in
440 1754 562 1822 ejus
586 1753 682 1822 jus
729 1793 742 1805 .
794 1791 807 1804 .
851 1790 862 1802 .
907 1793 918 1804 .
968 1792 977 1802 .
1026 1789 1038 1801 .
1085 1751 1150 1802 ut
1180 1749 1298 1802 hinc
1338 1748 1640 1801 auctoritas
1690 1753 1883 1800 nostra
1934 1747 2023 1799 in-

321 1841 648 1895 violabilem
685 1841 741 1892 in
769 1839 868 1892 Dei
892 1837 1124 1891 nomine
1153 1837 1402 1890 obtineat
1427 1836 1818 1901 stabilitatem,
1850 1851 2020 1888 manu

321 1935 516 1984 nostra
568 1930 922 1993 roborantes,
972 1943 1096 1980 eam
1140 1925 1326 1995 sigillo
1370 1931 1560 1979 nostro
1609 1925 1804 1978 subter
1847 1925 2020 1995 jussi-

323 2035 452 2072 mus
485 2017 768 2088 insigniri.

394 2107 619 2171 Signum
646 2105 830 2158 damni
857 2103 1100 2157 Heinrici
1126 2103 1473 2156 invictissimi
1499 2103 1664 2168 regis.

395 2194 713 2264 Egilbertus
760 2189 1127 2245 caucellarius
1185 2191 1305 2244 vice
1353 2190 1614 2260 Willigisi
1673 2187 2020 2259 archicapel-

320 2281 438 2334 lani
467 2280 816 2350 recognovit.

397 2371 514 2423 Dat.
549 2385 581 2420 v
612 2367 848 2423 Kalend.
891 2365 1165 2431 Januarii,
1201 2382 1352 2419 anno
1399 2365 1709 2419 Dominicaa
1739 2365 2016 2419 incarnat.

325 2457 479 2522 1004,
521 2456 714 2511 indict.
759 2472 817 2521 ιι,
868 2471 1018 2508 anno
1057 2470 1191 2509 vero
1242 2453 1440 2508 domui
1484 2453 1734 2509 Heinrici
1785 2454 2019 2507 secundi

319 2545 483 2614 regni
522 2561 600 2599 in.

389 2637 591 2687 Actum
624 2632 964 2702 Dhornburg
1007 2633 1064 2685 in
1101 2631 1197 2685 Dei
1249 2629 1484 2684 nomine
1536 2629 1793 2688 feliciter.
1827 2646 2011 2684 amen.

1079 2721 1255 2774 XXIV.

902 2810 1076 2878 Super
1102 2811 1419 2862 emunitate.

965 2901 1154 2962 (Anno
1194 2891 1370 2960 tOOi.)

490 2987 676 3058 [Apud
705 2985 993 3056 Ludewig,
1025 2985 1225 3053 Script.
1257 2999 1368 3039 rer.
1405 2984 1594 3038 Germ.
1634 2984 1677 3052 l,
1706 2984 1852 3053 330.]

389 3077 450 3130 ln
481 3076 712 3130 nomine
744 3081 954 3128 sanctas
989 3079 1045 3128 ct
1071 3072 1382 3127 individuus
1425 3071 1738 3135 Trinitatis,
1783 3073 2013 3127 Hermu-

320 3180 415 3218 cus
443 3164 636 3218 divina
656 3166 882 3218 favente
902 3162 1222 3227 clementia,
1254 3177 1369 3215 rex.

389 3253 530 3317 Quia
558 3253 604 3306 si
625 3253 736 3323 piis
763 3253 862 3306 Dei
895 3251 1296 3306 famulantium
1321 3247 1773 3319 flagitationibus
1798 3263 2015 3303 accom-

318 3342 620 3395 modamus
667 3341 981 3411 benignum
1035 3338 1316 3403 auditum,
1363 3351 1602 3390 summm
1642 3336 1840 3390 salutis
1885 3338 2013 3391 inde

315 3429 619 3500 provenire
659 3429 823 3483 nobis
862 3429 1260 3482 incunctanter
1305 3425 1596 3479 credimus
1641 3425 1960 3480 remedium
1994 3443 2007 3480 :

315 3519 526 3573 idcirco
558 3519 820 3573 omnium
868 3521 1074 3570 sanctae
1111 3515 1210 3570 Dei
1257 3513 1514 3568 Ecclesia:
1546 3513 1801 3568 fidelium
1835 3531 2014 3568 nove—

317 3607 389 3662 rit
418 3607 778 3678 religiositas,
813 3605 1103 3676 quoniam,
1154 3608 1271 3657 tam
1319 3603 1527 3656 animae.
1555 3608 1762 3657 nostra:
1798 3619 2010 3657 consu-

315 3695 516 3762 lentes,
552 3710 722 3766 quam
768 3693 940 3748 etiam
981 3691 1171 3747 dilecti
1214 3690 1394 3745 nostri
1440 3691 1760 3746 Godehardi
1794 3692 2013 3746 abbatis

315 3784 688 3855 petitionibus
759 3782 1240 3851 obtemperantes,
1309 3779 1698 3834 venerabilem
1767 3781 2012 3835 Mauritii

315 3872 582 3942 martyris
621 3870 906 3925 abbatiam
937 3867 1139 3922 Altaba
1183 3873 1591 3939 nuncupatam,
1645 3867 1752 3922 sub
1799 3873 2010 3922 nostrae

315 3960 665 4015 defensionis
689 3957 1161 4012 mundiburdium
1201 3972 1265 4010 ac
1294 3956 1622 4022 tuitionem,
1663 3973 1793 4011 cum
1826 3957 2010 4016 omni-

317 4051 418 4104 bus
452 4049 639 4102 eidem
672 4047 920 4118 praefata.-
954 4045 1194 4099 abbatiaa
1221 4045 1412 4116 aliquo
1445 4045 1620 4100 modo
1667 4046 2008 4100 adhaerenti-

317 4139 442 4204 bus,
470 4135 618 4188 villis
649 4151 781 4188 vero
830 4134 1121 4200 Iserahoif,
1172 4133 1504 4201 Suartzaha,
1546 4133 1740 4201 Caelia,
1769 4133 2006 4201 Gunzia,

318 4223 712 4290 Munichdortl‘,
796 4223 1080 4288 Puechotf,
1162 4221 1550 4287 Oberanhaus,
1627 4222 2007 4310 Usterlingen,
2039 4257 2080 4310 ο

317 4313 688 4381 Gotuolting,
752 4311 1064 4382 Otilingen,
1137 4311 1562 4376 Ricberisdortf,
1647 4309 2013 4379 Boltheringa

318 4400 679 4471 nuncupatis,
727 4417 826 4454 seu
894 4400 1064 4454 etiam
1120 4401 1340 4454 caeteris
1393 4398 1698 4469 cujuslibet
1754 4397 2013 4452 utilitatis

316 4487 837 4555 commoditatibus,
869 4489 1124 4555 familiis,
1174 4488 1423 4554 tributis,
1455 4486 1792 4552 tributariis,
1845 4486 2014 4540 rebus

318 4577 625 4632 mobilibus
659 4582 713 4631 et
745 4577 1155 4642 immobilibus,
1195 4577 1323 4642 viis,
1355 4575 1544 4640 inviis,
1575 4575 1751 4642 silvis,
1774 4574 2010 4643 saginis,

315 4665 500 4736 aquis,
567 4665 997 4737 piscationibus,
1076 4666 1263 4728 molis,
1339 4663 1705 4728 molendinis,
1767 4663 2010 4734 pascuis,

311 4755 686 4825 compascuis,
735 4756 851 4809 sive
893 4754 1089 4824 apium
1140 4753 1380 4824 pascuis,
1423 4751 1677 4823 quaesitis
1733 4759 1789 4807 et
1831 4753 2016 4824 inqui-

313 4844 523 4907 rendis,
573 4860 671 4899 nec
721 4861 834 4898 non
879 4846 1031 4914 justa
1085 4841 1456 4912 acquisitione
1517 4841 1700 4895 eidem
1757 4841 2012 4912 prmfatee

310 4932 556 4988 abbatia:
581 4932 964 5004 pertinentiis.
1001 4930 1403 5000 Praecipientes
1432 4928 1609 4998 igitur
1638 4931 1816 5000 regali
1865 4946 2015 4984 sum-

257 5046 265 5056 -
310 5022 508 5076 mitate
565 5021 843 5076 edicimus
898 5025 962 5073 ut
1031 5019 1224 5072 nullus
1282 5018 1415 5082 dux,
1479 5018 1752 5084 marchio,
1805 5034 2012 5085 comes,

312 5111 644 5177 vicecomes,
722 5107 1064 5172 schuldasio,
1120 5105 1336 5176 scapio,
1395 5121 1496 5159 seu
1553 5106 1746 5176 aliqua
1808 5122 2016 5175 magna

311 5199 398 5252 vel
459 5215 632 5270 parva
681 5212 948 5269 persona,
1003 5195 1272 5249 eumdem
1313 5195 1431 5265 jam
1476 5193 1693 5248 dictum
1753 5193 2014 5248 abbatem

313 5303 560 5358 suosque
609 5301 962 5341 successores
1016 5283 1369 5352 praescriptis
1429 5282 1597 5336 rebus
1669 5282 2013 5352 inquietare,

315 5375 638 5442 molestare,
697 5376 784 5430 vel
843 5371 1140 5428 disvestire
1198 5377 1526 5442 praasumat.
1596 5372 1654 5426 Si
1707 5371 1836 5442 quis
1884 5387 2015 5425 vero

309 5462 484 5533 hujus
510 5462 829 5534 praescripti
859 5460 1059 5527 nostri,
1092 5460 1247 5531 quod
1279 5460 1460 5515 absit!
1512 5459 1757 5514 violator
1792 5459 2016 5514 exstite-

313 5551 402 5614 rit,
464 5551 602 5605 sciat
649 5567 707 5606 se
756 5551 1213 5621 compositurum
1253 5547 1380 5603 auri
1411 5548 1618 5619 optimi
1666 5548 1841 5603 libras
1891 5563 2015 5602 cen-

2132 513 2402 567 omnibus
2433 514 2783 580 observetur,
2817 511 2964 566 hanc
3000 513 3256 568 chartam
3295 513 3430 568 inde
3457 513 3850 584 conscriptam

2131 618 2308 656 manu
2337 603 2569 674 pr0pria
2601 602 2935 656 roborantes
2967 602 3256 673 sigillique
3285 602 3467 656 nostri
3498 603 3847 674 impressio-

2132 706 2204 744 ne
2223 691 2502 761 jussimus
2527 691 2817 761 insigniri.

2209 779 2408 832 Datum
2441 796 2494 833 Vl
2525 780 2646 834 Kal.
2695 780 2882 840 Febr..
2925 779 3046 834 ind.
3097 797 3156 842 ιι.
3217 797 3369 835 anno
3405 781 3718 835 Dominicm
3761 781 3849 834 in-

2133 869 2475 922 carnationis
2509 871 2682 935 1004;
2732 885 2883 922 anno
2926 885 3060 922 vero
3089 869 3284 923 domni
3324 869 3548 926 Henrici
3594 871 3644 923 ΙΙ
3690 870 3850 938 regis

2134 972 2211 1010 ιιι.
2239 959 2442 1010 Actum
2470 957 2742 1024 Altisteri,
2790 958 2850 1011 in
2892 957 2993 1012 Dei
3023 958 3255 1012 nomine
3312 958 3570 1012 feliciter.
3629 959 3845 1012 Amen.

2912 1047 3062 1100 XXV.

2134 1134 2255 1188 Rea:
2283 1135 2548 1188 Henricus
2577 1133 2743 1188 donat
2790 1137 2958 1188 veteri
2997 1136 3214 1204 capella
3263 1135 3538 1204 quoddam
3584 1138 3674 1189 sui
3693 1138 3851 1206 juris

2194 1221 2464 1290 pradium
2510 1223 2568 1274 in
2610 1223 2908 1288 Nortgowe,
2951 1227 3001 1276 et
3031 1223 3302 1291 quidquid
3340 1225 3398 1277 in
3439 1223 3652 1278 duabus
3694 1225 3849 1278 villis

2203 1312 2414 1363 Durnin
2443 1315 2494 1363 ei
2522 1311 2840 1365 Mantalahi
2859 1310 3193 1379 possidebat.

2780 1399 2967 1468 (Anno
3005 1397 3188 1469 1004.)

2597 1485 2784 1557 [Ried,
2818 1487 2915 1540 ubi
2932 1501 3103 1556 supra
3131 1503 3188 1557 p.
3223 1486 3364 1558 123.]

2208 1573 2268 1626 In
2322 1573 2558 1626 nomine
2603 1579 2810 1627 sancta:
2859 1579 2915 1628 et
2961 1574 3273 1628 individuae
3321 1574 3614 1628 Trinitatis
3667 1577 3843 1630 Hem-

2136 1677 2286 1714 mcus
2319 1661 2511 1715 divina
2539 1662 2763 1716 favente
2788 1662 3092 1716 clementia
3122 1678 3236 1717 rex.

2205 1751 2412 1803 Notum
2435 1750 2509 1804 sit
2550 1750 2818 1804 omnibus
2861 1751 3124 1804 ﬁdelibus
3172 1751 3405 1816 nostris,
3454 1752 3846 1822 praesentibus

2134 1837 2345 1891 scilicet
2371 1842 2428 1892 et
2456 1838 2685 1902 futuris,
2733 1833 2998 1908 qualiter
3025 1855 3128 1892 nos
3171 1839 3240 1893 ad
3293 1839 3508 1909 regiam
3557 1841 3842 1910 capellam

2134 1926 2288 1980 intus
2319 1927 2377 1980 in
2417 1927 2642 1980 civitate
2673 1927 3102 1997 Radesponensi
3139 1928 3198 1980 in
3247 1927 3522 1982 honorem
3571 1930 3839 1982 sacratis-

2133 2015 2291 2068 sima:
2342 2015 2609 2085 Virginis,
2648 2014 2748 2068 Dei
2780 2015 3071 2084 genitricis
3102 2014 3312 2081 Mariae,
3355 2033 3384 2068 a
3416 2017 3576 2070 nobis
3603 2033 3841 2087 repara-

2130 2107 2247 2156 tam
2287 2103 2572 2174 quoddam
2622 2105 2798 2157 nostri
2830 2102 2978 2172 juris
3017 2104 3296 2174 praadium
3347 2105 3406 2157 in
3451 2106 3754 2175 Nortgowe
3784 2113 3842 2159 et

2131 2191 2189 2244 in
2229 2193 2498 2246 comitatu
2533 2192 2922 2246 0ndalscalchi
2972 2194 3202 2246 comitis
3251 2195 3448 2259 situm,
3491 2193 3627 2247 item
3663 2195 3837 2265 quid-

2131 2279 2268 2350 quid
2318 2280 2378 2334 in
2423 2281 2646 2335 duabus
2689 2281 2834 2335 villis
2865 2281 3097 2335 nomine
3156 2283 3375 2335 Durnin
3419 2285 3476 2336 et
3522 2283 3837 2337 Mantalahi

2127 2368 2416 2438 possidere
2467 2369 2571 2422 visi
2602 2385 2819 2434 sumus,
2866 2369 3281 2424 interveniente
3327 2371 3620 2439 Taginone
3645 2372 3836 2441 Mage-

2127 2456 2503 2527 deburgensis
2544 2458 2826 2511 Ecclesia!
2868 2459 3312 2529 archiepiscopo,
3347 2459 3642 2528 quondam
3689 2462 3836 2530 ejus-

2126 2543 2256 2597 dem
2305 2545 2537 2613 capclla:
2578 2544 2909 2615 prmposito,
2944 2561 3047 2616 per
3077 2546 3181 2599 hoc
3229 2545 3418 2615 regale
3473 2553 3834 2616 praeceptum

2126 2637 2404 2702 perpetua
2443 2633 2567 2702 lege
2607 2633 2946 2687 tradidimus
2993 2650 3122 2687 cum
3159 2633 3428 2687 omnibus
3465 2634 3834 2704 pertinentiis

2126 2725 2183 2773 et
2212 2720 2554 2774 utilitatibus
2599 2722 2737 2788 suis,
2780 2720 2888 2776 hoc
2928 2727 3012 2776 est
3049 2722 3222 2787 areis,
3253 2721 3534 2788 aedificiis,
3567 2722 3750 2776 servis
3779 2728 3834 2776 et

2128 2809 2372 2872 ancillis,
2407 2809 2580 2879 agris,
2627 2810 2864 2878 campis,
2897 2811 3063 2864 terris
3105 2811 3269 2865 cultis
3297 2817 3354 2865 et
3395 2811 3646 2878 incultis,
3699 2827 3830 2882 pra-

2124 2896 2217 2962 tis,
2279 2897 2502 2965 pascuis
2554 2897 2671 2951 sive
2731 2899 3105 2968 compascuis,
3170 2899 3342 2965 silvis,
3402 2899 3828 2960 venationibus,

1963 3001 1973 3011 ο
2039 2978 2079 3032 C
2118 2984 2296 3054 aquis,
2334 3001 2730 3056 aquarumque
2760 2987 3116 3056 decursibus,
3148 2987 3511 3052 molendinis,
3552 2988 3829 3056 piscatio-

2125 3071 2314 3139 nibus,
2365 3074 2471 3128 viis
2515 3078 2571 3128 et
2627 3075 2817 3142 inviis,
2849 3075 3091 3129 exitibus
3129 3081 3186 3128 et
3214 3075 3512 3143 reditibus,
3572 3077 3831 3146 quaesitis

2125 3165 2182 3212 et
2209 3160 2589 3231 inquirendis,
2615 3177 2715 3215 seu
2737 3161 2956 3216 ueteris
2983 3161 3422 3233 quibuscunque
3446 3163 3833 3232 perninentiis

2125 3245 2183 3299 in
2232 3253 2543 3318 perpetuos
2572 3249 2834 3304 mcclesim
2865 3254 2920 3302 et
2957 3249 3418 3319 congregationis
3461 3250 3682 3304 ibidem
3720 3253 3831 3305 Deo

2124 3336 2394 3390 canonice
2436 3337 2736 3391 militantis
2768 3353 2924 3392 usus.
2968 3337 3037 3392 Et
3085 3343 3146 3391 ut
3185 3339 3306 3392 haec
3355 3343 3546 3392 nostra
3594 3341 3832 3394 traditio

2125 3423 2345 3478 stabilis
2413 3430 2469 3479 et
2543 3426 2874 3480 inconvulsa
2947 3432 3302 3498 permaneat,
3387 3427 3534 3481 hanc
3608 3434 3829 3483 cartam

2123 3527 2297 3567 manu
2330 3515 2564 3586 propria
2585 3514 2928 3582 roboratam,
2974 3515 3163 3585 sigillo
3192 3519 3388 3569 nostro
3418 3515 3679 3585 imprimi
3712 3515 3836 3584 jus-

2123 3601 2322 3657 simus.

2195 3691 2422 3758 Signum
2473 3691 2660 3746 damni
2703 3693 2950 3746 Heinrici
2995 3693 3139 3762 regis
3201 3693 3567 3747 invictissimi.
3619 3693 3837 3763 (Mono~

2135 3774 2427 3847 gramma.)

2193 3866 2516 3936 Egilbertus
2566 3867 2940 3922 caucellarius
2983 3867 3104 3922 vice
3158 3867 3424 3938 Willigisi
3486 3869 3837 3940 arcliicapel—

2122 3954 2242 4008 lani
2271 3956 2592 4026 recognovi.

2194 4044 2331 4097 Data
2383 4061 2436 4097 vi
2485 4045 2566 4099 1d.
2623 4045 2786 4100 Febr.
2840 4061 2991 4100 anno
3043 4046 3324 4100 incarnat.
3385 4045 3615 4100 Domin.
3670 4047 3834 4108 1004,

2121 4132 2313 4186 indict.
2354 4147 2398 4198 1,
2425 4148 2577 4188 anno
2611 4151 2744 4188 vero
2775 4134 2972 4189 domui
3004 4133 3261 4188 Heinrici
3290 4134 3524 4188 secundi
3568 4149 3733 4205 regn.
3771 4151 3830 4188 1ῐ.

2188 4222 2391 4274 Actum
2422 4220 2478 4274 in
2513 4221 2764 4277 Vuarim.

2449 4311 2701 4378 Sigillum
2727 4313 2955 4366 illaesum
2981 4313 3128 4366 intus
3153 4314 3491 4381 impressum.

2880 4401 3055 4454 XXVI.

2123 4490 2235 4544 Rem
2265 4489 2526 4543 Henricus
2574 4489 2630 4542 ΙΙ
2678 4487 2846 4544 donat
2899 4491 3223 4544 monasterio
3275 4491 3531 4556 inferiori
3553 4490 3831 4559 pradium

2193 4578 2250 4630 in
2287 4578 2529 4631 curtibus
2586 4577 2868 4633 Ratisbon.
2902 4577 2962 4631 id
3009 4582 3087 4632 est
3114 4581 3172 4632 in
3222 4577 3630 4647 Regensburger
3657 4578 3830 4644 Burg-

2191 4665 2422 4731 frieden.

2776 4754 2961 4824 (Anno
2995 4753 3174 4824 1005.)

2648 4841 2830 4911 [Ried,
2864 4842 2984 4896 ibid
3013 4883 3026 4908 ,
3059 4859 3116 4912 p.
3156 4843 3298 4912 124.]

2195 4929 2259 4983 In
2311 4929 2543 4984 nomine
2590 4934 2799 4984 sanctae
2858 4935 2915 4984 et
2960 4929 3272 4984 individua:
3317 4928 3634 4996 Trinitatis,
3667 4929 3836 4983 Hem-

2125 5033 2277 5072 mcus
2301 5018 2491 5072 divina
2521 5019 2741 5073 favente
2773 5019 3078 5074 clementia
3113 5034 3231 5073 rex.

2193 5105 2253 5160 Si
2307 5105 2418 5176 piis
2477 5106 2577 5160 Dei
2628 5107 3034 5162 famulantium
3089 5106 3465 5177 petitionibus
3507 5105 3835 5176 praebemus

2126 5209 2442 5262 assensum,
2471 5199 2703 5250 aeternae
2730 5195 3217 5250 remunerationis
3247 5195 3446 5265 procul
3482 5194 3659 5249 dubio
3691 5195 3826 5250 inde

2125 5282 2338 5337 oboriri
2393 5283 2557 5337 nobis
2602 5299 2899 5354 speramus
2929 5284 3272 5339 remedium.
3306 5283 3523 5337 Idcirco
3567 5283 3832 5338 omnium

2124 5377 2335 5426 sanctae
2385 5371 2486 5426 Dei
2535 5371 2796 5427 Ecclesiae.
2850 5373 3134 5439 ﬁdelium,
3181 5371 3557 5444 praesentium
3617 5373 3832 5428 scilicet

2123 5465 2180 5516 et
2208 5460 2555 5526 futurorum,
2585 5461 2806 5515 noverit.
2834 5461 3116 5517 industria
3145 5461 3396 5533 qualiter
3425 5476 3550 5528 nos,
3586 5465 3704 5517 tam
3727 5478 3830 5534 pro

2125 5548 2331 5604 anime:
2369 5555 2579 5604 nostra
2628 5551 2890 5604 consultu
2945 5566 3117 5621 quam
3154 5549 3326 5604 etiam
3374 5566 3480 5620 pro
3521 5549 3826 5604 dilectissi-
