3938 6332
165 302 254 351 261

1440 302 1828 359 Dll'LOMATA
1872 304 2422 364 ECCLESIASTICA.

3582 326 3686 376 262

163 436 269 474 mae
310 420 643 474 conteclalis
675 425 904 485 nostrae,
939 422 1301 493 Cunigundas
1336 424 1599 479 videlicet
1632 427 1868 497 reginae,
1907 430 1954 482 Α
1987 427 2296 501 [Newgart,
2332 433 2468 514 Cod,
2494 434 3100 514 diplom._4lemgnniw
3158 457 3221 514 ex
3257 443 3560 514 originali
3591 463 3681 499 ar-

162 509 315 562 dulci
354 510 638 578 appetitu,
698 526 801 564 nec
846 525 961 563 non
1016 512 1361 566 venerabilis
1409 513 1874 583 Radesponensis

160 596 490 662 abbatissae,
525 601 686 652 Uutaa
718 598 977 652 videlicet
1029 606 1395 671 nuncupata,
1450 601 1647 655 sedulo
1694 602 1873 656 inter-

163 691 364 751 ventu,
392 686 684 756 quoddam
700 687 1040 755 nostrijuris
1067 689 1372 759 praedium,
1396 691 1546 760 quod
1563 690 1874 744 Maceliuus

163 774 410 828 clericus
456 775 651 828 vivens
700 775 757 828 iu
807 777 1065 829 curtibus
1123 777 1549 848 Radesponens.
1612 779 1876 832 Ekmulla

166 863 433 916 condicta
462 867 519 917 et
546 863 607 916 in
636 866 913 918 comitatu
972 865 1285 919 Roudherti
1317 866 1541 920 comitis
1588 867 1740 921 visus
1789 872 1875 921 est

166 950 507 1004 investitura
552 951 847 1021 potestatis
895 952 1211 1022 possidere,
1258 952 1690 1024 Radespouensi
1743 971 1873 1008 san-

166 1045 271 1093 ctae
319 1039 510 1093 Mariae
578 1040 944 1107 monasterio,
1028 1041 1182 1111 quod
1251 1041 1582 1096 differenter
1637 1043 1875 1096 inferius

167 1128 400 1193 dicitur,
432 1127 720 1182 tradentes
745 1129 807 1182 in
837 1130 1137 1200 proprium
1187 1130 1529 1184 donavimus
1585 1136 1757 1202 atque
1815 1132 1874 1184 in

168 1223 552 1286 augmentum
581 1217 759 1270 victus
797 1218 1135 1272 monialium
1193 1218 1337 1272 inibi
1391 1219 1726 1288 degentium
1768 1221 1875 1275 sub

170 1306 372 1374 regula
406 1305 586 1357 sancti
616 1305 905 1359 Benedicti
930 1305 1259 1360 ﬁrmissima
1284 1307 1593 1361 donatione
1610 1308 1873 1378 proprie-

170 1392 417 1445 tavimus
447 1409 577 1446 cum
608 1392 874 1447 omnibus
907 1394 1163 1463 ejusdem
1207 1394 1406 1465 praedii
1458 1396 1793 1450 utensilibus
1818 1401 1875 1450 et

168 1480 545 1550 appendiciis,
580 1481 748 1535 rebus
774 1483 989 1536 scilicet
1014 1482 1326 1537 mobilibus
1359 1488 1413 1537 et
1460 1484 1870 1550 immobilibus,

167 1568 408 1621 familiis
439 1569 738 1639 utriusque
763 1586 948 1635 sexus,
996 1571 1163 1637 areis,
1188 1570 1464 1637 aediﬁciis,
1502 1571 1670 1625 terris
1708 1573 1872 1626 cultis

168 1661 225 1709 et
260 1656 513 1723 incultis,
570 1658 768 1728 pratis,
828 1660 1051 1728 pascuis
1118 1660 1237 1713 sive
1305 1660 1682 1731 compascuis,
1742 1661 1865 1725 viis,

124 1774 125 1777 η
158 1744 361 1809 inviis,
396 1745 663 1812 exitibus,
694 1752 749 1800 et
774 1746 1074 1815 reditibus,
1107 1748 1364 1819 quaesitis
1395 1754 1453 1802 et
1490 1748 1869 1819 inquirendis,

159 1833 335 1918 aquis
364 1849 716 1904 aquarumve
747 1834 1107 1899 decursibus,
1133 1852 1234 1889 seu
1264 1852 1393 1889 cum
1427 1837 1717 1904 omnibus,
1744 1854 1873 1908 quae

198 1923 279 1976 ite
313 1922 423 1976 dici
453 1923 540 1976 vel
572 1923 741 1976 scribi
787 1930 1027 1994 possunt
1076 1924 1330 1995 quolibet
1367 1926 1560 1991 modo,
1611 1925 1872 1980 utilitati-

169 2013 297 2078 bus,
354 2029 423 2065 eo
483 2012 747 2067 videlicet
809 2013 1087 2067 donantes
1162 2017 1361 2067 tenore
1426 2015 1699 2084 quatinus
1751 2016 1872 2083 jam

172 2100 326 2154 dicta
364 2101 652 2154 abbatissa
696 2101 933 2171 ejusque
988 2101 1350 2155 succestrices
1380 2101 1618 2155 liberam
1667 2102 1874 2155 dehinc

169 2188 424 2242 habeant
451 2194 790 2259 potestatem
835 2189 1183 2259 possidendi,
1220 2191 1631 2258 commutandi,
1682 2192 1875 2245 coleu-

172 2277 252 2343 di,
304 2277 687 2346 precariandi,
740 2295 805 2331 su
884 2278 1156 2349 quicquid
1220 2278 1331 2332 sibi
1381 2278 1557 2331 libeat
1604 2280 1873 2333 omnibus

173 2366 356 2419 modis
389 2366 459 2419 de
490 2365 695 2419 eodem
726 2366 944 2436 prmdio
985 2366 1054 2419 ad
1114 2366 1418 2419 utilitatem
1451 2366 1867 2421 Sauctimonia-

171 2454 316 2507 lium
354 2454 619 2509 faciendi.
682 2456 746 2508 Et
776 2460 839 2508 ut
887 2456 1009 2509 haec
1045 2454 1367 2508 traditionis
1412 2455 1718 2509 auctoritas
1767 2462 1873 2509 Sta-

168 2541 304 2595 bilis
361 2546 419 2595 et
472 2542 806 2596 incouvulsa
857 2543 917 2595 in
978 2547 1259 2596 aeternum
1314 2548 1668 2613 permaneat,
1729 2544 1872 2597 hanc

169 2636 385 2684 cartam
430 2631 560 2685 inde
618 2631 995 2701 conscriptam
1050 2647 1224 2684 manu
1255 2632 1489 2701 propria
1534 2632 1871 2686 roborantes

170 2718 347 2789 sigilli
379 2720 559 2772 nostri
590 2719 964 2790 impressione
998 2719 1262 2789 insigniri
1282 2720 1581 2790 jussimus.

237 2810 474 2875 Signum
526 2808 712 2862 damni
768 2808 1017 2862 Heinrim‘
1068 2810 1211 2874 regis
1259 2808 1627 2864 invictissimi.
1662 2809 1865 2880 (Mono-

169 2913 436 2963 gramma.
448 2896 465 2966 )

241 2985 607 3039 Eherhardus
635 2985 1004 3039 cancellarius
1048 2985 1162 3039 vice
1199 2985 1462 3056 Willigisi
1520 2986 1867 3058 archicapel-
1902 2986 1942 3041 C

172 3075 287 3127 Iani
328 3073 661 3144 recognovi.

244 3164 384 3216 Data
415 3178 467 3215 iv
500 3163 634 3216 ldus
660 3161 834 3229 Junii,
868 3162 1063 3217 iudict.
1106 3178 1183 3226 ιιι,
1226 3177 1378 3216 anno
1439 3163 1751 3218 Dominicaa
1780 3165 1868 3219 in-

170 3257 387 3305 carnat.
425 3252 581 3305 1005.
616 3268 767 3305 anno
799 3268 827 3302 ν
860 3251 1057 3305 domui
1088 3251 1337 3305 Heinrici
1372 3252 1420 3305 II
1443 3254 1759 3322 regnantis.

240 3344 445 3394 Actum
472 3341 910 3395 Puozinesheim
940 3339 1201 3395 feliciter.
1236 3345 1439 3395 Amen.

705 3431 848 3483 Cum
869 3431 1050 3497 sigillo
1080 3430 1353 3499 majestat.

917 3555 1117 3607 XXVII.

172 3645 559 3698 Monasterium
619 3642 914 3710 Steinense,
995 3659 1062 3696 ea:
1132 3644 1345 3696 Duellio
1400 3643 1746 3708 translatum,
1803 3645 1869 3697 ab

240 3733 496 3787 Heinrico
542 3732 596 3787 ΙΙ
650 3734 715 3788 R.
770 3734 834 3787 Β.
896 3732 1119 3786 dotatur
1175 3737 1227 3785 et
1298 3732 1547 3786 Ecclesia:
1611 3732 1869 3786 Bamber-

239 3824 391 3889 gensi
409 3822 723 3887 subjicitur.

683 3910 869 3978 (Anno
893 3910 1052 3977 1005,
1087 3913 1105 3963 1
1142 3909 1363 3979 Octob.)

238 4019 390 4098 (111)
423 4016 581 4097 Stein
628 4016 1010 4098 municipium
1058 4015 1388 4098 reipublicae
1429 4015 1753 4098 Turicensis
1800 4017 1869 4070 ad

168 4090 425 4142 dextram
456 4088 642 4157 ripam
680 4087 861 4142 Rheni
905 4104 1079 4158 supra
1116 4087 1496 4142 Scafhusium.
1528 4088 1706 4141 Ponte
1730 4089 1869 4158 jun-

168 4161 325 4230 gitur
343 4160 422 4212 Tu
434 4159 662 4228 rgovim.
937 4229 943 4230 γ
1448 4171 1475 4230 ᾗ

238 4231 388 4299 (112)
421 4227 707 4296 Duellum,
767 4229 1072 4297 Duellium,
1125 4230 1296 4283 Dwiel
1352 4227 1867 4299 Hohendwiel,arx

169 4298 444 4355 montana
492 4300 549 4353 in
603 4300 867 4366 Hegovia,
928 4299 1291 4353 serenissimo
1331 4298 1461 4352 duci
1493 4298 1867 4351 Wirtember-

170 4374 279 4441 giae
312 4373 587 4439 subjecta.
617 4372 809 4426 Judice
836 4372 1142 4425 Goldstado
1165 4386 1377 4424 nomen
1407 4386 1439 4422 a
1470 4369 1602 4441 bello
1631 4369 1866 4441 accepit.

172 4440 343 4496 Vetus
373 4441 527 4495 enim
580 4442 922 4512 glossarium
984 4443 1200 4495 habet:
1244 4462 1271 4491 «
1334 4440 1633 4512 Duelluﬁm,»
1654 4440 1866 4503 bellum,

171 4514 334 4583 quasi
378 4510 669 4567 (labellum.
713 4513 1018 4579 Duellium,
1080 4513 1235 4565 locus
1267 4512 1326 4565 in
1369 4527 1496 4583 quo
1526 4510 1791 4583 bellatur,
1816 4516 1872 4563 et

168 4582 266 4637 ubi
298 4585 506 4637 milites
556 4590 988 4653 perseveranter
1014 4584 1224 4636 durart
1275 4583 1334 4636 in
1391 4582 1565 4653 bello,
1594 4598 1626 4653 a
1673 4582 1780 4635 duo
1814 4586 1872 4634 et

170 4654 371 4709 bellum
425 4652 805 4722 componitur,
854 4655 1013 4724 quasi
1062 4655 1375 4720 dubellium,
1420 4652 1556 4723 quia
1606 4652 1761 4705 intus
1815 4656 1871 4705 et

169 4725 307 4779 furis
339 4725 561 4786 geritur
589 4726 822 4779 bellum.
858 4746 885 4773 »

239 4799 393 4863 (H3)
429 4797 603 4864 Hujus
633 4794 1007 4858 fundationis,
1052 4799 1149 4848 aut
1198 4793 1386 4863 potius
1436 4792 1868 4846 restaurationis

168 4869 440 4921 meminit
488 4883 811 4936 anonymus
874 4866 1324 4920 Petershusauus
1360 4864 1419 4918 iu
1451 4864 1716 4919 Chrinico
1767 4880 1859 4932 ap.

166 4938 226 4991 P.
266 4939 612 4993 Ussermann
642 4939 829 4992 Germ.
876 4953 988 4991 sac.
1048 4937 1341 5007 prodrom.
1398 4941 1534 4989 tom.
1572 4937 1612 5002 Ι,
1650 4952 1705 5004 p.
1741 4937 1862 4999 319,

161 5015 217 5062 et
248 5009 627 5063 Ekkehardus
651 5009 777 5078 juu.
818 5009 894 5062 De
925 5024 1035 5061 cas.
1084 5009 1138 5063 S.
1193 5007 1337 5061 Galli
1397 5024 1444 5061 c.
1492 5008 1581 5073 10,
1620 5022 1712 5076 ap.
1746 5007 1868 5060 Gol-

163 5079 310 5133 dast.

231 5151 389 5217 (114)
419 5149 699 5204 Successit
727 5148 1141 5212 Warinherius,
1175 5149 1249 5202 al.
1310 5146 1721 5208 Werinharius,
1765 5163 1864 5199 seu

161 5222 510 5275 Wernherus
551 5224 741 5287 Augiz
781 5224 981 5275 Divitis
1012 5220 1187 5273 abbas
1216 5219 1458 5273 Alawico
1494 5234 1626 5272 anu.
1678 5219 1813 5271 1000
1848 5234 1861 5282 ;

159 5293 258 5368 hic
280 5308 420 5347 vero
474 5291 798 5368 Wideroldo
832 5292 1221 5368 Argentinensi
1257 5288 1652 5368 episcopo_,_.in
1700 5288 1864 5368 italia

159 5364 453 5418 defuncto.
507 5364 697 5417 Herm.
761 5359 952 5417 Contr.
996 5363 1067 5416 ad
1106 5362 1163 5415 h.
1216 5378 1267 5415 a.
1299 5360 1379 5415 Cf.
1440 5359 1619 5413 Gallia
1665 5359 1859 5414 christ.

226 5450 774 5576 (1V1'5y'ﬂve12nannus
801 5504 849 5559 ῐῐ
902 5503 1173 5558 ducatum
1224 5500 1575 5558 Alemauuim
1614 5498 1863 5570 suscepit

158 5593 205 5631 a.
226 5580 352 5631 997.

1895 4274 1937 4326 D

2382 504 2529 558 chivi
2565 508 2889 576 reipublicae
2924 511 3293 582 Turicensis].

2057 590 2121 642 In
2147 590 2381 645 nomine
2438 598 2644 649 sanctae
2688 600 2744 648 et
2773 595 3084 651 individua;
3113 600 3426 669 Trinitatis,
3457 604 3683 658 Hamm-

1986 692 2080 730 cos
2114 677 2305 732 divina
2327 679 2549 735 favente
2572 683 2878 738 clementia
2904 702 3000 739 rex
3017 728 3031 742 .

2059 765 2339 829 Quoniam
2381 771 2703 840 principem
2772 789 2835 825 ac
2892 774 3250 830 defensorem
3293 778 3677 833 azcclesiarum

1984 870 2088 908 nos
2117 854 2250 909 fecit
2276 857 2569 925 Dominus,
2621 876 2693 913 ue
2755 862 2877 931 ejus
2932 865 3133 933 gratias
3177 865 3392 933 ingrati
3449 884 3568 921 esse
3607 870 3684 922 vi-

1985 943 2243 1010 deamur,
2312 946 2613 1001 servicium
2690 948 2869 1018 ipsius
2948 959 3322 1021 augmentare
3388 957 3676 1012 aacclesias

1984 1031 2387 1103 multiplicare,
2418 1036 2563 1090 bene
2604 1044 2659 1091 et
2702 1045 3027 1108 opportune
3076 1047 3317 1096 structas
3350 1044 3679 1112 defendere,

1985 1118 2297 1175 destructas
2325 1139 2459 1178 vero
2486 1141 2589 1179 nos
2611 1132 2834 1196 oportet
2855 1134 3201 1184 restaurare.
3252 1132 3411 1186 Unde
3447 1136 3678 1188 moder-

1985 1224 2056 1260 no
2086 1212 2342 1280 tempore
2373 1214 2855 1268 constructionem
2889 1233 3000 1269 nou
3032 1218 3298 1287 ignobilis
3342 1222 3679 1276 monasterii

1982 1298 2043 1351 in
2073 1298 2195 1353 istis
2225 1299 2575 1353 Alemauuiae
2597 1301 2854 1370 partibus
2882 1304 3045 1372 juxta
3108 1305 3293 1376 ripam
3325 1308 3513 1361 Rheni
3548 1310 3675 1363 loco

1983 1386 2171 1441 Steine
2203 1390 2350 1457 (111)
2373 1388 2523 1441 dicto
2554 1389 2939 1459 disposuimus
2968 1391 3115 1459 fieri,
3145 1393 3205 1447 in
3234 1394 3454 1449 honore
3484 1396 3683 1451 videli-

1983 1480 2072 1529 cet
2102 1476 2320 1530 Sanctaa
2348 1476 2537 1531 Maria
2566 1483 2621 1531 et
2652 1478 2879 1532 Storum
2902 1486 3221 1550 martyrum
3244 1483 3474 1554 Georgii
3502 1490 3558 1538 et
3582 1487 3680 1557 Cy-

1983 1563 2114 1618 rilli.
2141 1565 2401 1630 Ipsorum
2434 1566 2587 1619 enim
2630 1567 2888 1637 reliquiae
2920 1569 3055 1623 illuc
3092 1576 3408 1625 noscuntur
3429 1574 3681 1627 transla-

1984 1658 2055 1706 ta:
2086 1653 2157 1706 de
2189 1659 2386 1707 monte
2410 1654 2607 1708 Duello
2637 1657 2807 1723 (112),
2847 1656 3189 1727 antiquioris
3241 1661 3455 1715 scilicet
3475 1677 3680 1715 mona-

1984 1742 2314 1796 steriiloco.
2371 1743 2531 1797 Prius
2573 1743 2804 1814 quidem
2862 1746 2999 1811 illic,
3044 1752 3269 1816 patratu
3324 1750 3482 1803 ducis
3539 1752 3677 1804 Pur-

1984 1830 2181 1884 chardi
2224 1832 2461 1901 ejusque
2490 1832 2750 1902 conjugis
2776 1832 3116 1905 Hadewigas,
3165 1835 3298 1889 satis
3356 1836 3669 1892 honorifica

1986 1919 2397 1974 monachorum
2434 1920 2756 1973 habitacula
2800 1922 2898 1975 sed
2931 1939 3044 1976 non
3080 1925 3273 1978 multae
3303 1926 3678 1980 commodita-

1982 2008 2055 2061 tis
2085 2012 2249 2061 erant
2283 2012 2604 2061 constructa
2662 2008 2832 2079 (113).
2885 2014 2956 2063 At
3006 2016 3312 2081 postquam
3342 2029 3434 2067 res
3479 2030 3677 2069 eorum

1984 2100 2193 2149 nostra;
2214 2096 2593 2150 dominationi
2623 2113 2864 2165 cessere,
2896 2099 3090 2153 habita
3119 2116 3246 2154 cum
3310 2102 3593 2172 episcopis
3624 2109 3680 2157 et

1984 2184 2144 2255 regni
2210 2185 2561 2255 principibus
2642 2186 3076 2256 deliberatione,
3145 2189 3327 2242 visum
3371 2196 3457 2245 est
3513 2192 3681 2245 nobis

1984 2273 2326 2343 oportunius
2375 2274 2564 2327 locum
2622 2276 2953 2328 monasterii
3008 2281 3415 2343 trausmutare,
3478 2296 3679 2333 secun-

1982 2361 2120 2415 dum
2154 2362 2308 2432 quod
2362 2362 2542 2431 ipsius
2586 2363 2695 2416 loci
2753 2363 3065 2418 ccenobitas
3096 2371 3152 2420 et
3190 2367 3409 2420 accolas
3458 2369 3671 2421 montis

1979 2450 2249 2521 perardui
2278 2451 2672 2506 difﬁcultatem
2732 2453 3018 2522 culpando
3065 2454 3389 2508 audivimus
3443 2457 3674 2510 deside-

1981 2555 2126 2593 rare.
2164 2541 2324 2593 Nunc
2364 2539 2542 2609 igitur
2580 2544 2642 2592 ut
2689 2543 3159 2595 commemoratio
3196 2548 3253 2596 et
3290 2543 3478 2597 honor
3513 2545 3673 2615 prio-

1982 2643 2111 2681 rum
2140 2627 2396 2697 ejusdem
2455 2628 2567 2681 loci
2616 2629 3008 2695 dominorum,
3069 2631 3251 2684 nostri
3309 2632 3521 2686 scilicet
3545 2633 3679 2687 tide-

1981 2716 2123 2770 lium
2188 2720 2244 2770 et
2290 2720 2665 2786 cognatorum
2724 2717 3063 2784 stabiliatur,
3113 2719 3328 2788 placuit
3382 2722 3679 2775 serenitati

1982 2810 2190 2859 nostra:
2221 2821 2395 2876 opera
2452 2804 2745 2876 religionis
2787 2806 3046 2876 ipsorum
3084 2807 3243 2877 regia
3276 2808 3454 2861 nostri
3483 2814 3677 2863 aucto-

1981 2894 2148 2948 ritate
2191 2894 2380 2948 taliter
2436 2893 2724 2964 adjuvare,
2786 2900 2846 2949 ut
2894 2894 3093 2949 famuli
3136 2896 3236 2949 Dei
3286 2912 3389 2966 per
3424 2904 3681 2953 nostram

1982 2982 2417 3053 dispositionem
2467 2982 2647 3053 optati
2678 2983 2787 3037 loci
2844 2984 3231 3054 oportunioris
3286 2985 3681 3056 adipiscantur

1982 3071 2477 3143 tranquillitatem.
2528 3072 2735 3125 Notum
2782 3072 2855 3125 sit
2913 3089 3050 3142 ergo
3100 3073 3370 3128 omnibus
3421 3075 3680 3129 Ecclesia».

1984 3162 2083 3215 Dei
2115 3160 2269 3231 quia,
2301 3164 2698 3229 praesentaneo
2732 3164 3063 3214 nostrorum
3090 3161 3493 3231 episcoporum
3523 3164 3675 3218 vide-

1982 3251 2112 3304 licet
2136 3255 2191 3303 et
2220 3250 2488 3304 abbatum
2521 3249 2729 3314 favore,
2750 3249 2845 3303 sed
2875 3249 3159 3319 prtecipue
3180 3250 3453 3319 Augiensi
3477 3251 3680 3305 abbate

1980 3338 2337 3392 Warinherio
2368 3337 2514 3408 (114)
2545 3344 2601 3391 et
2629 3336 2773 3391 duce
2805 3337 3153 3391 Herimanuo
3207 3338 3349 3407 (115)
3382 3339 3676 3393 adnitente

1979 3428 2218 3497 aliisque
2249 3427 2466 3481 Suevize
2514 3426 2893 3496 principibus,
2934 3425 3005 3479 ad
3052 3426 3207 3479 idem
3262 3429 3674 3481 monasterium

1979 3518 2167 3572 Steine
2198 3520 2598 3585 nuncupatum
2627 3519 2837 3567 nostra:
2897 3513 3251 3568 haereditatis
3298 3515 3517 3584 prwdia
3543 3531 3677 3570 cou-

1979 3605 2257 3660 tradimus
2270 3620 2397 3675 quae
2432 3604 2491 3657 in
2518 3602 2753 3657 diversis
2774 3601 2938 3673 pagis
2957 3606 3014 3655 et
3029 3602 3391 3656 comitatibus
3418 3602 3525 3656 sita
3546 3608 3680 3658 sunt

1977 3712 2042 3749 ac
2071 3694 2207 3749 locis
2227 3694 2395 3747 Arola
2424 3692 2596 3763 (116),
2618 3690 3131 3761 Ezzewilare(117),
3165 3690 3672 3763 Hiltesinga(118),

1982 3784 2217 3854 Nagelta
2273 3784 2434 3851 (119),
2487 3781 2800 3851 Epfeudorf
2840 3781 3013 3852 (120),
3058 3780 3334 3850 Phisgina
3365 3780 3513 3852 (121)
3545 3797 3675 3835 cum

1979 3875 2136 3928 fonte
2158 3872 2310 3939 salis,
2342 3871 2623 3941 eruiuga
2645 3872 2816 3939 (122),
2833 3868 3165 3939 Aﬂ‘raninga
3186 3869 3352 3940 (123),
3377 3870 3678 3925 Rahtfelda

1981 3962 2144 4032 (127i),
2166 3961 2533 4016 Sindelstetta
2552 3960 2715 4030 (125),
2742 3961 3072 4013 Hoeustetta
3091 3958 3238 4029 (126)
3256 3958 3472 4013 Rieden
3505 3959 3675 4031 (127),

2051 4069 2194 4139 (116)
2225 4069 2419 4133 Arlen,
2446 4067 2514 4120 ad
2548 4067 2761 4121 Aeliam
2804 4066 2861 4139 fl.
2908 4065 3059 4139 inter
3085 4063 3242 4139 Stein
3275 4068 3329 4118 et
3359 4065 3671 4139 Duellium.

2048 4136 2197 4210 (117)
2228 4139 2446 4203 Ezweil,
2476 4139 2535 4191 in
2576 4138 2886 4207 Alpegovia
2913 4136 3347 4206 Nigra-Silvana
3381 4137 3450 4190 ad
3471 4138 3673 4189 Albam

1982 4213 2034 4266 il.
2068 4227 2258 4263 versus
2291 4211 2578 4263 Rhenum.

2052 4282 2197 4350 (118)
2232 4280 2486 4346 Hiltisen,
2516 4293 2706 4350 prope
2722 4278 2912 4350 Arlam
2945 4280 3341 4350 memoratam.

2055 4345 2201 4429 (119)
2255 4345 2478 4419 Nagolt.
2516 4345 2812 4429 ‘0ppidum
2844 4347 2903 4399 in
2944 4345 3412 4416 Wurtembergiae
3443 4346 3670 4411 ducatu,

1984 4424 2051 4477 ad
2070 4423 2304 4475 fluvium
2327 4423 2750 4490 cognominem.

2054 4494 2202 4563 (120)
2232 4488 2560 4563 Epfeu'dorf,
2594 4490 2742 4563 infra
2772 4488 3091 4563 Rotwilam.

2052 4558 2201 4631 (121)
2238 4558 2595 4632 Fischingen,
2637 4560 2787 4614 infra
2835 4558 3113 4630 oppidum
3147 4559 3302 4629 Sulz,
3354 4559 3453 4614 ubi
3506 4560 3675 4614 hodie

1982 4638 2180 4690 saliua.
3032 4642 3041 4651 ’

2054 4706 2194 4775 (122)
2254 4703 2395 4759 Hod.
2456 4704 2729 4771 Avingen,
2784 4701 2844 4756 in
2900 4702 3239 4774 praefectura
3296 4701 3677 4773 Muusingana

1984 4774 2456 4844 Wirtembergiat.

2051 4850 2198 4926 αξξ)
2228 4843 2539 4926 Emissa",
2581 4843 3112 4926 Pr998-Wi'd.1?erg:

2050 4913 2193 4988 (124)
2225 4913 2548 4988 Rotfelden,
2581 4913 2730 4969 inter
2774 4913 3070 4988 Nagoltet
3108 4914 3401 4988 Wildberg
3441 4913 3671 4983 oppida.

2050 4984 2194 5060 (1‘25)
2234 4991 2407 5043 Locus
2448 4987 2599 5060 mihi
2627 4984 2905 5060 ignotus;
2934 4984 3046 5060 nisi
3067 4985 3181 5060 ‘sit_
3204 4985 3553 5060 Zindelstciu,
3580 4999 3675 5036 arx

1979 5055 2166 5114 diruta
2196 5074 2374 5130 prope
2433 5058 2713 5130 oppidum
2746 5056 3113 5130 Fehrenbach,
3169 5056 3229 5108 iu
3290 5056 3430 5130 silva
3478 5055 3671 5130 Nigra,

1977 5133 2080 5186 dit.
2120 5125 2544 5200 Furstemberg,
2574 5129 2659 5181 vel
2688 5128 3005 5200 Smtstetten
3062 5126 3121 5179 in
3161 5126 3505 5196 praefectura
3541 5125 3672 5179 Hei-
3710 5182 3725 5194 ,

1975 5202 2372 5276 denheimensi
2417 5198 2885 5276 Wirtembergiﬂzo
3227 5266 3325 5276 _,__
3406 5264 3421 5276 .
3518 5266 3531 5276 .
3614 5266 3625 5276 .

2044 5276 2193 5341 (126)
2218 5274 2570 5340 Houstetten,
2650 5264 2798 5324 inter
2845 5266 3154 5338 Dulliugeu
3187 5271 3245 5321 et
3273 5264 3575 5331 Stockach,
3610 5266 3667 5320 in

1994 5362 2246 5399 iecovm.

1977 5348 2513 5485 Ηῇἓζῗᾞίθώθη,
2575 5428 2690 5485 quo
2734 5408 2972 5466 nomine
3019 5409 3187 5481 plura
3226 5411 3430 5479 patent
3459 5408 3583 5463 loca
3612 5407 3672 5461 in

1974 5493 2169 5541 nostra
2197 5485 2445 5541 dioecesi.
