3938 6308
332 273 434 324 263
1634 265 1689 320 8.
1736 261 1881 318 IIEN
1893 261 2030 320 RlCl
2077 262 2549 320 IMI’ERATORIS

3740 265 3851 317 264

331 394 628 464 Suaninga
659 391 830 462 (128),
867 389 1050 444 Purch
1075 387 1238 456 (129),
1281 388 1593 442 nominatis
1619 404 1748 442 cum
1781 387 2030 442 ecclesiis
2069 391 2108 442 A
2143 394 2345 442 statam
2391 392 2689 459 presumat
2733 386 3024 442 vindicare
3077 388 3163 442 vel
3212 388 3377 458 quasi
3423 388 3850 442 hereditarium

331 488 387 538 et
420 481 678 547 decimis,
713 479 863 532 villis
887 483 944 532 et
972 476 1354 543 censualibus,
1379 477 1706 530 hominibus
1730 493 1793 529 ac
1823 475 2032 530 manci-

330 571 444 643 piis
475 569 774 638 utriusque
819 583 1003 632 sexus,
1059 581 1188 619 cum
1245 565 1409 618 terris
1459 565 1624 618 cultis
1673 568 1728 618 et
1780 564 2028 630 incultis,

331 657 580 729 pascuis,
613 656 811 727 pratis,
836 655 1012 719 silvis,
1064 670 1193 707 cum
1243 653 1499 723 quasitis
1555 657 1610 706 et
1648 651 2028 723 inquirendis,

333 745 644 800 mobilibus
673 749 730 796 et
755 741 1162 804 immobilibus,
1216 758 1345 795 cum
1378 740 1629 794 vassallis
1687 739 2029 793 ministeria-

328 834 482 888 libus
513 832 897 901 omnibusque
919 831 1170 901 ipsorum
1197 829 1674 900 possessionibus.
1719 829 1828 881 Ista
1857 829 2033 897 igitur

329 937 459 976 cum
493 920 760 974 omnibus
791 918 1143 989 appendiciis
1164 919 1302 985 suis,
1335 923 1392 970 et
1435 933 1796 987 quacunque
1846 917 2032 971 adhuc

326 1008 619 1063 nominari
640 1013 895 1078 possunt,
931 1006 1299 1060 concedimus
1329 1011 1387 1058 et
1417 1005 1673 1075 legitime
1723 1006 2032 1058 contirma-

331 1113 461 1151 mus
495 1097 564 1150 ad
597 1096 870 1166 reliquias
917 1100 1242 1149 sanctorum
1298 1093 1606 1148 Steinensis
1668 1092 1943 1158 ecclesia,
1970 1096 2035 1144 ut

328 1201 433 1256 per
491 1199 846 1237 successuras
932 1187 1108 1235 etates
1175 1181 1272 1235 ille
1335 1181 1510 1235 abbas
1557 1179 1668 1234 illis
1703 1181 2034 1234 dominetur

331 1273 433 1344 qui
462 1276 531 1327 ad
552 1272 810 1342 ejusdem
833 1270 1084 1325 ecclesia
1110 1269 1370 1339 regimen
1394 1274 1448 1322 et
1479 1285 1672 1323 curam
1697 1285 2029 1339 promovea-

332 1369 449 1430 tur,
481 1366 537 1414 et
566 1376 697 1414 cum
739 1359 854 1412 suis
892 1358 1183 1413 monachis
1215 1375 1317 1428 pro
1357 1358 1523 1412 nobis
1553 1363 1609 1412 et
1655 1357 2032 1411 antecessori-

334 1453 442 1504 bus
470 1449 678 1503 nostris
711 1449 960 1502 divinam
997 1447 1265 1517 pietatem
1315 1447 1540 1500 assidue
1582 1447 1886 1516 implorare
1919 1462 2032 1498 non

333 1539 661 1609 pigritetur.
696 1537 775 1590 Ad
805 1539 927 1590 hac
957 1552 1183 1606 quoque
1211 1535 1471 1588 omnium
1511 1535 1810 1588 hominum
1844 1534 2033 1587 tideli—

332 1626 434 1680 tati
486 1627 749 1678 volumus
818 1625 1113 1677 notilicare
1153 1623 1287 1692 quia
1370 1627 1616 1675 castrum
1679 1621 2029 1675 Babinberch

339 1716 578 1779 dictum,
613 1714 670 1767 in
701 1712 1131 1767 Austrifrancia
1165 1716 1324 1782 parte
1372 1711 1564 1772 situm,
1588 1711 1707 1779 jam
1758 1710 2032 1763 molimur

334 1803 396 1856 in
428 1803 624 1857 sedem
685 1801 1045 1871 episcopatus
1091 1799 1423 1865 sublimare,
1479 1815 1656 1869 quare
1689 1815 1918 1852 necesse
1949 1804 2032 1852 est

334 1907 438 1944 nos
471 1890 802 1960 prediorum
850 1888 1258 1942 donationibus
1309 1893 1365 1941 et
1419 1903 1607 1941 rerum
1639 1887 1818 1957 copiis
1849 1887 2028 1940 unde-

333 1995 560 2050 cunque
615 1977 1083 2048 provenientibus
1123 1977 1360 2030 ditando
1401 1975 1768 2045 amplilicare.
1829 1976 2031 2028 Decre-

334 2068 519 2121 vimus
552 2084 687 2138 ergo
727 2073 783 2120 et
845 2071 1063 2120 certum
1122 2065 1314 2118 animo
1369 2065 1668 2134 posuimus
1720 2080 1786 2116 ea
1835 2064 2032 2134 predia

334 2158 470 2211 illuc
516 2157 852 2210 contradere
911 2171 1040 2225 qua
1089 2154 1252 2207 nobis
1303 2153 1651 2208 hereditario
1696 2152 1824 2223 jure
1855 2152 2031 2206 conti-

332 2251 543 2314 gerunt
597 2245 657 2298 in
712 2244 830 2297 istis
880 2243 1135 2312 partibus
1204 2242 1561 2296 Alemanuia
1603 2245 1732 2310 post
1785 2247 2030 2293 mortem

337 2332 636 2401 lladewige
692 2331 1003 2386 Purcbardi
1060 2330 1219 2384 ducis
1285 2330 1494 2383 vidua.
1556 2330 1751 2399 Ipsum
1802 2345 2032 2399 quoque

337 2421 749 2474 monasterium
786 2419 1000 2482 Steine,
1029 2419 1098 2472 de
1124 2418 1285 2488 cujus
1317 2424 1465 2470 statu
1495 2422 1550 2471 et
1606 2418 2033 2471 moditicatione

327 2509 447 2578 jam
481 2508 722 2578 egimus,
760 2507 1232 2576 Babinbergensis
1262 2507 1408 2560 sedis
1440 2506 1722 2576 episcopis
1753 2507 2032 2578 subjicere

334 2598 612 2652 volumus.
645 2598 724 2651 Eo
773 2602 966 2650 tamen
1024 2602 1189 2666 pacto
1249 2601 1305 2648 et
1343 2595 1564 2648 ratione
1612 2601 1674 2648 ut
1725 2596 1917 2649 nullus
1944 2596 2031 2648 vel

332 2686 589 2757 ipsorum
615 2686 1016 2756 episcoporum
1041 2689 1138 2738 aut
1163 2683 1408 2738 aliorum
1461 2689 1762 2754 potentum
1812 2701 2030 2754 prasu-

333 2780 452 2829 mat
525 2774 766 2844 alicujus
830 2773 1044 2842 iniqua
1093 2772 1404 2826 exactionis
1452 2774 1537 2826 vel
1592 2772 2030 2826 constructionis

329 2862 661 2932 gravamina
691 2861 775 2914 vel
813 2860 1022 2914 damna
1083 2859 1191 2930 ipsi
1235 2861 1355 2913 loco
1409 2865 1508 2913 aut
1563 2863 1688 2927 ejus
1718 2858 2031 2914 abbatibus

2143 477 2435 544 invadere,
2465 476 2575 530 nisi
2605 492 2669 530 ex
2701 475 2922 530 abbatis
2986 476 3412 530 constitutione.
3455 476 3851 530 Ministeriali-

2141 565 2248 618 bus
2279 581 2512 635 quoque
2539 564 2792 618 vassallis
2810 580 2952 633 quos
2975 564 3316 618 tradidimus
3337 564 3520 619 eidem
3546 565 3848 629 acclesia,

2144 651 2330 717 liceat,
2363 669 2490 706 cum
2515 653 2603 706 his
2630 669 2776 723 quos
2803 652 2871 706 ad
2904 653 3296 722 episcopatum
3332 653 3671 724 pradictum
3710 653 3851 706 dare

2143 740 2516 805 decrevimus,
2539 746 2811 794 consueto
2853 741 3109 794 honesta
3149 740 3438 794 societatis
3475 757 3638 794 more
3668 741 3850 794 vitam

2144 845 2333 896 agere,
2367 835 2566 882 mutuo
2599 829 2744 882 tilias
2779 845 2906 882 suas
2963 828 3023 882 in
3075 829 3412 900 conjugium
3465 829 3603 884 dare
3634 846 3848 883 secun-

2144 917 2282 971 dum
2319 933 2683 972 communem
2742 917 2997 984 libitum,
3031 922 3086 970 et
3141 919 3442 988 accipere;
3500 919 3850 989 sobolesque

2144 1022 2339 1060 earum
2395 1007 2547 1077 apud
2609 1008 2912 1060 alterutros
2969 1006 3251 1060 stabiliter
3303 1008 3363 1061 in
3407 1006 3559 1060 illius
3586 1007 3850 1060 ecclesia

2143 1101 2518 1164 permaneant
2564 1095 2936 1166 proprietate,
2977 1095 3049 1148 ad
3092 1095 3251 1164 cujus
3308 1101 3494 1165 partes
3552 1095 3694 1164 ip:a
3744 1112 3854 1164 per

2146 1183 2499 1236 matrimonii
2519 1183 2729 1236 dantur
2757 1183 3205 1253 copulationem.
3247 1186 3378 1239 Ilac
3407 1183 3585 1254 igitur
3615 1184 3855 1237 decreta

2144 1276 2351 1324 nostra
2381 1271 2722 1336 traditionis,
2748 1277 2805 1324 et
2820 1271 3208 1325 corroboratio
3241 1279 3449 1325 nostra
3493 1271 3850 1335 autoritatis,

2143 1365 2209 1412 ut
2245 1359 2467 1413 firmior
2505 1360 2564 1412 in
2596 1359 3029 1414 succedentibus
3077 1361 3355 1414 habeatur
3383 1360 3550 1414 annis
3601 1366 3657 1413 et
3712 1361 3850 1414 dili-

2143 1447 2372 1518 gentius
2402 1450 2752 1515 observetur,
2817 1449 3051 1520 propria
3103 1466 3279 1504 manu
3327 1466 3454 1503 eam
3484 1449 3852 1504 conﬁrmavi-

2145 1552 2290 1603 mus,
2327 1542 2383 1589 et
2413 1537 2600 1606 sigillo
2622 1544 2816 1591 nostro
2851 1539 3090 1608 sigillari
3113 1540 3411 1608 jussimus.

2215 1627 2446 1692 Signum
2476 1628 2683 1681 domini
2736 1630 2954 1682 Henrici
2994 1631 3340 1697 imperatoris
3369 1628 3609 1682 secundi.

2214 1715 2528 1785 Sigel‘ridus
2557 1719 2702 1783 (130)
2726 1717 3100 1770 cancellarius
3134 1719 3192 1770 in
3231 1718 3351 1770 vice
3386 1717 3670 1771 Brunonis
3694 1719 3852 1786 (19,1)

2143 1805 2627 1858 archicancellarii
2651 1821 2881 1875 recogn.
2903 1806 3040 1858 Data
3065 1807 3186 1860 Kal.
3213 1806 3331 1860 Oct.
3357 1805 3552 1860 indict.
3576 1821 3636 1859 Ill
3663 1802 3857 1873 (13?),

2140 1906 2292 1944 anno
2324 1891 2514 1945 Dnica
2540 1892 2758 1946 incarn.
2787 1908 2837 1945 IV
2861 1891 3032 1960 (l33),
3069 1909 3218 1946 anno
3247 1893 3444 1947 domui
3476 1892 3629 1963 regis
3667 1893 3848 1948 Hein-

2139 1979 2245 2033 rici
2301 1996 2372 2032 1v.
2407 1982 2609 2034 Actum
2628 1985 2714 2034 est
2740 1981 2901 2034 Ulma
2931 1981 3189 2035 feliciter.

2877 2070 3104 2124 XXVIII.

2139 2157 2199 2210 S.
2231 2159 2493 2211 Henricus
2527 2161 2825 2226 imperator
2875 2160 3161 2228 conﬁrmat
3209 2158 3587 2224 laudationem
3632 2160 3853 2226 collegii

2211 2248 2586 2300 canonicorum
2663 2249 2723 2301 in
2795 2248 3011 2301 ecclesia
3086 2249 3296 2302 Sancta
3365 2248 3561 2300 Crucis
3633 2249 3849 2314 Leodii,

2209 2337 2362 2400 facta
2396 2351 2494 2403 per
2521 2337 2812 2404 Notgcrum
2835 2338 3143 2406 episc0pum
3164 2335 3528 2390 Lcodiensem.

2787 2424 2982 2493 (Anno
3020 2424 3198 2492 1005.)

2500 2510 2765 2581 Mirans,
2793 2513 2934 2580 Opp.
2960 2511 3208 2581 diplom.,
3238 2512 3308 2577 Il,
3334 2511 3477 2584 808.]

2216 2600 2278 2652 In
2311 2600 2542 2653 nomine
2583 2603 2792 2654 sancta
2845 2609 2902 2654 et
2957 2600 3264 2654 individua
3323 2601 3640 2668 Trinitatis,
3701 2604 3848 2656 Han-

2142 2702 2302 2742 mcus
2331 2687 2520 2741 divina
2552 2689 2892 2758 disponente
2959 2689 3261 2744 clementia
3283 2708 3312 2744 a
3347 2690 3460 2743 Deo
3504 2697 3842 2757 coronatus,

2142 2784 2197 2832 et
2227 2777 2296 2831 ab
2319 2778 2476 2831 omni
2507 2779 2674 2848 plebe
2705 2779 2764 2832 in
2787 2795 3031 2847 regnum
3076 2779 3321 2850 gloriose
3349 2779 3654 2834 exaltatus.

2209 2867 2546 2938 Quicunque
2574 2867 2980 2921 catholicorum
2997 2909 3009 2922 .
3028 2908 3062 2922 ..

334 2952 418 3004 vel
449 2948 921 3019 procuratoribus
943 2964 1037 3000 seu
1082 2948 1252 3000 rebus
1282 2947 1516 3008 inferre,
1551 2955 1609 3000 et.
1662 2963 1766 3000 nec
1795 2962 2030 3000 censum
2069 2955 2109 3009 C
2215 2957 2576 3026 Quapropter
2629 2962 2827 3010 notum
2879 2973 2999 3011 esse
3081 2957 3409 3026 cupimus...
3463 2958 3717 3027 qualiter
3762 2958 3848 3010 vir

333 3037 561 3107 exigere
604 3051 708 3089 nec
773 3035 1080 3105 quicquam
1139 3049 1343 3087 eorum
1432 3033 1628 3087 usibus
1708 3033 2024 3087 detrahere.

332 3125 754 3180 Tantummodo
826 3124 983 3176 enim
1065 3121 1453 3190 concedimus,
1503 3127 1583 3187 ut,
1612 3121 1879 3176 defuncto
1942 3123 2029 3192 ip-

333 3215 449 3268 sius
504 3211 964 3284 cougregationis
1045 3211 1268 3275 abbate,
1349 3211 1677 3281 quicunque
1743 3227 1775 3264 a
1838 3226 2032 3264 mona-

331 3303 452 3356 chis
509 3303 596 3356 vel
643 3301 795 3355 inter
873 3317 930 3355 se
1003 3300 1091 3353 vel
1145 3301 1215 3353 de
1266 3299 1379 3352 alio
1436 3314 1665 3369 quoque
1729 3304 1861 3352 noto
1908 3314 2033 3352 mo-

332 3389 582 3444 nasterio
638 3389 906 3443 canonice
973 3403 1334 3442 successurus
1393 3387 1657 3458 eligatur,
1717 3387 1850 3441 huic
1932 3402 2034 3458 per

332 3479 617 3550 pradicta
648 3477 799 3532 sedis
828 3478 1159 3548 episcopum
1185 3492 1325 3530 cura
1380 3475 1707 3529 monasterii
1737 3491 2031 3529 commen-

331 3568 515 3622 detur.
538 3567 642 3621 Cui
681 3567 852 3620 etiam
895 3567 964 3620 ad
1025 3566 1170 3620 bene
1237 3565 1543 3619 vivendum
1589 3580 1653 3618 ac
1693 3564 2034 3634 regulariter

332 3672 463 3709 suos
494 3654 806 3726 regendum
837 3670 900 3708 ac
931 3654 1168 3724 perinde
1197 3653 1390 3707 omnia
1428 3653 1846 3722 disponendum
1881 3653 2029 3706 idem

332 3743 602 3813 deinceps
633 3742 882 3806 obediat,
929 3757 962 3795 a
1017 3757 1131 3811 quo
1184 3747 1241 3794 et
1287 3746 1504 3794 metum
1563 3741 1786 3808 habeat,
1839 3757 1911 3795 ne
1943 3758 2031 3794 rcs

331 3831 581 3886 ecclesia
638 3846 754 3884 sua
796 3829 1094 3900 dissipare,
1147 3829 1235 3882 vel
1303 3829 1497 3882 liberis
1553 3835 1652 3882 aut
1681 3828 2030 3900 quibuslibet

332 3919 533 3973 alienis
571 3919 903 3973 hominibus
931 3917 1210 3973 beneﬁcia
1238 3933 1304 3972 ex
1337 3917 2028 3988 possessionibusimpru-

331 4007 533 4062 denter
604 4007 916 4061 concedere
973 4011 1302 4076 prasumat.
1378 4006 1656 4060 Praterea
1705 4006 2029 4060 audivimus

330 4097 638 4166 plerosque
728 4111 928 4149 eorum
1008 4094 1109 4165 qui
1185 4093 1550 4148 ecclesiarum
1603 4094 2031 4148 constituuntur

329 4183 585 4237 advocati
615 4183 809 4237 debita
834 4187 1115 4253 potestate
1159 4183 1403 4236 multum
1437 4181 1614 4247 abuti,
1667 4187 1748 4246 ut,
1790 4181 1891 4252 qui
1928 4181 2027 4236 de-

330 4272 532 4325 beri-nt
573 4287 693 4325 esse
750 4270 988 4325 modesti
1043 4270 1391 4340 defensores,
1438 4269 1802 4341 impudenter
1847 4269 2026 4324 effecti

330 4359 442 4412 sint
475 4376 705 4428 rapaces
757 4368 812 4415 et
875 4357 1143 4428 injuriosi
1200 4365 1509 4426 exactores,
1566 4357 1779 4412 Idcirco
1825 4363 2030 4412 nostra

331 4447 542 4516 placuit
566 4447 934 4516 providentia:
969 4447 1026 4500 in
1059 4447 1278 4501 abbatis
1308 4447 1460 4501 illius
1507 4451 1562 4499 et
1619 4447 1857 4500 fratrum
1891 4462 2028 4500 suo-

334 4550 462 4587 rum
497 4535 601 4587 hoc
631 4533 1044 4604 perpetualiter
1080 4551 1293 4604 ponere
1339 4539 1636 4605 potestate,
1681 4538 1763 4599 ut,
1798 4535 2031 4604 sapien-

332 4628 455 4675 tum
486 4621 575 4674 usi
597 4622 871 4684 consiliis,
907 4639 973 4675 ex
1013 4622 1092 4675 eis
1138 4640 1282 4694 quos
1329 4622 1480 4676 inter
1523 4627 1782 4692 potentes
1838 4622 2032 4676 saculi

333 4709 598 4764 noverint
653 4726 773 4764 esse
832 4711 1119 4780 aquitatis
1179 4716 1234 4764 et
1307 4709 1602 4765 modestia
1681 4710 2031 4765 amantiores

336 4798 555 4868 eligant
580 4798 698 4852 suis
738 4806 1132 4870 competenter
1169 4799 1304 4854 locis
1343 4800 1644 4853 advocatos
1689 4804 1745 4853 et
1774 4798 2032 4853 defenso-

331 4903 440 4940 res.
479 4886 592 4940 Nec
635 4886 799 4940 aliter
836 4887 1140 4958 quisquam
1187 4886 1448 4941 omnium
1504 4885 1610 4939 sibi
1665 4886 1811 4941 hanc
1873 4894 2032 4958 pote-

403 5009 552 5080 (1‘28)
589 5009 954 5079 Swaningen.
998 5011 1055 5063 in
1105 5009 1417 5080 Alpegovia
1466 5008 1915 5079 Nigra-Silvane.
1957 5026 2029 5063 an

331 5082 668 5150 Sweningen
711 5082 768 5134 in
798 5081 975 5135 veteri
1009 5081 1482 5136 Bertholdesbara
1510 5082 1886 5151 intelligatur,
1912 5097 2029 5135 non

333 5152 496 5206 facile
528 5152 790 5206 dixerim.

403 5225 549 5293 (1ἳ9)
585 5223 754 5293 Burg,
785 5222 947 5292 cujus
977 5222 1228 5277 nominis
1255 5227 1416 5276 vetus
1443 5226 1692 5276 castrum
1739 5221 1797 5275 in
1850 5223 2031 5291 Hego-

331 5294 423 5347 via
453 5311 468 5359 ;
500 5297 656 5348 vicus
685 5295 744 5347 in
809 5293 1144 5362 Brisgovia;
1198 5294 1459 5364 aliusque
1515 5295 1640 5364 ejus
1698 5293 2029 5348 nominisin

337 5365 806 5418 Bertholdesbara
836 5371 1076 5419 exstant.

402 5435 558 5504 (130)
581 5433 916 5506 Sigefridus,
948 5453 1038 5502 ep.
1071 5433 1566 5506 Monasteriensis.,

403 5508 546 5573 (131)
574 5505 782 5568 Bruno,
815 5523 1105 5562 successor
1158 5505 1424 5575 Sigefridi
1450 5506 1510 5560 in
1556 5505 1886 5577 episcopatu
1912 5508 2024 5561 Au-

2143 3061 2367 3115 magna
2398 3046 2712 3098 sanctitatis
2743 3050 2798 3099 et
2851 3045 2984 3099 satis
3018 3046 3205 3117 digna
3257 3047 3618 3113 reverentia,
3683 3047 3846 3101 dom-

2139 3149 2248 3187 nus
2280 3134 2564 3199 Notgerus
2617 3134 2916 3204 episcopus
2976 3135 3236 3189 Ecclesia
3283 3135 3336 3190 S.
3386 3134 3594 3201 Maria,
3627 3135 3845 3190 sancti-

2141 3238 2252 3293 que
2304 3221 2591 3276 l.amberti
2645 3223 2910 3294 martyris
2963 3223 3224 3294 provisor
3278 3229 3335 3277 et
3379 3231 3588 3289 custos,
3651 3226 3842 3279 studio

2139 3311 2316 3365 divini
2361 3311 2573 3365 amoris
2637 3328 2958 3376 succensus,
3036 3313 3330 3367 ecclesiam
3398 3313 3714 3384 quamdam
3785 3315 3843 3367 in

2140 3399 2280 3452 urbe
2315 3399 2522 3453 Leodio
2548 3401 2751 3468 (t34)a
2777 3400 3167 3455 fundamentis
3213 3402 3478 3465 extruxit,
3527 3401 3586 3454 in
3625 3418 3847 3456 memo-

2140 3487 2284 3541 riam
2315 3488 2576 3542 videlicet
2609 3492 2664 3541 et
2709 3489 2933 3543 Iaudem
2984 3490 3127 3559 ligni
3184 3490 3240 3544 S.
3300 3491 3513 3557 Crucis,
3561 3496 3617 3544 et
3667 3508 3842 3545 cano-

2140 3577 2400 3630 nieorum
2427 3576 2749 3631 canobium
2782 3577 2995 3631 ibidem
3028 3579 3298 3646 instituit,
3341 3583 3418 3644 et,
3468 3595 3573 3649 pro
3607 3596 3844 3649 prome-

2141 3665 2313 3720 renda
2339 3671 2553 3720 aterna
2593 3666 2728 3732 vita,
2762 3681 2824 3719 ex
2849 3666 3174 3736 sumptibus
3201 3667 3317 3721 suis
3365 3667 3426 3720 in
3481 3667 3687 3722 eodem
3721 3669 3846 3722 loco

2143 3753 2255 3806 Deo
2305 3752 2683 3806 militantibus
2739 3753 3070 3808 struendam
3134 3754 3400 3808 decenter
3457 3755 3720 3821 ornavit;
3757 3762 3844 3818 ut,

2140 3845 2462 3894 sanctorum
2527 3843 2760 3896 Patrum
2817 3842 3074 3896 instituta
3138 3850 3462 3914 sequentes,
3503 3843 3594 3898 die
3631 3853 3842 3897 noctu-

2139 3947 2250 4000 que
2271 3929 2518 3984 serviant
2557 3947 2659 4000 pro
2703 3947 2839 4002 pace
2879 3932 3044 4001 regni
3098 3933 3296 3997 nostri,
3347 3939 3404 3986 et
3441 3932 3844 3987 incolumitate

2139 4021 2331 4071 nostra
2355 4021 2412 4072 et
2434 4017 2818 4073 dilectissima
2853 4019 3112 4091 conjugis
3159 4026 3391 4086 nostra,
3428 4024 3484 4073 et
3535 4035 3641 4090 pro
3693 4035 3842 4076 una-

2139 4105 2398 4160 nimitate
2430 4106 2763 4163 Christiana
2783 4108 2937 4175 tidei,
2969 4111 3038 4162 ad
3072 4109 3251 4162 Deum
3284 4107 3676 4162 indesinenter
3715 4125 3848 4180 pre-

2143 4211 2234 4248 ces
2281 4195 2546 4262 fundant,
2595 4213 2709 4250 una
2753 4197 2942 4251 cibum
2991 4197 3239 4267 capiant,
3281 4201 3496 4267 pariter
3520 4197 3843 4264 dormiant,

2146 4283 2407 4350 totosque
2437 4297 2494 4334 se
2518 4281 2711 4334 divino
2730 4280 2909 4334 cultui
2943 4281 3293 4350 mancipent.

2212 4368 2394 4433 Quare
2451 4369 2602 4422 idem
2679 4369 2950 4440 prafatus
3001 4369 3235 4423 antistes
3274 4368 3415 4422 adiit
3470 4369 3841 4439 prasentiam

2142 4457 2437 4527 dignitatis
2495 4464 2722 4520 nostra,
2777 4459 3074 4513 humiliter
3121 4458 3450 4528 supplicans
3501 4465 3565 4512 ut
3592 4458 3648 4512 id
3682 4461 3842 4529 quod

2140 4547 2420 4602 industria
2477 4547 2821 4618 pontificalis
2865 4548 3144 4619 sagaciter
3195 4548 3575 4618 disposuerat,
3628 4549 3844 4619 regalis

2140 4652 2346 4690 manus
2402 4635 2673 4692 ﬁrmitate
2716 4637 3111 4692 inconvulsum
3169 4641 3228 4690 et
3263 4635 3662 4690 indissolubile
3715 4654 3844 4707 per-

2140 4731 2388 4781 maneat.

2207 4814 2640 4886 Assignavimus
2678 4817 2871 4869 autem
2907 4814 3090 4870 eidem
3124 4814 3386 4868 Ecclesia
3416 4829 3520 4884 per
3553 4814 3840 4869 interven-

2139 4908 2262 4958 tum
2301 4904 2557 4974 ejusdem
2597 4904 2860 4975 prasulis
2905 4905 3028 4958 loca
3083 4904 3349 4974 quadam
3403 4903 3839 4973 congregationi

2139 5015 2402 5078 gnstano,
2433 5010 2608 5064 frater
2643 5010 2886 5064 Heinrici
2924 5010 3091 5079 regis.
3125 5011 3262 5064 Tam
3313 5009 3628 5080 Sigefridus
3659 5026 3837 5081 quam

2141 5084 2331 5136 Bruuo
2358 5081 2416 5135 in
2459 5097 2698 5134 numero
2756 5082 3224 5135 cancellariorum
3273 5087 3330 5134 et
3387 5081 3838 5137 archicancella-

2139 5154 2354 5207 riorum
2388 5152 2917 5221 ap.Malinkrotium
2942 5151 3360 5206 desiderantur.

2209 5223 2355 5291 (l3?)
2390 5224 2627 5276 Indictio
2661 5239 2716 5277 ιιι
2739 5225 3002 5276 convenit
3023 5240 3171 5277 anno
3213 5225 3367 5277 1005.

2210 5295 2354 5366 (133)
2382 5295 2419 5347 l.
2441 5311 2490 5347 e.
2525 5296 2680 5359 1005,
2705 5296 2842 5348 Nam
2871 5311 2885 5347 ι
2916 5310 3044 5348 cum
3072 5295 3224 5366 linea
3252 5300 3575 5347 transversa
3621 5294 3680 5348 in
3710 5312 3834 5349 ver-

2137 5363 2270 5427 tice,
2302 5380 2473 5436 quam
2504 5366 2931 5436 autographum
2967 5364 3236 5436 exprimit
3283 5380 3594 5419 numerum
3649 5367 3832 5421 mille-

2136 5437 2364 5490 narium
2395 5435 2622 5490 iudicat.

2211 5508 2355 5570 (154)
2421 5505 2748 5561 Leodiensis
2829 5505 3067 5561 ecclesia
3133 5505 3430 5576 collegiate
3514 5505 3569 5560 S.
3642 5508 3832 5564 Crucis
