3938 6338
134 335 223 388 265
666 396 669 397 ν
1390 334 1782 397 DIPLOMATA
1821 340 2373 401 ECCLESIASTICA.

3529 352 3631 408 266

132 477 223 529 pro
254 460 689 531 opportunitate
722 460 1202 528 administranda,
1256 463 1523 518 videlicet
1582 465 1639 519 in
1671 482 1818 536 pago
1849 468 1895 521 Α
1932 467 2196 535 fratrum,
2254 469 2389 539 quia
2456 469 2528 524 ob
2578 469 2682 523 hoc
2736 470 3043 539 prmdictus
3096 471 3266 525 abbas
3314 474 3629 545 requisivit,

131 549 451 603 Arduenna:
489 549 849 603 Berthoniam
880 550 1097 615 villam,
1139 555 1345 605 etc.....

195 638 257 691 Et
289 644 353 691 ut
384 639 506 691 hac
553 638 779 692 collatio
816 638 1031 691 Divinas
1064 640 1320 693 servituti
1357 640 1581 694 addicta
1625 658 1826 696 secun-

133 728 263 780 dum
298 728 601 797 praefatam
659 727 1054 781 detinitionem
1113 728 1457 783 inviolabilis
1489 734 1545 784 et
1579 731 1824 785 indisso-

130 814 320 866 lubilis
347 815 479 884 jure
535 820 891 884 permaneat,
947 816 1131 869 edicto
1169 815 1346 870 banni
1396 818 1575 872 nostri
1618 819 1827 873 confir-

132 903 273 955 mari
305 904 607 971 jussimus.
666 910 720 956 et
746 904 846 957 hos
878 903 1064 974 apices
1097 905 1409 974 majestatis
1455 912 1664 961 nostrae
1695 908 1828 961 inde

134 990 254 1043 ﬁeri
312 992 711 1062 praecepimus,
752 1009 855 1061 per
902 1010 1048 1062 quos
1070 994 1442 1062 jdecernimus
1473 1001 1643 1066 atque
1663 996 1829 1065 jube-

136 1096 257 1132 mus
288 1096 361 1133 ne
421 1080 550 1151 quis
606 1080 666 1133 in
717 1085 1024 1151 posterum,
1083 1082 1275 1152 aliquo
1332 1083 1564 1137 stimulo
1596 1084 1829 1138 malitiae

136 1174 332 1233 tactus,
368 1168 504 1221 huic
534 1169 804 1239 praecepti
860 1170 1043 1223 nostri
1088 1170 1385 1225 traditioni
1438 1172 1645 1226 audeat
1691 1188 1827 1226 con-

135 1258 323 1310 traire.

202 1345 309 1399 Sed
343 1344 492 1399 sicut
542 1362 575 1398 a
602 1346 840 1415 prmfato
885 1346 1133 1416 praesule
1164 1348 1477 1402 secundum
1522 1348 1619 1403 Dei
1652 1349 1829 1419 placi-

135 1439 254 1487 tum
279 1438 363 1486 est
413 1433 761 1498 ordinatum,
792 1433 869 1486 sic
900 1433 959 1486 in
990 1433 1145 1487 omni
1197 1436 1531 1489 succedente
1585 1437 1829 1505 posteri-

136 1528 247 1575 tate
308 1522 689 1575 indiscussum
721 1526 776 1575 et
803 1522 1234 1584 immutilatum.
1277 1524 1504 1577 decreto
1545 1524 1830 1578 ﬁrmitatis

137 1616 341 1664 nostra:
374 1609 804 1663 irrevocabilem
854 1610 912 1663 in
972 1610 1073 1664 Dei
1099 1612 1335 1665 nomine
1368 1612 1625 1667 obtineat
1655 1612 1830 1667 stabi-

136 1701 379 1764 litatem,
438 1699 667 1752 dextera
720 1698 899 1768 regali
983 1699 1466 1768 consignavimus,
1536 1704 1591 1755 et
1660 1700 1831 1771 sigilli

135 1787 319 1839 nostri
354 1786 731 1857 impressione
754 1787 1033 1856 jussimus
1064 1788 1347 1855 insigniri.

209 1877 346 1928 Data
379 1875 554 1928 Nonis
607 1876 840 1944 Aprilis,
899 1892 1048 1928 anno
1084 1876 1391 1929 Dominica:
1426 1875 1834 1930 incarnationis

140 1965 449 2017 millesimo
506 1964 730 2033 quinto,
795 1963 1107 2017 indictione
1167 1964 1355 2031 tertia,
1429 1981 1580 2017 anno
1633 1964 1832 2017 domui

142 2052 368 2105 Henrici
401 2053 630 2105 secundi
664 2053 815 2121 regis
845 2052 1032 2106 tertio.

205 2146 411 2194 Actum
440 2140 782 2212 Aquisgrani
813 2142 871 2194 in
905 2141 1004 2194 Dei
1038 2141 1267 2195 nomine
1321 2141 1579 2195 feliciter.
1627 2144 1829 2195 Amen.

900 2267 1071 2319 XXIX.

204 2372 263 2425 S.
345 2372 605 2424 Henricus
676 2371 887 2439 prardia
959 2370 1207 2438 qumdam
1272 2371 1439 2425 donat
1508 2376 1833 2427 monasterio

422 2459 737 2525 Altahensi,
768 2464 976 2527 petente
997 2459 1313 2514 Godehardo
1336 2460 1545 2514 abbate.

779 2564 964 2635 (Anno
1008 2567 1190 2636 1005.)

271 2670 455 2742 {Apud
492 2671 780 2741 Ludewig,
809 2673 1009 2740 Script.
1044 2688 1149 2726 rer.
1185 2674 1366 2725 Germ.
1412 2673 1511 2737 ΙΙΙ,
1549 2671 1699 2743 331.]

204 2763 266 2815 In
328 2761 563 2814 nomine
603 2766 808 2814 sanctae
858 2765 914 2814 et
952 2760 1258 2814 individua:
1305 2760 1613 2828 Trinitatis,
1670 2762 1832 2814 Hem-

136 2867 291 2903 mcrs
322 2849 517 2903 divina
548 2848 769 2903 favente
790 2849 1093 2902 clementia
1123 2865 1239 2902 rex.

206 2938 435 3007 Regalis
465 2937 617 2990 enim
651 2937 997 2991 excellentiae
1045 2936 1205 2990 decet
1266 2937 1620 3005 majestatem
1653 2936 1827 2990 ratio-

134 3027 421 3081 nabilibus
452 3026 560 3079 sibi
619 3042 649 3078 a
678 3025 917 3079 Domino
948 3024 1463 3095 supplicationibus
1514 3024 1828 3078 misericor-
1862 3031 1902 3084 C

134 3115 284 3168 diter
347 3114 665 3168 concedere
721 3112 1229 3183 perpetrationem,
1299 3117 1578 3182 quatenus
1630 3128 1831 3165 eorum

133 3203 379 3258 assiduis
423 3202 690 3273 precibus
741 3206 797 3256 et
842 3201 1173 3255 seculariter
1222 3201 1723 3271 tranquilliterque
1778 3206 1834 3254 et

134 3292 484 3347 azternaliter
550 3290 793 3344 caelestis
853 3290 1033 3344 bravii
1112 3289 1431 3343 diademate
1503 3295 1828 3342 coronetur.

133 3381 415 3447 Quocirca
472 3379 809 3433 universalis
868 3378 1127 3432 ﬁdelium
1195 3383 1546 3442 nostrorum,
1585 3394 1833 3448 praesen—

131 3472 286 3543 tium_
311 3468 525 3522 scilicet
568 3472 626 3521 et
655 3466 1006 3533 futurorum,
1048 3465 1267 3519 noverit
1295 3465 1597 3531 industria,
1640 3464 1832 3535 quali-

132 3565 220 3612 ter
250 3558 489 3629 quidam
546 3555 887 3609 venerabilis
946 3554 1318 3609 Godehardus
1348 3553 1541 3619 abbas,
1573 3552 1834 3622 provisor

132 3662 266 3700 vero
319 3644 647 3700 Altahensis
694 3643 1048 3711 monasterii,
1108 3642 1503 3696 celsitudinem
1560 3641 1833 3711 potentiae

133 3735 301 3789 nobis
352 3752 385 3787 a
435 3735 548 3787 Deo
616 3747 894 3787 concessae
951 3731 1142 3798 subiit,
1176 3730 1473 3785 humiliter
1521 3729 1833 3799 implorans

132 3828 194 3877 ut
226 3840 336 3877 nos
383 3822 693 3893 quamdam
725 3821 938 3886 villam,
990 3819 1289 3889 Flinspach
1319 3818 1550 3885 dictam,
1584 3817 1646 3870 in
1683 3833 1831 3887 pago

131 3910 596 3981 Sweinichgouin
627 3910 793 3963 sitam
849 3914 906 3963 et
963 3909 1022 3963 in
1069 3908 1339 3961 comitatu
1400 3906 1688 3960 Tiemonis
1738 3923 1832 3959 co-

134 4001 312 4065 mitis,
363 4001 497 4053 olim
556 3999 833 4069 praedicto
886 3996 1236 4051 monasterio
1277 4011 1378 4048 suo
1426 3994 1830 4067 pertinentem,

132 4090 334 4144 dolore
365 4104 483 4141 non
538 4104 715 4157 parvo
774 4091 953 4139 tactus
996 4084 1236 4155 perdere
1287 4082 1441 4153 quod
1478 4083 1631 4153 juste
1684 4081 1835 4135 visus

132 4182 219 4229 est
248 4175 461 4229 habere
492 4175 723 4240 debere,
771 4190 837 4227 eo
884 4173 1186 4227 restituere
1219 4170 1610 4241 dignaremur.
1662 4170 1835 4239 Cujus

131 4281 235 4318 nos
286 4263 587 4333 condigna:
658 4262 926 4332 petitioni
979 4260 1403 4315 assentiendum
1468 4259 1590 4313 fore
1643 4258 1833 4312 existi-

133 4357 382 4415 mantes,
419 4352 679 4405 eamdem
725 4351 844 4421 jam
906 4350 1116 4403 dictam
1172 4348 1366 4401 villam
1401 4352 1593 4401 nostra
1653 4346 1833 4417 regali

132 4441 443 4495 traditione
468 4444 640 4509 atque
688 4438 913 4509 pagina,
956 4438 1023 4491 ad
1061 4441 1191 4490 ante
1246 4436 1461 4489 dictum
1492 4436 1545 4489 S.
1589 4434 1834 4489 Mauritii

131 4527 549 4582 monasterium
620 4526 680 4579 in
749 4525 952 4580 Altaha
1007 4528 1401 4578 constructum
1461 4523 1835 4577 concedentes

132 4616 513 4680 restituimus,
572 4614 1039 4682 restauravimus,
1105 4612 1461 4680 donavimus,
1512 4616 1684 4683 atque
1738 4610 1834 4664 ﬁr-

132 4705 395 4759 missime
442 4702 863 4757 subscribentes
903 4719 969 4756 eo
1024 4700 1505 4755 consolidavimus
1536 4700 1607 4753 ad
1665 4697 1838 4752 aedifi-

132 4794 407 4859 candum,
441 4792 905 4857 restaurandum,
938 4789 1485 4860 maceriandumque
1533 4787 1837 4858 praefatum

131 4879 580 4945 monasterium,
649 4894 778 4932 cum
864 4877 991 4931 aliis
1066 4877 1317 4931 ecclesiis
1399 4874 1837 4944 ccenobiumque

130 5023 464 5096 sumptibus
540 5020 773 5091 Notgeri
845 5019 1171 5096 Leodiensis
1248 5016 1507 5096 episcopi
1562 5016 1840 5096 mdiﬁcgta

129 5087 289 5161 fuit;
330 5094 433 5166 qui
490 5109 616 5146 eam
659 5087 1015 5166 consecravit
1074 5106 1229 5166 anno
1282 5087 1547 5166 979,;die
1596 5090 1685 5166 _23_
1734 5087 1838 5166 O_c-

130 5158 368 5231 tobrisf
393 5164 453 5218 in
496 5180 675 5238 eaque
744 5162 993 5216 instituit
1081 5168 1137 5214 et
1187 5158 1464 5238 fundavit
1510 5158 1839 5238 quindecim

131 5230 471 5292 canonicos.
509 5230 726 5287 Horum
772 5248 1015 5286 numero
1072 5236 1273 5300 postea
1333 5246 1467 5283 anu.
1505 5230 1641 5300 1044
1682 5230 1842 5300 auxit

132 5311 308 5363 Wazo
336 5304 664 5360 Leodiensis
704 5304 1004 5375 episcopus
1052 5298 1236 5373 usque
1284 5301 1355 5375 ad
1409 5299 1611 5369 viginti
1664 5298 1837 5368 quin-

132 5396 287 5450 que;
320 5378 436 5450 qui,
456 5376 687 5430 tandem
736 5372 816 5428 ad
861 5373 1097 5450 triginta
1128 5372 1402 5450 ascendit,
1452 5386 1581 5423 cum
1608 5384 1841 5448 praepo-

130 5442 239 5504 s-ilo
272 5442 358 5502 tet
409 5449 647 5513 decano,
684 5442 1063 5516 quorumille
1102 5460 1133 5497 e
1183 5442 1839 5516 gremiocanonicorum

132 5520 395 5575 ecclesiae
472 5511 814 5570 cathedralis
886 5516 943 5570 S.
1022 5511 1309 5568 Lamb-arti
1376 5511 1671 5581 eligendus
1736 5514 1837 5562 est.

136 5594 325 5647 lfnam
358 5606 389 5644 e
438 5587 767 5659 prmbendis
823 5585 1081 5656 possidet
1128 5586 1300 5640 abbas
1357 5582 1712 5637 Bellireditus
1743 5595 1839 5634 or-

451 5695 726 5759 PATROL.
781 5690 953 5757 CXL.

1934 557 2207 627 quoniam
2280 563 2434 612 terra
2515 575 2753 613 arenosa
2831 564 2917 613 est
2994 560 3375 632 maceriaeque
3453 564 3630 619 utilis.

1932 646 2240 700 Tradentes
2290 646 2469 716 igitur
2507 646 2567 700 in
2616 648 2917 717 proprium
2965 648 3021 703 S.
3078 648 3323 703 Mauritii
3385 652 3635 705 subseri-

1932 738 2148 804 ptoque
2187 735 2382 789 abbati
2428 752 2533 789 nec
2573 752 2690 789 non
2724 741 2779 789 et
2836 737 2952 790 suis
2993 739 3432 804 successoribus,
3475 740 3636 810 quid-

1935 822 2069 892 quid
2101 822 2253 875 inter
2300 824 2517 876 Winter
2558 829 2614 878 et
2658 825 3027 879 llotfkirchen
3057 826 3283 880 videtur
3304 827 3513 896 jacere,
3548 830 3635 882 vel

1934 910 2104 963 etiam
2137 911 2209 963 ad
2248 916 2378 964 ante
2408 912 2681 981 scriptum
2711 913 3127 967 monasterium
3162 914 3304 968 inibi
3332 916 3632 987 respicere,

1933 1015 2064 1052 cum
2089 999 2356 1053 omnibus
2383 1000 2553 1053 rebus
2613 1002 2923 1056 mobilibus
2944 1008 2999 1055 et
3030 1002 3445 1068 immobilibus,
3469 1006 3636 1059 terris

1934 1087 2098 1140 cultis
2130 1088 2217 1140 vel
2265 1087 2511 1155 incultis,
2568 1088 2767 1154 vineis,
2815 1089 3041 1151 vinetis,
3087 1092 3454 1159 molendinis,
3507 1093 3631 1158 viis,

1934 1175 2120 1241 inviis,
2183 1175 2456 1239 aaditiciis,
2509 1175 2752 1229 exitibus
2783 1182 2840 1231 et
2874 1178 3189 1244 reditibus;
3232 1179 3423 1248 sylvis,
3472 1197 3638 1234 vena-

1934 1263 2203 1326 tionibus,
2268 1263 2441 1333 pratis
2506 1264 2752 1333 pascuis,
2826 1266 3199 1335 compascuis,
3270 1267 3387 1321 sive
3440 1269 3634 1338 apium

1933 1349 2182 1419 pascuis,
2226 1350 2409 1421 aquis,
2458 1367 2856 1422 aquarumque
2914 1354 3268 1420 decursibus,
3309 1356 3637 1425 piscationi-

1936 1438 2062 1503 bus,
2096 1437 2328 1492 familiis
2380 1439 2682 1509 utriusque
2730 1456 2915 1506 sexus,
2967 1442 3228 1512 quaesitis
3253 1448 3309 1497 et
3338 1443 3634 1514 inquiren-

1936 1526 2042 1591 dis,
2076 1542 2176 1580 seu
2208 1526 2495 1592 omnibus,
2530 1544 2659 1598 quae
2693 1527 2803 1581 dici
2833 1529 2920 1582 vel
2952 1530 3123 1583 scribi
3162 1530 3505 1586 intrinsecus
3536 1549 3632 1585 seu

1938 1614 2287 1667 extrinsecus
2341 1615 2579 1684 possint,
2638 1615 3002 1685 pertinentiis
3064 1621 3122 1671 et
3152 1619 3520 1675 utilitatibus.
3574 1621 3638 1674 Et

1940 1707 2005 1755 ut
2043 1703 2163 1755 haec
2214 1708 2423 1756 nostra;
2479 1702 2804 1757 traditionis
2834 1706 3141 1759 auctoritas
3174 1707 3393 1761 stabilis
3443 1713 3499 1762 et
3548 1709 3635 1762 in-

1941 1792 2214 1844 convulsa
2268 1795 2621 1861 permaneat,
2682 1792 2825 1845 hanc
2870 1794 3138 1861 {chartam
3198 1794 3330 1850 inde
3390 1798 3636 1851 conscri-

1942 1884 2099 1949 ptam
2172 1895 2349 1933 manu
2422 1880 2659 1950 propria
2714 1881 3047 1935 roborantes
3112 1882 3398 1955 sigillique
3455 1887 3634 1938 nostri

1940 1968 2315 2037 impressione
2344 1968 2607 2037 insigniri
2633 1969 2926 2037 jussimus.

2012 2058 2152 2110 Data
2186 2055 2359 2110 Nonis
2412 2056 2762 2122 Novembris,
2821 2057 3015 2111 indict.
3052 2075 3088 2124 ι,
3140 2075 3291 2113 anno
3328 2061 3636 2115 Dominicaa

1941 2143 2351 2197 incarnationis
2407 2147 2563 2209 1005,
2606 2161 2757 2197 anno
2800 2162 2930 2198 vero
2970 2146 3191 2201 domini
3241 2148 3490 2202 Heinrici
3550 2167 3638 2203 se-

1940 2232 2113 2286 eundi
2166 2232 2316 2301 regis
2368 2248 2437 2285 iv.
2501 2234 2700 2285 Actum
2734 2234 2952 2288 \Vcrdm
3006 2235 3063 2288 in
3098 2236 3194 2290 Dei
3226 2236 3460 2290 nomine
3512 2238 3637 2292 feli-

1940 2321 2100 2375 citer.

2696 2393 2820 2445 ΧΧΧ

1940 2480 1995 2531 S.
2080 2480 2342 2532 Henricus
2411 2481 2463 2533 ΙΙ
2541 2481 2837 2547 imperator
2894 2483 3118 2534 innovat
3187 2483 3637 2551 praedecessorum

2009 2551 2377 2601 immunitates
2425 2554 2475 2603 et
2517 2552 2837 2619 privilegia,
2870 2555 3193 2606 monasterio
3234 2555 3292 2609 S.
3343 2557 3639 2608 Maximini

2010 2633 2272 2673 concessa.

2452 2689 2636 2758 (Anno
2664 2692 2818 2754 1005,
2861 2694 2891 2742 9
2920 2692 3123 2758 April.)

2155 2757 2510 2829 [Hontheim,
2535 2762 2675 2814 Hist.
2713 2763 2917 2814 Trevir.
2944 2757 3165 2830 diplom.
3194 2763 3236 2829 Ι,
3271 2762 3422 2836 350.]

2009 2848 2073 2899 In
2104 2848 2337 2900 nomine
2369 2851 2578 2901 sanctae
2611 2852 2666 2901 et
2714 2848 3031 2903 individua:
3062 2850 3372 2920 Trinitatis,
3415 2854 3637 2907 Hamm-

1941 2951 2040 2989 cus
2062 2934 2253 2988 divina
2277 2936 2501 2989 favente
2523 2936 2827 2990 clementia
2852 2953 2971 2991 rex.

2011 3024 2290 3088 Quoniam
2342 3026 2548 3095 regalis
2604 3030 3027 3080 antecessorum
3066 3032 3394 3083 nostrorum
3444 3031 3639 3100 provi-

1944 3111 2136 3165 dentia
2180 3118 2234 3165 et
2294 3113 2617 3167 sollicitudo
2675 3114 2733 3167 in
2782 3117 3175 3170 construendis
3231 3119 3637 3172 constructisve

1942 3200 2293 3254 stabiliendis
2351 3201 2449 3254 Dei
2507 3201 2756 3256 ecclesiis
2798 3202 2891 3273 pie
2916 3204 3134 3274 jugiter
3162 3205 3497 3277 invigilavit,
3549 3207 3634 3260 id-

1940 3288 2088 3342 circo
2147 3288 2355 3343 Christi
2423 3290 2835 3361 benignissima
2892 3292 3280 3360 miseratione,
3345 3294 3404 3347 in
3476 3295 3637 3364 cujus

1941 3391 2117 3428 manu
2156 3391 2358 3444 regum
2380 3376 2551 3429 corda
2578 3377 2665 3429 vel
2688 3376 2820 3446 jura
2846 3377 3182 3443 consistunt,
3215 3379 3378 3448 regni
3400 3380 3634 3434 illorum

1941 3462 2287 3515 diuturnitas
2336 3463 2629 3533 pacificate
2686 3464 2867 3533 viguit
2905 3469 2962 3517 et
3016 3465 3285 3520 efﬂoruit.
3316 3466 3471 3520 Unde
3530 3484 3636 3521 nos

1939 3550 2034 3619 pie
2094 3550 2508 3620 salubriterque
2552 3550 2621 3603 de
2673 3550 2855 3604 nostri
2886 3556 3038 3606 statu
3088 3554 3247 3623 regni
3303 3560 3631 3623 tractantes,

1940 3638 2316 3708 devotamque
2347 3638 2577 3692 illorum
2599 3639 3042 3694 sollicitudinem
3072 3640 3287 3695 imitari
3317 3643 3633 3714 cupientes,

1940 3726 2236 3797 privilegia
2290 3731 2711 3781 antecessorum
2761 3734 3086 3783 nostrorum
3115 3746 3317 3801 regum
3371 3722 3487 3786 sive
3520 3733 3633 3787 im-

1941 3820 2272 3886 peratorum
2324 3816 2582 3870 coenobio
2650 3816 2704 3871 S.
2739 3818 3051 3885 Maximini,
3097 3820 3196 3889 qui
3247 3820 3307 3873 in
3367 3821 3636 3875 suburbio

1941 3904 2304 3957 Trevirorum
2359 3905 2687 3974 requiescit,
2780 3922 3045 3961 concessa
3102 3908 3189 3961 vel
3220 3909 3512 3975 attributa,
3563 3911 3636 3964 ob

1944 3991 2327 4046 interventum
2349 3992 2733 4047 dilectissime:
2750 3995 3012 4065 conjugis
3033 4001 3265 4062 nostrae,
3285 3998 3639 4067 Cunigundae

1942 4080 2204 4133 videlicet
2246 4080 2485 4150 reginae,
2528 4087 2723 4135 nostra
2779 4082 2950 4136 etiam
2985 4084 3322 4138 auctoritate
3368 4087 3638 4140 roborare

1944 4167 2320 4228 decrevimus,
2359 4171 2420 4219 ut
2455 4172 2511 4221 et
2540 4173 2969 4223 antecessorum
3000 4176 3331 4226 nostrorum
3360 4173 3636 4228 benevola

1944 4256 2125 4328 pietas
2155 4272 2272 4309 non
2305 4273 2333 4308 a
2366 4256 2533 4310 nobis
2561 4258 2822 4327 neglecta
2850 4258 3200 4325 debilitatur,
3234 4265 3290 4314 et
3334 4263 3638 4317 monacho-

1943 4361 2071 4397 rum
2130 4343 2275 4397 inibi
2317 4345 2431 4397 Deo
2486 4345 2853 4399 servientium
2896 4347 3282 4417 tranquillitas
3327 4349 3397 4403 ab
3446 4350 3638 4421 aliqua

1944 4431 2465 4486 subintroducenda
2512 4449 2761 4504 persona
2789 4448 2904 4487 non
2944 4433 3414 4504 inquietetur;ea
3459 4438 3635 4509 siqui—

1945 4521 2073 4574 dem
2132 4520 2353 4574 ratione
2402 4526 2466 4575 ut
2528 4522 2680 4576 idem
2734 4522 3082 4590 cmnobium,
3135 4524 3237 4578 ubi
3288 4531 3637 4595 praenotatus

1946 4614 2171 4663 sanctus
2191 4609 2443 4679 pontifex
2464 4610 2788 4681 requiescit,
2813 4610 2904 4665 cui
2922 4612 3279 4667 venerandus
3300 4614 3444 4684 (135)
3468 4616 3639 4669 abbas

1946 4697 2212 4753 Ofderath
2254 4713 2406 4751 nunc
2465 4714 2713 4768 praeesse
2761 4699 3004 4767 videtur,
3060 4701 3205 4755 sicut
3236 4704 3342 4756 sub
3390 4708 3642 4758 anteces-

1946 4801 2139 4839 sorum
2170 4789 2517 4849 nostrorum,
2553 4788 2633 4839 sic
2664 4786 2769 4840 sub
2802 4792 2994 4842 nostro
3026 4805 3257 4861 quoque
3278 4791 3430 4861 jure,
3465 4808 3637 4847 mun-

1946 4872 2211 4928 diburdio
2260 4877 2316 4926 et
2361 4872 2689 4928 defensione
2760 4876 3050 4943 consistat,
3109 4894 3215 4932 nec
3273 4878 3445 4933 alicui
3518 4881 3639 4934 sedi

1947 5013 2098 5071 dinis
2143 5015 2727 5069 Prasmonstratiensis
2784 5016 2998 5086 Leodii,
3056 5017 3229 5072 aliam
3276 5018 3491 5073 habent
3520 5021 3632 5076 PP.

1947 5086 2176 5142 Jesuita:
2206 5102 2310 5156 pro
2340 5102 2513 5139 onere
2534 5086 2773 5141 docendi
2790 5088 3155 5142 humaniora.

2020 5158 2195 5210 Porro
2244 5158 2352 5211 hoc
2385 5158 2663 5226 templum
2718 5158 2777 5210 in
2822 5159 2921 5211 illo
2980 5158 3137 5212 urbis
3167 5160 3483 5213 editissimo
3515 5162 3639 5216 loco

1949 5229 2228 5298 Notgerus
2295 5228 2565 5281 tediticari
2597 5229 2834 5299 curavit,
2894 5232 2958 5281 ut
3014 5230 3363 5299 praepediret
3418 5237 3641 5287 exstru-

1949 5300 2196 5352 ctionem
2229 5300 2393 5365 arcis,
2435 5315 2608 5370 quam
2660 5298 2894 5368 quidam
2928 5298 3153 5369 potens’
3174 5302 3234 5354 in
3263 5300 3435 5354 armis
3458 5304 3643 5357 medi-

1948 5370 2178 5423 tabatur
2229 5369 2823 5443 ibidempexstruere,
2906 5386 3031 5443 qua
3099 5371 3236 5425 urbs
3314 5371 3643 5443 impugnari

1950 5445 2202 5520 poterat,
2222 5444 2277 5493 et
2311 5441 2382 5495 ab
2412 5440 2565 5495 illius
2612 5440 3027 5495 habitatoribus
3079 5443 3263 5496 clerus
3291 5449 3349 5497 et
3396 5440 3644 5515 populus

1953 5526 2227 5564 ODDI'lml.

1992 5526 2384 5649 ρδέἒέῗᾌὺὸαε
2416 5582 2681 5648 Ofderath
2713 5598 2853 5637 nunc
2882 5598 3106 5652 praeesse
3147 5584 3380 5640 videtur.
3408 5585 3643 5641 Ofdera-

3340 5699 3377 5755 9
