3938 6310
323 298 424 350 267

1630 298 1684 352 S.
1730 297 2016 355 HENRICI
2057 300 2128 353 ῙΜ
2142 300 2533 356 PERATORIS

3737 304 3844 355 268

324 425 424 474 aut
476 420 746 487 ecclesias,
782 423 1014 490 excepto
1057 426 1266 475 nostrae
1324 421 1503 491 regali
1562 425 1835 492 potestate
1879 423 2014 493 (sic),
2049 427 2094 478 A
2133 441 2262 496 quas
2292 440 2446 479 nunc
2483 426 2552 478 ad
2597 441 2698 477 nos
2749 424 3034 494 pertinere
3085 425 3328 494 videtur,
3374 425 3845 479 transfundimus

255 539 259 542 -
325 525 833 580 successorumque
866 515 1212 575 nostrorum,
1246 510 1545 575 famulum,
1581 516 1675 563 aut
1699 512 2019 581 appendex,

326 598 414 650 vel
469 597 902 651 beneficiarium
952 598 1258 668 subjaceat.
1311 598 1686 652 Concedimus
1736 600 1910 654 etiam
1941 600 2022 653 eis

326 686 572 739 liberum
619 687 918 740 arbitrium
978 685 1126 739 inter
1185 702 1243 738 se
1301 686 1554 756 eligendi
1608 687 1872 743 abbatem
1920 689 2022 742 tali

327 774 547 827 honore
580 774 839 844 dignum,
894 779 950 828 et
981 774 1050 826 ad
1082 773 1138 827 id
1191 773 1445 828 ofﬁcium
1495 774 1790 842 idoneum,
1847 781 1910 830 ut
1955 794 2022 830 eo

329 864 584 916 securius
640 863 898 916 divinum
961 863 1030 916 ab
1090 863 1203 916 illis
1259 863 1569 932 impleatur
1617 865 2020 932 ministerium,

332 968 686 1021 summasque
724 952 1064 1021 propensius
1107 951 1421 1021 majestatis
1468 969 1574 1022 pro
1607 953 1774 1007 nobis
1813 955 2023 1025 implo-

331 1043 460 1092 rent
511 1038 804 1091 auxilium.
863 1039 1102 1108 Insuper
1129 1038 1301 1092 etiam
1359 1041 1722 1094 concedimus
1783 1046 1845 1095 ut
1872 1042 2025 1095 idem

333 1127 508 1180 abbas
535 1127 754 1196 sibique
783 1126 1084 1179 commissa
1129 1128 1497 1197 congregatio
1539 1145 1856 1199 eorumque
1899 1146 2025 1184 suc-

333 1232 582 1269 cessores
613 1218 949 1286 potestatem
1008 1215 1256 1269 habeant
1310 1216 1634 1270 advocatias
1694 1219 2026 1273 monasterii

335 1303 444 1369 sui,
475 1302 566 1356 cui
599 1302 793 1364 velint,
843 1301 1036 1363 dandi.
1069 1303 1276 1372 cuique
1337 1303 1534 1365 velint,
1566 1303 1826 1358 tollendi.
1872 1305 1938 1358 Et
1967 1309 2030 1357 ut

337 1390 494 1444 nulla
533 1391 834 1460 cujuslibet
851 1390 1172 1460 judiciariaa
1203 1391 1499 1460 dignitatis
1526 1408 1772 1462 persona
1815 1392 1875 1445 in
1907 1408 2029 1445 cur-

336 1480 487 1533 tibus
540 1495 740 1532 eorum
781 1478 1070 1549 placidum
1126 1479 1337 1533 habere
1385 1485 1718 1548 praesumat,
1751 1481 2026 1535 telonium

338 1567 638 1620 anavibus
700 1582 902 1620 eorum
961 1568 1151 1620 nullus
1205 1567 1412 1637 exigat,
1463 1568 1798 1639 familiaque
1829 1585 2029 1622 eorum

2132 519 2188 567 et
2255 513 2534 581 largimur
2580 513 2867 566 Eberardo
2934 515 3188 568 Cumano
3244 514 3529 584 episcopo,
3599 514 3842 584 suisque

2132 604 2554 657 successoribus
2605 620 2638 655 a
2669 608 2866 656 nostra
2896 608 3059 672 parte
3093 603 3162 655 ad
3214 606 3438 672 partem
3468 602 3522 656 S.
3554 603 3750 656 Mariae
3782 608 3841 654 et

2133 691 2187 745 S.
2215 690 2485 744 Abundii.
2539 691 2940 760 Prascipientes
2996 706 3134 760 ergo
3193 691 3578 745 deliberamus
3609 696 3674 745 ut
3706 692 3841 744 nul-

2135 781 2222 833 lus
2272 785 2483 831 uostrze
2558 779 2826 849 potestati
2898 778 3212 849 subjectus,
3270 784 3370 833 aut
3421 779 3840 847 subjiciendus,

2135 868 2351 922 scilicet
2395 867 2529 930 dux,
2565 866 2838 933 marchio,
2891 868 3215 938 episcopus,
3259 884 3467 934 comes,
3497 870 3842 933 vicecomes,

2135 953 2408 1023 nullaque
2439 953 2687 1007 maxima
2714 954 2799 1007 vel
2839 970 3014 1024 parva
3042 971 3286 1024 persona
3314 955 3562 1008 audeant
3592 954 3844 1024 inquie-

2134 1045 2255 1094 tare
2284 1042 2372 1095 vel
2413 1043 2713 1096 molestare
2765 1047 2864 1096 aut
2913 1042 3208 1096 disvestire
3249 1043 3552 1112 prtefatum
3611 1044 3846 1114 episco-

2134 1145 2275 1200 pum
2307 1131 2394 1184 vel
2425 1131 2546 1200 ejus
2565 1147 2935 1185 successores.
2962 1131 3021 1185 Si
3040 1131 3168 1202 quis
3191 1148 3323 1185 vero
3340 1132 3522 1185 facere
3552 1148 3844 1202 praesum-

2135 1219 2333 1288 pserit,
2378 1219 2518 1273 sciat
2571 1236 2628 1273 se
2669 1219 3120 1290 compositurum
3177 1220 3303 1274 auri
3344 1220 3641 1290 purissimi
3701 1221 3840 1275 libr.

2141 1310 2261 1373 lOO,
2294 1307 2658 1362 medietatem
2687 1313 2896 1362 nostras
2926 1308 3095 1377 parti,
3127 1314 3185 1361 et
3223 1309 3586 1363 medietatem
3626 1326 3845 1379 supra-

2139 1395 2289 1449 dicto
2341 1397 2594 1466 praesuli,
2633 1396 2866 1468 suisque
2898 1397 3338 1450 successoribus.
3394 1398 3559 1462 Quod
3623 1403 3693 1452 ut
3751 1415 3845 1450 ve-

2138 1483 2257 1538 rius
2308 1485 2588 1553 credatur,
2651 1502 2822 1540 manu
2855 1486 3086 1555 prOpria
3136 1487 3596 1555 corroborantes,
3651 1487 3843 1540 nostri

2141 1572 2313 1642 sigilli
2370 1574 2746 1645 impressione
2804 1574 3020 1644 signari
3099 1574 3463 1645 praecipimus
3518 1576 3666 1630 hanc
3732 1591 3849 1645 pa-

339 1657 596 1708 bannum
625 1660 682 1707 et
706 1654 888 1708 frmdae
920 1655 1064 1707 nulli
1094 1655 1202 1708 nisi
1234 1656 1423 1709 abbati
1449 1658 1753 1726 persolvat,
1785 1657 2026 1711 nullius-
2066 1704 2105 1757 Β
2143 1661 2358 1731 ginam.

342 1759 452 1813 que
493 1742 605 1795 nisi
633 1742 851 1796 abbatis
906 1743 995 1795 vel
1033 1743 1102 1795 ab
1153 1760 1218 1796 eo
1270 1745 1711 1798 constitutorum
1747 1746 2034 1815 placidum

343 1831 618 1896 attendat,
673 1836 729 1884 et
759 1830 819 1883 in
841 1830 1078 1901 singulis
1101 1830 1423 1885 civitatibus
1457 1833 1746 1903 regalibus
1766 1835 1852 1888 vel
1879 1851 2035 1905 prte-

343 1919 590 1972 fectoriis
659 1918 898 1972 liberam
965 1923 1301 1989 potestatem
1358 1921 1608 1975 habeant
1676 1921 1930 1977 intrandi
1981 1929 2037 1976 et

345 2007 607 2072 exeundi,
630 2007 911 2061 vendendi
942 2013 998 2060 et
1027 2009 1277 2074 emendi,
1308 2010 1574 2079 pascendi
1603 2016 1659 2064 et
1688 2011 2034 2082 adaquandi,

345 2096 509 2166 eique
534 2112 706 2166 opera
745 2095 960 2165 regalia
989 2097 1076 2150 vel
1104 2097 1416 2151 comitialia
1465 2098 1720 2152 funditus
1750 2101 2037 2170 perdona-

344 2201 490 2237 mus.
541 2185 724 2250 Et_ut
784 2185 893 2237 hoc
938 2185 1294 2239 auctoritatis
1359 2191 1621 2240 nostrum
1687 2193 2036 2258 praeceptum

347 2271 580 2325 ﬁrmum
633 2277 690 2324 et
728 2271 926 2325 stabile
971 2278 1328 2342 permaneat,
1365 2291 1535 2328 manu
1571 2276 1802 2346 propria
1853 2293 2040 2330 corro-

345 2361 634 2425 borantes,
695 2360 869 2428 sigilli
923 2361 1100 2414 nostri
1163 2361 1542 2432 impressione
1601 2364 1803 2434 signiri
1873 2365 2039 2434 jussi-

347 2465 475 2503 mus
511 2450 684 2517 (136).

558 2538 784 2603 Signum
807 2537 993 2591 domni
1018 2540 1258 2594 Heinrici
1287 2543 1430 2606 regis
1456 2542 1822 2594 invictissimi.

419 2625 736 2695 Egilbertus
784 2626 1174 2692 cancellarius,
1225 2628 1340 2681 vice
1373 2627 1634 2697 Willigisi
1688 2629 2037 2698 archicapel-

346 2715 483 2778 lani,
517 2713 838 2783 recognovi.
904 2715 1043 2767 Data
1084 2731 1116 2764 v
1147 2715 1226 2768 ld.
1269 2717 1486 2785 April.,
1520 2733 1671 2769 anno
1733 2717 2039 2770 Dominicaa

348 2802 757 2857 incarnationis
793 2803 946 2869 1005,
995 2803 1304 2857 indictione
1337 2821 1417 2871 ιιι,
1451 2821 1599 2858 anno
1638 2821 1770 2858 vero
1819 2805 2042 2860 domini

350 2891 598 2944 Heinrici
630 2889 862 2944 secundi
888 2889 1038 2959 regis
1071 2907 1149 2944 ιιι.
1184 2894 1386 2945 Actum
1439 2893 1788 2962 Aquisgrani
1853 2893 1913 2947 in
1941 2893 2042 2947 Dei

348 2980 582 3034 nomine
611 2978 870 3032 feliciter.
904 2981 1104 3032 Amen.

1101 3067 1277 3121 XXXI.

352 3159 407 3212 S.
469 3159 728 3210 Henricus
767 3155 1016 3209 Ecclesiae
1082 3156 1360 3209 Comensis
1413 3157 1704 3224 privilegia
1764 3157 2050 3228 conﬁrmat

865 3231 913 3279 et
944 3229 1304 3294 possessiones
1343 3232 1522 3294 auget.

1018 3313 1200 3382 (Anno
1233 3315 1409 3378 1006.)

709 3384 978 3456 [Ughelli,
1030 3387 1197 3438 Italia
1232 3399 1406 3448 sacra,
1444 3385 1504 3451 V,
1539 3384 1690 3457 281.]

426 3475 488 3528 ln
520 3473 749 3528 nomine
773 3477 977 3526 sanctae
997 3479 1053 3524 et
1079 3471 1387 3526 individua-3
1417 3473 1726 3538 Trinitatis,
1763 3477 2047 3530 HENRICUS

354 3562 545 3616 divina
592 3562 816 3614 favente
854 3559 1155 3612 clementia
1186 3575 1300 3612 rex.
1358 3560 1499 3614 Cum
1530 3567 1861 3616 nostrorum
1908 3564 2047 3618 fide-

355 3652 498 3704 lium
559 3647 928 3720 petitionibus
972 3650 1045 3700 ad
1075 3653 1446 3716 augmentum
1496 3655 1703 3703 nostrae
1756 3651 2048 3707 ﬁdelitatis

353 3739 582 3810 pietatis
629 3743 839 3792 nostra:
879 3751 1046 3788 aures
1075 3737 1593 3804 accommodamus,
1634 3740 1814 3792 multo
1845 3741 2047 3796 melius

355 3845 477 3882 esse
521 3826 847 3880 inducimus
901 3823 948 3876 si
1017 3823 1115 3876 Dei
1163 3823 1412 3877 ecclesiis
1469 3825 1688 3896 aliquid
1742 3843 1809 3881 ex
1843 3830 2047 3884 nostris

355 3915 626 3970 libentius
647 3911 1070 3979 donaverimus,
1093 3927 1336 3981 quarum
1355 3913 1647 3982 juvamine
1671 3918 1858 3986 majus
1880 3919 2047 3973 nobis

355 4007 774 4060 incrementum
827 4005 1150 4069 prestatur,
1210 4001 1507 4072 nostrique
1566 4006 1729 4073 regni
1769 4006 2045 4062 celsitudo

353 4092 654 4146 solidatur.
708 4092 914 4140 Noscat
966 4087 1159 4158 itaque
1199 4090 1457 4143 omnium
1492 4090 1745 4146 ﬁdelium
1793 4111 2045 4164 praesens

355 4187 412 4236 et
436 4181 629 4234 futura
673 4175 949 4237 collectio,
982 4192 1080 4229 nos
1127 4193 1230 4247 pro
1288 4179 1542 4233 remedio
1573 4180 1781 4234 animae
1835 4186 2043 4236 nostrae

354 4276 680 4336 nostrasque
735 4264 1014 4335 conjugis,
1055 4281 1118 4318 ac
1168 4266 1332 4336 regni
1363 4269 1544 4321 nostri
1585 4270 1915 4337 stabilitate,
1948 4269 2031 4323 in-
2071 4272 2114 4324 D

352 4361 609 4412 terventu
661 4354 930 4424 Egilberti
1007 4354 1381 4425 Frisingensis
1451 4357 1723 4428 episcopi,
1799 4359 2042 4412 donasse

353 4443 638 4500 Eberardo
687 4444 943 4496 Cumano
975 4443 1263 4514 episcopo,
1337 4445 1570 4516 suisque
1621 4447 2042 4501 successoribus

351 4534 424 4586 ad
468 4538 688 4601 partem
721 4530 774 4584 S.
813 4529 998 4584 Mariae
1029 4531 1083 4585 S.
1113 4532 1358 4587 Abundii
1409 4550 1641 4588 omnem
1674 4535 2042 4589 medietatem

350 4620 772 4675 vicecomitatus
811 4619 879 4672 de
909 4620 1278 4687 Valletellina,
1311 4627 1368 4675 et
1405 4623 1638 4675 omnino
1670 4623 2040 4678 transfudisse

350 4706 630 4780 quidquid
691 4706 762 4759 ad
834 4706 993 4759 illam
1039 4708 1401 4762 medietatem
1451 4708 1718 4778 pertinet,
1775 4715 1874 4763 aut
1903 4711 2043 4764 citra

349 4800 535 4851 lacum
592 4796 933 4858 Cumanum,
1010 4801 1109 4848 aut
1174 4796 1457 4850 Belasium
1517 4796 1584 4849 ab
1636 4797 1793 4851 omni
1841 4805 2039 4853 nostro

347 4885 592 4958 publico,
642 4889 697 4936 et
727 4883 946 4936 dedisse
987 4883 1055 4936 ad
1087 4885 1498 4954 proprietatem
1555 4886 1880 4954 supradicto
1918 4887 2039 4956 epi-

345 4989 539 5043 scopo,
567 4977 623 5026 et
651 4972 1072 5025 successoribus
1121 4974 1244 5041 ejus
1291 4979 1407 5026 tarn
1463 4973 1523 5026 iu
1554 4974 1831 5040 districto,
1865 4992 2038 5046 quam

345 5062 404 5116 in
433 5060 726 5130 precantia
751 5067 807 5114 et
823 5059 1140 5125 erimarias,
1170 5067 1342 5130 atque
1369 5061 1428 5113 in
1469 5062 1628 5115 omni
1667 5063 2036 5132 pertinentia,

345 5184 664 5257 thusabbas
681 5185 844 5257 nullo
861 5184 1130 5257 deinceps
1149 5183 1326 5257 veteri
1345 5190 1718 5257 monumento
1734 5186 2040 5257 inscriptus

343 5256 570 5326 legitur.
625 5256 763 5309 Vita:
800 5256 923 5323 ejus
954 5255 1105 5326 diem
1142 5255 1407 5326 ultimum
1442 5255 1597 5325 (nam
1625 5256 1692 5308 de
1723 5273 1874 5310 anno
1897 5255 2040 5312 nihil

343 5325 589 5380 habetur
637 5333 1015 5394 Compertum)
1073 5325 1152 5377 ita
1199 5325 1330 5377 fasti
1381 5325 1769 5380 Maximiniani
1829 5330 2035 5383 edunt:

339 5412 430 5449 le
461 5397 578 5450 Kal.
610 5397 731 5451 Jul.
766 5396 1059 5466 O/t-radus.
1117 5394 1304 5466 abibas.
1344 5402 1559 5449 nostrae.
1582 5402 2034 5466 congregationis.

341 5467 482 5519 Eum
511 5465 1096 5540 excepit_Vinrichus,
1148 5465 1325 5520 Nonis
1385 5467 1614 5534 Martiis,
1656 5465 1891 5540 quoquo
1938 5471 2037 5525 de-

341 5553 502 5591 mum
532 5536 702 5604 anno,
733 5536 1132 5606 inauguratus.

2214 1752 2441 1816 Signum
2471 1751 2677 1805 domini
2687 1753 2907 1806 Henrici
2939 1749 2981 1822 -ί-
3010 1749 3156 1819 regis
3184 1753 3550 1808 invictissimi.

2213 1841 2377 1892 Anno
2410 1839 2722 1893 Dominicze
2747 1839 3158 1893 incarnationis
3189 1842 3343 1894 1006.

2895 1928 3048 1982 ΧΧΧΙ
3063 1958 3092 1980 ι.

2146 2016 2203 2070 S.
2263 2016 2481 2068 Henrici
2526 2017 2577 2069 Il
2637 2021 2983 2084 praeceptum,
3038 2031 3137 2084 per
3185 2015 3331 2084 quod
3402 2017 3686 2070 universas
3739 2020 3850 2070 Ec-

2214 2087 2383 2139 etesiae
2477 2087 2888 2140 Wormatiensis
2936 2087 3268 2156 possessione
3341 2085 3512 2139 eidem
3557 2090 3853 2152 conﬁrmat

2216 2157 2461 2224 aliasque
2490 2157 2836 2226 superaddit.

2791 2249 2974 2311 (Anno
3023 2244 3201 2313 1006.)

2344 2315 2668 2383 [Schannat,
2701 2318 3059 2384 Episcopatus
3115 2317 3401 2382 Wormat.,
3435 2315 3505 2383 Il,
3539 2314 3650 2386 36.]

2219 2405 2284 2457 In
2342 2404 2574 2457 nomine
2623 2409 2831 2457 sanctae
2862 2411 2918 2457 et
2967 2403 3278 2458 individua:
3307 2403 3623 2469 Trinitatis,
3685 2406 3859 2458 Hem-

2149 2506 2299 2544 mcus
2330 2489 2522 2544 divina
2545 2490 2766 2544 favente
2799 2491 3103 2545 clementia
3129 2507 3246 2545 rex.

2221 2578 2371 2631 Nihil
2424 2579 2781 2632 commodius
2854 2580 2923 2633 ad
2972 2583 3180 2633 nostra:
3241 2578 3610 2632 sublimitatis
3664 2580 3856 2633 hono-

2150 2683 2292 2734 rem,
2318 2667 2611 2736 nostrique
2659 2667 2957 2739 regiminis
2987 2668 3506 2721 corroborationem
3544 2683 3714 2736 posse
3771 2668 3854 2721 fa-

2149 2771 2276 2810 cere
2315 2756 2620 2822 credimus,
2656 2773 2830 2827 quam
2875 2757 2942 2821 si,
2976 2762 3300 2810 sanctarum
3333 2755 3433 2809 Dei
3464 2756 3854 2810 Ecclesiarum

2150 2845 2424 2898 habentes
2476 2845 2936 2908 sollicitudinem,
2996 2861 3193 2898 earum
3252 2846 3415 2898 dotes
3480 2845 3856 2897 inconvulsas

2154 2949 2376 2988 servare
2435 2935 2840 2988 studuerimus.
2899 2934 2982 2988 Ob
3032 2933 3140 2986 hoc
3193 2932 3452 2986 omnium
3507 2937 3720 2987 sanctae
3757 2933 3859 2986 Dei

2159 3023 2418 3076 Ecclesiae
2447 3023 2706 3076 fidelium
2736 3021 2958 3076 noverit
2989 3021 3289 3085 industria,
3347 3022 3728 3090 praesentium
3756 3022 3858 3074 sci-

2157 3110 2286 3163 licet
2306 3115 2363 3164 et
2387 3110 2733 3178 futurorum,
2759 3115 3043 3181 quatenus
3061 3109 3266 3163 divinae
3299 3110 3858 3178 recompensationis

2157 3199 2565 3264 emolumento,
2623 3215 2728 3252 nec
2781 3215 2895 3252 non
2933 3196 3054 3270 [ad]
3086 3197 3399 3252 beatissimi
3456 3199 3858 3267 apostolorum

2157 3288 2433 3356 principis
2466 3287 2615 3341 Petri
2646 3289 3090 3353 venerationem,
3122 3288 3180 3340 in
3213 3287 3374 3356 cujus
3393 3286 3680 3340 honorem
3703 3287 3858 3340 Vuor

2157 3376 2448 3429 matiensis
2502 3376 2861 3445 episcopatus
2933 3377 3206 3429 fundatus
3271 3392 3390 3429 esse
3471 3375 3854 3445 dignoscitur,

2157 3465 2272 3518 sive
2303 3466 2369 3519 ad
2413 3464 2790 3518 monitiouem
2822 3471 2879 3518 et
2931 3464 3271 3533 petitionem
3314 3464 3649 3531 Burchardi,
3704 3465 3858 3534 ejus-

2157 3554 2286 3607 dem
2318 3554 2467 3607 sedis
2498 3553 2854 3606 devotissimi
2898 3553 3181 3622 praesulis,
3233 3559 3694 3623 praememorataa
3758 3553 3860 3606 Ec-

2156 3643 2339 3696 clesia:
2370 3658 2474 3712 per
2519 3643 2690 3712 hujus
2735 3647 2942 3695 nostrae
2991 3640 3374 3695 concessionis
3405 3641 3677 3710 paginam
3720 3656 3860 3693 con-

2155 3732 2453 3785 ﬁrmamus
2501 3732 2693 3784 omnia
2733 3747 2863 3800 quas
2909 3745 3075 3799 reges
3134 3734 3190 3782 et
3238 3729 3616 3798 imperatores
3673 3730 3862 3782 nostri

2156 3837 2383 3890 quoque
2431 3827 2839 3884 antecessores,
2889 3819 3006 3872 sive
3058 3835 3182 3884 nos,
3215 3817 3401 3872 eidem
3440 3817 3700 3871 Ecclesiae
3729 3834 3864 3872 con-

2154 3911 2438 3975 tulerunt;
2473 3926 2538 3962 ea
2569 3909 2833 3962 videlicet
2865 3909 3080 3962 ratione
3126 3912 3189 3960 ut
3235 3907 3507 3976 praefatus
3552 3907 3861 3976 cpiscopus

2155 3998 2356 4068 suique
2403 4013 2750 4051 successores
2782 3997 3042 4050 universa
3076 4012 3192 4048 suae
3250 3995 3530 4060 Ecclesiae,
3581 4001 3648 4048 ut
3700 3996 3859 4049 dixi—

2159 4102 2303 4150 mus,
2361 4087 2564 4139 collata
2624 4085 2892 4151 habeant,
2953 4089 3207 4152 teneant,
3266 4084 3621 4154 firmiterque
3673 4086 3860 4154 possi-

2155 4175 2345 4242 deant,
2371 4174 2629 4228 omnium
2659 4175 2961 4227 hominum
2996 4173 3396 4227 molestatione
3429 4178 3485 4226 et
3530 4174 3861 4228 contradic-

2155 4263 2308 4317 tione
2348 4269 2584 4327 remota,
2617 4262 2771 4333 quod
2818 4267 2880 4316 ut
2927 4278 3092 4316 verus
3147 4261 3433 4327 credatur,
3487 4261 3856 4331 diligentius-

2154 4368 2265 4422 que
2313 4352 2383 4405 ab
2413 4351 2678 4405 omnibus
2732 4353 3083 4414 observetur,
3116 4351 3263 4404 hanc
3293 4356 3506 4403 cartam
3540 4349 3674 4403 inde
3719 4367 3855 4405 con-

2155 4439 2443 4509 scriptam,
2477 4456 2650 4493 manu
2689 4439 2922 4510 propria
2953 4441 3309 4503 roborantes,
3345 4438 3634 4508 sigillique
3665 4441 3851 4493 nostri

2154 4527 2550 4595 impressione,
2584 4534 2647 4582 ut
2666 4529 2866 4582 subtus
2893 4528 3137 4593 videtur,
3170 4526 3437 4596 insigniri
3468 4527 3769 4596 jussimus,
3797 4535 3854 4581 et

2152 4633 2221 4671 ex
2275 4616 2509 4687 proprio
2563 4617 2864 4671 Ecclesiam
2922 4617 3092 4670 sitam
3147 4616 3206 4668 in
3260 4615 3558 4681 suburbio,
3605 4616 3848 4669 alteram

2151 4723 2267 4760 uno
2323 4707 2394 4760 ab
2453 4707 2589 4760 urbe
2639 4705 2908 4760 milliario
2938 4749 2948 4759 .
2983 4748 2996 4760 .
3033 4749 3045 4762 .
3086 4748 3098 4761 .
3159 4705 3261 4760 .ad
3294 4722 3460 4758 usum
3516 4706 3847 4775 prtebendm

2151 4795 2388 4849 fratrum
2418 4795 2825 4849 contradimus.

2327 4884 2554 4950 Signum
2592 4883 2798 4938 domini
2833 4884 3091 4936 Heinrici
3119 4885 3263 4950 regis
3298 4884 3665 4937 invictissimi.

2223 4973 2578 5026 Eberhardus
2633 4971 3004 5026 cancellarius
3052 4971 3172 5025 vice
3199 4970 3456 5042 Vuilligii
3485 4970 3848 5042 archicapel-

2150 5061 2268 5115 lani
2296 5061 2624 5132 recognovi.

2223 5185 2265 5256 (l
2280 5184 2368 5251 36)
2387 5186 2574 5252 Sigilli
2588 5188 2760 5239 nostri
2769 5187 3135 5252 impressione.
3162 5183 3422 5252 Sigillum
3438 5183 3748 5256 praesentis
3761 5184 3846 5238 di-

2148 5254 2437 5326 plomatis,
2466 5274 2498 5309 a
2523 5256 2758 5325 Zyllesio
2795 5272 2907 5308 non
2939 5256 3185 5319 editum,
3216 5255 3274 5307 in
3305 5271 3372 5307 eo
3403 5254 3700 5324 singulare
3741 5263 3844 5321 est,

2149 5327 2304 5398 qnod
2351 5329 2713 5397 imperatoris
2758 5327 3021 5398 dextera,
3073 5341 3186 5379 non
3222 5331 3307 5398 ut
3358 5326 3496 5378 alias
3529 5332 3842 5395 sceptrum,

2149 5395 2243 5452 sed
2275 5395 2502 5452 crucem
2551 5397 2873 5467 protendat,
2920 5397 3151 5451 sinistra
3181 5395 3420 5467 globum
3480 5398 3642 5450 nulla
3679 5413 3844 5452 cruce

2147 5469 2486 5539 insignitum
2512 5473 2722 5524 teneat.
