3938 6306
160 264 263 313 269

1428 265 1817 326 DIPLOMATA
1856 269 2407 327 ECCLESIASTICA.

3566 289 3671 339 270

237 380 382 433 Data
441 396 477 433 ιι
536 380 683 435 Non.
741 380 925 435 Martii
974 380 1173 435 indict.
1234 399 1314 448 Ill,
1384 401 1533 439 anno
1579 386 1738 442 Dom.
1781 388 1867 441 in-

2048 406 2144 443 aco
2174 390 2347 460 (145),
2384 392 2515 445 Edla
2566 393 2738 463 (146),
2790 397 3033 467 Tungris
3067 399 3227 469 (147),
3281 403 3436 473 Hoyo
3498 404 3667 473 (148),

156 473 375 521 carnat.
419 470 578 531 1006,
607 485 760 523 anno
790 485 924 523 vero
952 470 1174 524 domini
1207 470 1461 527 Ileinrici
1506 475 1743 530 secundi
1780 492 1866 530 re-

164 556 402 624 gnantis
425 573 475 608 v.

226 648 442 698 Actum
476 644 845 700 Laudenburc
878 645 1138 700 feliciter.
1172 649 1373 703 Amen.

897 743 1128 797 XXXIII.

160 831 218 885 S.
247 832 519 904 Henricus
576 832 627 884 11
681 832 813 904 imp.
877 830 943 884 Β.
1006 833 1236 904 Notgero
1291 833 1575 888 Leodiensi
1622 837 1865 904 episcopo

228 902 462 969 ejusque
501 901 894 955 successoribus
940 902 1228 972 conﬁrmat
1282 904 1533 959 abbatias
1581 901 1665 959 ef
1702 901 1861 960 cccle-

234 975 353 1024 sias
411 973 745 1039 collegiatas,
777 971 1111 1037 Lobiensem,
1172 974 1228 1028 S.
1270 974 1535 1040 Huberti,
1595 977 1862 1031 Bronien-

231 1059 367 1107 sem,
414 1044 859 1107 Gemblacensem,
917 1044 1248 1109 Fossensem,
1310 1047 1713 1112 Malonienscm,
1747 1050 1862 1103 Nu-

234 1128 587 1179 murcensem,
620 1116 1050 1179 Dionantensem,
1114 1115 1445 1182 Eichensem,
1508 1118 1860 1173 Mechh‘nien-

235 1200 371 1249 sem,
419 1186 801 1252 Tungrensem,
843 1185 1129 1238 Huiensem
1150 1192 1199 1239 et
1234 1187 1647 1255 Trajectensem.

804 1273 991 1343 (Anno
1050 1275 1232 1344 1006.)

529 1363 795 1431 (Mirans,
830 1367 967 1433 Opp.
1000 1363 1226 1431 diplnm.
1263 1364 1354 1430 III,
1392 1363 1504 1435 11.]

240 1452 305 1504 In
332 1450 570 1505 nomine
618 1456 824 1505 sanctae
882 1456 937 1505 et
966 1452 1281 1506 individua;
1312 1453 1622 1520 Trinitatis,
1658 1455 1861 1509 Heum-

164 1554 263 1591 cus
297 1537 489 1591 divina
512 1538 733 1592 favente
764 1538 1066 1593 clementia
1096 1554 1210 1593 rex.

242 1625 419 1678 Nobis
449 1626 814 1695 profuturum
848 1633 904 1681 et
934 1627 1007 1681 ad
1038 1628 1210 1680 vitam
1270 1632 1614 1697 praisentem
1644 1629 1858 1682 transi-

164 1714 440 1784 gendam,
489 1719 545 1767 et
599 1715 668 1768 ad
698 1716 948 1769 futuram
981 1716 1222 1770 feliciter
1249 1716 1639 1783 obtinendam,
1673 1719 1859 1772 credi-

165 1818 300 1855 mus
365 1808 423 1856 et
469 1802 695 1870 scimus,
756 1803 823 1867 si,
878 1805 1187 1858 secundum
1244 1804 1502 1858 ﬁdelium
1534 1812 1861 1860 nostrorum

157 1892 345 1959 justas
395 1890 719 1960 petitiones,
765 1892 1173 1946 ecclesiasticas
1208 1892 1525 1959 facultates,
1584 1899 1639 1947 et
1669 1895 1860 1964 cujus-

163 1993 279 2047 que
341 1979 640 2048 potestatis
709 1979 1013 2048 judiciaria
1063 1980 1467 2049 jurisdictione
1524 1983 1858 2036 liberaveri-

165 2082 318 2132 mus,
353 2071 411 2120 et
451 2066 714 2122 liberatas
745 2068 1328 2139 augmentaverimus,
1364 2075 1419 2124 et
1466 2077 1864 2141 augmentatas

166 2156 347 2225 regali
378 2157 649 2227 praecepti
697 2158 1015 2212 munimine
1064 2160 1307 2213 tuendas
1367 2175 1488 2214 esse
1547 2161 1862 2215 firmaveri-

168 2260 321 2298 mus.

240 2335 608 2405 Quapropter
634 2339 834 2389 notum
869 2353 991 2390 esse
1020 2336 1283 2390 volumus
1341 2337 1610 2391 omnibus
1658 2338 1864 2392 nostris

171 2421 454 2485 fidelibus,
488 2426 604 2476 tam
657 2424 864 2477 futuris
912 2440 1086 2494 quam
1143 2425 1544 2495 praesentibus,
1596 2427 1731 2497 quia
1779 2426 1866 2479 vir

168 2510 519 2563 venerabilis
575 2511 859 2565 Notkerus
941 2513 1289 2582 Tungrensis
1361 2530 1460 2567 seu
1538 2514 1867 2568 Leodiensis

168 2599 492 2668 episcopus.
578 2601 862 2670 quoddam
938 2606 1287 2672 prmceptum
1380 2602 1588 2655 nostris
1661 2603 1868 2658 obtulit

168 2687 485 2755 obtutibus,
526 2688 682 2758 quod
717 2694 837 2743 erat
867 2690 1102 2744 secundi
1131 2689 1378 2755 Ottonis,
1412 2690 1780 2761 imperatoris
1811 2696 1869 2745 et

168 2776 586 2846 consanguinei
617 2778 816 2841 nostri,
878 2783 934 2832 et
981 2794 1155 2832 manu
1207 2777 1523 2843 ﬁrmatum,
1583 2784 1640 2833 et
1679 2778 1867 2849 sigillo

1892 1672 1931 1723 Β

1975 478 2236 548 Trajecto
2270 477 2437 550 (149),
2465 481 2900 551 Malinas(150),
2920 487 3003 540 vel
3021 487 3078 540 in
3114 491 3331 542 caeteris
3356 492 3509 559 locis,
3540 510 3668 547 cum

1975 566 2245 619 omnibus
2296 568 2468 620 rebus
2491 570 2578 622 vel
2617 570 2951 627 hominibus
3008 575 3078 628 ad
3113 593 3171 630 se
3226 579 3669 648 pertinentibus,

1975 653 2151 707 libere
2217 670 2319 724 per
2376 672 2433 708 se
2495 657 2891 727 consisterent,
2960 663 3031 715 ab
3079 665 3237 718 omni
3267 666 3668 737 inquietudine

1972 741 2285 811 judiciariae
2314 746 2608 813 potestatis
2634 747 2882 802 defensae
2914 756 2971 804 et
2997 768 3209 806 securae
3241 763 3560 810 manerent.

2047 831 2226 901 Ilujus
2267 832 2588 887 securitatis
2644 838 3065 906 auctoritatem,
3117 841 3197 895 sic
3239 844 3311 897 ab
3343 851 3664 900 antecesso-

1974 918 2133 972 ribus
2166 920 2377 974 nostris
2438 925 2887 995 promulgatam,
2940 935 3024 996 ut,
3087 930 3160 983 ob
3201 948 3455 986 amorem
3490 936 3587 988 Dei
3616 942 3673 990 et

1973 1008 2349 1062 reverentiam
2384 1010 2641 1079 ejusdem
2675 1015 2947 1085 ecclesiae,
2980 1034 3240 1072 assensus
3298 1023 3475 1075 nostri
3508 1024 3665 1094 adje-

1971 1096 2157 1150 ctione
2236 1096 2623 1167 ﬁrmaremus,
2701 1104 2848 1172 petit
2935 1106 3245 1175 praedictus
3328 1112 3670 1166 venerabilis

1972 1185 2292 1255 episcopus.

2044 1273 2216 1344 Cujus
2239 1274 2408 1344 justaa
2442 1280 2497 1329 et
2523 1276 2853 1332 rationabili
2895 1280 3158 1350 petitioni
3196 1299 3394 1339 aurem
3424 1285 3671 1341 libenter

1970 1363 2545 1432 accommodavimus,
2599 1370 2654 1420 et
2684 1366 2788 1420 hoc
2828 1375 3041 1422 nostrae
3114 1372 3467 1425 auctoritatis
3523 1391 3664 1445 prae-

1971 1455 2240 1520 ceptum;
2274 1467 2410 1520 erga
2441 1452 2624 1523 ipsam
2683 1456 2988 1509 Ecclesiam
3017 1458 3275 1512 tuitionis
3322 1464 3526 1531 gratia,
3563 1480 3667 1533 pro

1972 1537 2149 1591 divini
2178 1540 2361 1592 cultus
2426 1557 2645 1610 amore,
2686 1547 2742 1596 et
2783 1545 2994 1598 animae
3053 1551 3262 1601 nostra:
3302 1551 3506 1616 salute,
3541 1552 3664 1605 fieri

1968 1625 2341 1693 decrevimus,
2430 1645 2535 1699 per
2622 1631 2780 1701 quod
2851 1633 3183 1689 ﬁrmissime
3265 1637 3536 1705 jubemus
3602 1645 3665 1693 ut

1969 1712 2235 1784 deinceps
2268 1716 2459 1767 nullus
2490 1733 2700 1782 comes,
2735 1720 2927 1774 nullus
2954 1722 3152 1791 judex,
3182 1723 3292 1777 nisi
3324 1726 3414 1779 cui
3455 1727 3667 1797 episco-

1968 1816 2075 1871 pus
2104 1802 2478 1871 commiserit,
2510 1804 2568 1857 in
2608 1806 2884 1875 praedicta
2920 1808 3063 1876 loca,
3133 1812 3219 1864 vel
3268 1829 3470 1866 eorum
3504 1817 3669 1868 terri-

1968 1889 2136 1957 toria,
2173 1906 2303 1961 quae
2341 1891 2401 1945 in
2451 1892 2805 1962 quibuslibet
2850 1897 3015 1967 pagis
3072 1897 3222 1952 infra
3264 1902 3427 1970 regni
3487 1904 3667 1957 nostri

1970 1977 2275 2044 ditionem,
2337 1983 2392 2032 et
2444 1996 2599 2033 nunc
2658 1981 2891 2050 habent,
2948 1990 3007 2039 et
3058 1985 3116 2039 in
3174 1988 3367 2040 futuro
3407 1989 3669 2044 habenda

1970 2071 2122 2134 sunt,
2157 2068 2225 2120 ad
2256 2084 2455 2121 causas
2481 2070 2816 2140 audiendas,
2869 2073 2957 2127 vel
2991 2074 3058 2128 ad
3089 2075 3266 2139 freda,
3329 2083 3428 2131 aut
3457 2079 3665 2133 banna.

1968 2160 2067 2209 aut
2090 2155 2322 2223 tributa,
2360 2164 2457 2211 aut
2484 2157 2553 2211 de
2606 2160 2851 2215 statione
2879 2162 3134 2231 navium,
3179 2165 3267 2219 vel
3313 2166 3382 2219 de
3413 2169 3673 2238 qualibet

1968 2244 2082 2298 alia
2130 2260 2214 2313 re,
2272 2245 2487 2300 telonia
2535 2246 2837 2318 exigenda,
2886 2254 2988 2303 aut
3061 2252 3256 2323 aliqua
3299 2254 3671 2310 districtionis

1970 2333 2203 2403 negotia
2234 2350 2405 2403 super
2444 2335 2728 2404 homines,
2762 2341 2880 2391 tam
2937 2338 3221 2409 ingenuos
3253 2358 3427 2412 quam
3483 2361 3673 2398 servos

1970 2421 2030 2474 in
2062 2422 2143 2475 eis
2174 2428 2495 2487 manentes,
2524 2426 2858 2493 exercenda,
2890 2428 3104 2482 nostris
3134 2433 3188 2483 et
3215 2430 3423 2485 futuris
3444 2436 3669 2502 tempo-

1971 2509 2131 2563 ribus
2186 2510 2413 2580 ingredi
2472 2513 2699 2579 audeat,
2747 2516 2837 2569 vel
2878 2515 3192 2586 quidquam
3226 2518 3308 2572 .in
3338 2520 3418 2573 eis
3475 2525 3673 2574 contra

1972 2598 2331 2653 voluntatem
2373 2600 2627 2671 episcopi
2683 2618 3193 2675 successorumque
3235 2607 3359 2677 ejus
3389 2612 3669 2662 attentare

1976 2687 2202 2741 audeat.

2044 2774 2150 2828 Sed
2185 2774 2297 2845 ipsi
2326 2777 2561 2847 praesuli
2600 2779 3134 2851 successoribusque
3162 2782 3279 2835 suis
3334 2786 3389 2837 et
3420 2799 3575 2839 nunc
3621 2790 3678 2839 et

170 2865 495 2934 signatum;
532 2864 592 2917 in
632 2881 744 2935 quo
769 2865 1065 2919 dicebatur
1095 2866 1245 2936 quod
1282 2882 1396 2919 non
1420 2868 1606 2919 solum
1663 2867 1785 2936 ipse
1814 2872 1872 2920 et
1977 2878 2202 2933 semper
2230 2863 2399 2918 liceat
2428 2882 2517 2919 res
2547 2866 2841 2936 praedictze
2875 2869 3157 2935 Ecclesim,
3192 2874 3249 2923 et
3294 2870 3381 2925 illi
3413 2873 3676 2927 subdita-

169 2959 337 3023 pater
392 2969 551 3019 suus,
601 2953 823 3023 primus
862 2954 1128 3007 videlicet
1162 2955 1291 3007 Otto
1312 2954 1631 3024 imperator
1658 2954 1870 3008 virtute
1903 2951 1943 3004 C
1980 2967 2132 3016 rum,
2165 2951 2269 3006 sub
2300 2952 2558 3006 tuitionis
2588 2957 2759 3023 atque
2786 2955 3173 3011 immanitatis
3210 2963 3424 3013 nostra;
3475 2960 3677 3015 delen-

165 3046 221 3095 et
280 3042 539 3106 nomine,
596 3042 694 3095 sed
746 3047 1135 3097 antecessores
1166 3058 1387 3109 eorum,
1440 3059 1602 3113 reges
1656 3044 1871 3098 scilicet

171 3130 545 3196 Francorum,
583 3129 839 3200 Pipinus,
875 3131 1126 3199 Carolus,
1183 3130 1517 3198 Ludovicus,
1574 3132 1871 3186 Lotharius

169 3222 227 3271 et
266 3218 406 3271 item
443 3218 695 3285 Carolus,
729 3223 803 3272 et.
838 3219 1011 3272 etiam
1043 3219 1234 3273 caeteri
1273 3218 1425 3288 regis
1485 3223 1870 3274 antecessores

169 3311 227 3359 et
267 3321 622 3359 successores
654 3322 874 3375 eorum,
903 3307 1089 3361 eidem
1117 3307 1383 3361 Ecclesite
1413 3312 1622 3362 sancta:
1681 3309 1869 3363 Maria:

171 3398 226 3447 et
258 3393 436 3447 sancti
463 3394 772 3463 Lamberti,
813 3396 904 3448 cui
946 3401 1178 3449 auctore
1210 3396 1322 3449 Deo
1380 3396 1533 3450 idem
1567 3396 1870 3467 episcopus

170 3484 402 3549 praeest,
436 3495 540 3549 per
586 3480 937 3534 auctoritatis
995 3498 1112 3535 sum
1170 3485 1457 3552 prmcepta
1513 3484 1872 3537 contulerant

170 3574 237 3621 ut
262 3572 319 3620 et
356 3567 479 3636 ipsa
510 3571 566 3620 et
617 3584 733 3620 suae
788 3569 1160 3638 appenditiae,
1215 3585 1343 3640 quae
1402 3574 1534 3622 sunt
1561 3570 1821 3625 videlicet
1852 3588 1865 3624 :

174 3656 367 3709 Lobiis
396 3657 560 3725 (137),
590 3661 647 3708 et
674 3656 734 3708 in
763 3656 886 3709 loco
909 3657 1005 3727 qui
1037 3657 1245 3710 dicitur
1270 3658 1340 3710 ad
1369 3658 1634 3711 Sanctum
1660 3659 1871 3713 Huber—

172 3751 299 3798 tum
332 3744 497 3813 (138),
537 3744 744 3797 Bronio
766 3744 938 3814 (139),
960 3744 1265 3799 Gembluos
1290 3746 1465 3814 (140),
1491 3745 1671 3799 Eossis
1704 3748 1869 3814 (141),

174 3834 235 3886 in
265 3832 509 3886 Malonia
533 3832 702 3899 (142),
735 3833 1016 3886 Namurco
1037 3834 1205 3902 (143),
1227 3834 1507 3887 Dionanto
1534 3834 1706 3903 (144),
1735 3836 1872 3889 Ceu-

246 3938 392 4008 (137)
428 3938 646 4006 Lobiis,
678 3938 885 3992 Gallice
917 3939 1135 4005 Lobbes,
1194 3943 1397 4009 potens
1428 3939 1655 3993 abbatia
1687 3941 1872 3994 Bene-

177 4010 528 4063 dictinorum
563 4009 630 4062 ad
669 4010 865 4063 Lobim
898 4009 1157 4077 ﬂuvium,
1192 4010 1354 4079 cujus
1375 4010 1546 4063 abbas
1576 4015 1660 4063 est
1689 4011 1872 4064 admi-

178 4082 451 4133 nistrator
481 4081 540 4132 in
563 4080 987 4150 pontiticalillus
1002 4082 1361 4151 episcopatus
1392 4080 1717 4134 Leodiensis
1739 4083 1872 4136 sede

176 4156 432 4205 vacante.
500 4151 819 4219 Diplomata
885 4152 1032 4219 pluri

177 4221 495 4293 spectantia
525 4222 648 4293 vide
679 4224 830 4291 apud

249 4295 399 4358 (138)
426 4292 481 4345 8.
508 4292 811 4359 Hubertus,
858 4293 997 4346 olim
1026 4292 1347 4347 Andainum
1389 4296 1592 4362 potens
1648 4292 1876 4346 abbatia

180 4362 679 4418 Benedictinorum
733 4364 790 4415 in
843 4362 1023 4433 Sylvis
1081 4362 1424 4429 Arduennis,
1511 4362 1571 4416 in
1653 4364 1879 4417 dimcesi

182 4433 503 4498 Leodiensi,
557 4434 708 4487 clara
734 4433 1088 4487 miraculosis
1135 4433 1532 4504 sanationibus
1574 4449 1703 4504 quae
1732 4435 1880 4489 ﬁunt

182 4507 242 4559 in
273 4510 488 4558 virtute
521 4504 898 4574 reliquiarum
930 4505 984 4558 8.
1022 4504 1255 4557 Huberti
1286 4503 1557 4575 episcopi.

254 4575 403 4646 (139)
434 4574 731 4641 Bronium,
761 4576 900 4628 alias
940 4576 995 4629 S.
1030 4575 1287 4636 Gcrardi,
1324 4574 1549 4629 abbatia
1584 4574 1867 4628 Benedict.

180 4649 238 4701 in
262 4646 543 4700 comitatu
574 4662 639 4698 ac
667 4646 895 4699 dioecesi
925 4647 1319 4712 Namurcensi,
1342 4646 1505 4699 unita
1527 4661 1741 4699 mensa:
1762 4646 1878 4716 epi-

178 4716 395 4786 scopali
432 4716 821 4769 Namurcensi.

250 4785 401 4859 (140)
438 4786 769 4859 Gembluos,
804 4786 1358 4859 aliastGembtacum,
1391 4785 1620 4859 abbatia
1660 4786 1873 4859 Bened.

181 4857 802 4913 in'Gallo-Brabantia
857 4874 921 4910 ac
959 4857 1188 4911 dimcesi
1253 4857 1646 4924 Namurcensi,
1715 4858 1878 4927 cujus

177 4930 353 4984 abbas
387 4933 472 4981 est
501 4928 755 4997 primum
803 4944 1015 4995 comes,
1048 4928 1385 4999 primusque
1416 4928 1473 4981 in
1501 4927 1747 4982 comitiis
1774 4944 1876 4982 no-

182 5001 391 5054 bilium
416 4999 756 5064 Brabantiae,
1168 5028 1179 5039 -

249 5072 396 5139 (141)
430 5069 635 5135 Fossis,
668 5069 983 5139 capitulum
1034 5070 1444 5123 canonicorum
1500 5068 1553 5123 S.
1620 5068 1876 5123 Folliano

182 5157 435 5206 sacrum,
480 5140 633 5193 haud
666 5140 865 5210 procul
896 5142 1199 5194 Namurco.

253 5213 399 5282 (142)
449 5209 716 5276 Malonia,
781 5212 1012 5265 abbatia
1064 5210 1471 5265 canonicorum
1525 5209 1876 5280 regularium

182 5299 364 5354 prope
387 5282 767 5354 (Namurcum.
849 5352 862 5354 _
1026 5351 1034 5354 _
1216 5352 1249 5354 μ
1409 5350 1420 5354 _
1466 5337 1474 5347 _

253 5350 400 5433 (143)
437 5353 745 5432 Namurco,
760 5352 921 5433 ἐιηὴῇ
929 5351 1312 5433 episcopalis,
1326 5350 1609 5433 primaria
1640 5351 1875 5433 comita-

183 5421 273 5478 tus
307 5422 736 5477 Namurcensis.
760 5424 854 5477 Est
884 5421 1003 5476 illic
1028 5421 1196 5493 capit.
1231 5421 1624 5493 cathedraleS.
1656 5422 1873 5493 Albini,

184 5500 239 5548 et
263 5494 573 5564 collegiata
605 5493 1015 5564 canonicorum
1069 5492 1126 5548 Β.
1164 5494 1381 5560 Mariae;
1413 5492 1552 5547 item
1598 5492 1705 5548 fuit
1736 5492 1875 5546 olim

190 5563 507 5635 capitulum
522 5564 578 5619 S.
602 5563 752 5619 Petri
784 5564 845 5618 in
869 5565 1091 5619 Castro.

917 4152 1137 4232 [lurima
1221 4152 1289 4205 ad
1377 4152 1524 4205 hanc
1585 4151 1871 4206 abbatiam

914 4239 1132 4276 meum.

1905 4235 1949 4288 D

1979 3040 2162 3107 sione,
2222 3046 2444 3095 remota
2474 3042 2647 3096 totius
2683 3043 3007 3113 judiciariaa
3038 3048 3339 3115 potestatis
3387 3047 3675 3119 inquietu-

1979 3129 2131 3193 dine,
2167 3130 2389 3200 quietas
2420 3130 2731 3201 possidere,
2788 3136 2844 3186 et
2896 3139 3092 3188 nostro
3154 3135 3402 3206 imperio
3454 3154 3677 3207 parere,

1979 3223 2151 3288 atque
2177 3233 2284 3288 pro
2314 3218 2711 3273 incolumitate
2744 3221 2926 3274 nostri
2958 3227 3014 3275 et
3042 3227 3257 3277 nostrae
3297 3225 3587 3295 conjugis,
3624 3231 3680 3281 et

1977 3321 2083 3373 pro
2116 3308 2261 3360 statu
2287 3322 2351 3359 ac
2381 3306 2756 3360 diuturnitate
2790 3308 2955 3378 regni
2991 3310 3190 3372 nostri,
3225 3327 3339 3365 una
3370 3328 3501 3367 cum
3527 3314 3677 3368 clero

1979 3400 2037 3447 et
2066 3394 2281 3463 populo
2312 3394 2420 3447 sibi
2451 3395 2731 3464 subjecto,
2756 3396 3119 3450 clementiam
3161 3398 3262 3451 Dei
3288 3399 3506 3469 jugiter
3536 3418 3671 3456 exo-

1978 3497 2126 3547 rare,
2162 3486 2219 3535 et
2249 3481 2530 3552 quidquid
2561 3483 2630 3535 de
2657 3482 2909 3552 praefatis
2949 3483 3120 3537 rebus
3151 3486 3552 3555 Ecclesiarum,
3583 3490 3678 3559 jus

1978 3569 2101 3623 ﬁsci
2160 3569 2387 3639 exigere
2457 3574 2701 3640 poterat,
2760 3571 3048 3641 praedictae
3098 3573 3352 3627 ecclesiae
3409 3580 3574 3644 esset,
3617 3582 3680 3631 ut

1979 3658 2248 3727 deinceps
2280 3657 2348 3711 ad
2379 3659 2773 3729 peragendum
2833 3660 2933 3714 Dei
2974 3661 3269 3716 servitium
3302 3670 3677 3734 augmentum

1979 3752 2035 3801 et
2057 3748 2520 3817 supplementum
2552 3748 2670 3801 ﬁat.

2052 3835 2229 3904 Hujus
2259 3834 2453 3905 itaque
2510 3836 2783 3907 praecepti
2842 3837 3257 3908 auctoritatem,
3307 3844 3373 3895 ut
3424 3843 3679 3903 nomine

2051 3941 2200 4019 (144)
2235 3941 2537 4019 Dionanto,
2572 3941 2854 4011 oppidum
2883 3943 2954 3997 ad
2987 3944 3220 4013 Mosam,
3254 3946 3351 4000 ubi
3379 3948 3683 4019 collegiata

1982 4012 2217 4066 ecclesia
2252 4013 2307 4065 Β.
2344 4012 2531 4066 Maria:
2563 4028 2739 4066 sacra.

2056 4082 2197 4151 (145)
2219 4084 2590 4156 Ceumacum,
2622 4083 2759 4156 alias
2781 4084 3070 4156 Qinacum,
3103 4086 3421 4156 capitulum
3450 4091 3676 4144 canoni-

1983 4169 2183 4207 corum
2217 4154 2276 4205 B.
2312 4152 2500 4207 Maria;
2532 4153 2749 4220 Virgini
2778 4153 3048 4208 dicatum.

2060 4222 2729 4306 (146).Edlanalias_Cg/ka',
2772 4224 2941 4306 vulgo
2985 4226 3277 4306 ~Iliaseyck,
3311 4228 3594 4306 oppidum
3605 4231 3681 4306 _in

1988 4293 2214 4347 dimcesi
2246 4310 2308 4346 ac
2363 4294 2661 4362 Campinia
2703 4294 3021 4355 Leodiensi,
3076 4293 3173 4348 ubi
3223 4293 3459 4351 ecclesia
3510 4301 3678 4354 colle-

1987 4365 2141 4433 giata
2179 4364 2267 4418 SS.
2296 4362 2612 4433 virginibus
2649 4363 2901 4417 Harlindi
2933 4380 2996 4417 ac
3027 4365 3254 4419 Renildi
3286 4383 3463 4422 sacra.

2061 4435 2200 4503 (147)
2258 4433 2522 4503 Tungris,
2572 4434 2708 4487 urbs
2762 4434 3169 4504 antiquissima
3221 4436 3479 4493 dioecesis
3536 4440 3675 4494 Leo—

1988 4504 2222 4584 diensis,
2274 4504 2560 4584 quondam
2631 4505 2820 4585 sedes“
2857 4521 3059 4585 regum
3116 4508 3580 4585 Tungrensium,_
3620 4528 3683 4564 ac

1987 4576 2307 4652 primorum
2331 4575 2751 4645 episcoporum.
2782 4576 2879 4629 Est
2929 4575 3066 4630 illuc
3115 4575 3350 4633 ecclesia
3379 4575 3681 4652 collegiata

2060 4714 2203 4784 (148)
2246 4716 2428 4789 Hoyo,
2461 4715 2631 4789 vulgo
2662 4718 2814 4789 Huy,
2844 4716 3039 4789 civitas
3063 4719 3136 4773 ad
3161 4720 3370 4775 Mosam
3404 4721 3672 4789 ﬂuvium;

1986 4802 2117 4840 cum
2146 4786 2378 4838 ecclesia
2410 4785 2711 4855 collegiata
2755 4785 2812 4840 Β.
2846 4788 2917 4841 Μ.
2952 4788 3015 4840 ν.

2058 4856 2203 4931 (149)
2235 4857 2513 4931 Trajecto,
2540 4857 2609 4931 ad
2633 4858 2843 4931 Mosam
2862 4857 3137 4931 ﬂuvium,
3168 4860 3341 4931 vulgo
3371 4863 3682 4931 Maestrz'ch,

1988 4927 2122 4981 urbs
2153 4926 2554 4989 munitissima,
2591 4926 2760 4980 hodie
2792 4927 2897 4981 sub
2915 4928 3170 4982 dominio
3201 4926 3463 4985 Statuum
3491 4926 3686 4986 Fcede-l

1986 5004 2242 5072 ratorum
2281 4998 2479 5066 Belgii.
2514 4998 2658 5072 §un_t
2687 4997 3225 5072 illic_dum_ecclesiae
3256 5003 3571 5072 collegiata
3598 5019 3685 5057 ca-

1988 5069 2348 5128 nonicorum,
2379 5084 2494 5121 una
2520 5068 2575 5123 S.
2608 5067 2885 5128 Servatio,
2912 5069 3089 5121 altera
3122 5071 3179 5122 Β.
3215 5072 3284 5124 Μ.
3332 5067 3600 5127 ν.ἐθοι“δ.

2060 5139 2103 5219 (1
2121 5141 2204 5219 $0)
2256 5138 2513 5219 inanitas,
2561 5138 2697 5219 urbs
2742 5138 3241 5219 arcb_iepiscopalis
3298 5141 3357 5194 in
3381 5143 3687 5219 _p_roviucia

1989 5211 2232 5281 Belgica.
2279 5210 2373 5281 Est
2414 5210 2528 5262 illic
2561 5209 3155 5281 metr0politana‘divo
3187 5209 3474 5265 Bumoldo
3506 5230 3684 5280 sacra,

1986 5281 2048 5334 in
2078 5278 2192 5352 qua
2221 5280 2534 5350 capitulum
2562 5281 2968 5360 canonicorum
2992 5278 3295 5360 fundatum
3322 5281 3431 5362 fuit
3447 5283 3517 5336 ab
3538 5278 3687 5364 anno

1988 5354 2090 5405 996
2121 5368 2154 5405 a
2192 5351 2246 5406 S.
2311 5350 2991 5423 NotgerogLeodiensium
3026 5366 3315 5423 episcopo.
3345 5353 3541 5423 Aliqui
3571 5371 3687 5423 pri-

1988 5438 2143 5475 mam
2179 5423 2305 5491 ejus
2358 5420 2761 5483 fundationem
2812 5420 3073 5474 referunt
3124 5421 3195 5476 ad
3224 5420 3434 5492 ipsum
3456 5420 3541 5479 _S.
3572 5420 3687 5480 Ru-

1988 5492 2620 5585 moldtim_episcopum
2681 5498 2736 5547 et
2784 5496 3115 5561 martyrem,
3173 5492 3273 5563 qui
3325 5494 3467 5548 obiit
3536 5497 3685 5549 circa

1996 5578 2214 5616 annum
2258 5586 2271 5614 Δ
2295 5578 2370 5614 ινἏι.
