3938 6336
344 349 436 402 ‘27!

1651 346 1705 401 S.
1750 343 2031 402 HENRICI
2071 343 2142 400 ΙΜ
2156 339 2542 400 PERATORIS

3747 353 3852 402 ‘27‘2

343 468 544 537 ipsius,
569 467 666 538 qui
695 465 860 519 nobis
912 463 1281 534 praecipiendi
1335 465 1611 520 concessit
1663 470 2025 536 potestatem,
2058 468 2103 519 Α
2143 465 2334 532 moda,
2359 469 2572 518 aeterna
2603 469 2659 518 et
2688 481 2915 534 semper
2943 483 3215 522 mansura
3234 467 3291 523 in
3314 470 3470 524 caelis
3500 472 3852 527 studeamus

343 557 660 624 pleniorem
688 552 944 605 obtineat
978 552 1261 622 vigorem,
1311 557 1368 604 et
1424 569 1458 604 a
1512 551 1777 606 ﬁdelibus
1825 557 2035 605 sanctae

345 644 444 695 Dei
474 642 753 708 Ecclesiae,
784 656 848 693 ac
879 641 1088 693 nostris
1148 640 1482 708 diligentius
1543 645 1929 704 conservetur,
1977 645 2036 692 et

343 747 516 784 manu
547 730 776 800 propria
834 729 1212 792 ﬁrmavimus,
1269 735 1326 782 et
1368 729 1541 800 sigilli
1587 729 1766 782 nostri
1796 729 2033 798 impres-

341 819 522 885 sione,
554 817 771 887 signari
793 817 1092 886 jussimus.

411 907 453 978 -ἤ-
480 909 734 974 Sigillum
763 907 967 960 domini
996 908 1216 959 Henrici
1243 909 1386 974 regis
1407 907 1775 959 invictissimi.

1067 994 1286 1049 XXXIV.

340 1084 631 1136 Henricum
661 1083 750 1146 II,
788 1082 1084 1136 Gm'maniae
1103 1088 1151 1134 et
1200 1083 1371 1136 Italia:
1421 1097 1538 1144 rem,
1582 1080 1680 1133 sub
1732 1095 1826 1133 suo
1877 1096 2033 1133 mun-

414 1153 667 1205 diburdio
722 1155 950 1221 suscipit
1007 1153 1392 1219 Landulphum
1480 1153 1877 1206 Cremonensem
1927 1153 2034 1219 epi-

411 1239 646 1293 scapum.

979 1295 1167 1357 (Anno
1213 1293 1392 1357 1007.)

726 1381 1039 1447 ἱΜιιτειῐοΓί,
1068 1381 1260 1449 Antiq.
1294 1381 1421 1435 Ital.
1461 1380 1506 1444 Ι,
1541 1382 1685 1446 991.]

411 1473 473 1524 In
505 1470 739 1523 nomine
773 1475 980 1522 sanctas
1001 1474 1056 1520 et
1080 1468 1387 1521 individuaa
1409 1467 1722 1534 Trinitatis,
1759 1469 2032 1521 HENRICUS

341 1561 544 1612 divinae
576 1557 927 1626 dignationis
960 1557 1318 1624 providentia
1345 1572 1459 1608 rex.

410 1646 635 1716 Regalis
690 1645 982 1714 dignitatis
1048 1644 1468 1714 providentiam
1523 1661 1749 1715 semper
1809 1648 2034 1714 oportet

340 1735 713 1788 Ecclesiarum
764 1733 881 1796 Dei,
941 1738 1048 1786 elc.
1110 1733 1340 1786 Noverit
1377 1733 1715 1786 universitas
1745 1735 1897 1803 quod
1930 1749 2028 1786 nos
2063 1743 2104 1796 Β

336 1824 754 1891 comperientes
808 1821 867 1872 in
927 1821 1088 1873 Italia
1136 1821 1509 1874 Ecclesiarum
1566 1821 1860 1874 facultates
1931 1821 2027 1874 de-

336 1911 530 1962 functo
562 1925 756 1961 earum
794 1909 1036 1961 Prmsule
1084 1909 1422 1977 deprsedari,
1467 1915 1836 1980 sanctamque
1897 1909 2026 1962 Cre-

337 2013 668 2051 monensem
726 1997 1028 2049 Ecclesiam
1076 1997 1181 2049 hoc
1238 2014 1463 2068 quoque
1517 1998 1740 2051 novitcr
1807 2014 2029 2068 passam

331 2087 596 2140 defuncto
635 2087 884 2150 Pastore,
946 2084 1050 2136 sub
1087 2085 1265 2137 nostri
1295 2085 1688 2153 "muudiburdi
1745 2085 2028 2138 defensio-

334 2191 466 2227 nem
522 2173 843 2242 recepimus
915 2173 1192 2225 domnum
1246 2173 1583 2226 Landulfum
1648 2173 2031 2226 venerabilem

332 2261 631 2329 praesulem
693 2258 950 2328 ejusdem
1005 2266 1217 2312 sanctas
1275 2260 1673 2313 Cremonensis
1753 2261 2028 2323 Ecclesiae,

332 2355 706 2418 nostrumque
723 2347 1155 2400 dilectissimum
1177 2349 1559 2416 capellauum,
1594 2363 1721 2401 cum
1767 2348 2030 2400 omnibus

330 2436 548 2490 clericis
612 2435 729 2488 suis
789 2451 853 2487 ac
905 2435 1156 2488 familiis.
1220 2436 1619 2506 Praecipientes
1674 2437 1907 2490 insimul
1969 2441 2034 2489 ut

332 2527 488 2578 nulla
520 2523 702 2577 nostri
771 2524 933 2593 regni
985 2539 1194 2592 magna
1249 2539 1538 2594 parvaque
1613 2540 1855 2595 persona
1901 2530 2034 2593 post

331 2613 550 2666 obitum
609 2614 730 2681 ejus
787 2627 1140 2681 suorumque
1209 2628 1615 2673 successorum,
1693 2611 2027 2682 praedictam

334 2701 658 2766 Ecclesiam,
687 2700 918 2754 clericos
957 2706 1013 2753 et
1053 2701 1297 2754 famulos
1353 2701 1675 2772 inquietare
1707 2702 1796 2755 vel
1853 2702 2028 2754 mole-

333 2797 480 2844 stare
520 2789 749 2842 audeat.
791 2789 848 2842 Si
888 2789 1014 2858 quis
1053 2805 1207 2855 vero,
1241 2789 1390 2859 quod
1424 2806 1536 2843 non
1569 2789 1875 2856 credimus,
1935 2789 2030 2842 hu-

325 2879 420 2947 jus
469 2877 650 2930 nostri
702 2875 1070 2928 mundiburdi
1138 2876 1380 2929 violator
1424 2877 1723 2941 exstiterit,
1767 2877 1814 2928 si
1863 2876 2029 2929 miles

328 2967 506 3037 ipsius
541 2966 796 3020 Ecclesiae
827 2965 1016 3028 fuerit,
1053 2965 1210 3018 omni
1253 2966 1531 3019 beneﬁcio
1561 2965 1714 3036 quod
1763 2982 1827 3018 ex
1859 2971 2020 3035 parte

2143 553 2380 622 adipisci
2435 553 2794 608 consistoria.
2830 555 3189 627 Quapropter
3229 575 3333 612 nos
3368 561 3681 615 Dominicis
3732 579 3850 615 non

2143 642 2379 694 surdum
2421 642 2677 696 auditum
2721 645 3046 713 praebentes
3079 649 3402 717 praeceptis,
3436 650 3626 703 locum
3663 667 3851 722 quen-

2144 730 2275 783 dam
2306 737 2513 784 nostrze
2544 732 2891 786 haereditatis
2924 734 3276 789 Babinberch
3306 737 3517 791 dictum
3549 739 3608 791 in
3647 740 3846 793 sedem

2143 819 2500 888 episcopatus
2552 820 2918 874 sublimando
2977 824 3342 891 proveximus
3398 827 3751 897 prmdiisque
3786 836 3845 881 et

2140 906 2310 959 variis
2331 924 2523 961 rerum
2575 908 2983 962 donationibus
3034 913 3339 980 magnilice
3369 915 3839 970 sublimavimus.

2141 994 2500 1063 Injunximns
2541 1012 2771 1067 quoque
2823 999 3112 1067 praedictae
3146 1000 3293 1053 sedis
3327 1001 3588 1070 pontilici
3626 1004 3847 1072 guber-

2141 1083 2435 1137 nationem
2483 1090 2534 1138 et
2585 1087 2979 1139 moderamina
3027 1089 3391 1157 quorundam
3470 1093 3855 1145 monasterio-

2141 1188 2291 1237 rum,
2325 1172 2474 1226 inter
2501 1189 2627 1244 quae
2659 1191 2836 1227 unum
2871 1175 3162 1244 quoddam
3185 1176 3245 1230 in
3267 1178 3631 1244 Alemannia,
3679 1182 3853 1249 juxta

2142 1260 2325 1330 ripam
2359 1262 2542 1315 Rheni
2569 1263 2763 1324 situm,
2797 1264 2989 1318 Steine
3013 1264 3346 1332 vocitatum,
3384 1271 3574 1320 nostra
3604 1268 3853 1338 disposi-

2143 1349 2297 1403 tione
2336 1355 2721 1405 constructum
2767 1357 2824 1404 et
2871 1352 3259 1418 moderatum,
3307 1355 3429 1424 ejus
3477 1357 3851 1410 commenda-

2141 1437 2287 1490 tioni
2343 1439 2606 1492 volumus
2646 1440 2987 1509 subjectum.
3035 1441 3215 1510 Hujus
3265 1443 3442 1513 igitur
3500 1445 3850 1498 monasterii

2140 1530 2534 1594 procuratores
2576 1530 2632 1578 et
2688 1527 2906 1596 praelati
2960 1528 3287 1582 serenitatis
3335 1536 3548 1584 nostra:
3594 1548 3853 1600 praesen-

2141 1613 2278 1665 tiam
2307 1613 2517 1679 adiere,
2569 1619 2642 1681 et,
2698 1615 2766 1667 de
2807 1615 3063 1685 praedicti
3118 1617 3224 1669 loci
3274 1618 3474 1688 inopia
3532 1635 3598 1673 ac
3629 1637 3853 1689 posses-

2143 1702 2368 1754 sionum
2437 1703 2572 1756 illuc
2631 1703 3042 1772 pertinentium
3093 1705 3374 1773 parvitate
3423 1717 3851 1778 conquerentes

2143 1791 2375 1860 aliquod
2406 1792 2827 1844 sublementum
2857 1797 2913 1845 et
2943 1794 3266 1846 auctionem
3321 1795 3674 1863 praediorum
3709 1797 3850 1852 illuc

2141 1879 2373 1932 concedi
2431 1885 2488 1932 et
2539 1880 2844 1949 superaddi
2888 1881 3219 1952 suppliciter
3253 1885 3630 1952 postulavere.
3694 1887 3848 1957 Ipso-

2141 1983 2528 2038 rum.quoque
2556 1969 2758 2022 obnixe
2783 1970 3044 2038 petitioni
3072 1986 3201 2023 cum
3233 1971 3491 2025 ﬁdelium
3516 1978 3846 2029 nostrorum

2141 2055 2542 2126 episcoporum
2570 2057 2829 2110 videlicet
2849 2062 2904 2110 et
2934 2058 3202 2112 abbatum
3224 2060 3424 2113 ducem
3447 2065 3504 2114 et
3541 2063 3844 2130 comitum,

2140 2144 2300 2197 favor
2332 2149 2387 2196 et
2433 2144 2664 2198 suadela
2735 2145 3079 2211 accessisset,
3115 2163 3218 2199 nos
3271 2154 3399 2201 vota
3455 2149 3689 2203 illorum
3747 2151 3846 2204 be-

2140 2232 2314 2302 nigne
2345 2233 2696 2302 suscepimus
2742 2239 2800 2287 et
2823 2234 3093 2304 petitioni
3124 2251 3320 2288 eorum
3349 2237 3420 2290 ob
3446 2237 3654 2291 divinas
3688 2256 3841 2293 mer-

2141 2319 2294 2372 cedis
2349 2326 2721 2390 augmentum
2782 2321 3084 2392 adimpleri
3142 2324 3522 2379 decrevimus.
3589 2328 3842 2384 Proinde

2139 2409 2362 2462 noverit
2391 2409 2648 2463 omnium
2672 2411 2853 2464 nostri
2871 2412 3152 2475 ﬁdelium,
3214 2415 3586 2483 praesentium
3623 2417 3842 2472 scilicet

2141 2513 2202 2550 ac
2233 2495 2559 2551 futurorum
2600 2498 2900 2562 industria,
2959 2501 3092 2570 quia
3150 2518 3255 2555 nos
3302 2505 3592 2573 quendam
3651 2510 3838 2560 nostri

2135 2585 2281 2654 juris
2312 2603 2373 2639 ac
2425 2587 2792 2656 proprietatis
2815 2589 3001 2642 locum
3031 2589 3405 2644 Chilichheim
3426 2593 3578 2659 (151)
3611 2593 3834 2648 dictum

2139 2674 2197 2726 in
2228 2691 2375 2744 pago
2409 2676 2786 2747 Prisichgowe
2827 2683 2884 2730 et
2921 2677 2980 2730 in
3011 2679 3286 2733 comitatu
3338 2681 3716 2736 Adelberonis
3747 2699 3835 2736 co-

2139 2763 2294 2816 mitis
2331 2763 2524 2831 situm,
2554 2765 2834 2818 tradimus
2869 2766 2935 2820 ad
2969 2767 3357 2836 supradictum
3395 2771 3835 2838 monasterium,

2139 2851 2289 2922 quod
2341 2855 2426 2906 est
2453 2860 2846 2907 consecratum
2903 2855 3115 2908 honori
3156 2855 3217 2909 S.
3279 2857 3376 2909 Dei
3409 2857 3724 2912 Genetricis
3775 2878 3839 2914 ac

2139 2939 2234 2994 SS.
2265 2940 2493 3010 Georgii
2523 2946 2580 2994 et
2607 2941 2802 3011 Cyrilli
2859 2949 3196 3013 martyrum,
3233 2960 3364 2998 cum
3411 2947 3682 3000 omnibus
3714 2949 3840 3019 ejus

328 3024 510 3125 ibsius
561 3054 810 3107 ecclosiae
850 3024 1120 3120 tenuérit’
1180 3053 1302 3122 ipse
1360 3061 1415 3107 et
1469 3024 1594 3124 el“;
1650 3024 1906 3108 lmredés
1962 3055 2023 3108 in
2056 3024 2096 3079 C
2133 3029 2518 3098 partineutiis,
2551 3031 2813 3084 videlicet
2843 3032 3116 3100 ecclesiis,
3149 3033 3320 3099 villis,
3349 3034 3546 3101 servis,
3583 3037 3833 3103 ancillis,

335 3150 614 3198 internum
649 3143 968 3212 priventur,
1018 3147 1074 3195 et
1114 3148 1344 3196 centum
1377 3143 1550 3196 libras
1596 3143 1725 3213 puri
1778 3144 2020 3212 argenti,

330 3233 695 3287 medietatem
744 3235 954 3283 nostra:
979 3229 1329 3299 reipublicae,
1361 3231 1440 3298 :et
1475 3230 1843 3284 medietatem
1868 3247 2022 3300 prae-

329 3323 643 3376 nominatm
695 3319 944 3372 ecclesiae
1001 3334 1058 3370 se
1104 3319 1555 3388 compositurum
1615 3319 1812 3389 rrocul
1845 3319 2020 3374 dubio

329 3414 650 3479 cognoscat.
719 3407 775 3461 Si
834 3422 965 3458 vero
1018 3407 1154 3459 civis
1213 3413 1314 3460 aut
1369 3407 1754 3473 subu-hanus,
1817 3409 1923 3461 scit
1962 3425 2021 3462 se

329 3499 690 3570 perditurum
720 3495 912 3548 omnia
946 3495 1163 3564 praedia
1203 3501 1261 3548 et
1282 3495 1672 3566 possessiones
1719 3512 1872 3559 suas,
1905 3512 2022 3551 me-

330 3587 599 3640 dietatem
641 3600 672 3635 a
702 3587 861 3653 parte
917 3582 1167 3652 publica,
1205 3588 1262 3635 et
1318 3583 1687 3636 medietatem
1729 3582 2019 3651 pradictae

330 3673 608 3727 Ecclesim.
646 3670 706 3724 Si
755 3686 888 3723 vero
937 3669 1131 3739 aliqua
1175 3670 1336 3740 regni
1396 3687 1645 3740 persona
1700 3675 1903 3724 contra
1941 3671 2019 3725 fe-

325 3760 486 3823 cerit,
519 3763 749 3811 centum
778 3755 954 3808 libras
982 3755 1183 3824 Optimi
1215 3757 1362 3820 auri,
1425 3757 1792 3810 medietatem
1852 3758 2016 3811 nobis

325 3854 384 3901 et
414 3847 779 3901 medietatem
809 3844 1059 3914 praefatae
1111 3844 1361 3898 ecclesia
1417 3846 1613 3914 procul
1652 3840 2016 3899 dubio'com—

326 3943 503 4006 ponat
553 3935 712 3998 Quod
745 3938 808 3986 nt
839 3932 1024 3985 verius
1057 3932 1340 3998 credatur,
1375 3939 1481 3987 etc.

396 4027 512 4078 Non
543 4024 696 4076 adest
715 4035 1113 4086 monogramma
1147 4022 1392 4075 Henrici.

395 4112 706 4166 Everardus
760 4108 1131 4162 cancellarius
1191 4109 1372 4162 vicem
1430 4109 1669 4180 Villigisi
1739 4109 2009 4164 Archica-

324 4201 536 4274 pellani
561 4198 890 4267 recognovi.

399 4335 410 4345 .
456 4331 470 4344 .
516 4332 527 4344 .
574 4332 586 4342 .
632 4329 644 4341 .
677 4291 842 4341 Anno
895 4285 1206 4340 Dominicaa
1254 4285 1668 4339 incarnationis
1722 4288 1874 4353 l007,
1916 4287 2002 4340 in-

320 4378 567 4434 dictione
592 4393 646 4442 v,
670 4392 819 4429 anno
844 4374 1009 4444 regni
1041 4373 1239 4428 domni
1296 4374 1523 4428 Henrici
1568 4374 1720 4445 regis
1773 4376 2008 4430 secundi

322 4467 614 4537 regnantis
647 4481 717 4517 v1.
751 4468 952 4517 Actum
979 4465 1186 4517 Polede
1216 4462 1475 4518 feliciter.
1512 4466 1712 4519 Amen.

1066 4551 1260 4606 XXXV.

388 4647 450 4701 S.
511 4644 778 4697 Henricus
835 4641 885 4693 Π
935 4641 1066 4707 imp.
1124 4642 1449 4693 monasterio
1505 4640 1775 4695 Steinensi
1840 4641 2006 4696 donat

909 4730 1078 4781 locum
1105 4727 1407 4781 Kircheim.

777 4817 962 4886 (Anno
997 4817 1199 4880 lOO7,l
1242 4816 1540 4882 Novemb.)

313 4910 617 4982 [Newgart,
647 4906 773 4963 Cod.
830 4906 1054 4974 diplom.
1113 4905 1316 4967 A.lem.,
1351 4922 1416 4958 em
1473 4908 1734 4974 originali
1790 4907 2006 4961 archivi

813 4993 1122 5062 reipublicae
1153 4993 1502 5066 Turicensisj.

382 5089 443 5140 In
474 5084 710 5139 nomine
740 5086 948 5134 sanctas
1007 5085 1064 5134 et
1113 5080 1424 5135 individum
1485 5081 1799 5143 Trinitatis,
1830 5084 1998 5136 Ham-

310 5191 461 5229 mcus
483 5174 674 5229 divina
691 5172 914 5226 favente
943 5169 1244 5222 clementia
1266 5185 1383 5224 rex.

379 5261 734 5318 Salutaribus
783 5259 927 5313 sacri
957 5258 1168 5329 eloquii
1199 5257 1668 5313 instructionibus
1701 5257 1999 5311 erudimur

308 5359 366 5408 et
421 5353 800 5406 admonemur
841 5353 897 5401 ut
932 5348 1270 5417 temporalia
1325 5345 1801 5418 parvipendeutes
1838 5361 1992 5400 com-

291 5435 294 5438 .
379 5457 520 5523 (l5!)
545 5457 799 5519 Kirchen,
830 5453 1108 5506 Kircheim
1135 5454 1203 5507 ad
1236 5454 1497 5507 Rhenum
1522 5451 1668 5504 infra
1691 5450 1990 5506 Basileam.

376 5529 519 5596 (15?)
553 5528 862 5595 Episcopus
893 5524 1350 5596 Bambergeusis,

375 5591 520 5668 (153)
548 5591 1023 5650 Οίιπεὲῐειῐειάὶιιιο
1048 5591 1231 5649 annus
1253 5610 1289 5647 ιι
1312 5591 1561 5646 Heinrici
1588 5591 1737 5662 regis
1762 5592 1817 5647 in
1846 5593 1985 5649 Lon-

2136 3117 2298 3182 areis,
2328 3117 2602 3184 aediﬁciis,
2663 3135 2795 3172 cum
2826 3119 3158 3174 hominibus
3222 3122 3502 3193 terrisque
3549 3126 3834 3179 censuali-

2132 3204 2259 3273 bus,
2288 3222 2415 3258 cum
2443 3206 2670 3259 tributis
2701 3211 2758 3260 et
2787 3207 3018 3260 teloniis
3056 3208 3398 3287 de.navibus
3428 3225 3532 3279 per
3561 3211 3830 3267 Rhenum

2129 3294 2581 3348 discurrentibus
2611 3295 2700 3348 vel
2731 3295 3132 3366 undecumque
3159 3301 3350 3351 noster
3379 3298 3550 3352 ﬁscus
3585 3300 3826 3355 circum-

2131 3397 2357 3452 quaque
2378 3381 2514 3435 illuc
2543 3382 2776 3452 aliquod
2811 3383 2906 3452 jus
2928 3383 3156 3452 exigere
3187 3390 3285 3438 aut
3313 3401 3543 3454 sperare
3573 3387 3825 3443 deberet.

2131 3470 2260 3523 Haec
2299 3468 2493 3538 igitur,
2545 3486 2675 3524 cum
2706 3471 2976 3525 omnibus
3006 3471 3226 3526 czeteris
3283 3475 3643 3543 appendiciis
3699 3494 3829 3548 quia

2127 3558 2313 3612 adhuc
2329 3558 2439 3610 dici
2457 3564 2712 3628 possent,
2731 3563 3010 3628 perpetua
3035 3559 3306 3614 ﬁrmitate
3352 3561 3419 3615 ad
3442 3561 3598 3616 idem
3624 3580 3831 3619 mona-

2126 3648 2364 3700 sterium
2404 3647 2791 3700 contradimus
2843 3652 2900 3701 et
2946 3647 3417 3711 transfundimus,
3447 3656 3512 3704 ut
3584 3652 3833 3722 quilibet

2126 3735 2300 3790 abbas
2339 3736 2555 3790 ibidem
2592 3751 2954 3789 successurus
2984 3736 3197 3807 absque
3247 3739 3704 3794 contradictione
3737 3743 3830 3796 ha-

2123 3823 2255 3876 beat
2294 3840 2360 3878 ea
2416 3823 2473 3876 in
2531 3839 2632 3876 sua
2679 3827 2982 3893 potestate,
3033 3840 3137 3878 nec
3166 3825 3278 3896 ipsi
3317 3825 3485 3880 liceat
3553 3829 3826 3900 cuiquam

2122 3911 2302 3965 libero
2354 3911 2574 3965 homini
2625 3912 2846 3982 potenti
2887 3911 3142 3983 aliquam
3198 3913 3404 3970 exinde
3434 3921 3662 3986 partem
3726 3936 3830 3990 pro

2121 3999 2396 4054 beneﬁcio
2419 4000 2748 4065 concedere,
2783 4000 2867 4052 vel
2909 4001 3023 4054 ullo
3075 4001 3243 4055 modo
3294 4003 3365 4057 ab
3408 4020 3518 4058 usu
3581 4007 3827 4062 fratrum

2124 4089 2239 4141 Deo
2269 4088 2406 4142 illuc
2431 4088 2806 4142 servientium
2834 4089 3106 4144 alienare.
3139 4090 3206 4143 Et
3226 4097 3292 4145 ut
3319 4091 3438 4145 haec
3469 4097 3827 4150 auctoritatis

2120 4181 2329 4230 nostrae
2360 4175 2588 4245 largitio
2609 4176 2833 4230 firmior
2865 4177 3143 4231 habeatur
3180 4183 3236 4232 et
3269 4179 3337 4233 ab
3373 4181 3640 4235 omnibus
3680 4184 3825 4238 ﬁde-

2119 4265 2271 4319 libus
2308 4265 2518 4318 nostris
2548 4266 2736 4318 verius
2765 4265 3031 4320 credatur
3085 4270 3141 4320 et
3204 4267 3539 4338 diligentius
3588 4287 3827 4328 conser-

2121 4359 2306 4422 vetur,
2334 4369 2507 4408 manu
2553 4355 2790 4425 propria
2837 4358 3030 4408 nostra
3085 4354 3282 4409 subter
3334 4373 3459 4412 eam
3514 4361 3826 4416 conﬁrma-

2119 4442 2325 4508 vimus,
2359 4447 2417 4496 et
2465 4443 2652 4514 sigillo
2704 4446 2898 4496 nostro
2956 4442 3196 4512 sigillari
3246 4444 3545 4514 jussimus.
3586 4449 3644 4502 Si
3690 4452 3825 4521 quis

2119 4531 2303 4595 dictae,
2337 4530 2487 4602 quod
2522 4531 2696 4585 absit!
2729 4531 2862 4584 huic
2905 4536 3112 4585 nostra;
3158 4535 3440 4588 sanctioni
3494 4541 3825 4594 contrarius

2117 4619 2415 4686 exstiterit,
2466 4623 2522 4673 et
2561 4635 2689 4689 quas
2735 4619 3074 4673 donavimus
3105 4619 3420 4691 abstulerit,
3470 4625 3558 4678 vel
3612 4627 3822 4683 fraude

2115 4708 2306 4778 aliqua
2335 4709 2662 4772 detraxerit,
2692 4708 2852 4762 Judze
2883 4709 3187 4779 proditoris
3217 4726 3469 4779 consors,
3519 4713 3630 4768 nisi
3681 4718 3820 4771 resi-

2111 4797 2312 4867 piscat,
2343 4796 2473 4866 igne
2505 4796 2928 4866 inextinguibili
2953 4798 3364 4867 perpetualiter
3386 4801 3602 4857 ardeat.

2184 4887 2411 4952 Signum
2442 4885 2627 4938 domni
2653 4887 2897 4939 Heinrici
2926 4889 3072 4953 regis
3101 4889 3470 4943 invictissimi.

2183 4973 2540 5027 Eberhardus
2571 4973 2714 5042 (l52)
2744 4973 2981 5056 cancell.
3006 4974 3126 5028 vice
3151 4976 3434 5047 Willegisi
3477 4984 3817 5052 recognovi.

2111 5061 2250 5115 Data
2305 5062 2393 5116 Kl.
2435 5062 2597 5126 Nov.,
2635 5060 2844 5116 indict.
2889 5078 2944 5129 v,
2977 5079 3128 5116 anno
3171 5063 3363 5119 Dnicaa
3396 5065 3612 5122 incarn.
3648 5071 3816 5137 l007,

2110 5165 2258 5203 anno
2289 5165 2332 5204 II
2368 5151 2513 5220 (153)
2537 5149 2734 5204 domui
2753 5151 3023 5206 Hammer.

2839 5255 3060 5310 XXXVI.

2107 5340 2353 5410 Diploma
2403 5342 2460 5397 S.
2541 5343 2764 5397 Henrici
2824 5343 2878 5396 11
2940 5345 3307 5412 imperatoris,
3368 5362 3471 5413 quo
3555 5350 3815 5407 Ecclesiae

2104 5447 2396 5526 gobardia,
2447 5453 2783 5526 numeratus
2821 5447 2900 5526 ab
2945 5465 3127 5526 _anno
3181 5449 3400 5520 vulgari
3465 5451 3622 5518 1004,
3695 5471 3814 5526 quo

2111 5521 2174 5573 14
2206 5521 2335 5574 Maii
2365 5526 2667 5573 coronatus
2709 5525 2793 5573 est
2820 5519 3032 5590 Papiae.
