3938 6308
127 295 226 347 273

190 417 623 485 metropolitanae
685 419 1057 473 Cumeracensi

189 488 419 556 ejusque
495 489 887 542 successoribus
970 490 1137 545 donat
1195 496 1509 546 comitatum
1562 488 1818 548 (famafa-

187 574 397 612 causam
404 599 416 611 .

763 648 950 714 (Anno
998 650 1177 719 1007.)

413 736 573 801 [Gott
619 737 818 793 Christ.
862 737 961 801 Ill,
1019 741 1299 806 instram,
1340 756 1400 809 p.
1452 740 1524 811 tj.

191 822 494 877 HEINRICUS
536 824 728 877 divina
757 825 1062 879 clementia
1088 827 1314 880 favente
1343 844 1460 882 rex.

187 930 477 985 Omnibus
532 932 794 985 ﬁdelibus
827 937 1029 986 notum
1079 933 1204 987 ﬁeri
1256 935 1522 989 volumus
1573 936 1820 1007 qualiter

122 1034 244 1081 nos,
276 1024 396 1072 tam
428 1019 636 1073 animae
694 1027 905 1074 nostra:
950 1023 1218 1076 consultu
1272 1039 1445 1094 quam
1480 1025 1816 1078 venerabilis

123 1106 410 1159 Heriberti
449 1108 860 1179 archiepiscopi
907 1110 1261 1163 Coloniensis
1319 1110 1671 1177 interventu,
1721 1115 1816 1166 Ca-

121 1193 439 1247 meracensi
471 1195 748 1259 Ecclesia,
796 1196 853 1248 in
905 1196 1121 1249 honore
1150 1196 1207 1249 S.
1245 1197 1429 1251 Mariae
1460 1203 1812 1265 constructae,

120 1281 458 1335 comitatum
527 1284 988 1337 Cameracensem
1048 1284 1152 1337 hac
1205 1297 1415 1338 nostra:
1466 1287 1817 1341 auctoritatis

120 1371 453 1439 praeceptali
482 1372 693 1440 pagina
722 1371 782 1424 in
810 1372 1109 1442 proprium
1162 1373 1499 1427 donavimus
1548 1391 1559 1428 :
1614 1376 1813 1445 praeci-

116 1460 341 1528 pientes
372 1464 435 1512 ut
480 1460 793 1528 przelibataa
824 1461 971 1514 sedis
1005 1461 1271 1515 Erluinus
1322 1464 1643 1534 episcopus,
1698 1465 1815 1517 sui-

118 1563 227 1616 que
276 1564 626 1601 successores
650 1548 888 1603 liberam
920 1550 1127 1604 dehinc
1157 1551 1406 1604 habeant
1452 1557 1814 1621 potestatem,

117 1635 389 1689 eumdem
420 1636 758 1691 comitatum
804 1638 865 1691 in
917 1655 1081 1694 usum
1147 1641 1408 1694 Ecclesiae
1475 1642 1816 1711 supradictus

118 1724 378 1783 tenendi,
427 1724 697 1779 comitem
743 1724 1012 1795 eligendi,
1083 1728 1301 1782 bannos
1359 1728 1631 1793 habendi,
1718 1746 1815 1783 seu

120 1811 402 1881 quidquid
430 1813 536 1866 sibi
565 1813 756 1880 libeat,
822 1815 1003 1869 modis
1049 1816 1314 1869 omnibus
1369 1816 1503 1869 inde
1546 1817 1813 1872 faciendi.

191 1902 423 1966 Signum
444 1902 654 1955 domini
682 1904 903 1956 chrici
935 1907 1078 1970 regis
1110 1907 1478 1959 invictissimi.

191 1989 557 2043 Eberhardus
600 1991 995 2058 cancellarius,
1051 1993 1170 2046 vice
1227 1992 1499 2064 Willegisi
1555 1994 1815 2048 archica-

124 2078 360 2148 pellani,
394 2080 744 2148 recognovit.

196 2167 339 2219 Data
390 2182 444 2218 x1
502 2167 783 2220 Kalendas
833 2168 1191 2237 Novembris,
1235 2169 1547 2224 indictione
1579 2188 1633 2238 v,
1666 2188 1817 2225 anno

130 2256 283 2321 1007,
338 2254 559 2308 domini
640 2256 865 2309 Henrici
943 2258 1177 2310 secundi
1241 2258 1392 2327 regis
1475 2275 1547 2311 γι.
1614 2264 1816 2312 Actum

125 2343 578 2413 Aquisgranensi
604 2344 837 2414 palatio.

850 2451 1090 2504 XXXVII.

189 2537 412 2589 Litterae
431 2538 487 2591 S.
519 2539 741 2591 Henrici
767 2538 832 2591 de
850 2544 1019 2592 erecto
1048 2539 1116 2592 ab
1145 2555 1200 2592 se
1228 2543 1539 2608 episcopatu

774 2611 1177 2676 Bumbergensi.

763 2699 951 2766 (Anno
995 2701 1175 2764 1007.)

433 2782 739 2855 [Ludcwig,
773 2787 973 2855 Script.
1005 2802 1114 2842 rer.
1151 2788 1349 2853 Germ.,
1382 2790 1530 2857 282.,t

193 2891 494 2943 [leuamus
575 2890 766 2943 divina
822 2892 1249 2960 praeordinante
1335 2893 1639 2947 clementia
1695 2910 1813 2955 rex,

122 2978 394 3033 omnibus
425 2978 685 3032 Ecclesiae
736 2979 869 3033 ﬁliis
914 2984 1033 3033 tam
1085 2980 1290 3034 futuris
1338 2998 1511 3052 quam
1567 2998 1816 3052 prtesen-
1850 2982 1889 3036 C

122 3068 298 3120 tibus.

190 3154 600 3210 Saluberrimis
650 3154 796 3208 sacri
854 3156 1067 3227 eloquii
1116 3154 1569 3212 inStitutionibus
1626 3159 1818 3213 erudi-

125 3261 254 3298 mur
285 3248 341 3297 et
390 3260 838 3314 praemonemur,
884 3250 968 3308 ut,
1017 3245 1357 3316 temporalia
1408 3247 1818 3318 relinquentes,

126 3334 278 3386 bona
323 3338 382 3386 et
409 3337 639 3385 terrena
669 3338 1079 3402 postponentes
1118 3333 1438 3396 commoda,
1495 3340 1711 3387 aeterna
1767 3338 1823 3387 et

123 3422 243 3475 sine
266 3421 381 3473 line
436 3436 707 3474 mansura
738 3420 797 3473 in
831 3421 984 3475 coelis
1039 3421 1373 3474 studeamus
1406 3421 1647 3491 adipisci
1685 3437 1819 3474 con-

126 3510 370 3564 sistoria.
414 3508 608 3563 Gloria
637 3509 790 3562 enim
834 3526 1087 3579 praesens
1118 3510 1359 3579 fugitiva
1416 3517 1501 3563 est
1556 3517 1613 3563 et
1647 3527 1815 3577 vana,

127 3599 264 3652 dum
296 3597 643 3667 possidetur,
677 3597 786 3650 nisi
834 3598 892 3651 in
924 3615 989 3651 ea
1019 3598 1231 3669 aliquid
1261 3599 1363 3667 ‘hde
1415 3600 1627 3652 caelesti
1659 3606 1823 3653 aster-

126 3688 303 3739 nitate
334 3685 640 3755 cogitetur.
675 3686 783 3740 Sed
837 3686 935 3739 Dei
984 3686 1274 3740 miseratio
1329 3686 1581 3739 humano
1620 3687 1821 3755 generi

128 3773 378 3844 providit
402 3773 748 3840 remedium,
781 3774 1012 3843 quando
1042 3779 1265 3843 partem
1296 3775 1538 3829 caelestis
1596 3775 1817 3844 patriae,

127 3868 369 3916 terrenae
409 3862 744 3915 substantia:
803 3862 936 3916 fecit
961 3878 1081 3917 esse
1137 3863 1408 3932 pretium.
1453 3863 1636 3932 Hujus
1685 3880 1819 3934 ergo

128 3967 230 4003 nos
252 3950 579 4003 clementiae
636 3967 752 4003 non
803 3950 1191 4016 immemores,
1226 3968 1332 4004 nec
1359 3951 1688 4020 ignorantes
1719 3968 1822 4005 nos

126 4037 380 4106 gratuito
410 4036 619 4089 divina:
662 4037 1044 4090 miserationis
1096 4044 1351 4107 respectu
1402 4038 1581 4106 regali
1631 4037 1820 4107 digni-

128 4131 237 4178 tate
280 4124 636 4189 sublimatos,
696 4140 1016 4194 congruum
1044 4142 1164 4179 esse
1190 4127 1453 4180 ducimus
1488 4143 1603 4179 non
1636 4127 1821 4179 solum

126 4212 391 4267 ecclesias
422 4212 492 4265 ab
522 4213 974 4267 antecessoribus
1020 4215 1230 4267 nostris
1286 4219 1640 4267 constructas
1693 4230 1821 4266 am—

132 4303 331 4371 pliare,
402 4300 497 4353 sed
546 4301 615 4354 ad
682 4301 959 4369 majorem
1017 4302 1255 4369 gloriam
1293 4303 1389 4355 Dei
1440 4318 1615 4355 novas
1683 4302 1819 4355 aedi-

130 4392 320 4453 ﬁcare,
371 4404 581 4459 easque
626 4388 947 4443 devotionis
1000 4396 1208 4443 nostra:
1266 4390 1427 4443 donis
1491 4390 1827 4460 gratissimis

129 4481 394 4534 exaltare.

198 4569 563 4636 Quapropter
594 4565 904 4620 Dominicis
935 4583 1049 4620 non
1082 4568 1319 4620 surdum
1368 4566 1623 4621 auditum
1676 4583 1828 4636 pra:-

130 4655 328 4709 bentes
367 4654 689 4723 praeceptis,
745 4661 802 4708 et
856 4654 1072 4708 deiticis
1137 4656 1584 4725 obtemperando
1641 4656 1828 4708 inten-

133 4746 330 4797 dentes
381 4742 762 4805 suasionibus,
795 4744 1092 4797 thesauros
1141 4744 1348 4797 divinae
1382 4743 1663 4813 largitatis
1698 4760 1829 4796 mu-

132 4830 425 4885 niﬁcentia
479 4831 645 4884 nobis
701 4832 939 4885 collatos
995 4832 1053 4885 in
1103 4834 1242 4886 coelo
1300 4833 1692 4887 desideramus
1740 4848 1828 4885 re-

133 4936 372 4990 ponere,
427 4920 527 4973 ubi
598 4935 783 4990 neque
829 4921 986 4974 fures
1043 4921 1323 4974 effodiunt
1375 4937 1481 4974 nec
1537 4921 1824 4987 furantur,

133 5025 319 5080 neque
345 5024 542 5076 aerugo
573 5010 657 5062 vel
693 5009 848 5062 tinea
886 5009 1213 5073 demolitur,
1266 5010 1365 5063 ubi
1412 5015 1469 5063 et
1520 5009 1658 5063 dum
1711 5026 1829 5061 om-

134 5099 227 5152 nia
255 5114 409 5151 nunc
435 5103 698 5165 congesta
729 5098 1053 5165 recolimus,
1087 5114 1186 5151 cor
1232 5104 1491 5152 nostrum
1551 5098 1830 5152 desiderio

136 5193 189 5241 et
220 5199 418 5241 amore
450 5186 658 5255 saepius
684 5191 960 5240 versetur.

205 5273 452 5330 Proinde
484 5279 677 5344 patere
706 5275 970 5329 volumus
1012 5275 1274 5329 omnium
1318 5276 1571 5329 ﬁdelium
1606 5276 1828 5329 univer-

139 5364 307 5429 sitati,
365 5363 520 5435 quod
572 5364 878 5433 quemdam
925 5369 1180 5433 paternae
1225 5363 1574 5418 haereditatis
1618 5369 1830 5418 nostrae

139 5454 348 5516 locum,
418 5451 745 5506 Babenberc
818 5453 1064 5517 dictum,
1125 5452 1185 5505 in
1233 5452 1427 5507 sedem
1492 5456 1550 5505 et
1600 5452 1830 5505 culmen

140 5542 501 5611 episcopatus
532 5541 913 5609 proveximus,
937 5546 994 5595 et
1018 5543 1291 5595 Romanae
1316 5541 1464 5595 sedis
1495 5540 1829 5593 auctoritate

1389 297 1786 354 DIPLOMATA
1828 299 1952 357 ECC
1963 298 2379 358 LESIASTICA.

1145 437 1207 475 ac
1257 422 1514 500 Heriuino
1572 426 1816 500 episcopo
1848 428 1891 479 Α
1932 426 2246 492 firmatum,
2301 429 2468 496 atque
2502 426 2839 480 venerabilis
2896 428 3119 481 Henrici
3172 429 3622 500 Wirzburgensis

3522 304 3623 357 274

1929 514 2181 583 episcOpi
2251 530 2558 578 consensu,
2645 520 2699 567 et
2780 516 3003 569 dilectae
3076 518 3333 585 conjugis
3411 526 3623 572 nostra:

1929 601 2333 671 Chunegundze
2389 604 2700 669 voluntate,
2762 621 2826 656 ac
2886 605 3007 672 pari
3063 606 3471 675 communique
3504 623 3621 660 om-

1929 689 2090 742 nium
2146 690 2329 744 nostri
2385 690 2664 755 ﬁdelium,
2700 696 2815 745 tam
2845 692 3407 762 archiepiscoporum
3440 712 3624 764 quam

1928 777 2354 847 episcoporum,
2407 778 2702 842 abbatum,
2754 795 2857 831 nec
2914 797 3030 833 non
3086 785 3142 833 et
3198 781 3403 835 ducem
3436 787 3489 834 et
3529 800 3622 834 co-

1927 865 2134 919 mitum
2194 868 2452 919 consulto
2496 867 2858 937 decretoque,
2892 868 2961 921 ad
3004 869 3180 921 totius
3233 870 3397 937 regni
3447 873 3622 922 nostri

1927 953 2367 1023 principumque
2398 954 2660 1007 concordi
2699 955 2998 1008 devotione
3026 956 3345 1023 laudatum,
3403 959 3471 1009 ad
3520 958 3620 1009 ho-

1926 1056 2122 1093 norem
2148 1041 2563 1110 omnipotentis
2599 1042 2715 1105 Dei,
2741 1048 2796 1095 et
2826 1044 3009 1096 beatae
3030 1045 3216 1097 Mario:
3251 1061 3479 1113 semper
3509 1046 3621 1097 vir-

1926 1127 2095 1199 ginis,
2128 1134 2185 1183 et
2218 1134 2542 1182 sanctorum
2576 1131 2964 1198 apostolorum
2998 1132 3150 1184 Petri
3208 1137 3264 1184 et
3308 1132 3489 1197 Pauli,
3523 1149 3625 1186 nec

1928 1232 2041 1268 non
2067 1224 2395 1270 sanctorum
2430 1216 2637 1270 Kiliani
2660 1223 2717 1271 et
2746 1219 2991 1288 Georgii,
3027 1220 3415 1289 fundavimus,
3438 1221 3618 1275 stabi-

1926 1303 2177 1370 livimus,
2211 1309 2266 1358 et
2292 1305 2807 1371 corroboravimus,
2874 1313 2936 1360 ut
2989 1307 3131 1361 inibi
3165 1314 3447 1373 nostrum,
3511 1324 3620 1377 pa-

1927 1398 2269 1464 rentumque
2305 1401 2655 1461 nostrorum,
2696 1399 2753 1447 et
2782 1394 3004 1449 Ottonis
3034 1395 3185 1448 tertii
3229 1396 3619 1466 imperatoris,

1927 1480 2192 1534 videlicet
2218 1482 2597 1535 autecessoris
2640 1483 2842 1547 nostri,
2901 1484 3120 1536 celebre
3172 1484 3451 1537 habeatur
3503 1501 3619 1537 me-

1930 1569 2183 1635 moriale,
2232 1575 2288 1623 et
2327 1570 2484 1641 jugis
2526 1588 2628 1641 pro
2669 1558 2936 1625 omnibus
2968 1572 3293 1625 orthodoxis
3342 1576 3623 1626 mactetur

1927 1658 2113 1712 hostia
2144 1659 2430 1712 salutaris.

1998 1781 2212 1836 Oblatis
2233 1781 2412 1850 igitur
2453 1783 2569 1835 Deo
2600 1781 2657 1836 in
2704 1783 2903 1836 eadem
2961 1782 3168 1836 dilecta
3223 1782 3390 1837 nobis
3435 1784 3621 1837 Eccle-

1925 1866 2030 1932 sia,
2064 1867 2134 1920 ad
2173 1868 2450 1921 honorem
2478 1872 2534 1920 et
2564 1867 2825 1921 decorem
2860 1868 3062 1921 domus
3098 1868 3217 1934 Dei,
3251 1884 3319 1922 ex
3375 1869 3622 1921 metallis

1926 1954 2328 2026 lapidibusque
2389 1956 2672 2026 pretiosis,
2730 1956 2792 2009 in
2848 1957 3035 2009 varios
3089 1972 3227 2009 usus
3287 1956 3616 2020 sanctuarii,

1925 2042 2069 2096 vasis
2098 2058 2199 2096 seu
2246 2042 2495 2096 vestibus
2552 2042 2793 2113 aliisque
2851 2042 3202 2095 ornamentis
3271 2042 3619 2095 ecclesiasti-

1924 2130 2022 2193 cis,
2084 2131 2431 2184 contulimus
2486 2135 2763 2200 praeterea
2813 2130 2882 2183 ad
2929 2146 3099 2199 supra
3146 2130 3352 2183 dictam
3426 2130 3618 2183 sedem

1926 2219 2306 2289 episcopalem
2360 2218 2594 2288 praedia,
2649 2218 2933 2283 ecclesias,
3009 2219 3178 2283 vicos,
3262 2218 3444 2283 villas,
3487 2234 3618 2271 cum

1925 2308 2194 2361 omnibus
2223 2307 2339 2360 suis
2368 2306 2732 2378 pertinentiis
2783 2306 2899 2359 sive
2953 2306 3399 2374 adheerentibus,
3461 2306 3619 2360 vide-

1924 2397 2058 2450 licet
2117 2396 2416 2465 utriusque
2503 2411 2670 2447 sexus
2730 2393 3050 2463 mancipiis,
3126 2394 3272 2448 areis
3346 2394 3619 2457 aediﬁciis,

1923 2485 2092 2538 terris
2122 2484 2285 2538 cultis
2314 2491 2371 2538 et
2436 2483 2682 2550 incultis,
2743 2483 2849 2536 viis
2916 2489 2972 2536 et
3027 2483 3216 2544 inviis,
3266 2483 3514 2536 exitibus
3566 2488 3621 2535 et

1924 2574 2220 2637 reditibus,
2277 2572 2531 2643 quazsitis
2579 2577 2636 2625 et
2681 2571 3061 2641 inquirendis,
3118 2571 3291 2637 silvis,
3372 2571 3615 2640 sagenis,

1926 2661 2343 2726 venationibus,
2421 2659 2617 2730 pratis,
2705 2658 2948 2729 pascuis,
3063 2658 3298 2728 campis,
3374 2659 3619 2725 forestis,

1924 2748 2278 2819 (praestariis)
2357 2746 2694 2814 forestariis,
2780 2746 3045 2813 cellariis,
3119 2745 3403 2812 censibus,
3452 2745 3618 2815 aquis

1923 2854 2272 2909 aquarumve
2328 2835 2678 2899 decursibus,
2744 2834 3113 2899 molendinis,
3185 2833 3494 2887 mobilibus
3564 2839 3620 2887 et

1928 2926 2317 2980 immobilibus
2364 2931 2420 2978 et
2470 2925 2689 2978 caateris
2745 2924 3034 2990 omnibus,
3065 2940 3240 2994 quam
3284 2924 3390 2976 rite
3451 2922 3622 2976 scribi

1930 3021 2030 3070 aut
2081 3014 2356 3084 appellari
2438 3017 2695 3083 possunt,
2772 3012 3205 3082 quomodolibet
3263 3010 3621 3077 utilitatibus,

1928 3103 2197 3174 praesenti
2247 3107 2454 3156 nostris
2524 3100 2891 3154 authoritatis
2943 3100 3124 3153 edicto
3174 3104 3486 3153 statuentes
3563 3107 3624 3153 ut

1928 3193 1985 3245 in
2020 3194 2134 3245 Deo
2169 3191 2332 3244 nobis
2376 3191 2615 3244 dilectus
2647 3206 2796 3259 saepe
2848 3189 3013 3243 dicta:
3085 3189 3237 3242 sedis
3299 3188 3621 3257 episcopus,

1934 3281 2314 3344 Eborhardus,
2350 3278 2553 3349 suique
2583 3294 2935 3330 successores
2988 3276 3229 3329 liberam
3276 3275 3481 3329 dehinc
3523 3278 3624 3330 ha-

1929 3370 2103 3422 beant
2161 3372 2526 3437 potestatem,
2586 3367 2783 3419 eadem
2856 3366 3185 3434 prmscripta
3263 3364 3433 3425 bona,
3494 3380 3621 3417 cum

1929 3456 2194 3511 omnibus
2220 3454 2575 3524 appendiciis
2631 3454 2748 3506 suis
2803 3452 3058 3516 tenendi,
3120 3450 3473 3521 possidendi,
3522 3467 3624 3504 seu

1929 3546 1987 3598 in
2022 3543 2306 3614 quoslibet
2329 3559 2464 3595 usus
2498 3541 2857 3611 episcopatus
2891 3538 3251 3592 convertendi
3280 3556 3292 3603 ;
3357 3538 3625 3592 fratribus

1930 3640 2120 3686 autem
2153 3630 2437 3684 canonicis
2469 3631 2584 3682 Deo
2626 3629 2843 3682 ibidem
2894 3626 3324 3684 famulantibus.
3358 3625 3424 3679 ad
3483 3642 3621 3696 quo-

1930 3722 2145 3775 tidiana
2190 3718 2523 3789 temporalis
2556 3718 2688 3771 vitae
2736 3717 3009 3781 subsidia,
3040 3715 3451 3785 possessiones,
3483 3730 3625 3784 quas

1930 3808 2287 3873 tradidimus,
2362 3812 2555 3860 nostra
2625 3804 2913 3874 imperiali
2971 3804 3302 3857 auctoritate
3359 3802 3622 3872 proprie-

1930 3898 2101 3952 tative
2160 3896 2501 3967 possidenda
2580 3896 3010 3960 confirmamus,
3067 3909 3132 3945 ea
3216 3891 3481 3944 videlicet
3532 3905 3619 3943 ra-

1931 3987 2083 4040 tione
2126 3992 2188 4039 ut
2225 3985 2445 4054 prazfati
2506 3984 2783 4049 canonici,
2836 3988 2893 4035 et
2931 3998 3130 4035 eorum
3186 3998 3288 4050 per
3327 3980 3627 4034 successio-

1930 4090 2061 4127 nem
2095 4072 2399 4143 praepositi,
2436 4072 2677 4125 liberam
2729 4071 2957 4136 dehinc,
2994 4086 3123 4121 cum
3151 4069 3404 4137 ipsorum
3455 4084 3622 4121 cano-

1931 4163 2188 4215 nieorum
2247 4176 2522 4214 consensu
2569 4164 2624 4212 et
2669 4158 2929 4221 consilio,
2982 4162 3319 4225 potestatem
3380 4156 3628 4208 habeant

1854 4262 1894 4313 D
1935 4251 1995 4303 in
2030 4249 2295 4303 meliores
2353 4265 2484 4300 usus
2518 4245 2932 4308 commutandi,
2985 4242 3412 4313 augmentandi,
3468 4248 3524 4295 et
3553 4242 3625 4295 ad

1938 4338 2244 4401 utilitatem
2309 4352 2469 4387 suam
2506 4334 2918 4404 quoquomodo
2953 4332 3289 4400 redigendi;
3347 4335 3627 4401 quatenus

1938 4431 1992 4479 et
2016 4424 2147 4494 ipsi,
2190 4423 2366 4477 nostri
2412 4423 2658 4492 benigne
2688 4436 2971 4474 memores
3000 4420 3155 4488 apud
3184 4420 3382 4484 Deum,
3444 4435 3507 4470 ac
3535 4416 3626 4470 di—

1938 4511 2261 4566 lectissimus
2310 4509 2570 4579 conjugis
2623 4515 2836 4562 nostra:
2895 4513 3066 4577 atque
3123 4504 3404 4559 consortis
3436 4503 3621 4573 regni,

1938 4599 2365 4669 Chunegundae,
2424 4602 2844 4668 parentumque
2898 4602 3244 4660 nostrorum,
3298 4610 3456 4647 versa
3510 4592 3628 4644 vice

1936 4688 2228 4743 beneﬁciis
2284 4687 2497 4740 nostris
2555 4686 2651 4757 pia
2701 4693 2870 4757 atque
2938 4685 3165 4739 assidua
3222 4680 3627 4737 intercessione

1936 4776 2334 4848 respondeant.

2007 4920 2064 4976 Si
2116 4919 2243 4989 quis
2297 4921 2505 4979 autem,
2564 4917 2715 4986 quod
2746 4916 2915 4969 absit!
2978 4915 3149 4983 hujus
3192 4918 3403 4966 nostra;
3448 4910 3629 4964 muni-

1937 5008 2223 5063 ficentiam
2274 5004 2602 5059 donationis
2661 5010 2834 5072 atque
2891 5002 3243 5067 institutum,
3303 4998 3629 5068 apostolica:

1938 5099 2104 5163 sedis,
2134 5102 2191 5149 et
2220 5100 2304 5149 tot
2332 5093 2747 5147 venerabilium
2791 5094 3024 5145 Patrum
3060 5089 3400 5143 auctoritate
3438 5089 3627 5141 tirma-

1938 5195 2083 5251 tum,
2146 5185 2439 5239 destruere
2493 5198 2591 5234 seu
2651 5180 2865 5233 violare
2919 5178 3239 5240 tentaverit,
3294 5177 3353 5229 in
3403 5176 3493 5228 die
3543 5175 3630 5243 ju-

1938 5275 2068 5330 dicii
2097 5289 2289 5327 coram
2323 5271 2502 5326 oculis
2554 5270 2653 5324 Dei
2693 5272 2981 5322 tormento
3011 5264 3434 5333 inextinguibili
3465 5268 3629 5316 aeter-

1939 5365 2145 5418 naliter
2200 5363 2339 5416 luat.
2407 5360 2570 5424 Quod
2628 5375 2699 5413 ne
2759 5356 3002 5419 eveniat,
3081 5354 3179 5408 sed
3229 5354 3351 5406 haec
3400 5351 3629 5406 traditio

1941 5456 2109 5519 atque
2141 5451 2435 5505 decretum
2492 5449 2563 5503 ab
2607 5447 2877 5502 omnibus
2937 5443 3348 5514 perpetualiter
3385 5441 3627 5495 inviola-

1941 5540 2069 5593 bilis
2126 5542 2478 5608 permaneat,
2539 5538 2685 5591 hanc
2734 5537 2989 5589 chartam
3046 5533 3180 5587 inde
3247 5530 3629 5600 conscriptam
