3938 6314
284 335 386 388 275

1581 334 1635 387 8.
1681 333 1966 390 HENRICI
2005 335 2484 392 IMPERATORIS

3687 335 3792 387 270

280 474 459 514 manu
499 457 736 528 propria
762 455 1122 521 roborantes,
1171 455 1342 527 sigilli
1373 456 1552 510 nostri
1591 454 1973 526 impressione
2002 460 2048 514 Α
2087 457 2447 529 episcopatus
2509 455 2870 511 sublimanda
2952 455 3341 527 perveximus,
3399 459 3456 509 et
3531 456 3800 510 Romana

286 543 554 616 insigniri
568 543 872 615 jussimus.

995 631 1264 686 XXXVIII.

290 724 345 777 S.
383 723 642 775 Henricus
671 721 727 774 II
770 722 1066 789 imperator
1096 720 1360 785 benefacit
1413 720 1675 774 Thorensi
1705 722 1984 788 virginum

358 793 621 845 nobilium
671 793 1052 844 canonicarum
1109 792 1326 857 collegio
1385 792 1459 845 ad
1497 793 1722 858 Mosam,
1772 795 1985 860 petente

359 865 594 928 Notgero
614 862 924 915 Leodicensi
946 863 1211 929 episcopo.

928 951 1113 1015 (Anno
1168 951 1344 1017 1007.)

635 1035 900 1105 [Mireeus,
934 1037 1077 1107 Opp.
1119 1036 1352 1106 diplom.
1400 1038 1446 1104 Ι,
1497 1038 1648 1107 507.)

366 1127 429 1181 In
456 1124 687 1178 nomine
713 1130 921 1178 sanctae
967 1130 1024 1178 et
1075 1124 1386 1179 individua;
1433 1123 1748 1186 Trinitatis,
1776 1124 1989 1194 [Hamu-

296 1229 392 1267 cus
430 1211 620 1266 divina
648 1212 870 1266 favente
900 1212 1202 1266 clementia
1229 1228 1346 1266 rex.

369 1301 538 1356 Nobis
568 1301 931 1371 profuturum
961 1305 1016 1354 et
1065 1301 1137 1354 ad
1185 1301 1359 1354 vitam
1410 1305 1751 1371 praesentem
1781 1301 1989 1355 transi-

300 1389 568 1461 gendam,
605 1394 660 1444 et
690 1389 760 1444 ad
793 1389 1047 1443 futuram
1106 1388 1351 1442 feliciter
1379 1389 1750 1442 obtinendam
1801 1387 1988 1441 credi-

300 1495 429 1533 mus
451 1483 508 1532 et
534 1477 764 1543 scimus,
792 1476 860 1542 si,
883 1477 1198 1531 secundum
1217 1476 1478 1530 ﬁdelium
1506 1483 1837 1530 nostrorum
1862 1477 1990 1547 jus-

302 1575 387 1620 tas
417 1567 740 1635 petitiones,
800 1565 1206 1620 ecclesiasticas
1258 1565 1555 1619 facultates
1595 1570 1993 1636 augmentatas

304 1659 361 1709 et
389 1654 858 1725 augmentandas,
891 1652 1099 1724 regalis
1129 1652 1402 1724 praecepti
1453 1653 1775 1707 munimine
1834 1659 1996 1707 tuen-

308 1745 407 1798 das
435 1759 557 1796 esse
586 1742 1027 1796 ﬁrmaverimus.

378 1831 736 1900 Quapropter
773 1837 973 1884 notum
1006 1845 1156 1883 essse
1187 1830 1450 1883 volumus
1489 1828 1759 1883 omnibus
1788 1827 1996 1882 nostris

308 1919 594 1982 ﬁdelibus,
626 1925 744 1972 tam
777 1919 985 1972 futuris
1014 1935 1188 1989 quam
1245 1918 1642 1988 praesentibus,
1690 1918 1839 1988 quod
1894 1932 1997 1987 per

309 2006 777 2060 intercessionem
806 2006 1148 2060 venerabilis
1172 2006 1281 2058 viri
1336 2005 1588 2074 Notgeri,
1650 2005 1998 2075 Tungrensis

309 2112 410 2149 seu
468 2094 822 2149 Leodicensis
870 2095 1148 2164 episcopi,
1227 2094 1547 2147 Thornensi
1628 2093 1997 2160 monasterio,

308 2183 567 2254 ejusdem
615 2183 868 2253 episcopi
923 2182 1275 2252 episcopatui
1323 2183 1592 2251 subjecto,
1684 2187 2000 2236 mercatum

312 2271 570 2340 ejusdem
608 2270 734 2335 loci,
789 2270 1173 2336 teloniumlet
1225 2269 1545 2323 districtum
1599 2269 1998 2336 concessimus,

383 2359 622 2428 Insuper
654 2359 923 2413 Ecclesiae
980 2358 1050 2412 de
1106 2358 1358 2427 Brittezet
1380 2357 1713 2413 Chamaritte
1751 2369 1807 2411 et
1859 2359 2001 2411 Ave-

312 2451 445 2500 sate.
475 2451 730 2517 quasque
758 2446 912 2500 idem
935 2446 1256 2516 episcopus,
1290 2445 1350 2499 in
1371 2445 1882 2514 ampliﬁcationem
1913 2462 2003 2500 ec-

315 2533 640 2588 clesiastica:
665 2533 951 2588 facultatis
982 2539 1040 2588 et
1081 2533 1553 2604 aggregationem
1587 2533 2004 2587 remuneratio-

313 2622 404 2677 nis
433 2638 716 2692 supernaa,
767 2622 952 2676 eidem
999 2623 1349 2677 monasterio
1407 2621 1710 2690 concessit,
1753 2638 1856 2693 per
1910 2621 2006 2675 in—

315 2715 636 2765 terventum
669 2711 920 2778 ejusdem
949 2709 1362 2764 venerababilis
1393 2709 1664 2780 episcopi,
1707 2711 1778 2764 ad
1829 2709 2008 2781 perti-

315 2799 571 2852 nentiam
603 2798 738 2852 dicti
765 2798 1098 2852 monasterii
1137 2797 1490 2852 auctoritate
1533 2799 1714 2853 nostri
1768 2815 2007 2853 consen-

319 2903 413 2940 sus
434 2887 969 2956 assignavimus;et
1025 2887 1196 2955 hujus
1249 2886 1520 2956 praecepti
1585 2886 2006 2944 auctoritatem.

319 2977 384 3024 nt
409 2973 470 3026 in
502 2973 737 3027 nomine
765 2973 944 3043 ipsius
975 2973 1075 3044 qui
1114 2974 1277 3028 nobis
1331 2974 1701 3045 praecipiendi
1735 2975 2010 3029 concessit

319 3063 688 3128 potestatem,
718 3060 1038 3130 pleniorem
1069 3061 1322 3117 obtineat
1366 3062 1646 3131 vigorem,
1678 3068 1732 3116 et
1764 3079 1797 3116 a
1824 3064 2008 3118 ﬁdeli-

322 3147 429 3200 bus
485 3153 693 3201 sanctas
769 3148 868 3202 Dei
930 3149 1187 3202 Ecclesiae
1235 3166 1298 3202 ac
1351 3149 1560 3203 nostris
1624 3158 2010 3216 conservetur,

326 3251 484 3289 more
535 3240 962 3292 antecessorum
1021 3242 1370 3302 nostrorum,
1433 3244 1489 3291 et
1539 3255 1712 3292 manu
1783 3241 2015 3312 propria

326 3323 702 3390 ﬁrmavimus,
738 3328 794 3379 et
823 3325 1000 3396 sigilli
1028 3325 1210 3380 nostri
1240 3326 1619 3396 impressione
1648 3327 1862 3398 signari
1885 3331 2012 3400 jus-

326 3413 524 3467 simus.

394 3503 626 3567 Signum
671 3502 881 3556 domini
909 3505 1130 3557 Henrici
1149 3506 1293 3570 regis
1323 3505 1692 3559 invictissimi.

397 3589 727 3644 Heribertus
775 3589 1167 3655 cancellarius,
1209 3591 1327 3644 vice
1385 3591 1626 3663 Villigisi
1667 3592 2016 3664 archicapel-

326 3675 466 3744 lani,
490 3676 814 3747 recognovi.

400 3766 538 3818 Data
565 3781 620 3818 x1
663 3766 850 3818 Nonas
877 3765 1055 3830 Junii,
1122 3765 1437 3820 indictione
1467 3785 1518 3833 v,
1551 3785 1702 3822 anno
1760 3770 2018 3825 Domini-

327 3868 407 3905 cse
437 3851 843 3906 incarnationis
885 3853 1189 3907 millesimo
1235 3854 1499 3922 septimo,
1536 3857 1716 3924 |anno
1746 3873 1880 3912 vero
1911 3859 2018 3912 do-

327 3940 470 3994 mini
491 3940 720 3994 Henrici
741 3959 780 3996 II
803 3958 1114 4013 regnorum
1156 3943 1358 4014 quinto
1391 3945 1556 4014 (154).

397 4029 598 4080 Actum
627 4027 932 4098 Moguntiae
961 4028 1218 4083 feliciter.
1251 4031 1452 4083 Amcn.

1063 4118 1279 4172 XXXIX.

327 4205 589 4258 Henricus
644 4206 709 4259 II
770 4208 1066 4275 imperator
1102 4207 1268 4260 donat
1302 4206 1581 4262 abbatiam
1622 4211 2022 4277 Kitzingcnsem

715 4278 1204 4346 archiepiscopatui
1231 4278 1630 4344 Bambergensi.

967 4364 1156 4430 (Anno
1207 4365 1339 4415 1007
1354 4364 1384 4430 .)

542 4450 862 4521 [Ludewig.
903 4452 1112 4518 Script.
1147 4466 1251 4503 rer.
1289 4450 1488 4516 Germ,
1532 4469 1588 4522 p.
1627 4452 1807 4522 1112.]

400 4541 464 4592 In
511 4539 742 4606 nomine
770 4547 979 4593 sanctae
1010 4544 1066 4592 et
1113 4538 1427 4593 individuai
1455 4541 1766 4609 Trinitatis,
1803 4543 2022 4598 Hamm-

328 4643 420 4680 cus
448 4625 635 4680 divina
660 4627 885 4681 favente
918 4626 1220 4681 clementia
1266 4643 1381 4681 rex.

399 4714 800 4769 Saluberrimis
856 4714 1036 4784 igitur
1084 4717 1229 4769 sacri
1283 4717 1496 4788 eloquii
1564 4717 2020 4774 institutionibus

327 4803 626 4856 erudimur
645 4808 701 4856 et
729 4803 1108 4857 admonemur
1132 4808 1210 4871 ut,
1244 4805 1588 4876 temporalia
1631 4805 2021 4877 relinquentes

325 4891 500 4957 bona,
537 4895 593 4944 et
616 4895 844 4945 terrena
872 4896 1283 4961 postponentes
1306 4893 1629 4960 commoda,
1661 4898 1876 4948 aeterna
1896 4895 2019 4950 sine

326 4980 440 5034 ﬁne
473 4995 744 5033 mansura
770 4979 831 5032 in
856 4979 1012 5033 caelis
1072 4982 1402 5036 studeamus
1447 4981 1686 5051 adipisci
1734 4983 2020 5036 consisto-

323 5069 427 5124 ria.
461 5062 820 5139 Quapropter
845 5085 948 5122 nos
979 5068 1281 5124 dominicis
1312 5086 1429 5123 non
1483 5070 1722 5123 surdum
1760 5070 2019 5125 auditum

324 5157 647 5226 praebentes
671 5155 989 5226 praeceptis,
1017 5161 1074 5210 et
1096 5157 1311 5212 deiﬁcis
1339 5158 1791 5226 obtemperando
1837 5165 2020 5213 inten-

326 5244 523 5298 dentes
560 5243 947 5312 suasionibus,
980 5246 1286 5314 quemdam
1343 5248 1552 5298 nostrae
1596 5249 1853 5314 paternae
1901 5247 2018 5301 hee-

328 5331 582 5387 reditatis
602 5333 810 5397 locum,
825 5333 1131 5400 Babenberg
1153 5333 1390 5387 dictum.
1413 5331 1474 5384 in
1500 5332 1699 5386 sedem
1725 5338 1780 5387 et
1791 5335 2016 5391 culmen

401 5501 544 5568 (154)
577 5501 652 5554 Ex
681 5500 1102 5556 characteribus
1131 5498 1269 5554 anni
1299 5498 1470 5570 hujus
1491 5499 1821 5570 diplomatis
1851 5503 2016 5557 vide-

327 5573 422 5621 tur
443 5571 634 5640 colligi
663 5587 850 5642 posse,
885 5573 1193 5643 Notgerum
1237 5569 1568 5640 episcopum
1614 5573 2014 5629 Leodicensem

2089 548 2428 601 auctoritate
2471 550 2643 616 atque
2693 543 3035 598 venerabilis
3085 543 3313 599 Henrici
3344 543 3800 614 Wurciburgen-

2090 634 2166 688 sis
2186 635 2460 706 episcopi,
2512 650 2576 688 ac
2631 649 2776 704 puro
2827 631 3240 703 communique
3297 632 3559 686 omnium
3604 631 3794 685 nostri

2091 724 2373 790 ﬁdelium,
2407 729 2525 777 tam
2559 722 3120 793 archiepiscoporum
3154 737 3330 792 quam
3385 721 3795 792 episcoporum

2091 813 2499 883 abbatumque,
2553 827 2659 866 nec
2689 827 2803 865 non
2845 810 3053 864 ducum
3087 813 3144 862 et
3199 808 3472 862 comitum
3522 808 3799 862 consultu

2092 901 2455 970 decretoque,
2503 901 2560 953 in
2610 900 2832 952 honore
2865 903 3074 952 sanctaa
3121 898 3224 951 Dei
3277 896 3570 968 genitricis
3606 897 3802 952 Maria:

2093 992 2535 1057 sanctorumque
2565 988 2962 1058 apostolorum
3012 985 3165 1039 Petri
3213 989 3268 1039 et
3324 987 3508 1052 Pauli,
3539 1001 3646 1039 nec
3679 1001 3799 1039 non

2093 1081 2412 1147 martyrum
2444 1075 2658 1130 Kiliani
2689 1080 2744 1129 et
2773 1074 3019 1145 Georgii,
3047 1074 3424 1128 stabilivimus
3458 1080 3630 1145 atque
3678 1091 3808 1128 cor-

2094 1165 2512 1228 roboravimus,
2537 1171 2598 1218 ut
2637 1169 2692 1218 et
2727 1163 2873 1218 inibi
2896 1167 3157 1216 nostrum
3191 1169 3614 1234 parentumque
3665 1180 3805 1218 nos-

2094 1259 2318 1308 trorum
2348 1251 2446 1326 [et]
2477 1253 2700 1308 Ottonis
2726 1252 2970 1306 senioris
3001 1252 3200 1316 nostri,
3223 1251 3444 1306 celebre
3485 1252 3804 1306 haberetur

2099 1342 2450 1408 memoriale,
2488 1347 2545 1395 et
2563 1341 2718 1412 jugis
2748 1357 2852 1411 pro
2908 1340 3174 1393 omnibus
3223 1340 3550 1393 orthodoxis
3603 1340 3806 1394 hostia

2100 1435 2443 1485 mactaretur
2491 1430 2776 1484 salutaris.
2811 1430 3058 1484 Proinde
3091 1429 3316 1484 noverit
3378 1429 3638 1483 omnium
3672 1447 3806 1483 nos-

2099 1521 2174 1575 tri
2198 1520 2456 1573 ﬁdelium
2481 1523 2598 1574 tam
2650 1535 2902 1589 praesens
2933 1523 3072 1572 astas
3124 1535 3296 1588 quam
3355 1523 3411 1571 et
3466 1534 3806 1571 successura

2100 1607 2580 1679 posteritas,quia
2610 1623 2714 1660 nos
2747 1606 2927 1660 nostri
2964 1606 3259 1677 quondam
3303 1605 3450 1676 juris
3479 1605 3800 1669 abbatiam,

2104 1696 2432 1766 Kitzingum
2461 1696 2692 1758 dictam,
2733 1694 2793 1748 in
2825 1711 2972 1766 pago
3025 1694 3278 1749 Gotzfeld
3301 1694 3490 1758 sitam,
3523 1693 3596 1746 ad
3641 1709 3804 1747 eam-

2102 1785 2231 1839 dem
2265 1799 2440 1854 SUpra
2469 1784 2678 1838 dictam
2700 1783 3082 1853 episcopalem
3109 1784 3324 1849 sedem,
3359 1799 3484 1837 cum
3529 1782 3809 1836 omnibus

2104 1873 2229 1942 ejus
2257 1871 2619 1942 pertinentiis
2658 1872 2773 1925 sive
2803 1872 3186 1934 adhmrentiis,
3217 1871 3483 1926 videlicet
3525 1870 3808 1935 ecclesiis,

2107 1960 2609 2026 decimationibns,
2666 1960 2842 2022 silvis,
2895 1959 3317 2029 venationibus,
3368 1976 3468 2014 seu
3513 1959 3810 2023 omnibus,

2107 2065 2232 2120 quae
2263 2049 2522 2120 quolibet
2552 2049 2721 2103 modo
2755 2049 2866 2103 dici
2896 2049 2983 2103 vel
3036 2048 3206 2102 scribi
3239 2055 3499 2118 possunt,
3533 2048 3815 2102 utilitati—

2107 2138 2234 2204 bus,
2266 2137 2370 2192 hac
2393 2144 2604 2192 nostra:
2625 2137 2975 2191 auctoritatis
2994 2138 3320 2208 praeceptali
3351 2138 3579 2208 pagina,
3635 2142 3818 2207 prout

2110 2227 2333 2280 ﬁrmius
2346 2227 2970 2296 possumus,donamus
2995 2231 3165 2297 atque
3195 2225 3662 2296 proptrietamns,
3692 2241 3818 2278 om-

2112 2316 2275 2369 nium
2335 2314 2785 2368 contradictione
2849 2320 3088 2368 remota.
3167 2313 3568 2384 Prwcipientes
3629 2313 3816 2383 igitur

2114 2408 2174 2456 ut
2203 2402 2262 2455 in
2303 2402 2544 2456 Domino
2593 2403 2830 2457 dilectus
2864 2419 3012 2474 saepe
3045 2402 3211 2458 dictae
3259 2403 3410 2457 sedis
3447 2401 3816 2456 Eberhardus

2114 2491 2417 2561 episcopus
2446 2491 2685 2545 liberam
2741 2491 2949 2546 dehinc
3002 2491 3207 2545 habeat
3255 2497 3598 2563 potestatem
3659 2506 3818 2544 eam-

2115 2580 2245 2633 dem
2282 2579 2570 2633 abbatiam
2602 2596 2732 2633 cum
2764 2579 3030 2634 omnibus
3077 2581 3200 2649 ejus
3229 2580 3585 2651 appendiciis
3607 2585 3815 2633 tenen-

2116 2668 2194 2734 di,
2229 2667 2583 2737 possidendi,
2612 2685 2707 2722 seu
2742 2669 3026 2738 quidquid
3047 2669 3154 2723 sibi
3187 2670 3359 2723 libeat
3388 2669 3572 2723 modis
3615 2667 3814 2721 omni-

2118 2757 2223 2809 bus
2261 2755 2394 2809 inde
2453 2755 2718 2824 faciendi,
2747 2773 2810 2809 ac
2839 2756 2928 2810 sui
2959 2773 3298 2811 sucessores.
3338 2757 3395 2812 Si
3444 2757 3574 2826 quis
3608 2755 3815 2826 igitur,

2118 2845 2271 2916 quod
2312 2843 2486 2898 absit!
2519 2845 2690 2914 hujus
2724 2851 2931 2898 nostra:
2971 2845 3298 2899 donationis
3353 2845 3816 2898 muniﬁcentiam

2117 2933 2408 2987 destruere
2441 2933 2557 2986 sive
2587 2933 2802 2987 violare
2844 2939 3176 3003 praesumat,
3235 2934 3293 2986 in
3345 2933 3658 2987 novissimo
3727 2933 3821 2987 die

2043 3012 2083 3066 C
2121 3027 2407 3075 tormento
2439 3020 2866 3091 inextinguibili
2897 3039 3086 3076 coram
3111 3022 3290 3076 oculis
3322 3022 3420 3076 Dei
3469 3023 3614 3078 luat.
3654 3021 3821 3086 Quod

2121 3125 2192 3162 ne
2215 3109 2333 3178 ﬁat,
2374 3109 2470 3163 sed
2518 3110 2640 3163 haec
2671 3109 2902 3164 traditio
2952 3115 3149 3164 nostra
3205 3111 3273 3164 ab
3329 3110 3598 3164 omnibus
3631 3111 3824 3165 incor~

2123 3202 2290 3269 rupta
2335 3203 2686 3268 permaneat,
2748 3198 2893 3252 hanc
2945 3199 3200 3252 chartam
3248 3198 3379 3252 inde
3431 3199 3822 3270 conscriptam

2124 3302 2298 3340 manu
2323 3285 2557 3356 propria
2584 3285 2920 3340 roborantes
2972 3286 3145 3358 sigilli
3203 3287 3384 3340 nostri
3440 3285 3824 3357 impressione

2124 3374 2389 3444 insigniri
2415 3375 2712 3444 jussimus.

2193 3464 2336 3517 Data
2388 3464 2629 3520 Kalend.
2677 3464 2973 3532 Nevemb.,
3025 3463 3147 3519 ind.
3209 3480 3259 3531 v,
3294 3480 3446 3518 anno
3494 3465 3815 3520 Dominicaz

2126 3552 2594 3614 incarnat.1007,
2652 3569 2801 3606 anno
2848 3569 2982 3606 vero
3013 3553 3232 3607 domini
3286 3554 3512 3608 Henrici
3565 3555 3612 3608 Il
3666 3557 3819 3625 regis

2125 3657 2199 3695 v1.
2223 3644 2424 3695 Actum
2452 3641 2837 3695 Frankenfurt
2864 3641 3117 3696 feliciter.
3163 3644 3364 3696 Amen.

2129 3835 2398 3889 Fundatio
2470 3837 2693 3890 Henrici
2743 3838 2918 3890 sancti
2983 3839 3331 3904 imperatoris
3386 3851 3548 3906 super
3630 3838 3825 3902 [τω-ιιι,

2613 3923 2971 3990 Francofurti
2998 3927 3056 3978 in
3093 3927 3346 3979 comitiis.

2692 4011 2839 4080 (Kal.
2874 4012 3009 4065 Nov.
3075 4011 3253 4077 1007.)

2359 4098 2675 4170 [Ludewig,
2713 4101 2891 4169 Scrip.
2920 4116 3029 4154 rer.
3074 4101 3274 4167 Germ,
3313 4099 3592 4172 1281-82.]

2129 4185 2195 4240 In
2245 4186 2479 4241 nomine
2535 4192 2744 4241 sanctas
2829 4193 2887 4240 et
2936 4187 3240 4242 individua:
3311 4188 3624 4253 Trinitatis,
3680 4191 3826 4243 Hen-

2054 4292 2095 4345 ι)
2134 4291 2287 4330 meus
2317 4274 2508 4330 divina
2540 4277 2762 4330 favente
2789 4275 3093 4329 clementia
3129 4292 3248 4331 rex.

2200 4362 2602 4417 Saluberrimis
2662 4363 2839 4430 igitur
2886 4365 3029 4418 sacri
3087 4363 3302 4434 eloquii
3357 4363 3825 4421 institutionibus

2131 4451 2428 4505 erudimur
2487 4458 2544 4506 et
2574 4453 2954 4507 admonemur
2980 4459 3062 4521 ut,
3115 4454 3457 4523 temporalia
3485 4454 3822 4526 relinquen-

2130 4544 2216 4593 tes
2247 4540 2570 4607 commoda,
2598 4547 2809 4596 aeterna
2844 4548 2900 4597 et
2959 4543 3082 4596 sine
3103 4542 3218 4596 ﬁne
3249 4559 3520 4596 mansura
3547 4542 3609 4596 in
3662 4546 3824 4598 ccelis

2127 4628 2456 4682 studeamus
2498 4629 2739 4699 adipisci
2767 4630 3124 4685 consistoria.
3158 4631 3518 4701 Quapropter
3547 4647 3671 4700 nos,
3710 4634 3820 4688 Do-

2130 4717 2354 4772 minicis
2383 4734 2498 4772 non
2529 4719 2766 4773 surdum
2825 4719 3086 4774 auditum
3127 4719 3446 4788 praebentes
3492 4721 3821 4790 praeceptis,

2131 4811 2187 4860 et
2234 4805 2450 4860 deiﬁcis
2508 4807 2954 4877 obtemperando
3022 4807 3386 4862 intendentes
3431 4808 3822 4878 suasionibus,

2129 4895 2437 4964 quemdam
2494 4901 2706 4950 nostrae
2758 4901 3010 4967 paternae
3061 4896 3411 4950 hereditatis
3453 4897 3660 4964 locum,
3718 4901 3825 4954 Ba-

2129 4982 2356 5050 benberg
2376 4984 2610 5052 dictum,
2641 4984 2701 5038 in
2723 4985 2916 5039 sedem
2942 4989 2998 5039 et
3016 4986 3246 5039 culmen
3269 4985 3626 5057 episcopatus
3647 4987 3826 5042 subli-

2130 5071 2340 5124 mando
2397 5072 2781 5141 proveximus,
2815 5078 2870 5127 et
2922 5075 3183 5127 Romana
3233 5075 3594 5139 auctoritate,
3649 5078 3824 5146 atque

2127 5157 2466 5212 venerabilis
2493 5159 2718 5214 Henrici
2745 5160 3207 5231 Wurtburgensis
3224 5160 3480 5231 episcopi
3510 5178 3824 5231 consensu,

2126 5261 2190 5299 ac
2215 5247 2338 5317 pari
2369 5249 2779 5319 communique
2832 5249 3094 5304 omnium
3138 5249 3321 5304 nostri
3365 5250 3645 5310 ﬁdelium.
3700 5257 3822 5307 tam

2127 5335 2684 5407 archiepiscoporum
2725 5354 2896 5406 quam
2959 5338 3360 5409 episcoporum
3406 5339 3816 5411 abbatnmque.

2126 5521 2278 5559 anno
2301 5507 2533 5561 demum
2577 5509 2708 5562 1008
2748 5507 2978 5574 obiisse,
3010 5524 3124 5562 non
3156 5514 3346 5564 autem
3381 5512 3538 5576 1007,
3582 5519 3648 5566 ut
3698 5513 3817 5567 Bu-

2125 5576 2352 5630 cherius
2382 5583 2440 5631 et
2478 5577 2575 5631 alii
2601 5583 2932 5648 supputant.
