3938 6304
116 283 217 312 ·1τἺ

119 304 209 333 ,ιιι

1393 288 1788 347 DIPLOMATA
1830 294 2382 354 ECCLESIASTICA.

3522 314 3626 365 “278

120 417 219 455 nec
258 417 382 457 non
413 402 626 459 ducum
666 412 722 459 et
756 408 1034 462 comitum
1074 412 1333 464 consultu
1366 411 1730 484 decretoque,
1764 413 1823 469 in
1851 419 1896 470 Α
1935 425 2093 489 ptam
2125 438 2299 475 manu
2324 423 2556 493 propria
2584 424 2922 480 roborantes
2951 427 3124 498 sigilli
3154 431 3341 485 nostri
3380 431 3620 504 impres-

118 491 402 544 honorem
463 500 671 547 sanctae
723 494 822 548 Dei
852 497 1145 565 genitricis
1186 498 1394 564 Marize,
1458 508 1820 557 sanctorum-

116 594 227 648 que
249 582 649 650 apostolorum
672 583 821 636 Petri
855 591 909 636 et
933 585 1115 652 Pauli,
1139 602 1244 640 nec
1263 604 1374 641 non
1389 596 1708 659 martyrum
1733 590 1823 644 Ki-

116 668 259 720 liani
299 675 475 738 atque
505 670 755 739 Georgii,
812 672 1192 727 stabilivimus
1219 681 1275 729 et
1302 677 1819 745 corroboravimus,

116 762 181 809 ut
210 763 270 810 et
298 757 447 810 inibi
479 764 739 812 nostrum
791 766 1210 832 parentumque
1256 769 1604 831 nostrorum,
1631 772 1688 820 et
1718 768 1822 822 Ot-

118 844 273 896 tonis
332 845 490 899 tertii
550 843 825 915 videlicet,
894 848 1256 918 imperatoris
1338 855 1710 907 antecessoris
1769 861 1825 909 et

119 932 370 986 senioris
412 935 614 1001 nostri,
672 937 894 992 celebre
938 938 1175 991 haberet
1204 942 1538 996 memoriale
1569 949 1625 996 et
1669 944 1824 1013 jugis

116 1035 219 1088 pro
262 1021 536 1075 omnibus
566 1024 893 1077 orthodoxis
916 1025 1103 1078 hostia
1156 1034 1507 1080 mactaretur
1531 1030 1818 1084 salutaris.

122 1108 374 1162 Proinde
423 1110 651 1164 noverit
702 1112 961 1166 omnium
1019 1118 1350 1168 nostrorum
1389 1116 1648 1171 ﬁdelium
1704 1125 1822 1172 tam

120 1212 381 1264 praesens
436 1203 593 1263 mtas,
651 1215 823 1269 quam
878 1201 1051 1254 etiam
1104 1218 1430 1259 successura
1482 1206 1817 1273 posteritas,

121 1284 275 1353 quod
310 1301 416 1337 nos
437 1292 643 1340 nostra:
675 1289 964 1358 quondam
1016 1291 1383 1360 prOprietatis
1403 1294 1618 1362 locum,
1647 1296 1825 1349 Furth

121 1373 362 1439 dictum,
411 1374 473 1427 in
528 1391 674 1446 pago
713 1378 1036 1448 Nordgoau,
1081 1379 1140 1433 in
1199 1381 1467 1435 comitatu
1523 1384 1837 1454 Berengeri'

122 1461 351 1515 comitis
409 1463 607 1532 situm,
668 1466 740 1519 ad
787 1467 1140 1536 stipendium
1192 1470 1596 1525 canonicorum
1636 1472 1697 1526 in
1740 1490 1827 1526 ea-

121 1549 254 1602 dem
303 1552 635 1621 supradicta
688 1554 994 1625 episcopali
1056 1557 1186 1610 sede
1224 1559 1512 1612 ccenobice
1547 1562 1657 1614 Deo
1708 1578 1823 1615 ser-

120 1637 427 1702 vientium,
459 1657 572 1694 una
626 1658 753 1695 cum
799 1644 1065 1696 omnibus
1123 1648 1246 1713 ejus
1290 1647 1653 1716 pertinentiis
1711 1651 1823 1702 sive

121 1726 520 1796 adbmrentiis,
574 1731 840 1785 videlicet
897 1731 1031 1784 vicis
1102 1733 1273 1801 villis,
1323 1736 1594 1799 ecclesiis,
1646 1739 1824 1791 servis

124 1820 179 1867 et
205 1816 452 1882 ancillis,
504 1818 673 1885 areis,
733 1819 918 1882 terris,
954 1821 1120 1874 cultis
1170 1827 1225 1875 et
1286 1822 1533 1889 incultis,
1578 1826 1701 1890 viis,
1737 1827 1821 1878 in-

122 1903 249 1967 viis,
287 1904 540 1959 exitibus
571 1912 626 1960 et
673 1908 966 1972 reditibus,
1029 1910 1281 1980 quaesitis
1329 1915 1385 1964 et
1447 1912 1820 1982 inquirendis,

125 1993 319 2062 sylvis,
352 1994 676 2061 forestibus,
700 1997 933 2066 saginis,
960 1998 1377 2063 venationibus,
1410 2000 1593 2069 aquis,
1638 2002 1823 2071 pisca-

124 2082 400 2145 tionibus,
435 2084 623 2150 molis,
667 2085 1033 2150 molendinis,
1092 2085 1263 2138 rebus
1296 2085 1604 2140 mobilibus
1628 2093 1683 2141 et
1707 2088 1822 2140 im-

126 2170 461 2235 mobilibus,
497 2177 554 2225 et
606 2174 826 2226 caeteris
856 2173 1145 2239 omnibus,
1202 2190 1329 2244 quae
1358 2175 1463 2229 rite
1510 2176 1679 2229 scribi
1726 2180 1826 2229 aut

124 2259 407 2327 appellari
461 2265 717 2329 possunt,
774 2261 1029 2332 quolibet
1072 2263 1281 2329 modo,
1342 2263 1706 2323 utilitatibus,
1760 2280 1823 2317 ac

125 2353 321 2401 nostra
352 2349 710 2404 auctoritatis
739 2349 949 2421 pagina
979 2352 1327 2422 praeceptali,
1380 2356 1554 2422 prout
1580 2352 1823 2406 ﬁrmiter

125 2452 451 2505 possumus,
505 2438 786 2492 donamus
844 2442 1014 2510 atque
1058 2441 1501 2511 proprietamus,
1563 2441 1821 2494 omnium

126 2524 585 2579 contradictione
635 2532 874 2581 remota.
933 2529 1335 2598 Principientes
1385 2530 1564 2601 igitur
1616 2534 1681 2583 ut
1708 2530 1825 2583 dul-

125 2612 342 2666 cissimi
409 2612 471 2666 in
525 2614 745 2669 Christo
802 2616 1207 2683 Banbergenses
1261 2619 1462 2671 fratres
1496 2618 1696 2687 nostri,
1755 2635 1823 2671 ex

128 2706 322 2753 nostro
373 2701 505 2771 jure
584 2702 823 2756 liberam
909 2703 1116 2757 dehinc
1178 2705 1429 2759 habeant
1482 2711 1821 2775 potestatem

127 2788 397 2842 eumdem
428 2788 637 2855 locum,
698 2792 871 2845 Furth
921 2796 1338 2861 nuncupatum,
1396 2808 1524 2845 cum
1557 2793 1824 2847 omnibus

129 2875 477 2946 appenditiis
516 2876 866 2945 possidendi,
921 2879 1007 2932 vel
1073 2880 1243 2932 etiam
1294 2881 1402 2934 sibi
1457 2882 1822 2935 commodum

126 2963 453 3017 advocatum
482 2962 591 3033 ipsi
645 2964 767 3017 loco
818 2965 1144 3033 supradicto
1194 2982 1366 3035 super
1422 2966 1692 3035 eligendi,
1724 2982 1822 3019 seu
1855 2981 1894 3036 ρ

128 3050 415 3120 quidquid
447 3042 575 3104 illis
600 3052 790 3119 libeat,
854 3055 1037 3107 modis
1096 3054 1363 3108 omnibus
1416 3054 1476 3107 in
1510 3070 1675 3108 usum
1706 3071 1822 3108 coe-

129 3139 402 3194 nobitatze
435 3140 803 3194 fraternitatis
832 3142 1098 3195 faciendi.
1153 3141 1210 3195 Si
1260 3142 1387 3211 quis
1425 3142 1621 3211 igitur,
1668 3144 1822 3213 quod

130 3227 313 3282 absit!
359 3228 533 3298 hujus
588 3234 797 3283 nostrae
854 3230 1181 3283 donationis
1232 3229 1689 3284 muniﬁcentiam
1720 3230 1825 3284 de-

130 3321 350 3369 struere
373 3315 489 3369 sive
520 3316 727 3370 violare
768 3324 1096 3389 praesumat,
1153 3318 1213 3371 in
1268 3318 1359 3372 die
1402 3317 1605 3387 judicii
1634 3335 1824 3372 coram

130 3403 308 3457 oculis
339 3403 445 3457 Dei
472 3409 759 3459 tormento
800 3406 1227 3477 inextinguibili
1285 3405 1633 3460 seternaliter
1685 3407 1821 3460 luat.

131 3492 290 3555 Quod
322 3509 395 3546 ne
420 3493 663 3559 eveniat,
697 3495 791 3548 sed
849 3494 968 3548 haec
997 3494 1230 3548 traditio
1264 3498 1457 3548 nostra
1513 3494 1581 3548 ab
1637 3494 1824 3547 omni-

131 3581 234 3633 bus
260 3582 672 3651 perpetualiter
718 3582 1062 3637 inviolabilis
1118 3587 1473 3654 permaneat,
1530 3582 1675 3636 hanc
1704 3599 1825 3636 car-

134 3675 249 3722 tam
294 3668 428 3724 inde
485 3670 866 3741 conscriptam
932 3688 1107 3726 manu
1170 3671 1404 3742 propria
1464 3671 1823 3737 roborantes,

137 3765 309 3835 sigilli
344 3766 526 3820 nostri
547 3766 925 3836 impressione
956 3765 1537 3836 iusignirijussimus.

917 3856 1051 3911 XLI.

136 3945 250 3997 Rea:
303 3944 567 3996 Henricus
617 3945 667 3997 ll
731 3943 999 4011 quendam
1071 3958 1181 3996 sua:
1240 3943 1596 4010 proprietatis
1635 3941 1825 4005 locum,

211 4015 515 4081 Pferingun
571 4015 796 4076 dictum,
845 4016 902 4067 in
944 4030 1084 4081 pago
1141 4014 1511 4080 Chelesgouve,
1566 4015 1616 4064 et
1658 4015 1713 4062 in
1740 4027 1825 4064 co-

210 4086 409 4137 mitatu
437 4086 724 4155 Berengeri
742 4086 949 4138 comitis
979 4087 1163 4146 situm,
1204 4084 1278 4136 ad
1314 4083 1644 4151 stipendium
1677 4097 1831 4155 cano-

210 4157 461 4208 nicorum
489 4158 550 4208 in
583 4152 691 4223 apti
736 4155 858 4209 sede
892 4155 1323 4219 Babenbergensi
1362 4170 1395 4205 a
1423 4169 1477 4205 se
1505 4157 1677 4203 erecta
1719 4152 1829 4204 Deo

1931 506 2087 560 sione
2138 508 2417 577 jussimus
2472 510 2759 581 insigniri.
2831 515 3070 584 Insuper
3127 517 3449 587 Ratisponae
3506 525 3621 575 tres

1932 612 2089 649 areas
2124 596 2275 651 infra
2324 599 2527 653 urbem
2576 601 2739 670 juxta
2785 603 3130 671 Danubium,
3164 606 3303 659 duas
3356 608 3617 662 Brunne-

1929 684 2083 750 laite,
2115 686 2257 739 duas
2290 688 2656 757 Reginhusen
2706 690 2968 745 dedimus
3024 700 3080 746 et
3128 695 3532 750 conﬁrmamus
3562 698 3621 751 in

1930 790 2097 828 usum
2126 776 2365 830 fratrum
2403 778 2834 841 (canonicorum
2875 782 3195 851 Bamberg).

2000 864 2228 929 Signum
2286 865 2467 919 damni
2524 869 2767 922 Heinrici
2829 874 2970 935 regis
3001 872 3364 926 invictissimi.
3415 873 3620 943 (Mono-

1930 952 2221 1014 gramma.)

2002 1036 2363 1091 Eberhardus
2414 1040 2783 1094 cancellarius
2850 1041 2966 1094 vice
3040 1043 3297 1113 Willigisi
3372 1046 3621 1099 archica~

1932 1125 2146 1193 pellani
2163 1128 2484 1197 recognovi.

2000 1213 2144 1267 Data
2171 1214 2290 1269 Kal.
2337 1216 2499 1282 Nov.,
2543 1217 2849 1271 indictione
2890 1235 2940 1282 v,
2991 1235 3140 1272 anno
3192 1220 3501 1275 Dominicm
3534 1222 3620 1275 in-

1931 1303 2280 1356 carnationis
2340 1306 2491 1367 1007,
2548 1321 2698 1358 anno
2755 1323 2887 1360 vero
2970 1307 3168 1361 domui
3237 1310 3486 1363 Heinrici
3533 1327 3619 1364 se-

1933 1392 2105 1445 cundi
2136 1394 2429 1462 regnantis
2460 1400 2635 1448 sexto.
2670 1399 2869 1448 Actum
2930 1396 3351 1451 Frankonofurt
3383 1398 3622 1451 feliciter

1932 1484 2131 1534 Amen.

2697 1553 2851 1607 XLII.

1931 1642 2046 1693 Rea:
2101 1642 2360 1694 Henricus
2400 1642 2677 1695 abbati/1m
2706 1645 2795 1695 sui
2841 1643 2987 1707 juris
3026 1659 3119 1696 seu
3174 1650 3401 1697 veterem
3432 1645 3616 1713 capel-

2004 1713 2207 1834 lamtin
2248 1715 2532 1780 proprium
2591 1713 2688 1766 dat
2723 1716 2973 1768 Ecclesia:
3020 1715 3447 1783 Babenbergensi
3492 1731 3527 1769 a
3568 1732 3622 1769 se

2004 1798 2116 1834 erec
2142 1797 2205 1834 ae.

2003 1797 2205 1835 creatae.

2585 1854 2770 1922 (Anno
2798 1854 2973 1922 1008.)

2453 1940 2639 2013 [Ried,
2675 1943 2812 1996 ibid.
2850 1960 2902 2011 p.
2950 1942 3095 2007 126.;

2003 2029 2061 2084 C.
2120 2031 2182 2084 In
2242 2029 2474 2082 nomine
2547 2037 2756 2084 sancta:
2808 2036 2864 2084 et
2941 2031 3251 2086 individua:
3304 2032 3616 2099 Trinitatis,

1935 2118 2228 2172 ﬂammeus
2258 2117 2451 2171 divina
2470 2118 2691 2171 favente
2719 2119 3021 2173 clementia
3051 2137 3166 2174 rex.

2006 2206 2220 2260 Divinis
2294 2211 2349 2260 et
2427 2207 2770 2260 salutaribus
2831 2223 3120 2262 sacrarum
3197 2209 3619 2279 Scripturarum

1932 2295 2312 2349 admonemur
2367 2295 2721 2349 documentis
2778 2300 2833 2349 et
2899 2297 3197 2351 erudimur
3247 2304 3309 2351 ut
3360 2297 3623 2352 ecclesias

1937 2383 2034 2437 Dei
2059 2400 2189 2437 cum
2218 2385 2379 2454 larga
2434 2384 2817 2438 benivolentia
2877 2385 3144 2447 ditemus,
3176 2392 3231 2439 et
3277 2401 3503 2440 summa
3531 2386 3623 2441 de-

1934 2475 2162 2528 votione
2196 2471 2548 2542 amplificare
2577 2488 2696 2526 non
2743 2489 3046 2527 cessemus.
3102 2474 3349 2528 Proinde
3399 2475 3624 2528 noverit

1934 2563 2195 2616 omnium
2235 2559 2441 2615 Christi
2488 2560 2782 2630 nostrique
2820 2560 3075 2614 fidelium
3131 2561 3431 2626 industria,
3487 2561 3620 2632 quia

1933 2668 2033 2704 nos
2084 2665 2187 2719 per
2235 2649 2620 2701 interventum
2661 2653 2869 2701 nostra:
2927 2648 3311 2702 dilectissima:
3358 2649 3621 2719 conjugis

1933 2737 2329 2808 Chunigundaa
2394 2736 2680 2807 quandam
2736 2736 2916 2789 nostri
2959 2736 3109 2805 juris
3174 2737 3451 2807 capellam
3504 2738 3620 2791 sive

1932 2824 2415 2894 abbatiam,infra
2445 2825 2643 2878 urbem
2703 2824 3099 2893 Radesponam
3130 2824 3189 2878 in
3237 2840 3386 2895 pago
3435 2826 3624 2879 Tuon-

1932 2931 2174 2986 ocgowe,
2234 2919 2285 2967 et
2346 2913 2405 2967 in
2457 2912 2730 2966 comitatu
2771 2913 3089 2982 Ruodperti
3139 2914 3365 2967 comitis
3428 2912 3618 2977 sitam,

1931 3004 2138 3055 sancta:
2201 2996 2656 3067 Babenbergensi
2717 2996 2967 3051 ecclesias
3022 2998 3081 3050 in
3125 2997 3407 3051 honorem
3471 2998 3622 3051 beati

1933 3089 2083 3143 Petri
2112 3086 2389 3158 principis
2445 3088 2833 3156 apostolorum
2871 3093 2929 3140 et
2968 3086 3148 3140 sancti
3202 3085 3429 3157 Georgii
3471 3102 3622 3140 mar-

1933 3177 2071 3247 tyris
2095 3180 2454 3240 consecratae,
2514 3190 2643 3227 cum
2691 3174 2959 3229 omnibus
3014 3175 3383 3246 appenditiis,
3411 3174 3624 3228 scilicet

1933 3265 2239 3319 exitibuset
2259 3263 2558 3328 reditibus,
2605 3263 2772 3315 terris
2826 3262 2991 3315 cultis
3016 3268 3071 3315 et
3116 3262 3365 3328 incultis,
3412 3274 3619 3317 etcum

1934 3353 2199 3407 omnibus
2232 3351 2574 3405 utilitatibus
2599 3367 2724 3421 quae
2757 3351 2875 3403 ullo
2928 3351 3097 3404 modo
3150 3357 3246 3404 aut
3302 3350 3471 3403 scribi
3526 3355 3624 3403 aut

1933 3440 2218 3497 nominari
2262 3443 2522 3509 possunt,
2561 3454 2786 3491 summa
2840 3441 2896 3491 et
2940 3437 3165 3491 liberali
3209 3438 3510 3492 devotione
3562 3437 3621 3489 in

1934 3529 2231 3602 proprium
2263 3529 2561 3591 donamus,
2589 3542 2652 3579 ea
2677 3525 2937 3579 videlicet
2967 3526 3297 3579 conditione
3338 3530 3623 3595 quatenus

1934 3616 2192 3687 ejusdem
2236 3613 2576 3683 supradictas
2632 3612 2882 3666 ecclesiae
2934 3611 3421 3683 Babenbergensis
3450 3628 3620 3666 vene-

1936 3707 2129 3761 rabilis
2191 3704 2490 3774 episcopus
2552 3701 2936 3767 Eberhardus,
2993 3700 3197 3770 suique
3254 3715 3620 3763 successores,

1934 3796 2199 3863 deinceps
2222 3794 2461 3846 liberam
2492 3790 2693 3844 exinde
2750 3789 2998 3844 habeant
3047 3793 3390 3859 potestatem
3423 3794 3623 3843 tenen-

1938 3885 2016 3950 di,
2049 3881 2398 3953 possidendi,
2442 3884 2498 3934 et
2553 3878 2830 3949 quidquid
2878 3878 2947 3932 ad
2991 3894 3157 3931 usum
3201 3877 3490 3948 praedictae
3536 3894 3623 3930 ec-

1937 3972 2125 4027 clesia:
2200 3972 2482 4039 pertineat
2538 3966 2798 4031 faciendi,
2857 3966 3121 4019 omnium
3177 3965 3627 4019 contradictione

1939 4064 2178 4114 remota.
2220 4059 2283 4111 Et
2343 4062 2405 4109 ut
2460 4055 2632 4121 hujus
2688 4060 2896 4108 nostrae
2950 4054 3277 4108 donationis
3324 4055 3628 4107 auctoritas

1940 4147 2155 4202 stabilis
2189 4153 2245 4199 et
2286 4144 2619 4198 inconvulsa
2669 4147 3024 4213 permaneat,
3080 4146 3429 4211 praeceptum
3478 4141 3625 4194 istud

210 4228 577 4316 εθζρίεηείξιξζῖ,
614 4242 731 4316 una
748 4226 1133 4316 qqm‘omfnjbus
1159 4226 1276 4316 ξξιβε
1319 4224 1827 4316 Ρξνίξηθζξξίίδξξξξςλ
1866 4264 1906 4316 D
1941 4238 2076 4289 inde
2124 4234 2511 4302 conscriptum
2569 4230 2803 4302 propria
2851 4247 3026 4283 manu
3062 4230 3516 4292 corroborantes,
3550 4230 3629 4281 si—

211 4296 587 4359 adhaerentiis,
635 4296 882 4350 videlicet
922 4299 1079 4361 vicis,
1111 4297 1279 4357 villis,
1332 4295 1613 4357 Ecclesiis,
1659 4296 1827 4345 servis

212 4372 265 4419 et
300 4368 538 4425 ancillis.
581 4370 745 4429 areis,
803 4367 1049 4435 (adiﬁciis
1118 4368 1276 4418 terris
1306 4366 1464 4418 cultis
1506 4369 1554 4417 et
1610 4364 1828 4435 incultis

212 4440 338 4501 viis,
391 4439 575 4503 inviis,
636 4438 873 4490 exitibus
912 4434 983 4489 et
1013 4436 1299 4496 reditibus,
1347 4436 1588 4501 quasitis
1634 4434 1714 4486 vel
1744 4435 1831 4485 in-

214 4507 517 4577 quirendis.
588 4509 766 4571 silvis,
824 4507 1137 4573 forestibus,
1166 4508 1397 4577 saginis,
1427 4503 1821 4567 venationibus,

213 4576 396 4648 aquis,
428 4579 837 4646 piscatzonibus,
894 4579 1071 4641 molis,
1108 4576 1450 4638 molendinis,
1507 4576 1666 4648 rebus
1720 4589 1832 4626 mo-

215 4646 417 4703 bilibus
480 4649 949 4725 etimmobilibus,
1015 4663 1082 4725 ac
1133 4649 1337 4725 cwteris
1393 4646 1658 4725 omnibus,
1717 4660 1835 4725 quae

212 4724 320 4775 rite
377 4720 547 4773 scribi
599 4725 698 4774 aut
753 4721 1023 4787 appellari
1046 4723 1271 4786 possunt
1294 4718 1481 4785 quovis
1518 4716 1695 4781 modo,
1724 4717 1834 4787 uti-

217 4792 469 4847 litatibus
515 4790 681 4867 donat
728 4785 889 4859 atque
927 4785 1258 4867 proprietat,
1284 4790 1519 4867 omnium
1561 4785 1843 4867 contradi-_

217 4867 390 4916 ctione
437 4866 659 4923 remota,
712 4876 775 4913 ea
846 4862 1056 4913 ratione
1136 4864 1195 4912 ut
1260 4859 1515 4927 praedicti
1596 4859 1841 4909 canonici

218 4934 448 4989 liberam
496 4931 687 4984 dehinc
738 4931 971 4984 habeant
1020 4934 1361 4998 potestatem,
1416 4928 1640 4981 eundem
1668 4927 1841 4980 locum

220 5006 524 5070 Pferingun
578 5018 699 5056 cum
745 5002 991 5055 omnibus
1036 4999 1376 5069 appenditiis
1428 5000 1542 5053 suis
1582 4998 1838 5070 tenendi.

217 5069 553 5145 pbssidendi,
606 5073 689 5145 uel
741 5074 905 5145 etiam
966 5071 1073 5145 sibi
1134 5070 1466 5145 commodum
1493 5069 1843 5145 advocatum

219 5139 384 5213 super
437 5144 544 5197 loco
592 5144 737 5196 dicto
785 5142 1038 5210 eligendi,
1090 5156 1182 5195 seu
1232 5139 1504 5209 quidquid
1545 5140 1657 5192 illis
1685 5139 1845 5191 libeat

222 5217 348 5270 inde
378 5213 639 5281 faciendi.

802 5285 988 5353 (Anno
1034 5281 1210 5351 1007.)

689 5371 875 5443 [Ried,
908 5372 1028 5425 ibid
1071 5388 1128 5442 p.
1166 5370 1313 5443 125.]

229 5466 297 5518 Ut
326 5464 453 5517 hac
484 5459 713 5516 traditio
753 5465 953 5515 nostra
1004 5459 1075 5513 ab
1118 5459 1387 5514 omnibus
1434 5455 1850 5527 perpetualiter

167 5550 507 5607 inviolabilis
545 5552 901 5619 permaneat,
950 5548 1097 5602 hanc
1139 5547 1395 5602 chartam
1434 5545 1567 5599 inde
1610 5544 1852 5599 conscri-

1939 4325 2062 4396 gilli
2094 4322 2273 4376 nostri
2305 4320 2683 4390 impressione
2717 4318 2996 4388 jussimus
3022 4316 3307 4387 insigniri.

2005 4414 2239 4477 Signum
2294 4410 2478 4463 damni
2530 4409 2773 4461 Heinrici
2834 4409 2978 4474 regis
3032 4406 3381 4460 invictissimi
3430 4405 3629 4474 (Mono-

1937 4498 2224 4568 gramma.)

2009 4587 2334 4643 Guntherus
2393 4583 2765 4638 cancellarius
2808 4584 2879 4638 ad
2919 4583 3100 4638 vicem
3146 4582 3411 4653 Willigisi
3457 4580 3636 4635 archi-

1940 4675 2219 4747 capellani
2248 4675 2577 4743 recognovi.

2016 4767 2154 4819 Data
2189 4763 2311 4816 Kal.
2343 4761 2518 4827 Junii,
2548 4760 2747 4814 indict.
2772 4779 2847 4823 vi,
2909 4778 3059 4816 anno
3102 4759 3411 4816 Dominicas
3451 4758 3637 4813 incar~

1943 4859 2059 4908 nat.
2094 4853 2249 4915 1008,
2273 4866 2424 4903 anno
2456 4864 2588 4903 vero
2636 4849 2836 4903 domui
2895 4849 3143 4906 Heinrici
3197 4848 3433 4903 secundi
3475 4861 3633 4915 regn.

1945 4959 2040 4997 vn.
2082 4943 2285 4994 Actum
2308 4937 2635 5008 Merseburg
2673 4937 2930 4991 feliciter.

2408 5027 2661 5093 Sigillum
2679 5028 2825 5081 intus
2839 5028 3178 5095 impressum.

2703 5133 2892 5187 XLIII.

1951 5228 2014 5280 S.
2070 5225 2287 5280 Henrici
2340 5227 2681 5292 praeceptum,
2734 5237 2830 5289 per
2879 5219 3025 5288 quod
3078 5220 3326 5275 Ecclesia
3394 5218 3642 5292 Worma-

2027 5299 2188 5351 tiensi
2230 5287 2484 5349 attribuit
2510 5287 2812 5362 'quidquid
2854 5287 3127 5346 Becelinus
3186 5303 3353 5343 comes
3404 5290 3464 5341 in
3493 5287 3643 5340 bene-

2026 5367 2211 5437 ﬁcium
2226 5366 2485 5435 possedit.

2619 5456 2801 5522 (Anno
2841 5451 3012 5518 l008.)

2139 5542 2472 5613 [Schannat,
2539 5540 2907 5612 Episcopatus
2956 5541 3224 5596 Wormat.
3269 5537 3337 5590 ll.
3394 5533 3507 5605 37.]
