3938 6316
267 281 374 332 279

1565 284 1622 338 S.
1664 282 1950 339 HENMCI
1988 281 2060 338 1M
2073 281 2467 338 PERATORIS

3677 283 3793 338 280

343 405 404 457 ln
450 402 686 458 nomine
741 406 949 459 sanctae
980 407 1036 458 et
1076 402 1386 482 individuus
1439 403 1753 473 Trinitatis,
1801 406 1966 460 HEIN-
1996 409 2044 461 A
2081 410 2138 460 et
2167 420 2272 475 per
2297 405 2634 459 descensum
2665 404 2930 460 Ratenzas
2961 418 3146 475 usque
3183 402 3244 457 in
3303 403 3542 458 ﬂuvium
3604 403 3784 466 Moin,

272 508 426 546 RICL‘S
465 491 658 546 divina
687 491 910 546 favente
941 493 1250 548 clementia
1282 509 1396 548 rex.

342 581 400 635 Si
459 581 842 636 Ecclesiarum
917 581 1018 635 Dei
1075 584 1198 636 loca
1257 583 1498 654 alicujus
1544 583 1968 638 commoditatis

273 668 626 724 incremento
675 669 978 723 meliorare
1033 671 1443 736 studuerimus,
1499 672 1665 726 nobis
1701 673 1811 726 hoc
1841 689 1970 742 pro-

272 758 442 812 ﬁcere
473 757 710 811 minime
740 758 1074 812 difﬁdimus.
1106 759 1466 830 Quapropter
1513 760 1776 814 omnium
1807 760 1969 815 Chri-

273 845 346 901 sti
369 845 647 913 lidelium,
668 846 1040 916 praesentium
1061 847 1276 901 scilicet
1301 853 1357 902 et
1376 847 1724 915 futurorum,
1749 851 1970 902 noverit

273 934 614 988 universitas
647 934 896 1004 qualiter
926 951 1049 999 nos,
1101 935 1172 988 ob
1211 935 1535 990 remedium
1579 937 1786 990 animas
1817 935 1971 989 tertii

274 1022 502 1078 Ottonis
556 1022 920 1092 imperatoris
975 1037 1078 1076 nec
1133 1039 1249 1076 non
1296 1028 1505 1077 nostra:
1550 1014 1970 1094 parentumque

273 1117 628 1176 nostrorum,
657 1125 757 1162 seu
790 1109 1171 1179 Cunigundm,
1217 1109 1599 1164 dilectissimus
1642 1111 1970 1164 contectalis

275 1203 482 1251 nostrae
570 1195 939 1267 ejusdemque
1017 1197 1364 1264 interventu,
1456 1204 1626 1267 atque
1688 1198 1969 1268 petitione

275 1287 584 1342 Burchardi
633 1285 973 1340 venerabilis
1051 1286 1327 1357 episcopi,
1390 1288 1794 1342 Wormaciensi
1853 1288 1970 1358 epi-

273 1375 464 1445 scopio
495 1381 554 1428 et
607 1374 889 1440 Ecclesiae,
943 1374 1004 1428 in
1063 1375 1344 1428 honorem
1405 1377 1585 1430 sancti
1646 1375 1799 1430 Petri
1831 1392 1971 1446 apo-

274 1465 554 1518 stolorum
614 1462 886 1532 principis
947 1468 1291 1516 constructae
1337 1479 1402 1516 ac
1460 1464 1754 1530 dedicatas,
1806 1464 1969 1534 quid-

275 1550 415 1618 quid
445 1549 738 1603 Becelinus
768 1565 956 1603 comes
998 1550 1059 1603 in
1103 1550 1448 1604 beneficium
1503 1552 1683 1605 nostri
1711 1568 1779 1606 ex
1807 1557 1970 1622 parte
2020 1540 2026 1546 ’

273 1639 548 1692 hactenus
595 1637 799 1691 habuit
845 1641 901 1691 et
930 1637 1134 1701 tenuit,
1168 1655 1300 1692 cum
1354 1639 1622 1693 omnibus
1676 1641 1801 1709 ejus
1840 1656 1967 1710 per-

275 1725 530 1778 tinentiis
573 1724 689 1779 sive
738 1725 1092 1796 appendiciis
1147 1727 1256 1790 vel,
1310 1743 1439 1797 quas
1491 1727 1749 1797 quolibet
1804 1728 1972 1782 modo

278 1812 389 1866 dici
415 1818 514 1866 aut
552 1813 722 1867 scribi
774 1821 1033 1884 possunt,
1087 1813 1448 1881 utilitatibus,
1499 1814 1675 1868 situm
1720 1815 1780 1869 in
1829 1832 1976 1886 pago

280 1901 574 1971 Laginahi,
611 1900 672 1954 in
697 1901 968 1955 comitatu
1017 1919 1150 1956 vero
1211 1902 1400 1957 Gerlai
1442 1904 1688 1968 comitis,
1729 1904 1833 1958 hac
1881 1921 1980 1957 no-

289 1995 404 2042 stra
449 1989 777 2059 praeceptali
845 1989 1056 2059 pagina
1103 1990 1326 2060 integre
1386 1990 1750 2044 concedimus
1806 1997 1977 2062 atque

289 2076 590 2147 largimur,
613 2093 678 2131 ac
707 2078 775 2132 de
807 2084 997 2131 nostro
1029 2078 1160 2148 jure
1184 2078 1243 2131 in
1265 2079 1387 2148 ejus
1418 2078 1514 2147 jus
1547 2085 1603 2133 et
1655 2079 1978 2133 dominium

290 2165 526 2218 omnino
583 2166 1087 2220 transfundimus:
1150 2183 1217 2220 ea
1285 2167 1548 2221 videlicet
1621 2169 1842 2222 ratione
1918 2174 1980 2222 ut

291 2252 652 2323 praescriptus
698 2253 1074 2320 Burchardus,
1109 2258 1316 2308 sanctae
1366 2255 1801 2309 Wormaciensis
1829 2255 1980 2308 sedis

291 2340 545 2404 antistes,
603 2341 674 2394 de
756 2341 1174 2410 praenominato
1229 2342 1450 2412 praedio
1499 2343 1735 2412 ejusque
1804 2344 1981 2412 perti-

291 2428 517 2490 nentiis,
549 2427 671 2499 ipse
700 2430 902 2499 suique
957 2446 1308 2484 successores
1339 2429 1544 2484 dehinc
1590 2431 1832 2485 liberam
1871 2432 1977 2485 ha-

289 2517 463 2571 beant
483 2522 823 2586 potestatem
875 2517 1142 2584 habendi,
1190 2517 1542 2588 possidendi,
1586 2519 1674 2572 vel
1704 2519 1982 2590 quidquid

291 2606 374 2660 eis
399 2605 626 2658 libitum
654 2605 827 2659 fuerit
874 2604 1137 2670 faciendi,
1189 2606 1348 2659 omni
1399 2606 1658 2660 omnium
1703 2607 1982 2662 contradi-

291 2693 475 2746 ctione
503 2698 743 2746 remota.
776 2695 843 2746 Et
866 2698 928 2746 ut
957 2692 1103 2746 hanc
1157 2700 1368 2748 nostra:
1423 2694 1749 2748 donationis
1788 2703 1982 2750 aucto-

291 2780 428 2834 ritas
459 2781 672 2835 stabilis
697 2786 752 2834 et
781 2781 1115 2835 inconvulsa
1145 2782 1304 2836 omni
1337 2788 1671 2852 permaneat
1701 2786 1980 2854 tempore,

291 2871 398 2923 hoc
445 2879 796 2939 praeceptum
869 2870 1000 2922 inde
1053 2870 1441 2940 conscriptum
1528 2887 1705 2925 manu
1753 2873 1985 2942 propria

2077 500 2136 549 et
2173 510 2277 564 per
2333 492 2668 547 descensum
2723 493 2873 547 Moin
2921 509 3105 564 usque
3161 492 3221 547 in
3281 493 3472 546 locum
3534 492 3796 546 Fiheriet

2077 583 2314 649 dictum,
2343 587 2401 634 et
2431 597 2534 652 per
2563 597 2863 635 ascensum
2898 581 3085 645 rivuli,
3123 580 3226 652 qui
3281 580 3522 634 eandem
3583 579 3790 634 villam

2079 671 2382 726 dividendo
2411 669 2772 740 praeterﬂuit,
2808 686 2988 740 usque
3019 669 3078 722 in
3113 668 3370 739 ejusdem
3409 668 3578 722 rivuli
3607 675 3792 738 caput

2079 766 2134 813 et
2165 766 2380 826 ortum,
2434 765 2548 812 eta
2591 759 2776 826 capite
2833 758 2990 811 illius
3047 757 3217 811 rivuli
3277 758 3590 811 secundum
3622 757 3787 827 quod

2077 849 2286 902 rectius
2317 854 2372 900 et
2392 847 2632 900 vicinius
2667 851 2854 914 potest
2880 846 3062 900 veniri
3095 846 3154 900 in
3199 863 3374 916 supra
3421 845 3636 899 dictum
3668 847 3787 899 ilu-

2077 953 2210 990 men
2235 936 2435 1002 Vraha,
2469 935 2538 989 ab
2589 935 2854 990 Heiurico
2900 935 3156 1005 ejusdem
3187 935 3439 988 ecclesiae
3484 933 3786 1005 episcopo,

2076 1025 2463 1079 consentiente
2495 1029 2550 1077 et
2596 1024 2956 1077 collaudante
3012 1025 3162 1076 clero
3215 1026 3273 1076 et
3319 1023 3550 1093 populo,
3609 1024 3789 1076 tirina

2079 1130 2142 1168 ac
2196 1112 2364 1182 legali
2420 1111 2869 1166 commutacione
2925 1110 3359 1182 acquisivimus.
3412 1111 3784 1165 Tradentese

2077 1206 2274 1255 contra
2295 1199 2480 1255 eidem
2510 1200 2774 1256 Haiurico
2807 1199 3070 1270 episcopo
3097 1216 3328 1269 suaeque
3369 1199 3622 1252 ecclesias
3649 1199 3792 1269 jure

2078 1290 2444 1361 proprietatis
2477 1292 2596 1343 loca
2622 1289 2682 1342 in
2713 1305 2862 1359 pago
2903 1288 3191 1358 Grapfeld,
3227 1289 3284 1341 in
3323 1287 3600 1341 comitatu
3647 1305 3789 1341 vero

2079 1379 2302 1434 Ottonis
2340 1378 2567 1432 comitis
2599 1377 2727 1439 sita,
2762 1378 3106 1447 Maynunga,
3131 1380 3187 1429 et
3215 1377 3603 1447 Maynungero
3636 1392 3791 1430 mar-

2080 1469 2185 1520 cha
2211 1472 2265 1520 et
2295 1466 2623 1520 Walahdorf
2647 1465 2815 1530 dicta,
2872 1480 3002 1518 cum
3057 1464 3325 1517 omnibus
3375 1480 3572 1517 eorum
3605 1463 3790 1533 perti-

2079 1553 2316 1617 nenciis,
2352 1553 2500 1606 villis
2526 1553 2742 1607 scilicet
2796 1557 2852 1606 et
2899 1552 3200 1623 utriusque
3262 1568 3428 1605 sexus
3461 1551 3789 1622 mancipiis,

2083 1641 2352 1706 ecclesiis,
2385 1641 2884 1704 decimacionibus,
2918 1641 3094 1707 silvis,
3156 1639 3576 1706 venationibus,
3619 1641 3792 1710 aquis

2087 1746 2436 1801 aquarumve
2495 1729 2848 1797 decursibus,
2902 1729 3338 1800 piscacionibus,
3413 1729 3788 1795 molendinis,

2085 1819 2280 1891 pratis,
2332 1819 2575 1889 pascuis,
2625 1818 2791 1873 terris
2868 1817 3036 1872 cultis
3093 1819 3181 1872 vel
3241 1819 3494 1886 incultis,
3528 1817 3791 1888 quaesitis

2086 1908 2170 1960 vel
2203 1907 2582 1976 inquirendis,
2618 1907 2722 1960 viis
2760 1911 2818 1960 et
2842 1906 3031 1973 inviis,
3069 1905 3443 1960 existentibus
3487 1903 3785 1976 [exitibus]

2087 2001 2144 2050 et
2169 1996 2469 2063 reditibus,
2492 2003 2549 2049 et
2579 2012 2710 2049 cum
2743 1995 3032 2060 omnibus,
3067 2012 3196 2066 quae
3227 1994 3340 2050 diei
3365 2001 3463 2049 aut
3493 1993 3789 2048 nominari

2087 2091 2342 2155 possunt,
2372 2083 2732 2149 utilitatibus,
2760 2084 2889 2153 jure
2913 2089 3105 2137 nostro
3135 2083 3195 2137 in
3246 2083 3340 2154 jus
3367 2083 3656 2154 przedictze
3698 2099 3794 2136 ee-

2087 2173 2274 2226 clesiae
2307 2173 2774 2240 transfundendo,
2833 2189 2899 2226 ea
2945 2173 3209 2226 videlicet
3256 2171 3481 2226 racione
3530 2177 3612 2238 ut,
3647 2188 3795 2241 pra:-

2087 2263 2234 2314 fatus
2261 2261 2563 2330 episcopus
2595 2261 2890 2314 Hainricus
2921 2261 3126 2331 suique
3165 2276 3513 2314 successores
3544 2260 3614 2313 de
3636 2276 3791 2330 prai-

2089 2349 2401 2403 nominatis
2433 2349 2566 2403 locis
2595 2349 2801 2403 dehinc
2849 2349 3090 2404 liberam
3137 2351 3385 2404 habeant
3441 2354 3790 2420 potestatem

2089 2437 2442 2508 possidendi,
2489 2438 2904 2502 commutandi,
2939 2439 3028 2492 vel
3109 2438 3381 2510 quicquid
3431 2438 3511 2491 eis
3559 2438 3698 2492 inde
3731 2439 3796 2491 li-

2089 2527 2274 2581 bitum
2323 2527 2395 2579 sit
2437 2526 2702 2592 faciendi,
2756 2526 2915 2580 omni
2993 2528 3256 2580 omnium
3337 2526 3794 2580 contradictione

2090 2620 2329 2671 remota.
2355 2616 2422 2668 Et
2441 2621 2506 2668 ut
2533 2615 2654 2668 haec
2685 2620 2893 2669 nostra:
2915 2615 3388 2669 commutacionis
3441 2615 3556 2668 sive
3617 2616 3797 2669 dona-

2092 2703 2272 2758 cionis
2327 2704 2630 2758 auctoritas
2679 2694 2895 2758 stabilis
2947 2709 3004 2758 et
3060 2704 3396 2758 inconvulsa
3454 2709 3798 2775 permaneat

2095 2791 2297 2863 [omni]
2338 2797 2616 2862 tempore,
2663 2795 2765 2846 hoc
2822 2799 3173 2863 praeceptum
3226 2793 3358 2846 inde
3404 2793 3795 2862 conscriptum

2094 2897 2265 2935 manu
2300 2881 2536 2952 propria
2589 2882 3041 2947 corroborantes,
3095 2882 3269 2951 sigilli
3318 2882 3497 2936 nostri
3541 2882 3793 2952 impres-

292 2956 741 3019 corroborantes,
777 2955 951 3025 sigilli
977 2957 1154 3010 nostri
1178 2957 1559 3030 impressione
1581 2958 1849 3029 insigniri
1867 2961 1984 3030 jus~
2015 2961 2056 3016 C
2093 2969 2251 3022 sione
2273 2969 2539 3040 insigniri
2571 2969 2865 3038 jussimus,

295 3061 495 3098 simus.

367 3135 596 3199 Signum
625 3132 810 3186 domui
853 3133 1097 3186 I-Ieinrici
1137 3134 1281 3201 regis
1312 3135 1682 3188 invictissimi.

365 3219 729 3275 Eberhardus
784 3219 1154 3274 cancellarius
1212 3219 1332 3274 vice
1380 3220 1683 3292 Wuilligisi
1732 3223 1985 3278 archica-

293 3307 508 3378 pellani
533 3307 852 3378 recognovi,

366 3397 559 3450 Datav
614 3396 745 3450 Idus
802 3395 952 3464 Maii,
999 3413 1149 3450 anno
1203 3396 1513 3451 Dominicas
1570 3399 1984 3454 incarnationis

294 3483 598 3538 millesimo
631 3484 769 3550 VIll,
802 3484 998 3540 indict.
1035 3502 1087 3550 v,
1130 3501 1280 3539 anno
1312 3500 1446 3538 vero
1503 3485 1700 3540 domni
1735 3486 1986 3542 Heinrici

295 3571 458 3642 regni
477 3589 549 3625 vi.

365 3664 568 3713 Actum
606 3659 834 3713 Triburi
863 3659 1119 3714 feliciter.
1147 3665 1345 3716 Amen.

1067 3749 1240 3802 XLIV.

300 3835 560 3903 Diploma
615 3837 838 3889 Henrici
889 3838 939 3890 ιι
987 3838 1141 3904 imp.,
1203 3852 1307 3905 quo
1372 3839 1623 3892 Ecclesia:
1678 3838 1989 3892 Wircebur-

369 3907 522 3972 gensi
575 3907 749 3960 tradit
795 3908 1117 3974 Meinungm
1145 3912 1193 3960 et
1231 3908 1510 3973 Walldor/
1541 3923 1638 3976 pro
1684 3910 1808 3962 aliis
1840 3909 1990 3962 bonis

367 3977 428 4028 in
464 3991 624 4058 page
659 3977 982 4044 Ratenzgau
1035 3993 1168 4031 novo
1217 3977 1606 4046 Bambergensi
1655 3981 1993 4066 episcopatui

364 4049 668 4114 permissis.

823 4119 1005 4182 (Anno
1054 4119 1208 4182 l088,
1241 4117 1369 4172 Maii
1407 4123 1484 4184 7.)

2163 3059 2395 3122 Signum
2415 3058 2599 3110 domui
2639 3059 2892 3112 Hainrici
2929 3059 3071 3125 regis
3102 3057 3466 3112 invictissimi.

2166 3146 2522 3200 Eberhardus
2567 3148 2868 3217 episcopus
2931 3153 2988 3200 et
3051 3147 3425 3200 cancellarius
3491 3146 3611 3200 vice
3647 3147 3795 3200 Wil-

2097 3232 2250 3302 ligisi
2308 3234 2747 3304 archicapellani
2823 3235 3148 3305 recognovi.
3210 3237 3346 3288 Data
3421 3235 3594 3290 Nonis
3643 3235 3794 3295 Maii,

2095 3338 2246 3377 anno
2278 3322 2583 3376 Dominicze
2643 3322 3051 3380 incarnationis
3110 3323 3412 3377 millesimo
3469 3325 3613 3390 VIII,
3649 3324 3797 3378 indi-

2095 3410 2281 3466 ctione
2311 3429 2364 3479 v,
2405 3427 2557 3464 anno
2603 3427 2736 3464 vero
2792 3411 2992 3465 domni
3042 3411 3291 3465 Hainrici
3345 3412 3582 3466 secundi
3625 3413 3795 3483 regni

2097 3505 2264 3554 sexto.
2297 3504 2500 3554 Actum
2529 3499 2898 3568 Wirzeburge
2929 3499 3190 3554 feliciter.
3254 3503 3462 3556 Amen.

2886 3589 3036 3642 XLV.

2168 3679 2227 3732 S.
2267 3678 2487 3731 Henrici
2499 3677 2847 3747 privilegium
2870 3692 2973 3746 pro
3003 3677 3244 3732 Ecclesia
3270 3679 3576 3733 Vicentina.

2756 3767 2939 3832 (Anno
2974 3768 3152 3832 1008.)

2439 3852 2708 3925 [Ughelli,
2753 3854 2919 3907 Italia
2955 3854 3143 3920 Sacra,
3209 3855 3272 3920 V,
3331 3855 3473 3923 ἰαί-0.]

2171 3941 2235 3994 ΙΙΙ
2281 3940 2510 3994 nomine
2565 3947 2770 4004 sancite
2809 3946 2865 3995 et
2912 3941 3224 3996 individua:
3272 3942 3586 4010 Trinitatis,
3649 3944 3796 3999 HEN-

2100 4044 2251 4081 RICUS
2271 4027 2462 4080 divina
2491 4027 2714 4083 favente
2740 4029 3042 4082 clementia
3072 4045 3187 4083 rex.

2171 4116 2227 4169 Si
2254 4115 2627 4170 Ecclesiarum
2678 4116 2777 4170 Dei
2809 4133 3006 4171 curam
3063 4118 3338 4188 gerimus,
3387 4135 3600 4190 easque
3662 4120 3804 4174 dila-

298 4205 685 4274 [Ussermann,
739 4207 1031 4270 Germania
1080 4222 1239 4260 sacra
1295 4207 1391 4274 III,
1452 4209 1699 4274 Preuves,
1759 4224 1816 4278 p.
1874 4205 1986 4278 16.]
2017 4242 2060 4296 Β
2100 4209 2222 4258 tare
2269 4205 2676 4272 studuerimus,
2735 4206 2916 4259 nostri
2963 4207 3128 4276 regni
3167 4213 3379 4261 statum
3433 4212 3800 4276 augmentari

370 4296 432 4348 In
475 4295 708 4348 nomine
754 4301 964 4350 sancta:
1015 4300 1072 4349 et
1100 4294 1410 4349 individua;
1466 4295 1774 4363 Trinitatis,
1821 4297 1986 4349 Ham-

299 4399 454 4438 mcus
485 4384 676 4437 divina
704 4384 927 4439 favente
959 4383 1268 4438 clementia
1295 4399 1414 4437 rex.

377 4471 652 4524 Omnibus
697 4472 902 4525 Christi
977 4473 1260 4538 ﬁdelibus,
1338 4471 1719 4542 praesentibus
1777 4471 1992 4526 scilicet

299 4563 471 4628 atque
496 4558 723 4620 futuris,
770 4563 967 4612 notum
995 4577 1115 4615 esse
1145 4561 1404 4614 volumus
1451 4561 1586 4631 quia
1625 4577 1750 4627 nos,
1797 4561 1869 4614 ob
1897 4561 1989 4615 di-

301 4646 442 4698 vinae
499 4647 976 4700 remunerationis
1027 4665 1184 4718 spem
1237 4649 1538 4703 Dominum
1597 4650 1765 4704 nobis
1825 4649 1986 4704 insti-

298 4737 524 4787 tuentes
551 4732 857 4799 hmredem,
902 4739 959 4787 et
1001 4751 1066 4788 ex
1119 4736 1326 4788 nostris
1373 4737 1540 4790 rebus
1561 4738 1989 4794 haereditarium

299 4821 806 4894 quendam.nostri
849 4821 998 4890 juris
1029 4824 1216 4876 locum
1270 4825 1592 4894 Babenperc
1657 4827 1872 4880 dictum
1929 4829 1988 4881 in

300 4911 528 4965 culmen
559 4915 616 4963 et
670 4915 839 4979 caput
897 4911 1276 4980 episcopatus,
1336 4912 1552 4966 honore
1601 4916 1780 4967 sancti
1839 4916 1990 4969 Petri

299 4998 576 5068 principis
625 4999 1014 5068 apostolorum
1053 4998 1334 5069 insigniti,
1391 4999 1676 5070 erigentes
1708 5007 1764 5054 et
1821 5002 1992 5055 subli-

302 5092 543 5148 mantes.
578 5087 866 5156 quandam
888 5086 1374 5156 Wirzeburgensis
1397 5087 1686 5141 dioceseos
1741 5095 1988 5158 partem,

299 5175 637 5244 comitatum
686 5174 947 5228 videlicet
993 5175 1382 5246 Batenzgouin
1450 5175 1688 5241 dictum,
1741 5177 1990 5246 exceptis

300 5265 484 5320 tribus
513 5265 760 5319 ecclesiis
808 5265 1127 5318 Wahenrod
1168 5270 1225 5318 et
1267 5265 1630 5319 Muliuhusen
1672 5281 1735 5318 ac
1796 5266 1992 5319 Loner-

303 5357 413 5406 stat
432 5370 560 5407 cum
585 5354 816 5424 capellis
838 5354 908 5407 ad
939 5353 1166 5407 easdem
1207 5354 1472 5407 ecclesias
1529 5353 1988 5424 respicientibus,

304 5447 360 5494 et
411 5444 697 5511 quandam
745 5449 968 5513 partem
1019 5442 1150 5513 pagi
1207 5442 1484 5496 Volckfelt
1516 5441 1670 5506 dicti,
1725 5441 1992 5499 videlicet

304 5529 484 5581 aloco
517 5529 612 5583 ubi
644 5531 860 5584 flumen
916 5533 1097 5586 Vraha
1147 5530 1358 5584 dictum
1423 5530 1610 5585 intluit
1661 5532 1986 5596 Hatenzam,

2100 4292 2338 4346 minime
2370 4293 2721 4347 dubitamus.
2753 4295 2876 4358 Quo
2932 4294 3079 4348 circa
3119 4295 3380 4349 omnium
3431 4297 3492 4350 S.
3554 4296 3658 4350 Dei
3693 4299 3799 4351 Ec-

2099 4381 2306 4446 clesiae,
2364 4381 2731 4451 praesentium
2785 4381 2998 4436 scilicet
3071 4389 3127 4437 et
3202 4384 3548 4451 futurorum,
3598 4392 3802 4439 noscat

2097 4469 2439 4523 universitas
2486 4470 2734 4541 qualiter
2773 4471 3152 4542 Hieronymus
3206 4472 3259 4526 S.
3323 4472 3628 4527 Vicentina:
3690 4475 3800 4526 Ec-

2098 4557 2285 4611 clesia:
2319 4558 2620 4629 episcopus
2649 4564 2846 4612 noster
2874 4559 3171 4613 familiaris
3219 4566 3472 4614 nostram
3501 4561 3646 4614 adiit
3675 4564 3798 4615 cle-

2099 4646 2374 4700 mentiam
2408 4648 2721 4717 postulans,
2780 4652 2865 4714 ut,
2915 4663 3018 4718 pro
3066 4649 3164 4702 Dei
3221 4665 3415 4702 amore
3469 4649 3797 4720 animaeque

2099 4740 2305 4788 nostra:
2355 4735 2628 4802 remedio,
2671 4735 2900 4789 castella
2953 4735 3041 4789 sui
3109 4737 3385 4807 episcOpii
3428 4737 3642 4790 Vicent.
3696 4739 3799 4808 qui

2097 4823 2242 4876 fodri
2268 4822 2613 4878 detrimento
2641 4840 2823 4895 usque
2857 4825 3024 4878 modo
3071 4826 3440 4879 vastabantur
3469 4831 3527 4878 et
3555 4829 3799 4881 concul-

2098 4912 2390 4977 cabantur,
2430 4919 2640 4967 nostrae
2683 4915 2855 4983 regias
2898 4914 3249 4967 auctoritatis
3294 4914 3601 4984 largitione
3657 4932 3797 4984 per-

2099 5001 2438 5055 donaremus
2523 5007 2579 5054 et
2667 5003 3126 5058 concederemus.
3198 5004 3370 5073 Cujus
3423 5003 3798 5073 petitionibus

2098 5096 2435 5155 annuentes,
2468 5095 2639 5160 prout
2689 5090 2840 5160 juste
2872 5095 2928 5143 et
2979 5091 3240 5162 legaliter
3294 5109 3620 5162 possumus,
3672 5093 3795 5163 jam

2098 5179 2249 5233 dicto
2311 5178 2656 5248 Hieronymo
2713 5178 2983 5248 episcopo
3040 5181 3272 5251 suisque
3346 5182 3794 5248 successoribus,

2099 5267 2244 5321 sicut
2272 5267 2380 5321 sibi
2405 5282 2738 5322 concessum
2771 5272 2854 5320 est
2879 5273 2937 5320 et
2989 5270 3373 5338 perdonatum
3406 5288 3439 5324 a
3483 5272 3621 5325 bon.
3675 5288 3790 5326 me.

2099 5357 2162 5410 D.
2224 5357 2443 5411 Othone
2474 5356 2691 5409 Caesare
2750 5358 3028 5426 Augusto,
3107 5360 3494 5429 perdonamus
3582 5364 3646 5414 ut
3721 5361 3792 5415 de

2100 5444 2366 5499 omnibus
2415 5443 2660 5497 castellis
2704 5443 2774 5498 ad
2832 5461 2999 5500 suum
3051 5447 3169 5514 jam
3217 5448 3435 5502 dictum
3475 5448 3790 5519 Episcopa-

2100 5540 2218 5587 tum
2272 5531 2709 5602 pertinentibus,
2773 5533 2983 5588 scilicet
3042 5537 3381 5598 Barbarano,
3439 5539 3783 5602 Salvatiano,
