3938 6308
127 296 236 350 281-
1383 295 1781 354 DIPLOMATA
1821 297 2372 356 ECCLESIASTICA.

127 415 379 484 Nosceta,
430 416 718 486 Albetine,
777 416 1106 484 Aureliano,
1159 418 1443 483 Custodia,
1497 421 1814 489 Grancona,
1848 423 1894 474 Α

125 505 431 569 Grumodo,
514 505 1166 573 Vineentia-Brendulis,
1251 508 1538 577 Altavilla,
1603 509 1823 563 Monte-

123 592 319 662 digno,
377 595 656 663 Corvedo,
713 601 770 650 et
824 596 893 649 de
951 597 1102 650 Valle
1173 597 1494 665 Coturnica,
1569 598 1822 666 Cucullo,

127 681 302 747 Vello,
363 683 611 746 Arserio,
673 693 728 738 et
775 684 1041 738 omnibus
1099 685 1328 739 famulis
1385 702 1558 755 super
1618 692 1824 741 terram

119 769 236 838 jam
277 771 420 824 dicti
465 772 828 842 episcopatus
859 773 1258 827 habitantibus
1288 775 1377 828 vel
1417 775 1823 845 residentibus,

125 874 239 911 non
269 858 446 912 alicui
494 860 711 913 homini
745 866 860 914 tam
901 861 1140 915 ducibus
1171 879 1344 932 quam
1378 862 1824 928 marchionibus,

125 946 450 1013 comitibus,
486 965 584 1002 seu
635 949 807 1003 alicui
859 966 1086 1020 magna:
1118 967 1423 1021 parvaeque
1451 967 1711 1020 personas
1739 952 1825 1005 fo-

124 1035 288 1088 drum
339 1038 722 1106 persolvatur,
773 1039 859 1092 vel
911 1039 1256 1093 concedatur
1307 1059 1321 1106 ;
1369 1041 1464 1094 sed
1509 1037 1676 1094 liceat
1724 1057 1828 1109 per

127 1123 228 1176 hoc
258 1130 616 1195 praeceptum
651 1127 772 1196 jam
815 1127 964 1180 dicto
997 1127 1341 1198 Hieronymo
1375 1128 1642 1199 episcopo
1677 1129 1826 1183 suis-

124 1227 232 1280 que
267 1215 710 1279 successoribus,
760 1215 907 1269 sicut
956 1215 1222 1286 superius
1258 1217 1532 1288 scriptum
1563 1217 1825 1284 habetur,

124 1299 317 1368 quiete
378 1307 435 1354 et
504 1302 736 1371 paciﬁce
811 1303 1007 1358 omnia
1077 1305 1496 1374 prmnominata
1549 1306 1825 1369 castella,

124 1405 444 1461 eorumque
484 1392 830 1446 habitatores
885 1394 954 1448 ad
995 1395 1115 1464 jam
1168 1394 1383 1448 dictum
1438 1395 1827 1466 episcopatum

122 1479 505 1547 pertinentes,
567 1481 655 1534 vel
700 1498 871 1550 super
919 1489 1130 1536 terram
1192 1484 1316 1554 ejus
1370 1485 1705 1551 residentes,
1760 1487 1831 1540 de

122 1566 396 1621 omnibus
427 1568 606 1622 fodris
651 1570 979 1640 defendere,
1027 1577 1084 1624 et
1129 1578 1452 1642 protegere,
1511 1573 1668 1626 omni
1700 1590 1830 1627 con-

123 1655 467 1710 tradictione
511 1662 749 1712 remota.
784 1660 842 1713 Si
891 1676 1022 1713 vero
1071 1660 1381 1731 contigerit
1428 1667 1488 1715 ut
1519 1679 1618 1714 nos
1649 1664 1710 1715 in
1739 1678 1832 1715 eas
1865 1699 1904 1752 Β

123 1750 318 1814 partes
366 1745 685 1814 veniamus,
742 1747 864 1817 ipse
892 1749 1010 1819 jam
1061 1748 1245 1802 dictus
1293 1749 1670 1820 Hieronymus
1716 1750 1838 1820 epi-

127 1848 357 1901 scopus,
409 1834 495 1886 vel
544 1833 635 1887 sui
683 1851 1031 1890 successores
1060 1853 1165 1906 per
1194 1853 1253 1890 se
1281 1838 1368 1890 vel
1402 1854 1602 1891 eorum
1633 1838 1837 1892 missos

130 1921 330 1974 ﬁdeles
360 1921 592 1975 {odrum
622 1922 912 1994 colligant,
956 1924 1233 1995 nobisque
1261 1925 1491 1980 servitia
1521 1927 1835 1980 secundum

134 2025 302 2078 posse
334 2017 683 2080 praeparent,
742 2028 808 2065 eo
841 2012 1098 2066 videlicet
1128 2013 1326 2066 ordine
1375 2018 1436 2066 ut
1481 2014 1671 2067 nullus
1701 2014 1830 2077 dux,

135 2098 486 2166 patriarcha,
521 2100 795 2166 marchio,
843 2118 1052 2174 comes,
1109 2103 1447 2166 vicecomes,
1499 2102 1833 2167 sculdasius,

135 2186 435 2254 gastaldio,
495 2188 768 2258 nullaque
822 2189 1002 2242 nostri
1057 2189 1226 2260 regni
1282 2205 1490 2259 magna
1546 2205 1837 2261 parvaque

135 2289 382 2342 persona
422 2275 762 2344 praedictum
815 2279 1226 2348 Hieronymum
1283 2277 1612 2349 episcopum
1669 2294 1838 2330 suos-

133 2377 246 2430 que
322 2379 674 2416 successores
747 2365 814 2418 de
879 2365 1295 2436 perdonatione
1363 2373 1421 2420 et
1474 2366 1837 2420 concessione

134 2451 364 2503 fodrum
414 2451 865 2523 subscriptorum
911 2459 1228 2508 castrorum
1277 2455 1620 2525 inquietare,
1655 2455 1837 2508 mole-

135 2543 308 2600 stare,
354 2537 600 2608 fatigare
651 2541 856 2594 audeat
901 2543 988 2595 vel
1040 2547 1370 2612 praesumat.
1412 2543 1468 2597 Si
1498 2559 1649 2605 vero,
1686 2543 1837 2612 quod

137 2642 251 2679 non
299 2627 607 2695 credimus,
655 2628 764 2682 hoc
816 2633 1076 2684 nostrum
1122 2637 1475 2700 praeceptum
1524 2629 1837 2699 infringere

136 2714 459 2782 tentaverit,
502 2715 641 2770 sciat
671 2734 730 2771 se
760 2718 1216 2788 compositurum
1266 2719 1392 2772 auri
1437 2718 1732 2790 purissimi
1767 2718 1835 2771 li-

132 2802 262 2856 bras
293 2803 659 2874 quingentas,
695 2805 1060 2861 medietatem
1092 2824 1333 2862 camerae
1365 2812 1591 2872 nostrae,
1625 2812 1682 2860 et
1712 2823 1835 2860 me-

133 2891 407 2946 dietatem
439 2893 711 2966 praedicto
743 2895 1094 2966 Hieronymo
1141 2897 1282 2966 (155)
1310 2897 1578 2967 episeopo
1602 2896 1834 2966 suisque

3534 305 3640 358 282

2003 421 2066 476 In
2116 422 2349 476 nomine
2393 425 2602 476 sanctas
2632 426 2690 476 et
2726 421 3036 478 individua:
3061 423 3374 492 Trinitatis,
3409 423 3634 480 Hemin-

1935 526 2028 564 cus
2060 509 2257 564 divina
2286 511 2512 564 favente
2537 511 2840 564 clementia
2871 529 2987 566 rex.

2007 599 2216 652 Notum
2248 599 2320 653 sit
2369 598 2636 653 omnibus
2682 599 2892 652 nostris
2940 599 3227 667 ﬁdelibus,
3259 601 3638 671 praesentibus

1934 687 2145 741 scilicet
2174 693 2230 740 et
2267 687 2476 741 futuris
2500 687 2748 756 qualiter
2778 704 2901 754 nos,
2945 688 3271 744 interventu
3327 695 3500 760 atque
3535 705 3636 758 pe-

1933 775 2135 829 titione
2165 775 2450 830 Heriberti
2481 776 2623 844 (156)
2661 775 3012 829 Coloniensis
3042 776 3474 847 archiepiscopi,
3497 777 3636 830 ban-

1936 879 2077 917 num
2110 869 2372 917 nostrum
2393 863 2708 917 bestiarum
2735 864 2988 918 Baldrico
3025 864 3170 934 (157)
3199 871 3409 918 sanctae
3445 864 3642 919 Leodi-

1936 952 2120 1006 censis
2163 952 2425 1006 Ecelesiae.
2457 951 2710 1021 praesuli,
2740 967 2842 1005 nec
2865 969 2983 1006 non
3011 953 3272 1008 Baldrico
3294 953 3441 1024 (158)
3474 953 3642 1006 comi-

1936 1040 2001 1106 ti,
2027 1057 2198 1110 super
2231 1056 2428 1094 eorum
2462 1040 2720 1110 proprias
2759 1039 2947 1105 silvas,
2982 1056 3110 1110 quae
3157 1046 3309 1108 sunt,
3361 1040 3506 1095 inter
3541 1041 3641 1094 illa

1939 1128 2053 1182 duo
2083 1127 2346 1194 ﬂumina,
2383 1143 2510 1197 quae
2539 1128 2708 1180 ambo
2742 1127 2908 1182 Nithe
2949 1127 3092 1198 (150)
3123 1133 3416 1193 vocantur,
3448 1133 3506 1181 et
3527 1132 3638 1180 ter-

1937 1215 2080 1269 tium
2107 1215 2262 1285 quod
2291 1216 2454 1268 Thila
2484 1216 2624 1285 (160)
2657 1215 3010 1281 nominatur,
3040 1216 3180 1279 sitae,
3216 1221 3273 1268 et
3301 1232 3431 1286 quae
3457 1216 3639 1285 perti-

1939 1309 2077 1358 nent
2106 1305 2176 1358 ad
2197 1305 2322 1358 illas
2353 1305 2513 1356 villas
2534 1303 2722 1357 Heiste
2754 1303 2900 1373 (161)
2932 1309 2989 1356 et
3008 1303 3253 1364 lleisten,
3289 1320 3352 1356 ac
3379 1303 3639 1357 Badfride

1939 1410 2044 1447 nec
2075 1410 2188 1446 non
2212 1391 2476 1446 Maclines
2503 1392 2670 1461 (162;,
2699 1391 3039 1458 nominatas,
3065 1391 3218 1461 quod
3240 1397 3430 1444 tamen
3453 1396 3638 1445 totum

1941 1481 2282 1534 Waverwald
2337 1480 2680 1550 appellatur,
2735 1481 2794 1532 in
2843 1478 3118 1532 comitatu
3169 1493 3297 1531 vero
3356 1479 3641 1533 Gozilonis

1941 1569 2183 1633 comitis,
2211 1569 2309 1639 qui
2326 1567 2770 1638 Autewert‘(163)
2794 1566 3021 1634 dicitur,
3046 1565 3240 1632 situm,
3262 1583 3364 1636 per
3385 1567 3531 1620 hanc
3555 1583 3642 1619 no-

1943 1663 2116 1711 stram
2160 1658 2558 1727 praeceptalem
2607 1655 2878 1725 paginam
2925 1655 3292 1708 concedimus
3323 1660 3492 1724 atque
3531 1655 3642 1708 lar-

1943 1745 2153 1814 gimur,
2185 1749 2241 1798 et
2273 1744 2342 1798 de
2373 1748 2564 1798 nostro
2588 1743 2720 1812 jure
2767 1742 2826 1796 in
2868 1758 3067 1797 eorum
3103 1743 3199 1812 jus
3227 1759 3291 1796 ac
3321 1741 3645 1797 dominium

1946 1831 2438 1887 transfundimus:
2502 1847 2569 1885 ea
2613 1831 2874 1885 videlicet
2923 1830 3146 1884 ratione
3193 1835 3274 1897 ut,
3330 1829 3648 1902 praescripti

1946 1921 2189 1976 Baldrici
2245 1921 2314 1974 de
2370 1919 2784 1991 proenominato
2843 1920 3034 1974 hanno
3093 1918 3333 1989 ejusque
3401 1917 3646 1972 utilitate

1946 2009 2151 2064 dehinc
2210 2009 2450 2062 liberam
2505 2009 2775 2073 habeant,
2836 2007 3119 2078 quidquid
3175 2006 3283 2060 sibi
3337 2007 3644 2076 placuerit,

1944 2103 2283 2168 potestatem
2304 2097 2572 2164 faciendi,
2605 2095 2864 2150 omnium
2899 2095 3200 2150 hominum
3235 2094 3644 2148 contradictio-

1946 2202 2018 2240 ne
2058 2190 2297 2240 remota.

2019 2276 2082 2328 Et
2109 2281 2171 2327 ut
2200 2273 2320 2328 haec
2369 2271 2695 2328 donationis
2739 2278 2946 2326 nostras
2995 2270 3300 2325 auctoritas
3346 2269 3564 2324 stabilis
3593 2273 3649 2323 et

1944 2362 2276 2416 inconvulsa
2305 2362 2461 2415 omni
2489 2366 2824 2432 permaneat
2851 2365 3129 2431 tempore,
3162 2359 3269 2414 hoc
3296 2363 3648 2429 praeceptum

1944 2451 2075 2505 inde
2107 2450 2515 2521 conscriptum,
2553 2465 2728 2502 manu
2788 2449 3022 2519 propria
3069 2449 3522 2515 corroborantes,
3569 2447 3647 2500 si-

1945 2541 2084 2610 gillo
2115 2545 2308 2592 nostro
2339 2537 2605 2608 insigniri
2632 2537 2923 2608 iussimus.

2015 2629 2247 2693 Signum
2271 2627 2479 2680 domini
2506 2627 2728 2679 chrici
2754 2626 2894 2690 regis
2925 2625 3290 2678 invictissimi.

2016 2715 2375 2769 Eberhardus
2404 2713 2547 2781 (164)
2575 2711 2970 2777 cancellarius,
3012 2712 3130 2764 vice
3161 2709 3424 2779 Willigisi
3452 2708 3642 2763 archi-

1945 2803 2242 2872 capellani.
2265 2802 2616 2870 recognovit.
2656 2803 2863 2854 Datum
2896 2799 3083 2870 pridie
3118 2799 3249 2854 ldus
3271 2798 3645 2869 Septembris,

1944 2891 2254 2946 indictione
2284 2896 2461 2956 sexta,
2521 2906 2668 2944 anno
2715 2889 3024 2943 Dominicm
3059 2887 3470 2942 incarnationis
3515 2887 3648 2940 mil-

134 2980 576 3036 successoribus.
636 2983 795 3046 Quod
844 2990 905 3037 ut
949 2984 1138 3037 verius
1170 2985 1462 3052 habeatur,
1497 3001 1668 3039 manu
1704 3000 1837 3054 pro-
1873 2981 1912 3034 C
1951 2981 2150 3034 lesimo
2178 2986 2393 3045 octavo,
2427 2995 2580 3032 anno
2613 2994 2744 3031 vero
2786 2976 3005 3031 domini
3037 2975 3263 3031 Henriei
3293 2975 3529 3030 secundi
3557 2991 3645 3028 re-

133 3069 261 3138 pria
291 3069 440 3122 hanc
487 3069 758 3140 paginam
806 3072 1141 3126 roborantes
1190 3072 1378 3142 sigillo
1420 3079 1617 3128 nostro
1660 3072 1836 3143 jussi-

135 3174 264 3211 mus
293 3157 585 3227 insigniri.

206 3247 436 3314 Signum
473 3248 542 3300 Ι).
579 3248 810 3302 chrici
838 3250 874 3315 ’Ῑ-
903 3251 1047 3316 regis
1069 3250 1444 3303 invictissimi.

206 3334 530 3388 Eberardus
559 3335 1050 3407 archicapellanus
1084 3338 1432 3407 recognovit.

213 3424 421 3477 Datum
479 3439 606 3492 xxx,
651 3468 663 3480 .
711 3467 722 3478 .
770 3465 783 3478 .
841 3429 1007 3479 Anno
1065 3426 1378 3480 Dominicas
1426 3424 1839 3480 incarnationis

139 3510 450 3565 millesimo
480 3513 619 3580 νηί,
648 3513 843 3568 indict.
869 3531 941 3580 iv,
975 3532 1125 3568 anno
1157 3514 1359 3585 quinto
1385 3514 1566 3588 [vero]
1605 3515 1663 3569 D.
1701 3516 1840 3570 Hen-

139 3598 241 3652 rici
303 3601 471 3671 regni
529 3602 723 3672 [regis]
779 3619 852 3656 v1.
908 3608 1111 3657 Actum
1174 3603 1405 3658 Mulind.
1454 3645 1467 3658 .
1513 3646 1525 3658 .
1577 3603 1836 3658 feliciter.

138 3693 342 3743 Amen.

884 3763 1058 3817 XLVI.

142 3849 194 3903 S.
251 3851 516 3921 Henricus
566 3851 865 3919 Imperator
921 3852 1172 3906 Baldrico
1218 3830 1463 3921 episcopo
1507 3851 1837 3916 Leodicensi,

209 3925 260 3974 et
291 3920 549 3974 Batdrico
599 3925 781 3975 comiti
827 3923 924 3976 dat
967 3924 1204 3977 bannum
1243 3920 1545 3977 bestiarum
1593 3925 1651 3976 in
1686 3925 1839 3977 silvis

211 4006 347 4058 quas
365 3991 742 4060 possidebant.

799 4079 986 4148 (Anno
1015 4082 1192 4152 1008.)

519 4167 786 4238 Μίνωας,
816 4170 952 4238 Opp.
987 4171 1234 4239 diplom.,
1269 4170 1340 4234 Il,
1373 4170 1484 4239 53.]

213 4274 364 4338 (155)
416 4272 572 4326 Idem
606 4273 986 4344 Hieronymus
1038 4274 1107 4327 ab
1151 4275 1352 4328 eodem
1399 4273 1639 4328 Henrico
1692 4273 1833 4344 imp.
1870 4263 1912 4316 ί)

144 4348 418 4412 tanquam
482 4344 746 4413 perjurns
827 4349 883 4397 et
965 4351 1217 4407 apostata
1276 4350 1672 4397 exauctoratus
1733 4352 1836 4405 est,

143 4414 382 4483 ejusque
426 4413 579 4467 bona
635 4414 942 4484 publicata.
993 4416 1070 4468 Ea
1107 4431 1235 4484 qua:
1280 4415 1337 4467 in
1374 4416 1635 4484 Papiensi
1667 4417 1846 4468 comi-

145 4492 261 4538 tatu
290 4485 637 4554 possidebat,
679 4487 940 4540 Comensi
980 4486 1240 4540 Ecclesiae
1272 4486 1504 4539 fuerunt
1532 4502 1797 4539 concessa
1831 4503 1844 4552 ;

142 4556 210 4610 de
242 4572 360 4626 qua
405 4571 466 4608 re
512 4555 572 4608 in
602 4556 909 4624 diplomate
959 4556 1202 4610 Conradi
1238 4558 1300 4620 ll,
1349 4556 1577 4610 Henrici
1618 4573 1847 4610 succes—

143 4629 304 4687 soris,
367 4626 553 4678 eidem
602 4627 867 4681 Comensi
923 4628 1187 4681 Ecclesiae
1235 4643 1502 4681 concesso
1558 4643 1650 4680 an.
1713 4630 1845 4682 1026

143 4696 361 4750 mentio
394 4703 593 4750 exstat.

208 4767 364 4836 (256)
395 4768 446 4821 S.
481 4767 804 4821 Heribertus
835 4768 1187 4823 Coloniensis
1207 4767 1667 4837 archiepiscopus
1694 4785 1846 4821 anno

149 4841 302 4903 1021,
334 4837 426 4891 die
481 4842 538 4892 16
597 4839 795 4905 Martii,
851 4841 918 4893 ad
952 4841 1252 4893 meliorem
1295 4839 1469 4892 vitam
1503 4839 1748 4904 transiit,
1781 4856 1849 4893 ex

141 4910 408 4979 opposito
457 4909 612 4962 urbis
662 4911 1017 4964 Coloniensis
1067 4911 1126 4964 in
1172 4909 1520 4964 monasterio
1568 4910 1848 4964 'l‘uitiensi

142 4998 169 5030 a
200 4997 258 5032 se
308 4979 542 5032 condito
589 4982 875 5049 sepultus.
919 4982 1060 5035 Vitae
1108 4982 1232 5051 ejus
1280 4980 1579 5034 historiam
1621 4981 1849 5051 scripsit

142 5051 434 5119 Rupertus
463 5051 637 5103 abbas
676 5052 1006 5115 Tuitiensis,
1040 5070 1073 5105 a
1098 5053 1263 5106 Surio
1293 5053 1524 5105 editam.

210 5122 359 5192 (157)
388 5121 672 5175 Baldrieus
701 5122 1080 5187 Leodieensis,
1104 5123 1427 5191 episcopus,
1457 5121 1730 5175 fundator
1749 5122 1847 5176 ab-

140 5193 310 5246 batim
342 5193 398 5246 S.
430 5193 646 5258 Jacobi,
676 5193 734 5247 in
767 5195 905 5248 urbe
936 5193 1257 5259 Leodiensi,
1295 5210 1446 5247 anno
1483 5196 1614 5246 1017
1659 5193 1845 5247 vivere

142 5263 331 5328 desiit,
358 5268 462 5316 etc.

211 5334 362 5402 (158)
395 5333 683 5387 Baldricus
710 5351 900 5388 comes
934 5335 1291 5389 Leodicensis
1315 5334 1442 5399 fuit,
1471 5337 1534 5386 ut
1565 5334 1839 5403 suspicor.

145 5405 292 5460 Olim
351 5405 643 5476 pleraeque
700 5405 951 5460 civitates
1004 5404 1392 5473 episcopales,
1460 5412 1524 5457 ut
1570 5405 1841 5476 Camera-

145 5475 367 5540 censis,’
403 5475 829 5544 Atrebatensis,
902 5476 1344 5544 Ambianensis,
1416 5481 1472 5528 et
1530 5475 1653 5526 alia:
1713 5492 1844 5528 suos

145 5547 379 5600 comites
402 5545 744 5600 habuerunt.

1947 3069 2175 3139 guantis
2206 3068 2472 3138 septimo.
2506 3071 2708 3121 Actum
2739 3065 2984 3120 Treviris
3007 3065 3268 3120 feliciter.
3300 3069 3504 3118 Amen.

2693 3155 2900 3209 XLVII.

1954 3250 2064 3302 Rea:
2122 3248 2385 3300 Henricus
2439 3247 2492 3299 ΙΙ
2545 3245 2711 3298 donat
2786 3244 3111 3297 monasterio
3186 3240 3650 3298 Niederattucensi

2021 3319 2296 3370 ecclesiam
2323 3316 2689 3382 parochiaiem
2719 3316 2776 3367 in
2807 3314 3206 3379 Mundraching
3237 3329 3355 3366 cum
3404 3313 3644 3372 decimis,

2018 3393 2068 3440 et
2096 3402 2346 3439 mansum
2401 3386 2628 3448 ibidem,
2691 3391 2795 3438 tres
2848 3399 3060 3436 mansos
3107 3385 3165 3436 in
3205 3383 3554 3450 Si/fenkofen,
3597 3386 3647 3434 et

2010 3458 2372 3511 molendiuum
2402 3458 2461 3509 in
2493 3457 2850 3522 Mangolting.

2457 3542 2642 3612 (Anno
2678 3546 2834 3608 1009,
2867 3548 2898 3595 6
2936 3540 3141 3610 April.)

1951 3633 2136 3704 [Ried,
2183 3633 2320 3687 Cod.
2368 3633 2530 3701 episc.
2565 3631 2872 3694 Ratisbon.,
2924 3646 2991 3683 etc
3023 3631 3168 3684 Mon.
3201 3630 3344 3683 Boic.
3377 3629 3464 3689 Xl.
3501 3626 3645 3698 137.]

2020 3724 2081 3776 In
2117 3721 2348 3779 nomine
2374 3727 2583 3774 sanctae
2624 3724 2680 3773 et
2710 3719 3022 3773 individua;
3064 3717 3378 3783 Trinitatis,
3421 3717 3647 3770 Hamm-

1950 3827 2044 3866 (US
2069 3810 2262 3864 divina
2293 3810 2516 3864 favente
2546 3808 2850 3863 clementia
2883 3824 2996 3862 rex.

2020 3899 2078 3954 Si
2115 3899 2382 3953 Ecclesias
2435 3897 2534 3952 Dei
2578 3897 2821 3966 alicujus
2865 3896 3001 3950 doni
3052 3894 3412 3948 incremento
3462 3893 3645 3947 ditare

1950 3990 2038 4043 vel
2076 3989 2387 4043 sublimare
2417 3987 2822 4048 studuerimus,
2861 3984 3024 4039 nobis
3054 3983 3112 4037 id
3145 3984 3506 4053 profuturum
3531 3997 3651 4034 esse

1952 4078 2189 4131 minime
2216 4076 2561 4131 dubitamus.
2596 4075 2954 4144 Quapropter
2977 4071 3198 4126 noverit
3217 4071 3476 4124 omnium
3501 4071 3654 4125 Chri-

1951 4166 2025 4220 sti
2056 4166 2310 4219 ﬁdelium
2340 4169 2783 4233 nostrorumque
2814 4160 3094 4215 industria
3143 4160 3405 4230 qualiter,
3456 4160 3529 4212 ob
3560 4175 3651 4213 re—

2023 4270 2170 4340 (159)
2210 4271 2388 4324 Ambo
2421 4269 2606 4322 Nithe.
2663 4269 2780 4320 Duo
2805 4264 3166 4340 hic__1lumina
3197 4268 3653 4340 notantur,‘qum

1961 4334 2125 4395 Nithe
2156 4334 2264 4392 seu
2325 4341 2514 4393 Nettre
2545 4354 2757 4391 nomen
2801 4337 3088 4404 hodieque
3117 4339 3340 4402 gerunt,
3377 4334 3436 4385 in
3485 4335 3654 4387 Cam-

1959 4413 2130 4482 pania
2163 4411 2517 4482 Brabantica,
2552 4415 2607 4462 et
2639 4407 2943 4482 in‘oppido
2976 4405 3192 4482 .l.irano
3219 4406 3540 4466 conﬂuunt,
3572 4407 3651 4457 vi-

1959 4475 2166 4536 delicet
2196 4482 2375 4534 Nethe
2404 4481 2587 4549 major
2618 4485 2675 4531 et
2707 4479 2883 4531 Nethe
2913 4475 3118 4549 minor.

2028 4553 2173 4621 (160)
2205 4552 2388 4614 'l‘hila,
2417 4545 2518 4604 seu
2539 4549 2743 4609 'l‘hilia,
2784 4550 2894 4616 Thy
2926 4547 3116 4621 Gallis,
3149 4547 3314 4621 Dilia,
3351 4546 3480 4621 [)er
3508 4545 3654 4621 Teu-

1957 4617 2206 4684 tonibus,
2249 4623 2463 4674 llumen
2517 4636 2693 4690 prope
2724 4619 3036 4688 Genapiam
3073 4617 3656 4690 inGallo-Brabantia

1957 4702 2168 4760 ortum,
2231 4687 2564 4745 Villarieuse
2619 4687 2740 4744 ord.
2799 4687 3183 4742 Cisterciensis
3246 4687 3655 4760 monasterium

1957 4766 2139 4829 alluit,
2188 4763 2391 4816 exinde
2435 4764 2576 4816 Fura
2634 4764 2754 4813 rivo
2803 4761 3035 4813 Lovanii
3069 4765 3318 4824 auctum,
3352 4759 3411 4811 in
3455 4760 3655 4812 Deme-

1957 4851 2100 4892 ram.
2136 4851 2200 4887 ac
2229 4834 2478 4902 denique
2507 4833 2566 4885 in
2599 4832 2843 4886 Scaldiin
2874 4831 3085 4884 inlluit.

2027 4907 2178 4971 (161)
2227 4899 2416 4957 Heiste
2475 4903 2853 4971 municipium
2905 4902 3029 4971 agri
3081 4899 3319 4967 Hiensis,
3367 4899 3655 4970 hodieque

1957 4983 2154 5031 notum
2186 4977 2352 5028 Heist
2383 4991 2449 5043 op
2475 4975 2578 5028 den
2607 4974 2769 5039 bergh

2028 5047 2174 5117 (162)
2237 5047 2377 5118 Villa
2410 5039 2692 5118 Maelines.
2729 5045 2893 5118 Forte
2926 5042 3110 5118 Quoet
3135 5041 3471 5118 "Mechelen,
3519 5039 3657 5118 vilia

1958 5112 2128 5172 medii
2156 5112 2284 5171 invi
2314 5116 2708 5186 scriptoribus,
2745 5114 2900 5167 idem
2940 5114 3092 5182 quod
3126 5113 3296 5166 Gallis
3345 5112 3511 5164 hodie
3543 5113 3656 5164 vit-

1959 5192 2095 5243 tuae.

2013 5207 2174 5329 ἔ((163)
2213 5259 2480 5324 Antwerf,
2543 5257 2602 5310 in
2635 5258 2892 5310 comitatu
2924 5254 3194 5329 Gozitonis
3220 5254 3448 5329 comitis.
3490 5253 3657 5306 Notet

1955 5322 2048 5385 hic
2077 5322 2251 5384 lector
2276 5322 2610 5382 comitatum
2643 5343 2742 5379 seu
2774 5341 3020 5378 marcam
3059 5322 3545 5391 Antverpiensem.

2027 5403 2169 5468 (164)
2208 5401 2580 5463 Eberhardus,
2612 5414 2763 5452 anno
2813 5397 2964 5468 1006,
3001 5395 3338 5468 constitutus
3377 5393 3492 5468 fuit
3538 5395 3656 5468 pri-

1955 5465 2082 5526 mus
2113 5473 2412 5541 episcopus
2455 5469 2714 5524 Ecclesiae
2750 5465 3202 5539 Bambergensis,
3253 5465 3506 5517 fundatm
3535 5483 3565 5518 a
3593 5467 3646 5518 S.

1959 5543 2196 5598 Henrico
2233 5545 2370 5595 tia’s.
