3938 6322
299 310 401 362 283

1601 309 1655 362 S.
1701 309 1990 364 HENBICI
2028 307 2510 364 IMPERATORIS

3711 311 3817 366 284

295 429 547 484 medium
578 428 788 484 animae
831 434 1044 484 nostra:
1085 434 1144 484 et
1170 429 1553 485 interventum
1599 431 1789 485 dilecti
1824 431 1991 485 abba-
2021 435 2067 486 Α
2103 431 2261 486 tione
2285 436 2365 498 ut,
2391 430 2436 485 si
2460 432 2588 502 quis
2610 430 2980 502 Ratisponen.
3006 432 3268 487 Ecclesia:
3296 433 3618 505 episcopus,
3654 433 3814 504 quod

295 518 368 571 tis
403 518 584 572 nostri
631 518 976 586 Godehardi,
1007 535 1176 572 suum
1201 520 1340 590 juge
1387 521 1769 590 devotumque
1821 518 1996 572 servi-

294 605 437 659 tium
493 605 881 676 inspicientes,
923 607 1271 660 monasterio
1311 623 1412 661 suo
1457 608 1664 661 Altaha
1707 607 1877 672 dicto,
1925 607 1994 660 ad

296 693 592 748 servitium
620 700 677 748 et
725 695 792 748 ad
847 711 1013 748 usum
1060 695 1301 748 fratrum
1338 697 1449 749 Deo
1496 695 1708 749 ibidem
1749 695 1998 749 servien-

298 782 465 848 tium,
488 783 548 835 in
569 783 704 836 villa
727 782 1163 854 Mundrichinga
1179 783 1328 837 dicta
1350 800 1522 837 unam
1543 783 1842 838 Ecclesiam
1865 800 1995 837 cum

298 870 475 924 dotali
533 887 730 924 manso
785 878 842 924 et
888 871 1109 925 duabus
1168 873 1427 942 partibus
1483 872 1883 926 decimationis
1927 873 1996 927 ad

296 960 539 1013 eandem
600 961 899 1013 Eeclesiam
955 961 1400 1031 pertinentibus,
1458 961 1604 1014 etin
1632 961 1767 1015 villa
1798 962 1994 1015 eadem

293 1047 466 1100 alium
502 1064 764 1101 mansum
795 1065 925 1101 cum
984 1049 1284 1120 mancipiis
1334 1050 1581 1103 Frudum
1615 1055 1671 1103 et
1705 1066 1875 1102 uxore
1907 1049 1994 1119 ip-

294 1135 410 1188 sius
445 1141 500 1188 et
527 1135 658 1189 ﬁliis
697 1152 916 1190 eorum.
953 1138 1014 1190 In
1044 1138 1424 1191 Siflinchoven
1457 1143 1648 1191 autem
1688 1143 1801 1190 tres
1830 1153 1992 1190 man-

292 1240 386 1276 sos
415 1240 543 1277 cum
594 1225 892 1293 mancipiis
936 1225 995 1278 in
1036 1226 1123 1278 bis
1173 1225 1581 1293 habitantibus,
1634 1226 1694 1278 in
1738 1226 1992 1295 Mangol-

295 1311 490 1380 tingen
513 1329 644 1365 vero
675 1313 938 1382 superius
963 1314 1443 1368 molendinarium
1473 1331 1604 1367 cum
1635 1314 1991 1382 molendino,

290 1398 351 1451 in
378 1398 549 1469 Ppago
605 1401 1021 1470 Duonagouue,
1071 1402 1132 1455 in
1187 1403 1464 1456 comitatu
1519 1419 1653 1456 vero
1689 1403 1987 1456 Buotberti

292 1487 515 1542 comitis
545 1489 687 1555 sitis,
739 1507 868 1543 cum
920 1491 1188 1544 omnibus
1229 1490 1581 1560 appendiciis
1629 1491 1744 1544 sive
1776 1491 1990 1545 utilita-

290 1576 445 1628 tibus
478 1592 602 1646 quae
633 1576 743 1629 dici
801 1581 897 1630 aut
925 1578 1212 1631 nominari
1252 1583 1511 1646 possunt,
1550 1594 1653 1647 per
1683 1579 1830 1632 hanc
1887 1595 1984 1632 no-

2103 519 2284 574 absit!
2317 521 2469 574 idem
2503 520 2916 574 monasterium
2947 521 3242 575 destruere
3271 523 3361 576 vel
3414 522 3816 577 monachicam

2102 609 2275 662 vitam
2308 608 2450 663 inibi
2480 609 2694 662 violare
2740 610 3191 678 praesumpserit,
3238 610 3600 682 praescriptus
3649 625 3820 663 man-

2105 714 2198 751 sus
2239 698 2449 752 iterum
2497 697 2567 751 ad
2615 698 2836 768 regales
2879 698 3076 752 redeat
3106 714 3344 765 manus;
3391 700 3437 752 si
3481 705 3676 752 autem
3711 699 3815 752 ﬁr-

2105 800 2262 838 mum
2297 790 2353 838 et
2407 784 2747 838 inviolatum
2793 786 3192 856 prmscriptum
3225 786 3640 841 monasterium
3675 803 3814 856 per-

2105 873 2396 940 manserit,
2448 873 2568 942 jam
2600 873 2783 926 dictus
2836 874 3008 928 abbas
3065 874 3384 928 Bonifacius
3440 874 3641 944 suique
3676 890 3812 927 suc-

2103 978 2351 1015 cessores
2381 961 2618 1015 liberam
2671 966 3011 1030 potestatem
3063 963 3332 1027 habeant,
3376 962 3597 1027 exinde,
3631 962 3810 1032 quid—

2102 1051 2235 1120 quid
2295 1051 2373 1104 eis
2423 1049 2721 1120 placuerit,
2781 1050 3024 1104 faciendi
3083 1051 3152 1105 ad
3225 1045 3427 1104 eorum
3497 1051 3813 1104 utilitatem

2104 1138 2382 1206 Eet-lesiae,
2443 1138 2603 1191 omni
2664 1138 2926 1192 videlicet
2991 1139 3291 1192 hominum
3357 1138 3816 1192 contradictione

2100 1233 2342 1280 remota.
2378 1229 2443 1280 Et
2487 1232 2551 1280 ut
2578 1227 2700 1280 haec
2740 1232 2951 1281 nostra:
3001 1227 3328 1281 donationis
3360 1227 3666 1280 auctoritas
3697 1231 3814 1278 sta-

2099 1315 2231 1368 bilis
2270 1321 2326 1368 et
2373 1315 2707 1368 inconvulsa
2762 1316 2841 1368 ita
2888 1321 3242 1386 permaneat,
3293 1317 3402 1369 hoc
3457 1319 3815 1386 praeceptum

2101 1404 2232 1458 inde
2284 1403 2672 1472 conscriptum
2722 1420 2900 1457 manu
2939 1403 3175 1474 propria
3208 1403 3703 1458 corroboravimus
3753 1407 3814 1455 et

2100 1491 2284 1562 sigillo
2317 1496 2508 1546 nostro
2542 1492 2809 1561 insigniri
2833 1493 3128 1561 jussimus.

2171 1581 2399 1648 Signum
2443 1580 2626 1634 domni
2671 1581 2933 1634 Heinrici
2976 1582 3121 1647 regis
3178 1581 3548 1634 invictissimi.
3603 1577 3815 1645 (Mono-

295 1665 398 1717 stri
428 1666 696 1734 praecepti
743 1666 1013 1734 paginam
1046 1667 1412 1720 concedimus
1459 1672 1630 1737 atque
1689 1666 1984 1734 largimur,
2024 1707 2060 1758 Β
2099 1669 2391 1738 gramma.)

296 1755 354 1804 et
383 1752 451 1805 de
482 1758 673 1806 nostro
699 1753 827 1823 jure
853 1771 917 1807 ac
949 1755 1203 1808 dominio
1255 1755 1318 1808 in
1349 1771 1547 1809 eorum
1584 1756 1679 1825 jus
1711 1771 1773 1808 ac
1807 1755 1990 1809 domi-

297 1840 458 1893 nium
511 1841 747 1895 omnino
799 1842 1272 1908 transfundimus,
1317 1860 1384 1897 ea
1422 1844 1634 1914 quippe
1663 1844 1881 1897 ratione
1911 1850 1990 1912 ut,

296 1929 600 1997 przedictus
646 1931 817 1984 abbas
849 1931 1052 2002 suique
1084 1948 1431 1986 successores
1475 1949 1591 1985 una
1646 1949 1773 1985 cum
1805 1933 1995 1986 fratri-

296 2015 401 2069 bus
429 2015 570 2070 inibi
603 2018 716 2071 Deo
745 2019 1154 2074 famulantibus
1179 2021 1247 2074 de
1278 2019 1695 2091 praenominato
1754 2021 1906 2074 bono
1942 2025 1999 2073 et

297 2104 420 2172 ejus
485 2106 883 2162 utensibilibus
943 2109 1149 2162 dehinc
1212 2109 1452 2162 liberam
1522 2113 1862 2180 potestatem
1925 2109 1996 2162 ad

296 2206 665 2248 communem
699 2212 866 2250 usum
910 2197 1174 2263 fratrum,
1227 2198 1498 2268 quicquid
1557 2198 1638 2251 eis
1691 2197 1993 2267 placuerit,

297 2280 562 2349 faciendi,
621 2285 881 2338 omnium
939 2285 1240 2339 hominum
1270 2285 1720 2340 contradictione
1753 2291 1992 2339 remota.

300 2369 365 2422 Et
425 2375 488 2423 ut
538 2370 660 2425 haee
684 2377 894 2427 nostrae
951 2374 1276 2428 donationis
1328 2375 1638 2428 auctoritas
1682 2375 1902 2428 stabilis
1933 2379 1990 2427 et

297 2455 632 2512 inconvulsa
661 2467 995 2530 permaneat
1019 2463 1179 2516 omni
1199 2467 1477 2533 tempore,
1506 2463 1615 2516 hoc
1643 2467 1992 2533 praeceptum

298 2545 434 2600 inde
486 2549 873 2619 conscriptum
931 2567 1109 2604 manu
1165 2551 1401 2623 propria
1458 2552 1788 2606 roborantes
1827 2551 2001 2623 sigilli

305 2634 481 2688 nostri
510 2635 886 2706 impressione
907 2638 1175 2710 insigniri
1200 2640 1497 2710 jussimus.

370 2723 602 2790 Signum
644 2727 829 2781 domui
886 2730 1145 2797 Heinrici,
1193 2731 1338 2797 regis
1368 2730 1732 2783 invictissimi.
1792 2729 1995 2797 (Mono-

301 2817 592 2878 gramma.)

373 2901 696 2957 Guntherus
747 2904 1116 2958 cancellarius
1168 2905 1288 2959 vice
1341 2903 1604 2976 Willigisi
1655 2905 2002 2975 archicapel-

304 2989 421 3042 lani
447 2990 766 3059 recognovi.

377 3078 516 3130 Data
547 3094 636 3131 vui
686 3078 817 3132 Idus
846 3080 1074 3149 Aprilis,
1133 3081 1447 3135 indictione
1477 3098 1595 3147 vm,
1629 3097 1781 3135 anno
1814 3081 1884 3135 ab
1919 3081 2004 3134 in-

305 3164 634 3218 carnatione
665 3166 895 3220 Domini
929 3171 1083 3235 1009,
1118 3185 1266 3222 anno
1324 3185 1458 3222 vero
1507 3168 1704 3222 domni
1759 3168 2006 3223 Heiurici

306 3252 542 3306 secundi
575 3255 864 3324 regnantis
895 3262 1108 3310 octavo.

572 3345 770 3397 Actum
797 3346 1208 3417 Beganesburg
1236 3345 1494 3400 feliciter.
1531 3349 1736 3400 Amen.

1040 3453 1268 3508 XLVIII.

305 3513 418 3591 Rea:
449 3540 709 3594 Henricus
747 3542 804 3595 ΙΙ
833 3540 1001 3595 donat
1039 3545 1359 3596 monasterio
1409 3543 1537 3595 Pri‘d
1588 3555 1754 3609 prope
1812 3543 2003 3596 Ratis-

521 3610 713 3664 bonam
732 3627 980 3665 mansum
1009 3615 1243 3678 regalem
1272 3616 1332 3666 in
1359 3613 1495 3666 villa
1525 3613 1788 3666 Genstaii.

802 3696 988 3765 (Anno
1023 3701 1179 3767 1009,
1226 3702 1296 3752 20
1339 3699 1510 3769 Maii.)

735 3785 916 3854 [Ried,
942 3787 1036 3840 ubi
1054 3803 1244 3855 supra,
1275 3804 1406 3857 pag.
1435 3788 1578 3858 128.]

380 3873 444 3926 In
470 3871 702 3926 nomine
734 3879 942 3929 sanctae
988 3880 1042 3928 et
1085 3875 1391 3930 individua;
1435 3875 1746 3942 Trinitatis,
1788 3877 2005 3932 Hamm-

308 3976 403 4014 cus
434 3960 627 4014 divina
657 3962 878 4017 favente
907 3964 1211 4018 clementia
1242 3981 1358 4018 rex.

378 4050 432 4104 Si
469 4049 844 4106 Ecclesiarum
877 4053 976 4106 Dei
1033 4053 1155 4107 loca
1184 4054 1423 4123 alicujus
1478 4053 1616 4107 doni
1646 4053 2004 4108 incremento

307 4139 619 4193 sublimare
652 4141 1064 4208 studuerimus,
1098 4142 1264 4196 nobis
1293 4141 1590 4213 nostrique
1639 4143 1802 4212 regni
1832 4142 2005 4195 statui

2175 1757 2499 1811 Guntherus
2549 1756 2918 1811 cancellarius
2977 1756 3093 1810 vice
3143 1755 3406 1827 Willigisi
3466 1754 3820 1825 archicapel-

2105 1845 2221 1898 lani
2255 1845 2576 1914 recognovi.

2179 1935 2319 1987 Data
2356 1950 2454 1987 xm
2504 1934 2624 1987 Kal.
2669 1933 2844 2000 Junii,
2897 1933 3095 1988 indict.
3140 1948 3237 1999 vn,
3281 1949 3430 1987 anno
3492 1931 3816 1987 Dominicae

2105 2021 2516 2076 incarnationis
2552 2025 2707 2089 1009,
2756 2039 2906 2075 anno
2957 2038 3090 2076 vero
3131 2022 3331 2077 domui
3382 2021 3611 2077 Heurici
3661 2021 3818 2090 regis

2108 2112 2338 2165 secundi
2371 2111 2662 2180 regnantis
2683 2111 2946 2182 septimo.

2177 2203 2379 2254 Actum
2412 2200 2736 2269 Ratisponm
2761 2199 3021 2253 feliciter.
3062 2202 3265 2254 Amen.

2869 2342 3047 2396 XLIX.

2108 2452 2223 2504 Rea:
2250 2450 2509 2504 Henricus
2576 2449 2644 2501 Il
2678 2448 2844 2502 donat
2890 2448 3148 2501 Ecclesiae
3191 2446 3586 2514 Bambergensi
3644 2448 3821 2501 locum

2427 2521 2706 2574 Lichtowa.
2728 2521 2786 2572 in
2807 2534 2951 2587 pago
3001 2518 3271 2584 Nordgov.
3303 2521 3488 2572 situm.

2643 2607 2826 2678 (Anno
2855 2609 3011 2671 1009,
3044 2609 3077 2658 2
3097 2606 3279 2674 Julii.)

2376 2713 2562 2784 [Bied,
2593 2713 2783 2768 Codex
2811 2715 3048 2784 episcop.
3083 2712 3292 2766 Ratisb.
3328 2713 3372 2780 Ι,
3409 2712 3550 2780 129.]

2183 2822 2246 2875 In
2280 2821 2513 2874 nomine
2562 2825 2766 2873 sanctae
2819 2824 2874 2873 et
2921 2818 3238 2872 individuaa
3269 2817 3578 2883 Trinitatis,
3631 2819 3820 2874 ΗΕιΝ·

2114 2926 2266 2963 RICUS
2294 2909 2484 2964 divina
2514 2909 2739 2962 favente
2775 2907 3078 2962 clementia
3104 2923 3220 2961 rex.
3281 2923 3286 2930 ·

2039 2984 2079 3038 C
2191 2996 2497 3050 Dominicis
2561 3012 2678 3050 non
2731 2996 2968 3049 surdum
3026 2995 3348 3064 praebentes
3378 2993 3635 3048 auditum
3671 3012 3819 3066 pra:-

2115 3086 2291 3156 ceptis
2341 3091 2397 3140 et
2449 3085 2666 3138 deiﬁcis
2714 3083 3162 3154 obtemperando
3211 3083 3576 3138 suasionibus
3631 3100 3821 3154 quen-

2115 3173 2246 3227 dam
2294 3178 2506 3227 nostraa
2553 3177 2810 3243 paternae
2854 3172 3209 3226 haereditatis
3255 3172 3442 3225 locum
3491 3172 3824 3227 Babenberc

2115 3263 2328 3317 dictum
2360 3262 2420 3314 in
2452 3262 2645 3316 sedem
2689 3266 2745 3314 et
2785 3262 3008 3314 culmen
3040 3260 3399 3330 episcopatus
3429 3261 3820 3329 proveximus,

2115 3356 2171 3405 et
2205 3367 2445 3405 romana
2497 3349 2831 3403 auctoritate
2862 3349 2924 3402 in
2979 3349 3196 3402 honore
3229 3354 3436 3402 sanctae
3490 3349 3590 3402 Dei
3648 3349 3822 3419 geni-

2113 3439 2268 3493 tricis
2326 3439 2534 3504 Mariaa,
2596 3442 3040 3508 sanctorumque
3100 3437 3492 3508 apostolorum
3552 3437 3710 3492 Petri
3768 3443 3827 3492 et

2116 3528 2277 3583 Pauli
2336 3525 2713 3580 stabilivimus
2767 3531 2824 3579 et
2875 3527 3393 3593 corroboravimus,
3426 3521 3490 3580 ut
3520 3526 3664 3581 inibi
3718 3544 3822 3580 no-

2115 3623 2297 3671 strum
2333 3621 2772 3684 nostrorumque
2801 3619 3127 3684 parentum,
3157 3619 3213 3668 et
3251 3615 3472 3669 Ottonis
3501 3614 3688 3680 tercii,
3717 3617 3826 3684 hvi-

2115 3705 2318 3760 delicet
2375 3703 2733 3775 imperatoris
2789 3707 2844 3756 et
2901 3702 3271 3756 antecessoris
3326 3702 3527 3763 nostri,
3596 3703 3825 3757 celebre

2115 3810 2325 3848 nomen
2365 3793 2693 3859 haberetur,
2739 3797 2798 3844 et
2836 3791 2992 3861 jugis
3031 3807 3136 3860 pro
3180 3791 3444 3844 omnibus
3490 3791 3826 3846 orthodoxis

2112 3883 2299 3937 hostia
2330 3885 2691 3935 mactaretur.
2726 3879 2974 3934 Proinde
3009 3879 3234 3934 noverit
3281 3879 3540 3934 omnium
3587 3886 3821 3935 nostro-

2112 3987 2243 4024 rum
2277 3968 2535 4024 ﬁdelium
2569 3973 2686 4022 tam
2717 3984 2973 4038 praesens
3006 3972 3158 4030 aetas,
3196 3983 3370 4039 quam
3401 3973 3458 4021 et
3487 3969 3679 4021 futura
3711 3985 3819 4038 po-

2114 4059 2356 4125 steritas,
2413 4057 2657 4127 qualiter
2704 4074 2807 4110 nos
2853 4057 3139 4127 quendam
3192 4061 3398 4110 nostra:
3444 4056 3820 4126 proprietatis

2114 4148 2300 4200 locum
2354 4145 2605 4200 Lihtowa
2666 4145 2905 4212 dictum,
2963 4144 3023 4199 in
3074 4162 3222 4216 pago
3278 4147 3575 4215 Nortgowe
3633 4151 3689 4199 et
3756 4146 3822 4198 in

306 4227 360 4281 id
390 4229 668 4298 proﬁcere
712 4230 948 4284 minime
976 4229 1306 4286 difﬁdimus.
1350 4231 1708 4301 Quapropter
1741 4230 2002 4284 omnium
2036 4259 2078 4311 ι)
2119 4235 2392 4289 comitatu
2437 4233 2686 4288 Heinrici
2731 4234 2956 4287 comitis
2987 4234 3178 4298 situm,
3211 4233 3283 4287 ad
3328 4233 3566 4287 eandem
3617 4250 3822 4304 supra-

309 4316 513 4370 Christi
549 4316 823 4386 ﬁdelium,
876 4319 1249 4388 praesentium
1287 4319 1498 4374 scilicet
1535 4335 1598 4372 ac
1653 4319 2002 4384 futurorum,

308 4406 526 4457 noverit
554 4405 920 4470 {universitas
955 4409 1204 4479 qualiter
1255 4424 1381 4475 nos,
1442 4407 1622 4462 divini
1671 4406 1880 4460 amoris
1927 4406 2011 4460 in-

310 4490 538 4556 stinctu,
567 4508 670 4560 pro
699 4497 955 4549 remedio
989 4498 1196 4550 animae
1229 4503 1461 4564 nostrae,
1505 4497 1576 4550 ob
1622 4496 2010 4550 interventum

311 4583 367 4630 et
403 4578 741 4646 petitionem
799 4583 1092 4651 Bonifacii,
1128 4586 1413 4639 Prulensis
1443 4584 1685 4650 abbatis,
1723 4584 1830 4638 sibi
1882 4601 2010 4637 suo-

311 4681 422 4734 que
447 4667 788 4721 monasterio
828 4668 889 4722 in
920 4670 1198 4725 honorem
1231 4673 1408 4726 sancti
1438 4673 1842 4728 Bartholomaai
1873 4689 2009 4744 apo-

309 4752 438 4806 stoli
466 4758 786 4808 constructo
838 4762 1008 4826 atque
1066 4759 1320 4814 dedicato
1355 4777 1536 4814 unum
1566 4763 1816 4833 regalem
1849 4778 2011 4816 man-

309 4858 456 4906 sum,
493 4857 663 4910 quem
695 4849 864 4897 antea
921 4846 1184 4900 Waltrico
1242 4849 1930 4919 concessum'habuimus,
1952 4849 2012 4903 in

311 4931 446 4984 villa
499 4931 746 4984 Genstall
797 4932 966 4997 dicta,
1021 4933 1082 4987 in
1139 4951 1286 5005 pago
1326 4937 1697 5008 Tunagouue,
1747 4939 1806 4992 in
1839 4938 2008 5004 comi,

310 5023 434 5073 tatu
491 5019 730 5089 Ruperti
763 5019 958 5086 situm,
991 5038 1122 5076 cum
1171 5023 1437 5078 omnibus
1491 5025 1612 5094 ejus
1641 5026 2014 5097 appendiciis-

312 5108 415 5162 viis
441 5113 498 5163 et
526 5108 714 5175 inviis,
747 5108 915 5163 cultis
949 5115 1004 5163 et
1031 5109 1283 5178 incultis,
1341 5112 1584 5168 exitibus
1629 5120 1684 5168 ct
1714 5113 2012 5180 reditibus,

312 5197 569 5268 quaesitis
615 5199 730 5254 sive
791 5199 1168 5269 inquirendis,
1216 5218 1317 5256 seu
1348 5219 1476 5256 cum
1509 5203 1777 5257 omnibus
1810 5202 2017 5255 utilita-

313 5286 464 5340 tibus
519 5304 650 5358 quaa
703 5287 959 5359 quolibet
1013 5289 1181 5342 modo
1235 5290 1346 5344 dici
1403 5296 1503 5344 aut
1549 5291 1721 5345 scribi
1779 5294 2017 5361 possunt

315 5390 417 5443 per
446 5375 591 5430 hanc
623 5384 874 5431 nostram
907 5378 1159 5448 regalem
1205 5379 1477 5448 paginam
1532 5378 1899 5434 concedimus
1929 5383 2014 5433 at-

316 5477 427 5531 que
449 5462 748 5534 largimur,
773 5471 830 5520 et
859 5466 927 5520 de
956 5471 1150 5520 nostro
1171 5467 1303 5537 jure
1329 5473 1386 5521 et
1404 5469 1660 5523 dominio
1679 5469 1739 5522 in
1772 5468 1894 5537 ejus
1919 5468 2015 5538 jus

317 5555 372 5604 et
399 5549 716 5606 dominium
750 5555 984 5609 omnino
1011 5556 1488 5623 transfundimus,
1531 5574 1597 5611 ea
1632 5557 1893 5611 videlicet
1927 5574 2012 5612 ra-

2114 4325 2324 4380 dictam
2353 4323 2736 4392 episcopalem
2787 4323 2999 4382 sedem.
3043 4339 3156 4376 una
3203 4338 3332 4376 cum
3381 4321 3649 4375 omnibus
3697 4324 3828 4391 ejus

2119 4411 2471 4484 appendiciis
2519 4411 2635 4464 sive
2686 4410 3130 4477 adhaerentibus,
3182 4410 3438 4464 videlicet
3487 4411 3658 4463 rebus
3697 4427 3824 4463 mo-

2118 4503 2330 4556 bilibus
2388 4507 2445 4555 et
2497 4500 2909 4564 immobilibus,
2968 4515 3030 4554 ac
3086 4499 3304 4553 caeteris
3353 4499 3642 4562 omnibus,
3694 4515 3829 4569 quae

2119 4588 2286 4643 scribi
2319 4593 2418 4641 aut
2465 4587 2740 4658 appellari
2785 4592 3029 4657 possunt
3074 4586 3333 4657 quolibet
3379 4586 3570 4650 modo,
3601 4585 3829 4638 utilita—

2119 4679 2293 4746 tibus,
2344 4676 2448 4730 hac
2498 4681 2696 4730 nostra
2744 4675 3076 4746 praeceptali
3124 4675 3358 4746 pagina,
3399 4680 3572 4745 prout
3602 4674 3832 4728 ﬁrmius

2119 4782 2446 4837 possumus,
2503 4766 2784 4819 donamus
2834 4770 3005 4835 atque
3057 4764 3503 4835 proprietamus,
3565 4763 3830 4817 omnium

2119 4854 2573 4909 contradictione
2604 4858 2843 4907 remota.
2878 4855 2945 4907 Et
2995 4859 3055 4907 ut
3093 4853 3213 4907 hac
3258 4858 3468 4906 nostras
3519 4852 3830 4905 auctorita-

2119 4941 2191 4993 tis
2246 4941 2474 4995 traditio
2530 4940 2699 4994 ﬁrma
2763 4946 2821 4995 et
2873 4941 3210 4995 inconvulsa
3269 4943 3622 5010 permaneat,
3681 4939 3833 4993 hanc

2119 5029 2389 5099 paginam
2459 5028 2592 5082 inde
2667 5029 3049 5099 conscriptam
3106 5029 3278 5099 sigilli
3344 5028 3523 5082 nostri
3579 5027 3831 5096 impres-

2121 5115 2280 5169 sione
2312 5132 2486 5170 manu
2539 5115 2774 5187 propria
2825 5117 3164 5172 roborantes
3211 5115 3486 5185 jussimus
3538 5115 3826 5184 insigniri.

2192 5205 2420 5272 Signum
2470 5206 2654 5259 damni
2699 5206 2961 5260 Heinrzci
3000 5206 3222 5260 secundi
3262 5207 3404 5272 regis
3451 5204 3827 5259 invictissimi.

2123 5292 2596 5364 (Monogramma.)

2192 5382 2518 5436 Guntherus
2573 5382 2949 5437 cancellarius
3017 5383 3137 5438 vice
3213 5382 3593 5437 Erchanbaldi
3651 5382 3831 5435 archi-

2123 5470 2444 5524 cancellarii
2472 5475 2796 5542 recognovi.

2197 5560 2336 5614 Data
2381 5577 2432 5612 v1
2488 5561 2639 5614 Non.
2704 5559 2837 5615 Iulii
2890 5559 3200 5615 indictione
3249 5576 3366 5621 vm,
3422 5573 3572 5611 anno
3637 5556 3827 5612 Domi-
