3938 6324
358 288 450 340 291

1654 278 1708 331 S.
1754 277 2042 333 HENRICI
2081 275 2554 332 IMPERATORIS

3765 272 3880 322 292

353 410 622 464 rishusun
644 413 732 462 est
757 404 1246 476 nuncupatum,in
1276 419 1424 474 pago
1449 401 1687 457 Volcfelt
1705 406 1761 454 et
1789 401 1850 454 in
1870 399 2041 454 comi-
2075 401 2119 454 A
2157 399 2493 470 aquilonem
2522 395 2924 462 terminantur,
2962 408 3067 464 per
3093 392 3241 446 hanc
3283 395 3537 446 nostram
3586 392 3882 462 prmcepit

355 501 477 550 tatu
506 495 776 550 Tietmari
806 493 1032 549 comitis
1063 493 1258 558 situm,
1293 492 1362 544 ad
1391 491 1630 544 eandem
1661 489 2046 558 supradictam

354 584 734 654 episcopalem
767 583 956 636 sedem
1000 580 1319 634 Bavenherc
1366 595 1493 632 cum
1543 578 1808 630 omnibus
1848 593 2045 630 eorum

359 671 818 742 appertinentiis,
853 669 1115 724 videlicet
1168 667 1335 727 villis,
1392 666 1552 734 vicis,
1623 666 1894 732 ecclesiis,
1955 682 2045 719 ca-

357 760 543 830 pellis,
576 760 747 812 servis
769 764 826 811 et
865 758 1101 824 ancillis,
1140 756 1304 821 areis,
1338 753 1613 819 aediﬁciis,
1673 754 1840 807 terris
1880 753 2049 806 cultis

357 852 413 901 et
440 847 690 912 incultis,
726 847 850 912 viis,
892 845 1079 912 inviis,
1130 843 1371 898 exitibus
1403 847 1460 897 et
1499 842 1802 909 reditibus,
1837 841 2048 911 quaesi-

353 936 424 989 tis
476 936 564 989 vel
621 934 1000 1005 inquirendis,
1065 933 1238 999 silvis,
1323 930 1558 1002 saginis,
1626 931 2045 997 venationibus,

351 1023 534 1094 aquis,
569 1005 999 1093 piscationibus,
1049 1021 1242 1088 molis,
1307 1019 1674 1084 molendinis,
1718 1019 1888 1072 rebus
1922 1035 2050 1071 mo-

358 1110 573 1164 bilibus
603 1116 655 1164 et
689 1108 1082 1164 immobilibus
1108 1125 1171 1161 ac
1199 1107 1418 1161 caateris
1449 1107 1739 1172 omnibus,
1789 1122 1917 1176 quae
1944 1105 2049 1158 rite

353 1197 522 1251 scribi
553 1204 652 1251 aut
679 1196 957 1267 appellari
1009 1201 1247 1266 possunt
1298 1195 1559 1266 quolibet
1598 1195 1792 1262 modo,
1842 1195 2051 1248 utilita-

350 1286 505 1339 tibus
534 1287 638 1338 hac
662 1290 870 1338 nostra;
899 1283 1251 1337 auctoritatis
1271 1283 1612 1353 prazceptali
1644 1283 1854 1352 pagina
1879 1287 2051 1352 prout

351 1373 572 1427 ﬁrmius
597 1389 916 1443 possumus,
952 1373 1251 1437 donamus,
1309 1377 1480 1442 atque
1513 1372 1774 1424 omnium
1815 1375 2047 1424 contra-

350 1461 599 1514 dictione
648 1467 869 1514 remota
901 1460 1344 1530 proprietamus,
1402 1459 1805 1529 praecipientes
1858 1463 1924 1512 ut
1989 1458 2050 1511 in

358 1551 471 1602 Deo
526 1549 764 1602 dilectus
818 1548 983 1601 nobis
1035 1563 1186 1617 saepe
1245 1547 1409 1601 dicta:
1485 1547 1633 1601 sedis
1693 1546 2049 1601 Eberhardus

357 1637 577 1706 primus
609 1637 910 1706 episcopus
938 1637 1179 1689 liberam
1210 1636 1417 1688 dehinc
1475 1635 1681 1689 habeat
1711 1640 2048 1704 putestatem

356 1726 557 1797 suique
581 1742 951 1790 successores,
995 1725 1144 1778 idem
1169 1725 1560 1794 supradictum
1610 1725 1890 1796 praedium
1923 1741 2051 1778 cum

358 1814 623 1868 omnibus
653 1814 769 1868 suis
809 1813 1162 1883 appendiciis
1223 1814 1478 1881 tenendi,
1547 1814 1892 1884 possidendi,
1952 1830 2049 1866 seu

355 1903 636 1973 quidquid
659 1902 766 1956 sibi
805 1903 980 1955 libeat
1016 1901 1197 1955 modis
1230 1901 1494 1955 omnibus
1521 1901 1580 1954 in
1619 1917 1784 1955 usum
1825 1900 2049 1971 episco-

355 2000 518 2065 patus
545 1995 679 2048 inde
709 1993 973 2047 faciendi.
1006 1993 1062 2047 Si
1091 1993 1218 2063 quis
1244 1993 1440 2063 igitur,
1471 1993 1623 2063 quod
1665 1992 1812 2046 absit
1839 1991 1849 2045 Ξ
1881 1992 2051 2062 hujus

355 2088 564 2138 nostrae
597 2083 921 2137 donationis
948 2081 1402 2135 muniﬁcentiam
1463 2082 1754 2135 destruere
1785 2098 1883 2134 seu
1925 2082 2048 2134 vio-

355 2173 471 2224 lare
503 2172 821 2241 praesumit,
864 2171 922 2223 in
953 2171 1044 2224 die
1069 2169 1273 2240 judicii
1320 2186 1511 2223 coram
1563 2169 1741 2223 oculis
1783 2169 1883 2222 Dei
1935 2174 2050 2222 tor-

359 2267 554 2313 mento
611 2259 1038 2328 inextinguibili
1083 2259 1223 2311 luat.
1279 2259 1442 2321 Quod
1493 2274 1565 2312 ne
1631 2258 1752 2324 ﬁat,
1805 2257 1903 2310 sed
1934 2258 2053 2310 base

357 2353 552 2401 nostra
597 2347 825 2401 traditio
857 2346 1268 2417 perpetualiter
1330 2346 1673 2399 inviolabilis
1729 2351 2048 2416 permanet,

355 2436 500 2488 hanc
530 2436 782 2488 chartam
815 2435 944 2488 inde
982 2434 1361 2503 conscriptam
1393 2449 1566 2486 manu
1618 2433 1850 2504 propria
1881 2433 2051 2488 robo-

355 2529 547 2576 rantes
569 2523 737 2593 sigilli
759 2523 938 2576 nostri
969 2521 1345 2591 impressione
1368 2520 1941 2591 insignirijussimus.

422 2611 654 2678 Signum
681 2611 889 2664 domini
935 2609 1157 2664 secundi
1185 2611 1430 2663 Heinrici
1479 2611 1626 2678 regis
1676 2608 2048 2665 invictissimi.

424 2699 766 2753 Guntherius
829 2698 1200 2751 cancellarius
1255 2697 1374 2750 vice
1450 2697 1713 2767 Willigisi
1766 2698 2053 2768 archicap-

351 2787 568 2858 pellani
599 2787 746 2855 (1635)
780 2786 988 2840 notavi.

424 2878 565 2930 Data
596 2877 682 2929 Kl.
715 2875 869 2930 Junii
899 2874 1211 2927 indictione
1243 2890 1359 2941 vm,
1413 2889 1564 2926 anno
1630 2874 1938 2928 Dominica‘.
1971 2875 2053 2927 in-

2157 488 2426 559 paginam
2451 485 2815 539 concedimus
2845 489 3016 554 atque
3050 481 3348 551 largimur,
3409 497 3537 534 cum
3591 480 3882 534 omnibus

2159 575 2512 647 appendiciis
2544 573 2614 628 ad
2647 573 2880 627 eosdem
2934 569 3322 642 pertinentiis,
3377 570 3545 635 areis,
3580 569 3878 630 aediﬁciis,

2161 665 2325 718 terris
2375 664 2540 718 cultis
2585 667 2638 716 et
2671 661 2920 727 incultis,
2959 660 3159 732 pratis,
3209 660 3456 730 pascuis,
3505 676 3879 730 aquarumve

2158 753 2510 817 decursibus,
2551 749 2919 814 molendinis,
2954 749 3388 819 piscationibus,
3432 748 3876 812 venationibus,

2161 842 2328 912 sylvis
2383 839 2696 910 extirpatis,
2741 840 2828 892 vel
2897 839 3081 891 adhuc
3125 837 3499 908 extirpandis,
3560 853 3658 890 seu
3732 853 3879 889 cum

2161 930 2448 996 omnibus,
2485 945 2611 1000 quia
2643 927 2755 981 dici
2795 932 2895 980 aut
2948 925 3240 979 nominari
3298 929 3555 996 possunt,
3595 926 3883 979 utensili—

2161 1021 2285 1085 bus,
2329 1025 2384 1072 et
2414 1019 2482 1072 de
2539 1023 2730 1071 nostro
2765 1017 2894 1086 jure
2952 1032 3016 1068 ac
3074 1014 3330 1067 dominio
3363 1013 3422 1066 in
3471 1014 3594 1083 ejus
3653 1015 3746 1084 jus
3813 1031 3884 1066 ac

2161 1107 2480 1162 dominium
2501 1105 2737 1159 omnino
2765 1103 3240 1158 transfundimus.
3283 1104 3347 1156 Et
3377 1103 3591 1173 quippe
3637 1103 3883 1156 ratione

2163 1203 2224 1250 ut
2252 1196 2552 1267 praedictus
2581 1193 2768 1265 {abbas
2825 1193 3028 1263 suique
3078 1208 3430 1246 successores
3472 1191 3674 1245 exinde
3723 1191 3883 1244 libe-

2160 1301 2282 1338 ram
2327 1285 2578 1338 habeant
2624 1286 2970 1352 potestatem
3002 1280 3259 1348 tenendi,
3321 1279 3722 1333 commutandi
3779 1280 3882 1333 vel

2161 1372 2442 1442 quidquid
2476 1371 2555 1424 eis
2602 1371 2662 1425 in
2717 1385 2884 1422 usnm
2921 1367 3336 1438 praedictorum
3401 1368 3642 1421 fratrum
3691 1383 3880 1437 agere

2161 1462 2410 1515 libuerit.
2481 1463 2544 1514 Et
2592 1465 2653 1513 ut
2711 1460 2833 1513 haec
2877 1463 3086 1512 nostrae
3147 1456 3475 1512 donationis
3527 1457 3876 1518 auctoritas,

2162 1550 2421 1604 omnium
2453 1548 2755 1603 hominum
2805 1545 3255 1601 contradictione
3286 1550 3524 1612 remota,
3559 1545 3787 1598 stabilis
3818 1551 3883 1597 et

2162 1640 2329 1692 ﬁrma
2401 1642 2641 1703 constet,
2694 1636 2840 1689 hanc
2906 1635 3160 1688 chartam
3219 1649 3286 1686 ex
3360 1638 3552 1686 nostra
3599 1633 3882 1703 jussione

2165 1726 2547 1795 conscriptam
2601 1741 2666 1778 ac
2737 1723 3040 1794 signatam,
3126 1721 3360 1793 propria
3419 1739 3590 1775 manu
3659 1723 3880 1776 subtus

2165 1814 2539 1868 lirmavimus.

2236 1905 2377 1956 Data
2409 1919 2484 1956 v11
2531 1901 2768 1956 Kalend.
2819 1900 2975 1967 Julii,
3006 1899 3200 1954 indict.
3255 1915 3328 1965 Ix,
3363 1915 3513 1953 anno
3546 1899 3877 1953 Dominicae

2168 1990 2578 2044 incarnationis
2611 1992 2767 2056 1011,
2815 2004 2963 2041 anno
3012 2004 3145 2041 vero
3205 1988 3424 2041 domini
3479 1988 3731 2042 Heinrici
3789 2006 3882 2042 se-

2164 2081 2336 2135 cundi
2367 2078 2662 2150 regnantis
2689 2095 2743 2132 x.
2778 2079 2940 2132 Actm
2968 2077 3361 2147 Regenspurg.

2920 2185 3102 2238 LVIII.

2233 2276 2295 2329 S.
2364 2276 2585 2328 Henrici
2628 2276 2757 2342 imp.
2813 2273 3059 2396 giploma
3121 2271 3312 2410 dqt|um
3362 2286 3461 2340 pro
3535 2273 3881 2325 monasterio

2855 2358 3204 2408 egcmscensz.

2855 2358 3204 2408 θρθνηεθθηει.

2813 2431 3007 2501 (Anno
3043 2431 3222 2499 tOH.)

2166 2523 2314 2591 [Pez,
2357 2521 2496 2575 Cod.
2549 2520 2772 2590 diplom.
2833 2521 2960 2574 hist.
3013 2521 3194 2588 cpist.,
3256 2534 3321 2571 ex
3376 2517 3516 2572 bibl.
3565 2519 3876 2587 Tegerns.j

2234 2611 2300 2663 In
2331 2609 2565 2662 nomine
2626 2613 2836 2662 sanctae
2875 2615 2930 2661 et
2984 2606 3301 2660 individuaa
3349 2606 3664 2673 Trinitatis,
3711 2608 3876 2660 Heu-

2164 2715 2314 2752 mcus
2342 2697 2548 2752 Divina
2577 2697 2800 2751 favente
2839 2696 3145 2750 clementia
3172 2711 3287 2748 rex.

2235 2786 2460 2841 Cunctis
2517 2785 2726 2839 nostris
2791 2785 3058 2838 ﬁdelibus
3121 2788 3323 2837 notum
3387 2799 3508 2836 esse
3576 2784 3876 2847 volumus,

2161 2874 2539 2945 praesentibus
2570 2874 2784 2927 scilicet
2813 2879 2986 2944 atque
3022 2873 3250 2941 futuris,
3303 2872 3548 2942 qualiter
3605 2888 3735 2939 nos,
3800 2877 3880 2928 ob

354 2964 699 3017 carnationis
754 2962 1060 3016 millesimo
1115 2964 1171 3023 X,
1218 2977 1368 3014 anno
1415 2979 1548 3016 vero
1579 2963 1779 3017 domni
1820 2963 2054 3017 secundi
2085 2962 2124 3017 C
2161 2963 2369 3017 animas
2419 2968 2632 3017 nostra:
2673 2967 3121 3032 nostrorumque
3179 2965 3479 3032 parentum
3513 2962 3876 3030 remedium,

359 3052 610 3109 Heinrici
641 3051 934 3120 regnantis
966 3066 1079 3103 νιιι.

426 3143 627 3195 Actum
659 3139 962 3209 Mogontiae
992 3138 1251 3192 feliciter.
1277 3142 1482 3204 Amen,

1137 3227 1294 3280 LVII.

427 3316 484 3370 S.
519 3317 736 3370 Henrici
760 3317 1111 3385 privilegium
1132 3331 1235 3383 pro
1278 3316 1500 3368 ecclesia
1525 3315 1835 3371 Altahensi.

999 3405 1185 3473 (Anno
1225 3403 1402 3473 1011.)

536 3491 844 3562 [Ludewig,
889 3494 1069 3561 Scrip.
1128 3507 1236 3545 rer.
1273 3494 1478 3557 Germ,
1534 3491 1577 3554 Ι,
1621 3490 1871 3559 335-36.]

424 3583 489 3635 In
523 3581 757 3635 nomine
789 3587 998 3634 sanctas
1028 3585 1086 3633 ct
1133 3579 1448 3633 individuae
1503 3578 1814 3638 Trinitatis,

353 3684 508 3723 mens
541 3669 732 3721 divina
761 3668 984 3721 favente
1006 3668 1309 3721 clementia
1338 3684 1459 3720 rex.

424 3757 485 3810 Si
510 3757 642 3826 quid
677 3773 781 3810 nos
815 3755 1084 3809 Ecclesias
1118 3756 1236 3821 Dei,
1289 3757 1374 3809 vel
1409 3756 1466 3809 in
1524 3755 1738 3809 eisdem
1796 3754 2052 3808 servien-

353 3851 460 3912 tes,
518 3845 586 3898 de
640 3845 849 3898 nostris
894 3845 1075 3898 ditare
1144 3845 1552 3909 studuerimus,
1619 3844 1818 3914 procul
1873 3843 2048 3896 dubio

357 3932 828 3985 immarcessibile
860 3931 1162 4001 praemium
1194 3932 1252 3985 in
1302 3932 1494 3986 futuro
1547 3947 1840 4003 capessere
1872 3930 2050 3983 credi-

355 4037 502 4074 mus.
537 4019 660 4083 Qua
708 4020 778 4074 de
807 4036 868 4074 re
899 4020 1115 4074 cunctis
1143 4021 1409 4075 ﬁdelibus
1457 4021 1686 4086 nostris,
1747 4018 2052 4090 praesenti-

354 4109 460 4162 bus
490 4108 704 4162 scilicet
731 4113 900 4179 atque
932 4108 1157 4172 futuris,
1193 4114 1393 4162 notum
1447 4125 1568 4162 esse
1611 4109 1876 4161 volumus
1906 4122 2053 4176 qua-

352 4197 486 4252 liter
515 4214 643 4266 nos,
706 4203 938 4251 internae
987 4197 1114 4251 vitae
1171 4197 1452 4251 desiderio
1517 4195 1880 4262 inﬂammati,
1937 4201 2052 4249 tam

1882 3580 2050 3632 Hem-

353 4301 457 4356 pro
497 4285 755 4338 remedio
787 4285 996 4338 animm
1039 4290 1248 4338 nostra:
1279 4300 1450 4355 quam
1499 4289 1805 4354 parentum
1837 4288 2056 4336 nostro-

356 4389 506 4438 rum,
542 4389 645 4426 nec
677 4389 796 4426 non
847 4378 903 4426 et
939 4373 1265 4426 interventu
1319 4373 1539 4426 dilectas
1579 4371 1910 4424 contectalis
1947 4388 2054 4425 no-

355 4466 488 4514 strae
521 4460 947 4529 Chunegundae,
1005 4464 1061 4513 et
1091 4475 1196 4530 pro
1252 4459 1445 4512 dilecti
1495 4458 1818 4510 Altahensis
1875 4458 2053 4511 Gode-

354 4549 519 4602 hardi
551 4548 876 4618 gratissimo
925 4548 1223 4618 obsequio,
1265 4547 1451 4600 eidem
1488 4545 1746 4599 Ecclesiae
1803 4546 1896 4599 cui
1925 4546 2046 4616 ipse

355 4652 596 4706 praeesse
646 4636 889 4703 videtur,
937 4636 996 4689 in
1036 4652 1205 4688 usum
1260 4635 1676 4688 monachorum
1734 4634 1876 4688 inibi
1933 4636 2046 4688 Deo

357 4725 786 4792 famulantium,
819 4727 878 4778 in
911 4725 1141 4778 marcha
1197 4728 1253 4776 et
1280 4722 1561 4776 comitatu
1607 4722 1853 4776 Heinrici
1903 4739 2050 4777 mar-

355 4813 599 4881 chionis,
635 4814 829 4869 decem
862 4814 1081 4884 regales
1116 4828 1364 4875 mansos,
1398 4811 1549 4864 inter
1607 4811 1710 4865 hos
1771 4812 2048 4865 terminos

353 4919 506 4969 suos,
545 4904 680 4956 item
720 4903 778 4955 in
798 4901 1066 4955 orientali
1098 4901 1266 4970 plaga
1317 4898 1385 4952 de
1433 4899 1529 4952 illo
1561 4900 1703 4952 vallo
1734 4903 1789 4952 et
1830 4900 2049 4954 duabus

353 4991 670 5054 arboribus,
702 4991 874 5059 vulgo
932 4990 1181 5043 Felevun
1227 4987 1410 5053 dictis,
1471 4988 1666 5040 subtus
1703 4986 1898 5040 villam
1937 4989 2048 5042 Ab-

352 5079 540 5134 batorf
563 5080 796 5141 dictam,
834 5093 1013 5148 usque
1070 5075 1305 5129 ﬂuvium
1358 5075 1622 5140 Danubii,
1659 5080 1714 5128 et
1741 5075 1874 5128 inde
1915 5092 2048 5129 rur-

352 5185 480 5222 sum
509 5169 571 5222 in
626 5166 931 5222 latitudine
980 5180 1160 5234 usque
1218 5163 1279 5216 in
1331 5163 1738 5216 occidentalem
1797 5164 2046 5234 plagam,

353 5257 421 5311 ad
452 5257 764 5311 terminum
787 5252 1093 5308 ministerii
1131 5251 1438 5321 Sigimares
1466 5251 1708 5316 Weride,
1760 5251 1817 5305 in
1863 5253 2048 5323 longi-

353 5345 551 5400 tudine
607 5360 764 5412 vero,
831 5343 901 5397 de
967 5339 1227 5394 Danubio
1284 5355 1467 5411 usque
1519 5341 1588 5394 ad
1643 5340 1926 5411 Wagreim
1979 5341 2049 5395 ad

2087 4240 2125 4294 Ο

2159 3058 2506 3122 ωῐθνηωρυθ
2561 3050 2693 3105 vitae
2727 3050 3096 3117 desiderium,
3149 3050 3468 3103 interventu
3504 3065 3742 3119 quoque
3785 3053 3876 3105 di-

2158 3141 2289 3196 lecti
2345 3140 2524 3194 nostri
2577 3139 2919 3204 Godehardi,
2969 3139 3189 3193 abbatis
3235 3137 3592 3191 Altacbensis
3645 3140 3879 3206 praedia

2160 3229 2424 3301 quaedam
2483 3228 2778 3299 cujusdam
2839 3227 3070 3281 artiﬁcis
3153 3225 3503 3296 Perengarii,
3593 3243 3728 3297 quae
3797 3229 3874 3281 ad

2159 3316 2577 3371 monasterium
2643 3317 2697 3370 S.
2769 3315 2992 3380 Quirini
3021 3316 3088 3369 M.
3127 3316 3197 3369 ad
3250 3315 3566 3384 Tegernsee
3614 3315 3877 3384 pertine-

2157 3406 2314 3468 bant,
2367 3422 2434 3460 eo
2483 3405 2634 3475 quod
2693 3405 2845 3458 idem
2897 3421 3090 3457 servus
3164 3403 3421 3474 ejusdem
3474 3409 3624 3457 esset
3683 3405 3878 3458 Eccle-

2161 3495 2280 3560 siae,
2339 3494 2408 3548 ab
2490 3495 2836 3563 Imperatore
2927 3492 3157 3560 Ottone,
3246 3497 3439 3546 nostro
3503 3498 3875 3547 antecessore

2158 3584 2216 3636 in
2275 3583 2508 3636 Francia
2558 3587 2612 3635 et
2679 3581 2737 3636 in
2809 3581 3083 3653 Turingia
3141 3581 3250 3635 sibi
3302 3598 3567 3635 concessa
3626 3582 3692 3635 in
3759 3599 3874 3636 no-

2161 3676 2342 3724 strum
2369 3672 2463 3740 jus
2495 3669 2836 3724 cambicndo
2868 3671 3177 3740 recipimus
3209 3687 3222 3723 :
3266 3676 3499 3723 econtra
3551 3686 3690 3724 vero
3720 3672 3875 3724 ultra

2162 3759 2398 3811 ﬂuvium
2444 3758 2666 3812 Ainzim
2698 3758 2756 3811 in
2816 3758 3089 3812 comitatu
3150 3757 3376 3812 Henrici
3424 3759 3780 3812 marchionis
3810 3759 3870 3812 in

2166 3860 2489 3917 opportuno
2531 3848 2652 3900 loco
2697 3847 2860 3917 juxta
2920 3848 3204 3917 praadium
3255 3848 3511 3918 ejusdem
3579 3848 3872 3910 Ecclesiae,

2164 3935 2518 3988 Creberbach
2554 3935 2794 4000 dictum,
2827 3935 2884 3988 in
2918 3935 3233 3989 meridiana
3261 3937 3434 4006 plaga
3472 3935 3878 4006 interjacentis

2163 4027 2352 4077 stratae
2383 4022 2648 4093 publica},
2704 4039 2832 4094 quae
2865 4024 3309 4079 Hochenstrassa
3353 4025 3523 4094 vulgo
3565 4041 3874 4095 nuncupa-

2162 4116 2274 4176 tur,
2309 4117 2532 4181 partem
2577 4111 2754 4178 silvae,
2816 4112 3105 4166 Enisiwalt
3161 4113 3350 4179 dictae,
3403 4113 3584 4166 liobas
3640 4115 3878 4183 regales

2163 4199 2459 4270 sexaginta
2511 4200 2582 4254 ad
2636 4201 3027 4270 supradictum
3076 4203 3402 4256 ccenobium
3444 4204 3772 4271 Tegernsee
3814 4204 3876 4256 in

2167 4303 2335 4341 usum
2393 4288 2805 4353 monachorum
2884 4288 3029 4343 inibi
3101 4290 3216 4344 Deo
3291 4291 3723 4359 famulantium,
3767 4308 3878 4362 per

2163 4376 2312 4430 hanc
2366 4376 2546 4430 nostri
2619 4377 2890 4447 praecepti
2941 4378 3214 4448 paginam
3255 4379 3647 4443 concedimus,
3686 4385 3745 4433 et
3803 4381 3875 4434 de

2162 4460 2503 4528 nostrojnre
2532 4460 2778 4529 injusac
2804 4460 3127 4515 dominium
3157 4476 3378 4527 eorum,
3415 4476 3545 4513 cum
3595 4461 3874 4515 omnibus

2159 4548 2502 4602 utensilibus
2580 4565 2709 4618 quae
2758 4549 2837 4603 ibi
2892 4549 3138 4602 inveniri
3206 4549 3294 4602 vel
3357 4549 3538 4618 aptari
3600 4556 3872 4618 possunt,

2160 4653 2394 4708 prorsus
2419 4637 2893 4704 transfundimus,
2933 4642 2988 4691 et
3019 4638 3065 4691 si
3092 4637 3171 4691 ibi
3199 4638 3260 4690 in
3292 4637 3580 4707 integrum
3616 4637 3872 4692 inventae

2160 4742 2279 4779 non
2308 4725 2541 4794 fuerint,
2578 4726 2639 4779 in
2668 4727 2932 4795 proximo
2960 4727 3084 4780 loco
3118 4730 3316 4780 nostro
3358 4727 3764 4796 suppleantur,
3807 4745 3875 4782 eo

2160 4813 2426 4867 videlicet
2453 4818 2653 4868 tenore
2698 4819 2760 4867 ut
2812 4814 2966 4868 illius
3015 4813 3124 4868 loci
3182 4814 3414 4868 abbates
3478 4814 3680 4868 exinde
3725 4816 3873 4870 libe-

2162 4917 2285 4954 ram
2315 4901 2564 4955 habeant
2616 4902 3046 4971 potestatemin
3078 4918 3246 4956 usum
3305 4903 3620 4957 eorundem
3661 4919 3876 4973 mona-

2163 4989 2424 5053 chorum,
2472 4990 2748 5061 quicquid
2798 4991 2879 5044 eis
2933 4991 3064 5044 inde
3114 4991 3357 5045 faciendi
3390 4992 3695 5061 placuerit,
3748 5009 3876 5048 om-

2162 5076 2324 5130 nium
2348 5077 2651 5132 hominum
2692 5079 3144 5133 contradictione
3175 5085 3414 5134 remota.

2235 5167 2298 5218 Et
2342 5172 2404 5220 ut
2447 5167 2569 5220 haec
2623 5172 2837 5220 nostrae
2869 5167 3194 5221 donationis
3235 5167 3538 5221 auctoritas
3601 5168 3776 5224 ﬁrma
3824 5177 3879 5224 et

2163 5254 2377 5307 stabilis
2431 5260 2666 5321 constet,
2721 5255 2867 5309 hanc
2921 5256 3175 5310 chartam
3231 5272 3296 5309 ex
3356 5262 3549 5310 nostra
3608 5258 3876 5328 jussione

2163 5341 2431 5411 scriptam
2445 5347 2500 5396 et
2514 5342 2799 5412 signatam
2826 5359 3001 5397 manu
3027 5345 3260 5415 propria
3277 5344 3654 5400 ﬁrmavimus.

427 5508 572 5575 (ltiti)
601 5507 724 5558 Non
753 5503 1024 5574 ergojam
1055 5504 1122 5557 23
1151 5503 1312 5555 Febr.
1347 5501 1450 5555 hoc
1483 5517 1633 5554 anno
1661 5505 1921 5556 mortuus
1949 5506 2091 5570 erat,
2125 5507 2184 5555 ut
2215 5501 2448 5573 quidam
2498 5503 2722 5559 volunt.
