3938 6328
174 256 271 307 293

1439 274 1828 335 DlPLOMATA
1869 283 2425 346 ECCLESIASTICA.

3578 320 3681 371 294

239 378 592 436 Guntherius
636 384 1007 440 cancellarius
1052 388 1169 443 vice
1230 392 1627 449 Erchambaldi
1686 398 1865 453 archi-
1896 406 1938 456 A
1980 406 2328 475 interventu,
2357 414 2529 480 atque
2560 413 2890 484 Meginwerc
2920 425 3126 475 sancta
3148 426 3678 488 Podrebronnensis

239 468 372 488 νην
435 469 446 488 ,
772 474 781 483 .

168 468 450 535 capellani
481 474 804 541 recognovi.
1666 550 1669 553 _

235 556 376 610 Data
428 575 519 612 xxv
570 559 695 615 Kal.
758 562 909 629 Julii,
976 564 1172 619 indict.
1230 586 1299 635 ix,
1347 586 1498 623 anno
1560 574 1869 629 Dominica

167 644 582 701 incarnationis
640 652 796 717 1011,
856 669 1004 705 anno
1084 671 1217 709 vero
1276 659 1496 713 domini
1539 663 1764 717 Ilenrici
1818 666 1866 719 II

160 736 461 802 regnantis
481 753 534 790 x.
570 742 769 792 Actum
796 740 1201 797 Raudesbura.

958 830 1086 885 LIX.

160 910 213 962 S.
248 911 749 987 Henricidiploma
792 932 897 984 per
945 919 1091 984 quod
1150 922 1417 987 integrum
1473 930 1783 983 comitatum
1811 934 1865 984 in

222 996 367 1056 pago
404 984 814 1056 Lebedengouve
857 989 1088 1056 reliquis
1139 984 1388 1047 Ecclesia:
1451 998 1863 1055 Wormatiensis

231 1051 541 1107 ditionibus
567 1057 785 1123 adjicit.

810 1145 998 1210 (Anno
1046 1150 1220 1217 1011.)

339 1211 667 1280 [Sebanuat,
695 1218 1033 1285 episcopatus
1066 1211 1350 1289 Worinat.,
1385 1223 1450 1288 ll,
1473 1240 1530 1294 p.
1566 1226 1679 1298 38.]

227 1299 292 1351 In
324 1301 563 1354 nomine
613 1308 816 1357 sancta
848 1311 905 1358 et
960 1305 1273 1363 individua
1325 1311 1639 1382 Trinitatis,
1690 1317 1859 1372 Heiu-

158 1385 308 1439 ricus
330 1387 526 1442 divina
550 1390 850 1445 ordinante
877 1395 1236 1462 providentia
1268 1414 1388 1455 rex.

226 1476 505 1531 Omnium
561 1479 753 1551 itaque
803 1488 1009 1537 sancta
1067 1486 1166 1538 Dei
1253 1489 1512 1544 Ecclesia
1555 1494 1855 1565 utriusque

155 1582 321 1618 sexus
353 1566 615 1622 ﬁdelium
647 1570 751 1624 sub
783 1572 943 1640 regni
988 1575 1167 1627 nostri
1219 1576 1436 1632 ditione
1495 1580 1848 1651 degentium,

152 1670 321 1707 nosse
366 1658 632 1710 volumus
690 1659 979 1714 solertiam
1041 1664 1288 1731 qualiter
1330 1666 1707 1740 Burchardus,
1758 1690 1851 1727 ve-
1888 1682 1928 1735 Β

152 1744 428 1797 nerabilis
489 1747 787 1819 episcopus
862 1754 1068 1803 sancta
1125 1754 1375 1807 ecclesia
1408 1757 1851 1830 Wormatiensis,

152 1832 318 1885 nobis
358 1833 418 1887 in
471 1835 738 1888 omnibus
799 1836 1184 1907 ﬁdelissimus,
1241 1842 1694 1902 dominationem
1752 1867 1853 1903 no-

150 1924 324 1973 stram
353 1922 552 1976 adiens
600 1924 823 1993 rogavit
867 1931 932 1978 ut
979 1928 1273 1981 fidelitatis
1327 1931 1587 2002 variique
1638 1935 1850 1989 laboris

148 2022 379 2076 semper
443 2025 547 2079 pro
599 2016 789 2064 nostra
868 2013 1173 2067 dilectione
1226 2015 1474 2087 impensi
1531 2023 1853 2077 recordare-

149 2111 297 2151 mur.
329 2096 505 2165 Cujus
532 2113 664 2151 vero
698 2099 967 2169 petitioni
1009 2118 1110 2154 nos
1159 2120 1457 2159 assensum
1506 2109 1846 2180 praebentes,

146 2184 399 2255 fideique
428 2186 535 2239 sibi
584 2188 878 2257 promissa
940 2192 1281 2246 memoriam
1335 2198 1618 2265 tenentes,
1667 2198 1847 2254 inter-

146 2279 320 2326 ventu
351 2274 568 2328 scilicet
618 2292 683 2328 ac
739 2277 1014 2346 petitione
1068 2280 1288 2334 dilecta
1321 2285 1582 2355 conjugis
1642 2294 1849 2343 nostra

145 2362 504 2431 Cunigunda
572 2364 806 2435 regina,
853 2367 1187 2422 comitatum
1243 2370 1301 2423 in
1351 2388 1498 2442 pago
1548 2374 1847 2431 Lobeden-

144 2467 330 2519 gouve
358 2451 554 2517 situm,
610 2468 739 2506 cum
796 2456 1061 2509 omnibus
1114 2458 1223 2511 sibi
1280 2462 1719 2531 pertinentibus,
1745 2482 1847 2535 per

144 2541 288 2593 hanc
330 2544 586 2594 nostram
666 2544 919 2611 regalem
978 2545 1247 2614 paginam
1322 2550 1613 2615 cessimus,
1683 2559 1739 2607 et
1777 2556 1843 2609 de

116 2633 338 2680 nostro
364 2629 495 2696 jure
524 2644 589 2681 ac
618 2629 873 2683 dominio
906 2631 962 2683 in
986 2648 1103 2685 sua
1133 2633 1364 2688 ditionis
1395 2653 1630 2691 manum
1664 2646 1844 2694 trans-

138 2717 427 2780 misimus,
460 2733 527 2770 eo
558 2717 820 2772 videlicet
850 2720 1086 2773 rationis
1118 2725 1317 2777 tenore
1374 2730 1438 2779 ut
1477 2726 1600 2795 jam
1658 2728 1841 2782 dictus

132 2804 437 2874 episcopus
462 2804 531 2858 de
581 2806 853 2875 pradicto
895 2808 1173 2862 comitatu
1213 2818 1270 2864 et
1326 2812 1449 2881 ejus
1485 2814 1840 2870 utilitatibus

133 2893 344 2946 dehinc
403 2894 613 2947 habeat
704 2900 1043 2964 potestatem
1114 2898 1359 2966 fruendi,
1423 2902 1691 2972 habendi,
1746 2906 1834 2958 vel

135 2982 426 3053 quidquid
471 2982 579 3037 sibi
617 2983 897 3053 placuerit
921 2985 1187 3051 faciendi,
1221 2989 1482 3044 omnium
1523 2992 1827 3047 hominum

131 3071 589 3125 contradictione
671 3079 904 3126 remota.
967 3074 1122 3138 Quod
1182 3082 1244 3130 ut
1310 3079 1498 3133 verius
1544 3082 1825 3149 credatur,

129 3160 582 3230 diligentiusque
665 3163 999 3216 observetur
1074 3164 1143 3218 ab
1217 3167 1504 3235 omnibus,
1581 3172 1830 3239 propriis

130 3249 401 3302 manibus
466 3248 824 3316 roborantes,
885 3251 1074 3321 sigillo
1146 3259 1339 3309 nostro
1387 3256 1659 3327 insigniri
1712 3260 1808 3329 jus

130 3337 337 3391 simus.

194 3427 429 3493 Signum
459 3427 667 3480 domini
700 3428 955 3482 Heinrici
984 3432 1127 3497 regis
1170 3433 1536 3487 invictissimi.

199 3517 526 3571 Guntherus
557 3516 950 3582 cancellarius,
976 3518 1042 3571 ad
1105 3518 1285 3572 vicem
1321 3520 1687 3576 Erkambaldi
1744 3540 1829 3578 ar-

127 3604 529 3675 chicapellani,
572 3605 778 3658 notavi.

199 3694 338 3747 Data
389 3708 469 3745 vn
522 3692 656 3745 Idus
706 3693 851 3757 Maii,
908 3694 1089 3749 indict
1144 3712 1257 3760 vm,
1306 3712 1459 3750 anno
1514 3699 1826 3754 Dominica

127 3783 409 3835 iucarnat.
465 3781 770 3835 millesimo
809 3783 897 3847 Χῐ,
948 3800 1101 3837 anno
1160 3800 1293 3838 vero
1348 3785 1547 3841 domui
1593 3789 1826 3844 secundi

128 3870 386 3923 Heinrici
415 3886 469 3923 x.

196 3962 404 4013 Actum
446 3958 761 4013 Bavenberc
788 3958 1049 4013 feliciter.
1073 3963 1271 4016 Amen.

934 4048 1036 4104 LX.

191 4138 236 4188 S
286 4138 507 4189 Henrici
549 4137 897 4272 privileggxm
926 4138 1333 4274 prmei'cqlesia
1370 4139 1816 4195 Paderbornensi.

853 4224 964 4261 uno
1148 4252 1160 4264 .

853 4224 964 4261 uno
1000 4224 1160 4264 ‘IUII.

330 4284 536 4357 [Codex
557 4286 938 4356 diplomaticus
967 4290 1089 4341 [list
1118 4290 1385 4357 Westph.,
1408 4306 1466 4358 p.
1502 4289 1611 4361 6L]

192 4377 254 4430 C.
322 4377 388 4428 In
465 4375 695 4428 nomine
751 4382 960 4429 sanctae
1041 4382 1095 4429 et
1140 4377 1448 4431 individua
1507 4378 1817 4447 Trinitatis,

122 4468 430 4520 ﬂammeus
458 4464 647 4517 divina
678 4464 975 4518 ordinante
1001 4467 1360 4534 providentia
1386 4484 1497 4520 rex.

193 4555 414 4609 Divina
454 4552 681 4623 pietatis
748 4554 1069 4620 clementia,
1132 4571 1261 4625 qua
1319 4572 1422 4609 nos
1479 4556 1550 4610 ad
1594 4558 1819 4612 culmen

115 4644 290 4713 regia
315 4641 625 4709 majestatis
651 4642 932 4711 perduxit,
979 4644 1050 4696 ad
1091 4645 1198 4697 hoc
1246 4646 1426 4698 voluit
1478 4662 1720 4715 regnare
1754 4653 1817 4701 ut

118 4732 492 4786 ecclesiarum
549 4732 733 4785 ordini
799 4732 1082 4786 ﬁrmando
1165 4739 1337 4804 atque
1394 4736 1817 4789 corroboraudo

116 4821 527 4876 subveniamus
556 4837 569 4885 ;
606 4820 692 4873 his
721 4825 913 4874 autem
954 4822 1202 4874 maxime
1248 4822 1406 4889 locis,
1440 4839 1569 4892 qua
1602 4825 1672 4877 ab
1715 4842 1815 4878 an-

113 4910 493 4966 tecessoribus
533 4909 738 4963 nostris
780 4910 1012 4979 regibus
1056 4910 1504 4981 imperatoribus
1560 4911 1813 4979 fundata,

114 4999 210 5053 sed
226 4998 351 5068 jam
403 4996 644 5067 peccatis
702 4997 1061 5067 exigentibus
1112 5015 1257 5068 pene
1314 4999 1657 5053 videbantur
1712 5016 1814 5054 an-

112 5086 353 5139 nullata.
424 5082 783 5152 Quapropter
852 5083 1114 5138 omnium
1170 5084 1427 5137 fidelium
1486 5094 1814 5140 nostrorum

109 5172 486 5244 prasentium
538 5171 751 5225 scilicet
794 5187 856 5225 ac
887 5172 1210 5227 futurorum
1267 5173 1563 5227 industria
1614 5181 1812 5229 notum

107 5278 227 5315 esse
256 5264 520 5314 volumus
550 5260 816 5330 qualiter,
856 5276 961 5313 nos
1009 5260 1187 5314 divini
1234 5261 1449 5313 amoris
1508 5262 1807 5331 instinctu,

110 5368 212 5421 pro
245 5349 501 5403 remedio
535 5348 741 5402 anima
764 5354 975 5402 nostra
1008 5365 1103 5402 seu
1138 5356 1442 5420 parentum
1466 5355 1811 5420 nostrorum,

109 5455 357 5493 necnon
387 5443 443 5492 et
497 5438 653 5491 tertii
711 5437 931 5492 Ottonis
989 5438 1158 5492 bona
1217 5438 1509 5492 memoria
1566 5438 1812 5509 impera-

111 5529 275 5597 toris,
304 5528 643 5598 dilectaque
672 5526 932 5597 conjugis
964 5532 1168 5581 nostra
1198 5527 1556 5598 Cuuigunda
1595 5528 1810 5597 regina

1985 495 2241 547 Ecclesia
2270 500 2607 554 venerabilis
2648 504 2899 576 episcopi
2928 515 3154 579 rogatu,
3207 514 3314 567 sibi
3354 524 3674 592 sanctaque

1979 598 2093 634 suae
2128 584 2383 639 Ecclesia
2411 604 2444 640 a
2484 588 2689 644 Karolo
2722 609 2930 664 magno
2971 597 3315 668 imperatore
3348 604 3489 659 olim
3540 584 3670 662 fun-

1976 847 2126 917 ginis
2170 851 2360 904 Maria
2409 858 2465 907 et
2517 858 2695 910 sancti
2761 860 2971 914 Kiliaui
3037 847 3301 919 martirisi
3343 868 3669 942 Liboriique

1973 937 2314 992 confessoris
2348 941 2640 1009 dedicata,
2675 948 3007 1003 comitatum
3031 967 3202 1022 quem
3229 955 3449 1010 Hahold
3481 937 3671 1014 comes

1975 1025 2111 1078 dum
2164 1027 2296 1080 vixit
2353 1032 2558 1098 tenuit,
2616 1034 2787 1088 situm
2836 1037 3050 1092 scilicet
3104 1039 3163 1093 in
3197 1042 3331 1095 locis
3387 1046 3665 1117 Haverga,

1974 1113 2190 1203 Limga,
2230 1117 2553 1173 Thiatmalli
2607 1126 2745 1192 Aga,
2786 1126 3081 1196 Patherga,
3133 1130 3496 1203 Treveresga,
3530 1113 3668 1190 Lan;

1970 1202 2215 1271 ganeka,
2248 1206 2557 1275 Erpesfeld,
2593 1210 2819 1277 Silbiki,
2857 1214 3101 1279 Matfeld,
3162 1202 3453 1290 Nihterga,
3484 1222 3667 1278 Sinat-

1968 1290 2104 1355 feld,
2169 1293 2431 1348 Ballevau
2497 1312 2680 1368 prope
2739 1300 2998 1369 Spriada,
3075 1306 3355 1373 Lambiki,
3412 1311 3661 1377 Lessiou,

1967 1377 2463 1448 Sewardeshusun,
2532 1402 2660 1439 cum
2705 1389 2861 1440 omni
2924 1390 3210 1459 legalitate
3242 1394 3300 1447 in
3355 1399 3660 1466 proprium

1967 1468 2328 1522 concedimus
2352 1472 2818 1544 atquelargimur
2846 1492 2951 1545 per
2980 1478 3127 1532 hanc
3146 1487 3392 1537 nostram
3409 1488 3659 1555 regalem

1965 1554 2257 1625 paginam,
2311 1574 2377 1611 eo
2424 1560 2684 1615 videlicet
2730 1564 2968 1617 rationis
3024 1571 3218 1621 tenore
3273 1576 3335 1624 ut
3391 1554 3661 1642 prafatus

1966 1643 2268 1713 episcopus
2298 1647 2629 1717 Meginwerc
2659 1651 2861 1721 suique
2902 1669 3253 1710 successores
3311 1662 3658 1732 prascripta

1962 1734 2207 1786 ecclesia
2263 1737 2634 1805 prasidentes
2692 1740 2897 1795 dehinc
2954 1742 3195 1798 liberam
3259 1747 3505 1803 habeant
3556 1769 3658 1821 po-

1963 1824 2249 1891 testatem,
2292 1824 2361 1876 de
2413 1826 2611 1879 eodem
2666 1829 2939 1883 comitatu
3006 1832 3241 1903 ejusque
3306 1837 3654 1893 utilitatibus

1963 1909 2243 1981 quidquid
2291 1912 2372 1965 eis
2430 1914 2709 1983 placuerit
2760 1917 3028 1986 faciendi,
3089 1922 3159 1974 ad
3201 1938 3402 1978 eorum
3460 1932 3653 1981 tamen

1961 1999 2267 2053 utilitatem
2322 2003 2594 2069 ecclesia,
2676 2006 2833 2059 omni
2907 2007 3171 2063 videlicet
3252 2010 3655 2082 inquietudine

1957 2094 2197 2143 remota.
2230 2090 2373 2144 Etut
2402 2092 2523 2145 hac
2549 2098 2760 2146 nostra
2817 2096 3142 2151 traditionis
3200 2115 3300 2153 seu
3351 2102 3653 2157 conﬁrma-

1956 2175 2128 2230 tionis
2150 2179 2453 2233 auctoritas
2480 2180 2695 2235 stabilis
2719 2188 2775 2236 et
2798 2184 3125 2240 inconvulsa
3148 2189 3307 2241 omni
3334 2190 3656 2247 habeantur

1955 2268 2239 2335 tempore,
2285 2268 2394 2321 hoc
2449 2275 2797 2341 praceptum
2852 2272 2987 2328 inde
3038 2277 3422 2347 conscriptum
3478 2297 3651 2337 manu

1954 2355 2188 2425 propria
2206 2357 2437 2412 firmare
2464 2359 2809 2430 curavimus,
2843 2366 2899 2415 et
2924 2363 3111 2433 sigillo
3145 2372 3338 2421 nostro
3374 2368 3639 2440 insigniri

1949 2442 2243 2511 jussimus.

2056 2533 2279 2599 Signum
2298 2534 2483 2590 damni
2502 2538 2741 2590 Heinrici
2771 2538 2846 2607 (L.
2870 2540 2975 2605 Μ.)
3004 2544 3148 2610 regis
3174 2542 3538 2599 invictissimi.

2023 2622 2369 2676 Guntherius
2434 2625 2805 2678 cancellarius
2885 2628 2955 2680 ad
3042 2630 3220 2683 vicem
3282 2631 3644 2689 Erkambaldi

1951 2700 2387 2770 archicapellani
2415 2703 2741 2771 recognovi.

2021 2788 2309 2863 Datumiv
2364 2790 2497 2863 Idus
2565 2792 2771 2863 April,
2830 2793 3139 2849 indictione
3194 2813 3266 2863 ix,
3328 2815 3478 2853 anno
3539 2802 3647 2855 Do-

1948 2859 2173 2913 minica
2225 2859 2632 2914 incarnationis
2708 2864 3012 2919 millesimo
3068 2859 3260 2921 le.’
3295 2872 3463 2924 Anno
3514 2888 3648 2925 vero

1945 2930 2142 2983 domni
2172 2932 2406 2984 secundi
2434 2933 2657 2985 Henrici
2712 2936 3005 3003 regnantis
3036 2954 3109 2991 ix.

2010 3021 2212 3073 Actum
2232 3019 2633 3091 Triburaregia
2674 3022 2815 3075 villa
2848 3023 3106 3079 feliciter.
3138 3029 3340 3082 Amen.

2441 3179 2687 3234 Traditio
2708 3111 2970 3236 ἓξῆήυί
2990 3187 3152 3251 regis.

2578 3251 2763 3323 (Anno
2815 3254 2991 3323 lOl'l).

2227 3318 2497 3389 [Dronke,
2522 3318 2649 3375 Cod.
2695 3324 2926 3390 Diplom.
2952 3318 3125 3378 'Fuld.
3150 3343 3206 3395 p.
3242 3327 3386 3399 343.]

2005 3406 2066 3458 In
2096 3406 2327 3460 nomine
2365 3414 2574 3461 sancta
2621 3414 2677 3461 ct
2741 3409 3051 3463 individua
3107 3412 3420 3476 Trinitatis,
3479 3419 3633 3470 “EN-

1940 3500 2098 3538 RICUS
2129 3485 2323 3539 divina
2350 3486 2571 3540 favente
2602 3488 2907 3541 clementia
2948 3490 3337 3545 Romanorum
3371 3510 3488 3549 rex.

2004 3575 2233 3627 Constat
2294 3592 2395 3628 nos
2463 3576 2657 3629 divina
2753 3577 3090 3647 disponente
3174 3581 3359 3649 gratia
3420 3586 3638 3639 cateris

1934 3664 2359 3731 supereminere
2383 3665 2741 3730 mortalibus,
2772 3665 3017 3737 ideoque
3040 3670 3305 3723 convenit
3335 3677 3415 3739 ut,
3459 3675 3622 3743 cujus

1934 3753 2315 3822 pracellimus
2339 3770 2594 3817 munere,
2622 3755 2744 3824 ejus
2767 3756 3044 3810 Voluntati
3067 3774 3268 3826 parere
3290 3759 3347 3812 in
3363 3763 3632 3817 omnibus

1934 3842 2264 3894 studeamus
2299 3859 2311 3907 ;
2341 3843 2587 3913 ideoque
2618 3845 2883 3898 omnibus
2920 3846 3259 3901 Christiana
3293 3850 3427 3903 fidei
3450 3853 3635 3905 culto-

1931 3929 2089 3984 ribus
2143 3931 2469 4001 nostrisque
2543 3932 2830 3993 iidelibus,
2891 3940 3008 3987 tam
3039 3937 3411 4005 praseutibus
3462 3957 3633 4010 quam

1929 4019 2158 4085 futuris,
2209 4021 2471 4090 cupimus
2522 4037 2642 4073 esse
2727 4028 2925 4076 notum
2972 4025 3220 4094 qualiter
3286 4030 3628 4083 venerabilis

1930 4108 2074 4160 abba
2107 4109 2395 4161 Branthoh
2445 4109 2513 4162 de
2556 4112 2903 4165 monasterio
2936 4114 3111 4166 sancti
3143 4116 3426 4170 Bouefacii
3475 4120 3627 4188 quod

1938 4196 2141 4249 Fultha
2170 4203 2405 4250 vocatur
2445 4214 2558 4251 una
2614 4215 2740 4251 curn
2783 4201 3075 4253 monachis
3134 4204 3250 4255 suis
3292 4207 3635 4274 supplicavit

1936 4286 2271 4339 celsitudine
2330 4292 2538 4339 nostra
2591 4292 2651 4340 ut
2707 4288 2966 4341 homines
3024 4290 3281 4343 Romano
3334 4297 3627 4362 quondam

1929 4373 2174 4443 imperio
2205 4374 2533 4441 attinentes,
2567 4375 2666 4444 qui
2722 4393 2893 4445 super
2940 4381 3119 4429 terras
3161 4382 3495 4435 monasterii
3530 4400 3629 4437 eo-

1929 4478 2058 4516 rum
2090 4468 2474 4528 commauent,
2510 4479 2653 4533 quos
2693 4464 2830 4516 olim
2872 4464 3013 4517 diva
3054 4465 3351 4519 memoria
3381 4466 3628 4521 domnus

1931 4551 2250 4606 Lodewicus
2298 4568 2391 4604 rex
2442 4552 2698 4621 itemque
2748 4552 3015 4606 dominus
3064 4554 3232 4607 Ottllo
3288 4554 3621 4625 imperator,

1928 4641 2100 4710 hujus
2137 4640 2389 4693 nominis
2440 4641 2677 4711 primus,
2715 4643 3082 4697 contulerunt
3135 4649 3191 4697 et
3248 4647 3622 4699 conﬁrmave-

1926 4734 2061 4782 runt
2091 4730 2435 4782 scholasticis
2468 4730 2800 4784 monasterii
2838 4732 3133 4786 Fuldensis
3162 4738 3219 4786 et
3249 4750 3450 4787 eorum
3490 4751 3621 4787 suc-

1926 4817 2243 4871 cessoribus
2276 4834 2378 4887 pro
2433 4818 2623 4888 pueris
2657 4820 2977 4875 nutriendis
3010 4828 3066 4874 et
3106 4822 3419 4892 disciplinis
3458 4823 3622 4876 scho-

1926 4906 2134 4959 lasticis
2161 4906 2488 4959 imbuendis
2528 4906 2597 4959 ad
2642 4907 2858 4961 cultum
2907 4909 3165 4963 divinum
3226 4911 3458 4963 uberius
3493 4927 3623 4979 aug-

1926 4994 2296 5047 mentaudum
2331 5011 2342 5047 :
2378 5011 2480 5047 nos
2502 5011 2733 5065 quoque
2774 4995 2915 5065 ipsis
2946 5013 3009 5049 ac
3046 4998 3391 5051 monasterio
3423 5014 3619 5050 eorum

1923 5083 2148 5137 tradere
2178 5090 2233 5135 et
2262 5083 2604 5136 conﬁrmare
2648 5084 2986 5137 auctoritate
3032 5085 3192 5152 regia
3250 5084 3622 5154 diguaremur

1924 5188 2037 5225 una
2085 5188 2213 5225 cum
2272 5172 2562 5241 provincia
2620 5171 2844 5225 Sarowe
2905 5173 3055 5225 dicta
3084 5178 3140 5226 et
3193 5173 3441 5243 quadam
3487 5174 3620 5226 villa

1924 5260 2029 5313 sita
2064 5260 2123 5312 in
2144 5260 2454 5331 Thuringia
2482 5260 2725 5315 Holzhus
2745 5266 3093 5329 nuncupata,
3122 5277 3249 5330 qua
3269 5260 3349 5313 eis
3384 5260 3615 5329 quidam

1922 5364 2111 5401 comes
2145 5348 2214 5401 de
2246 5348 2549 5402 Boemenia
2605 5347 2841 5401 nomine
2881 5347 3159 5401 Thacholf
3185 5349 3241 5400 in
3274 5352 3617 5401 testamento

1920 5436 2182 5505 contulit,
2215 5443 2351 5507 aput
2388 5437 2543 5508 ipsos
2571 5437 2791 5507 eligens
2821 5436 3178 5506 sepulturam
3205 5436 3476 5506 :insuper
3506 5438 3618 5489 alia

1920 5526 2067 5579 bona
2106 5542 2232 5595 qua
2255 5526 2336 5579 eis
2388 5526 2564 5581 nostri
2616 5531 3001 5581 antecessores
3050 5526 3422 5596 imperatores
3454 5541 3617 5597 reges
