3938 6312
329 314 433 369 295

1638 304 1692 362 S.
1735 303 2022 362 IIENRICI
2059 302 2529 361 IMPERATORIS

3734 305 3847 355 “296

327 442 617 514 principes
639 457 702 494 ac
739 439 836 492 alii
890 438 1085 493 fideles
1131 437 1279 491 infra
1335 438 1657 491 Romanum
1706 435 2016 506 imperium
2047 437 2091 489 Α
2131 450 2261 488 cum
2293 434 2480 488 banno
2511 438 2567 488 et
2610 449 2740 488 cum
2793 432 2910 487 suis
2965 433 3234 487 omnibus
3281 434 3672 504 pertinentiis,
3735 449 3851 504 per

330 529 650 584 devotionis
682 528 891 581 intuitu
923 528 1276 597 optulerunt.
1316 527 1427 579 Nos
1459 525 1634 594 igitur
1666 524 1736 577 ob
1768 524 2024 578 divinum

331 633 584 671 amorem
609 621 665 669 et
696 615 876 685 ipsius
903 616 1082 668 sancti
1113 614 1220 667 loci
1253 613 1623 668 reverentiam
1659 613 1852 666 omnia
1879 613 2026 665 bona

328 712 448 759 tam
479 704 710 758 mobilia
745 720 914 774 quam
951 702 1270 755 immobilia
1292 717 1420 754 cum
1455 701 1716 764 abbatiis,
1752 699 2023 766 eomiciis’,

330 794 531 857 centis,
561 792 814 863 judiciis,
846 791 1126 844 theloneis
1166 790 1431 853 monetis,
1479 788 1703 854 bauuis,
1761 787 2024 841 districti-

335 881 465 947 bus,
507 880 854 943 wiltbannis,
895 878 1359 948 jurisdicionibus
1411 877 1865 947 quibuscunque,
1899 891 2026 945 qum

330 969 484 1023 idem
523 969 821 1023 Fulthense
853 966 1261 1020 monasterium
1316 965 1571 1035 possidet
1616 965 1761 1018 infra
1786 980 2024 1033 regnum

332 1055 604 1108 divinitus
637 1053 798 1106 nobis
822 1053 1039 1117 datum,
1095 1053 1178 1104 vel
1210 1067 1339 1120 quae
1370 1052 1428 1104 in
1489 1050 1747 1102 futurum
1795 1047 2027 1118 adipisci

330 1144 536 1214 poterit
563 1141 804 1196 Domino
837 1141 1203 1206 concedente,
1239 1155 1349 1191 una
1390 1154 1520 1191 cum
1555 1137 1888 1191 hominibus
1917 1137 2024 1190 im-

330 1232 474 1303 perii
497 1229 800 1283 antedictis
832 1233 1035 1281 etcum
1069 1228 1338 1280 omnibus
1364 1243 1537 1296 super
1560 1232 1740 1279 terras
1770 1225 2025 1295 ipsorum

328 1319 730 1384 residentibus,
767 1317 864 1386 qui
914 1332 1018 1386 pro
1072 1315 1408 1368 condicione
1459 1331 1558 1366 sua
1599 1314 1666 1367 ad
1706 1315 1905 1367 fiscum
1938 1330 2024 1366 re-

331 1407 487 1476 gium
519 1422 752 1459 censum
781 1405 999 1456 solvere
1026 1404 1321 1465 deberent,
1361 1419 1462 1455 uec
1511 1418 1627 1454 non
1660 1407 1713 1454 et
1765 1401 2024 1471 praedicti

330 1494 620 1550 Thacholﬁ
647 1493 872 1546 comitis
903 1495 1305 1544 testamentum
1352 1491 1458 1561 ipsi
1499 1490 1689 1543 abbati
1739 1491 2024 1543 Branthoo

332 1583 569 1652 ejusque
621 1580 1037 1634 successoribus
1078 1585 1132 1632 et
1190 1578 1535 1632 monasterio
1576 1576 1868 1630 Fultheusi
1923 1593 2026 1647 per

331 1673 434 1724 hos
460 1671 648 1740 apices
670 1669 985 1722 serenitatis
1029 1673 1236 1721 nostra:
1268 1667 1547 1720 tradimus
1590 1671 1646 1718 et
1689 1666 2024 1718 auctoritate

332 1759 493 1828 regia
532 1759 591 1811 iu
647 1762 988 1828 perpetuum
1030 1756 1457 1808 confirmamus.
1512 1755 1792 1807 Praeterea
1837 1754 2023 1807 distri-

333 1844 580 1898 ctissime
620 1845 990 1914 prohibemus
1031 1859 1103 1896 ne
1136 1842 1289 1894 missi
1321 1841 1499 1894 nostri
1555 1842 1640 1894 vel
1685 1841 1877 1895 hallivi
1915 1840 2023 1893 im-

332 1933 478 2003 perii
505 1933 721 2003 aliquid
774 1932 996 1998 tollant,
1048 1931 1275 2001 rapiant
1336 1932 1421 1983 vel
1470 1930 1740 1983 invadant
1791 1929 1859 1983 de
1889 1946 2024 1999 sup-

331 2021 600 2092 pellectili
629 2026 728 2073 aut
756 2020 924 2073 rebus
955 2019 1226 2072 abbatum
1284 2019 1707 2084 decedentium,
1769 2018 1862 2072 sed
1897 2034 2026 2071 suc—

334 2110 542 2163 cessori
568 2109 762 2163 omnia
794 2113 1150 2162 reserventur
1182 2126 1194 2161 :
1231 2123 1334 2161 nec
1363 2124 1465 2178 pro
1506 2107 1862 2175 investitura,
1896 2123 2024 2178 quae

334 2214 437 2269 per
462 2204 744 2268 sceptrum
769 2197 988 2267 regium
1022 2196 1146 2250 fieri
1174 2196 1363 2262 debet,
1412 2195 1480 2248 ab
1532 2195 1733 2249 abbate
1781 2195 1849 2248 de
1881 2212 2025 2248 novo

331 2291 518 2339 creato
539 2285 759 2355 aliquid
790 2289 1128 2354 expetatur;
1170 2285 1264 2338 sed
1299 2285 1377 2337 sic
1400 2283 1593 2338 omnia
1626 2300 1731 2353 pro
1764 2284 2026 2337 libertate

333 2375 592 2444 ejusdem
629 2374 807 2428 sancti
837 2374 946 2428 loci
978 2373 1171 2427 taliter
1208 2373 1548 2426 ordinentur
1586 2373 1881 2426 utibidem
1906 2373 2026 2426 cul-

335 2468 427 2516 tus
471 2462 698 2516 Domini
753 2468 1026 2533 perpetuo
1075 2468 1224 2515 stare
1270 2462 1462 2531 possit.
1501 2463 1565 2514 Et
1609 2478 1678 2514 ne
1719 2461 2026 2532 quisquam

335 2551 634 2605 hominum
663 2551 870 2604 futuris
929 2549 1285 2620 temporibus
1331 2554 1531 2602 contra
1597 2550 1742 2603 lianc
1773 2555 2026 2602 nostram

334 2639 695 2694 traditionem
729 2656 825 2692 seu
871 2639 1362 2692 continuationem
1423 2639 1614 2692 venire
1667 2640 1895 2704 audeat,
1923 2639 2027 2692 hos

336 2728 522 2798 apices
568 2728 700 2780 inde
752 2727 1102 2797 conscriptos
1158 2742 1335 2798 manu
1410 2727 1640 2797 propria
1691 2728 2027 2780 roborautes

334 2817 523 2886 sigillo
556 2821 746 2868 nostro
775 2815 1012 2868 fecimus
1047 2814 1330 2882 insigniri.

406 2906 631 2971 Signum
667 2905 852 2958 domui
881 2905 1122 2958 llcinrici
1170 2903 1263 2971 (M)
1292 2905 1436 2968 regis
1476 2905 1844 2956 invictissimi.

407 2993 798 3047 Erkanbaldus
823 2991 1312 3060 archicapellanus
1347 2991 1673 3058 recognovi.

409 3083 545 3134 Data
587 3097 697 3134 xm
740 3080 864 3134 Kal.
915 3081 1147 3132 Ianuar.
1210 3077 1523 3131 indictione
1568 3093 1647 3144 XI,
1689 3095 1838 3132 anno
1895 3095 2026 3133 vero

336 3168 531 3223 domui
555 3169 858 3222 millesimo
891 3169 1003 3220 XII.
1040 3169 1179 3220 Item
1215 3183 1364 3219 anno
1423 3166 1620 3219 domui
1661 3167 1908 3222 Ileiuriei
1942 3185 2028 3221 se-

337 3257 505 3312 cundi
533 3257 825 3327 regnantis
855 3273 927 3309 xi.
961 3259 1163 3309 Actum
1221 3255 1422 3308 Fultha
1471 3257 1814 3310 monasterio
1837 3256 1894 3310 in
1929 3274 2026 3310 no-

335 3346 490 3401 mine
522 3345 748 3400 Domini
779 3344 1034 3398 feliciter.
1069 3347 1272 3397 Amen.

1118 3432 1272 3485 LXII.

409 3522 658 3577 Traditio
709 3519 970 3574 Ileinrici
1033 3523 1178 3587 regis
1237 3520 1303 3573 de
1349 3521 1543 3585 foresti
1598 3519 2023 3577 Zunderenhart.

885 3611 1066 3674 (1012,
1103 3612 1169 3663 29
1201 3609 1478 3677 decemb.)

860 3697 1130 3767 [Dronke,
1163 3699 1258 3752 ubi
1289 3696 1501 3769 supra.]

409 3790 471 3842 In
521 3786 755 3842 nomine
813 3791 1019 3840 sanctas
1051 3792 1107 3841 et
1137 3787 1445 3841 individua“.
1500 3785 1815 3855 Trinitatis,
1861 3788 2028 3842 llam-

337 3892 490 3931 mcus
521 3876 716 3930 divina
747 3875 974 3929 favente
1005 3875 1310 3930 clementia
1343 3892 1456 3928 rex.

408 3965 464 4019 Si
495 3965 858 4019 ecclesiarum
893 3964 990 4018 Dei
1039 3965 1163 4018 loca
1197 3965 1436 4034 alicujus
1479 3963 1614 4018 doni
1670 3964 2024 4020 incremento

339 4055 650 4108 sublimare
676 4054 763 4108 vel
798 4054 1100 4108 meliorare
1156 4053 1565 4118 studuerimus,
1601 4052 1763 4105 nobis
1816 4051 2026 4105 nostri-

337 4161 447 4214 que
491 4143 656 4213 regni
713 4143 884 4196 statui
942 4143 999 4196 id
1057 4142 1334 4212 proticere
1387 4142 1624 4195 minime
1674 4139 2020 4194 dubitamus.

333 4233 696 4303 Quapropter
721 4231 979 4285 omnium
1037 4231 1295 4285 ﬁdelium
1353 4236 1704 4294 nostrorum,
1765 4245 2022 4299 przesen-

334 4321 477 4374 tium
529 4321 740 4374 scilicet
787 4337 850 4374 ac
925 4320 1274 4387 futurorum,
1321 4318 1620 4372 industriae
1676 4322 1874 4370 uotum
1903 4333 2023 4370 esse

335 4409 599 4462 volumus
627 4407 872 4478 qualiter
903 4425 1003 4462 nos
1043 4407 1219 4462 divini
1241 4407 1452 4460 amoris
1506 4405 1802 4472 instinctu,
1851 4405 2026 4458 inter-

336 4501 508 4550 ventu
540 4513 772 4567 quoque
810 4513 874 4550 ac
913 4496 1198 4567 peticione
1253 4495 1543 4564 Branthoy
1585 4493 1825 4558 abbatis,
1856 4509 2030 4563 quan-

336 4585 466 4638 dam
516 4584 662 4655 juris
702 4585 886 4638 nostri
949 4585 1111 4655 regni
1197 4583 1452 4637 forestim
1507 4581 1656 4634 infra
1697 4581 1835 4634 istos
1881 4581 2026 4634 fines

334 4673 687 4742 adjacentem
712 4672 911 4744 hisque
943 4673 1201 4727 terminis
1221 4672 1582 4743 praecinctam
1619 4687 1632 4724 ;
1655 4670 1723 4723 de
1750 4668 2028 4723 Biberaho

336 4761 547 4817 scilicet
578 4778 761 4831 usque
787 4762 856 4815 ad
888 4762 1245 4829 Wolfeshart,
1272 4776 1335 4814 ac
1369 4759 1503 4813 inde
1545 4763 1694 4812 recte
1741 4764 2029 4812 transcur-

335 4851 512 4904 rendo
565 4851 1026 4904 Rodenmannun
1079 4854 1134 4902 et
1196 4847 1659 4918 Byochineberge
1712 4863 1894 4918 usque
1955 4847 2027 4900 ad

337 4939 584 4993 Calbaho
616 4944 672 4991 et
700 4939 1002 5004 Fliedenu;
1049 4937 1183 4991 hinc
1221 4941 1409 4990 autem
1449 4936 1517 4990 ad
1576 4936 1916 5005 Langenaho
1973 4940 2030 4990 et

334 5027 684 5093 Widenaho;
736 5027 868 5080 hinc
921 5043 1052 5079 vero
1104 5025 1166 5078 in
1231 5024 1574 5078 Guucenaho
1628 5029 1683 5078 et
1739 5024 1800 5076 in
1850 5025 2022 5078 Mose-

332 5117 618 5183 brunnen,
653 5119 708 5169 et
739 5115 871 5170 inde
904 5114 982 5168 sic
1033 5118 1186 5167 recte
1231 5112 1560 5166 trausiendo
1609 5113 1734 5166 loca
1801 5111 2030 5166 Ufecre-

333 5204 553 5274 ginfelt,
585 5201 1161 5266 Warmuutessneida,
1186 5199 1616 5253 Iliwineshusun
1634 5204 1690 5252 et
1719 5200 2024 5254 Ileribrah-

335 5294 633 5358 tesbusun,
665 5308 884 5345 necnon
925 5289 1160 5344 Slierefa
1193 5289 1459 5342 deorsum
1508 5289 1567 5342 in
1599 5287 1835 5352 Slidesa,
1868 5294 1925 5342 et
1949 5289 2027 5342 sic

331 5397 433 5452 per
459 5381 725 5435 deorsum
763 5396 946 5450 usque
984 5379 1044 5432 iu
1092 5377 1348 5442 Fuldam,
1384 5377 1492 5431 sibi
1535 5393 1768 5448 suaeque
1816 5383 2025 5433 sanctas

334 5469 586 5523 ecclesias
616 5469 676 5523 in
705 5469 925 5523 honore
948 5468 1049 5522 Dei
1078 5465 1372 5536 genitricis
1412 5467 1704 5538 sanctique
1753 5467 2026 5523 Bonifacii

335 5557 744 5629 archiepiscopi
803 5560 858 5610 et
904 5555 1169 5624 martyris
1203 5560 1541 5611 consecratas
1573 5572 1634 5610 ac
1665 5561 2022 5624 constructas,

2136 525 2282 578 hanc
2303 528 2556 577 nostram
2583 523 2835 593 regalem
2867 522 3139 593 paginam
3171 521 3230 576 in
3289 524 3588 594 proprium
3630 539 3847 576 conce-

2134 610 2322 664 dimus
2347 615 2517 680 atque
2550 609 2849 678 largimur,
2873 614 2930 662 et
2964 609 3032 662 de
3074 614 3268 663 nostro
3296 611 3426 680 jure
3482 627 3546 663 ac
3577 610 3848 664 dominio

2135 699 2192 752 in
2215 700 2337 768 ejus
2360 699 2455 768 jus
2483 703 2540 751 et
2569 699 2889 752 dominium
2951 699 3188 752 omnino
3236 699 3712 764 trausfuudimus,
3775 714 3850 751 ea

2135 787 2350 840 scilicet
2378 787 2598 840 ratione
2641 792 2704 840 ut
2751 788 3054 856 praedictus
3105 788 3278 841 abbas
3325 789 3575 841 Brantho
3626 787 3848 856 suique

2134 891 2479 928 successores
2511 875 2578 927 de
2610 876 2882 946 przedicta
2938 876 3134 928 foresti
3182 884 3239 930 et
3285 877 3407 946 ejus
3447 876 3848 948 ‘pertiuentiis

2133 963 2372 1017 liberam
2427 963 2634 1017 dehinc
2684 969 3022 1033 potestatem
3081 965 3335 1018 habeant
3389 965 3664 1036 quicquid
3727 964 3849 1017 sibi

2133 1052 2266 1106 inde
2299 1053 2575 1122 placuerit
2630 1051 2898 1118 faciendi,
2957 1052 3027 1105 ad
3086 1069 3253 1106 usum
3316 1059 3502 1107 tamen
3556 1053 3848 1118 ecclesiae,

2135 1141 2393 1194 omnium
2426 1141 2726 1194 hominum
2748 1141 3197 1195 contradictione
3236 1147 3476 1195 remota.
3513 1143 3578 1196 Et
3624 1148 3685 1196 ut
3712 1143 3850 1195 haec

2134 1235 2341 1281 nostra:
2382 1228 2708 1282 traditionis
2765 1229 3078 1282 auctoritas
3120 1229 3337 1283 stabilis
3391 1235 3446 1283 et
3496 1231 3850 1284 inconvulsa

2133 1331 2238 1386 per
2263 1315 2453 1370 futura
2474 1322 2811 1387 permaneat
2837 1323 3120 1387 tempora,
3156 1317 3262 1371 hoc
3309 1324 3662 1388 przeceptum
3699 1319 3847 1372 inde

2133 1403 2516 1474 conscriptum
2599 1420 2773 1458 manu
2853 1405 3086 1475 propria
3146 1405 3584 1458 corroborantes
3643 1405 3846 1474 sigillo

2137 1497 2329 1545 nostro
2364 1492 2626 1562 insigniri
2653 1493 2950 1562 jussimus.

2205 1581 2431 1645 Signum
2456 1581 2645 1634 domui
2681 1582 2941 1635 Heinrici
2970 1582 3056 1648 (M)
3083 1585 3226 1648 regis
3252 1584 3614 1636 invictissimi.

2205 1669 2550 1722 Guntherius
2605 1670 2973 1723 cancellarius
3017 1670 3132 1723 vice
3193 1671 3589 1725 Erchambaldi
3646 1672 3847 1725 archi-

2135 1757 2416 1826 capellani
2448 1757 2766 1826 recognovi.
2804 1757 2880 1823 (S)

2207 1847 2345 1899 Data
2374 1863 2425 1898 1v
2477 1846 2600 1899 Kal.
2659 1845 2936 1912 Januarii,
2978 1845 3289 1900 indictione
3320 1863 3371 1913 x,

2134 1934 2276 1988 nicas
2307 1934 2718 1988 incarnationis
2741 1935 3046 1988 millesimo
3078 1936 3215 1989 XIII.

2135 2023 2370 2076 secundi
2403 2023 2652 2076 Heinrici
2699 2024 2992 2093 regnantis
3022 2040 3099 2078 χι.

2205 2114 2408 2164 Actum
2442 2112 2635 2166 Polida
2660 2112 2922 2166 feliciter.
2959 2115 2998 2164 A
3011 2129 3163 2167 men.

2897 2202 3076 2254 LXIII.

2279 2288 2527 2342 Traditio
2555 2291 2797 2342 Πρέπιᾰοί
2826 2291 2890 2342 II
2915 2289 3060 2354 regis
3091 2289 3157 2341 de
3209 2291 3454 2358 Lupence
3482 2305 3686 2344 marca.

2649 2376 2842 2444 (Auno
2876 2374 3058 2428 1012?
3092 2379 3158 2428 30
3189 2375 3335 2446 dec.)

2655 2463 2924 2533 [Drouke,
2959 2464 3054 2515 ubi
3083 2464 3298 2533 supra.]

2208 2553 2266 2603 In
2297 2550 2534 2603 nomine
2579 2556 2786 2604 sanctae
2846 2557 2903 2605 et
2951 2551 3252 2605 individua;
3308 2551 3620 2617 Trinitatis,
3675 2556 3846 2608 Hem-

2136 2654 2308 2703 uicus,
2369 2639 2556 2692 divina
2610 2639 2832 2692 favente
2907 2640 3209 2692 clementia
3287 2641 3678 2694 Romanorum
3735 2642 3851 2696 im-

2138 2732 2367 2797 perator
2417 2732 2712 2796 angustus,
2773 2726 3041 2781 omnibus
3110 2728 3377 2782 fidelibus
3433 2729 3641 2782 nostris
3699 2745 3851 2799 prae-

2138 2813 2394 2867 sentibus
2441 2813 2654 2867 scilicet
2699 2819 2755 2867 et
2811 2815 3018 2868 futuris
3063 2815 3308 2885 gratiam
3371 2821 3426 2870 et
3487 2817 3732 2872 salutem
3790 2819 3849 2871 in

2139 2902 2377 2956 Christo.

3442 1863 3594 1901 anno
3632 1849 3841 1901 Domi-

3284 1941 3444 1990 Anno
3473 1953 3605 1990 vero
3638 1937 3844 1991 domui

2064 2987 2104 3040 C
2214 2991 2423 3045 Notum
2457 3007 2579 3044 esse
2610 2991 2877 3044 volumus
2905 2992 3165 3046 omnium
3223 2992 3509 3046 catholicae
3543 2993 3678 3046 fidei
3717 3011 3851 3047 me-

2139 3079 2336 3132 morias
2367 3079 2632 3148 qualiter,
2674 3079 3001 3133 interventu
3030 3096 3092 3134 ac
3123 3080 3403 3151 peticione
3438 3082 3848 3151 Chuuignudze

2135 3166 2514 3236 imperatricis
2561 3172 2819 3238 augustas
2865 3175 3075 3223 nostra:
3134 3170 3354 3223 dilectae
3407 3171 3696 3240 conjugis,
3733 3188 3842 3242 per

2133 3255 2280 3310 hanc
2309 3257 2490 3310 nostri
2517 3256 2836 3327 imperialis
2860 3257 3127 3328 praecepti
3160 3257 3429 3327 paginam
3462 3259 3841 3313 concedimus

2136 3350 2344 3398 sanctas
2385 3345 2648 3398 Fuldensi
2697 3346 2946 3398 ecclesiae
2996 3351 3052 3399 et
3103 3346 3314 3400 domno
3349 3348 3609 3417 Bopponi
3647 3348 3844 3402 abbati

2136 3433 2375 3504 ejusque
2406 3433 2822 3487 successoribus
2843 3433 2901 3487 in
2924 3439 3266 3509 perpetuum
3291 3434 3544 3488 bannum
3577 3441 3844 3491 nostrum

2134 3535 2307 3590 super
2332 3520 2541 3574 diversi
2573 3521 2800 3590 generis
2852 3522 2999 3575 feras
3053 3523 3203 3576 inter
3250 3523 3393 3577 fines
3443 3529 3502 3576 et
3559 3525 3843 3578 terminos

2138 3608 2636 3679 Lupencemarcha
2663 3625 3123 3680 quaquaversum
3165 3611 3364 3665 eadem
3415 3611 3841 3680 Lupencemar-

2134 3699 2240 3751 cha
2269 3699 2613 3765 extenditur,
2639 3715 2705 3752 ex
2728 3715 3011 3752 consensu
3040 3704 3096 3753 et
3133 3701 3425 3754 voluntate
3487 3701 3838 3755 Erkenbaldi

2133 3785 2577 3856 Mogontinensis
2626 3785 3038 3857 archiepiscopi
3095 3803 3316 3840 necnon
3372 3793 3430 3840 et
3471 3787 3707 3842 Arnoldi
3748 3789 3842 3842 ab-

2135 3875 2281 3930 batis
2324 3874 2705 3929 Herfeldensis
2747 3880 2803 3927 et
2857 3875 3198 3929 Willehelmi
3256 3875 3482 3929 comitis
3553 3883 3609 3929 et
3647 3877 3842 3930 fratris

2135 3965 2258 4034 ejus
2288 3964 2594 4034 Bopponis.
2622 3963 2888 4034 Sigimari
2921 3981 3149 4034 quoque
3181 3965 3435 4019 advocati
3468 3969 3524 4018 et
3575 3967 3837 4020 omnium

2133 4053 2281 4106 circa
2305 4053 2689 4107 habitantium
2748 4052 2848 4123 qui
2894 4053 2971 4106 ibi
3011 4053 3172 4123 juxta
3224 4053 3438 4125 praedia
3469 4053 3680 4108 habere
3738 4073 3842 4110 no-

2131 4146 2386 4208 scuntur,
2416 4159 2482 4195 eo
2529 4141 2787 4195 vicelicet
2841 4146 3043 4195 tenore
3111 4148 3394 4212 quatenus
3452 4143 3656 4196 eadem
3687 4160 3833 4214 pras-

2137 4229 2449 4297 nominata,
2483 4234 2676 4284 sancta
2723 4229 2942 4284 scilicet
2982 4231 3277 4284 Fuldensis
3331 4231 3585 4296 ecclesia,
3618 4238 3841 4286 noster-

2139 4333 2249 4388 que
2279 4318 2462 4372 fidelis
2495 4320 2688 4388 Boppo
2719 4319 2974 4388 ejusdem
3006 4319 3254 4372 ecclesiae
3275 4319 3616 4373 venerabilis
3638 4321 3836 4388 abbas,

2141 4423 2455 4477 omnesque
2487 4407 2587 4478 qui
2612 4407 2672 4461 in
2702 4407 2970 4478 praesenti
3005 4407 3272 4462 Fuldensi
3330 4408 3566 4462 ecclesia
3599 4409 3707 4463 sibi
3736 4427 3840 4481 pro

2138 4494 2343 4548 futuris
2392 4497 2749 4566 temporibus
2793 4496 3105 4550 successuri
3161 4501 3310 4564 sunt,
3366 4497 3514 4552 infra
3568 4499 3840 4568 praefatos

2138 4584 2280 4638 fines
2313 4585 2669 4639 forestandos
2699 4585 2803 4639 hac
2832 4591 3027 4639 nostra
3074 4585 3359 4656 imperiali
3414 4586 3723 4641 traditione
3757 4594 3836 4641 ta-

2138 4673 2250 4726 lem
2281 4689 2478 4744 pacem
2511 4679 2567 4728 et
2593 4674 2954 4728 securitatem
2985 4675 3188 4728 amodo
3223 4679 3278 4728 et
3323 4674 3593 4745 deinceps
3643 4676 3716 4730 de
3744 4694 3841 4730 cae-

2135 4759 2271 4813 teris
2309 4760 2885 4830 comprovincialibus
2939 4766 2997 4814 et
3046 4761 3260 4815 circum
3312 4763 3642 4817 sedentibus
3688 4765 3839 4818 obti-

2137 4853 2329 4915 neant,
2367 4850 2595 4920 qualem
2629 4849 2750 4903 haec
2781 4850 2979 4904 eadem
3037 4857 3375 4921 ceteraeque
3429 4852 3680 4905 ecclesias
3711 4853 3843 4906 hac-

2137 4941 2304 4990 tenus
2347 4937 2560 4991 habere
2609 4937 2746 4992 visas
2800 4942 2953 5004 sunt,
3015 4955 3141 5009 quae
3198 4945 3395 4992 nostra
3447 4939 3562 4993 sive
3610 4941 3841 5010 praede-

2137 5040 2424 5079 cessorum
2457 5031 2783 5080 nostrorum
2811 5027 3224 5098 imperatorum
3250 5027 3521 5082 videlidet
3547 5035 3605 5082 et
3634 5045 3840 5100 regum

2139 5112 2206 5167 de
2233 5113 2567 5183 hujusmodi
2595 5114 2902 5169 forestibus
2949 5115 3293 5169 forestandis
3348 5122 3633 5186 praecepta
3653 5134 3843 5172 susce-

2136 5207 2362 5272 perunt.
2426 5203 2491 5256 Et
2536 5207 2601 5256 ut
2652 5203 2770 5257 haec
2814 5203 2992 5258 banni
3044 5204 3227 5258 nostri
3275 5205 3565 5258 concessio
3615 5206 3840 5260 stabilis

2136 5307 2363 5361 semper
2385 5296 2439 5344 et
2463 5291 2789 5346 inconvulsa
2810 5297 3167 5362 permaneat,
3183 5293 3292 5346 hoc
3314 5299 3669 5363 praeceptum
3701 5293 3838 5348 inde

2135 5379 2521 5450 conscriptum
2554 5396 2727 5435 manu
2750 5381 2982 5452 propria
3039 5381 3472 5435 corroborantes
3503 5383 3680 5453 sigilli
3738 5399 3838 5438 no-

2135 5467 2236 5522 stri
2264 5467 2642 5539 impressione
2671 5469 2945 5539 jussimus
2979 5469 3246 5541 insigniri
3275 5475 3333 5525 et
3352 5471 3602 5526 nominis
3653 5475 3833 5527 nostri

2135 5561 2417 5613 caractere
2439 5557 2785 5613 confirmari.
