3944 6320
324 257 427 306 ‘299

1630 252 1685 305 S.
1729 251 2014 306 HENRICI
2055 251 2126 305 ΙΜ
2140 251 2532 307 PERATORIS

3737 251 3844 303 300

325 393 579 444 suarum,
626 382 683 432 et
735 393 969 432 suorum
1018 379 1324 448 parentum
1383 374 1633 429 Florines
1683 375 1828 444 (166)
1879 389 2014 427 con-
2053 375 2098 428 Α
2129 371 2866 444 gun([rnsing)dictum,in
2887 386 3037 440 pago
3055 370 3381 441 Kelesgowe
3403 372 3537 426 etin
3559 370 3840 426 comitatu

326 472 673 522 struxerunt.

398 557 651 620 Quorum
685 555 1010 609 interventu
1051 555 1232 624 ipsam
1265 552 1549 606 abbatiam
1586 567 1713 604 cum
1755 550 2021 605 omnibus

327 646 492 699 bonis
539 645 608 698 ad
643 645 900 697 eamdem
944 641 1381 712 pertinentibus,
1430 639 1635 692 futuris
1665 645 1721 692 et
1767 655 2018 709 prmsen-

331 734 501 798 tibus,
548 731 609 784 in
639 738 830 784 nostro
882 729 1293 784 mundiburnio
1343 734 1399 781 et
1454 728 1692 781 tuitione
1743 735 2022 798 perpetuo

329 821 774 873 conservandam
800 821 1168 888 suscepimus.

401 909 704 963 Commnni
745 909 921 978 igitur
963 908 1199 960 fratrum
1251 919 1506 967 assensu,
1555 904 1726 972 hujus
1766 907 2021 956 constru-

327 1005 430 1051 ctze
464 1000 535 1051 ab
566 998 645 1050 eis
677 996 937 1060 abbatim,
963 993 1270 1050 Godefrido
1293 993 1463 1047 cessit
1485 991 1797 1046 advocatio.

401 1085 467 1140 Et
511 1101 582 1138 ne
623 1085 814 1153 aliqua
853 1084 1003 1136 inter
1054 1083 1234 1152 ipsam
1285 1087 1340 1134 et
1379 1081 1665 1134 abbatiam
1716 1077 2021 1132 suscitare-

331 1178 425 1228 tur
474 1173 785 1239 altercatio,
854 1172 1006 1225 idem
1057 1170 1390 1223 Godefridus
1454 1171 1548 1238 jus
1617 1167 2022 1232 advocationis,

331 1261 481 1332 quod
529 1261 782 1327 retinuit,
830 1260 889 1313 in
931 1265 1120 1312 nostra
1152 1258 1457 1328 prassentia
1489 1257 1566 1310 sic
1613 1256 1894 1326 exposuit.
1945 1255 2022 1308 De

328 1349 568 1419 singulis
599 1349 852 1402 Ioris.....

398 1437 454 1491 Si
513 1437 641 1508 quis
707 1443 898 1489 autem
973 1439 1331 1505 posterorum
1399 1433 1571 1503 hujus
1645 1429 2025 1486 advocationis

326 1524 476 1578 ultra
523 1529 644 1578 haec
689 1525 958 1577 adversus
1020 1523 1313 1576 ecclesiam
1355 1521 1668 1590 quidquam
1721 1521 2021 1572 molestum

328 1620 664 1681 arroganter
694 1611 969 1675 intulerit,
1018 1611 1268 1663 Baldrico
1303 1608 1728 1661 Leodicensium
1760 1606 2022 1676 episcopo

327 1716 481 1753 nunc
520 1700 688 1752 nobis
718 1698 1022 1761 assistenti,
1063 1704 1119 1750 et
1148 1697 1564 1750 successoribus
1613 1713 1756 1764 ejus,
1808 1701 1871 1748 ut
1919 1711 2020 1748 no-

328 1793 442 1840 stra
466 1789 651 1858 vigeat
695 1788 1006 1846 concessio,
1047 1787 1171 1838 loco
1217 1784 1394 1838 nostri
1433 1790 1495 1836 ut
1545 1783 1759 1853 judices
1803 1789 1860 1837 ct
1907 1784 2024 1836 vin-

327 1874 479 1928 dices
561 1876 771 1928 arctius
848 1879 1188 1942 appareant,
1273 1874 1607 1925 auctoritate
1683 1871 2019 1941 potiore.....

323 1963 596 2017 Jubemus
636 1980 772 2033 ergo
806 1963 1032 2032 publice
1082 1968 1138 2014 et
1167 1961 1224 2013 in
1271 1961 1439 2030 pleno
1483 1961 1790 2029 colloquio,
1823 1965 2022 2029 quate-

326 2067 435 2104 nus
480 2052 802 2121 impensius
858 2052 1017 2103 labor
1066 2065 1178 2102 non
1223 2049 1454 2118 periret,
1504 2048 1602 2100 sed
1644 2064 1909 2101 securum
1969 2051 2025 2100 et

327 2137 622 2192 defensum
691 2145 950 2192 maneret
1010 2139 1418 2190 monasterium
1477 2135 1535 2188 in
1597 2137 1816 2189 honore
1874 2135 2025 2189 beati

323 2227 559 2280 Joannis
607 2227 869 2295 Baptista:
923 2232 1351 2289 constructum;
1401 2228 1458 2276 et
1503 2224 1645 2277 inibi
1702 2223 2024 2277 habitantes

325 2331 430 2384 pro
474 2315 863 2370 incolumitate
900 2320 1112 2378 nostra,
1165 2322 1217 2366 et
1263 2313 1525 2382 conjugis
1561 2318 1790 2376 nostras,
1832 2318 1889 2364 et
1919 2327 2022 2381 pro

325 2408 471 2455 statu
505 2403 732 2471 imperii
757 2401 935 2454 nostri
963 2401 1059 2454 Dei
1087 2400 1679 2470 clementiamjngiter
1698 2404 2019 2466 exorarent,

325 2490 434 2543 hoc
475 2498 680 2543 nostra!
713 2489 1068 2544 auctoritatis
1104 2495 1449 2558 pateceptum
1488 2490 1612 2541 fieri
1645 2488 2018 2543 decrevimus.

396 2580 527 2634 Haec
557 2583 688 2632 sunt
719 2584 908 2632 autem
948 2578 1330 2647 ingenuorum
1366 2577 1593 2629 testium
1629 2577 1895 2629 nomina:

394 2668 472 2720 Bu
485 2667 754 2720 rchardus
787 2667 1119 2718 Wormaciae
1150 2665 1470 2734 episcopus.

395 2757 723 2810 Heribertus
751 2755 1105 2811 Coloniensis
1133 2755 1612 2822 archiepiscopus.

395 2843 744 2896 Deodoricus
803 2841 1062 2896 Metensis
1107 2841 1435 2911 episcopus,
1484 2840 1658 2894 frater
1716 2839 2020 2908 Cunegun-

326 2931 413 2984 dis
442 2930 840 2999 imperatricis.

378 3019 736 3072 .Adetboldus
771 3015 1188 3086 Ultrajectensis
1218 3014 1538 3085 episcopus.

393 3105 728 3159 Gudel‘ridus
759 3106 888 3171 dux,
923 3114 1028 3158 etc.

395 3194 588 3247 Frater
617 3210 736 3260 elus
768 3193 985 3246 ELIIBIO.

393 3282 524 3336 Otto
551 3282 658 3336 dux
694 3280 1094 3350 LotbariugitP.

389 3370 597 3424 Albero
626 3372 736 3424 dux
769 3370 1228 3423 Mosi-Itamirum.

393 3459 531 3512 Data
555 3459 776 3512 decima
819 3458 1060 3526 septima
1095 3455 1244 3522 Maii,
1278 3469 1428 3507 anno
1482 3452 1788 3506 Dominicae
1831 3452 2018 3507 incar-

321 3548 568 3601 nationis
629 3546 935 3600 millesimo
988 3544 1351 3607 duodecimo,
1407 3541 1713 3595 indictione
1776 3541 2015 3608 decima,

320 3643 692 3691 concurrente
744 3633 1016 3699 secundo,
1059 3639 1257 3700 epacta
1298 3631 1564 3684 vicesima
1592 3638 1816 3701 quarta,
1867 3647 2017 3686 anno

321 3716 512 3761 autem
552 3705 799 3762 lleinrici
834 3703 1204 3771 imperatoris
1235 3703 1557 3756 undecimo.

387 3798 593 3849 Actum
625 3790 850 3846 Leodici
873 3791 1128 3844 teliciter.
1163 3795 1364 3845 Amen.

1083 3897 1257 3950 LXVI.

317 4010 621 4075 Imperator
701 4005 964 4075 Henricus
1051 4001 1216 4057 danai
1285 4003 1535 4058 Ecclesia
1636 4002 2018 4069 Bambergensi

388 4074 559 4131 locum
614 4076 834 4139 Irnsing
885 4074 942 4127 in
1002 4090 1144 4142 pago
1201 4075 1501 4142 Kelesgowe
1552 4078 1600 4128 et
1639 4077 1700 4128 in
1754 4076 2012 4128 comitatu

386 4149 594 4204 Ottonis
626 4149 691 4200 de
731 4147 1056 4213 Vittelspac/t
1081 4147 1266 4198 silum.

845 4236 1025 4300 (Anno
1061 4235 1214 4300 1012,
1251 4236 1270 4287 t
1313 4231 1480 4304 Nov.)

597 4323 783 4394 [Ried,
816 4323 941 4379 Cod.
986 4325 1148 4392 episc.
1190 4323 1440 4390 Ratisb.,
1483 4322 1524 4385 I,
1575 4317 1720 4390 130.]

384 4433 442 4487 Ο.
512 4432 577 4485 In
640 4430 876 4483 nomine
931 4437 1140 4483 sancte
1205 4434 1261 4481 et
1325 4427 1635 4482 individuus
1692 4425 2002 4493 Trinitatis,

312 4521 631 4582 Hammccs,
684 4518 875 4572 divina
925 4517 1148 4572 favente
1217 4514 1541 4580 clementia,
1609 4513 2004 4569 Romanorum

311 4610 625 4679 imperator
647 4611 953 4676 Augustus.

381 4695 648 4751 Omnium
681 4695 785 4764 Xpi
831 4693 1123 4764 nostrique
1171 4691 1428 4746 ﬁdelium
1468 4690 1689 4744 noverit
1719 4689 2001 4745 industria

309 4784 558 4856 qualiter
578 4799 700 4848 nos,
728 4785 800 4836 ob
827 4782 1146 4836 remedium
1177 4781 1383 4834 animae
1407 4784 1459 4833 et
1483 4794 1586 4848 per
1613 4779 1998 4835 interventum

307 4880 516 4928 nostras
544 4872 925 4926 dilectissime:
960 4869 1216 4940 conjugis
1244 4867 1642 4939 Chunigundae
1674 4867 1995 4938 imperatri-

306 4963 384 5016 cis
419 4965 712 5031 Augustae,
738 4961 1025 5032 quendam
1055 4958 1230 5013 nostri
1263 4957 1410 5028 juris
1449 4960 1634 5012 locum
1664 4956 1994 5027 Eringesin-

373 5085 524 5148 (166)
549 5083 791 5144 Florina,
824 5083 992 5148 vulgo
1022 5083 1296 5142 Florenne,
1328 5079 1686 5150 episcopatus
1713 5078 1990 5150 Leodien-

298 5157 375 5210 sis
407 5155 746 5224 oppidulum
779 5155 929 5206 inter
957 5152 1146 5206 Sabim
1193 5158 1249 5205 et
1279 5149 1485 5224 Mosam
1510 5151 1726 5224 situm,
1757 5149 1988 5224 sexqui-

296 5219 504 5281 milia'ri
541 5244 568 5276 a
616 5224 999 5294 Philippopoli
1049 5222 1356 5294 Hannoniaz
1389 5220 1625 5294 oppido,
1653 5228 1710 5273 et
1734 5219 1987 5294 quinque

295 5313 329 5350 a
368 5291 1213 5350 Mariae-Montiomilliaribus:
1262 5291 1410 5346 Olim
1430 5291 1574 5345 satis
1597 5291 1839 5358 lautum,
1886 5291 1984 5345 sed

296 5369 504 5434 saepius
536 5383 568 5418 a
597 5367 769 5420 Gallis
798 5380 1078 5418 eversum.

362 5430 459 5489 Est
511 5436 624 5490 illic
689 5436 913 5490 abbatia
974 5432 1489 5496 Benedictinorum,
1548 5431 1617 5486 de
1675 5446 1788 5502 qua
1854 5430 1978 5486 vide

288 5505 456 5576 plura
504 5507 654 5561 inter
701 5506 962 5576 Origines
1007 5504 1440 5570 Benedictinas;
1473 5503 1610 5557 item
1655 5502 1969 5573 capitulum

2131 463 2353 516 Ottonis
2391 462 2612 515 comitis
2639 467 2834 526 Situm,
2859 469 3062 513 sanctae
3096 460 3554 530 Babenbergensi
3583 461 3842 514 ecclesia!

2131 551 2190 604 in
2241 552 2516 605 honorem
2570 549 2720 603 beati
2778 548 2928 602 Petri
2988 549 3266 618 principis
3325 550 3724 618 apostolorum
3785 555 3844 603 et

2133 641 2309 694 sancti
2367 639 2593 709 Georgii
2651 637 2916 708 martyris
2981 643 3320 691 constructas
3378 644 3435 690 et
3463 645 3834 704 consecratae,

2132 745 2262 782 cum
2313 728 2578 781 omnibus
2627 725 3004 796 appendiciis,
3061 727 3274 778 scilicet
3329 727 3496 778 terris
3551 728 3721 780 cultis
3781 732 3841 778 et

2131 816 2382 881 incultis,
2429 815 2595 880 villis,
2641 814 2842 876 vineis,
2894 813 3068 883 agris,
3113 814 3311 883 pratis,
3379 815 3626 884 pascuis,
3672 817 3842 885 aquis

2135 920 2527 976 aquarumque
2565 903 2917 969 decursibus,
2950 903 3316 968 molendinis,
3347 903 3512 969 areis,
3552 903 3834 970 aedificiis,

2135 995 2435 1063 utriusque
2488 1008 2652 1045 sexus
2697 991 3020 1059 mancipiis,
3067 991 3315 1044 exitibus
3360 997 3413 1044 et
3444 992 3743 1059 reditibus,
3779 997 3840 1045 et

2133 1099 2264 1136 cum
2320 1081 2587 1134 omnibus
2635 1079 2977 1133 utilitatibus
3009 1095 3138 1148 quae
3184 1080 3268 1132 vel
3301 1079 3470 1133 scribi
3516 1083 3599 1133 vel
3647 1081 3838 1134 nomi-

2133 1171 2259 1225 nari
2307 1174 2565 1241 possunt,
2623 1184 2849 1221 summo
2898 1173 2954 1220 et
3011 1167 3233 1220 liberali
3287 1168 3598 1222 devotionis
3643 1169 3839 1222 studio

2134 1258 2192 1312 in
2237 1259 2537 1329 prOprium
2576 1257 2936 1310 concedimus
2989 1262 3045 1309 et
3093 1257 3412 1323 donamus;
3464 1274 3530 1310 ea
3570 1257 3841 1311 videlicet

2133 1347 2469 1401 condicione
2527 1349 2808 1415 quatenus
2884 1344 3139 1414 ejusdem
3211 1345 3545 1415 supradictae
3619 1355 3836 1399 sanctas

2137 1434 2624 1505 Babenbergensis
2655 1433 2907 1486 ecclesias
2951 1431 3292 1486 venerabilis
3322 1434 3622 1503 episcopus
3656 1435 3834 1488 Eber-

2135 1525 2347 1578 hardus
2399 1523 2601 1594 suique
2645 1537 2992 1574 successores
3038 1522 3305 1590 deinceps
3337 1523 3573 1575 liberam
3625 1523 3836 1576 exinde

2133 1611 2381 1664 habeant
2413 1615 2750 1680 potestatem
2793 1610 3043 1677 tenendi,
3077 1609 3424 1678 possidendi,
3458 1614 3514 1663 et
3555 1611 3836 1680 quicquid

2135 1700 2203 1753 ad
2265 1715 2428 1752 usum
2495 1698 2781 1769 praedictas
2877 1697 3127 1750 ecclesias
3202 1699 3486 1766 pertineat
3558 1698 3836 1765 faciendi,

2134 1788 2395 1841 omnium
2446 1792 2666 1840 remoto
2715 1785 3179 1840 contradictionis
3211 1786 3526 1839 obstaculo.
3585 1787 3642 1840 Si
3676 1789 3831 1858 quis,

2134 1876 2284 1945 quod
2315 1875 2462 1929 absit
2492 1876 2504 1928 l
2541 1875 2711 1944 hujus
2750 1879 2957 1928 nostr;e
3005 1874 3328 1927 donationis
3375 1874 3835 1930 munificentiam

2132 1965 2424 2018 destruere
2457 1969 2788 2033 przesumat,
2832 1962 3262 2031 inextinguibili
3289 1969 3574 2016 tormento
3625 1965 3686 2017 in
3741 1965 3837 2018 die

2127 2053 2332 2123 judicii
2359 2053 2514 2117 luat;
2550 2053 2600 2106 id
2631 2069 2700 2106 ne
2741 2052 2860 2117 ﬁat,
2889 2053 2985 2106 sed
3014 2058 3076 2104 ut
3107 2052 3276 2121 hujus
3319 2058 3527 2105 nostrae
3575 2052 3836 2106 donatio-

2134 2143 2222 2194 nis
2253 2141 2558 2194 auctoritas
2607 2139 2828 2194 stabilis
2868 2145 2925 2192 et
2955 2139 3290 2192 inconvulsa
3337 2145 3693 2208 permaneat,
3723 2141 3834 2193 hoc

2133 2235 2484 2300 prmeeptum
2537 2229 2667 2282 inde
2713 2229 3096 2297 conscriptum
3148 2229 3382 2297 propria
3421 2243 3834 2281 manu-corro-

2133 2318 2402 2372 borantes
2448 2317 2621 2387 sigilli
2699 2317 2883 2370 nostri
2953 2316 3330 2387 impressione
3393 2315 3674 2386 jussimus
3747 2316 3834 2370 in-

2134 2405 2358 2476 signiri.

2201 2495 2433 2562 Signum
2492 2493 2676 2546 damni
2749 2494 2988 2546 Heinrici
3055 2494 3407 2546 invictissimi
3458 2494 3827 2548 Romanorum

2130 2585 2476 2652 imperatoris
2508 2584 2764 2648 Augusti.
2792 2583 3258 2652 (Monogramma.)

2203 2671 2548 2725 Guntlierius
2607 2671 2974 2724 cancellarius
3031 2671 3148 2724 vice
3208 2669 3584 2725 Erchanbaldi
3643 2671 3834 2725 archi-

2131 2760 2409 2830 capellani
2439 2758 2764 2829 recognovi.

2205 2851 2343 2904 Data
2393 2850 2513 2903 Kal.
2558 2847 2914 2913 Novembris,
2948 2846 3141 2900 indict.
3189 2863 3270 2912 1n,
3319 2863 3469 2901 anno
3518 2847 3832 2902 Dominicae

2073 2927 2536 2992 1incarnationis
2584 2938 2738 3004 1012,
2804 2953 2954 2991 anno
3010 2951 3142 2989 vero
3188 2935 3381 2989 domui
3442 2937 3695 2990 Heinrici
3744 2953 3832 2990 se-

2131 3025 2300 3080 cundi
2334 3026 2626 3097 regnantis
2657 3041 2752 3092 xu,
2787 3023 3016 3094 imperii
3045 3028 3236 3077 autem
3269 3040 3306 3077 ι.

2203 3119 2407 3169 Actum
2435 3115 2751 3170 Merseburc
2771 3114 3030 3167 feliciter.
3063 3116 3264 3166 Amen.

2651 3202 2791 3254 Cum
2819 3201 3000 3270 sigillo
3025 3200 3298 3268 majestai.

2870 3289 3074 3344 LXVII.

2139 3377 2198 3431 S.
2259 3379 2482 3432 Henrici
2535 3380 2892 3504 privilcgglum
2939 3393 3039 3501 pg)
3082 3378 3405 3431 monasterio
3453 3377 3510 3431 S.
3543 3378 3830 3433 Benedicti

2822 3450 2961 3502 ontis
3032 3451 3197 3502 asini.

2822 3450 2961 3502 ontis
2980 3450 3197 3502 Casini.

2783 3536 2965 3607 (Anno
3001 3535 3178 3604 tOt3.)

2341 3623 2542 3698 [Tosti,
2575 3627 2757 3682 Storia
2783 3626 2926 3679 delia
2956 3625 3121 3678 badia
3146 3625 3351 3689 Casini,
3384 3626 3426 3692 Ι,
3456 3624 3621 3695 249.]

2198 3713 2262 3767 In
2322 3715 2556 3768 nomine
2596 3722 2804 3768 sanctas
2844 3720 2902 3767 et
2953 3713 3264 3768 individua
3310 3713 3602 3767 Trinitatis
3664 3715 3829 3768 Hem-

2124 3817 2296 3868 mcus,
2341 3802 2532 3856 divina
2579 3802 2799 3857 favente
2829 3803 3151 3869 clementia,
3203 3801 3591 3856 Romanorum
3637 3801 3826 3872 impe-

2122 3898 2277 3943 rator
2301 3893 2611 3961 Augustus.
3571 3886 3574 3890 ’

2194 3977 2430 4046 Oportet
2507 3977 2794 4049 imperiali
2849 3977 3246 4047 magnitudine
3285 3976 3538 4048 prmlatis
3569 3978 3688 4032 Deo
3747 3978 3826 4033 fa-

2123 4066 2468 4120 mulantium
2535 4082 2732 4136 preces
2797 4065 3096 4134 obaudire,
3169 4071 3228 4120 et
3297 4066 3448 4137 quod
3519 4066 3819 4135 petierint,

2123 4170 2319 4210 amore
2379 4162 2702 4209 sanctorum
2754 4171 3001 4226 quorum
3049 4155 3413 4209 veneratione
3464 4155 3586 4208 loca
3631 4156 3825 4210 dicata

2041 4222 2085 4277 ί)
2125 4249 2277 4311 sunt,
2315 4243 2415 4297 ubi
2451 4260 2654 4313 greges
2696 4222 2817 4310 Dei,
2869 4243 3059 4296 divina
3093 4243 3457 4310 militatione,
3513 4248 3570 4296 et
3611 4245 3822 4316 exequi

2116 4336 2441 4398 procurant,
2506 4329 2749 4383 libenter
2795 4329 3217 4399 obtemperare,
3271 4345 3516 4398 qua-que
3571 4345 3823 4385 munera.

2117 4433 2251 4487 erga
2304 4419 2504 4472 eadem
2546 4420 2686 4486 loca,
2719 4417 3247 4489 adpercipiendam
3281 4417 3535 4471 divinam
3570 4418 3821 4472 retribu-

2112 4505 2348 4571 tionem,
2390 4506 2666 4561 conferre.
2702 4508 2926 4570 Quanto
2983 4505 3291 4560 studiosius
3349 4505 3456 4558 hoc
3498 4505 3628 4576 quis
3677 4523 3816 4578 pro-

2112 4610 2311 4649 curare
2366 4595 2674 4662 contendit,
2741 4601 2923 4664 tanto,
2980 4596 3101 4663 ejus
3156 4593 3546 4648 misericordia
3609 4593 3815 4665 fultus,

2110 4687 2168 4737 et
2203 4684 2505 4754 praesentia
2555 4683 2779 4737 facilius
2809 4683 3117 4748 transilire,
3157 4688 3214 4736 et
3259 4689 3530 4736 aeternam
3562 4681 3815 4737 beatitu-

2110 4771 2303 4826 dinem
2352 4772 2572 4826 facilius
2619 4788 2910 4842 capessere
2965 4770 3404 4842 promcrebitur.
3455 4770 3638 4841 Igitur
3675 4789 3817 4826 cun-

2107 4863 2330 4913 ctorum
2358 4860 2616 4913 fidelium
2657 4867 2863 4914 sancta:
2899 4859 2998 4913 Dei
3057 4859 3308 4914 Ecclesia
3342 4863 3812 4930 nostrorumque,

2103 4949 2474 5018 praesentium
2514 4948 2774 5003 videlicet
2817 4965 2882 5003 ac
2938 4948 3286 5015 futurorum,
3336 4955 3644 5018 cognoscat
3693 4951 3808 5004 sol-

2103 5073 2297 5128 decem
2329 5074 2756 5141 canonicorum,
2792 5073 3094 5128 fundatum
3149 5074 3208 5127 in
3252 5074 3528 5127 honorem
3559 5071 3619 5127 S.
3652 5072 3809 5128 Gen-

2101 5145 2639 5216 gulphimartyris.
2687 5162 2719 5198 a
2759 5147 3008 5214 quodam
3059 5144 3261 5199 abbate
3318 5143 3662 5216 Florinensi,
3703 5145 3809 5216 qui

2099 5213 2208 5295 sibi
2245 5215 2476 5295 suisgue
2505 5213 2956 5295 successeribus
3014 5217 3258 5295 titulum
3304 5213 3605 5295 praapositi
3662 5213 3803 5295 curn

2090 5288 2221 5356 jure
2251 5287 2580 5341 conferendi
2613 5287 2948 5355 prmbendas
2980 5285 3308 5344 reservavit.
3359 5301 3424 5338 ac
3463 5285 3558 5356 jus
3607 5287 3806 5356 archi-

2094 5357 2394 5482 diaconaIet
2416 5358 2476 5412 in
2515 5359 2790 5429 oppidum
2832 5359 3158 5413 Florinense
3187 5357 3425 5427 ejusque
3473 5355 3803 5412 districtum

2092 5445 2367 5483 acamsxvn
2401 5471 2412 5480 .

2161 5445 2412 5500 quisivit.
