  <div class='ocr_page' id='page_1' title='image "/cluster/home/n/w/nwhite01/storage/ocr_20150623/140/umn.31951002477433x/176.png"; bbox 0 0 3944 6360; ppageno 0'>
   <div class='ocr_carea' id='block_1_1' title="bbox 132 311 2362 373">
    <p class='ocr_par' dir='ltr' id='par_1_1' title="bbox 132 311 2362 373">
     <span class='ocr_line' id='line_1_1' title="bbox 132 311 2362 373; baseline 0.005 -12"><span class='ocrx_word' id='word_1_1' title='bbox 132 311 213 362; x_wconf 77' lang='grc'><strong>301</strong></span> <span class='ocrx_word' id='word_1_2' title='bbox 1379 313 1445 366; x_wconf 91' lang='lat' dir='ltr'><strong>Dl</strong></span> <span class='ocrx_word' id='word_1_3' title='bbox 1458 312 1769 369; x_wconf 81' lang='lat' dir='ltr'><strong>PLOMATA</strong></span> <span class='ocrx_word' id='word_1_4' title='bbox 1809 315 2362 373; x_wconf 83' lang='lat' dir='ltr'><strong>ECCLESIASTICA.</strong></span> 
     </span>
    </p>
   </div>
   <div class='ocr_carea' id='block_1_2' title="bbox 3518 329 3619 383">
    <p class='ocr_par' dir='ltr' id='par_1_2' title="bbox 3518 329 3619 383">
     <span class='ocr_line' id='line_1_2' title="bbox 3518 329 3619 383; baseline -0.02 0"><span class='ocrx_word' id='word_1_5' title='bbox 3518 329 3619 383; x_wconf 86' lang='lat'><strong>302</strong></span> 
     </span>
    </p>
   </div>
   <div class='ocr_carea' id='block_1_3' title="bbox 126 432 3618 519">
    <p class='ocr_par' dir='ltr' id='par_1_3' title="bbox 126 432 3618 519">
     <span class='ocr_line' id='line_1_3' title="bbox 126 432 3618 519; baseline 0.005 -33"><span class='ocrx_word' id='word_1_6' title='bbox 126 432 280 487; x_wconf 83' lang='lat' dir='ltr'><strong>tertia</strong></span> <span class='ocrx_word' id='word_1_7' title='bbox 306 433 448 504; x_wconf 82' lang='lat' dir='ltr'><strong>quia</strong></span> <span class='ocrx_word' id='word_1_8' title='bbox 494 433 579 487; x_wconf 90' lang='lat' dir='ltr'><strong>vir</strong></span> <span class='ocrx_word' id='word_1_9' title='bbox 615 432 963 487; x_wconf 83' lang='lat' dir='ltr'><strong>venerabilis</strong></span> <span class='ocrx_word' id='word_1_10' title='bbox 1017 434 1193 489; x_wconf 84' lang='lat' dir='ltr'><strong>abbas</strong></span> <span class='ocrx_word' id='word_1_11' title='bbox 1248 436 1553 499; x_wconf 85' lang='lat' dir='ltr'><strong>Atinulfus,</strong></span> <span class='ocrx_word' id='word_1_12' title='bbox 1617 437 1807 491; x_wconf 90' lang='lat' dir='ltr'><strong>erudi-</strong></span> <span class='ocrx_word' id='word_1_13' title='bbox 1838 440 1884 492; x_wconf 84' lang='lat' dir='ltr'><strong>A</strong></span> <span class='ocrx_word' id='word_1_14' title='bbox 1922 454 2268 495; x_wconf 91' lang='lat' dir='ltr'><strong>concessum.</strong></span> <span class='ocrx_word' id='word_1_15' title='bbox 2309 443 2421 496; x_wconf 87' lang='lat' dir='ltr'><strong>Nec</strong></span> <span class='ocrx_word' id='word_1_16' title='bbox 2452 458 2569 496; x_wconf 90' lang='lat' dir='ltr'><strong>non</strong></span> <span class='ocrx_word' id='word_1_17' title='bbox 2598 442 2767 497; x_wconf 89' lang='lat' dir='ltr'><strong>etiam</strong></span> <span class='ocrx_word' id='word_1_18' title='bbox 2824 460 2857 496; x_wconf 88' lang='lat' dir='ltr'><strong>a</strong></span> <span class='ocrx_word' id='word_1_19' title='bbox 2889 443 3055 498; x_wconf 89' lang='lat' dir='ltr'><strong>nobis</strong></span> <span class='ocrx_word' id='word_1_20' title='bbox 3085 445 3247 511; x_wconf 88' lang='lat' dir='ltr'><strong>adiit,</strong></span> <span class='ocrx_word' id='word_1_21' title='bbox 3281 451 3453 519; x_wconf 88' lang='lat' dir='ltr'><strong>atque</strong></span> <span class='ocrx_word' id='word_1_22' title='bbox 3484 466 3618 503; x_wconf 90' lang='lat' dir='ltr'><strong>con-</strong></span> 
     </span>
    </p>
   </div>
   <div class='ocr_carea' id='block_1_4' title="bbox 126 521 1813 593">
    <p class='ocr_par' dir='ltr' id='par_1_4' title="bbox 126 521 1813 593">
     <span class='ocr_line' id='line_1_4' title="bbox 126 521 1813 593; baseline 0.001 -18"><span class='ocrx_word' id='word_1_23' title='bbox 126 528 205 575; x_wconf 90' lang='lat' dir='ltr'><strong>tus</strong></span> <span class='ocrx_word' id='word_1_24' title='bbox 234 522 606 591; x_wconf 83' lang='lat' dir='ltr'><strong>regularibus</strong></span> <span class='ocrx_word' id='word_1_25' title='bbox 639 521 979 593; x_wconf 85' lang='lat' dir='ltr'><strong>disciplinis,</strong></span> <span class='ocrx_word' id='word_1_26' title='bbox 1012 528 1069 576; x_wconf 92' lang='lat' dir='ltr'><strong>et</strong></span> <span class='ocrx_word' id='word_1_27' title='bbox 1096 527 1283 577; x_wconf 87' lang='lat' dir='ltr'><strong>rector</strong></span> <span class='ocrx_word' id='word_1_28' title='bbox 1322 525 1566 578; x_wconf 79' lang='lat' dir='ltr'><strong>canobii</strong></span> <span class='ocrx_word' id='word_1_29' title='bbox 1624 523 1813 578; x_wconf 78' lang='lat' dir='ltr'><strong>Sancti</strong></span> 
     </span>
    </p>
   </div>
   <div class='ocr_carea' id='block_1_5' title="bbox 129 610 1815 682">
    <p class='ocr_par' dir='ltr' id='par_1_5' title="bbox 129 610 1815 682">
     <span class='ocr_line' id='line_1_5' title="bbox 129 610 1815 682; baseline 0.001 -18"><span class='ocrx_word' id='word_1_30' title='bbox 129 610 430 677; x_wconf 77' lang='lat' dir='ltr'><strong>Benedicti,</strong></span> <span class='ocrx_word' id='word_1_31' title='bbox 467 610 565 681; x_wconf 87' lang='lat' dir='ltr'><strong>qui</strong></span> <span class='ocrx_word' id='word_1_32' title='bbox 617 615 703 664; x_wconf 89' lang='lat' dir='ltr'><strong>est</strong></span> <span class='ocrx_word' id='word_1_33' title='bbox 734 611 907 664; x_wconf 91' lang='lat' dir='ltr'><strong>situm</strong></span> <span class='ocrx_word' id='word_1_34' title='bbox 955 610 1014 664; x_wconf 92' lang='lat' dir='ltr'><strong>in</strong></span> <span class='ocrx_word' id='word_1_35' title='bbox 1044 617 1231 664; x_wconf 86' lang='lat' dir='ltr'><strong>castro</strong></span> <span class='ocrx_word' id='word_1_36' title='bbox 1290 612 1514 678; x_wconf 88' lang='lat' dir='ltr'><strong>Casino,</strong></span> <span class='ocrx_word' id='word_1_37' title='bbox 1564 613 1664 666; x_wconf 92' lang='lat' dir='ltr'><strong>ubi</strong></span> <span class='ocrx_word' id='word_1_38' title='bbox 1692 613 1815 682; x_wconf 88' lang='lat' dir='ltr'><strong>ipse</strong></span> 
     </span>
    </p>
   </div>
   <div class='ocr_carea' id='block_1_6' title="bbox 125 698 1817 768">
    <p class='ocr_par' dir='ltr' id='par_1_6' title="bbox 125 698 1817 768">
     <span class='ocr_line' id='line_1_6' title="bbox 125 698 1817 768; baseline 0.002 -18"><span class='ocrx_word' id='word_1_39' title='bbox 125 699 202 750; x_wconf 85' lang='lat' dir='ltr'><strong>sui</strong></span> <span class='ocrx_word' id='word_1_40' title='bbox 262 699 525 768; x_wconf 85' lang='lat' dir='ltr'><strong>corporis</strong></span> <span class='ocrx_word' id='word_1_41' title='bbox 583 698 894 768; x_wconf 89' lang='lat' dir='ltr'><strong>sepultura</strong></span> <span class='ocrx_word' id='word_1_42' title='bbox 946 698 1135 751; x_wconf 92' lang='lat' dir='ltr'><strong>locum</strong></span> <span class='ocrx_word' id='word_1_43' title='bbox 1196 700 1565 754; x_wconf 79' lang='lat' dir='ltr'><strong>veneratione</strong></span> <span class='ocrx_word' id='word_1_44' title='bbox 1610 701 1817 755; x_wconf 85' lang='lat' dir='ltr'><strong>dicavit</strong></span> 
     </span>
    </p>
   </div>
   <div class='ocr_carea' id='block_1_7' title="bbox 125 787 1814 858">
    <p class='ocr_par' dir='ltr' id='par_1_7' title="bbox 125 787 1814 858">
     <span class='ocr_line' id='line_1_7' title="bbox 125 787 1814 858; baseline 0.002 -19"><span class='ocrx_word' id='word_1_45' title='bbox 125 802 242 840; x_wconf 87' lang='lat' dir='ltr'><strong>cum</strong></span> <span class='ocrx_word' id='word_1_46' title='bbox 266 793 474 840; x_wconf 90' lang='lat' dir='ltr'><strong>cuncta</strong></span> <span class='ocrx_word' id='word_1_47' title='bbox 523 787 969 857; x_wconf 75' lang='lat' dir='ltr'><strong>congregatione</strong></span> <span class='ocrx_word' id='word_1_48' title='bbox 1002 804 1177 858; x_wconf 90' lang='lat' dir='ltr'><strong>quam</strong></span> <span class='ocrx_word' id='word_1_49' title='bbox 1214 787 1274 841; x_wconf 90' lang='lat' dir='ltr'><strong>in</strong></span> <span class='ocrx_word' id='word_1_50' title='bbox 1325 789 1525 843; x_wconf 88' lang='lat' dir='ltr'><strong>eodem</strong></span> <span class='ocrx_word' id='word_1_51' title='bbox 1561 790 1680 842; x_wconf 92' lang='lat' dir='ltr'><strong>loco</strong></span> <span class='ocrx_word' id='word_1_52' title='bbox 1711 790 1814 843; x_wconf 88' lang='lat' dir='ltr'><strong>sub</strong></span> 
     </span>
    </p>
   </div>
   <div class='ocr_carea' id='block_1_8' title="bbox 127 876 1815 946">
    <p class='ocr_par' dir='ltr' id='par_1_8' title="bbox 127 876 1815 946">
     <span class='ocr_line' id='line_1_8' title="bbox 127 876 1815 946; baseline 0.001 -18"><span class='ocrx_word' id='word_1_53' title='bbox 127 876 319 946; x_wconf 86' lang='lat' dir='ltr'><strong>regula</strong></span> <span class='ocrx_word' id='word_1_54' title='bbox 341 876 576 930; x_wconf 83' lang='lat' dir='ltr'><strong>almiﬁci</strong></span> <span class='ocrx_word' id='word_1_55' title='bbox 602 877 940 930; x_wconf 86' lang='lat' dir='ltr'><strong>confessoris</strong></span> <span class='ocrx_word' id='word_1_56' title='bbox 971 878 1358 946; x_wconf 77' lang='lat' dir='ltr'><strong>omnipotenti</strong></span> <span class='ocrx_word' id='word_1_57' title='bbox 1392 878 1504 931; x_wconf 84' lang='lat' dir='ltr'><strong>Deo</strong></span> <span class='ocrx_word' id='word_1_58' title='bbox 1530 878 1815 932; x_wconf 86' lang='lat' dir='ltr'><strong>Benedicti</strong></span> 
     </span>
    </p>
   </div>
   <div class='ocr_carea' id='block_1_9' title="bbox 126 964 1812 1035">
    <p class='ocr_par' dir='ltr' id='par_1_9' title="bbox 126 964 1812 1035">
     <span class='ocr_line' id='line_1_9' title="bbox 126 964 1812 1035; baseline 0.002 -19"><span class='ocrx_word' id='word_1_59' title='bbox 126 966 394 1018; x_wconf 83' lang='lat' dir='ltr'><strong>veraciter</strong></span> <span class='ocrx_word' id='word_1_60' title='bbox 439 965 725 1018; x_wconf 86' lang='lat' dir='ltr'><strong>deservire</strong></span> <span class='ocrx_word' id='word_1_61' title='bbox 756 964 1150 1034; x_wconf 86' lang='lat' dir='ltr'><strong>cognovimus,</strong></span> <span class='ocrx_word' id='word_1_62' title='bbox 1210 981 1315 1034; x_wconf 92' lang='lat' dir='ltr'><strong>per</strong></span> <span class='ocrx_word' id='word_1_63' title='bbox 1365 981 1510 1035; x_wconf 89' lang='lat' dir='ltr'><strong>quos</strong></span> <span class='ocrx_word' id='word_1_64' title='bbox 1566 966 1688 1035; x_wconf 87' lang='lat' dir='ltr'><strong>ipse</strong></span> <span class='ocrx_word' id='word_1_65' title='bbox 1719 982 1812 1019; x_wconf 92' lang='lat' dir='ltr'><strong>ve-</strong></span> 
     </span>
    </p>
   </div>
   <div class='ocr_carea' id='block_1_10' title="bbox 128 1052 1815 1122">
    <p class='ocr_par' dir='ltr' id='par_1_10' title="bbox 128 1052 1815 1122">
     <span class='ocr_line' id='line_1_10' title="bbox 128 1052 1815 1122; baseline 0 -16"><span class='ocrx_word' id='word_1_66' title='bbox 128 1054 392 1107; x_wconf 88' lang='lat' dir='ltr'><strong>nerabilis</strong></span> <span class='ocrx_word' id='word_1_67' title='bbox 423 1053 597 1106; x_wconf 90' lang='lat' dir='ltr'><strong>abbas</strong></span> <span class='ocrx_word' id='word_1_68' title='bbox 626 1053 911 1122; x_wconf 88' lang='lat' dir='ltr'><strong>pecientes</strong></span> <span class='ocrx_word' id='word_1_69' title='bbox 944 1052 1062 1122; x_wconf 83' lang='lat' dir='ltr'><strong>(sic)</strong></span> <span class='ocrx_word' id='word_1_70' title='bbox 1091 1053 1490 1107; x_wconf 82' lang='lat' dir='ltr'><strong>celsitudinem</strong></span> <span class='ocrx_word' id='word_1_71' title='bbox 1538 1058 1815 1121; x_wconf 90' lang='lat' dir='ltr'><strong>nostram,</strong></span> 
     </span>
    </p>
   </div>
   <div class='ocr_carea' id='block_1_11' title="bbox 126 1141 1816 1210">
    <p class='ocr_par' dir='ltr' id='par_1_11' title="bbox 126 1141 1816 1210">
     <span class='ocr_line' id='line_1_11' title="bbox 126 1141 1816 1210; baseline 0 -15"><span class='ocrx_word' id='word_1_72' title='bbox 126 1149 184 1195; x_wconf 89' lang='lat' dir='ltr'><strong>ut</strong></span> <span class='ocrx_word' id='word_1_73' title='bbox 211 1142 284 1195; x_wconf 91' lang='lat' dir='ltr'><strong>ob</strong></span> <span class='ocrx_word' id='word_1_74' title='bbox 316 1142 600 1194; x_wconf 87' lang='lat' dir='ltr'><strong>honorem</strong></span> <span class='ocrx_word' id='word_1_75' title='bbox 649 1141 749 1195; x_wconf 90' lang='lat' dir='ltr'><strong>Dei</strong></span> <span class='ocrx_word' id='word_1_76' title='bbox 802 1147 859 1195; x_wconf 85' lang='lat' dir='ltr'><strong>et</strong></span> <span class='ocrx_word' id='word_1_77' title='bbox 914 1141 1298 1194; x_wconf 86' lang='lat' dir='ltr'><strong>reverentiam</strong></span> <span class='ocrx_word' id='word_1_78' title='bbox 1338 1142 1594 1210; x_wconf 82' lang='lat' dir='ltr'><strong>ejusdem</strong></span> <span class='ocrx_word' id='word_1_79' title='bbox 1636 1142 1816 1195; x_wconf 90' lang='lat' dir='ltr'><strong>sancti</strong></span> 
     </span>
    </p>
   </div>
   <div class='ocr_carea' id='block_1_12' title="bbox 128 1230 1816 1300">
    <p class='ocr_par' dir='ltr' id='par_1_12' title="bbox 128 1230 1816 1300">
     <span class='ocr_line' id='line_1_12' title="bbox 128 1230 1816 1300; baseline -0.001 -16"><span class='ocrx_word' id='word_1_80' title='bbox 128 1231 248 1293; x_wconf 91' lang='lat' dir='ltr'><strong>loci,</strong></span> <span class='ocrx_word' id='word_1_81' title='bbox 283 1230 611 1300; x_wconf 88' lang='lat' dir='ltr'><strong>animaque</strong></span> <span class='ocrx_word' id='word_1_82' title='bbox 644 1235 851 1284; x_wconf 84' lang='lat' dir='ltr'><strong>nostra</strong></span> <span class='ocrx_word' id='word_1_83' title='bbox 884 1235 1276 1299; x_wconf 89' lang='lat' dir='ltr'><strong>augmentem,</strong></span> <span class='ocrx_word' id='word_1_84' title='bbox 1309 1246 1413 1283; x_wconf 91' lang='lat' dir='ltr'><strong>nec</strong></span> <span class='ocrx_word' id='word_1_85' title='bbox 1463 1246 1577 1283; x_wconf 91' lang='lat' dir='ltr'><strong>non</strong></span> <span class='ocrx_word' id='word_1_86' title='bbox 1635 1230 1816 1283; x_wconf 91' lang='lat' dir='ltr'><strong>stabi-</strong></span> 
     </span>
    </p>
   </div>
   <div class='ocr_carea' id='block_1_13' title="bbox 128 1318 1813 1388">
    <p class='ocr_par' dir='ltr' id='par_1_13' title="bbox 128 1318 1813 1388">
     <span class='ocr_line' id='line_1_13' title="bbox 128 1318 1813 1388; baseline -0.001 -15"><span class='ocrx_word' id='word_1_87' title='bbox 128 1320 339 1373; x_wconf 86' lang='lat' dir='ltr'><strong>litatem</strong></span> <span class='ocrx_word' id='word_1_88' title='bbox 376 1319 559 1372; x_wconf 86' lang='lat' dir='ltr'><strong>nostri</strong></span> <span class='ocrx_word' id='word_1_89' title='bbox 588 1319 771 1388; x_wconf 88' lang='lat' dir='ltr'><strong>regni,</strong></span> <span class='ocrx_word' id='word_1_90' title='bbox 826 1319 1138 1372; x_wconf 90' lang='lat' dir='ltr'><strong>secundum</strong></span> <span class='ocrx_word' id='word_1_91' title='bbox 1199 1318 1679 1387; x_wconf 86' lang='lat' dir='ltr'><strong>pradecessorum</strong></span> <span class='ocrx_word' id='word_1_92' title='bbox 1713 1335 1813 1371; x_wconf 85' lang='lat' dir='ltr'><strong>no-</strong></span> 
     </span>
    </p>
   </div>
   <div class='ocr_carea' id='block_1_14' title="bbox 128 1406 1815 1476">
    <p class='ocr_par' dir='ltr' id='par_1_14' title="bbox 128 1406 1815 1476">
     <span class='ocr_line' id='line_1_14' title="bbox 128 1406 1815 1476; baseline -0.001 -16"><span class='ocrx_word' id='word_1_93' title='bbox 128 1414 372 1462; x_wconf 84' lang='lat' dir='ltr'><strong>strorum</strong></span> <span class='ocrx_word' id='word_1_94' title='bbox 424 1407 841 1476; x_wconf 88' lang='lat' dir='ltr'><strong>imperatorum</strong></span> <span class='ocrx_word' id='word_1_95' title='bbox 901 1411 1204 1476; x_wconf 76' lang='lat' dir='ltr'><strong>praceptu,</strong></span> <span class='ocrx_word' id='word_1_96' title='bbox 1267 1411 1643 1476; x_wconf 88' lang='lat' dir='ltr'><strong>augustorum</strong></span> <span class='ocrx_word' id='word_1_97' title='bbox 1676 1406 1815 1459; x_wconf 91' lang='lat' dir='ltr'><strong>scili-</strong></span> 
     </span>
    </p>
   </div>
   <div class='ocr_carea' id='block_1_15' title="bbox 127 1494 1815 1565">
    <p class='ocr_par' dir='ltr' id='par_1_15' title="bbox 127 1494 1815 1565">
     <span class='ocr_line' id='line_1_15' title="bbox 127 1494 1815 1565; baseline -0.002 -14"><span class='ocrx_word' id='word_1_98' title='bbox 127 1503 207 1551; x_wconf 89' lang='lat' dir='ltr'><strong>cet</strong></span> <span class='ocrx_word' id='word_1_99' title='bbox 244 1497 456 1562; x_wconf 87' lang='lat' dir='ltr'><strong>Caroli,</strong></span> <span class='ocrx_word' id='word_1_100' title='bbox 506 1495 776 1561; x_wconf 90' lang='lat' dir='ltr'><strong>Lotharii,</strong></span> <span class='ocrx_word' id='word_1_101' title='bbox 811 1496 1056 1561; x_wconf 89' lang='lat' dir='ltr'><strong>Ottonis,</strong></span> <span class='ocrx_word' id='word_1_102' title='bbox 1088 1511 1190 1565; x_wconf 91' lang='lat' dir='ltr'><strong>per</strong></span> <span class='ocrx_word' id='word_1_103' title='bbox 1218 1494 1325 1548; x_wconf 92' lang='lat' dir='ltr'><strong>hoc</strong></span> <span class='ocrx_word' id='word_1_104' title='bbox 1355 1501 1565 1548; x_wconf 89' lang='lat' dir='ltr'><strong>nostra</strong></span> <span class='ocrx_word' id='word_1_105' title='bbox 1618 1500 1815 1548; x_wconf 90' lang='lat' dir='ltr'><strong>aucto-</strong></span> 
     </span>
    </p>
   </div>
   <div class='ocr_carea' id='block_1_16' title="bbox 126 1582 1812 1654">
    <p class='ocr_par' dir='ltr' id='par_1_16' title="bbox 126 1582 1812 1654">
     <span class='ocr_line' id='line_1_16' title="bbox 126 1582 1812 1654; baseline 0 -17"><span class='ocrx_word' id='word_1_106' title='bbox 126 1584 305 1639; x_wconf 87' lang='lat' dir='ltr'><strong>ritatis</strong></span> <span class='ocrx_word' id='word_1_107' title='bbox 338 1586 458 1639; x_wconf 93' lang='lat' dir='ltr'><strong>imo</strong></span> <span class='ocrx_word' id='word_1_108' title='bbox 517 1584 963 1638; x_wconf 85' lang='lat' dir='ltr'><strong>conﬁrmationis</strong></span> <span class='ocrx_word' id='word_1_109' title='bbox 1014 1591 1366 1654; x_wconf 84' lang='lat' dir='ltr'><strong>praceptum</strong></span> <span class='ocrx_word' id='word_1_110' title='bbox 1421 1584 1568 1636; x_wconf 89' lang='lat' dir='ltr'><strong>circa</strong></span> <span class='ocrx_word' id='word_1_111' title='bbox 1623 1582 1812 1654; x_wconf 91' lang='lat' dir='ltr'><strong>ipsum</strong></span> 
     </span>
    </p>
   </div>
   <div class='ocr_carea' id='block_1_17' title="bbox 123 1672 1812 1742">
    <p class='ocr_par' dir='ltr' id='par_1_17' title="bbox 123 1672 1812 1742">
     <span class='ocr_line' id='line_1_17' title="bbox 123 1672 1812 1742; baseline 0 -17"><span class='ocrx_word' id='word_1_112' title='bbox 123 1673 509 1727; x_wconf 86' lang='lat' dir='ltr'><strong>venerabilem</strong></span> <span class='ocrx_word' id='word_1_113' title='bbox 539 1674 725 1726; x_wconf 90' lang='lat' dir='ltr'><strong>locum</strong></span> <span class='ocrx_word' id='word_1_114' title='bbox 759 1689 823 1725; x_wconf 91' lang='lat' dir='ltr'><strong>ea</strong></span> <span class='ocrx_word' id='word_1_115' title='bbox 870 1689 997 1742; x_wconf 87' lang='lat' dir='ltr'><strong>qua</strong></span> <span class='ocrx_word' id='word_1_116' title='bbox 1031 1672 1227 1725; x_wconf 86' lang='lat' dir='ltr'><strong>subter</strong></span> <span class='ocrx_word' id='word_1_117' title='bbox 1253 1672 1463 1742; x_wconf 85' lang='lat' dir='ltr'><strong>scripta</strong></span> <span class='ocrx_word' id='word_1_118' title='bbox 1494 1673 1812 1726; x_wconf 79' lang='lat' dir='ltr'><strong>decernunt</strong></span> 
     </span>
    </p>
   </div>
   <div class='ocr_carea' id='block_1_18' title="bbox 124 1760 1813 1829">
    <p class='ocr_par' dir='ltr' id='par_1_18' title="bbox 124 1760 1813 1829">
     <span class='ocr_line' id='line_1_18' title="bbox 124 1760 1813 1829; baseline -0.002 -14"><span class='ocrx_word' id='word_1_119' title='bbox 124 1763 460 1815; x_wconf 89' lang='lat' dir='ltr'><strong>conﬁrmare</strong></span> <span class='ocrx_word' id='word_1_120' title='bbox 506 1765 562 1815; x_wconf 90' lang='lat' dir='ltr'><strong>et</strong></span> <span class='ocrx_word' id='word_1_121' title='bbox 610 1761 978 1814; x_wconf 87' lang='lat' dir='ltr'><strong>corroborare</strong></span> <span class='ocrx_word' id='word_1_122' title='bbox 1009 1760 1408 1829; x_wconf 85' lang='lat' dir='ltr'><strong>dignaremur;</strong></span> <span class='ocrx_word' id='word_1_123' title='bbox 1468 1776 1668 1813; x_wconf 90' lang='lat' dir='ltr'><strong>omnes</strong></span> <span class='ocrx_word' id='word_1_124' title='bbox 1723 1777 1813 1813; x_wconf 90' lang='lat' dir='ltr'><strong>res</strong></span> 
     </span>
    </p>
   </div>
   <div class='ocr_carea' id='block_1_19' title="bbox 126 1849 1814 1920">
    <p class='ocr_par' dir='ltr' id='par_1_19' title="bbox 126 1849 1814 1920">
     <span class='ocr_line' id='line_1_19' title="bbox 126 1849 1814 1920; baseline -0.001 -17"><span class='ocrx_word' id='word_1_125' title='bbox 126 1856 179 1902; x_wconf 86' lang='lat' dir='ltr'><strong>et</strong></span> <span class='ocrx_word' id='word_1_126' title='bbox 198 1850 589 1920; x_wconf 85' lang='lat' dir='ltr'><strong>possessiones</strong></span> <span class='ocrx_word' id='word_1_127' title='bbox 620 1856 676 1903; x_wconf 90' lang='lat' dir='ltr'><strong>et</strong></span> <span class='ocrx_word' id='word_1_128' title='bbox 722 1849 1040 1918; x_wconf 89' lang='lat' dir='ltr'><strong>mancipias</strong></span> <span class='ocrx_word' id='word_1_129' title='bbox 1067 1854 1123 1901; x_wconf 90' lang='lat' dir='ltr'><strong>et</strong></span> <span class='ocrx_word' id='word_1_130' title='bbox 1161 1849 1435 1914; x_wconf 87' lang='lat' dir='ltr'><strong>aldianas,</strong></span> <span class='ocrx_word' id='word_1_131' title='bbox 1485 1849 1814 1915; x_wconf 85' lang='lat' dir='ltr'><strong>cartulatos,</strong></span> 
     </span>
    </p>
   </div>
   <div class='ocr_carea' id='block_1_20' title="bbox 126 1936 1814 2005">
    <p class='ocr_par' dir='ltr' id='par_1_20' title="bbox 126 1936 1814 2005">
     <span class='ocr_line' id='line_1_20' title="bbox 126 1936 1814 2005; baseline 0.001 -17"><span class='ocrx_word' id='word_1_132' title='bbox 126 1939 207 1991; x_wconf 87' lang='lat' dir='ltr'><strong>vel</strong></span> <span class='ocrx_word' id='word_1_133' title='bbox 262 1938 498 1992; x_wconf 81' lang='lat' dir='ltr'><strong>offertos</strong></span> <span class='ocrx_word' id='word_1_134' title='bbox 531 1954 729 1991; x_wconf 89' lang='lat' dir='ltr'><strong>servos</strong></span> <span class='ocrx_word' id='word_1_135' title='bbox 780 1942 837 1990; x_wconf 88' lang='lat' dir='ltr'><strong>et</strong></span> <span class='ocrx_word' id='word_1_136' title='bbox 866 1938 1119 2002; x_wconf 89' lang='lat' dir='ltr'><strong>ancillas,</strong></span> <span class='ocrx_word' id='word_1_137' title='bbox 1156 1953 1286 1990; x_wconf 89' lang='lat' dir='ltr'><strong>cum</strong></span> <span class='ocrx_word' id='word_1_138' title='bbox 1319 1937 1485 1990; x_wconf 89' lang='lat' dir='ltr'><strong>terris</strong></span> <span class='ocrx_word' id='word_1_139' title='bbox 1530 1942 1586 1990; x_wconf 87' lang='lat' dir='ltr'><strong>et</strong></span> <span class='ocrx_word' id='word_1_140' title='bbox 1614 1936 1814 2005; x_wconf 89' lang='lat' dir='ltr'><strong>vineis,</strong></span> 
     </span>
    </p>
   </div>
   <div class='ocr_carea' id='block_1_21' title="bbox 127 2023 1819 2096">
    <p class='ocr_par' dir='ltr' id='par_1_21' title="bbox 127 2023 1819 2096">
     <span class='ocr_line' id='line_1_21' title="bbox 127 2023 1819 2096; baseline 0 -18"><span class='ocrx_word' id='word_1_141' title='bbox 127 2026 302 2091; x_wconf 85' lang='lat' dir='ltr'><strong>silvis,</strong></span> <span class='ocrx_word' id='word_1_142' title='bbox 344 2026 661 2090; x_wconf 85' lang='lat' dir='ltr'><strong>montibus,</strong></span> <span class='ocrx_word' id='word_1_143' title='bbox 721 2025 928 2096; x_wconf 86' lang='lat' dir='ltr'><strong>planis,</strong></span> <span class='ocrx_word' id='word_1_144' title='bbox 977 2023 1347 2094; x_wconf 87' lang='lat' dir='ltr'><strong>planitiebus,</strong></span> <span class='ocrx_word' id='word_1_145' title='bbox 1409 2025 1570 2095; x_wconf 89' lang='lat' dir='ltr'><strong>aquis</strong></span> <span class='ocrx_word' id='word_1_146' title='bbox 1647 2041 1819 2095; x_wconf 89' lang='lat' dir='ltr'><strong>aqua-</strong></span> 
     </span>
    </p>
   </div>
   <div class='ocr_carea' id='block_1_22' title="bbox 129 2111 1820 2184">
    <p class='ocr_par' dir='ltr' id='par_1_22' title="bbox 129 2111 1820 2184">
     <span class='ocr_line' id='line_1_22' title="bbox 129 2111 1820 2184; baseline -0.001 -17"><span class='ocrx_word' id='word_1_147' title='bbox 129 2130 371 2184; x_wconf 86' lang='lat' dir='ltr'><strong>rumque</strong></span> <span class='ocrx_word' id='word_1_148' title='bbox 426 2113 755 2167; x_wconf 89' lang='lat' dir='ltr'><strong>decursibus</strong></span> <span class='ocrx_word' id='word_1_149' title='bbox 799 2120 972 2183; x_wconf 89' lang='lat' dir='ltr'><strong>atque</strong></span> <span class='ocrx_word' id='word_1_150' title='bbox 1018 2111 1274 2182; x_wconf 89' lang='lat' dir='ltr'><strong>piscariis</strong></span> <span class='ocrx_word' id='word_1_151' title='bbox 1350 2112 1608 2182; x_wconf 87' lang='lat' dir='ltr'><strong>deposita</strong></span> <span class='ocrx_word' id='word_1_152' title='bbox 1671 2112 1820 2165; x_wconf 87' lang='lat' dir='ltr'><strong>infra</strong></span> 
     </span>
    </p>
   </div>
   <div class='ocr_carea' id='block_1_23' title="bbox 129 2200 1821 2273">
    <p class='ocr_par' dir='ltr' id='par_1_23' title="bbox 129 2200 1821 2273">
     <span class='ocr_line' id='line_1_23' title="bbox 129 2200 1821 2273; baseline -0.001 -17"><span class='ocrx_word' id='word_1_153' title='bbox 129 2204 267 2256; x_wconf 81' lang='lat' dir='ltr'><strong>lines</strong></span> <span class='ocrx_word' id='word_1_154' title='bbox 307 2203 632 2273; x_wconf 87' lang='lat' dir='ltr'><strong>Pandulpbi</strong></span> <span class='ocrx_word' id='word_1_155' title='bbox 672 2201 1027 2272; x_wconf 88' lang='lat' dir='ltr'><strong>principatus</strong></span> <span class='ocrx_word' id='word_1_156' title='bbox 1059 2203 1327 2271; x_wconf 89' lang='lat' dir='ltr'><strong>Capuano</strong></span> <span class='ocrx_word' id='word_1_157' title='bbox 1376 2208 1431 2255; x_wconf 91' lang='lat' dir='ltr'><strong>et</strong></span> <span class='ocrx_word' id='word_1_158' title='bbox 1496 2200 1821 2270; x_wconf 75' lang='lat' dir='ltr'><strong>Pandulplii</strong></span> 
     </span>
    </p>
   </div>
   <div class='ocr_carea' id='block_1_24' title="bbox 130 2288 1820 2361">
    <p class='ocr_par' dir='ltr' id='par_1_24' title="bbox 130 2288 1820 2361">
     <span class='ocr_line' id='line_1_24' title="bbox 130 2288 1820 2361; baseline -0.001 -17"><span class='ocrx_word' id='word_1_159' title='bbox 130 2293 530 2345; x_wconf 81' lang='lat' dir='ltr'><strong>Beneventano</strong></span> <span class='ocrx_word' id='word_1_160' title='bbox 582 2290 848 2361; x_wconf 82' lang='lat' dir='ltr'><strong>principi,</strong></span> <span class='ocrx_word' id='word_1_161' title='bbox 902 2306 1031 2343; x_wconf 91' lang='lat' dir='ltr'><strong>cum</strong></span> <span class='ocrx_word' id='word_1_162' title='bbox 1112 2289 1393 2343; x_wconf 85' lang='lat' dir='ltr'><strong>universis</strong></span> <span class='ocrx_word' id='word_1_163' title='bbox 1449 2288 1820 2358; x_wconf 86' lang='lat' dir='ltr'><strong>pertinenciis</strong></span> 
     </span>
    </p>
   </div>
   <div class='ocr_carea' id='block_1_25' title="bbox 128 2376 1819 2450">
    <p class='ocr_par' dir='ltr' id='par_1_25' title="bbox 128 2376 1819 2450">
     <span class='ocr_line' id='line_1_25' title="bbox 128 2376 1819 2450; baseline -0.002 -17"><span class='ocrx_word' id='word_1_164' title='bbox 128 2395 253 2450; x_wconf 84' lang='lat' dir='ltr'><strong>qua</strong></span> <span class='ocrx_word' id='word_1_165' title='bbox 285 2396 409 2432; x_wconf 88' lang='lat' dir='ltr'><strong>esse</strong></span> <span class='ocrx_word' id='word_1_166' title='bbox 437 2379 706 2434; x_wconf 82' lang='lat' dir='ltr'><strong>videntur</strong></span> <span class='ocrx_word' id='word_1_167' title='bbox 736 2378 883 2432; x_wconf 89' lang='lat' dir='ltr'><strong>infra</strong></span> <span class='ocrx_word' id='word_1_168' title='bbox 913 2379 1019 2431; x_wconf 89' lang='lat' dir='ltr'><strong>hos</strong></span> <span class='ocrx_word' id='word_1_169' title='bbox 1085 2377 1227 2431; x_wconf 87' lang='lat' dir='ltr'><strong>fines</strong></span> <span class='ocrx_word' id='word_1_170' title='bbox 1281 2394 1408 2448; x_wconf 83' lang='lat' dir='ltr'><strong>qua</strong></span> <span class='ocrx_word' id='word_1_171' title='bbox 1454 2376 1694 2431; x_wconf 87' lang='lat' dir='ltr'><strong>inferius</strong></span> <span class='ocrx_word' id='word_1_172' title='bbox 1721 2378 1819 2431; x_wconf 90' lang='lat' dir='ltr'><strong>de-</strong></span> 
     </span>
    </p>
   </div>
   <div class='ocr_carea' id='block_1_26' title="bbox 129 2466 1819 2539">
    <p class='ocr_par' dir='ltr' id='par_1_26' title="bbox 129 2466 1819 2539">
     <span class='ocr_line' id='line_1_26' title="bbox 129 2466 1819 2539; baseline -0.001 -18"><span class='ocrx_word' id='word_1_173' title='bbox 129 2470 428 2536; x_wconf 85' lang='lat' dir='ltr'><strong>claramus,</strong></span> <span class='ocrx_word' id='word_1_174' title='bbox 492 2471 549 2522; x_wconf 91' lang='lat' dir='ltr'><strong>et</strong></span> <span class='ocrx_word' id='word_1_175' title='bbox 594 2468 747 2539; x_wconf 90' lang='lat' dir='ltr'><strong>quod</strong></span> <span class='ocrx_word' id='word_1_176' title='bbox 798 2466 1051 2538; x_wconf 88' lang='lat' dir='ltr'><strong>antiquis</strong></span> <span class='ocrx_word' id='word_1_177' title='bbox 1124 2466 1485 2535; x_wconf 86' lang='lat' dir='ltr'><strong>temporibus</strong></span> <span class='ocrx_word' id='word_1_178' title='bbox 1530 2481 1819 2536; x_wconf 82' lang='lat' dir='ltr'><strong>possessus</strong></span> 
     </span>
    </p>
   </div>
   <div class='ocr_carea' id='block_1_27' title="bbox 128 2553 1822 2625">
    <p class='ocr_par' dir='ltr' id='par_1_27' title="bbox 128 2553 1822 2625">
     <span class='ocr_line' id='line_1_27' title="bbox 128 2553 1822 2625; baseline -0.002 -17"><span class='ocrx_word' id='word_1_179' title='bbox 128 2562 227 2609; x_wconf 88' lang='lat' dir='ltr'><strong>est.</strong></span> <span class='ocrx_word' id='word_1_180' title='bbox 297 2555 611 2625; x_wconf 88' lang='lat' dir='ltr'><strong>Incipiente</strong></span> <span class='ocrx_word' id='word_1_181' title='bbox 670 2572 702 2609; x_wconf 89' lang='lat' dir='ltr'><strong>a</strong></span> <span class='ocrx_word' id='word_1_182' title='bbox 749 2555 939 2625; x_wconf 91' lang='lat' dir='ltr'><strong>prima</strong></span> <span class='ocrx_word' id='word_1_183' title='bbox 1004 2553 1116 2607; x_wconf 88' lang='lat' dir='ltr'><strong>ﬁne</strong></span> <span class='ocrx_word' id='word_1_184' title='bbox 1168 2553 1238 2606; x_wconf 90' lang='lat' dir='ltr'><strong>ab</strong></span> <span class='ocrx_word' id='word_1_185' title='bbox 1287 2553 1410 2623; x_wconf 89' lang='lat' dir='ltr'><strong>ipso</strong></span> <span class='ocrx_word' id='word_1_186' title='bbox 1453 2553 1712 2607; x_wconf 88' lang='lat' dir='ltr'><strong>Carnello</strong></span> <span class='ocrx_word' id='word_1_187' title='bbox 1766 2557 1822 2605; x_wconf 91' lang='lat' dir='ltr'><strong>et</strong></span> 
     </span>
    </p>
   </div>
   <div class='ocr_carea' id='block_1_28' title="bbox 127 2640 1821 2714">
    <p class='ocr_par' dir='ltr' id='par_1_28' title="bbox 127 2640 1821 2714">
     <span class='ocr_line' id='line_1_28' title="bbox 127 2640 1821 2714; baseline -0.002 -17"><span class='ocrx_word' id='word_1_188' title='bbox 127 2644 415 2714; x_wconf 89' lang='lat' dir='ltr'><strong>quomodo</strong></span> <span class='ocrx_word' id='word_1_189' title='bbox 491 2642 619 2696; x_wconf 87' lang='lat' dir='ltr'><strong>salit</strong></span> <span class='ocrx_word' id='word_1_190' title='bbox 670 2659 775 2712; x_wconf 90' lang='lat' dir='ltr'><strong>per</strong></span> <span class='ocrx_word' id='word_1_191' title='bbox 852 2642 977 2711; x_wconf 90' lang='lat' dir='ltr'><strong>ipsa</strong></span> <span class='ocrx_word' id='word_1_192' title='bbox 1051 2645 1246 2694; x_wconf 81' lang='lat' dir='ltr'><strong>contra</strong></span> <span class='ocrx_word' id='word_1_193' title='bbox 1318 2657 1499 2710; x_wconf 91' lang='lat' dir='ltr'><strong>usque</strong></span> <span class='ocrx_word' id='word_1_194' title='bbox 1562 2640 1622 2694; x_wconf 92' lang='lat' dir='ltr'><strong>in</strong></span> <span class='ocrx_word' id='word_1_195' title='bbox 1700 2640 1821 2694; x_wconf 90' lang='lat' dir='ltr'><strong>rivo</strong></span> 
     </span>
    </p>
   </div>
   <div class='ocr_carea' id='block_1_29' title="bbox 127 2728 1822 2801">
    <p class='ocr_par' dir='ltr' id='par_1_29' title="bbox 127 2728 1822 2801">
     <span class='ocr_line' id='line_1_29' title="bbox 127 2728 1822 2801; baseline -0.003 -15"><span class='ocrx_word' id='word_1_196' title='bbox 127 2734 391 2787; x_wconf 89' lang='lat' dir='ltr'><strong>sicco.....</strong></span> <span class='ocrx_word' id='word_1_197' title='bbox 449 2734 695 2801; x_wconf 73' lang='lat' dir='ltr'><strong>(scguono</strong></span> <span class='ocrx_word' id='word_1_198' title='bbox 737 2732 758 2784; x_wconf 88' lang='lat' dir='ltr'><strong>i</strong></span> <span class='ocrx_word' id='word_1_199' title='bbox 822 2733 970 2784; x_wconf 85' lang='lat' dir='ltr'><strong>nomi</strong></span> <span class='ocrx_word' id='word_1_200' title='bbox 1021 2729 1083 2783; x_wconf 89' lang='lat' dir='ltr'><strong>di</strong></span> <span class='ocrx_word' id='word_1_201' title='bbox 1134 2734 1292 2795; x_wconf 81' lang='lat' dir='ltr'><strong>terre,</strong></span> <span class='ocrx_word' id='word_1_202' title='bbox 1346 2730 1519 2783; x_wconf 83' lang='lat' dir='ltr'><strong>chiese</strong></span> <span class='ocrx_word' id='word_1_203' title='bbox 1562 2728 1628 2784; x_wconf 87' lang='lat' dir='ltr'><strong>ed</strong></span> <span class='ocrx_word' id='word_1_204' title='bbox 1684 2731 1822 2783; x_wconf 75' lang='lat' dir='ltr'><strong>aure</strong></span> 
     </span>
    </p>
   </div>
   <div class='ocr_carea' id='block_1_30' title="bbox 125 2817 1817 2891">
    <p class='ocr_par' dir='ltr' id='par_1_30' title="bbox 125 2817 1817 2891">
     <span class='ocr_line' id='line_1_30' title="bbox 125 2817 1817 2891; baseline -0.004 -15"><span class='ocrx_word' id='word_1_205' title='bbox 125 2827 367 2891; x_wconf 79' lang='lat' dir='ltr'><strong>suggette</strong></span> <span class='ocrx_word' id='word_1_206' title='bbox 427 2822 542 2876; x_wconf 70' lang='lat' dir='ltr'><strong>alia</strong></span> <span class='ocrx_word' id='word_1_207' title='bbox 591 2821 891 2889; x_wconf 82' lang='lat' dir='ltr'><strong>badia).....</strong></span> <span class='ocrx_word' id='word_1_208' title='bbox 978 2819 1037 2872; x_wconf 92' lang='lat' dir='ltr'><strong>in</strong></span> <span class='ocrx_word' id='word_1_209' title='bbox 1099 2819 1409 2888; x_wconf 89' lang='lat' dir='ltr'><strong>integrum,</strong></span> <span class='ocrx_word' id='word_1_210' title='bbox 1468 2817 1817 2889; x_wconf 87' lang='lat' dir='ltr'><strong>quibuscun-</strong></span> 
     </span>
    </p>
   </div>
   <div class='ocr_carea' id='block_1_31' title="bbox 126 2906 1819 2980">
    <p class='ocr_par' dir='ltr' id='par_1_31' title="bbox 126 2906 1819 2980">
     <span class='ocr_line' id='line_1_31' title="bbox 126 2906 1819 2980; baseline -0.004 -16"><span class='ocrx_word' id='word_1_211' title='bbox 126 2927 235 2980; x_wconf 89' lang='lat' dir='ltr'><strong>que</strong></span> <span class='ocrx_word' id='word_1_212' title='bbox 265 2909 454 2964; x_wconf 88' lang='lat' dir='ltr'><strong>nostri</strong></span> <span class='ocrx_word' id='word_1_213' title='bbox 495 2908 658 2979; x_wconf 90' lang='lat' dir='ltr'><strong>regni</strong></span> <span class='ocrx_word' id='word_1_214' title='bbox 688 2908 898 2962; x_wconf 88' lang='lat' dir='ltr'><strong>ﬁnibus</strong></span> <span class='ocrx_word' id='word_1_215' title='bbox 929 2906 1100 2977; x_wconf 84' lang='lat' dir='ltr'><strong>positi</strong></span> <span class='ocrx_word' id='word_1_216' title='bbox 1129 2911 1279 2972; x_wconf 91' lang='lat' dir='ltr'><strong>sunt,</strong></span> <span class='ocrx_word' id='word_1_217' title='bbox 1314 2910 1522 2975; x_wconf 83' lang='lat' dir='ltr'><strong>etquae</strong></span> <span class='ocrx_word' id='word_1_218' title='bbox 1555 2906 1620 2959; x_wconf 89' lang='lat' dir='ltr'><strong>ad</strong></span> <span class='ocrx_word' id='word_1_219' title='bbox 1658 2922 1819 2959; x_wconf 87' lang='lat' dir='ltr'><strong>eum-</strong></span> 
     </span>
    </p>
   </div>
   <div class='ocr_carea' id='block_1_32' title="bbox 1924 527 3619 607">
    <p class='ocr_par' dir='ltr' id='par_1_32' title="bbox 1924 527 3619 607">
     <span class='ocr_line' id='line_1_32' title="bbox 1924 527 3619 607; baseline 0.006 -26"><span class='ocrx_word' id='word_1_220' title='bbox 1924 527 2144 582; x_wconf 86' lang='lat' dir='ltr'><strong>ﬁrmari</strong></span> <span class='ocrx_word' id='word_1_221' title='bbox 2176 530 2409 599; x_wconf 89' lang='lat' dir='ltr'><strong>placuit,</strong></span> <span class='ocrx_word' id='word_1_222' title='bbox 2442 536 2506 584; x_wconf 90' lang='lat' dir='ltr'><strong>ut</strong></span> <span class='ocrx_word' id='word_1_223' title='bbox 2533 546 2600 585; x_wconf 86' lang='lat' dir='ltr'><strong>ex</strong></span> <span class='ocrx_word' id='word_1_224' title='bbox 2631 532 2897 585; x_wconf 84' lang='lat' dir='ltr'><strong>omnibus</strong></span> <span class='ocrx_word' id='word_1_225' title='bbox 2937 533 3105 587; x_wconf 87' lang='lat' dir='ltr'><strong>rebus</strong></span> <span class='ocrx_word' id='word_1_226' title='bbox 3169 535 3253 588; x_wconf 90' lang='lat' dir='ltr'><strong>vel</strong></span> <span class='ocrx_word' id='word_1_227' title='bbox 3319 537 3619 607; x_wconf 87' lang='lat' dir='ltr'><strong>mancipiis</strong></span> 
     </span>
    </p>
   </div>
   <div class='ocr_carea' id='block_1_33' title="bbox 1926 614 3619 688">
    <p class='ocr_par' dir='ltr' id='par_1_33' title="bbox 1926 614 3619 688">
     <span class='ocr_line' id='line_1_33' title="bbox 1926 614 3619 688; baseline 0.007 -21"><span class='ocrx_word' id='word_1_228' title='bbox 1926 630 1991 667; x_wconf 88' lang='lat' dir='ltr'><strong>ex</strong></span> <span class='ocrx_word' id='word_1_229' title='bbox 2024 614 2147 684; x_wconf 91' lang='lat' dir='ltr'><strong>ipso</strong></span> <span class='ocrx_word' id='word_1_230' title='bbox 2203 622 2397 670; x_wconf 89' lang='lat' dir='ltr'><strong>sancto</strong></span> <span class='ocrx_word' id='word_1_231' title='bbox 2457 619 2807 671; x_wconf 90' lang='lat' dir='ltr'><strong>monasterio</strong></span> <span class='ocrx_word' id='word_1_232' title='bbox 2866 618 3285 688; x_wconf 89' lang='lat' dir='ltr'><strong>pertinentibus</strong></span> <span class='ocrx_word' id='word_1_233' title='bbox 3332 624 3619 679; x_wconf 87' lang='lat' dir='ltr'><strong>cartulatis</strong></span> 
     </span>
    </p>
   </div>
   <div class='ocr_carea' id='block_1_34' title="bbox 1924 703 3619 780">
    <p class='ocr_par' dir='ltr' id='par_1_34' title="bbox 1924 703 3619 780">
     <span class='ocr_line' id='line_1_34' title="bbox 1924 703 3619 780; baseline 0.008 -28"><span class='ocrx_word' id='word_1_234' title='bbox 1924 703 2011 756; x_wconf 89' lang='lat' dir='ltr'><strong>vel</strong></span> <span class='ocrx_word' id='word_1_235' title='bbox 2040 704 2273 771; x_wconf 77' lang='lat' dir='ltr'><strong>offertis,</strong></span> <span class='ocrx_word' id='word_1_236' title='bbox 2316 705 2509 758; x_wconf 89' lang='lat' dir='ltr'><strong>liberis</strong></span> <span class='ocrx_word' id='word_1_237' title='bbox 2560 711 2733 776; x_wconf 90' lang='lat' dir='ltr'><strong>atque</strong></span> <span class='ocrx_word' id='word_1_238' title='bbox 2765 707 2942 760; x_wconf 89' lang='lat' dir='ltr'><strong>servis</strong></span> <span class='ocrx_word' id='word_1_239' title='bbox 2971 708 3067 761; x_wconf 91' lang='lat' dir='ltr'><strong>ubi</strong></span> <span class='ocrx_word' id='word_1_240' title='bbox 3098 725 3229 778; x_wconf 89' lang='lat' dir='ltr'><strong>pars</strong></span> <span class='ocrx_word' id='word_1_241' title='bbox 3278 710 3458 780; x_wconf 89' lang='lat' dir='ltr'><strong>ipsius</strong></span> <span class='ocrx_word' id='word_1_242' title='bbox 3490 728 3619 766; x_wconf 88' lang='lat' dir='ltr'><strong>mo-</strong></span> 
     </span>
    </p>
   </div>
   <div class='ocr_carea' id='block_1_35' title="bbox 1926 792 3611 870">
    <p class='ocr_par' dir='ltr' id='par_1_35' title="bbox 1926 792 3611 870">
     <span class='ocr_line' id='line_1_35' title="bbox 1926 792 3611 870; baseline 0.007 -27"><span class='ocrx_word' id='word_1_243' title='bbox 1926 792 2161 845; x_wconf 87' lang='lat' dir='ltr'><strong>nasterii</strong></span> <span class='ocrx_word' id='word_1_244' title='bbox 2193 793 2368 846; x_wconf 88' lang='lat' dir='ltr'><strong>sancti</strong></span> <span class='ocrx_word' id='word_1_245' title='bbox 2400 793 2566 846; x_wconf 87' lang='lat' dir='ltr'><strong>citius</strong></span> <span class='ocrx_word' id='word_1_246' title='bbox 2584 796 2769 847; x_wconf 85' lang='lat' dir='ltr'><strong>valeat</strong></span> <span class='ocrx_word' id='word_1_247' title='bbox 2797 796 3261 865; x_wconf 87' lang='lat' dir='ltr'><strong>suamjustitiam</strong></span> <span class='ocrx_word' id='word_1_248' title='bbox 3299 801 3611 870; x_wconf 88' lang='lat' dir='ltr'><strong>consequi:</strong></span> 
     </span>
    </p>
   </div>
   <div class='ocr_carea' id='block_1_36' title="bbox 1926 878 3616 954">
    <p class='ocr_par' dir='ltr' id='par_1_36' title="bbox 1926 878 3616 954">
     <span class='ocr_line' id='line_1_36' title="bbox 1926 878 3616 954; baseline 0.007 -23"><span class='ocrx_word' id='word_1_249' title='bbox 1926 878 2002 932; x_wconf 90' lang='lat' dir='ltr'><strong>ita</strong></span> <span class='ocrx_word' id='word_1_250' title='bbox 2034 885 2163 949; x_wconf 86' lang='lat' dir='ltr'><strong>post</strong></span> <span class='ocrx_word' id='word_1_251' title='bbox 2206 880 2353 934; x_wconf 82' lang='lat' dir='ltr'><strong>facta</strong></span> <span class='ocrx_word' id='word_1_252' title='bbox 2386 881 2757 951; x_wconf 82' lang='lat' dir='ltr'><strong>inquisitione</strong></span> <span class='ocrx_word' id='word_1_253' title='bbox 2822 888 2942 936; x_wconf 85' lang='lat' dir='ltr'><strong>rem</strong></span> <span class='ocrx_word' id='word_1_254' title='bbox 3001 900 3173 954; x_wconf 91' lang='lat' dir='ltr'><strong>quem</strong></span> <span class='ocrx_word' id='word_1_255' title='bbox 3238 887 3616 942; x_wconf 87' lang='lat' dir='ltr'><strong>clamaverint</strong></span> 
     </span>
    </p>
   </div>
   <div class='ocr_carea' id='block_1_37' title="bbox 1924 968 3618 1046">
    <p class='ocr_par' dir='ltr' id='par_1_37' title="bbox 1924 968 3618 1046">
     <span class='ocr_line' id='line_1_37' title="bbox 1924 968 3618 1046; baseline 0.007 -27"><span class='ocrx_word' id='word_1_256' title='bbox 1924 983 2028 1035; x_wconf 91' lang='lat' dir='ltr'><strong>per</strong></span> <span class='ocrx_word' id='word_1_257' title='bbox 2051 968 2349 1037; x_wconf 87' lang='lat' dir='ltr'><strong>pradictos</strong></span> <span class='ocrx_word' id='word_1_258' title='bbox 2377 985 2605 1023; x_wconf 84' lang='lat' dir='ltr'><strong>veraces</strong></span> <span class='ocrx_word' id='word_1_259' title='bbox 2634 970 2897 1024; x_wconf 90' lang='lat' dir='ltr'><strong>homines</strong></span> <span class='ocrx_word' id='word_1_260' title='bbox 2954 972 3071 1041; x_wconf 88' lang='lat' dir='ltr'><strong>jam</strong></span> <span class='ocrx_word' id='word_1_261' title='bbox 3132 975 3404 1043; x_wconf 87' lang='lat' dir='ltr'><strong>pradicto</strong></span> <span class='ocrx_word' id='word_1_262' title='bbox 3431 976 3618 1046; x_wconf 90' lang='lat' dir='ltr'><strong>perti-</strong></span> 
     </span>
    </p>
   </div>
   <div class='ocr_carea' id='block_1_38' title="bbox 1925 1059 3617 1136">
    <p class='ocr_par' dir='ltr' id='par_1_38' title="bbox 1925 1059 3617 1136">
     <span class='ocr_line' id='line_1_38' title="bbox 1925 1059 3617 1136; baseline 0.007 -29"><span class='ocrx_word' id='word_1_263' title='bbox 1925 1071 2061 1109; x_wconf 90' lang='lat' dir='ltr'><strong>nere</strong></span> <span class='ocrx_word' id='word_1_264' title='bbox 2105 1063 2299 1110; x_wconf 90' lang='lat' dir='ltr'><strong>sancto</strong></span> <span class='ocrx_word' id='word_1_265' title='bbox 2351 1059 2698 1112; x_wconf 91' lang='lat' dir='ltr'><strong>monasterio</strong></span> <span class='ocrx_word' id='word_1_266' title='bbox 2747 1060 2803 1112; x_wconf 92' lang='lat' dir='ltr'><strong>in</strong></span> <span class='ocrx_word' id='word_1_267' title='bbox 2855 1061 3070 1129; x_wconf 88' lang='lat' dir='ltr'><strong>palatio</strong></span> <span class='ocrx_word' id='word_1_268' title='bbox 3119 1079 3617 1136; x_wconf 88' lang='lat' dir='ltr'><strong>quorumcumque</strong></span> 
     </span>
    </p>
   </div>
   <div class='ocr_carea' id='block_1_39' title="bbox 1925 1145 3611 1221">
    <p class='ocr_par' dir='ltr' id='par_1_39' title="bbox 1925 1145 3611 1221">
     <span class='ocr_line' id='line_1_39' title="bbox 1925 1145 3611 1221; baseline 0.006 -24"><span class='ocrx_word' id='word_1_269' title='bbox 1925 1145 2115 1198; x_wconf 88' lang='lat' dir='ltr'><strong>taliter</strong></span> <span class='ocrx_word' id='word_1_270' title='bbox 2144 1146 2512 1216; x_wconf 89' lang='lat' dir='ltr'><strong>respondere,</strong></span> <span class='ocrx_word' id='word_1_271' title='bbox 2541 1150 2641 1199; x_wconf 86' lang='lat' dir='ltr'><strong>aut</strong></span> <span class='ocrx_word' id='word_1_272' title='bbox 2666 1148 2735 1201; x_wconf 91' lang='lat' dir='ltr'><strong>de</strong></span> <span class='ocrx_word' id='word_1_273' title='bbox 2763 1155 3119 1203; x_wconf 88' lang='lat' dir='ltr'><strong>sacramento</strong></span> <span class='ocrx_word' id='word_1_274' title='bbox 3164 1153 3611 1221; x_wconf 90' lang='lat' dir='ltr'><strong>compelluntur.</strong></span> 
     </span>
    </p>
   </div>
   <div class='ocr_carea' id='block_1_40' title="bbox 1923 1232 3619 1309">
    <p class='ocr_par' dir='ltr' id='par_1_40' title="bbox 1923 1232 3619 1309">
     <span class='ocr_line' id='line_1_40' title="bbox 1923 1232 3619 1309; baseline 0.005 -24"><span class='ocrx_word' id='word_1_275' title='bbox 1923 1232 1978 1285; x_wconf 90' lang='lat' dir='ltr'><strong>Si</strong></span> <span class='ocrx_word' id='word_1_276' title='bbox 2000 1248 2133 1286; x_wconf 86' lang='lat' dir='ltr'><strong>vero</strong></span> <span class='ocrx_word' id='word_1_277' title='bbox 2164 1236 2233 1287; x_wconf 92' lang='lat' dir='ltr'><strong>de</strong></span> <span class='ocrx_word' id='word_1_278' title='bbox 2289 1234 2461 1287; x_wconf 86' lang='lat' dir='ltr'><strong>servis</strong></span> <span class='ocrx_word' id='word_1_279' title='bbox 2510 1240 2608 1288; x_wconf 89' lang='lat' dir='ltr'><strong>aut</strong></span> <span class='ocrx_word' id='word_1_280' title='bbox 2674 1235 2913 1300; x_wconf 87' lang='lat' dir='ltr'><strong>ancillis,</strong></span> <span class='ocrx_word' id='word_1_281' title='bbox 2974 1238 3062 1290; x_wconf 87' lang='lat' dir='ltr'><strong>vel</strong></span> <span class='ocrx_word' id='word_1_282' title='bbox 3126 1238 3196 1292; x_wconf 91' lang='lat' dir='ltr'><strong>de</strong></span> <span class='ocrx_word' id='word_1_283' title='bbox 3264 1239 3619 1309; x_wconf 88' lang='lat' dir='ltr'><strong>quibuslibet</strong></span> 
     </span>
    </p>
   </div>
   <div class='ocr_carea' id='block_1_41' title="bbox 1923 1321 3616 1391">
    <p class='ocr_par' dir='ltr' id='par_1_41' title="bbox 1923 1321 3616 1391">
     <span class='ocr_line' id='line_1_41' title="bbox 1923 1321 3616 1391; baseline 0.005 -18"><span class='ocrx_word' id='word_1_284' title='bbox 1923 1321 2092 1373; x_wconf 90' lang='lat' dir='ltr'><strong>rebus</strong></span> <span class='ocrx_word' id='word_1_285' title='bbox 2122 1326 2245 1375; x_wconf 87' lang='lat' dir='ltr'><strong>orta</strong></span> <span class='ocrx_word' id='word_1_286' title='bbox 2291 1323 2579 1375; x_wconf 91' lang='lat' dir='ltr'><strong>contentio</strong></span> <span class='ocrx_word' id='word_1_287' title='bbox 2635 1322 2830 1391; x_wconf 90' lang='lat' dir='ltr'><strong>fuerit,</strong></span> <span class='ocrx_word' id='word_1_288' title='bbox 2880 1322 3051 1378; x_wconf 89' lang='lat' dir='ltr'><strong>liceat</strong></span> <span class='ocrx_word' id='word_1_289' title='bbox 3092 1328 3391 1381; x_wconf 77' lang='lat' dir='ltr'><strong>monachis</strong></span> <span class='ocrx_word' id='word_1_290' title='bbox 3432 1327 3616 1381; x_wconf 92' lang='lat' dir='ltr'><strong>eidem</strong></span> 
     </span>
    </p>
   </div>
   <div class='ocr_carea' id='block_1_42' title="bbox 1924 1408 3617 1484">
    <p class='ocr_par' dir='ltr' id='par_1_42' title="bbox 1924 1408 3617 1484">
     <span class='ocr_line' id='line_1_42' title="bbox 1924 1408 3617 1484; baseline 0.005 -24"><span class='ocrx_word' id='word_1_291' title='bbox 1924 1408 2103 1462; x_wconf 86' lang='lat' dir='ltr'><strong>sancti</strong></span> <span class='ocrx_word' id='word_1_292' title='bbox 2167 1410 2499 1463; x_wconf 88' lang='lat' dir='ltr'><strong>monasterii</strong></span> <span class='ocrx_word' id='word_1_293' title='bbox 2556 1410 2682 1480; x_wconf 92' lang='lat' dir='ltr'><strong>ipos</strong></span> <span class='ocrx_word' id='word_1_294' title='bbox 2736 1412 2982 1465; x_wconf 90' lang='lat' dir='ltr'><strong>retinere</strong></span> <span class='ocrx_word' id='word_1_295' title='bbox 3041 1429 3342 1484; x_wconf 88' lang='lat' dir='ltr'><strong>quousque</strong></span> <span class='ocrx_word' id='word_1_296' title='bbox 3402 1414 3462 1468; x_wconf 92' lang='lat' dir='ltr'><strong>in</strong></span> <span class='ocrx_word' id='word_1_297' title='bbox 3508 1432 3617 1469; x_wconf 90' lang='lat' dir='ltr'><strong>no-</strong></span> 
     </span>
    </p>
   </div>
   <div class='ocr_carea' id='block_1_43' title="bbox 1922 1499 3615 1573">
    <p class='ocr_par' dir='ltr' id='par_1_43' title="bbox 1922 1499 3615 1573">
     <span class='ocr_line' id='line_1_43' title="bbox 1922 1499 3615 1573; baseline 0.004 -23"><span class='ocrx_word' id='word_1_298' title='bbox 1922 1503 2095 1550; x_wconf 87' lang='lat' dir='ltr'><strong>stram</strong></span> <span class='ocrx_word' id='word_1_299' title='bbox 2136 1514 2237 1551; x_wconf 90' lang='lat' dir='ltr'><strong>seu</strong></span> <span class='ocrx_word' id='word_1_300' title='bbox 2293 1499 2628 1552; x_wconf 86' lang='lat' dir='ltr'><strong>eorumdem</strong></span> <span class='ocrx_word' id='word_1_301' title='bbox 2679 1515 3063 1553; x_wconf 89' lang='lat' dir='ltr'><strong>successorum</strong></span> <span class='ocrx_word' id='word_1_302' title='bbox 3097 1506 3425 1556; x_wconf 88' lang='lat' dir='ltr'><strong>nostrorum</strong></span> <span class='ocrx_word' id='word_1_303' title='bbox 3471 1519 3615 1573; x_wconf 87' lang='lat' dir='ltr'><strong>pra-</strong></span> 
     </span>
    </p>
   </div>
   <div class='ocr_carea' id='block_1_44' title="bbox 1923 1585 3617 1659">
    <p class='ocr_par' dir='ltr' id='par_1_44' title="bbox 1923 1585 3617 1659">
     <span class='ocr_line' id='line_1_44' title="bbox 1923 1585 3617 1659; baseline 0.004 -20"><span class='ocrx_word' id='word_1_304' title='bbox 1923 1585 2165 1639; x_wconf 90' lang='lat' dir='ltr'><strong>sentiam</strong></span> <span class='ocrx_word' id='word_1_305' title='bbox 2197 1586 2446 1651; x_wconf 89' lang='lat' dir='ltr'><strong>veniant,</strong></span> <span class='ocrx_word' id='word_1_306' title='bbox 2483 1591 2539 1639; x_wconf 88' lang='lat' dir='ltr'><strong>et</strong></span> <span class='ocrx_word' id='word_1_307' title='bbox 2569 1586 2779 1639; x_wconf 91' lang='lat' dir='ltr'><strong>ibidem</strong></span> <span class='ocrx_word' id='word_1_308' title='bbox 2811 1603 3003 1641; x_wconf 89' lang='lat' dir='ltr'><strong>coram</strong></span> <span class='ocrx_word' id='word_1_309' title='bbox 3035 1589 3200 1642; x_wconf 90' lang='lat' dir='ltr'><strong>nobis</strong></span> <span class='ocrx_word' id='word_1_310' title='bbox 3240 1591 3441 1659; x_wconf 87' lang='lat' dir='ltr'><strong>positis</strong></span> <span class='ocrx_word' id='word_1_311' title='bbox 3470 1591 3617 1644; x_wconf 92' lang='lat' dir='ltr'><strong>deli-</strong></span> 
     </span>
    </p>
   </div>
   <div class='ocr_carea' id='block_1_45' title="bbox 1922 1672 3617 1747">
    <p class='ocr_par' dir='ltr' id='par_1_45' title="bbox 1922 1672 3617 1747">
     <span class='ocr_line' id='line_1_45' title="bbox 1922 1672 3617 1747; baseline 0.002 -20"><span class='ocrx_word' id='word_1_312' title='bbox 1922 1674 2215 1727; x_wconf 90' lang='lat' dir='ltr'><strong>herentur.</strong></span> <span class='ocrx_word' id='word_1_313' title='bbox 2242 1673 2577 1743; x_wconf 87' lang='lat' dir='ltr'><strong>Quicunque</strong></span> <span class='ocrx_word' id='word_1_314' title='bbox 2611 1672 2851 1744; x_wconf 86' lang='lat' dir='ltr'><strong>[contra]</strong></span> <span class='ocrx_word' id='word_1_315' title='bbox 2910 1674 3059 1728; x_wconf 85' lang='lat' dir='ltr'><strong>hanc</strong></span> <span class='ocrx_word' id='word_1_316' title='bbox 3120 1683 3377 1729; x_wconf 90' lang='lat' dir='ltr'><strong>nostram</strong></span> <span class='ocrx_word' id='word_1_317' title='bbox 3433 1678 3617 1747; x_wconf 90' lang='lat' dir='ltr'><strong>impe-</strong></span> 
     </span>
    </p>
   </div>
   <div class='ocr_carea' id='block_1_46' title="bbox 1926 1760 3619 1834">
    <p class='ocr_par' dir='ltr' id='par_1_46' title="bbox 1926 1760 3619 1834">
     <span class='ocr_line' id='line_1_46' title="bbox 1926 1760 3619 1834; baseline 0.002 -20"><span class='ocrx_word' id='word_1_318' title='bbox 1926 1762 2124 1814; x_wconf 90' lang='lat' dir='ltr'><strong>rialem</strong></span> <span class='ocrx_word' id='word_1_319' title='bbox 2156 1761 2575 1815; x_wconf 88' lang='lat' dir='ltr'><strong>institutionem</strong></span> <span class='ocrx_word' id='word_1_320' title='bbox 2606 1760 2689 1814; x_wconf 89' lang='lat' dir='ltr'><strong>ire</strong></span> <span class='ocrx_word' id='word_1_321' title='bbox 2710 1763 3032 1829; x_wconf 87' lang='lat' dir='ltr'><strong>tentaverit,</strong></span> <span class='ocrx_word' id='word_1_322' title='bbox 3068 1769 3233 1817; x_wconf 88' lang='lat' dir='ltr'><strong>antea</strong></span> <span class='ocrx_word' id='word_1_323' title='bbox 3278 1780 3407 1834; x_wconf 87' lang='lat' dir='ltr'><strong>qua</strong></span> <span class='ocrx_word' id='word_1_324' title='bbox 3447 1780 3619 1834; x_wconf 90' lang='lat' dir='ltr'><strong>supra</strong></span> 
     </span>
    </p>
   </div>
   <div class='ocr_carea' id='block_1_47' title="bbox 1927 1849 3615 1919">
    <p class='ocr_par' dir='ltr' id='par_1_47' title="bbox 1927 1849 3615 1919">
     <span class='ocr_line' id='line_1_47' title="bbox 1927 1849 3615 1919; baseline 0.001 -16"><span class='ocrx_word' id='word_1_325' title='bbox 1927 1854 2240 1903; x_wconf 89' lang='lat' dir='ltr'><strong>memorata</strong></span> <span class='ocrx_word' id='word_1_326' title='bbox 2280 1849 2752 1919; x_wconf 79' lang='lat' dir='ltr'><strong>incomprehensa</strong></span> <span class='ocrx_word' id='word_1_327' title='bbox 2808 1854 2941 1903; x_wconf 90' lang='lat' dir='ltr'><strong>sunt</strong></span> <span class='ocrx_word' id='word_1_328' title='bbox 3005 1851 3245 1905; x_wconf 90' lang='lat' dir='ltr'><strong>minime</strong></span> <span class='ocrx_word' id='word_1_329' title='bbox 3295 1851 3615 1918; x_wconf 89' lang='lat' dir='ltr'><strong>observare,</strong></span> 
     </span>
    </p>
   </div>
   <div class='ocr_carea' id='block_1_48' title="bbox 1927 1938 3618 2025">
    <p class='ocr_par' dir='ltr' id='par_1_48' title="bbox 1927 1938 3618 2025">
     <span class='ocr_line' id='line_1_48' title="bbox 1927 1938 3618 2025; baseline 0.002 -35"><span class='ocrx_word' id='word_1_330' title='bbox 1927 1938 2066 2025; x_wconf 72' lang='lat' dir='ltr'><strong>quin</strong></span> <span class='ocrx_word' id='word_1_331' title='bbox 2111 1938 2347 1992; x_wconf 85' lang='lat' dir='ltr'><strong>fortasse</strong></span> <span class='ocrx_word' id='word_1_332' title='bbox 2370 1938 2581 1991; x_wconf 91' lang='lat' dir='ltr'><strong>violare</strong></span> <span class='ocrx_word' id='word_1_333' title='bbox 2636 1943 2736 1991; x_wconf 88' lang='lat' dir='ltr'><strong>aut</strong></span> <span class='ocrx_word' id='word_1_334' title='bbox 2762 1938 3091 2009; x_wconf 88' lang='lat' dir='ltr'><strong>dirumpere</strong></span> <span class='ocrx_word' id='word_1_335' title='bbox 3124 1941 3442 2007; x_wconf 89' lang='lat' dir='ltr'><strong>tentaverit,</strong></span> <span class='ocrx_word' id='word_1_336' title='bbox 3479 1941 3618 1994; x_wconf 90' lang='lat' dir='ltr'><strong>sciat</strong></span> 
     </span>
    </p>
   </div>
   <div class='ocr_carea' id='block_1_49' title="bbox 1927 2024 3615 2095">
    <p class='ocr_par' dir='ltr' id='par_1_49' title="bbox 1927 2024 3615 2095">
     <span class='ocr_line' id='line_1_49' title="bbox 1927 2024 3615 2095; baseline 0.002 -18"><span class='ocrx_word' id='word_1_337' title='bbox 1927 2024 1991 2079; x_wconf 89' lang='lat' dir='ltr'><strong>se</strong></span> <span class='ocrx_word' id='word_1_338' title='bbox 2016 2040 2182 2095; x_wconf 80' lang='lat' dir='ltr'><strong>pana</strong></span> <span class='ocrx_word' id='word_1_339' title='bbox 2210 2024 2656 2094; x_wconf 86' lang='lat' dir='ltr'><strong>persolviturum</strong></span> <span class='ocrx_word' id='word_1_340' title='bbox 2687 2025 2810 2078; x_wconf 88' lang='lat' dir='ltr'><strong>auri</strong></span> <span class='ocrx_word' id='word_1_341' title='bbox 2842 2025 3047 2095; x_wconf 89' lang='lat' dir='ltr'><strong>optimi</strong></span> <span class='ocrx_word' id='word_1_342' title='bbox 3077 2026 3250 2080; x_wconf 89' lang='lat' dir='ltr'><strong>libras</strong></span> <span class='ocrx_word' id='word_1_343' title='bbox 3282 2028 3458 2092; x_wconf 90' lang='lat' dir='ltr'><strong>mille,</strong></span> <span class='ocrx_word' id='word_1_344' title='bbox 3491 2043 3615 2081; x_wconf 89' lang='lat' dir='ltr'><strong>me-</strong></span> 
     </span>
    </p>
   </div>
   <div class='ocr_carea' id='block_1_50' title="bbox 1927 2114 3613 2179">
    <p class='ocr_par' dir='ltr' id='par_1_50' title="bbox 1927 2114 3613 2179">
     <span class='ocr_line' id='line_1_50' title="bbox 1927 2114 3613 2179; baseline 0.001 -12"><span class='ocrx_word' id='word_1_345' title='bbox 1927 2114 2200 2168; x_wconf 87' lang='lat' dir='ltr'><strong>dietatem</strong></span> <span class='ocrx_word' id='word_1_346' title='bbox 2262 2129 2503 2166; x_wconf 88' lang='lat' dir='ltr'><strong>camera</strong></span> <span class='ocrx_word' id='word_1_347' title='bbox 2560 2117 2794 2179; x_wconf 85' lang='lat' dir='ltr'><strong>nostra,</strong></span> <span class='ocrx_word' id='word_1_348' title='bbox 2850 2118 2907 2166; x_wconf 90' lang='lat' dir='ltr'><strong>et</strong></span> <span class='ocrx_word' id='word_1_349' title='bbox 2968 2114 3333 2168; x_wconf 88' lang='lat' dir='ltr'><strong>medietatem</strong></span> <span class='ocrx_word' id='word_1_350' title='bbox 3398 2115 3613 2169; x_wconf 89' lang='lat' dir='ltr'><strong>domno</strong></span> 
     </span>
    </p>
   </div>
   <div class='ocr_carea' id='block_1_51' title="bbox 1926 2201 3616 2273">
    <p class='ocr_par' dir='ltr' id='par_1_51' title="bbox 1926 2201 3616 2273">
     <span class='ocr_line' id='line_1_51' title="bbox 1926 2201 3616 2273; baseline 0 -17"><span class='ocrx_word' id='word_1_351' title='bbox 1926 2202 2192 2256; x_wconf 85' lang='lat' dir='ltr'><strong>Atenulfo</strong></span> <span class='ocrx_word' id='word_1_352' title='bbox 2224 2201 2537 2255; x_wconf 84' lang='lat' dir='ltr'><strong>venerabili</strong></span> <span class='ocrx_word' id='word_1_353' title='bbox 2590 2202 2801 2267; x_wconf 89' lang='lat' dir='ltr'><strong>abbati,</strong></span> <span class='ocrx_word' id='word_1_354' title='bbox 2861 2202 2947 2255; x_wconf 90' lang='lat' dir='ltr'><strong>vel</strong></span> <span class='ocrx_word' id='word_1_355' title='bbox 3006 2202 3240 2273; x_wconf 83' lang='lat' dir='ltr'><strong>suisque</strong></span> <span class='ocrx_word' id='word_1_356' title='bbox 3280 2203 3616 2257; x_wconf 88' lang='lat' dir='ltr'><strong>successori-</strong></span> 
     </span>
    </p>
   </div>
   <div class='ocr_carea' id='block_1_52' title="bbox 1925 2290 3619 2362">
    <p class='ocr_par' dir='ltr' id='par_1_52' title="bbox 1925 2290 3619 2362">
     <span class='ocr_line' id='line_1_52' title="bbox 1925 2290 3619 2362; baseline 0 -18"><span class='ocrx_word' id='word_1_357' title='bbox 1925 2291 2052 2358; x_wconf 88' lang='lat' dir='ltr'><strong>bus,</strong></span> <span class='ocrx_word' id='word_1_358' title='bbox 2136 2290 2225 2343; x_wconf 89' lang='lat' dir='ltr'><strong>vel</strong></span> <span class='ocrx_word' id='word_1_359' title='bbox 2285 2290 2535 2343; x_wconf 84' lang='lat' dir='ltr'><strong>ecclesia</strong></span> <span class='ocrx_word' id='word_1_360' title='bbox 2628 2290 2805 2344; x_wconf 88' lang='lat' dir='ltr'><strong>sancti</strong></span> <span class='ocrx_word' id='word_1_361' title='bbox 2864 2290 3178 2346; x_wconf 88' lang='lat' dir='ltr'><strong>Benedicti.</strong></span> <span class='ocrx_word' id='word_1_362' title='bbox 3248 2292 3619 2362; x_wconf 83' lang='lat' dir='ltr'><strong>Pracipimus</strong></span> 
     </span>
    </p>
   </div>
   <div class='ocr_carea' id='block_1_53' title="bbox 1928 2377 3617 2450">
    <p class='ocr_par' dir='ltr' id='par_1_53' title="bbox 1928 2377 3617 2450">
     <span class='ocr_line' id='line_1_53' title="bbox 1928 2377 3617 2450; baseline -0.001 -18"><span class='ocrx_word' id='word_1_363' title='bbox 1928 2379 2122 2443; x_wconf 89' lang='lat' dir='ltr'><strong>etiam,</strong></span> <span class='ocrx_word' id='word_1_364' title='bbox 2163 2377 2493 2447; x_wconf 87' lang='lat' dir='ltr'><strong>ubicunque</strong></span> <span class='ocrx_word' id='word_1_365' title='bbox 2572 2383 2836 2447; x_wconf 90' lang='lat' dir='ltr'><strong>repertus</strong></span> <span class='ocrx_word' id='word_1_366' title='bbox 2878 2378 3052 2432; x_wconf 88' lang='lat' dir='ltr'><strong>fuerit</strong></span> <span class='ocrx_word' id='word_1_367' title='bbox 3099 2395 3164 2432; x_wconf 86' lang='lat' dir='ltr'><strong>ex</strong></span> <span class='ocrx_word' id='word_1_368' title='bbox 3210 2379 3381 2433; x_wconf 89' lang='lat' dir='ltr'><strong>rebus</strong></span> <span class='ocrx_word' id='word_1_369' title='bbox 3436 2378 3617 2450; x_wconf 87' lang='lat' dir='ltr'><strong>ipsius</strong></span> 
     </span>
    </p>
   </div>
   <div class='ocr_carea' id='block_1_54' title="bbox 1929 2466 3615 2538">
    <p class='ocr_par' dir='ltr' id='par_1_54' title="bbox 1929 2466 3615 2538">
     <span class='ocr_line' id='line_1_54' title="bbox 1929 2466 3615 2538; baseline 0 -17"><span class='ocrx_word' id='word_1_370' title='bbox 1929 2468 2109 2521; x_wconf 88' lang='lat' dir='ltr'><strong>sancti</strong></span> <span class='ocrx_word' id='word_1_371' title='bbox 2159 2466 2511 2530; x_wconf 90' lang='lat' dir='ltr'><strong>monasterii,</strong></span> <span class='ocrx_word' id='word_1_372' title='bbox 2542 2467 2631 2519; x_wconf 87' lang='lat' dir='ltr'><strong>vel</strong></span> <span class='ocrx_word' id='word_1_373' title='bbox 2670 2466 2827 2520; x_wconf 89' lang='lat' dir='ltr'><strong>cellis</strong></span> <span class='ocrx_word' id='word_1_374' title='bbox 2858 2466 3084 2520; x_wconf 89' lang='lat' dir='ltr'><strong>illicitas</strong></span> <span class='ocrx_word' id='word_1_375' title='bbox 3144 2472 3314 2538; x_wconf 89' lang='lat' dir='ltr'><strong>atque</strong></span> <span class='ocrx_word' id='word_1_376' title='bbox 3376 2468 3615 2521; x_wconf 85' lang='lat' dir='ltr'><strong>damno-</strong></span> 
     </span>
    </p>
   </div>
   <div class='ocr_carea' id='block_1_55' title="bbox 1928 2554 3618 2627">
    <p class='ocr_par' dir='ltr' id='par_1_55' title="bbox 1928 2554 3618 2627">
     <span class='ocr_line' id='line_1_55' title="bbox 1928 2554 3618 2627; baseline -0.001 -17"><span class='ocrx_word' id='word_1_377' title='bbox 1928 2573 2017 2610; x_wconf 87' lang='lat' dir='ltr'><strong>sas</strong></span> <span class='ocrx_word' id='word_1_378' title='bbox 2044 2571 2141 2609; x_wconf 90' lang='lat' dir='ltr'><strong>seu</strong></span> <span class='ocrx_word' id='word_1_379' title='bbox 2201 2554 2434 2627; x_wconf 89' lang='lat' dir='ltr'><strong>inutiles</strong></span> <span class='ocrx_word' id='word_1_380' title='bbox 2479 2570 2621 2624; x_wconf 88' lang='lat' dir='ltr'><strong>quas</strong></span> <span class='ocrx_word' id='word_1_381' title='bbox 2678 2554 3012 2624; x_wconf 89' lang='lat' dir='ltr'><strong>scriptiones</strong></span> <span class='ocrx_word' id='word_1_382' title='bbox 3070 2555 3157 2609; x_wconf 87' lang='lat' dir='ltr'><strong>vel</strong></span> <span class='ocrx_word' id='word_1_383' title='bbox 3236 2555 3618 2609; x_wconf 79' lang='lat' dir='ltr'><strong>contumatia-</strong></span> 
     </span>
    </p>
   </div>
   <div class='ocr_carea' id='block_1_56' title="bbox 1926 2642 3621 2713">
    <p class='ocr_par' dir='ltr' id='par_1_56' title="bbox 1926 2642 3621 2713">
     <span class='ocr_line' id='line_1_56' title="bbox 1926 2642 3621 2713; baseline -0.001 -14"><span class='ocrx_word' id='word_1_384' title='bbox 1926 2660 2028 2699; x_wconf 89' lang='lat' dir='ltr'><strong>nes</strong></span> <span class='ocrx_word' id='word_1_385' title='bbox 2087 2648 2453 2709; x_wconf 89' lang='lat' dir='ltr'><strong>evacuentur,</strong></span> <span class='ocrx_word' id='word_1_386' title='bbox 2487 2643 2575 2695; x_wconf 91' lang='lat' dir='ltr'><strong>vel</strong></span> <span class='ocrx_word' id='word_1_387' title='bbox 2604 2642 2673 2695; x_wconf 89' lang='lat' dir='ltr'><strong>ad</strong></span> <span class='ocrx_word' id='word_1_388' title='bbox 2711 2642 2834 2711; x_wconf 86' lang='lat' dir='ltr'><strong>ejus</strong></span> <span class='ocrx_word' id='word_1_389' title='bbox 2888 2647 3234 2713; x_wconf 88' lang='lat' dir='ltr'><strong>potestatem</strong></span> <span class='ocrx_word' id='word_1_390' title='bbox 3295 2645 3471 2697; x_wconf 89' lang='lat' dir='ltr'><strong>sancti</strong></span> <span class='ocrx_word' id='word_1_391' title='bbox 3514 2645 3621 2697; x_wconf 87' lang='lat' dir='ltr'><strong>Be-</strong></span> 
     </span>
    </p>
   </div>
   <div class='ocr_carea' id='block_1_57' title="bbox 1928 2730 3622 2800">
    <p class='ocr_par' dir='ltr' id='par_1_57' title="bbox 1928 2730 3622 2800">
     <span class='ocr_line' id='line_1_57' title="bbox 1928 2730 3622 2800; baseline -0.001 -14"><span class='ocrx_word' id='word_1_392' title='bbox 1928 2731 2139 2786; x_wconf 89' lang='lat' dir='ltr'><strong>nedicti</strong></span> <span class='ocrx_word' id='word_1_393' title='bbox 2169 2730 2561 2783; x_wconf 86' lang='lat' dir='ltr'><strong>restituantur.</strong></span> <span class='ocrx_word' id='word_1_394' title='bbox 2615 2730 2686 2783; x_wconf 90' lang='lat' dir='ltr'><strong>Ut</strong></span> <span class='ocrx_word' id='word_1_395' title='bbox 2714 2734 2903 2783; x_wconf 88' lang='lat' dir='ltr'><strong>autem</strong></span> <span class='ocrx_word' id='word_1_396' title='bbox 2959 2730 3078 2784; x_wconf 84' lang='lat' dir='ltr'><strong>haec</strong></span> <span class='ocrx_word' id='word_1_397' title='bbox 3110 2736 3304 2783; x_wconf 89' lang='lat' dir='ltr'><strong>nostra</strong></span> <span class='ocrx_word' id='word_1_398' title='bbox 3353 2730 3622 2800; x_wconf 87' lang='lat' dir='ltr'><strong>imperia-</strong></span> 
     </span>
    </p>
   </div>
   <div class='ocr_carea' id='block_1_58' title="bbox 1928 2816 3621 2889">
    <p class='ocr_par' dir='ltr' id='par_1_58' title="bbox 1928 2816 3621 2889">
     <span class='ocr_line' id='line_1_58' title="bbox 1928 2816 3621 2889; baseline 0.001 -17"><span class='ocrx_word' id='word_1_399' title='bbox 1928 2820 1996 2872; x_wconf 91' lang='lat' dir='ltr'><strong>lis</strong></span> <span class='ocrx_word' id='word_1_400' title='bbox 2025 2816 2334 2889; x_wconf 87' lang='lat' dir='ltr'><strong>praceptio</strong></span> <span class='ocrx_word' id='word_1_401' title='bbox 2372 2832 2476 2887; x_wconf 90' lang='lat' dir='ltr'><strong>per</strong></span> <span class='ocrx_word' id='word_1_402' title='bbox 2502 2816 2757 2871; x_wconf 86' lang='lat' dir='ltr'><strong>futurum</strong></span> <span class='ocrx_word' id='word_1_403' title='bbox 2791 2822 3118 2887; x_wconf 89' lang='lat' dir='ltr'><strong>temporum</strong></span> <span class='ocrx_word' id='word_1_404' title='bbox 3172 2818 3485 2872; x_wconf 87' lang='lat' dir='ltr'><strong>ﬁrmiorem</strong></span> <span class='ocrx_word' id='word_1_405' title='bbox 3519 2819 3621 2873; x_wconf 91' lang='lat' dir='ltr'><strong>ob-</strong></span> 
     </span>
    </p>
   </div>
   <div class='ocr_carea' id='block_1_59' title="bbox 1928 2905 3620 2975">
    <p class='ocr_par' dir='ltr' id='par_1_59' title="bbox 1928 2905 3620 2975">
     <span class='ocr_line' id='line_1_59' title="bbox 1928 2905 3620 2975; baseline 0 -14"><span class='ocrx_word' id='word_1_406' title='bbox 1928 2908 2109 2961; x_wconf 90' lang='lat' dir='ltr'><strong>tineat</strong></span> <span class='ocrx_word' id='word_1_407' title='bbox 2136 2905 2411 2975; x_wconf 88' lang='lat' dir='ltr'><strong>vigorem,</strong></span> <span class='ocrx_word' id='word_1_408' title='bbox 2464 2921 2666 2958; x_wconf 89' lang='lat' dir='ltr'><strong>manus</strong></span> <span class='ocrx_word' id='word_1_409' title='bbox 2694 2910 2920 2959; x_wconf 90' lang='lat' dir='ltr'><strong>nostras</strong></span> <span class='ocrx_word' id='word_1_410' title='bbox 2979 2906 3175 2960; x_wconf 89' lang='lat' dir='ltr'><strong>subter</strong></span> <span class='ocrx_word' id='word_1_411' title='bbox 3241 2906 3620 2975; x_wconf 88' lang='lat' dir='ltr'><strong>ﬁrmavimus,</strong></span> 
     </span>
    </p>
   </div>
   <div class='ocr_carea' id='block_1_60' title="bbox 130 2989 3626 3065">
    <p class='ocr_par' dir='ltr' id='par_1_60' title="bbox 130 2989 3626 3065">
     <span class='ocr_line' id='line_1_60' title="bbox 130 2989 3626 3065; baseline -0.001 -14"><span class='ocrx_word' id='word_1_412' title='bbox 130 3000 257 3052; x_wconf 91' lang='lat' dir='ltr'><strong>dem</strong></span> <span class='ocrx_word' id='word_1_413' title='bbox 290 2997 617 3052; x_wconf 90' lang='lat' dir='ltr'><strong>venerabile</strong></span> <span class='ocrx_word' id='word_1_414' title='bbox 674 2995 1085 3050; x_wconf 88' lang='lat' dir='ltr'><strong>monasterium</strong></span> <span class='ocrx_word' id='word_1_415' title='bbox 1116 2994 1267 3048; x_wconf 88' lang='lat' dir='ltr'><strong>beati</strong></span> <span class='ocrx_word' id='word_1_416' title='bbox 1324 2995 1608 3048; x_wconf 86' lang='lat' dir='ltr'><strong>Benedicti</strong></span> <span class='ocrx_word' id='word_1_417' title='bbox 1668 2989 1892 3048; x_wconf 87' lang='lat' dir='ltr'><strong>Chri-C</strong></span> <span class='ocrx_word' id='word_1_418' title='bbox 1931 3001 1988 3051; x_wconf 91' lang='lat' dir='ltr'><strong>et</strong></span> <span class='ocrx_word' id='word_1_419' title='bbox 2050 2994 2262 3048; x_wconf 90' lang='lat' dir='ltr'><strong>annulo</strong></span> <span class='ocrx_word' id='word_1_420' title='bbox 2320 2996 2514 3047; x_wconf 87' lang='lat' dir='ltr'><strong>nostro</strong></span> <span class='ocrx_word' id='word_1_421' title='bbox 2595 2993 2834 3064; x_wconf 90' lang='lat' dir='ltr'><strong>sigillari</strong></span> <span class='ocrx_word' id='word_1_422' title='bbox 2888 2994 3162 3065; x_wconf 89' lang='lat' dir='ltr'><strong>jussimus</strong></span> <span class='ocrx_word' id='word_1_423' title='bbox 3221 2995 3475 3065; x_wconf 82' lang='lat' dir='ltr'><strong>(fortasse</strong></span> <span class='ocrx_word' id='word_1_424' title='bbox 3527 2995 3626 3049; x_wconf 86' lang='lat' dir='ltr'><strong>in—</strong></span> 
     </span>
    </p>
   </div>
   <div class='ocr_carea' id='block_1_61' title="bbox 128 3083 1822 3153">
    <p class='ocr_par' dir='ltr' id='par_1_61' title="bbox 128 3083 1822 3153">
     <span class='ocr_line' id='line_1_61' title="bbox 128 3083 1822 3153; baseline -0.002 -14"><span class='ocrx_word' id='word_1_425' title='bbox 128 3087 195 3139; x_wconf 87' lang='lat' dir='ltr'><strong>sti</strong></span> <span class='ocrx_word' id='word_1_426' title='bbox 259 3084 601 3139; x_wconf 86' lang='lat' dir='ltr'><strong>confessoris</strong></span> <span class='ocrx_word' id='word_1_427' title='bbox 679 3087 1066 3153; x_wconf 88' lang='lat' dir='ltr'><strong>pervenerunt</strong></span> <span class='ocrx_word' id='word_1_428' title='bbox 1122 3087 1179 3135; x_wconf 89' lang='lat' dir='ltr'><strong>et</strong></span> <span class='ocrx_word' id='word_1_429' title='bbox 1244 3096 1515 3144; x_wconf 81' lang='lat' dir='ltr'><strong>possessa</strong></span> <span class='ocrx_word' id='word_1_430' title='bbox 1564 3083 1822 3151; x_wconf 85' lang='lat' dir='ltr'><strong>fuerunt,</strong></span> 
     </span>
    </p>
   </div>
   <div class='ocr_carea' id='block_1_62' title="bbox 128 3170 1824 3245">
    <p class='ocr_par' dir='ltr' id='par_1_62' title="bbox 128 3170 1824 3245">
     <span class='ocr_line' id='line_1_62' title="bbox 128 3170 1824 3245; baseline -0.001 -19"><span class='ocrx_word' id='word_1_431' title='bbox 128 3176 214 3228; x_wconf 86' lang='lat' dir='ltr'><strong>vel</strong></span> <span class='ocrx_word' id='word_1_432' title='bbox 242 3175 507 3245; x_wconf 91' lang='lat' dir='ltr'><strong>quolibet</strong></span> <span class='ocrx_word' id='word_1_433' title='bbox 538 3172 704 3227; x_wconf 92' lang='lat' dir='ltr'><strong>modo</strong></span> <span class='ocrx_word' id='word_1_434' title='bbox 729 3175 1056 3239; x_wconf 91' lang='lat' dir='ltr'><strong>tenuerunt,</strong></span> <span class='ocrx_word' id='word_1_435' title='bbox 1089 3186 1194 3241; x_wconf 91' lang='lat' dir='ltr'><strong>per</strong></span> <span class='ocrx_word' id='word_1_436' title='bbox 1224 3170 1369 3224; x_wconf 89' lang='lat' dir='ltr'><strong>hanc</strong></span> <span class='ocrx_word' id='word_1_437' title='bbox 1424 3177 1634 3225; x_wconf 87' lang='lat' dir='ltr'><strong>nostra</strong></span> <span class='ocrx_word' id='word_1_438' title='bbox 1687 3188 1824 3225; x_wconf 88' lang='lat' dir='ltr'><strong>con—</strong></span> 
     </span>
    </p>
   </div>
   <div class='ocr_carea' id='block_1_63' title="bbox 130 3259 1821 3330">
    <p class='ocr_par' dir='ltr' id='par_1_63' title="bbox 130 3259 1821 3330">
     <span class='ocr_line' id='line_1_63' title="bbox 130 3259 1821 3330; baseline -0.002 -13"><span class='ocrx_word' id='word_1_439' title='bbox 130 3263 475 3317; x_wconf 67' lang='lat' dir='ltr'><strong>ﬁrmatic&#39;nis</strong></span> <span class='ocrx_word' id='word_1_440' title='bbox 531 3261 924 3315; x_wconf 88' lang='lat' dir='ltr'><strong>auctoritatem</strong></span> <span class='ocrx_word' id='word_1_441' title='bbox 962 3259 1172 3313; x_wconf 88' lang='lat' dir='ltr'><strong>nostris</strong></span> <span class='ocrx_word' id='word_1_442' title='bbox 1214 3259 1539 3329; x_wconf 88' lang='lat' dir='ltr'><strong>futurisque</strong></span> <span class='ocrx_word' id='word_1_443' title='bbox 1598 3265 1821 3330; x_wconf 89' lang='lat' dir='ltr'><strong>tempo-</strong></span> 
     </span>
    </p>
   </div>
   <div class='ocr_carea' id='block_1_64' title="bbox 127 3347 1822 3421">
    <p class='ocr_par' dir='ltr' id='par_1_64' title="bbox 127 3347 1822 3421">
     <span class='ocr_line' id='line_1_64' title="bbox 127 3347 1822 3421; baseline -0.002 -15"><span class='ocrx_word' id='word_1_444' title='bbox 127 3353 288 3406; x_wconf 89' lang='lat' dir='ltr'><strong>ribus</strong></span> <span class='ocrx_word' id='word_1_445' title='bbox 322 3352 554 3405; x_wconf 89' lang='lat' dir='ltr'><strong>abbates</strong></span> <span class='ocrx_word' id='word_1_446' title='bbox 583 3350 759 3421; x_wconf 89' lang='lat' dir='ltr'><strong>ipsius</strong></span> <span class='ocrx_word' id='word_1_447' title='bbox 802 3349 1135 3403; x_wconf 88' lang='lat' dir='ltr'><strong>monasterii</strong></span> <span class='ocrx_word' id='word_1_448' title='bbox 1185 3348 1365 3418; x_wconf 86' lang='lat' dir='ltr'><strong>ipsius</strong></span> <span class='ocrx_word' id='word_1_449' title='bbox 1423 3347 1599 3401; x_wconf 89' lang='lat' dir='ltr'><strong>sancti</strong></span> <span class='ocrx_word' id='word_1_450' title='bbox 1640 3350 1822 3402; x_wconf 88' lang='lat' dir='ltr'><strong>Bene-</strong></span> 
     </span>
    </p>
   </div>
   <div class='ocr_carea' id='block_1_65' title="bbox 128 3436 1828 3507">
    <p class='ocr_par' dir='ltr' id='par_1_65' title="bbox 128 3436 1828 3507">
     <span class='ocr_line' id='line_1_65' title="bbox 128 3436 1828 3507; baseline -0.002 -13"><span class='ocrx_word' id='word_1_451' title='bbox 128 3440 267 3495; x_wconf 88' lang='lat' dir='ltr'><strong>dicti</strong></span> <span class='ocrx_word' id='word_1_452' title='bbox 296 3439 543 3494; x_wconf 84' lang='lat' dir='ltr'><strong>firmiler</strong></span> <span class='ocrx_word' id='word_1_453' title='bbox 597 3438 1003 3492; x_wconf 87' lang='lat' dir='ltr'><strong>inviolabiliter</strong></span> <span class='ocrx_word' id='word_1_454' title='bbox 1047 3440 1240 3490; x_wconf 86' lang='lat' dir='ltr'><strong>teneat</strong></span> <span class='ocrx_word' id='word_1_455' title='bbox 1293 3441 1352 3490; x_wconf 90' lang='lat' dir='ltr'><strong>et</strong></span> <span class='ocrx_word' id='word_1_456' title='bbox 1394 3436 1694 3507; x_wconf 88' lang='lat' dir='ltr'><strong>possideat,</strong></span> <span class='ocrx_word' id='word_1_457' title='bbox 1763 3441 1828 3490; x_wconf 83' lang='lat' dir='ltr'><strong>ut</strong></span> 
     </span>
    </p>
   </div>
   <div class='ocr_carea' id='block_1_66' title="bbox 128 3524 1827 3596">
    <p class='ocr_par' dir='ltr' id='par_1_66' title="bbox 128 3524 1827 3596">
     <span class='ocr_line' id='line_1_66' title="bbox 128 3524 1827 3596; baseline -0.004 -12"><span class='ocrx_word' id='word_1_458' title='bbox 128 3530 368 3584; x_wconf 84' lang='lat' dir='ltr'><strong>facultas</strong></span> <span class='ocrx_word' id='word_1_459' title='bbox 413 3528 500 3581; x_wconf 90' lang='lat' dir='ltr'><strong>vel</strong></span> <span class='ocrx_word' id='word_1_460' title='bbox 573 3527 790 3581; x_wconf 87' lang='lat' dir='ltr'><strong>utilitas</strong></span> <span class='ocrx_word' id='word_1_461' title='bbox 846 3526 1024 3596; x_wconf 88' lang='lat' dir='ltr'><strong>ipsius</strong></span> <span class='ocrx_word' id='word_1_462' title='bbox 1107 3524 1447 3579; x_wconf 87' lang='lat' dir='ltr'><strong>venerabilis</strong></span> <span class='ocrx_word' id='word_1_463' title='bbox 1495 3524 1827 3578; x_wconf 86' lang='lat' dir='ltr'><strong>monasterii</strong></span> 
     </span>
    </p>
   </div>
   <div class='ocr_carea' id='block_1_67' title="bbox 127 3613 1825 3689">
    <p class='ocr_par' dir='ltr' id='par_1_67' title="bbox 127 3613 1825 3689">
     <span class='ocr_line' id='line_1_67' title="bbox 127 3613 1825 3689; baseline -0.004 -17"><span class='ocrx_word' id='word_1_464' title='bbox 127 3617 403 3689; x_wconf 82' lang='lat' dir='ltr'><strong>exigerit;</strong></span> <span class='ocrx_word' id='word_1_465' title='bbox 436 3616 517 3670; x_wconf 86' lang='lat' dir='ltr'><strong>ita</strong></span> <span class='ocrx_word' id='word_1_466' title='bbox 583 3620 649 3670; x_wconf 90' lang='lat' dir='ltr'><strong>ut</strong></span> <span class='ocrx_word' id='word_1_467' title='bbox 704 3615 895 3669; x_wconf 91' lang='lat' dir='ltr'><strong>nullus</strong></span> <span class='ocrx_word' id='word_1_468' title='bbox 929 3614 1127 3685; x_wconf 87' lang='lat' dir='ltr'><strong>judex,</strong></span> <span class='ocrx_word' id='word_1_469' title='bbox 1180 3613 1405 3684; x_wconf 82' lang='lat' dir='ltr'><strong>publice</strong></span> <span class='ocrx_word' id='word_1_470' title='bbox 1462 3613 1733 3683; x_wconf 90' lang='lat' dir='ltr'><strong>quislibet</strong></span> <span class='ocrx_word' id='word_1_471' title='bbox 1761 3630 1825 3666; x_wconf 83' lang='lat' dir='ltr'><strong>ex</strong></span> 
     </span>
    </p>
   </div>
   <div class='ocr_carea' id='block_1_68' title="bbox 119 3703 1823 3777">
    <p class='ocr_par' dir='ltr' id='par_1_68' title="bbox 119 3703 1823 3777">
     <span class='ocr_line' id='line_1_68' title="bbox 119 3703 1823 3777; baseline -0.004 -16"><span class='ocrx_word' id='word_1_472' title='bbox 119 3706 389 3777; x_wconf 88' lang='lat' dir='ltr'><strong>judiciali</strong></span> <span class='ocrx_word' id='word_1_473' title='bbox 448 3709 727 3775; x_wconf 88' lang='lat' dir='ltr'><strong>potestate</strong></span> <span class='ocrx_word' id='word_1_474' title='bbox 779 3705 838 3758; x_wconf 90' lang='lat' dir='ltr'><strong>in</strong></span> <span class='ocrx_word' id='word_1_475' title='bbox 896 3704 1066 3757; x_wconf 89' lang='lat' dir='ltr'><strong>cellas</strong></span> <span class='ocrx_word' id='word_1_476' title='bbox 1114 3705 1171 3756; x_wconf 87' lang='lat' dir='ltr'><strong>et</strong></span> <span class='ocrx_word' id='word_1_477' title='bbox 1248 3703 1430 3769; x_wconf 89' lang='lat' dir='ltr'><strong>villas,</strong></span> <span class='ocrx_word' id='word_1_478' title='bbox 1484 3707 1584 3756; x_wconf 89' lang='lat' dir='ltr'><strong>aut</strong></span> <span class='ocrx_word' id='word_1_479' title='bbox 1636 3718 1823 3771; x_wconf 88' lang='lat' dir='ltr'><strong>agros,</strong></span> 
     </span>
    </p>
   </div>
   <div class='ocr_carea' id='block_1_69' title="bbox 128 3788 1829 3862">
    <p class='ocr_par' dir='ltr' id='par_1_69' title="bbox 128 3788 1829 3862">
     <span class='ocr_line' id='line_1_69' title="bbox 128 3788 1829 3862; baseline -0.004 -13"><span class='ocrx_word' id='word_1_480' title='bbox 128 3812 227 3849; x_wconf 86' lang='lat' dir='ltr'><strong>seu</strong></span> <span class='ocrx_word' id='word_1_481' title='bbox 286 3795 411 3848; x_wconf 88' lang='lat' dir='ltr'><strong>loca</strong></span> <span class='ocrx_word' id='word_1_482' title='bbox 469 3792 585 3845; x_wconf 88' lang='lat' dir='ltr'><strong>sive</strong></span> <span class='ocrx_word' id='word_1_483' title='bbox 638 3793 888 3862; x_wconf 91' lang='lat' dir='ltr'><strong>reliquas</strong></span> <span class='ocrx_word' id='word_1_484' title='bbox 932 3790 1323 3861; x_wconf 89' lang='lat' dir='ltr'><strong>possessiones</strong></span> <span class='ocrx_word' id='word_1_485' title='bbox 1405 3806 1577 3859; x_wconf 88' lang='lat' dir='ltr'><strong>supra</strong></span> <span class='ocrx_word' id='word_1_486' title='bbox 1631 3788 1829 3859; x_wconf 89' lang='lat' dir='ltr'><strong>scripti</strong></span> 
     </span>
    </p>
   </div>
   <div class='ocr_carea' id='block_1_70' title="bbox 128 3878 1830 3951">
    <p class='ocr_par' dir='ltr' id='par_1_70' title="bbox 128 3878 1830 3951">
     <span class='ocr_line' id='line_1_70' title="bbox 128 3878 1830 3951; baseline -0.005 -12"><span class='ocrx_word' id='word_1_487' title='bbox 128 3882 379 3939; x_wconf 78' lang='lat' dir='ltr'><strong>canobii</strong></span> <span class='ocrx_word' id='word_1_488' title='bbox 434 3881 625 3937; x_wconf 85' lang='lat' dir='ltr'><strong>Sancti</strong></span> <span class='ocrx_word' id='word_1_489' title='bbox 680 3879 970 3935; x_wconf 89' lang='lat' dir='ltr'><strong>Benedicti</strong></span> <span class='ocrx_word' id='word_1_490' title='bbox 1024 3895 1165 3951; x_wconf 90' lang='lat' dir='ltr'><strong>quas</strong></span> <span class='ocrx_word' id='word_1_491' title='bbox 1256 3879 1534 3933; x_wconf 90' lang='lat' dir='ltr'><strong>moderno</strong></span> <span class='ocrx_word' id='word_1_492' title='bbox 1591 3879 1712 3948; x_wconf 90' lang='lat' dir='ltr'><strong>ipse</strong></span> <span class='ocrx_word' id='word_1_493' title='bbox 1768 3878 1830 3931; x_wconf 92' lang='lat' dir='ltr'><strong>in</strong></span> 
     </span>
    </p>
   </div>
   <div class='ocr_carea' id='block_1_71' title="bbox 129 3965 1832 4045">
    <p class='ocr_par' dir='ltr' id='par_1_71' title="bbox 129 3965 1832 4045">
     <span class='ocr_line' id='line_1_71' title="bbox 129 3965 1832 4045; baseline -0.004 -20"><span class='ocrx_word' id='word_1_494' title='bbox 129 3974 596 4045; x_wconf 90' lang='lat' dir='ltr'><strong>quibuscumque</strong></span> <span class='ocrx_word' id='word_1_495' title='bbox 646 3969 810 4040; x_wconf 86' lang='lat' dir='ltr'><strong>pagis</strong></span> <span class='ocrx_word' id='word_1_496' title='bbox 861 3973 917 4022; x_wconf 91' lang='lat' dir='ltr'><strong>et</strong></span> <span class='ocrx_word' id='word_1_497' title='bbox 969 3966 1274 4022; x_wconf 90' lang='lat' dir='ltr'><strong>territoriis</strong></span> <span class='ocrx_word' id='word_1_498' title='bbox 1330 3967 1479 4020; x_wconf 88' lang='lat' dir='ltr'><strong>infra</strong></span> <span class='ocrx_word' id='word_1_499' title='bbox 1525 3965 1707 4021; x_wconf 88' lang='lat' dir='ltr'><strong>nostri</strong></span> <span class='ocrx_word' id='word_1_500' title='bbox 1748 3981 1832 4019; x_wconf 89' lang='lat' dir='ltr'><strong>re-</strong></span> 
     </span>
    </p>
   </div>
   <div class='ocr_carea' id='block_1_72' title="bbox 130 4054 1830 4132">
    <p class='ocr_par' dir='ltr' id='par_1_72' title="bbox 130 4054 1830 4132">
     <span class='ocr_line' id='line_1_72' title="bbox 130 4054 1830 4132; baseline -0.005 -17"><span class='ocrx_word' id='word_1_501' title='bbox 130 4061 231 4132; x_wconf 90' lang='lat' dir='ltr'><strong>gni</strong></span> <span class='ocrx_word' id='word_1_502' title='bbox 274 4059 497 4115; x_wconf 90' lang='lat' dir='ltr'><strong>ditione</strong></span> <span class='ocrx_word' id='word_1_503' title='bbox 553 4058 705 4128; x_wconf 88' lang='lat' dir='ltr'><strong>juste</strong></span> <span class='ocrx_word' id='word_1_504' title='bbox 770 4062 825 4110; x_wconf 93' lang='lat' dir='ltr'><strong>et</strong></span> <span class='ocrx_word' id='word_1_505' title='bbox 868 4055 1126 4126; x_wconf 86' lang='lat' dir='ltr'><strong>legaliter</strong></span> <span class='ocrx_word' id='word_1_506' title='bbox 1190 4054 1457 4120; x_wconf 87' lang='lat' dir='ltr'><strong>possidet,</strong></span> <span class='ocrx_word' id='word_1_507' title='bbox 1525 4055 1614 4108; x_wconf 92' lang='lat' dir='ltr'><strong>vel</strong></span> <span class='ocrx_word' id='word_1_508' title='bbox 1671 4054 1830 4125; x_wconf 90' lang='lat' dir='ltr'><strong>quic-</strong></span> 
     </span>
    </p>
   </div>
   <div class='ocr_carea' id='block_1_73' title="bbox 130 4141 1831 4220">
    <p class='ocr_par' dir='ltr' id='par_1_73' title="bbox 130 4141 1831 4220">
     <span class='ocr_line' id='line_1_73' title="bbox 130 4141 1831 4220; baseline -0.006 -17"><span class='ocrx_word' id='word_1_509' title='bbox 130 4149 269 4220; x_wconf 90' lang='lat' dir='ltr'><strong>quid</strong></span> <span class='ocrx_word' id='word_1_510' title='bbox 330 4152 387 4201; x_wconf 85' lang='lat' dir='ltr'><strong>et</strong></span> <span class='ocrx_word' id='word_1_511' title='bbox 439 4145 707 4217; x_wconf 82' lang='lat' dir='ltr'><strong>deinceps</strong></span> <span class='ocrx_word' id='word_1_512' title='bbox 780 4144 973 4199; x_wconf 90' lang='lat' dir='ltr'><strong>divina</strong></span> <span class='ocrx_word' id='word_1_513' title='bbox 1054 4143 1238 4214; x_wconf 90' lang='lat' dir='ltr'><strong>pietas</strong></span> <span class='ocrx_word' id='word_1_514' title='bbox 1314 4141 1424 4212; x_wconf 91' lang='lat' dir='ltr'><strong>ipsi</strong></span> <span class='ocrx_word' id='word_1_515' title='bbox 1464 4145 1659 4194; x_wconf 88' lang='lat' dir='ltr'><strong>sancto</strong></span> <span class='ocrx_word' id='word_1_516' title='bbox 1709 4142 1831 4195; x_wconf 91' lang='lat' dir='ltr'><strong>loco</strong></span> 
     </span>
    </p>
   </div>
   <div class='ocr_carea' id='block_1_74' title="bbox 128 4229 1905 4323">
    <p class='ocr_par' dir='ltr' id='par_1_74' title="bbox 128 4229 1905 4323">
     <span class='ocr_line' id='line_1_74' title="bbox 128 4229 1905 4323; baseline -0.005 -32"><span class='ocrx_word' id='word_1_517' title='bbox 128 4236 383 4292; x_wconf 88' lang='lat' dir='ltr'><strong>voluerit</strong></span> <span class='ocrx_word' id='word_1_518' title='bbox 432 4250 664 4305; x_wconf 84' lang='lat' dir='ltr'><strong>augere,</strong></span> <span class='ocrx_word' id='word_1_519' title='bbox 730 4233 799 4287; x_wconf 88' lang='lat' dir='ltr'><strong>ad</strong></span> <span class='ocrx_word' id='word_1_520' title='bbox 886 4248 1083 4287; x_wconf 83' lang='lat' dir='ltr'><strong>causas</strong></span> <span class='ocrx_word' id='word_1_521' title='bbox 1176 4230 1487 4286; x_wconf 87' lang='lat' dir='ltr'><strong>audiendas</strong></span> <span class='ocrx_word' id='word_1_522' title='bbox 1544 4229 1630 4283; x_wconf 88' lang='lat' dir='ltr'><strong>vel</strong></span> <span class='ocrx_word' id='word_1_523' title='bbox 1684 4229 1828 4283; x_wconf 88' lang='lat' dir='ltr'><strong>fredi</strong></span> <span class='ocrx_word' id='word_1_524' title='bbox 1862 4270 1905 4323; x_wconf 67' lang='grc' dir='ltr'><strong>Β</strong></span> 
     </span>
    </p>
   </div>
   <div class='ocr_carea' id='block_1_75' title="bbox 129 4318 1834 4391">
    <p class='ocr_par' dir='ltr' id='par_1_75' title="bbox 129 4318 1834 4391">
     <span class='ocr_line' id='line_1_75' title="bbox 129 4318 1834 4391; baseline -0.005 -13"><span class='ocrx_word' id='word_1_525' title='bbox 129 4329 232 4379; x_wconf 90' lang='lat' dir='ltr'><strong>aut</strong></span> <span class='ocrx_word' id='word_1_526' title='bbox 318 4322 537 4376; x_wconf 88' lang='lat' dir='ltr'><strong>tributa</strong></span> <span class='ocrx_word' id='word_1_527' title='bbox 610 4320 897 4391; x_wconf 82' lang='lat' dir='ltr'><strong>exigendi,</strong></span> <span class='ocrx_word' id='word_1_528' title='bbox 972 4321 1058 4373; x_wconf 89' lang='lat' dir='ltr'><strong>vel</strong></span> <span class='ocrx_word' id='word_1_529' title='bbox 1117 4318 1441 4373; x_wconf 87' lang='lat' dir='ltr'><strong>mansiones</strong></span> <span class='ocrx_word' id='word_1_530' title='bbox 1519 4321 1618 4370; x_wconf 91' lang='lat' dir='ltr'><strong>aut</strong></span> <span class='ocrx_word' id='word_1_531' title='bbox 1671 4332 1834 4387; x_wconf 89' lang='lat' dir='ltr'><strong>para-</strong></span> 
     </span>
    </p>
   </div>
   <div class='ocr_carea' id='block_1_76' title="bbox 131 4405 1835 4476">
    <p class='ocr_par' dir='ltr' id='par_1_76' title="bbox 131 4405 1835 4476">
     <span class='ocr_line' id='line_1_76' title="bbox 131 4405 1835 4476; baseline -0.004 -10"><span class='ocrx_word' id='word_1_532' title='bbox 131 4418 218 4466; x_wconf 88' lang='lat' dir='ltr'><strong>tas</strong></span> <span class='ocrx_word' id='word_1_533' title='bbox 269 4410 580 4476; x_wconf 86' lang='lat' dir='ltr'><strong>faciendas,</strong></span> <span class='ocrx_word' id='word_1_534' title='bbox 647 4410 732 4462; x_wconf 90' lang='lat' dir='ltr'><strong>vel</strong></span> <span class='ocrx_word' id='word_1_535' title='bbox 802 4424 1012 4475; x_wconf 88' lang='lat' dir='ltr'><strong>servos,</strong></span> <span class='ocrx_word' id='word_1_536' title='bbox 1064 4424 1165 4461; x_wconf 91' lang='lat' dir='ltr'><strong>seu</strong></span> <span class='ocrx_word' id='word_1_537' title='bbox 1238 4407 1547 4461; x_wconf 87' lang='lat' dir='ltr'><strong>cartulatos</strong></span> <span class='ocrx_word' id='word_1_538' title='bbox 1606 4406 1689 4458; x_wconf 89' lang='lat' dir='ltr'><strong>vel</strong></span> <span class='ocrx_word' id='word_1_539' title='bbox 1751 4405 1835 4459; x_wconf 87' lang='lat' dir='ltr'><strong>of-</strong></span> 
     </span>
    </p>
   </div>
   <div class='ocr_carea' id='block_1_77' title="bbox 131 4492 1832 4567">
    <p class='ocr_par' dir='ltr' id='par_1_77' title="bbox 131 4492 1832 4567">
     <span class='ocr_line' id='line_1_77' title="bbox 131 4492 1832 4567; baseline -0.005 -13"><span class='ocrx_word' id='word_1_540' title='bbox 131 4500 337 4561; x_wconf 87' lang='lat' dir='ltr'><strong>fertos,</strong></span> <span class='ocrx_word' id='word_1_541' title='bbox 372 4504 429 4552; x_wconf 90' lang='lat' dir='ltr'><strong>et</strong></span> <span class='ocrx_word' id='word_1_542' title='bbox 458 4497 558 4567; x_wconf 83' lang='lat' dir='ltr'><strong>qui</strong></span> <span class='ocrx_word' id='word_1_543' title='bbox 605 4513 778 4566; x_wconf 90' lang='lat' dir='ltr'><strong>super</strong></span> <span class='ocrx_word' id='word_1_544' title='bbox 807 4501 1021 4550; x_wconf 90' lang='lat' dir='ltr'><strong>terram</strong></span> <span class='ocrx_word' id='word_1_545' title='bbox 1054 4493 1233 4565; x_wconf 90' lang='lat' dir='ltr'><strong>ipsius</strong></span> <span class='ocrx_word' id='word_1_546' title='bbox 1290 4492 1625 4547; x_wconf 89' lang='lat' dir='ltr'><strong>monasterii</strong></span> <span class='ocrx_word' id='word_1_547' title='bbox 1690 4492 1832 4546; x_wconf 90' lang='lat' dir='ltr'><strong>resi-</strong></span> 
     </span>
    </p>
   </div>
   <div class='ocr_carea' id='block_1_78' title="bbox 133 4579 1833 4654">
    <p class='ocr_par' dir='ltr' id='par_1_78' title="bbox 133 4579 1833 4654">
     <span class='ocr_line' id='line_1_78' title="bbox 133 4579 1833 4654; baseline -0.006 -10"><span class='ocrx_word' id='word_1_548' title='bbox 133 4589 279 4643; x_wconf 90' lang='lat' dir='ltr'><strong>dent</strong></span> <span class='ocrx_word' id='word_1_549' title='bbox 334 4587 661 4641; x_wconf 86' lang='lat' dir='ltr'><strong>nullatenus</strong></span> <span class='ocrx_word' id='word_1_550' title='bbox 710 4584 1289 4654; x_wconf 26' lang='lat' dir='ltr'><strong>distringendos,,nec</strong></span> <span class='ocrx_word' id='word_1_551' title='bbox 1315 4583 1461 4636; x_wconf 91' lang='lat' dir='ltr'><strong>ullas</strong></span> <span class='ocrx_word' id='word_1_552' title='bbox 1499 4579 1833 4634; x_wconf 89' lang='lat' dir='ltr'><strong>redhibitio-</strong></span> 
     </span>
    </p>
   </div>
   <div class='ocr_carea' id='block_1_79' title="bbox 132 4668 1837 4741">
    <p class='ocr_par' dir='ltr' id='par_1_79' title="bbox 132 4668 1837 4741">
     <span class='ocr_line' id='line_1_79' title="bbox 132 4668 1837 4741; baseline -0.006 -10"><span class='ocrx_word' id='word_1_553' title='bbox 132 4694 238 4731; x_wconf 90' lang='lat' dir='ltr'><strong>nes</strong></span> <span class='ocrx_word' id='word_1_554' title='bbox 296 4680 399 4730; x_wconf 90' lang='lat' dir='ltr'><strong>aut</strong></span> <span class='ocrx_word' id='word_1_555' title='bbox 462 4672 690 4727; x_wconf 88' lang='lat' dir='ltr'><strong>illicitas</strong></span> <span class='ocrx_word' id='word_1_556' title='bbox 739 4672 1062 4726; x_wconf 90' lang='lat' dir='ltr'><strong>occasiones</strong></span> <span class='ocrx_word' id='word_1_557' title='bbox 1153 4670 1550 4741; x_wconf 76' lang='lat' dir='ltr'><strong>requirendus,</strong></span> <span class='ocrx_word' id='word_1_558' title='bbox 1627 4668 1837 4723; x_wconf 87' lang='lat' dir='ltr'><strong>nostris</strong></span> 
     </span>
    </p>
   </div>
   <div class='ocr_carea' id='block_1_80' title="bbox 132 4759 1835 4835">
    <p class='ocr_par' dir='ltr' id='par_1_80' title="bbox 132 4759 1835 4835">
     <span class='ocr_line' id='line_1_80' title="bbox 132 4759 1835 4835; baseline -0.006 -15"><span class='ocrx_word' id='word_1_559' title='bbox 132 4765 466 4835; x_wconf 88' lang='lat' dir='ltr'><strong>futurisque</strong></span> <span class='ocrx_word' id='word_1_560' title='bbox 504 4761 863 4830; x_wconf 87' lang='lat' dir='ltr'><strong>temporibus</strong></span> <span class='ocrx_word' id='word_1_561' title='bbox 892 4759 1117 4830; x_wconf 92' lang='lat' dir='ltr'><strong>ingredi</strong></span> <span class='ocrx_word' id='word_1_562' title='bbox 1167 4759 1393 4826; x_wconf 90' lang='lat' dir='ltr'><strong>audeat,</strong></span> <span class='ocrx_word' id='word_1_563' title='bbox 1427 4772 1533 4811; x_wconf 90' lang='lat' dir='ltr'><strong>nec</strong></span> <span class='ocrx_word' id='word_1_564' title='bbox 1582 4773 1650 4812; x_wconf 89' lang='lat' dir='ltr'><strong>ea</strong></span> <span class='ocrx_word' id='word_1_565' title='bbox 1709 4772 1835 4827; x_wconf 87' lang='lat' dir='ltr'><strong>qua</strong></span> 
     </span>
    </p>
   </div>
   <div class='ocr_carea' id='block_1_81' title="bbox 132 4846 1834 4925">
    <p class='ocr_par' dir='ltr' id='par_1_81' title="bbox 132 4846 1834 4925">
     <span class='ocr_line' id='line_1_81' title="bbox 132 4846 1834 4925; baseline -0.006 -17"><span class='ocrx_word' id='word_1_566' title='bbox 132 4853 407 4925; x_wconf 87' lang='lat' dir='ltr'><strong>superius</strong></span> <span class='ocrx_word' id='word_1_567' title='bbox 436 4853 751 4905; x_wconf 88' lang='lat' dir='ltr'><strong>memorata</strong></span> <span class='ocrx_word' id='word_1_568' title='bbox 790 4852 924 4903; x_wconf 89' lang='lat' dir='ltr'><strong>sunt</strong></span> <span class='ocrx_word' id='word_1_569' title='bbox 978 4848 1210 4919; x_wconf 90' lang='lat' dir='ltr'><strong>penitus</strong></span> <span class='ocrx_word' id='word_1_570' title='bbox 1252 4846 1475 4917; x_wconf 87' lang='lat' dir='ltr'><strong>exigere</strong></span> <span class='ocrx_word' id='word_1_571' title='bbox 1506 4849 1834 4916; x_wconf 89' lang='lat' dir='ltr'><strong>prasumat,</strong></span> 
     </span>
    </p>
   </div>
   <div class='ocr_carea' id='block_1_82' title="bbox 130 4933 1838 5009">
    <p class='ocr_par' dir='ltr' id='par_1_82' title="bbox 130 4933 1838 5009">
     <span class='ocr_line' id='line_1_82' title="bbox 130 4933 1838 5009; baseline -0.005 -13"><span class='ocrx_word' id='word_1_572' title='bbox 130 4943 231 4996; x_wconf 87' lang='lat' dir='ltr'><strong>sed</strong></span> <span class='ocrx_word' id='word_1_573' title='bbox 283 4941 455 4995; x_wconf 85' lang='lat' dir='ltr'><strong>liceat</strong></span> <span class='ocrx_word' id='word_1_574' title='bbox 509 4942 849 5009; x_wconf 87' lang='lat' dir='ltr'><strong>prasentem</strong></span> <span class='ocrx_word' id='word_1_575' title='bbox 901 4935 1210 4990; x_wconf 82' lang='lat' dir='ltr'><strong>Altinulfus</strong></span> <span class='ocrx_word' id='word_1_576' title='bbox 1260 4933 1603 4988; x_wconf 90' lang='lat' dir='ltr'><strong>venerabilis</strong></span> <span class='ocrx_word' id='word_1_577' title='bbox 1663 4933 1838 4987; x_wconf 89' lang='lat' dir='ltr'><strong>abbas</strong></span> 
     </span>
    </p>
   </div>
   <div class='ocr_carea' id='block_1_83' title="bbox 128 5020 1837 5102">
    <p class='ocr_par' dir='ltr' id='par_1_83' title="bbox 128 5020 1837 5102">
     <span class='ocr_line' id='line_1_83' title="bbox 128 5020 1837 5102; baseline -0.006 -18"><span class='ocrx_word' id='word_1_578' title='bbox 128 5032 376 5102; x_wconf 88' lang='lat' dir='ltr'><strong>ejusque</strong></span> <span class='ocrx_word' id='word_1_579' title='bbox 430 5042 799 5093; x_wconf 87' lang='lat' dir='ltr'><strong>successores,</strong></span> <span class='ocrx_word' id='word_1_580' title='bbox 854 5041 973 5079; x_wconf 89' lang='lat' dir='ltr'><strong>una</strong></span> <span class='ocrx_word' id='word_1_581' title='bbox 1023 5040 1152 5078; x_wconf 90' lang='lat' dir='ltr'><strong>cum</strong></span> <span class='ocrx_word' id='word_1_582' title='bbox 1207 5022 1670 5093; x_wconf 89' lang='lat' dir='ltr'><strong>congregatione,</strong></span> <span class='ocrx_word' id='word_1_583' title='bbox 1729 5020 1837 5074; x_wconf 91' lang='lat' dir='ltr'><strong>ibi-</strong></span> 
     </span>
    </p>
   </div>
   <div class='ocr_carea' id='block_1_84' title="bbox 129 5108 1836 5175">
    <p class='ocr_par' dir='ltr' id='par_1_84' title="bbox 129 5108 1836 5175">
     <span class='ocr_line' id='line_1_84' title="bbox 129 5108 1836 5175; baseline -0.008 0"><span class='ocrx_word' id='word_1_584' title='bbox 129 5121 264 5175; x_wconf 90' lang='lat' dir='ltr'><strong>dem</strong></span> <span class='ocrx_word' id='word_1_585' title='bbox 303 5120 420 5173; x_wconf 92' lang='lat' dir='ltr'><strong>Deo</strong></span> <span class='ocrx_word' id='word_1_586' title='bbox 446 5116 822 5170; x_wconf 88' lang='lat' dir='ltr'><strong>famulantem</strong></span> <span class='ocrx_word' id='word_1_587' title='bbox 854 5113 957 5167; x_wconf 90' lang='lat' dir='ltr'><strong>sub</strong></span> <span class='ocrx_word' id='word_1_588' title='bbox 980 5118 1188 5167; x_wconf 90' lang='lat' dir='ltr'><strong>nostra</strong></span> <span class='ocrx_word' id='word_1_589' title='bbox 1217 5110 1516 5165; x_wconf 88' lang='lat' dir='ltr'><strong>munitatis</strong></span> <span class='ocrx_word' id='word_1_590' title='bbox 1548 5108 1836 5163; x_wconf 87' lang='lat' dir='ltr'><strong>defensio-</strong></span> 
     </span>
    </p>
   </div>
   <div class='ocr_carea' id='block_1_85' title="bbox 128 5198 1838 5278">
    <p class='ocr_par' dir='ltr' id='par_1_85' title="bbox 128 5198 1838 5278">
     <span class='ocr_line' id='line_1_85' title="bbox 128 5198 1838 5278; baseline -0.009 -16"><span class='ocrx_word' id='word_1_591' title='bbox 128 5209 220 5263; x_wconf 89' lang='lat' dir='ltr'><strong>nis</strong></span> <span class='ocrx_word' id='word_1_592' title='bbox 248 5206 479 5278; x_wconf 90' lang='lat' dir='ltr'><strong>quietos</strong></span> <span class='ocrx_word' id='word_1_593' title='bbox 510 5202 711 5257; x_wconf 89' lang='lat' dir='ltr'><strong>ordine</strong></span> <span class='ocrx_word' id='word_1_594' title='bbox 741 5200 929 5255; x_wconf 90' lang='lat' dir='ltr'><strong>vivere</strong></span> <span class='ocrx_word' id='word_1_595' title='bbox 960 5204 1015 5253; x_wconf 88' lang='lat' dir='ltr'><strong>et</strong></span> <span class='ocrx_word' id='word_1_596' title='bbox 1070 5198 1338 5265; x_wconf 88' lang='lat' dir='ltr'><strong>residere,</strong></span> <span class='ocrx_word' id='word_1_597' title='bbox 1387 5202 1443 5250; x_wconf 91' lang='lat' dir='ltr'><strong>et</strong></span> <span class='ocrx_word' id='word_1_598' title='bbox 1490 5198 1670 5250; x_wconf 90' lang='lat' dir='ltr'><strong>Deum</strong></span> <span class='ocrx_word' id='word_1_599' title='bbox 1733 5210 1838 5265; x_wconf 92' lang='lat' dir='ltr'><strong>pro</strong></span> 
     </span>
    </p>
   </div>
   <div class='ocr_carea' id='block_1_86' title="bbox 128 5282 1837 5360">
    <p class='ocr_par' dir='ltr' id='par_1_86' title="bbox 128 5282 1837 5360">
     <span class='ocr_line' id='line_1_86' title="bbox 128 5282 1837 5360; baseline -0.009 -10"><span class='ocrx_word' id='word_1_600' title='bbox 128 5301 333 5349; x_wconf 87' lang='lat' dir='ltr'><strong>nostra</strong></span> <span class='ocrx_word' id='word_1_601' title='bbox 354 5292 549 5346; x_wconf 90' lang='lat' dir='ltr'><strong>anima</strong></span> <span class='ocrx_word' id='word_1_602' title='bbox 588 5288 907 5360; x_wconf 89' lang='lat' dir='ltr'><strong>supplicare</strong></span> <span class='ocrx_word' id='word_1_603' title='bbox 944 5304 956 5341; x_wconf 89' lang='lat'>:</span> <span class='ocrx_word' id='word_1_604' title='bbox 993 5291 1050 5340; x_wconf 90' lang='lat' dir='ltr'><strong>et</strong></span> <span class='ocrx_word' id='word_1_605' title='bbox 1080 5285 1357 5357; x_wconf 87' lang='lat' dir='ltr'><strong>quidquid</strong></span> <span class='ocrx_word' id='word_1_606' title='bbox 1410 5284 1579 5337; x_wconf 88' lang='lat' dir='ltr'><strong>ﬁscus</strong></span> <span class='ocrx_word' id='word_1_607' title='bbox 1609 5299 1672 5336; x_wconf 85' lang='lat' dir='ltr'><strong>ex</strong></span> <span class='ocrx_word' id='word_1_608' title='bbox 1707 5282 1837 5352; x_wconf 90' lang='lat' dir='ltr'><strong>jure</strong></span> 
     </span>
    </p>
   </div>
   <div class='ocr_carea' id='block_1_87' title="bbox 122 5373 1841 5455">
    <p class='ocr_par' dir='ltr' id='par_1_87' title="bbox 122 5373 1841 5455">
     <span class='ocr_line' id='line_1_87' title="bbox 122 5373 1841 5455; baseline -0.009 -17"><span class='ocrx_word' id='word_1_609' title='bbox 122 5386 248 5455; x_wconf 90' lang='lat' dir='ltr'><strong>jam</strong></span> <span class='ocrx_word' id='word_1_610' title='bbox 299 5378 528 5453; x_wconf 86' lang='lat' dir='ltr'><strong>prafati</strong></span> <span class='ocrx_word' id='word_1_611' title='bbox 576 5376 913 5432; x_wconf 90' lang='lat' dir='ltr'><strong>monasterii</strong></span> <span class='ocrx_word' id='word_1_612' title='bbox 978 5391 1110 5446; x_wconf 88' lang='lat' dir='ltr'><strong>pars</strong></span> <span class='ocrx_word' id='word_1_613' title='bbox 1139 5373 1370 5444; x_wconf 89' lang='lat' dir='ltr'><strong>publica</strong></span> <span class='ocrx_word' id='word_1_614' title='bbox 1420 5387 1645 5443; x_wconf 89' lang='lat' dir='ltr'><strong>sperare</strong></span> <span class='ocrx_word' id='word_1_615' title='bbox 1688 5376 1841 5440; x_wconf 90' lang='lat' dir='ltr'><strong>pote-</strong></span> 
     </span>
    </p>
   </div>
   <div class='ocr_carea' id='block_1_88' title="bbox 127 5457 1841 5540">
    <p class='ocr_par' dir='ltr' id='par_1_88' title="bbox 127 5457 1841 5540">
     <span class='ocr_line' id='line_1_88' title="bbox 127 5457 1841 5540; baseline -0.009 -14"><span class='ocrx_word' id='word_1_616' title='bbox 127 5477 242 5535; x_wconf 87' lang='lat' dir='ltr'><strong>rat,</strong></span> <span class='ocrx_word' id='word_1_617' title='bbox 307 5486 412 5540; x_wconf 92' lang='lat' dir='ltr'><strong>pro</strong></span> <span class='ocrx_word' id='word_1_618' title='bbox 467 5468 676 5522; x_wconf 88' lang='lat' dir='ltr'><strong>anima</strong></span> <span class='ocrx_word' id='word_1_619' title='bbox 718 5471 927 5519; x_wconf 87' lang='lat' dir='ltr'><strong>nostra</strong></span> <span class='ocrx_word' id='word_1_620' title='bbox 981 5462 1244 5517; x_wconf 89' lang='lat' dir='ltr'><strong>mercede</strong></span> <span class='ocrx_word' id='word_1_621' title='bbox 1275 5460 1654 5515; x_wconf 88' lang='lat' dir='ltr'><strong>luminaribus</strong></span> <span class='ocrx_word' id='word_1_622' title='bbox 1730 5457 1841 5529; x_wconf 88' lang='lat' dir='ltr'><strong>ipsi</strong></span> 
     </span>
    </p>
   </div>
   <div class='ocr_carea' id='block_1_89' title="bbox 133 5547 1841 5614">
    <p class='ocr_par' dir='ltr' id='par_1_89' title="bbox 133 5547 1841 5614">
     <span class='ocr_line' id='line_1_89' title="bbox 133 5547 1841 5614; baseline -0.008 0"><span class='ocrx_word' id='word_1_623' title='bbox 133 5557 497 5614; x_wconf 85' lang='lat' dir='ltr'><strong>sanctissimo</strong></span> <span class='ocrx_word' id='word_1_624' title='bbox 558 5553 908 5610; x_wconf 87' lang='lat' dir='ltr'><strong>monasterio</strong></span> <span class='ocrx_word' id='word_1_625' title='bbox 962 5556 1156 5606; x_wconf 88' lang='lat' dir='ltr'><strong>nostra</strong></span> <span class='ocrx_word' id='word_1_626' title='bbox 1232 5555 1460 5605; x_wconf 84' lang='lat' dir='ltr'><strong>maneat</strong></span> <span class='ocrx_word' id='word_1_627' title='bbox 1507 5547 1841 5603; x_wconf 87' lang='lat' dir='ltr'><strong>auctoritate</strong></span> 
     </span>
    </p>
   </div>
   <div class='ocr_carea' id='block_1_90' title="bbox 1929 3082 2171 3155">
    <p class='ocr_par' dir='ltr' id='par_1_90' title="bbox 1929 3082 2171 3155">
     <span class='ocr_line' id='line_1_90' title="bbox 1929 3082 2171 3155; baseline -0.012 -16"><span class='ocrx_word' id='word_1_628' title='bbox 1929 3082 2171 3155; x_wconf 82' lang='lat' dir='ltr'><strong>signiri).</strong></span> 
     </span>
    </p>
   </div>
   <div class='ocr_carea' id='block_1_91' title="bbox 2001 3168 3630 3238">
    <p class='ocr_par' dir='ltr' id='par_1_91' title="bbox 2001 3168 3630 3238">
     <span class='ocr_line' id='line_1_91' title="bbox 2001 3168 3630 3238; baseline 0 -12"><span class='ocrx_word' id='word_1_629' title='bbox 2001 3173 2230 3238; x_wconf 79' lang='lat' dir='ltr'><strong>Signum</strong></span> <span class='ocrx_word' id='word_1_630' title='bbox 2286 3168 2470 3223; x_wconf 84' lang='lat' dir='ltr'><strong>damni</strong></span> <span class='ocrx_word' id='word_1_631' title='bbox 2524 3169 2750 3223; x_wconf 84' lang='lat' dir='ltr'><strong>Henrici</strong></span> <span class='ocrx_word' id='word_1_632' title='bbox 2807 3173 3144 3226; x_wconf 84' lang='lat' dir='ltr'><strong>screnissimi</strong></span> <span class='ocrx_word' id='word_1_633' title='bbox 3201 3176 3252 3226; x_wconf 85' lang='lat' dir='ltr'><strong>et</strong></span> <span class='ocrx_word' id='word_1_634' title='bbox 3278 3175 3630 3228; x_wconf 77' lang='lat' dir='ltr'><strong>invictissimi</strong></span> 
     </span>
    </p>
   </div>
   <div class='ocr_carea' id='block_1_92' title="bbox 1929 3259 2557 3330">
    <p class='ocr_par' dir='ltr' id='par_1_92' title="bbox 1929 3259 2557 3330">
     <span class='ocr_line' id='line_1_92' title="bbox 1929 3259 2557 3330; baseline -0.008 -15"><span class='ocrx_word' id='word_1_635' title='bbox 1929 3260 2273 3330; x_wconf 77' lang='lat' dir='ltr'><strong>imperatoris</strong></span> <span class='ocrx_word' id='word_1_636' title='bbox 2300 3259 2557 3325; x_wconf 78' lang='lat' dir='ltr'><strong>Augusti.</strong></span> 
     </span>
    </p>
   </div>
   <div class='ocr_carea' id='block_1_93' title="bbox 2003 3344 3629 3419">
    <p class='ocr_par' dir='ltr' id='par_1_93' title="bbox 2003 3344 3629 3419">
     <span class='ocr_line' id='line_1_93' title="bbox 2003 3344 3629 3419; baseline 0.001 -17"><span class='ocrx_word' id='word_1_637' title='bbox 2003 3348 2302 3402; x_wconf 87' lang='lat' dir='ltr'><strong>Heinricus</strong></span> <span class='ocrx_word' id='word_1_638' title='bbox 2344 3344 2716 3399; x_wconf 87' lang='lat' dir='ltr'><strong>cancellarius</strong></span> <span class='ocrx_word' id='word_1_639' title='bbox 2773 3345 2895 3399; x_wconf 90' lang='lat' dir='ltr'><strong>vice</strong></span> <span class='ocrx_word' id='word_1_640' title='bbox 2942 3347 3216 3401; x_wconf 90' lang='lat' dir='ltr'><strong>Everardi</strong></span> <span class='ocrx_word' id='word_1_641' title='bbox 3267 3349 3522 3419; x_wconf 86' lang='lat' dir='ltr'><strong>episcopi</strong></span> <span class='ocrx_word' id='word_1_642' title='bbox 3572 3354 3629 3404; x_wconf 90' lang='lat' dir='ltr'><strong>et</strong></span> 
     </span>
    </p>
   </div>
   <div class='ocr_carea' id='block_1_94' title="bbox 1934 3433 2726 3505">
    <p class='ocr_par' dir='ltr' id='par_1_94' title="bbox 1934 3433 2726 3505">
     <span class='ocr_line' id='line_1_94' title="bbox 1934 3433 2726 3505; baseline -0.011 -12"><span class='ocrx_word' id='word_1_643' title='bbox 1934 3433 2368 3505; x_wconf 87' lang='lat' dir='ltr'><strong>archicapellani</strong></span> <span class='ocrx_word' id='word_1_644' title='bbox 2402 3433 2726 3503; x_wconf 89' lang='lat' dir='ltr'><strong>recognovi.</strong></span> 
     </span>
    </p>
   </div>
   <div class='ocr_carea' id='block_1_95' title="bbox 2005 3520 3626 3577">
    <p class='ocr_par' dir='ltr' id='par_1_95' title="bbox 2005 3520 3626 3577">
     <span class='ocr_line' id='line_1_95' title="bbox 2005 3520 3626 3577; baseline 0.001 -1"><span class='ocrx_word' id='word_1_645' title='bbox 2005 3524 2210 3577; x_wconf 82' lang='lat' dir='ltr'><strong>Datum</strong></span> <span class='ocrx_word' id='word_1_646' title='bbox 2270 3538 2417 3575; x_wconf 86' lang='lat' dir='ltr'><strong>anno</strong></span> <span class='ocrx_word' id='word_1_647' title='bbox 2467 3520 2778 3575; x_wconf 87' lang='lat' dir='ltr'><strong>Dominica</strong></span> <span class='ocrx_word' id='word_1_648' title='bbox 2847 3520 3260 3577; x_wconf 88' lang='lat' dir='ltr'><strong>incarnationis</strong></span> <span class='ocrx_word' id='word_1_649' title='bbox 3321 3523 3626 3577; x_wconf 90' lang='lat' dir='ltr'><strong>millesimo</strong></span> 
     </span>
    </p>
   </div>
   <div class='ocr_carea' id='block_1_96' title="bbox 1933 3610 3632 3680">
    <p class='ocr_par' dir='ltr' id='par_1_96' title="bbox 1933 3610 3632 3680">
     <span class='ocr_line' id='line_1_96' title="bbox 1933 3610 3632 3680; baseline -0.001 -15"><span class='ocrx_word' id='word_1_650' title='bbox 1933 3627 2051 3680; x_wconf 85' lang='lat' dir='ltr'><strong>xm,</strong></span> <span class='ocrx_word' id='word_1_651' title='bbox 2085 3610 2398 3665; x_wconf 89' lang='lat' dir='ltr'><strong>indictione</strong></span> <span class='ocrx_word' id='word_1_652' title='bbox 2436 3625 2535 3675; x_wconf 89' lang='lat' dir='ltr'><strong>xu,</strong></span> <span class='ocrx_word' id='word_1_653' title='bbox 2583 3625 2734 3663; x_wconf 88' lang='lat' dir='ltr'><strong>anno</strong></span> <span class='ocrx_word' id='word_1_654' title='bbox 2773 3626 2907 3663; x_wconf 91' lang='lat' dir='ltr'><strong>vero</strong></span> <span class='ocrx_word' id='word_1_655' title='bbox 2977 3611 3175 3665; x_wconf 87' lang='lat' dir='ltr'><strong>domui</strong></span> <span class='ocrx_word' id='word_1_656' title='bbox 3222 3610 3471 3666; x_wconf 82' lang='lat' dir='ltr'><strong>Heinrici</strong></span> <span class='ocrx_word' id='word_1_657' title='bbox 3524 3611 3632 3664; x_wconf 88' lang='lat' dir='ltr'><strong>im-</strong></span> 
     </span>
    </p>
   </div>
   <div class='ocr_carea' id='block_1_97' title="bbox 1934 3698 3634 3771">
    <p class='ocr_par' dir='ltr' id='par_1_97' title="bbox 1934 3698 3634 3771">
     <span class='ocr_line' id='line_1_97' title="bbox 1934 3698 3634 3771; baseline -0.001 -17"><span class='ocrx_word' id='word_1_658' title='bbox 1934 3699 2216 3771; x_wconf 87' lang='lat' dir='ltr'><strong>peratoris</strong></span> <span class='ocrx_word' id='word_1_659' title='bbox 2244 3698 2493 3769; x_wconf 84' lang='lat' dir='ltr'><strong>Augusti</strong></span> <span class='ocrx_word' id='word_1_660' title='bbox 2525 3698 2821 3768; x_wconf 90' lang='lat' dir='ltr'><strong>regnantis</strong></span> <span class='ocrx_word' id='word_1_661' title='bbox 2850 3699 3214 3767; x_wconf 89' lang='lat' dir='ltr'><strong>duodecimo,</strong></span> <span class='ocrx_word' id='word_1_662' title='bbox 3253 3700 3482 3771; x_wconf 87' lang='lat' dir='ltr'><strong>imperii</strong></span> <span class='ocrx_word' id='word_1_663' title='bbox 3510 3700 3634 3770; x_wconf 88' lang='lat' dir='ltr'><strong>ejus</strong></span> 
     </span>
    </p>
   </div>
   <div class='ocr_carea' id='block_1_98' title="bbox 1935 3788 2145 3860">
    <p class='ocr_par' dir='ltr' id='par_1_98' title="bbox 1935 3788 2145 3860">
     <span class='ocr_line' id='line_1_98' title="bbox 1935 3788 2145 3860; baseline -0.005 -17"><span class='ocrx_word' id='word_1_664' title='bbox 1935 3788 2145 3860; x_wconf 91' lang='lat' dir='ltr'><strong>primo.</strong></span> 
     </span>
    </p>
   </div>
   <div class='ocr_carea' id='block_1_99' title="bbox 2007 3872 2953 3932">
    <p class='ocr_par' dir='ltr' id='par_1_99' title="bbox 2007 3872 2953 3932">
     <span class='ocr_line' id='line_1_99' title="bbox 2007 3872 2953 3932; baseline -0.001 -2"><span class='ocrx_word' id='word_1_665' title='bbox 2007 3878 2208 3930; x_wconf 85' lang='lat' dir='ltr'><strong>Actum</strong></span> <span class='ocrx_word' id='word_1_666' title='bbox 2242 3874 2437 3928; x_wconf 82' lang='lat' dir='ltr'><strong>Roma</strong></span> <span class='ocrx_word' id='word_1_667' title='bbox 2457 3872 2719 3929; x_wconf 89' lang='lat' dir='ltr'><strong>feliciter.</strong></span> <span class='ocrx_word' id='word_1_668' title='bbox 2750 3876 2953 3932; x_wconf 86' lang='lat' dir='ltr'><strong>Amen.</strong></span> 
     </span>
    </p>
   </div>
   <div class='ocr_carea' id='block_1_100' title="bbox 2675 3981 2908 4037">
    <p class='ocr_par' dir='ltr' id='par_1_100' title="bbox 2675 3981 2908 4037">
     <span class='ocr_line' id='line_1_100' title="bbox 2675 3981 2908 4037; baseline 0.009 -2"><span class='ocrx_word' id='word_1_669' title='bbox 2675 3981 2908 4037; x_wconf 88' lang='lat' dir='ltr'><strong>LXVIII.</strong></span> 
     </span>
    </p>
   </div>
   <div class='ocr_carea' id='block_1_101' title="bbox 1942 4086 3639 4155">
    <p class='ocr_par' dir='ltr' id='par_1_101' title="bbox 1942 4086 3639 4155">
     <span class='ocr_line' id='line_1_101' title="bbox 1942 4086 3639 4155; baseline -0.002 -11"><span class='ocrx_word' id='word_1_670' title='bbox 1942 4090 1999 4145; x_wconf 92' lang='lat' dir='ltr'><strong>S.</strong></span> <span class='ocrx_word' id='word_1_671' title='bbox 2086 4087 2347 4141; x_wconf 80' lang='lat' dir='ltr'><strong>Henricus</strong></span> <span class='ocrx_word' id='word_1_672' title='bbox 2398 4086 2649 4140; x_wconf 74' lang='lat' dir='ltr'><strong>Ecclesia</strong></span> <span class='ocrx_word' id='word_1_673' title='bbox 2722 4088 3131 4155; x_wconf 86' lang='lat' dir='ltr'><strong>Bergomensis,</strong></span> <span class='ocrx_word' id='word_1_674' title='bbox 3197 4104 3232 4142; x_wconf 87' lang='lat' dir='ltr'><strong>a</strong></span> <span class='ocrx_word' id='word_1_675' title='bbox 3311 4087 3639 4155; x_wconf 83' lang='lat' dir='ltr'><strong>Reginfredo</strong></span> 
     </span>
    </p>
   </div>
   <div class='ocr_carea' id='block_1_102' title="bbox 2011 4157 3640 4296">
    <p class='ocr_par' dir='ltr' id='par_1_102' title="bbox 2011 4157 3640 4296">
     <span class='ocr_line' id='line_1_102' title="bbox 2011 4157 3640 4296; baseline 0.001 -87"><span class='ocrx_word' id='word_1_676' title='bbox 2011 4159 2453 4296; x_wconf 53' lang='lat' dir='ltr'><strong>episfpopotmale</strong></span> <span class='ocrx_word' id='word_1_677' title='bbox 2531 4157 2750 4223; x_wconf 71' lang='lat' dir='ltr'><strong>habita,</strong></span> <span class='ocrx_word' id='word_1_678' title='bbox 2809 4161 3170 4226; x_wconf 81' lang='lat' dir='ltr'><strong>possessiones</strong></span> <span class='ocrx_word' id='word_1_679' title='bbox 3254 4163 3305 4212; x_wconf 83' lang='lat' dir='ltr'><strong>et</strong></span> <span class='ocrx_word' id='word_1_680' title='bbox 3347 4160 3640 4227; x_wconf 80' lang='lat' dir='ltr'><strong>privilegia</strong></span> 
     </span>
     <span class='ocr_line' id='line_1_103' title="bbox 2013 4244 2313 4282; baseline -0.01 0"><span class='ocrx_word' id='word_1_681' title='bbox 2013 4244 2109 4282; x_wconf 88' lang='lat' dir='ltr'><strong>con</strong></span> <span class='ocrx_word' id='word_1_682' title='bbox 2150 4244 2270 4281; x_wconf 81' lang='lat' dir='ltr'><strong>rma</strong></span> <span class='ocrx_word' id='word_1_683' title='bbox 2303 4268 2313 4279; x_wconf 93' lang='lat'><strong>.</strong></span> 
     </span>
    </p>
   </div>
   <div class='ocr_carea' id='block_1_103' title="bbox 2581 4313 2994 4382">
    <p class='ocr_par' dir='ltr' id='par_1_103' title="bbox 2581 4313 2994 4382">
     <span class='ocr_line' id='line_1_104' title="bbox 2581 4313 2994 4382; baseline 0.007 -17"><span class='ocrx_word' id='word_1_684' title='bbox 2581 4313 2768 4382; x_wconf 84' lang='lat' dir='ltr'><strong>(Anno</strong></span> <span class='ocrx_word' id='word_1_685' title='bbox 2812 4316 2945 4367; x_wconf 77' lang='grc'><strong>1013</strong></span> <span class='ocrx_word' id='word_1_686' title='bbox 2975 4316 2994 4380; x_wconf 92' lang='grc'>)</span> 
     </span>
    </p>
   </div>
   <div class='ocr_carea' id='block_1_104' title="bbox 2302 4399 3273 4472">
    <p class='ocr_par' dir='ltr' id='par_1_104' title="bbox 2302 4399 3273 4472">
     <span class='ocr_line' id='line_1_105' title="bbox 2302 4399 3273 4472; baseline 0 -17"><span class='ocrx_word' id='word_1_687' title='bbox 2302 4399 2571 4471; x_wconf 88' lang='lat' dir='ltr'><strong>[Ughelli,</strong></span> <span class='ocrx_word' id='word_1_688' title='bbox 2604 4402 2769 4454; x_wconf 77' lang='lat' dir='ltr'><strong>Italia</strong></span> <span class='ocrx_word' id='word_1_689' title='bbox 2790 4416 2969 4467; x_wconf 84' lang='lat' dir='ltr'><strong>sacra,</strong></span> <span class='ocrx_word' id='word_1_690' title='bbox 3000 4402 3087 4463; x_wconf 86' lang='lat' dir='ltr'><strong>IV,</strong></span> <span class='ocrx_word' id='word_1_691' title='bbox 3127 4399 3273 4472; x_wconf 66' lang='lat'><strong>438.]</strong></span> 
     </span>
    </p>
   </div>
   <div class='ocr_carea' id='block_1_105' title="bbox 2018 4488 3645 4558">
    <p class='ocr_par' dir='ltr' id='par_1_105' title="bbox 2018 4488 3645 4558">
     <span class='ocr_line' id='line_1_106' title="bbox 2018 4488 3645 4558; baseline -0.001 -14"><span class='ocrx_word' id='word_1_692' title='bbox 2018 4492 2079 4545; x_wconf 91' lang='lat' dir='ltr'><strong>In</strong></span> <span class='ocrx_word' id='word_1_693' title='bbox 2137 4488 2376 4543; x_wconf 92' lang='lat' dir='ltr'><strong>nomine</strong></span> <span class='ocrx_word' id='word_1_694' title='bbox 2432 4492 2649 4541; x_wconf 88' lang='lat' dir='ltr'><strong>sancta</strong></span> <span class='ocrx_word' id='word_1_695' title='bbox 2674 4493 2729 4541; x_wconf 89' lang='lat' dir='ltr'><strong>et</strong></span> <span class='ocrx_word' id='word_1_696' title='bbox 2772 4488 3087 4543; x_wconf 86' lang='lat' dir='ltr'><strong>individua</strong></span> <span class='ocrx_word' id='word_1_697' title='bbox 3137 4488 3449 4558; x_wconf 89' lang='lat' dir='ltr'><strong>Trinitatis,</strong></span> <span class='ocrx_word' id='word_1_698' title='bbox 3506 4491 3645 4544; x_wconf 67' lang='lat' dir='ltr'><strong>Hnn-</strong></span> 
     </span>
    </p>
   </div>
   <div class='ocr_carea' id='block_1_106' title="bbox 1945 4575 3139 4645">
    <p class='ocr_par' dir='ltr' id='par_1_106' title="bbox 1945 4575 3139 4645">
     <span class='ocr_line' id='line_1_107' title="bbox 1945 4575 3139 4645; baseline -0.002 -11"><span class='ocrx_word' id='word_1_699' title='bbox 1945 4594 2120 4643; x_wconf 80' lang='lat' dir='ltr'><strong>mcus,</strong></span> <span class='ocrx_word' id='word_1_700' title='bbox 2153 4576 2347 4631; x_wconf 90' lang='lat' dir='ltr'><strong>divina</strong></span> <span class='ocrx_word' id='word_1_701' title='bbox 2370 4575 2599 4629; x_wconf 86' lang='lat' dir='ltr'><strong>favente</strong></span> <span class='ocrx_word' id='word_1_702' title='bbox 2645 4576 2970 4645; x_wconf 88' lang='lat' dir='ltr'><strong>clementia,</strong></span> <span class='ocrx_word' id='word_1_703' title='bbox 3022 4593 3139 4633; x_wconf 88' lang='lat' dir='ltr'><strong>rex.</strong></span> 
     </span>
    </p>
   </div>
   <div class='ocr_carea' id='block_1_107' title="bbox 2016 4663 3642 4735">
    <p class='ocr_par' dir='ltr' id='par_1_107' title="bbox 2016 4663 3642 4735">
     <span class='ocr_line' id='line_1_108' title="bbox 2016 4663 3642 4735; baseline -0.001 -14"><span class='ocrx_word' id='word_1_704' title='bbox 2016 4663 2288 4735; x_wconf 89' lang='lat' dir='ltr'><strong>Congruit</strong></span> <span class='ocrx_word' id='word_1_705' title='bbox 2316 4663 2667 4718; x_wconf 87' lang='lat' dir='ltr'><strong>excellentia</strong></span> <span class='ocrx_word' id='word_1_706' title='bbox 2697 4670 2911 4719; x_wconf 89' lang='lat' dir='ltr'><strong>nostra</strong></span> <span class='ocrx_word' id='word_1_707' title='bbox 2944 4663 3292 4720; x_wconf 87' lang='lat' dir='ltr'><strong>venerabilia</strong></span> <span class='ocrx_word' id='word_1_708' title='bbox 3321 4672 3642 4720; x_wconf 88' lang='lat' dir='ltr'><strong>sanctorum</strong></span> 
     </span>
    </p>
   </div>
   <div class='ocr_carea' id='block_1_108' title="bbox 1945 4751 3645 4824">
    <p class='ocr_par' dir='ltr' id='par_1_108' title="bbox 1945 4751 3645 4824">
     <span class='ocr_line' id='line_1_109' title="bbox 1945 4751 3645 4824; baseline -0.001 -15"><span class='ocrx_word' id='word_1_709' title='bbox 1945 4756 2067 4809; x_wconf 93' lang='lat' dir='ltr'><strong>loca</strong></span> <span class='ocrx_word' id='word_1_710' title='bbox 2096 4754 2307 4808; x_wconf 88' lang='lat' dir='ltr'><strong>intuitu</strong></span> <span class='ocrx_word' id='word_1_711' title='bbox 2336 4751 2566 4823; x_wconf 88' lang='lat' dir='ltr'><strong>pietatis</strong></span> <span class='ocrx_word' id='word_1_712' title='bbox 2627 4753 2934 4822; x_wconf 86' lang='lat' dir='ltr'><strong>respicere,</strong></span> <span class='ocrx_word' id='word_1_713' title='bbox 2999 4760 3173 4824; x_wconf 87' lang='lat' dir='ltr'><strong>atque</strong></span> <span class='ocrx_word' id='word_1_714' title='bbox 3232 4770 3306 4807; x_wconf 92' lang='lat' dir='ltr'><strong>ne</strong></span> <span class='ocrx_word' id='word_1_715' title='bbox 3335 4754 3481 4807; x_wconf 92' lang='lat' dir='ltr'><strong>inibi</strong></span> <span class='ocrx_word' id='word_1_716' title='bbox 3530 4755 3645 4808; x_wconf 92' lang='lat' dir='ltr'><strong>Deo</strong></span> 
     </span>
    </p>
   </div>
   <div class='ocr_carea' id='block_1_109' title="bbox 1946 4840 3651 4911">
    <p class='ocr_par' dir='ltr' id='par_1_109' title="bbox 1946 4840 3651 4911">
     <span class='ocr_line' id='line_1_110' title="bbox 1946 4840 3651 4911; baseline -0.001 -14"><span class='ocrx_word' id='word_1_717' title='bbox 1946 4844 2255 4898; x_wconf 89' lang='lat' dir='ltr'><strong>servientes</strong></span> <span class='ocrx_word' id='word_1_718' title='bbox 2287 4841 2540 4911; x_wconf 87' lang='lat' dir='ltr'><strong>aliquam</strong></span> <span class='ocrx_word' id='word_1_719' title='bbox 2577 4840 2851 4910; x_wconf 89' lang='lat' dir='ltr'><strong>iujuriam</strong></span> <span class='ocrx_word' id='word_1_720' title='bbox 2910 4842 3230 4911; x_wconf 89' lang='lat' dir='ltr'><strong>patiantur,</strong></span> <span class='ocrx_word' id='word_1_721' title='bbox 3259 4842 3481 4896; x_wconf 90' lang='lat' dir='ltr'><strong>solicita</strong></span> <span class='ocrx_word' id='word_1_722' title='bbox 3520 4858 3651 4896; x_wconf 89' lang='lat' dir='ltr'><strong>con-</strong></span> 
     </span>
    </p>
   </div>
   <div class='ocr_carea' id='block_1_110' title="bbox 1948 4928 3647 5001">
    <p class='ocr_par' dir='ltr' id='par_1_110' title="bbox 1948 4928 3647 5001">
     <span class='ocr_line' id='line_1_111' title="bbox 1948 4928 3647 5001; baseline -0.001 -15"><span class='ocrx_word' id='word_1_723' title='bbox 1948 4931 2303 4986; x_wconf 88' lang='lat' dir='ltr'><strong>sideratione</strong></span> <span class='ocrx_word' id='word_1_724' title='bbox 2333 4928 2659 5001; x_wconf 85' lang='lat' dir='ltr'><strong>providere.</strong></span> <span class='ocrx_word' id='word_1_725' title='bbox 2704 4929 2976 4992; x_wconf 88' lang='lat' dir='ltr'><strong>Quocirca</strong></span> <span class='ocrx_word' id='word_1_726' title='bbox 3000 4930 3261 4984; x_wconf 89' lang='lat' dir='ltr'><strong>omnium</strong></span> <span class='ocrx_word' id='word_1_727' title='bbox 3308 4935 3515 4984; x_wconf 86' lang='lat' dir='ltr'><strong>sancta</strong></span> <span class='ocrx_word' id='word_1_728' title='bbox 3547 4930 3647 4984; x_wconf 89' lang='lat' dir='ltr'><strong>Dei</strong></span> 
     </span>
    </p>
   </div>
   <div class='ocr_carea' id='block_1_111' title="bbox 1952 5016 3647 5087">
    <p class='ocr_par' dir='ltr' id='par_1_111' title="bbox 1952 5016 3647 5087">
     <span class='ocr_line' id='line_1_112' title="bbox 1952 5016 3647 5087; baseline -0.001 -15"><span class='ocrx_word' id='word_1_729' title='bbox 1952 5017 2237 5083; x_wconf 84' lang='lat' dir='ltr'><strong>Ecclesia,</strong></span> <span class='ocrx_word' id='word_1_730' title='bbox 2270 5021 2714 5087; x_wconf 90' lang='lat' dir='ltr'><strong>nostrorumque</strong></span> <span class='ocrx_word' id='word_1_731' title='bbox 2753 5016 3032 5085; x_wconf 90' lang='lat' dir='ltr'><strong>ﬁdelium,</strong></span> <span class='ocrx_word' id='word_1_732' title='bbox 3090 5018 3463 5087; x_wconf 79' lang='lat' dir='ltr'><strong>prasentium</strong></span> <span class='ocrx_word' id='word_1_733' title='bbox 3497 5018 3647 5071; x_wconf 90' lang='lat' dir='ltr'><strong>scili-</strong></span> 
     </span>
    </p>
   </div>
   <div class='ocr_carea' id='block_1_112' title="bbox 1949 5104 3654 5175">
    <p class='ocr_par' dir='ltr' id='par_1_112' title="bbox 1949 5104 3654 5175">
     <span class='ocr_line' id='line_1_113' title="bbox 1949 5104 3654 5175; baseline -0.001 -15"><span class='ocrx_word' id='word_1_734' title='bbox 1949 5111 2041 5161; x_wconf 89' lang='lat' dir='ltr'><strong>cet</strong></span> <span class='ocrx_word' id='word_1_735' title='bbox 2071 5120 2135 5159; x_wconf 91' lang='lat' dir='ltr'><strong>ac</strong></span> <span class='ocrx_word' id='word_1_736' title='bbox 2166 5106 2516 5170; x_wconf 90' lang='lat' dir='ltr'><strong>futurorum,</strong></span> <span class='ocrx_word' id='word_1_737' title='bbox 2547 5106 2813 5158; x_wconf 87' lang='lat' dir='ltr'><strong>volumus</strong></span> <span class='ocrx_word' id='word_1_738' title='bbox 2854 5110 3050 5175; x_wconf 89' lang='lat' dir='ltr'><strong>pateat</strong></span> <span class='ocrx_word' id='word_1_739' title='bbox 3078 5104 3375 5159; x_wconf 84' lang='lat' dir='ltr'><strong>industria</strong></span> <span class='ocrx_word' id='word_1_740' title='bbox 3409 5106 3654 5175; x_wconf 89' lang='lat' dir='ltr'><strong>qualiter</strong></span> 
     </span>
    </p>
   </div>
   <div class='ocr_carea' id='block_1_113' title="bbox 1949 5192 3654 5264">
    <p class='ocr_par' dir='ltr' id='par_1_113' title="bbox 1949 5192 3654 5264">
     <span class='ocr_line' id='line_1_114' title="bbox 1949 5192 3654 5264; baseline -0.002 -15"><span class='ocrx_word' id='word_1_741' title='bbox 1949 5195 2378 5249; x_wconf 87' lang='lat' dir='ltr'><strong>Theoderulfus</strong></span> <span class='ocrx_word' id='word_1_742' title='bbox 2406 5192 2845 5247; x_wconf 88' lang='lat' dir='ltr'><strong>archidiaconus</strong></span> <span class='ocrx_word' id='word_1_743' title='bbox 2868 5192 3013 5264; x_wconf 89' lang='lat' dir='ltr'><strong>[pro]</strong></span> <span class='ocrx_word' id='word_1_744' title='bbox 3043 5209 3123 5257; x_wconf 85' lang='lat' dir='ltr'><strong>se,</strong></span> <span class='ocrx_word' id='word_1_745' title='bbox 3171 5198 3227 5246; x_wconf 92' lang='lat' dir='ltr'><strong>et</strong></span> <span class='ocrx_word' id='word_1_746' title='bbox 3270 5209 3375 5262; x_wconf 89' lang='lat' dir='ltr'><strong>pro</strong></span> <span class='ocrx_word' id='word_1_747' title='bbox 3433 5193 3654 5247; x_wconf 85' lang='lat' dir='ltr'><strong>cateris</strong></span> 
     </span>
    </p>
   </div>
   <div class='ocr_carea' id='block_1_114' title="bbox 1952 5280 3651 5351">
    <p class='ocr_par' dir='ltr' id='par_1_114' title="bbox 1952 5280 3651 5351">
     <span class='ocr_line' id='line_1_115' title="bbox 1952 5280 3651 5351; baseline -0.002 -15"><span class='ocrx_word' id='word_1_748' title='bbox 1952 5283 2221 5337; x_wconf 90' lang='lat' dir='ltr'><strong>omnibus</strong></span> <span class='ocrx_word' id='word_1_749' title='bbox 2282 5282 2466 5336; x_wconf 90' lang='lat' dir='ltr'><strong>eidem</strong></span> <span class='ocrx_word' id='word_1_750' title='bbox 2531 5282 2792 5337; x_wconf 87' lang='lat' dir='ltr'><strong>Ecclesia</strong></span> <span class='ocrx_word' id='word_1_751' title='bbox 2845 5280 3223 5335; x_wconf 88' lang='lat' dir='ltr'><strong>servientibus</strong></span> <span class='ocrx_word' id='word_1_752' title='bbox 3284 5281 3651 5351; x_wconf 85' lang='lat' dir='ltr'><strong>prasentiam</strong></span> 
     </span>
    </p>
   </div>
   <div class='ocr_carea' id='block_1_115' title="bbox 1952 5368 3650 5436">
    <p class='ocr_par' dir='ltr' id='par_1_115' title="bbox 1952 5368 3650 5436">
     <span class='ocr_line' id='line_1_116' title="bbox 1952 5368 3650 5436; baseline -0.001 -11"><span class='ocrx_word' id='word_1_753' title='bbox 1952 5377 2202 5425; x_wconf 88' lang='lat' dir='ltr'><strong>nostram</strong></span> <span class='ocrx_word' id='word_1_754' title='bbox 2250 5370 2563 5425; x_wconf 88' lang='lat' dir='ltr'><strong>tristissimi</strong></span> <span class='ocrx_word' id='word_1_755' title='bbox 2615 5371 2897 5436; x_wconf 87' lang='lat' dir='ltr'><strong>adierunt,</strong></span> <span class='ocrx_word' id='word_1_756' title='bbox 2969 5374 3028 5423; x_wconf 91' lang='lat' dir='ltr'><strong>et</strong></span> <span class='ocrx_word' id='word_1_757' title='bbox 3085 5368 3426 5423; x_wconf 89' lang='lat' dir='ltr'><strong>nunciantes</strong></span> <span class='ocrx_word' id='word_1_758' title='bbox 3487 5368 3650 5423; x_wconf 87' lang='lat' dir='ltr'><strong>nobis</strong></span> 
     </span>
    </p>
   </div>
   <div class='ocr_carea' id='block_1_116' title="bbox 1951 5456 3649 5527">
    <p class='ocr_par' dir='ltr' id='par_1_116' title="bbox 1951 5456 3649 5527">
     <span class='ocr_line' id='line_1_117' title="bbox 1951 5456 3649 5527; baseline -0.001 -15"><span class='ocrx_word' id='word_1_759' title='bbox 1951 5458 2187 5512; x_wconf 88' lang='lat' dir='ltr'><strong>adversa</strong></span> <span class='ocrx_word' id='word_1_760' title='bbox 2245 5473 2371 5527; x_wconf 87' lang='lat' dir='ltr'><strong>qua</strong></span> <span class='ocrx_word' id='word_1_761' title='bbox 2424 5458 2493 5512; x_wconf 88' lang='lat' dir='ltr'><strong>de</strong></span> <span class='ocrx_word' id='word_1_762' title='bbox 2575 5457 2876 5512; x_wconf 89' lang='lat' dir='ltr'><strong>territoriis</strong></span> <span class='ocrx_word' id='word_1_763' title='bbox 2942 5456 3114 5511; x_wconf 86' lang='lat' dir='ltr'><strong>rebus</strong></span> <span class='ocrx_word' id='word_1_764' title='bbox 3187 5456 3477 5510; x_wconf 83' lang='lat' dir='ltr'><strong>canonica</strong></span> <span class='ocrx_word' id='word_1_765' title='bbox 3531 5474 3649 5511; x_wconf 90' lang='lat' dir='ltr'><strong>sua</strong></span> 
     </span>
    </p>
   </div>
   <div class='ocr_carea' id='block_1_117' title="bbox 1955 5545 3651 5618">
    <p class='ocr_par' dir='ltr' id='par_1_117' title="bbox 1955 5545 3651 5618">
     <span class='ocr_line' id='line_1_118' title="bbox 1955 5545 3651 5618; baseline 0.001 -20"><span class='ocrx_word' id='word_1_766' title='bbox 1955 5563 1987 5599; x_wconf 92' lang='lat' dir='ltr'><strong>a</strong></span> <span class='ocrx_word' id='word_1_767' title='bbox 2040 5545 2387 5616; x_wconf 82' lang='lat' dir='ltr'><strong>Reginfredo</strong></span> <span class='ocrx_word' id='word_1_768' title='bbox 2477 5546 2746 5618; x_wconf 89' lang='lat' dir='ltr'><strong>episcopo</strong></span> <span class='ocrx_word' id='word_1_769' title='bbox 2779 5546 3019 5618; x_wconf 88' lang='lat' dir='ltr'><strong>aliisque</strong></span> <span class='ocrx_word' id='word_1_770' title='bbox 3073 5546 3241 5601; x_wconf 89' lang='lat' dir='ltr'><strong>malis</strong></span> <span class='ocrx_word' id='word_1_771' title='bbox 3316 5545 3651 5602; x_wconf 87' lang='lat' dir='ltr'><strong>hominibus</strong></span> 
     </span>
    </p>
   </div>
  </div>
