3944 6316
361 295 464 350 303

360 419 509 491 passi
559 419 806 482 fuerant,

361 512 670 562 oraverunt
700 513 781 569 ut,
811 511 1044 575 propter
1084 505 1402 557 remedium
1461 510 1520 557 et
1571 505 1809 557 salutem
1842 504 2050 556 animae

363 605 596 659 nostrae,
646 595 910 647 universa
943 593 1157 662 praadia
1209 599 1267 645 et
1296 609 1386 644 res
1440 593 1726 645 canonica:
1767 591 2050 645 facultatis

358 683 658 737 beatorum
689 688 1008 749 martyrum
1036 680 1339 733 Alexandri
1369 686 1536 750 atque
1585 679 1884 742 Vincentii,
1934 679 2046 732 duo

360 773 575 826 scilicet
605 778 854 823 mercata
887 770 955 822 ab
988 768 1296 823 Adelberto
1320 768 1792 822 reverendissimo
1822 773 2048 836 pastore

359 861 584 924 collata,
616 865 674 912 et
703 873 1081 927 quascumque
1112 857 1224 909 alia
1251 864 1383 909 sunt
1403 857 1474 909 ab
1502 856 1626 925 ipso
1656 855 1866 908 donata
1899 871 1911 907 :
1945 871 2050 908 nec

359 962 477 999 non
507 953 563 998 et
592 948 950 1014 omniaquae
972 943 1042 996 ab
1073 947 1262 996 Azone
1282 943 1604 995 venerando
1635 941 1926 1010 pontifice,
1949 958 2044 994 seu

361 1034 581 1088 caeteris
611 1035 746 1086 viris
779 1034 960 1086 Deum
987 1031 1320 1085 timentibus
1352 1035 1488 1082 sunt
1529 1045 1810 1094 concessa,
1844 1045 2047 1081 secun-

360 1123 498 1176 dum
522 1123 866 1175 voluntatem
892 1119 1258 1183 donatorum,
1286 1133 1387 1187 per
1420 1117 1818 1170 auctoritatem
1841 1123 2048 1169 nostrae

359 1209 706 1264 defensionis
735 1216 793 1262 et
819 1206 1092 1278 praecepti
1110 1206 1288 1258 nostri
1321 1206 1593 1275 paginam
1651 1204 1731 1257 eis
1764 1205 1929 1258 liceat
1953 1204 2050 1257 ob-

357 1299 561 1353 tinere.
593 1299 850 1363 Quorum
882 1295 1272 1365 petitionibus,
1319 1300 1382 1348 ut
1409 1294 1628 1364 justum
1688 1300 1792 1360 est,
1827 1293 2048 1346 miseri-

358 1387 606 1440 corditer
642 1389 980 1447 annuentes,
1017 1395 1120 1452 per
1171 1381 1318 1434 hanc
1372 1381 1552 1434 nostri
1582 1381 1852 1450 praecepti
1883 1379 2046 1449 pagi-

359 1489 494 1527 nam
527 1473 932 1526 confirmamus
963 1476 1019 1523 et
1049 1470 1486 1523 corroboramus
1513 1469 1614 1536 eis,
1650 1469 1802 1522 salvo
1832 1469 2048 1522 honore

358 1560 632 1630 episcopi,
667 1575 867 1613 omnes
899 1574 988 1611 res
1013 1562 1070 1610 et
1100 1558 1393 1610 facultates
1415 1558 1698 1626 praedictae
1729 1559 2044 1624 canonica},

357 1647 782 1716 sicutsuperius
813 1645 1244 1714 comprehensae
1276 1651 1435 1709 sunt;
1459 1661 1526 1698 eo
1553 1643 1816 1697 videlicet
1845 1645 2046 1697 ordine

357 1743 423 1790 ut
451 1736 660 1789 amodo
693 1735 752 1787 in
783 1741 970 1799 antea,
995 1735 1065 1786 ad
1096 1749 1262 1786 usum
1295 1739 1350 1786 et
1373 1733 1674 1786 utilitatem
1707 1738 1916 1786 sanctae
1957 1734 2047 1786 Ec-

356 1823 544 1878 clesiae
597 1821 991 1887 servientium,
1050 1827 1167 1874 tam
1227 1821 1336 1890 ipsi
1383 1837 1556 1890 quam
1588 1827 1646 1874 et
1699 1837 2049 1875 successores

356 1926 554 1966 eorum
587 1910 854 1973 habeant,
889 1914 1122 1962 teneant
1147 1908 1506 1979 ﬁrmiterque
1537 1909 1887 1978 possideant,
1919 1925 2045 1962 om-

355 2000 519 2053 nium
589 1997 893 2050 hominum
949 1997 1395 2050 contradictione
1442 2003 1498 2050 et
1553 1997 1894 2067 repetitione
1952 2013 2046 2049 re-

355 2094 526 2141 mota.
563 2085 962 2155 Praecipientes
988 2083 1205 2155 itaque
1265 2086 1550 2138 sancimus
1587 2093 1652 2138 ut
1689 2086 1881 2139 nullus
1911 2085 2044 2151 dux,

352 2173 837 2243 archiepiscopus,
901 2172 1221 2242 episcopus,
1276 2173 1553 2240 marchio,
1620 2190 1830 2241 comes,
1897 2173 2045 2227 vice-

353 2279 566 2327 comes,
598 2260 876 2330 gastaldio
923 2276 1027 2314 nec
1085 2262 1234 2314 ullus
1281 2261 1608 2331 reipublicze
1666 2269 1913 2328 exactor,
1945 2277 2047 2315 seu

351 2351 546 2420 aliqua
570 2350 736 2418 regni
762 2349 940 2402 nostri
994 2365 1205 2418 magna
1252 2366 1537 2419 parvaque
1604 2366 1849 2419 persona
1903 2366 2048 2420 pra:-

353 2439 530 2492 dictos
593 2436 922 2504 canonicos,
959 2438 1049 2490 vel
1096 2453 1446 2490 successores
1493 2453 1716 2503 eorum,
1793 2437 1894 2508 qui
1939 2455 2044 2507 pro

349 2533 606 2597 tempore
663 2525 736 2578 ad
767 2524 1002 2594 praefata
1067 2525 1482 2578 venerab‘ilium
1534 2531 1860 2579 sanctorum
1921 2527 2045 2580 loca

351 2615 468 2669 Deo
499 2614 762 2668 servituri
781 2619 933 2680 sunt,
964 2613 1034 2666 de
1058 2613 1457 2683 suprascriptis
1493 2614 1662 2666 rebus
1726 2614 2040 2681 disvestire,

352 2704 671 2768 molestare,
706 2702 794 2754 vel
822 2701 1140 2771 inquietare
1189 2707 1517 2771 praesumat.
1569 2701 1626 2755 Si
1687 2701 1816 2771 quis
1885 2718 2042 2771 vero,

350 2792 505 2862 quod
533 2791 792 2844 futurum
829 2807 942 2842 non
975 2791 1278 2857 credimus,
1337 2790 1511 2859 hujus
1567 2797 1778 2844 nostrae
1833 2806 2044 2860 praece-

349 2879 561 2948 ptionis
626 2879 866 2931 violator
915 2878 1187 2942 extiterit,
1237 2877 1376 2931 sciat
1451 2895 1511 2931 se
1589 2878 2040 2948 compositurum

1658 290 1713 347 S.
1758 288 2052 346 HENRICI
2095 286 2570 345 IMPERATORIS

901 414 1349 470 misericordiam
1429 420 1688 468 nostram
1761 414 2045 485 supplices
2082 416 2127 467 Α
2158 413 2364 478 bendo,
2396 410 2666 466 familiari
2695 407 3088 480 compassione
3117 406 3666 462 condescendamus.
3717 407 3861 460 Nam

3757 285 3865 338 304

2159 501 2226 570 si,
2262 501 2566 572 qualitates
2595 498 2967 552 servientium
2993 498 3158 550 nobis
3204 497 3315 567 piae
3354 494 3725 551 discrecionis
3766 495 3863 547 in-

2157 591 2307 644 tuitu
2333 589 2738 652 examinantes,
2764 586 3075 656 unicuique
3097 604 3201 656 pro
3217 585 3490 656 qualitate
3515 584 3861 637 meritorum

2157 693 2591 747 recompensare
2648 675 3057 736 studuerimus,
3153 674 3408 728 debitum
3476 671 3860 743 persolvendo

2158 767 2517 820 Dominicum
2574 771 2924 835 praeceptum
2971 763 3302 834 implemus,
3339 767 3397 816 et
3451 761 3857 815 excellentiam

2160 855 2336 920 regiae
2366 853 2679 924 dignitatis.

2226 945 2253 971 *
2275 942 2516 996 Studere
2575 940 2844 1005 vidimus,
2899 939 3187 1010 quandam
3219 942 3432 991 cortem
3463 941 3675 991 uestrae
3707 953 3852 1007 pro-

2156 1029 2417 1100 prietatis
2487 1029 2880 1082 Berneshuson
2932 1029 3164 1093 dictam,
3223 1027 3284 1080 in
3333 1042 3479 1096 pago
3533 1026 3723 1095 Lisga,
3785 1024 3850 1079 in

2155 1119 2428 1172 comitatu
2480 1117 2691 1172 Udonis
2735 1116 2922 1181 sitam,
2947 1132 3122 1186 quam
3173 1115 3243 1169 ab
3303 1115 3586 1168 Unevvano
3620 1115 3862 1167 Bremo-

2156 1223 2332 1261 nense
2365 1206 2792 1275 archiepiscopo
2833 1205 3082 1258 donante
3147 1220 3251 1274 per
3289 1203 3628 1258 advocatum
3688 1218 3861 1256 suum

2158 1296 2411 1350 Udonem
2445 1294 2658 1364 absque
2711 1293 2869 1346 omni
2912 1292 3367 1345 contradictione
3427 1291 3688 1360 legitima
3742 1294 3862 1342 tra-

2157 1383 2373 1437 ditione
2404 1381 2746 1452 accepimus,
2780 1387 2990 1434 sanctas
3043 1379 3544 1434 Paderbrunnensi
3599 1377 3860 1431 ecclesia:

2155 1471 2214 1525 in
2247 1473 2466 1526 honore
2497 1476 2705 1523 sanctae
2738 1469 2836 1523 Dei
2864 1469 3157 1540 genitricis
3189 1468 3376 1522 Marias
3405 1472 3859 1536 sanctorumque

2159 1560 2370 1614 Kiliani
2400 1559 2650 1614 martiris
2706 1564 2764 1612 et
2823 1557 3032 1612 Liborii
3088 1557 3432 1612 confessoris
3477 1561 3855 1620 consecratas,

2158 1665 2262 1718 pro
2295 1648 2550 1702 remedio
2594 1648 2920 1700 animarum
2946 1647 3093 1700 divae
3147 1645 3443 1699 memoriae
3473 1643 3697 1698 Ottonis
3731 1642 3853 1695 im-

2159 1736 2436 1808 peratoris
2477 1734 2640 1789 tercii
2700 1734 2942 1788 senioris
2996 1735 3212 1787 scilicet
3244 1733 3445 1800 nostri,
3474 1731 3858 1802 omniumque

2159 1832 2462 1896 parentum
2486 1828 2830 1889 nostrorum,
2867 1823 3037 1876 simul
3064 1839 3128 1875 ac
3157 1821 3541 1876 dilectissimae
3587 1820 3856 1890 conjugis

2157 1918 2388 1978 nostrae,
2413 1917 2469 1966 et
2505 1911 2807 1965 stabilitate
2837 1910 3022 1979 regni,
3065 1909 3448 1981 proprietario
3486 1909 3619 1978 jure
3647 1925 3856 1961 conce-

2157 2001 2347 2054 dimus
2389 2015 2520 2052 cum
2572 1999 2837 2051 omnibus
2868 1998 3326 2068 appertinentiis,
3373 1997 3566 2055 rebus.
3615 1996 3854 2051 territo-

2155 2089 2274 2156 riis,
2307 2086 2476 2153 villis,
2521 2085 2822 2155 mancipiis
2855 2087 3153 2156 utriusque
3211 2102 3400 2150 sexus,
3441 2084 3620 2151 silvis,
3675 2101 3852 2138 vena-

2155 2173 2430 2240 tionibus,
2470 2171 2635 2243 aquis
2661 2188 3012 2242 aquarumve
3065 2173 3421 2240 decursibus,
3481 2173 3854 2238 molendinis,

2154 2259 2586 2331 piscationibus,
2638 2258 2742 2311 viis
2800 2267 2858 2312 et
2895 2259 3082 2325 inviis,
3137 2259 3382 2312 exitibus
3431 2264 3490 2312 et
3546 2260 3856 2329 reditibus,

2156 2348 2332 2419 pratis
2359 2353 2414 2401 et
2444 2347 2686 2418 pascuis,
2739 2352 2795 2400 et
2841 2363 2972 2400 cum
3012 2347 3282 2401 omnibus
3314 2347 3603 2417 acquisitis
3648 2348 3741 2401 vel
3773 2348 3857 2402 in-

2153 2437 2478 2508 quirendis;
2529 2452 2597 2490 ea
2662 2436 2885 2489 ratione
2934 2440 2997 2490 ut
3065 2436 3501 2506 prenominatus
3549 2436 3855 2508 episcopus

2153 2526 2390 2596 ejusque
2443 2539 2790 2578 successores
2822 2523 3066 2578 liberam
3113 2530 3451 2594 potestatem
3506 2524 3565 2578 in
3589 2526 3854 2594 ejusdem

2153 2615 2402 2668 ecclesiae
2433 2613 2742 2666 utilitatem
2801 2613 3059 2665 vertendi
3091 2613 3353 2666 habeant.
3388 2613 3445 2666 Si
3498 2612 3625 2683 quis
3656 2619 3854 2667 autem

2151 2703 2212 2756 in
2237 2707 2554 2772 posterum,
2585 2700 2739 2771 quod
2771 2698 2944 2753 absit!
2981 2700 3260 2770 prefatam
3289 2702 3584 2754 ecclesiam
3613 2701 3854 2772 inquie-

2151 2796 2272 2844 tare
2304 2791 2608 2844 contendat
2662 2789 2734 2843 de
2781 2789 2995 2842 eisdem
3029 2789 3261 2859 prediis,
3310 2796 3589 2861 perpetuo
3617 2791 3856 2843 anathe-

2152 2886 2303 2933 mate
2354 2879 2787 2932 condemnetur.
2837 2879 3078 2947 Insuper
3131 2893 3160 2931 c
3197 2878 3372 2932 libras
3441 2878 3568 2932 auri
3644 2879 3852 2948 optimi

349 2967 522 3020 libras
549 2972 777 3019 centum
807 2965 930 3019 auri
991 2965 1214 3035 optimi,
1275 2963 1640 3018 medietatem
1697 2966 1912 3020 scilicet
1955 2985 2041 3022 ca-
2071 2971 2112 3026 C
2151 2971 2478 3037 componat,
2506 2965 2925 3020 dimidietatem
2963 2967 3139 3036 regiae
3167 2981 3429 3031 camerae,
3461 2971 3517 3020 et
3564 2966 3853 3036 reliquam

348 3071 523 3108 merae
583 3060 810 3121 nosti-re,
873 3060 930 3106 et
973 3053 1305 3106 memoratis
1348 3053 1638 3107 canonicis
1695 3055 1784 3107 vel
1837 3073 2039 3112 eorum

349 3142 766 3197 successoribus
819 3143 1076 3195 alteram.
1113 3141 1276 3205 Quod
1308 3147 1371 3194 ut
1401 3141 1588 3194 verius
1616 3142 1897 3208 credatur,
1946 3145 2036 3199 di-

349 3229 736 3300 ligentiusque
774 3229 844 3283 ab
872 3230 1143 3283 omnibus
1182 3231 1534 3295 observetur,
1558 3231 1666 3283 hoc
1686 3239 2037 3302 praeceptum

351 3319 485 3372 inde
514 3317 924 3387 conscriptum,
973 3333 1146 3371 manu
1209 3319 1444 3388 propria
1493 3319 1920 3387 contirmantes,
1961 3323 2036 3376 si-

351 3406 474 3477 gilli
497 3407 680 3459 nostri
731 3407 1112 3475 impressione
1137 3407 1412 3476 jussimus
1434 3407 1728 3476 insigniri.

419 3493 644 3558 Signum
664 3495 724 3547 D.
764 3495 984 3548 Henrici
1010 3495 1154 3560 regis
1184 3495 1549 3547 invictissimi.

417 3581 692 3634 Henricus
738 3581 857 3633 vice
941 3581 1206 3634 Everardi
1265 3581 1519 3651 episcopi
1575 3587 1633 3636 et
1694 3581 2038 3653 archicapel-

351 3669 470 3722 lani
491 3669 838 3737 recognovit.

419 3761 621 3809 Actum
654 3772 807 3808 anno
856 3755 1263 3809 incarnationis
1320 3756 1630 3811 Dominicze
1689 3759 1845 3823 t0l3,
1887 3759 2037 3812 indi-

348 3841 536 3896 ctione
567 3842 887 3909 undecima,
931 3859 1082 3896 anno
1125 3857 1256 3896 vero
1313 3842 1538 3897 domini
1590 3847 1818 3899 llenrici
1884 3848 2036 3916 regis

346 3930 597 3997 secundi,
625 3931 917 3999 regnantis
952 3946 1026 3984 x1.

417 4025 618 4073 Actum
647 4018 1062 4088 Magedeburch
1083 4017 1342 4074 feliciter.
1379 4023 1582 4075 Amen.

1119 4124 1288 4179 LXIX.

345 4213 402 4267 S.
453 4211 724 4266 Henricus
776 4214 1025 4267 Ecclesiae
1066 4213 1494 4267 Paderbornensi
1541 4219 1782 4270 curtuem
1821 4215 2031 4272 Berne-

944 4285 1144 4337 shuson
1173 4285 1428 4338 concedit.

979 4372 1164 4442 (Auno
1205 4373 1384 4442 l0l3.)

629 4456 778 4529 [Cod.
803 4459 1026 4528 diplom.
1067 4463 1212 4515 Hist.
1256 4461 1521 4529 Westph.,
1551 4477 1608 4531 p.
1636 4461 1747 4531 62.}

411 4547 480 4602 C.
543 4548 610 4600 In
671 4548 901 4600 nomine
967 4555 1176 4602 sanctae
1251 4554 1307 4602 et
1352 4549 1665 4604 individuze
1720 4551 2028 4620 Trinitatis,

342 4634 665 4700 HEINRICUS,
708 4633 902 4686 divina
934 4635 1155 4688 favente
1186 4636 1515 4703 clementia,
1556 4653 1672 4690 rex.

411 4723 694 4787 Quoniam
740 4722 942 4776 divinae
994 4723 1387 4792 dispositionis
1421 4726 1782 4793 providentia
1812 4743 1915 4781 nos
1954 4729 2024 4783 ad

339 4827 627 4865 summum
660 4809 989 4879 reipublicae
1043 4812 1272 4864 culmen
1314 4813 1628 4882 regendum
1659 4815 1916 4883 provexit
1971 4822 2029 4870 et

337 4899 691 4954 universitati
726 4899 1059 4963 multorum,
1134 4899 1396 4968 quamvis
1448 4900 1655 4954 merito
1703 4902 2026 4972 inferiores,

336 4993 528 5041 tamen
581 4985 962 5040 cminentiore
1045 4987 1292 5056 quadam
1357 4988 1607 5040 nominis
1648 4991 2027 5060 praerogativa

336 5090 580 5145 prmesse
655 5073 953 5142 disposuit,
997 5073 1140 5142 ejus,
1175 5073 1338 5143 cujus
1378 5075 1771 5131 misericordia
1826 5095 2025 5132 sumus

337 5162 645 5228 sublimali,
670 5162 725 5215 in
785 5162 1052 5216 omnibus
1099 5169 1324 5232 oportet
1352 5164 1584 5219 obedire
1604 5167 1928 5236 praeceptis,
1962 5174 2025 5222 ut

335 5251 568 5304 utilitati
599 5251 959 5304 subditorum
1014 5252 1401 5320 providentes,
1460 5259 1674 5324 quanto
1739 5258 1866 5324 plus
1905 5272 2023 5324 prae

335 5339 553 5392 cmteris
613 5343 718 5392 sub
767 5340 954 5407 specie
1021 5339 1250 5393 honoris
1328 5342 1646 5396 ascendisse
1708 5343 2018 5410 cernimur,

331 5430 490 5480 tanto
523 5425 706 5496 magis
757 5427 995 5481 interius
1042 5427 1354 5493 humiliati,
1403 5429 1492 5483 his
1523 5429 1624 5500 qui
1678 5430 1783 5484 sub
1818 5431 2021 5486 umbra

330 5513 631 5585 regimiuis
697 5515 1042 5583 deserviunt,
1099 5516 1358 5571 debitum
1413 5517 1811 5572 retributionis
1861 5519 2018 5573 exhi-

2150 3063 2371 3127 partem
2405 3056 2592 3109 eidem
2619 3054 2868 3109 ecclesiae
2898 3070 3072 3124 quam
3102 3055 3421 3125 inquietare
3478 3055 3850 3125 presumpsit.

2151 3148 2233 3212 Et,
2267 3151 2330 3200 ut
2357 3146 2478 3200 haec
2513 3149 2725 3198 nostrae
2751 3143 3080 3197 tradicionis
3110 3144 3415 3198 auctoritas
3465 3142 3684 3197 stabilis
3727 3159 3854 3213 per-

2149 3239 2397 3301 maneat,
2424 3233 2570 3286 hanc
2598 3232 2807 3302 regalis
2836 3231 3093 3303 precepti
3129 3232 3400 3302 paginam
3441 3230 3726 3286 conscribi
3767 3247 3848 3296 ac,

2149 3341 2320 3377 manu
2357 3322 2590 3392 propria
2644 3323 3071 3387 contirmantes,
3122 3322 3311 3391 sigillo
3351 3329 3547 3375 nostro
3569 3321 3850 3391 jussimus

2145 3410 2436 3483 insigniri.

2215 3503 2447 3566 Signum
2489 3499 2674 3552 domm’
2717 3499 2962 3552 Heinrici
3025 3497 3248 3552 secundi
3304 3501 3448 3566 regis
3506 3501 3693 3574 (L.M.)
3753 3503 3847 3575 lin-

2143 3591 2449 3644 victissimi.

2217 3676 2564 3732 Guntherius
2593 3675 2965 3729 cancellarius
2995 3675 3114 3729 vice
3156 3677 3511 3732 Ercambaldi
3559 3681 3850 3754 archicap-

2143 3765 2402 3836 pellani..

2920 3851 3062 3906 LXX.

2145 3959 2202 4014 S.
2253 3959 2530 4014 Henricus
2559 3958 2818 4013 Ecclesiae
2862 3960 3345 4035 ΔΡαἄας’·ὸοθςνιρηείε
3414 3967 3714 4035 privilegia
3795 3974 3842 4021 et

2637 4030 2994 4097 possessiones
3025 4031 3328 4102 conﬁrmat.

2789 4122 2976 4186 (Anno
3014 4120 3194 4190 1014.)

2413 4203 2560 4274 [ϐοά.
2587 4205 2806 4274 diplom.
2833 4211 2977 4262 Hist.
3012 4209 3287 4276 Westph.,
3311 4225 3424 4279 pag
3442 4209 3566 4279 ‘63.]

2215 4293 2279 4346 In
2321 4293 2553 4345 nomine
2590 4300 2798 4348 sanctae
2845 4301 2904 4351 et
2937 4295 3248 4350 individua:
3301 4297 3618 4363 Trinitatis,
3671 4300 3841 4354 Ham-

2142 4394 2319 4445 aicos,
2349 4380 2536 4433 divina
2585 4381 2808 4436 favente
2853 4384 3181 4450 clementia,
3218 4384 3612 4439 Romanorum
3648 4387 3839 4459 impe-

2134 4474 2292 4522 rator
2327 4472 2638 4538 Augustus.

2204 4557 2485 4620 Quoniam
2525 4556 2734 4611 divinae
2768 4558 3163 4628 dispositionis
3213 4559 3574 4628 providentia
3622 4579 3729 4616 nos
3762 4567 3835 4620 ad

2134 4645 2445 4714 regendum
2481 4645 2660 4698 tocius
2702 4646 3030 4716 reipublicae
3073 4648 3467 4701 monarchiam
3520 4654 3838 4718 apostolica

2131 4732 2526 4787 benedictione
2567 4735 2848 4802 provexit,
2901 4741 3032 4789 ante
3065 4736 3259 4788 omnia
3291 4741 3482 4790 autem
3523 4738 3631 4791 hoc
3672 4740 3836 4796 labo-

2129 4837 2257 4874 rare
2289 4822 2561 4874 debemus
2593 4827 2674 4886 ut,
2718 4822 2818 4891 qui
2869 4839 3137 4876 coronam
3171 4824 3386 4877 terreni
3437 4825 3668 4896 imperii
3701 4847 3841 4883 con-

2131 4911 2317 4972 cessu,
2350 4912 2478 4976 post
2514 4924 2816 4963 emensum
2866 4911 3039 4981 hujus
3067 4912 3198 4965 vitae
3249 4913 3504 4982 spacium
3549 4931 3617 4969 ea
3655 4918 3836 4973 etiam

2131 4996 2391 5048 coronari
2438 4997 2729 5064 permittat
2786 5015 2915 5070 quae
2949 5016 3065 5053 non
3107 5001 3399 5054 auferatur
3438 5003 3496 5055 in
3524 5010 3833 5062 aeternum.

2130 5080 2286 5143 Quod
2318 5084 2677 5151 potissimum
2712 5085 2836 5139 fieri
2875 5087 3258 5154 decernimus,
3293 5089 3341 5142 si
3396 5091 3518 5144 loca
3564 5095 3835 5147 ecclesia-

2131 5168 2286 5224 sticis
2331 5172 2618 5244 obsequiis
2669 5175 2941 5244 deputata
2991 5184 3183 5230 nostra
3225 5179 3562 5233 auctoritate
3637 5198 3835 5237 corro-

2129 5257 2424 5322 borentur,
2459 5263 2700 5316 utomni
2743 5264 3008 5317 exteriori
3057 5265 3458 5336 inquietudine
3503 5276 3725 5323 remota
3767 5271 3833 5326 in

2127 5349 2520 5418 tranquilitate
2565 5359 2955 5420 permaneant,
2990 5355 3263 5422 quatinus
3301 5372 3499 5409 eorum
3557 5361 3830 5427 precibus

2128 5434 2464 5503 adjuvemu'r
2498 5439 2597 5507 qui
2629 5438 2706 5491 ibi
2757 5439 2850 5492 die
2895 5448 3179 5511 noctuque
3225 5443 3579 5498 orationibus
3623 5447 3681 5500 iu
3727 5448 3832 5502 Dei

2127 5523 2364 5578 servieio
2395 5542 2589 5579 vacare
2635 5527 2938 5597 debentur,
2991 5535 3047 5584 et
3095 5532 3251 5602 quod
3296 5547 3401 5602 per
3440 5548 3562 5602 nos,
3615 5539 3824 5606 utputo
