3944 6304
145 315 241 366 305
1412 312 1800 369 DIPLOMATA
1837 313 1963 371 ECC
1973 315 2380 371 LESIASTICA.

3540 320 3643 374 306

141 431 500 503 consciencia
530 430 757 503 trepidi,
782 447 1023 502 querere
1044 448 1161 486 non
1194 433 1616 503 prmsumimus,
1646 440 1852 488 sanctae
1883 437 1927 490 A
1965 435 2025 490 in
2055 437 2181 490 loco
2214 437 2555 491 Porcariana
2592 436 2739 490 dicto
2794 439 3122 504 constructi,
3154 443 3362 494 nostra:
3413 440 3645 510 pietatis

140 523 237 575 Dei
275 521 540 575 Ecclesiae
599 521 968 576 servientium
1024 522 1119 591 pia
1176 522 1581 576 intercessione
1649 523 1839 591 impe-

138 615 379 663 tremus.
444 610 801 679 Quapropter
831 609 1186 663 universitati
1221 611 1475 664 ﬁdelium
1515 617 1842 666 nostrorum

136 704 335 764 patere
365 699 633 751 volumus
682 697 928 767 qualiter
983 699 1442 768 Megenuvercus,
1491 701 1839 753 Paterbrun-

135 787 338 840 nensis
388 787 646 840 Ecclesiae
720 787 1059 840 venerabilis
1119 787 1441 855 episcopus,
1506 804 1608 857 pro
1662 789 1841 841 eccle-

134 875 366 928 siastica
424 874 670 928 utilitate
703 874 949 937 arduum
1003 875 1254 927 laborem
1286 891 1606 944 aggressus,
1647 876 1838 929 nobis-

136 980 270 1031 cum
330 963 534 1017 limina
595 964 891 1016 beatorum
954 964 1339 1033 apostolorum
1392 964 1543 1017 Petri
1597 969 1652 1016 et
1681 963 1841 1017 Pauli

134 1053 231 1123 pia
293 1051 618 1104 intentione
695 1051 977 1121 quaesivit,
1040 1051 1245 1104 devote
1305 1052 1725 1120 supplicaturus
1779 1057 1842 1105 ut

139 1141 390 1195 Ecclesia
419 1139 510 1192 cui
544 1138 666 1207 ipse
715 1138 983 1208 pastorali
1022 1154 1158 1192 cura
1208 1139 1494 1208 prazsidet,
1551 1138 1609 1192 in
1643 1139 1841 1209 primis

137 1227 474 1296 apostolica,
511 1227 716 1281 deinde
773 1231 966 1279 nostra
995 1226 1282 1295 imperiali
1314 1227 1652 1280 auctoritate
1708 1243 1838 1279 cor-

137 1319 467 1380 roboretur,
492 1332 595 1385 pro
621 1333 688 1369 eo
720 1316 968 1370 maxime
996 1315 1153 1386 quia,
1185 1317 1417 1386 quando
1468 1316 1705 1368 ecclesia
1732 1316 1842 1369 fuit

134 1411 524 1465 concremata,
566 1404 761 1457 omnia
806 1404 1066 1472 ejusdem
1125 1404 1376 1457 ecclesias
1428 1410 1716 1473 praecepta
1753 1409 1839 1457 at-

135 1509 251 1564 que
308 1491 612 1563 privilegia
654 1491 921 1545 incendio
960 1491 1277 1560 perierunt.
1338 1492 1510 1562 Cujus
1554 1492 1836 1561 petitioni,

134 1582 279 1651 quia
355 1580 711 1634 rationabilis
794 1580 1041 1646 videtur,
1116 1580 1360 1650 gratuito
1435 1582 1837 1648 adsentientes,

131 1668 424 1739 quidquid
454 1669 655 1721 eadem
676 1668 907 1721 ecclesia
937 1683 1040 1737 per
1071 1668 1352 1737 justitiam
1384 1668 1641 1722 obtinere
1672 1669 1837 1723 debet
1874 1708 1914 1761 Β

132 1762 565 1809 antecessorum
599 1761 932 1809 nostrorum
978 1757 1061 1809 vel
1098 1762 1288 1809 nostra
1337 1755 1647 1823 oblatione,
1679 1762 1841 1809 caete-

135 1844 335 1915 risque
394 1843 660 1898 fidelibus
720 1843 802 1897 ibi
855 1845 1124 1898 collatum
1157 1844 1217 1896 in
1267 1845 1460 1907 rebus,
1510 1845 1837 1911 territoriis,

133 1934 224 1987 vel
278 1932 340 1986 in
399 1932 766 1986 comitatibus
822 1948 887 1985 ac
932 1932 1214 1996 districtu,
1260 1934 1346 1986 vel
1401 1932 1838 2004 quibuscunque

132 2021 505 2084 utensilibus,
552 2037 617 2073 ac
671 2020 941 2090 quicquid
996 2020 1118 2090 ipse
1170 2021 1471 2091 episcopus
1532 2021 1838 2091 praedictus

132 2110 580 2178 Megennvercus
628 2112 698 2161 de
753 2125 853 2161 sua
907 2108 1236 2163 haereditate
1293 2109 1372 2162 ibi
1426 2109 1692 2174 contulit,
1749 2112 1837 2164 vel

130 2198 368 2251 aliunde
401 2213 504 2266 per
531 2197 1045 2251 commutationem
1083 2202 1184 2250 aut
1222 2197 1535 2267 precariam
1580 2198 1840 2267 legaliter

130 2286 466 2357 adquisivit,
506 2287 695 2339 denuo
726 2285 917 2339 stabili
946 2286 1101 2339 dono
1158 2286 1526 2339 concedimus
1564 2291 1620 2339 et
1649 2288 1834 2355 impe-

130 2376 264 2429 riali
297 2376 637 2429 auctoritate
686 2374 1109 2429 conﬁrmamus.
1148 2375 1205 2430 Si
1238 2376 1366 2445 quis
1414 2379 1605 2428 autem
1630 2381 1836 2429 nostrae

131 2464 594 2519 confirmationis
628 2465 872 2518 edictum
905 2463 1143 2516 ulterius
1183 2464 1374 2534 aliqua
1405 2464 1835 2533 presumptioue

130 2554 453 2623 infringere
525 2552 907 2622 temptaverit,
967 2556 1196 2606 centum
1264 2552 1542 2605 librarum
1585 2552 1711 2604 auri
1763 2552 1832 2605 ad

132 2647 401 2694 nostrum
450 2641 675 2711 pondus
719 2639 1139 2709 compositione
1200 2640 1495 2707 multetur,
1544 2655 1608 2692 ac
1663 2639 1834 2692 dimi-

131 2730 297 2783 dium
366 2745 604 2783 cameras
675 2733 884 2781 nostrae
951 2728 1258 2797 persolvat,
1346 2727 1634 2796 reliquum
1701 2744 1833 2781 vero

131 2819 323 2871 eidem
384 2817 655 2883 ecclesiae,
708 2832 879 2886 quam
942 2814 1246 2869 temerarie
1299 2814 1623 2884 inquietare
1680 2831 1834 2884 prm-

132 2904 403 2973 sumpsit.
467 2905 552 2969 Et,
602 2908 662 2957 ut
706 2904 825 2956 haec
878 2902 1235 2955 conﬁrmatio
1290 2918 1394 2971 per
1450 2902 1833 2955 successiones

1950 525 2311 578 clementiam
2372 530 2427 578 et
2464 525 2906 579 misericorditer
2954 527 3184 591 adiisse,
3237 533 3540 597 quatenus,
3571 529 3645 582 ob

1951 619 2178 666 eterna
2208 614 2689 666 remunerationis
2719 615 3044 684 prtemium,
3079 622 3403 686 nostrreque
3436 617 3643 670 animae

1952 701 2295 767 remedium,
2328 702 2449 770 jam
2510 702 2725 755 dictum
2788 704 3201 756 monasterium
3236 705 3295 756 in
3349 705 3643 758 cacumine

1951 789 2164 841 montis
2194 789 2369 842 situm
2401 795 2593 842 nostra
2640 792 2967 860 praeceptali
3024 792 3362 845 auctoritate
3415 798 3471 844 et
3527 798 3641 846 sta-

1949 876 2168 930 bilitate
2221 877 2721 930 corroboraremus
2778 886 2836 932 et
2892 879 3381 933 conﬁrmaremus.
3442 881 3644 950 Cujus-

1951 982 2061 1036 que
2088 966 2261 1018 sacris
2292 966 2577 1034 precibus,
2610 982 2706 1036 spe
2765 967 2943 1019 futuri
2993 969 3365 1021 emolumenti
3412 969 3643 1038 prospi—

1950 1056 2162 1107 cientes
2209 1059 2381 1123 atque
2409 1054 2681 1117 faventes,
2726 1055 3087 1124 propositum
3137 1057 3457 1110 coenobium
3513 1073 3643 1111 cum

1948 1142 2187 1211 Alpibus
2216 1146 2273 1193 et
2327 1141 2594 1195 omnibus
2623 1142 2800 1206 silvis,
2854 1143 3092 1212 campis,
3148 1144 3423 1210 aediﬁciis,
3475 1152 3640 1198 caete-

1950 1227 2143 1297 risque
2193 1228 2547 1298 appendiciis
2612 1244 2716 1296 per
2774 1229 2884 1282 tria
2957 1230 3223 1283 milliaria
3290 1232 3350 1284 in
3402 1231 3640 1285 circuitu

1949 1314 2129 1384 ipsius
2177 1332 2242 1369 ex
2302 1316 2461 1369 omni
2504 1321 2664 1385 parte
2718 1317 2937 1386 positis,
2979 1334 3077 1370 seu
3126 1333 3255 1371 cum
3296 1320 3527 1373 castello
3586 1325 3641 1372 et

1950 1409 2103 1457 corte
2131 1405 2201 1458 de
2256 1404 2539 1469 Clavasce,
2592 1421 2763 1475 quam
2811 1406 2929 1474 Ugo
2966 1406 3218 1459 marchio
3250 1408 3320 1460 ad
3373 1408 3640 1460 eumdem

1951 1497 2206 1545 sanctum
2240 1497 2295 1545 et
2322 1493 2706 1546 venerabilem
2742 1494 2923 1547 locum
2949 1510 3051 1562 pro
3082 1511 3199 1547 suae
3227 1494 3431 1549 animas
3454 1511 3641 1548 reme-

1951 1579 2044 1633 dio
2072 1580 2226 1634 dedit
2255 1586 2312 1634 et
2366 1581 2599 1634 tradidit
2626 1598 2757 1634 cum
2815 1583 3082 1635 omnibus
3112 1582 3228 1635 suis
3278 1583 3641 1652 pertinentiis

1953 1668 2150 1722 ch'arta
2203 1669 2452 1739 propriae
2496 1670 2843 1734 donationis,
2903 1676 3072 1740 atque
3101 1671 3420 1736 Castaneto,
3453 1671 3638 1735 Cacia,

1954 1757 2286 1815 Breteneso:
2362 1758 2597 1810 Villarez
2660 1774 2787 1827 qum
2836 1758 3044 1812 dicitur
3100 1760 3360 1824 Castello,
3421 1760 3638 1823 Curtes,

1950 1844 2232 1907 Maliasco,
2290 1845 2616 1911 Sablonem,
2667 1848 3000 1915 ueterisque
3047 1847 3217 1900 rebus
3251 1863 3392 1917 quas
3433 1847 3642 1901 Ardui—

1948 1948 2055 1985 nus
2079 1932 2331 1986 marchio
2363 1932 2517 1986 filius
2542 1933 2741 1987 Otonis
2772 1933 2931 1987 dedit
2957 1935 3026 1987 ad
3076 1936 3489 1989 monasterium
3523 1937 3638 2004 iam

1945 2022 2270 2090 prmfatum,
2323 2038 2453 2074 cum
2526 2022 2766 2087 cellulis,
2808 2027 2865 2075 et
2919 2023 3188 2087 ecclesiis,
3252 2028 3307 2076 et
3361 2022 3639 2075 universis

1945 2110 2073 2162 aliis
2130 2109 2300 2162 rebus
2372 2110 2677 2163 mobilibus
2724 2116 2781 2163 et
2848 2110 3259 2173 immobilibus,
3303 2127 3429 2181 quae
3487 2126 3640 2164 nunc

1946 2197 2155 2251 habere
2194 2197 2480 2263 videntur,
2514 2204 2571 2251 et
2608 2197 2665 2250 in
2687 2199 2949 2268 sequenti
2981 2198 3196 2253 ibidem
3254 2201 3401 2254 Deus
3429 2215 3639 2269 augere

1947 2286 2207 2351 voluerit,
2240 2286 2477 2354 praefato
2516 2286 2710 2339 abbati
2741 2293 2797 2339 et
2846 2291 3057 2340 sancta:
3119 2288 3553 2356 congregationi
3578 2288 3638 2341 in

1945 2375 2144 2428 eodem
2196 2375 2316 2427 loco
2376 2375 2488 2427 Deo
2541 2375 2863 2441 famulanti,
2932 2376 3164 2446 suisque
3221 2376 3640 2430 successoribus

1945 2467 2136 2515 nostra
2188 2462 2513 2531 prteceptali
2570 2463 3033 2517 corroboratione
3098 2464 3506 2517 conﬁrmamus
3556 2470 3638 2517 at-

1945 2566 2056 2619 que
2110 2550 2306 2618 (prout
2340 2550 2490 2620 juste
2543 2555 2598 2602 et
2628 2550 2890 2619 legaliter
2937 2552 3263 2620 possumus)
3312 2552 3634 2605 stabilimus

1945 2642 2000 2690 et
2029 2638 2492 2701 corroboramus;
2555 2654 2622 2691 eo
2664 2638 2929 2691 videlicet
2992 2639 3190 2693 ordine
3236 2655 3350 2709 quo
3387 2640 3508 2708 ipse
3541 2640 3636 2693 ab-

1944 2726 2043 2779 bas
2073 2729 2129 2780 et
2183 2726 2552 2795 congregatio
2585 2726 2694 2778 sibi
2750 2727 3072 2788 commissa,
3109 2743 3460 2797 suorumque
3517 2744 3635 2781 suc-

1942 2828 2191 2866 cessores
2263 2813 2674 2866 monasterium
2732 2830 2863 2867 cum
2939 2814 3096 2867 omni
3149 2815 3477 2885 integritate
3546 2816 3635 2868 in—

1946 2900 2222 2954 trinsecus
2264 2906 2321 2954 et
2365 2901 2713 2955 extrinsecus
2760 2902 3029 2969 habeant,
3087 2907 3321 2956 teneant
3368 2904 3636 2957 ﬁrmiter-

133 2997 469 3061 temporum
499 2991 716 3045 stabilis
740 2996 796 3045 et
815 2990 1147 3044 inconvulsa
1177 2994 1527 3060 permaneat,
1557 2990 1704 3065 hanc
1734 2990 1839 3043 im-
1871 2978 1911 3033 (ἶ
1950 3006 2060 3059 que
2088 2988 2442 3059 possideant;
2504 2994 2697 3043 nostra
2735 2995 3178 3061 nostrorumque
3228 3007 3634 3057 successorum,

134 3080 371 3153 perialis
385 3080 652 3149 praecepti
679 3079 944 3150 paginam
960 3078 1093 3131 inde
1113 3078 1396 3131 conscribi
1415 3094 1479 3131 ac
1502 3094 1675 3132 manu
1706 3095 1832 3148 pro-

134 3169 264 3239 pria
294 3168 702 3220 conﬁrmantes
724 3167 912 3236 sigillo
944 3171 1137 3219 nostro
1160 3164 1437 3234 jussimus
1475 3165 1760 3235 insigniri.

206 3256 440 3320 Signum
495 3253 680 3305 damni
721 3254 970 3306 IIeinrici
1016 3253 1348 3306 serenissimi
1389 3256 1439 3305 et
1490 3254 1837 3305 invictissimi

136 3344 489 3411 imperatoris
519 3341 600 3406 (L.
637 3341 751 3408 M.).

204 3430 514 3485 Gunterius
562 3428 933 3484 cancellarins
1001 3427 1122 3481 vice
1193 3426 1528 3481 Ercanbaldi
1589 3427 1834 3481 archica-

134 3518 356 3591 pellani
386 3516 715 3586 recognovi.

210 3608 355 3661 Data
397 3604 710 3658 indictione
764 3620 840 3669 χι,
891 3618 1043 3656 anno
1083 3601 1394 3657 Dominicae
1427 3602 1836 3659 incarnationis

144 3696 302 3759 1014,
344 3709 494 3747 anno
547 3707 682 3744 vero
713 3691 909 3745 domui
958 3691 1214 3745 Heinrici
1252 3690 1487 3745 secundi
1543 3691 1836 3761 regnantis

140 3801 241 3849 xu,
274 3780 506 3851 imperii
537 3796 670 3834 vero
698 3798 735 3834 ι.

212 3874 417 3925 Actum
450 3868 636 3939 Papiae
666 3868 925 3922 feliciter.
958 3868 1158 3920 Amen.

914 3957 1084 4010 LXXI.

142 4052 376 4105 Sanctus
429 4047 712 4108 Henricus,
772 4046 928 4098 Petro
985 4046 1232 4114 episcopo
1288 4047 1338 4097 et
1386 4043 1576 4097 abbati
1629 4044 1686 4098 S.
1728 4046 1833 4099 Mi-

204 4120 407 4173 chaelis
445 4120 502 4170 in
552 4117 901 4180 Porcariana,
961 4115 1098 4167 bona
1151 4129 1252 4168 sua
1289 4118 1339 4167 et
1369 4115 1504 4179 jura
1533 4118 1831 4182 conﬁrmat,

214 4205 359 4243 anno
434 4190 590 4249 1013,
647 4190 770 4254 post
842 4187 1199 4253 proﬂigatum
1272 4185 1597 4238 Arduinum
1662 4187 1837 4239 Italia:

213 4261 375 4324 regni
436 4260 766 4320 invasorem;
814 4257 898 4308 vel
947 4260 1084 4310 certe
1139 4270 1279 4308 anno
1339 4256 1493 4312 1014,
1561 4260 1685 4308 ante
1736 4258 1835 4309 Pa-
1864 4254 1907 4306 D

214 4331 370 4393 scha,
416 4344 520 4396 quo
575 4328 663 4380 die
717 4328 946 4394 acceptis
978 4342 1011 4378 a
1056 4328 1291 4380 Romano
1314 4327 1570 4394 pontiﬁce
1618 4328 1842 4394 imperii

215 4399 527 4465 insignibus
557 4399 716 4465 cmpit
743 4411 854 4449 esse
882 4399 1197 4464 imperator.

219 4487 413 4560 [Apud
439 4485 766 4550 Acherium,
794 4483 1072 4552 Spicileg.,
1124 4484 1219 4547 Ili,
1244 4485 1366 4548 386,
1400 4499 1430 4535 e
1452 4483 1632 4536 veteri
1658 4499 1838 4536 mem-

437 4572 618 4625 brana
649 4571 863 4625 archivi
894 4570 1146 4624 ecclesiis
1188 4569 1539 4642 Bisuntinae].

216 4661 281 4714 In
314 4660 549 4713 nomine
579 4664 784 4712 sanctae
815 4663 873 4712 et
928 4658 1236 4711 individuaa
1289 4656 1599 4722 Trinitatis,
1634 4659 1837 4711 Hamu-

146 4766 265 4812 cus,
291 4748 486 4801 divina
515 4747 737 4800 favente
766 4746 1090 4812 clementia,
1125 4762 1240 4799 rex.

221 4838 367 4891 Dum
418 4835 866 4905 uniuscujusque
921 4834 1179 4903 regimen
1217 4837 1444 4903 oportet
1488 4832 1841 4888 rectitudinis

150 4923 442 4979 moderari
491 4923 751 4989 habenis,
823 4923 1034 4992 regalis
1091 4922 1317 4975 culmen
1392 4920 1629 4973 honoris
1678 4926 1838 4975 tanto

150 5012 443 5067 liberalius
473 5016 643 5082 atque
673 5010 953 5082 prolixius
1000 5026 1235 5079 operam
1290 5025 1406 5062 sum
1458 5009 1844 5063 desudationis

145 5100 382 5171 justitiw
413 5099 745 5167 impendere
774 5098 962 5157 debet.
994 5104 1050 5151 et
1083 5098 1331 5151 maxime
1382 5096 1440 5150 in
1470 5101 1620 5150 statu
1652 5099 1843 5151 catho-

156 5189 274 5241 licae
325 5186 606 5252 Ecclesize,
665 5192 882 5257 quanto
931 5202 990 5239 se
1020 5186 1171 5239 videt
1222 5202 1254 5238 a
1287 5185 1527 5239 Domino
1571 5184 1843 5237 divinitus

149 5274 464 5330 sublimari.
530 5274 770 5328 Proinde
846 5274 1105 5327 omnium
1166 5276 1371 5326 sanctae
1432 5273 1529 5325 Dei
1579 5272 1843 5325 Ecclesiae

154 5370 595 5434 nostrorumque
654 5363 1026 5433 praesentium
1087 5377 1150 5414 ac
1209 5362 1529 5415 futurorum
1585 5358 1842 5413 ﬁdelium

156 5451 470 5523 comperiat
544 5451 775 5504 solertia
847 5451 1126 5505 domnum
1187 5451 1438 5515 Petrum,
1513 5447 1842 5512 religiosum

161 5541 513 5613 episcopum,
545 5543 603 5593 et
637 5539 900 5593 abbatem
934 5537 1266 5592 monasterii
1319 5535 1496 5590 sancti
1538 5534 1842 5601 Michaelis,

1949 3083 2007 3131 et
2058 3078 2318 3130 omnium
2374 3078 2676 3131 hominum
2707 3083 2926 3132 semota
2956 3078 3385 3149 inquietudine,
3419 3084 3474 3133 et
3500 3095 3631 3133 con-

1946 3165 2306 3228 tradictione,
2337 3181 2431 3217 seu
2465 3165 2927 3219 diminoratione.

2019 3254 2396 3308 Concedimus
2468 3253 2702 3322 insuper
2769 3258 2825 3307 et
2889 3255 3170 3323 largimur
3229 3253 3408 3323 ipsius
3458 3254 3638 3306 sancti

1946 3342 2053 3395 loci
2079 3341 2518 3411 congregatione
2550 3340 2796 3393 habendi
2845 3340 3131 3394 licentiam
3178 3341 3428 3409 eligendi
3472 3342 3641 3394 abba-

1946 3436 2062 3483 tem
2107 3429 2366 3482 moribus
2413 3429 2738 3498 probatum,
2790 3430 3089 3498 praeceptis
3121 3429 3328 3483 Christi
3355 3434 3410 3483 et
3440 3432 3638 3497 regula

1946 3515 2122 3568 sancti
2168 3515 2455 3567 Benedicti
2526 3515 2894 3568 adornatum.
2984 3508 3384 3587 Prmcipientes
3460 3519 3638 3588 igitur

1941 3604 2229 3673 jubemus,
2271 3606 2328 3654 et
2381 3602 2484 3654 hac
2511 3606 2700 3654 nostra
2751 3604 3081 3672 praeceptali
3136 3605 3473 3658 auctoritate
3505 3621 3635 3658 san-

1946 3691 2127 3744 cimus
2175 3693 2239 3743 ut
2286 3690 2478 3742 nullus
2513 3690 2646 3754 dux,
2705 3690 3181 3761 archiepiscopus,
3225 3698 3282 3746 et
3320 3692 3636 3762 episcopus.

1946 3778 2221 3843 marchio,
2256 3793 2467 3842 comes,
2522 3777 2854 3845 vicecomes,
2915 3780 3280 3845 sculdascius,
3336 3781 3635 3850 gastaldio,

1945 3866 2220 3935 nullaque
2285 3864 2461 3918 nostri
2520 3865 2681 3935 regni
2764 3881 2974 3934 magna
3022 3883 3310 3937 parvaque
3395 3884 3639 3938 persona

1945 3954 2287 4022 prmdictum
2333 3953 2763 4018 monasterium,
2809 3960 2909 4007 aut
2964 3955 3213 4017 abbates,
3255 3971 3353 4008 seu
3406 3972 3640 4025 congre-

1945 4043 2235 4112 gationem
2326 4042 2670 4111 inquietare,
2762 4042 3085 4105 molestare,
3140 4043 3452 4107 disvestire,
3540 4049 3640 4097 aut

1944 4131 2173 4184 fodrum
2204 4131 2423 4194 tollere,
2457 4146 2557 4183 seu
2588 4132 2773 4198 legem
2815 4130 3022 4195 facere,
3073 4136 3172 4183 aut
3221 4131 3493 4198 placitum
3549 4136 3638 4183 te—

1946 4235 2103 4284 nere,
2133 4218 2243 4271 nisi
2273 4218 2446 4271 abbas
2497 4218 2753 4287 ejusdem
2786 4217 2897 4269 loci
2944 4223 3043 4270 aut
3072 4218 3187 4269 suis
3216 4218 3398 4270 missis
3430 4234 3638 4287 praesu-

1947 4311 2083 4360 mat.
2130 4306 2185 4360 Si
2243 4305 2370 4375 quis
2427 4310 2619 4357 autem
2682 4304 2854 4373 hujus
2900 4310 3108 4357 nostrae
3163 4304 3640 4358 corroborationis

1946 4394 2172 4464 paginae.
2230 4393 2466 4445 violator
2521 4391 2821 4455 exstiterit,
2872 4392 3010 4444 sciat
3065 4407 3125 4444 se
3182 4393 3636 4462 compositurum

1950 4483 2072 4535 auri
2118 4479 2323 4551 optimi
2372 4479 2547 4532 libras
2606 4479 2784 4544 mille,
2845 4479 3203 4534 medietatem
3256 4497 3495 4536 camerae
3535 4499 3637 4537 no-

1949 4575 2098 4632 stras,
2131 4574 2187 4621 et
2244 4566 2608 4621 medietatem
2673 4567 2867 4621 abbati
2922 4568 3154 4639 suisque
3200 4571 3636 4625 successoribus.

1948 4657 2103 4720 Quod
2137 4660 2200 4709 ut
2228 4653 2416 4708 verius
2446 4654 2730 4723 credatur,
2771 4660 2828 4709 et
2861 4673 3031 4722 nunc,
3056 4660 3131 4725 tet
3177 4656 3236 4710 in
3277 4657 3514 4727 posteris
3567 4657 3638 4709 ab

1949 4745 2262 4798 omnibus.
2313 4783 2323 4793 .
2371 4783 2381 4794 .
2427 4783 2440 4794 .
2486 4781 2501 4796 .
2546 4782 2558 4795 .
2604 4748 2709 4796 .et
2753 4755 2936 4798 manu
2986 4746 3223 4816 propria
3278 4746 3638 4809 roborantes,

1950 4831 2122 4901 sigilli
2152 4829 2333 4884 nostri
2358 4830 2735 4900 impressione
2763 4832 3037 4899 jussimus
3069 4832 3354 4901 insigniri.

2696 4938 2891 4991 LXXII.

1949 5027 2168 5080 Henrici
2204 5027 2265 5079 Il
2291 5026 2636 5093 imperatoris
2675 5025 2918 5093 diploma
2952 5040 3059 5093 pra
3082 5028 3404 5079 monasterio
3428 5027 3485 5081 S.
3523 5028 3642 5081 Sal-

2406 5096 2610 5148 uatoris
2654 5097 2907 5149 Forata-na
2959 5098 3177 5150 Taom's.

2595 5183 2779 5252 (Anno
2812 5184 2991 5253 1014.)

1955 5271 2257 5345 [Zaccaria,
2308 5270 2663 5324 bibliothecae
2717 5271 2932 5325 Estensi
2990 5271 3315 5342 praefectus,
3367 5271 3642 5326 Anecdota

2021 5361 2188 5413 medii
2232 5362 2353 5424 aevi,
2402 5374 2533 5428 pars
2563 5374 2643 5420 IlI,
2695 5374 2828 5428 pag.
2879 5361 3006 5427 218,
3058 5376 3127 5413 ex
3174 5359 3405 5413 archivo
3459 5360 3523 5413 P.’
3580 5363 3637 5414 P.

2024 5446 2626 5500 Vallumbrosanorum
2655 5445 3135 5520 Pistoriensium.]

2024 5537 2089 5589 In
2126 5534 2361 5589 nomine
2406 5540 2617 5590 sanctae
2655 5541 2712 5589 et
2762 5535 3072 5590 individua;
3134 5534 3450 5605 Trinitatis,
3496 5537 3640 5591 Han:-
