3944 6334
248 341 349 391 307

1539 337 1595 392 S.
1640 334 1932 392 HENRICI
1971 333 2449 390 IMPERATORIS

3655 337 3761 389 308

245 474 418 523 arcus,
448 457 640 513 divina
671 457 952 528 largiente
971 457 1295 524 clementia,
1329 458 1718 513 Romanorum
1750 457 1940 528 impe-
1970 459 2018 512 Α
2055 473 2183 510 cum
2217 456 2375 511 omni
2416 470 2616 510 eorum
2665 455 3019 522 haereditate,
3077 460 3318 527 paterno
3364 455 3452 510 vel
3494 461 3761 512 materno

247 550 403 599 rator
432 549 745 616 Augustus.

318 635 544 688 Iustum
596 638 652 688 et
691 633 1029 688 rationabile
1083 632 1249 687 nobis
1319 633 1546 687 videtur
1592 633 1654 688 in
1719 649 1947 686 venera-

250 722 390 776 bilia
433 726 760 776 sanctorum
805 722 905 775 Dei
935 723 1060 776 loca
1089 737 1217 792 quae
1248 723 1318 776 ab
1349 739 1381 775 a
1412 722 1579 776 bonis
1617 721 1948 776 hominibus

255 811 466 865 intuitu
522 809 753 880 pietatis
796 816 853 864 et
891 827 987 880 spe
1019 811 1254 864 alternae
1307 809 1788 864 remunerationis
1813 825 1950 863 con-

257 899 524 953 feruntur
578 903 749 968 atque
804 904 1001 952 nostro
1051 897 1170 967 juri
1219 902 1275 951 et
1327 898 1582 952 dominio
1625 898 1950 960 traduntur,

259 994 458 1043 nostra
501 989 835 1041 auctoritate
887 986 1011 1040 ﬁeri
1035 987 1331 1056 jussimus.
1389 987 1664 1050 Quucirca
1692 986 1953 1040 omnium

263 1081 470 1130 sanctae
521 1075 622 1129 Dei
667 1075 922 1130 Ecclesiae
973 1081 1420 1146 nostrorumque
1475 1075 1757 1138 ﬁdelium,
1807 1090 1955 1144 prae-

263 1165 514 1219 sentium
551 1163 764 1218 scilicet
807 1169 864 1218 et
903 1165 1250 1230 futurorum,
1298 1165 1562 1217 volumus
1603 1161 1958 1217 universitati

262 1257 456 1322 pateat
509 1251 756 1322 qualiter
799 1268 903 1305 nos
966 1251 1241 1321 recepisse
1299 1250 1716 1305 monasterium
1770 1247 1960 1304 Sancti

267 1339 592 1407 Salvatoris,
629 1339 783 1411 quod
812 1345 898 1394 est
937 1339 1110 1394 situm
1152 1339 1213 1393 in
1254 1341 1506 1394 Fontana
1533 1338 1772 1405 Tanoni,
1806 1338 1962 1410 quod

269 1427 590 1483 Bonifacius
647 1428 902 1481 marchio
948 1443 1054 1497 pro
1109 1429 1368 1482 remedio
1421 1427 1629 1481 animae
1688 1443 1802 1480 suae
1853 1426 1960 1480 sibi

267 1515 500 1586 praedia,
551 1515 704 1584 quod
745 1519 978 1568 vocatur
1015 1515 1238 1569 Cafadia
1278 1515 1663 1585 Bonifacinga,
1697 1515 1963 1584 proprie-

267 1603 416 1657 tario
456 1603 589 1672 jure
636 1603 823 1656 eidem
873 1603 1169 1670 concessit,
1223 1608 1278 1657 et
1318 1602 1514 1656 villam
1563 1619 1688 1674 quae
1734 1611 1965 1657 vocatur

271 1692 511 1747 Stazano
559 1706 689 1743 cum
729 1690 995 1745 omnibus
1038 1691 1153 1744 suis
1196 1691 1580 1760 pertinentiis,
1612 1696 1668 1745 et
1704 1690 1764 1744 in
1796 1691 1962 1744 b8.le

275 1779 470 1834 omnia
502 1794 632 1848 quae
665 1778 886 1847 habuit,
919 1784 975 1832 et
1011 1778 1119 1832 sibi
1158 1779 1420 1833 similiter
1463 1780 1822 1844 condonavit,
1866 1779 1969 1831 sub

274 1867 459 1922 nostri
497 1867 700 1920 mundi
743 1867 916 1921 furdii
962 1866 1204 1921 tuitione
1247 1867 1568 1937 recepimus
1614 1867 1736 1922 haec
1769 1873 1826 1920 et
1860 1867 1972 1920 alia

277 1971 408 2026 qua
448 1954 510 2008 in
541 1960 709 2009 antea
738 1956 853 2009 Deo
886 1955 1197 2009 auxiliante
1236 1956 1532 2026 acquirere
1564 1955 1838 2025 potuerit,
1874 1972 1970 2008 vo-

277 2044 471 2098 lumus
515 2048 578 2096 ut
624 2044 729 2098 sub
779 2049 975 2097 nostra
1023 2043 1356 2097 defensione
1407 2044 1596 2114 quiete
1640 2059 1704 2098 ac
1741 2043 1974 2114 paciﬁca

277 2137 559 2201 perpetuo
587 2137 921 2201 permaneat
943 2130 1065 2184 sine
1095 2130 1496 2186 molestatione
1525 2131 1783 2202 alicujus.
1815 2131 1975 2195 Quod

279 2235 415 2273 vero
463 2219 850 2289 praecipimus,
899 2223 957 2273 et
999 2219 1069 2272 ab
1119 2220 1222 2273 hac
1266 2219 1409 2272 hora
1459 2219 1521 2273 in
1569 2225 1738 2273 antea
1784 2220 1978 2272 nullus

281 2305 417 2372 dux,
463 2305 735 2370 marchio,
779 2305 1097 2376 episcopus,
1143 2321 1355 2373 comes,
1398 2305 1729 2371 vicecomes,
1770 2303 1981 2374 gastal-

283 2393 398 2458 dio,
459 2392 792 2457 sculdascio,
843 2392 1058 2446 decano
1115 2409 1214 2446 seu
1271 2393 1465 2464 aliqua
1511 2392 1692 2447 nostri
1748 2390 1982 2462 imperii

283 2495 496 2550 magna
517 2495 804 2552 parvaque
834 2497 1075 2550 persona
1095 2481 1304 2536 audeat
1330 2483 1606 2536 Joannem
1635 2481 1981 2535 monachum

286 2567 550 2621 abbatem
599 2567 699 2637 qui
746 2568 825 2622 ibi
865 2569 979 2621 Deo
1012 2569 1204 2635 servit,
1253 2574 1428 2639 atque
1466 2569 1607 2622 alios
1654 2567 1980 2632 monachos,

292 2658 392 2727 qui
431 2657 601 2711 modo
631 2663 766 2710 sunt
794 2661 894 2710 aut
929 2673 1031 2727 pro
1074 2663 1336 2728 tempore
1366 2657 1511 2712 inibi
1551 2659 1662 2712 Deo
1701 2658 1983 2710 famulen-

289 2749 406 2809 tur,
451 2743 763 2809 disvestire,
805 2745 1106 2798 molestare
1147 2751 1246 2800 aut
1293 2745 1634 2815 iuiquietare
1680 2748 1988 2815 praesumat

294 2831 418 2886 sine
452 2832 620 2901 legati
642 2832 882 2902 judicio.
915 2831 972 2886 Si
999 2832 1128 2902 quis
1156 2832 1334 2902 igitur
1361 2833 1533 2902 hujus
1565 2833 1740 2886 nostri
1782 2832 1988 2886 mundi

295 2919 488 2974 bnrdii
513 2919 754 2973 violator
781 2919 1076 2982 exstiterit,
1109 2921 1246 2975 sciat
1277 2938 1335 2974 se
1368 2921 1819 2990 compositurum
1863 2919 1990 2972 auri

299 3007 505 3077 optimi
544 3007 687 3060 libra
734 3013 986 3074 centum,
1049 3009 1416 3063 medietatem
1467 3023 1706 3062 camerae
1762 3012 1991 3074 nostrae,

302 3101 361 3148 et
391 3094 752 3149 medietatem
800 3097 1105 3165 prtefatum
1158 3098 1440 3151 Joannem
1491 3097 1780 3164 abbatem,
1820 3102 1991 3165 atque

301 3181 594 3249 fratribus,
631 3187 802 3252 atque
835 3183 950 3237 suis
982 3184 1421 3238 successoribus.
1489 3183 1652 3247 Quod
1715 3190 1776 3237 ut
1805 3183 1993 3238 verius

305 3270 1021 3343 credaturdiligentiusque
1043 3273 1112 3326 ab
1145 3271 1410 3326 omnibus
1427 3272 1779 3338 observetur,
1809 3272 1992 3342 sigillo

306 3358 792 3427 nostrojussimus
829 3359 1116 3430 insigniri.

380 3447 678 3502 Heinricus
734 3449 1102 3502 cancellarius
1154 3448 1274 3502 vice
1328 3447 1564 3502 Everadi
1633 3447 1888 3518 episcopi
1943 3451 1998 3502 et

309 3535 790 3590 archicancellarii
813 3536 1160 3607 recognovit.

379 3625 552 3678 Locus
568 3626 760 3692 sigilli.

383 3713 586 3766 Datum
623 3729 770 3766 anno
825 3711 1132 3766 Dominicae
1164 3711 1572 3766 incarnationis
1613 3711 1769 3776 1014,
1800 3710 1998 3764 indict.

311 3817 407 3867 xu,
492 3816 642 3854 anno
710 3800 931 3854 domini
1006 3800 1255 3856 lleinrici
1325 3800 1684 3871 imperatoris
1757 3798 2003 3870 Augusti

312 3889 476 3958 regni
498 3904 593 3953 xu,
630 3890 778 3956 (167)
810 3888 1040 3958 imperii
1069 3889 1192 3957 ejus
1223 3905 1259 3942 ι.

387 3979 587 4030 Actum
613 3977 676 4029 in
706 3975 956 4045 Papiano
985 3975 1240 4028 feliciter.
1269 3977 1471 4029 Amen.

1052 4081 1274 4135 LXXIII.

317 4171 581 4224 Henricus
611 4171 674 4222 ΙΙ
701 4169 1000 4224 Germania
1051 4183 1148 4221 rea:
1185 4169 1504 4222 Arimannis
1552 4168 1867 4222 Mantuanis
1893 4168 2010 4235 pri-

897 4240 1096 4304 vilegia
1133 4241 1428 4306 conﬁrmat.

971 4327 1156 4396 (Anno
1192 4327 1367 4397 1014.)

679 4414 997 4487 [Muratori,
1029 4419 1223 4484 Antiq.
1247 4417 1396 4484 Μαίη
1419 4415 1509 4484 1V,
1545 4411 1656 4484 13.]

394 4524 461 4577 In
484 4520 719 4576 nomine
758 4528 964 4576 sanctae
995 4528 1050 4577 et
1095 4523 1402 4577 individuae
1451 4520 1764 4589 Trinitatis,
1799 4520 2013 4573 HENRI-

325 4629 440 4677 cus,
465 4613 656 4666 divina
675 4613 898 4666 favente
919 4613 1242 4676 clementia,
1269 4628 1384 4666 rex.

397 4701 667 4755 Omnium
711 4708 1036 4755 sanctorum
1093 4701 1190 4754 Dei
1228 4705 1668 4768 nostrorumque
1732 4695 2012 4763 ﬁdelium,

327 4789 690 4858 praesentium
723 4790 936 4843 scilicet
977 4807 1040 4844 ac
1090 4790 1434 4853 futurorum,
1477 4785 1701 4839 noverit
1736 4785 2014 4851 sagacita-

326 4879 400 4932 tis
426 4877 705 4932 industria
728 4879 973 4949 qualiter
1005 4895 1130 4945 nos,
1173 4894 1278 4947 pro
1311 4876 1411 4930 Dei
1444 4889 1659 4938 amore,
1692 4873 2016 4942 animaeque

329 4971 534 5021 nostrae
593 4967 870 5034 remedio,
943 4971 1177 5020 cunctos
1249 4963 1590 5017 Arimannos
1651 4960 1713 5014 in
1788 4959 2015 5013 civitate

327 5055 590 5122 Mantuae,
623 5055 739 5108 sive
781 5054 840 5108 in
885 5059 1064 5108 castro
1115 5052 1214 5123 qui
1263 5051 1473 5104 dicitur
1508 5050 1734 5116 Portus,
1794 5047 1910 5100 sive
1957 5048 2017 5102 in

328 5142 546 5196 vicoras
602 5160 730 5214 quae
772 5143 1148 5198 nominantur
1203 5141 1406 5194 Sancto
1456 5137 1715 5206 Georgio,
1767 5136 2014 5206 Cepada,

327 5232 676 5304 Formigosa,
720 5250 822 5288 seu
852 5237 908 5287 et
937 5233 996 5286 in
1027 5229 1300 5284 comitatu
1331 5229 1632 5283 Mantuano
1663 5224 2004 5289 habitantes,

395 5357 546 5425 (167)
569 5357 686 5411 Nisi
735 5357 899 5410 malis
931 5354 1207 5408 mendum
1236 5352 1296 5405 in
1327 5367 1608 5425 annorum
1652 5347 2013 5425 supputatio-

323 5419 454 5481 nem
478 5419 795 5498 irrepsisse,
855 5427 1298 5498 scriptu_mque:_
1322 5419 1739 5498 regnixu,_pro’
1762 5436 1885 5498 xui}

321 5498 570 5566 diploma
597 5491 795 5552 datum
827 5491 1108 5550 ante'Kal.
1144 5491 1366 5566 Martias
1393 5491 1484 5547 an.
1523 5494 1676 5546 1014.
1699 5493 1839 5566 Tum
1865 5491 2012 5545 belle

320 5562 514 5624 omnia
560 5569 760 5624 ﬂuent.
809 5569 951 5620 Nam
1003 5564 1174 5638 (quod
1202 5564 1272 5619 ad
1318 5565 1471 5619 hunc
1519 5579 1735 5617 annum
1766 5562 2007 5618 demon-

2047 545 2199 617 jure,
2246 545 2620 616 Proprietate,
2665 544 3090 613 communaliis,
3133 544 3247 599 sive
3279 545 3548 600 omnibus
3585 547 3765 600 rebus

2057 647 2184 702 quae
2233 632 2302 685 ab
2349 648 2544 685 eorum
2590 631 2923 701 parentibus
2976 647 3235 702 possessa
3278 633 3531 700 fuerunt,
3583 637 3640 687 et
3672 649 3766 686 eo-

2057 736 2187 774 rum
2244 719 2524 791 acquisita
2599 737 2715 772 sive
2776 712 3168 790 acquirenda,
3211 721 3562 775 nominative
3623 721 3771 775 silva

2058 810 2391 874 Armanore,
2443 810 2783 879 Carpeneta,
2837 809 3033 875 Succa,
3077 809 3461 879 Septingenti,
3511 809 3629 863 sive
3663 824 3774 879 per

2061 902 2264 950 caetera
2294 897 2419 951 loca
2473 897 2532 950 in
2571 897 2848 950 comitatu
2897 898 3305 951 Mantuanense
3355 897 3771 967 rejacentibus,

2060 984 2488 1055 piscationibus,
2549 985 2887 1040 ﬂuminibus
2918 990 2976 1038 et
3023 985 3353 1055 paludibus,
3406 987 3528 1040 sine
3568 985 3774 1056 aliquo

2065 1073 2388 1143 scriptionis
2406 1074 2594 1141 titulo,
2621 1075 2774 1145 quod
2788 1075 2940 1144 juste
2961 1085 3017 1127 et
3041 1073 3297 1144 legaliter
3312 1073 3392 1126 eis
3413 1073 3773 1144 pertinente,

2065 1177 2195 1214 cum
2227 1161 2458 1215 familiis
2513 1162 2812 1233 utriusque
2845 1178 3028 1225 sexus,
3077 1162 3253 1214 servis
3292 1166 3347 1215 et
3395 1161 3642 1228 ancillis,
3708 1162 3782 1216 1i-

2068 1249 2337 1315 bellariis,
2393 1251 2686 1320 precariis,
2717 1256 2774 1304 et
2827 1267 2958 1304 cum
3011 1249 3282 1304 omnibus
3350 1249 3522 1304 rebus
3564 1265 3778 1303 eorum

2069 1337 2375 1392 mobilibus
2404 1343 2460 1393 et
2488 1339 2896 1407 immobilibus,
2956 1355 3057 1408 per
3085 1339 3254 1408 hujus
3291 1338 3466 1392 nostri
3497 1337 3784 1409 prmeepti

2069 1425 2366 1496 paginam,
2401 1433 2572 1496 prout
2593 1428 2749 1497 juste
2788 1432 2845 1480 et
2889 1426 3148 1494 legaliter
3179 1442 3503 1496 possumus,
3553 1442 3789 1480 conces-

2073 1513 2252 1567 simus
2299 1520 2356 1568 et
2386 1517 2843 1582 corroboramus,
2879 1515 3092 1568 scilicet
3132 1521 3399 1586 utrasque
3452 1515 3609 1585 ripas
3660 1515 3789 1569 ﬂu-

2072 1601 2245 1654 minis
2275 1603 2514 1670 Tartari,
2545 1605 2752 1675 deinde
2792 1619 3020 1657 sursum
3060 1618 3240 1674 usque
3269 1603 3339 1657 ad
3366 1603 3586 1657 ﬂumen
3621 1602 3788 1667 Oiei;

2081 1701 2150 1755 de
2187 1697 2299 1751 alia
2343 1697 2503 1765 parte
2564 1693 2732 1746 Fossa
2786 1691 2930 1756 alta;
2980 1691 3048 1744 de
3101 1690 3270 1744 tertia
3330 1695 3490 1760 parte
3543 1691 3795 1745 ecclesia

2083 1786 2275 1844 Sancti
2303 1781 2556 1839 Faustini
2605 1781 2664 1833 in
2695 1782 2866 1849 caput
2924 1779 3184 1844 Variana,
3231 1784 3287 1832 et
3341 1779 3476 1833 inde
3519 1795 3794 1832 seorsum

2085 1891 2263 1946 usque
2294 1874 2354 1926 in
2383 1869 2610 1942 Agricia
2656 1868 2902 1937 majore;
2936 1884 3003 1921 ea
3031 1866 3296 1921 videlicet
3321 1867 3546 1921 ratione
3575 1857 3791 1921 conce=

2085 1965 2272 2020 dimus
2302 1961 2383 2015 eis
2413 1974 2646 2013 omnem
2687 1957 2978 2010 teloneum
3009 1960 3068 2010 et
3121 1955 3443 2024 ripaticnm,
3485 1954 3642 2024 quod
3678 1969 3792 2024 pro

2087 2051 2316 2122 negotio
2387 2050 2650 2102 exercent
2704 2044 2765 2097 in
2826 2043 3031 2110 Garda,
3079 2047 3136 2097 et
3202 2043 3264 2096 in
3315 2043 3535 2109 Lasese,
3579 2047 3667 2096 .et
3727 2041 3796 2096 in

2087 2155 2312 2195 summo
2363 2137 2528 2200 Lacu,
2563 2135 2652 2187 vel
2703 2133 2764 2186 in
2797 2132 3081 2197 Brixiana,
3117 2136 3173 2185 et
3204 2131 3264 2185 in
3296 2131 3570 2198 Ferraria,
3605 2131 3695 2183 vel
3729 2131 3799 2185 in

2088 2229 2373 2293 Comaclu,
2405 2231 2463 2280 et
2505 2225 2567 2277 in
2617 2223 2906 2287 Ravenna,
2959 2220 3094 2291 ipsi,
3134 2219 3367 2290 suisque
3414 2219 3571 2288 ﬁliis,
3603 2236 3668 2273 ac
3692 2220 3800 2273 ho-

2090 2317 2339 2372 minibus
2384 2313 2484 2385 qui
2515 2312 2743 2366 illorum
2776 2326 3002 2363 causam
3041 2309 3364 2363 laborantes
3390 2308 3797 2380 negotiantur,

2087 2404 2380 2463 licentiam
2435 2402 2684 2456 habeant
2744 2398 3080 2469 potestative
3125 2397 3458 2468 negotiandi
3509 2413 3615 2468 per
3668 2398 3800 2467 jam

2091 2495 2304 2550 dictum
2340 2494 2547 2547 Lacum
2596 2489 2810 2559 absque
2846 2487 3107 2540 omnium
3142 2486 3444 2541 hominum
3504 2485 3801 2539 contradi-

2093 2583 2302 2646 ctione,
2352 2579 2439 2632 vel
2501 2577 2728 2648 publica
2783 2574 3100 2640 functione,
3159 2575 3248 2627 vel
3299 2573 3539 2644 alicujus
3577 2573 3805 2627 telonei

2094 2672 2182 2726 vel
2213 2668 2436 2740 ripatici
2466 2666 2704 2720 reddita.
2741 2663 3144 2735 Praecipientes
3181 2663 3375 2734 itaque
3423 2663 3700 2733 jubemus
3737 2666 3810 2715 ut

2097 2761 2287 2814 nullus
2316 2757 2447 2821 dux,
2501 2754 2822 2824 episcopus,
2857 2752 3132 2818 marchio,
3193 2767 3402 2818 comes,
3455 2751 3804 2816 vicecomes,

2099 2845 2398 2917 gastaldio,
2458 2841 2794 2907 sculdascio,
2867 2840 3134 2906 decanus,
3203 2839 3290 2892 vel
3365 2838 3559 2909 aliqua
3617 2837 3808 2891 nostri

2100 2933 2265 3004 regni
2313 2947 2521 3001 magna
2570 2945 2859 3001 parvaque
2917 2943 3161 2998 persona
3213 2927 3284 2981 de
3342 2927 3478 2981 hinc
3529 2927 3809 2996 praefatos

2028 3009 2069 3064 (ἶ
2105 3023 2443 3079 Arimanuos
2467 3019 2537 3073 de
2580 3017 2696 3072 suis
2742 3016 3023 3088 personis,
3074 3015 3189 3069 sive
3219 3014 3392 3068 etiam
3434 3015 3504 3068 de
3527 3015 3808 3069 omnibus

2103 3109 2388 3182 praedictis
2447 3107 2616 3161 rebus
2681 3106 3026 3176 inquietare,
3093 3103 3408 3168 disvestire,
3469 3103 3806 3168 molestare,

2103 3199 2409 3268 nullusque
2429 3195 2490 3248 in
2518 3211 2718 3248 eorum
2750 3192 3141 3246 mansionibus
3163 3191 3244 3246 eis
3273 3191 3464 3246 invitis
3482 3190 3809 3260 hospitium

2102 3287 2310 3353 facere,
2361 3284 2450 3337 vel
2496 3283 2752 3353 aliquam
2805 3281 3093 3352 publicam
3147 3280 3517 3345 functionem,
3573 3279 3688 3333 nisi
3736 3279 3808 3332 ad

2106 3391 2232 3428 eam
2284 3388 2457 3444 quam
2497 3371 2586 3424 sui
2618 3375 3000 3424 antecessores
3043 3370 3356 3423 secundum
3410 3369 3596 3438 legem
3647 3367 3812 3421 fece-

2105 3467 2263 3527 runt,
2290 3475 2511 3531 cogere,
2543 3459 2664 3512 sine
2715 3458 2884 3527 legali
2925 3457 3144 3528 judicio
3179 3458 3727 3527 facere-praesumat.
3750 3454 3812 3510 Si

2109 3551 2238 3622 quis
2258 3557 2471 3616 autem,
2506 3547 2658 3618 quod
2692 3546 2949 3600 futurum
2971 3562 3088 3600 non
3118 3547 3422 3612 credimus,
3459 3551 3662 3598 contra
3697 3544 3810 3598 hoc

2109 3645 2368 3694 nostrum
2401 3639 2750 3707 praeceptum
2782 3633 3114 3704 insurgerit,
3165 3640 3262 3688 aut
3293 3634 3432 3688 illud
3489 3633 3715 3703 infring
3737 3649 3815 3687 ire

2110 3725 2434 3791 tentaverit,
2468 3724 2607 3778 sciat
2637 3739 2696 3776 se
2743 3723 3197 3792 compositurum
3227 3721 3351 3774 auri
3383 3720 3589 3791 optimi
3638 3721 3818 3774 libras

2115 3815 2292 3880 mille,
2361 3812 2724 3866 medietatem
2769 3826 3008 3864 camerae
3039 3815 3266 3875 nostrae,
3327 3814 3385 3862 et
3439 3807 3818 3862 medietatem

2115 3902 2399 3974 praedictis
2448 3899 2796 3964 Arimaunis,
2848 3897 2908 3952 in
2951 3898 3070 3966 jam
3102 3897 3251 3950 dicta
3297 3897 3524 3950 Mantua
3549 3896 3815 3964 civitate,

2116 3993 2231 4046 sive
2291 3991 2350 4043 in
2424 3995 2606 4042 castro
2654 3988 2850 4050 Portu,
2920 3986 3008 4040 vel
3056 3985 3116 4037 in
3169 3984 3446 4038 comitatu
3506 3985 3820 4038 Mantuano

2118 4077 2498 4134 residentibus
2529 4075 2936 4130 habitantibus.
3010 4073 3168 4137 Quod
3210 4079 3273 4125 ut
3302 4073 3490 4126 verius
3520 4073 3818 4139 credatur,

2120 4172 2176 4220 et
2222 4164 2550 4235 diligentius
2587 4163 2656 4217 ab
2711 4162 2978 4216 omnibus
3020 4163 3369 4228 observetur,
3423 4160 3602 4214 nostri
3643 4160 3824 4231 sigilli

2040 4279 2084 4334 Ι)
2124 4252 2498 4324 impressione
2522 4251 2718 4305 subter
2746 4249 3009 4320 insigniri
3035 4249 3328 4319 jussimus.

2195 4362 2421 4428 Signum
2445 4359 2652 4412 domini
2672 4358 2894 4410 Henrici
2920 4357 3062 4424 regis
3084 4356 3454 4409 invictissimi.

2195 4465 2475 4520 Henricus
2532 4463 2902 4517 cancellarius
2957 4461 3076 4516 vice
3128 4461 3395 4516 Everardi
3466 4460 3723 4532 episcopi
3764 4468 3824 4516 et

2125 4553 2563 4624 archicapellani
2585 4551 2904 4622 recognovi.

2197 4661 2404 4714 Datum
2464 4675 2614 4712 anno
2667 4657 2974 4712 Dominicaa
3017 4655 3424 4710 incarnationis
3459 4657 3618 4723 1014,
3670 4655 3823 4711 indi-

2125 4749 2314 4804 ctione
2353 4765 2449 4814 xu,
2509 4763 2660 4801 anno
2692 4761 2824 4800 vero
2875 4746 3072 4800 domni
3118 4744 3345 4800 Henrici
3396 4745 3549 4814 regis
3580 4737 3827 4800 secundi

2126 4837 2421 4908 regnantis
2445 4853 2540 4890 xu.

2197 4946 2399 4998 Actum
2420 4944 2703 4998 Ravennae
2748 4939 3007 4996 feliciter.
3033 4942 3236 4994 Amen.

2128 5351 2338 5402 stratur
2367 5363 2400 5400 a
2455 5343 2762 5401 Muratorio
2811 5348 3006 5398 contra
3051 5342 3294 5411 Pagium
3343 5341 3622 5412 aliosque)
3673 5341 3819 5397 circa

2129 5418 2390 5499 Martium
2420 5433 2513 5472 an.
2548 5417 2700 5483 1014,
2739 5415 3010 5470 Henricus
3041 5415 3088 5469 ll
3137 5413 3392 5468 Italicum
3419 5429 3666 5486 regnum
3723 5431 3818 5468 ar-

2126 5495 2326 5559 ripuit.
