3944 6316
158 336 251 389 309

907 459 1135 517 LXXIV.

154 546 202 600 S.
233 545 519 603 Henricus
548 549 803 604 Ecclesiae
831 549 1261 674 qutburgeqsis
1317 554 1611 622 privilegia
1655 555 1851 623 con/ir-

803 636 891 674 ma
935 636 961 673 ε
1022 636 1162 674 auae
1195 660 1207 673 .

803 636 917 674 mat
935 636 986 674 et
1022 636 1207 691 auger.

789 710 976 775 (Anno
1021 712 1207 778 1014.)

187 810 370 882 [Apud
408 812 803 884 Lappenberg,
836 816 1264 882 Hamburgische
1314 818 1582 884 Urkund.,
1605 835 1662 889 p.
1698 821 1812 892 64.]

214 901 280 955 In
316 900 549 953 nomine
580 906 787 955 sanctae
811 908 867 956 et
906 902 1218 958 individua:
1266 905 1576 972 Trinitatis,
1607 908 1845 963 Hamm-

145 1003 257 1054 cus,
303 988 499 1042 divina
527 988 749 1043 favente
771 990 1093 1058 clementia,
1120 993 1507 1048 Romanorum
1533 994 1847 1066 imperator

144 1081 456 1143 Augustus.

212 1164 269 1219 Si
336 1165 646 1233 petitiones
710 1167 1070 1222 sacerdotum
1125 1168 1248 1239 pias
1309 1186 1493 1240 prona
1539 1172 1843 1226 devotione

142 1253 205 1306 ad
268 1253 541 1307 eﬂ'ectum
596 1254 943 1321 duxerimus,
1002 1256 1061 1310 id
1116 1259 1314 1326 procul
1363 1258 1534 1312 dubio
1610 1259 1679 1313 ad
1728 1266 1842 1313 sta-

142 1348 262 1394 tum
297 1342 600 1411 praesentis
645 1343 768 1397 vitae
807 1349 863 1397 et
912 1351 1137 1398 aeternae
1193 1346 1566 1400 beatitudinis
1604 1348 1844 1416 praemia

139 1431 493 1500 capessenda
549 1432 713 1487 nobis
784 1433 1153 1503 profuturum
1211 1434 1517 1488 credimus.
1577 1435 1842 1507 Quapro-

136 1524 264 1588 pter
324 1519 588 1573 omnium
664 1520 918 1575 ﬁdelium
960 1528 1287 1577 nostrorum
1354 1524 1719 1594 praesentium
1785 1529 1843 1578 et

132 1608 468 1661 futurorum
500 1610 723 1663 noverit
751 1609 1034 1663 industria
1066 1611 1310 1682 qualiter
1365 1612 1451 1665 vir
1499 1613 1840 1667 venerabilis

136 1697 356 1764 Unacn,
390 1697 933 1769 Hammaburgensis
959 1699 1217 1753 Ecclesia
1249 1700 1638 1771 archiprwsul,
1664 1718 1837 1772 quem

132 1802 239 1839 nos
276 1785 468 1839 citem
501 1788 882 1857 prefecimus,
920 1790 1130 1841 nostris
1170 1788 1468 1843 obtutibus
1506 1791 1838 1860 praesentari

130 1874 268 1928 fecit
310 1881 599 1945 praecepta
646 1877 829 1930 beatae
882 1876 1175 1931 memorias
1230 1877 1470 1931 senioris
1499 1888 1556 1932 et
1585 1884 1834 1932 anteces-

130 1964 279 2017 soris
311 1964 538 2018 Ottonis
576 1964 748 2031 tertii,
804 1965 1165 2034 imperatoris
1215 1966 1477 2036 Augusti,
1508 1966 1571 2021 in
1628 1968 1837 2038 quibus

129 2052 539 2106 continebatur
567 2054 855 2124 quomodo
904 2053 1045 2123 ipse,
1090 2071 1190 2124 pro
1228 2057 1325 2108 Dei
1374 2072 1590 2122 amore,
1638 2072 1837 2111 mona-

129 2139 320 2193 steriis
351 2140 412 2194 in
434 2142 557 2210 ejus
590 2142 877 2213 episcopio
909 2143 1352 2197 consistentibus
1408 2144 1691 2214 imperiali
1732 2162 1835 2200 au-

127 2230 395 2283 ctoritate
427 2230 749 2284 libertatem
790 2236 845 2285 et
882 2232 1186 2286 tuitionem
1240 2234 1629 2299 concessisset,
1663 2250 1837 2304 roga-

126 2318 329 2389 vitque
377 2318 775 2373 celsitudinem
833 2327 1086 2374 nostram
1137 2327 1199 2374 ut
1257 2338 1361 2375 nos
1400 2322 1590 2376 denuo
1640 2328 1834 2377 nostra

128 2408 519 2478 praeceptione
549 2407 745 2461 eadem
772 2409 1121 2463 monasteria
1150 2414 1206 2463 et
1232 2410 1427 2464 omnia
1465 2410 1602 2464 illuc
1657 2412 1832 2481 perti-

128 2498 330 2550 nentia
360 2496 853 2551 conﬁrmaremus.
892 2499 1005 2551 Nos
1037 2515 1190 2564 vero,
1222 2499 1345 2568 ejus
1371 2499 1543 2569 justas
1572 2506 1628 2553 et
1657 2501 1830 2553 ratio-

128 2585 310 2639 nabili
342 2585 609 2656 petitioni
632 2602 929 2640 assensum
982 2588 1326 2656 praebentes,
1387 2590 1603 2644 dilectae
1643 2598 1834 2643 conte-

123 2674 291 2728 ctalis
362 2680 596 2739 nostrae,
673 2675 1071 2745 Cliunigundee
1135 2678 1397 2731 videlicet
1451 2678 1831 2747 imperatricis

124 2766 425 2834 Augustae,
496 2765 931 2831 interventione,
984 2767 1052 2818 ad
1105 2768 1384 2820 honorem
1445 2773 1654 2821 sanctas
1732 2766 1831 2821 Dei

125 2852 429 2922 genitricis
460 2852 670 2920 Mariae,
702 2853 793 2907 cui
823 2854 980 2907 locus
1014 2855 1108 2908 ille
1144 2856 1535 2927 Hammaburg
1586 2862 1670 2909 est
1691 2871 1828 2909 con-

124 2946 397 3002 secratus,
446 2940 633 2995 eidem
695 2942 819 2995 loco
858 2943 1394 3013 'Hammaburgensi
1440 2944 1824 3011 concedimus,

1414 340 1800 400 Dll’LOMATA
1844 344 2393 404 ECCLESIASTICA.

1880 469 1927 522 A
1966 469 2159 541 aliquo
2190 472 2380 526 banno
2401 472 2779 544 constringat,
2805 475 3462 549 autaliquamjustitiam
3493 485 3657 555 cogat

3554 360 3655 412 310

1960 560 2167 626 facere,
2208 561 2318 616 nisi
2389 563 2645 617 advocati
2735 564 3148 635 archiepiscopi
3227 569 3650 636 praenominati,

1960 664 2107 719 quos
2155 650 2278 720 ipse
2316 651 2472 718 velit,
2531 656 2587 705 et
2634 653 2942 707 constituat
2992 655 3308 709 advocatos.
3360 656 3473 726 Ipsi
3521 674 3653 712 vero

1959 738 2217 792 advocati
2259 738 2519 792 homines
2570 741 2837 810 prmfatos
2886 742 3076 795 hanno
3131 749 3325 796 nostro
3366 746 3650 800 constrin-

1957 836 2096 894 gant
2121 826 2189 878 ad
2225 842 2454 880 omnem
2476 827 2762 897 justitiam
2811 829 3155 884 faciendam.
3207 832 3275 885 Et
3306 838 3366 884 ut
3393 832 3516 887 haec
3546 850 3651 888 no-

1957 918 2071 967 stra
2119 914 2351 968 donatio
2388 932 2414 968 a
2468 916 2567 969 Dei
2622 916 2916 988 nostrique
2969 918 3232 973 ﬁdelibus
3289 920 3475 975 verior
3530 938 3650 975 esse

1954 1003 2219 1056 credatur
2240 1019 2303 1056 ac
2362 1020 2462 1073 per
2506 1020 2831 1058 successura
2876 1013 3137 1078 tempora
3165 1007 3494 1062 inconvulsa
3522 1009 3649 1064 dili-

1950 1091 2176 1161 gentius
2227 1092 2579 1159 observetur,
2640 1094 2786 1147 hanc
2825 1096 3077 1148 chartam
3114 1097 3396 1151 conscribi
3449 1114 3648 1152 manu-

1953 1196 2063 1251 que
2087 1185 2279 1234 nostra
2331 1181 2756 1235 corroboratam
2807 1182 2980 1253 sigilli
3034 1184 3215 1237 nostri
3272 1184 3648 1255 impressione

1951 1266 2216 1337 insigniri
2250 1267 2545 1337 jussimus.

2021 1355 2247 1423 Signum
2276 1356 2463 1409 damni
2518 1357 2779 1411 Heinrici
2838 1358 3062 1412 secundi
3092 1359 3210 1425 (Μ.)
3259 1359 3647 1427 gloriosissimi

1949 1445 2298 1511 imperatoris
2328 1446 2580 1511 Augusti.

2022 1532 2366 1587 Guntherius
2404 1532 2774 1587 cancellarius
2817 1532 2937 1587 vice
2968 1533 3641 1607 Gumbaldiarchicapel-

1949 1620 2064 1674 lani
2090 1621 2408 1691 recognovi.
2438 1621 2547 1687 (S.)

2021 1710 2163 1763 Data
2190 1710 2568 1764 qualendas
2607 1710 2953 1777 Decembris,
3010 1710 3324 1764 indictione
3364 1727 3461 1772 xu,
3491 1728 3642 1765 anno

1952 1796 2259 1852 Dominicm
2298 1797 2708 1852 incarnationis
2764 1801 2919 1861 1014,
2980 1815 3134 1852 anno
3179 1806 3372 1853 autem
3421 1798 3642 1853 domini

1949 1886 2199 1941 Heinrici
2230 1887 2463 1941 secundi
2496 1886 2790 1957 regnantis
2814 1900 2934 1953 xui,
2964 1888 3195 1958 imperii
3219 1904 3349 1942 vero
3387 1906 3425 1943 ι.

2015 1974 2254 2028 Altstedi
2277 1981 2507 2030 auctum
2528 1975 2871 2094 felicitler‘.XV

1945 2116 2002 2171 S.
2062 2117 2327 2172 Henricus
2373 2118 2671 2171 Tarvisinee
2700 2047 2970 2171 lgcﬁl‘tfasiz
2988 2118 3283 2186 privilegia
3333 2116 3635 2188 conﬁrmat.

2587 2189 2769 2255 (Amm
2804 2187 2983 2259 10H)

2312 2256 2576 2330 [Ughelli.
2615 2260 2990 2331 ltaﬁliuisarru,
3028 2259 3087 2312 V.
3117 2256 3278 2331 508.]

2014 2329 2079 2383 In
2100 2328 2334 2383 nomine
2364 2335 2572 2383 sanctas
2595 2335 2651 2382 et
2696 2330 3006 2384 llileldUiB
3038 2328 3353 2392 Trinitatis,
3412 2330 3637 2385 Hamm-

1942 2434 2057 2481 cus,
2090 2418 2283 2473 divina
2311 2419 2536 2473 favente
2578 2417 2904 2483 clementia,
2967 2418 3282 2488 imperator
3326 2422 3635 2487 Augustus.

2012 2506 2089 2572 Si,
2134 2507 2391 2560 Ecclesiis
2418 2508 2616 2561 devote
2645 2506 3010 2571 famulantes,
3055 2507 3136 2559 eis
3184 2523 3312 2576 quae
3369 2506 3641 2575 petierint

1942 2596 2358 2649 contulerimus
2422 2603 2654 2649 aeternae
2712 2595 3262 2665 recompensationis
3330 2595 3637 2665 praemium

1940 2684 2334 2754 proculdubio
2387 2683 2642 2752 accipere
2697 2699 2809 2735 non
2856 2683 3223 2753 aniliigimns.
3275 2683 3637 2753 Quapropter

1941 2773 2199 2826 omnium
2229 2779 2437 2826 sanctas
2474 2772 2567 2826 Dei
2604 2772 2857 2825 Ecclesia:
2882 2772 3138 2826 ﬁdelium
3167 2780 3632 2841 nostrorumque,

1938 2861 2311 2931 przesentium
2358 2860 2569 2914 scilicet
2606 2878 2669 2913 ac
2724 2861 3073 2926 futurorum,
3137 2866 3408 2932 agnoscat
3440 2860 3631 2914 multi-

1940 2952 2101 3013 tudo,
2150 2951 2464 3003 Arnaldum
2548 2956 2755 3003 sanctae
2818 2949 3192 3003 Tat‘visiensis
3247 2950 3635 3002 venerabilem

124 3029 467 3099 ceterisque
492 3031 855 3083 monasteriis
895 3031 963 3084 ad
999 3033 1144 3085 hanc
1196 3031 1484 3086 diceresim
1536 3033 1827 3104 pertineu-
1861 3034 1901 3089 C
1939 3037 2292 3108 episcOpum,
2317 3036 2635 3089 interventu
2689 3042 2743 3090 et
2784 3037 3060 3105 petitione
3121 3036 3392 3105 Egilberti
3421 3036 3636 3091 Frisiu-

124 3118 301 3185 tibus,
337 3118 389 3171 id
423 3123 508 3171 est
533 3119 803 3183 Bremun,
825 3119 1108 3178 Buckinn.
1172 3121 1533 3185 Ramaslaun,
1587 3120 1831 3175 Birchsi-

127 3223 275 3269 nun,
310 3207 621 3277 Hmslinga,
659 3208 970 3276 Ripesholt,
1034 3208 1311 3279 quidquid
1345 3209 1534 3262 senior
1562 3215 1617 3263 et
1665 3215 1833 3262 ante-

124 3311 321 3349 cessor
369 3311 533 3348 meus
576 3295 777 3366 suique
811 3303 1216 3361 antecessores,
1272 3313 1435 3367 reges
1495 3297 1752 3351 videlicet
1779 3300 1834 3349 et

124 3385 530 3454 imperatores,
556 3384 772 3438 eisdem
827 3385 1187 3470 monasteriis
1233 3385 1496 3439 donando
1544 3400 1641 3439 aut
1670 3385 1833 3438 robo-

128 3472 314 3527 rando
339 3479 770 3538 concesserant;
813 3490 880 3526 ea
917 3473 1179 3527 videlicet
1216 3473 1545 3528 conditione
1593 3480 1654 3527 ut
1692 3489 1836 3527 sem-

127 3577 235 3631 per
292 3562 400 3614 sub
454 3560 699 3614 tuitione
756 3567 953 3615 nostra
1044 3562 1158 3616 sint
1209 3564 1638 3632 perpetualiter,
1704 3579 1835 3617 cum

130 3650 406 3703 omnibus
436 3650 805 3719 pertinentiis
837 3652 972 3716 suis,
1005 3651 1259 3721 quaesitis
1310 3652 1395 3704 vel
1452 3651 1831 3721 inquirendis.

131 3738 515 3793 Concedimus
566 3738 800 3809 insuper
833 3740 1071 3809 praefato
1120 3738 1542 3809 archiepiscopo
1599 3741 1835 3810 ejusque

132 3827 563 3880 successoribus
594 3827 882 3881 licentiam
915 3828 1279 3882 construendi
1303 3834 1611 3882 mercatum
1635 3828 1694 3882 in
1716 3830 1837 3883 loco

134 3917 411 3970 Bremum
442 3923 795 3986 nuncupato,
826 3917 886 3970 in
934 3934 1047 3988 quo
1106 3933 1259 3971 nunc
1315 3917 1837 3989 archiepiscopatus

134 4003 418 4071 consistit,
453 4020 580 4058 cum
616 4006 803 4059 hanno
834 4010 891 4059 et
925 4007 1149 4060 teloneo
1178 4012 1346 4075 atque
1374 4011 1601 4059 moneta
1627 4007 1837 4076 publici

135 4093 414 4164 ponderis
460 4099 516 4147 et
579 4094 707 4163 puri
748 4095 989 4164 argenti,
1031 4100 1335 4165 totumque
1395 4094 1551 4165 quod
1599 4095 1732 4147 inde
1766 4095 1837 4148 ad

136 4183 343 4237 ﬁscum
418 4187 675 4235 nostrum
742 4183 1029 4253 pertinere
1101 4183 1474 4253 dignoscitur,
1524 4183 1837 4253 prmlibatae

139 4270 437 4326 Bremensi
462 4271 811 4325 conferimus
842 4272 985 4327 sedi.
1026 4272 1174 4337 Quin
1204 4271 1376 4325 etiam
1434 4272 1834 4341 negotiatores,
1874 4312 1913 4364 Ο

137 4360 400 4431 ejusdem
475 4360 686 4414 incolas
746 4361 869 4423 loci,
949 4367 1161 4415 nostra;
1212 4360 1468 4414 tuitionis
1524 4359 1839 4431 patrocinio

139 4448 557 4514 condonamus,
637 4449 1036 4519 praecipientes
1079 4450 1187 4503 hoc
1234 4448 1551 4519 imperialis
1598 4449 1843 4502 auctori-

139 4540 273 4592 tatis
303 4544 612 4608 praecepto,
640 4532 758 4608 quo
797 4539 857 4592 in
913 4539 1182 4592 omnibus
1240 4538 1339 4592 tali
1398 4539 1577 4592 tutela
1633 4543 1687 4591 et
1709 4538 1840 4607 jure

142 4626 463 4697 potiantur,
506 4626 660 4695 quali
684 4627 967 4696 majorum
1008 4627 1268 4681 videlicet
1295 4627 1589 4680 civitatum
1620 4625 1842 4679 instito-

146 4728 232 4765 res
256 4727 361 4781 per
384 4718 640 4766 nostrum
668 4730 905 4785 regnum
932 4715 1102 4785 potiri
1168 4720 1500 4779 noscuntur,
1556 4729 1845 4784 nemoque

146 4800 288 4854 inibi
311 4800 562 4871 aliquam
594 4802 701 4857 sibi
732 4803 979 4859 vindicet
1011 4809 1375 4874 potestatem,
1432 4804 1543 4857 nisi
1596 4802 1847 4874 praefatae

147 4888 295 4943 sedis
354 4890 837 4959 archiepiscopus,
862 4897 917 4947 et
973 4894 1279 4946 advocatus
1333 4908 1504 4962 quem
1550 4892 1672 4962 ipse
1732 4892 1846 4943 cle-

149 4977 316 5046 gerit.
352 4977 433 5030 Ad
472 4977 592 5031 haec
659 4978 945 5049 imperiali
1000 4980 1183 5033 edicto
1235 4980 1505 5051 jubemus
1552 4984 1615 5033 ut
1658 4980 1850 5033 nullus

150 5066 284 5129 dux,
338 5080 525 5136 neque
579 5067 831 5121 marchio
873 5068 962 5121 vel
1019 5084 1228 5135 comes,
1288 5073 1386 5121 aut
1416 5067 1527 5121 alia
1586 5068 1852 5137 quaelibet

145 5152 448 5221 judiciaria
498 5159 753 5223 potestas
782 5154 842 5208 in
873 5156 1328 5227 supradictorum
1372 5157 1851 5209 monasteriorum

153 5240 509 5306 hominibus,
564 5243 974 5315 llammaburg.
1012 5246 1298 5311 Bremum,
1336 5243 1615 5305 Buckiun,
1648 5245 1851 5298 Rama-

155 5331 342 5391 slaun,
378 5330 737 5399 Birchsinun,
773 5332 1081 5403 Haeslinga,
1117 5333 1427 5403 Ripesholt,
1463 5331 1546 5385 vel
1580 5330 1641 5385 in
1683 5336 1854 5386 caete-

159 5419 239 5473 ris
271 5417 632 5488 pertinentiis
662 5420 997 5475 eorumdem
1058 5420 1311 5492 aliquam
1358 5424 1697 5491 potestatem
1748 5418 1856 5473 sibi

162 5512 417 5576 usurpet,
445 5524 544 5562 seu
576 5508 636 5561 in
678 5509 813 5576 litis,
844 5508 1060 5564 colonis
1091 5516 1261 5579 atque
1306 5507 1743 5579 jamundlingis,
1765 5508 1854 5561 vel

164 5610 262 5648 eos
292 5593 501 5665 aliquis
521 5594 721 5665 capitis
752 5596 947 5651 banno
973 5597 1044 5650 ob
1098 5596 1301 5667 capitis
1347 5597 1562 5651 furtum
1603 5596 1689 5649 vel
1743 5593 1855 5649 alio

1942 3125 2133 3195 gensis
2168 3125 2423 3179 Ecclesiae
2453 3124 2739 3187 antistitis,
2761 3132 3009 3178 nostram
3040 3126 3395 3194 imperialem
3429 3123 3635 3192 implo-

1942 3230 2095 3267 rasse
2121 3213 2512 3267 celsitudinem
2545 3219 2848 3283 quatenus,
2898 3230 3001 3283 pro
3047 3213 3144 3266 Dei
3177 3228 3370 3266 amore
3404 3216 3639 3264 nostras-

1943 3318 2055 3373 que
2087 3302 2296 3355 anima:
2318 3301 2590 3366 remedio,
2616 3301 2721 3354 sibi
2745 3317 2974 3370 suaeque
3005 3301 3262 3353 Ecclesiae
3299 3302 3641 3354 conﬁrmare

1944 3391 2315 3460 dignaremur
2346 3405 2445 3458 per
2467 3393 2572 3442 hoc
2606 3398 2860 3441 nostrum
2884 3396 3228 3458 praeceptum
3259 3394 3457 3441 cunt-ta
3488 3402 3637 3457 prae-

1945 3486 2106 3549 cepta
2151 3494 2184 3531 a
2238 3478 2448 3530 nostris
2506 3476 3016 3547 praedecessoribus
3098 3475 3412 3528 constituta
3467 3482 3640 3543 atque

1944 3568 2299 3622 conﬁrmata.
2354 3564 2528 3635 tlujus
2587 3564 2777 3634 dignis
2816 3564 3299 3632 postulationibus
3343 3579 3638 3617 assensum

1944 3655 2284 3727 prazbentes,
2309 3659 2366 3706 et
2396 3658 2723 3705 nostrorum
2758 3658 3178 3706 antecessorum
3224 3657 3509 3722 praecepta
3539 3653 3640 3706 ob-

1946 3749 2252 3807 servantes,
2286 3742 2695 3795 conlirmamus
2716 3747 2771 3794 et
2793 3741 3228 3794 corroboramus
3259 3741 3366 3795 subi
3406 3756 3641 3810 suaeque

1946 3831 2196 3884 ecclesias
2224 3829 2418 3882 omnia
2450 3829 2932 3899 praedecessorum
2969 3836 3408 3898 nostrorumque
3441 3844 3643 3898 regum

1947 3920 2033 3973 vel
2062 3918 2475 3988 imperatorum
2501 3924 2785 3987 praecepta
2826 3922 2884 3970 et
2905 3933 2971 3969 ea
3004 3933 3131 3986 quae
3172 3916 3232 3969 in
3296 3916 3410 3970 illis
3459 3915 3642 3971 conti-

1950 4014 2176 4072 nentur,
2244 4007 2455 4059 scilicet
2500 4007 2641 4059 duas
2689 4012 2879 4075 partes
2935 4005 3145 4059 telonei
3196 4010 3251 4057 et
3307 4004 3538 4058 mercati
3573 4004 3644 4058 de

1948 4095 2287 4151 Tarvisiensi
2322 4100 2488 4163 portu
2516 4110 2646 4147 cum
2678 4094 2934 4146 districto
2969 4099 3024 4146 et
3084 4092 3250 4161 legali
3279 4092 3508 4161 querela
3541 4107 3642 4145 ceu

1950 4190 2008 4239 et
2034 4184 2174 4238 duas
2206 4183 2498 4253 portiones
2540 4181 2783 4252 publica:
2830 4186 3072 4234 moneta:
3105 4197 3208 4233 nec
3256 4195 3371 4232 non
3424 4183 3480 4232 et
3509 4178 3645 4233 telo-

1952 4287 2125 4325 neum
2170 4270 2457 4339 pra-dicina
2514 4269 2757 4322 civitatis
2820 4268 3057 4321 interius
3122 4273 3176 4321 et
3215 4266 3468 4321 exterius
3499 4266 3648 4322 sicut

1952 4362 2223 4423 hactenus
2256 4366 2467 4412 nostrae
2499 4358 2755 4428 pervenit
2781 4356 3009 4423 ditioni,
3041 4360 3154 4408 tam
3191 4355 3259 4408 de
3310 4355 3645 4409 Clitistianis

1951 4452 2313 4520 quamqueet
2344 4445 2557 4500 Judteis
2590 4445 2686 4514 qui
2722 4443 2932 4497 ibidem
2967 4443 3200 4511 negotia
3238 4458 3496 4496 exercere
3527 4450 3644 4495 stu-

1950 4537 2198 4601 duerint,
2254 4535 2313 4589 in
2382 4535 2672 4601 integrum
2735 4532 2986 4603 praefatae
3016 4530 3647 4586 Tarvisiensiecclesias

1951 4625 2359 4679 conﬁrmamus
2393 4640 2406 4689 ;
2441 4622 2611 4675 etiam
2642 4622 2903 4677 Sanctam
2951 4621 3180 4676 Mariam
3228 4637 3357 4674 cum
3417 4621 3649 4674 castello

1953 4715 2119 4783 Asylo
2153 4716 2207 4764 et
2239 4711 2506 4765 omnibus
2527 4710 2643 4762 suis
2674 4711 3116 4780 pertinentibus,
3145 4727 3208 4763 ac
3242 4710 3649 4764 monasterium

1956 4800 2354 4871 Crespulinum
2386 4815 2487 4852 seu
2516 4798 2805 4853 abbatiam
2843 4799 3020 4852 sancti
3074 4798 3274 4854 Hilarii
3312 4815 3439 4852 cum
3472 4799 3650 4851 eccle-

1958 4891 2188 4946 siastico
2218 4888 2503 4954 districto,
2527 4904 2633 4941 nec
2663 4905 2776 4941 non
2823 4894 2881 4941 et
2937 4888 3186 4941 decimas
3234 4886 3303 4939 de
3342 4886 3570 4940 bladino
3598 4892 3651 4939 et

1960 4979 2255 5043 ceresaria,
2289 4982 2346 5031 et
2377 4977 2575 5030 omnia
2604 4976 2713 5029 alia
2734 4992 2863 5046 quae
2896 4992 2998 5045 per
3028 4975 3409 5028 instrumenta
3429 4976 3651 5028 charta-

1961 5084 2088 5124 rum
2122 5085 2155 5121 a
2216 5068 2395 5121 Deum
2441 5065 2775 5119 timentibus
2834 5064 3085 5133 prmiataa
3143 5069 3350 5117 sanctas
3404 5062 3655 5116 ecclesias

1959 5159 2241 5213 donataet
2295 5170 2562 5209 concessa
2610 5170 2730 5207 esse
2790 5158 3126 5218 noscuntur,
3176 5152 3349 5206 etiam
3378 5151 3423 5204 si
3457 5150 3651 5204 immi-

1962 5251 2136 5302 nente
2179 5243 2431 5299 incendii
2486 5242 2739 5311 periculo
2787 5242 2875 5295 vel
2936 5241 3128 5311 aliquo
3176 5238 3494 5294 infortunio
3537 5239 3656 5309 jam

1965 5335 2115 5389 dicta
2174 5331 2408 5386 ecclesia
2453 5332 2677 5386 chartas
2751 5330 2838 5383 vel
2895 5329 3115 5399 aliquas
3165 5327 3502 5396 scriptiones
3557 5328 3673 5397 per

1964 5420 2370 5492 negligentiam
2402 5419 2670 5491 perdidit,
2705 5418 3113 5473 conﬁrmamus
3165 5421 3337 5487 atque
3385 5416 3662 5470 corrobo-

1967 5523 2161 5562 ramus
2191 5507 2275 5561 illi
2299 5524 2401 5578 per
2440 5507 2547 5561 hoc
2567 5511 2776 5561 nostra?
2808 5504 3163 5560 auctoritatis
3192 5511 3567 5576 praeceptum,
3600 5508 3665 5558 ut

1974 5594 2129 5664 ipsas
2169 5609 2258 5648 res
2309 5593 2563 5664 pontifex
2614 5593 2790 5664 ipsius
2858 5592 3119 5646 Ecclesia:
3178 5597 3386 5653 teneat.
3446 5592 3670 5646 ordinet
