3944 6348
253 332 346 382 3H

1551 328 1605 380 S.
1650 326 1931 380 HENRICI
1973 324 2446 381 IMPERATORIS

3658 321 3790 374 3l2

249 461 422 526 atque
449 454 722 524 disponat
775 469 907 508 cum
950 453 1216 507 omnibus
1272 454 1389 507 suis
1438 451 1607 506 rebus
1641 451 1946 505 mobilibus
1977 452 2024 505 Α
2061 450 2158 504 alii
2191 450 2369 504 nostri
2398 448 2617 513 ﬁdeles,
2647 446 2755 500 hoc
2784 448 3212 524 cognoscentes,
3241 449 3447 498 nostra
3495 434 3790 498 ﬁdeli-tati

251 549 306 600 et
327 543 718 598 immobilibus
758 547 976 595 remota
1004 542 1264 595 omnium
1307 540 1608 594 hominum
1656 538 1944 593 contradi-

251 633 440 687 ctione
471 633 556 685 vel
594 631 1014 684 molestatione.
1047 630 1105 685 Si
1137 629 1266 700 quis
1315 629 1493 699 igitur
1541 633 1751 682 nostra
1809 643 1946 680 con-

253 719 600 788 ﬁrmationis
647 723 997 789 praceptum
1029 717 1246 770 nefario
1278 733 1418 770 ausu
1479 715 1792 785 infringere
1825 720 1946 768 ten-

252 809 479 874 taverit,
541 806 682 861 sciat
735 823 793 859 se
854 807 1304 876 co‘mpositurnm
1355 804 1482 858 auri
1540 804 1748 876 optimi
1775 803 1950 857 libras

255 895 504 960 centum,
530 895 891 948 medietatem
922 909 1163 946 camera
1209 897 1444 960 nostra,
1478 897 1536 945 et
1584 892 1950 945 medietatem

255 985 568 1056 pralibata
606 982 854 1036 ecclesia
915 981 1147 1050 suisque
1187 980 1528 1034 rectoribus.
1572 979 1734 1042 Quod
1766 983 1829 1032 ut
1856 995 1954 1030 ve-

254 1074 372 1126 rius
401 1074 666 1125 credatur
695 1070 1143 1140 diligentiusque
1191 1069 1542 1135 observetur,
1595 1083 1768 1120 manu
1829 1082 1954 1138 pro—

255 1161 382 1230 pria
412 1159 738 1213 roboratum
762 1157 951 1226 sigillo
976 1162 1171 1211 nostro
1193 1155 1469 1225 jussimns
1492 1153 1780 1224 insigniri.

249 1308 275 1314 η
329 1249 552 1315 Signum
610 1247 818 1300 domini
867 1247 1110 1299 Heinrici
1172 1245 1526 1298 invictissimi
1604 1242 1955 1311 imperatoris

258 1338 522 1404 Augusti.

329 1423 671 1480 Gumlierius
719 1422 1093 1477 cancellarius
1149 1422 1265 1475 vice
1324 1419 1712 1475 Harconbaldi
1769 1417 1956 1472 archi-

260 1531 424 1585 capp.
459 1511 680 1568 notavi.

335 1622 403 1655 .3.
452 1642 463 1653 .
507 1641 520 1653 .
561 1641 580 1652 ν.
627 1643 639 1654 .
681 1598 996 1652 Dominica
1042 1595 1455 1651 incarnationis
1509 1595 1666 1661 1014,
1724 1595 1842 1650 ind.
1878 1613 1956 1662 ιι,

2058 538 2305 608 amplius
2347 536 2707 591 stabiliantur
2739 554 2756 601 ;
2784 534 2908 603 ejus
2954 532 3218 604 precibus
3265 538 3609 600 annuentes,
3637 533 3776 602 jam

2059 627 2276 681 dictum
2309 623 2710 679 comitatulum
2761 639 2792 676 a
2840 627 3040 676 nostro
3075 621 3205 691 jure
3244 621 3303 674 in
3347 621 3471 691 ejus
3505 620 3786 674 ecclesiae

2058 719 2396 786 potestatem
2450 713 2694 767 omnino
2743 711 3200 765 transfundimus
3261 715 3317 763 et
3344 711 3780 780 perdonamus,

2061 811 2118 858 et
2139 805 2435 874 praefatam
2474 802 2702 872 plebem
2732 810 2904 870 atque
2962 801 3225 853 chortem
3283 815 3384 870 per
3413 800 3520 852 hoc
3551 803 3783 852 nostra:

2061 891 2414 946 auctoritatis
2447 894 2798 960 praceptnm
2862 888 2984 956 jam
3036 887 3378 956 supradicta
3425 885 3784 942 Novariensi

2062 979 2312 1032 ecclesia
2334 977 2626 1032 reddimus
2652 980 2709 1030 et
2734 975 3096 1029 concedimus
3125 991 3256 1028 cum
3288 975 3446 1028 omni
3475 975 3778 1039 districta,

2065 1074 2121 1122 et
2148 1067 2388 1121 teloneis
2445 1082 2509 1119 ac
2566 1063 2977 1136 piscationibus
3036 1079 3167 1134 qua
3213 1063 3272 1116 in
3322 1063 3562 1116 ﬂumine
3607 1052 3780 1132 Toxp

2065 1161 2217 1220 sunt,
2273 1155 2332 1208 in
2405 1154 2518 1208 illis
2591 1152 2804 1206 scilicet
2859 1151 2998 1206 locis
3058 1153 3160 1205 ubi
3217 1152 3344 1221 ipsa
3400 1143 3651 1205 Ecclesia
3698 1167 3773 1203 ex

2065 1251 2309 1316 utraque
2336 1242 2592 1297 ﬂuminis
2619 1246 2778 1294 tenet
2823 1245 3004 1310 parte,
3063 1245 3120 1294 et
3157 1255 3287 1293 cum
3341 1239 3780 1303 venationibus,

2067 1351 2168 1388 seu
2216 1331 2484 1385 omnibus
2539 1330 2710 1383 rebus
2765 1346 2893 1399 qua
2941 1329 3013 1383 ad
3075 1329 3365 1399 publicam
3423 1335 3652 1399 partem
3702 1345 3772 1382 ex

2069 1425 2268 1479 eodem
2309 1422 2640 1476 comitatulo
2670 1421 2819 1491 exigi
2845 1424 3105 1490 possunt,
3131 1437 3258 1473 cum
3284 1419 3539 1490 capellis,
3571 1420 3774 1486 domo,

2068 1513 2279 1579 curtili,
2355 1509 2710 1575 massaritiis,
2802 1509 2964 1576 casis,
3041 1507 3441 1573 sediminibus,
3527 1508 3777 1576 campis,

2069 1600 2269 1672 pratis,
2365 1598 2564 1663 vineis,
2639 1596 2886 1667 pascuis,
2961 1595 3135 1661 silvis,
3217 1595 3480 1660 stalariis,
3556 1595 3780 1662 saletis,

261 1705 416 1743 anno
449 1686 671 1742 domini
702 1687 951 1742 Heinrici
983 1685 1334 1739 serenissimi
1379 1683 1746 1754 imperatoris
1796 1683 1961 1754 regni
1994 1730 2034 1783 Β
2071 1688 2396 1761 paludibus,
2429 1687 2612 1758 aquis,
2647 1701 2928 1756 aquarum
2988 1684 3338 1751 decursibus,
3400 1684 3778 1745 molendinis,

265 1795 364 1844 xu,
396 1775 628 1846 imperii
658 1791 794 1828 vero
819 1791 857 1828 ι.

334 1869 535 1919 Actum
561 1863 622 1916 in
659 1862 795 1915 villa
818 1859 1046 1915 Dulceri
1088 1899 1102 1914 .
1147 1901 1159 1913 .
1206 1901 1218 1914 .
1266 1902 1276 1912 .
1323 1901 1336 1913 .

337 1954 506 2007 Locus
528 1951 718 2018 sigilli.

1010 2018 1228 2072 LXXVI.

271 2095 327 2150 S.
361 2093 662 2146 Heinricus
691 2093 846 2145 Petro
883 2093 1127 2159 episcopo
1180 2089 1503 2144 Novariensi
1540 2088 1677 2156 jura
1719 2088 1968 2142 Ecclesia

294 2189 298 2193 λ
412 2179 541 2216 sua
567 2164 828 2226 restituit,
857 2162 925 2214 ab
957 2162 1210 2214 Arduino
1240 2161 1557 2213 marchione
1577 2159 1786 2212 ablata.

925 2235 1108 2290 (Anno
1134 2229 1315 2298 1014.)

618 2301 883 2374 [Ughelli,
917 2303 1086 2356 Italia
1124 2297 1308 2366 sacra,
1341 2301 1429 2367 IV,
1467 2297 1623 2371 700.]

341 2393 405 2446 In
431 2389 664 2444 nomine
695 2395 905 2442 sancta
945 2394 1000 2442 et
1031 2388 1338 2442 individua
1381 2386 1699 2455 Trinitatis,
1755 2387 1971 2442 stm-

271 2497 384 2544 cus,
417 2479 610 2533 divina
635 2477 938 2531 ordinante
985 2476 1310 2540 clementia,
1363 2476 1758 2530 Romanorum
1787 2475 1974 2546 impe-

275 2575 429 2623 rator
456 2571 764 2635 Augustus.

347 2658 491 2710 Dum
520 2654 778 2708 fidelium
812 2652 1184 2724 petitionibus
1215 2656 1426 2706 nostra
1453 2651 1765 2721 imperialis
1809 2651 1972 2706 celsi-

274 2744 488 2800 tudinis
527 2759 822 2796 assensum
862 2741 1302 2813 prabuerimus,
1334 2757 1430 2794 eos
1485 2745 1681 2794 nostro
1743 2740 1975 2794 servitio

277 2832 660 2905 promptiores
690 2847 753 2884 ac
810 2830 1128 2884 devotiores
1167 2846 1289 2882 esse
1323 2829 1564 2883 minime
1623 2829 1972 2882 dubitamus.

279 2923 640 2990 Quapropter
669 2923 1002 2971 cunctorum
1045 2916 1308 2969 Ecclesia
1356 2915 1648 2969 catholica
1695 2916 1971 2978 ﬁdelium,

2072 1777 2505 1850 piscationibus,
2535 1774 2700 1828 cultis
2730 1779 2786 1827 et
2813 1773 3065 1832 incultis,
3132 1772 3328 1826 divisis
3379 1778 3435 1825 et
3485 1773 3780 1841 indivisis,

2069 1867 2329 1931 terminis
2392 1863 2804 1929 concessionis,
2881 1862 3164 1931 piscariis,
3220 1861 3579 1930 campariciis
3619 1861 3783 1917 aliis-

2074 1968 2184 2024 que
2221 1950 2498 2004 universis
2529 1947 3028 2012 redbibitionibus,
3052 1962 3182 1998 cum
3213 1946 3389 1999 servis
3419 1951 3477 1999 et
3524 1945 3780 2012 ancillis,

2074 2039 2400 2095 aldianibus
2421 2042 2478 2090 et
2530 2035 2772 2090 aldianis
2820 2033 3120 2104 utriusque
3163 2051 3349 2098 sexus,
3381 2050 3513 2087 cum
3581 2034 3784 2087 omni-

2074 2130 2199 2194 bus,
2233 2143 2361 2198 qua
2412 2125 2524 2180 dici
2589 2129 2688 2178 aut
2744 2123 2934 2177 vocari
2977 2116 3339 2192 possuntjad
3389 2125 3508 2192 jam
3563 2122 3785 2175 dictam

2074 2218 2304 2289 plebem
2359 2215 2447 2267 vel
2504 2213 2763 2267 chortem
2857 2210 3279 2281 pertinentibus
3325 2211 3412 2263 vel
3471 2209 3789 2280 respicien-

2075 2307 2272 2370 tibus;
2307 2319 2412 2357 nec
2442 2317 2560 2355 non
2593 2306 2648 2353 et
2682 2303 2913 2370 portum
2963 2299 3032 2352 de
3074 2299 3335 2352 Bestamo
3389 2297 3577 2351 eidem
3613 2296 3791 2366 plebi

2077 2393 2484 2467 pertinentem.
2518 2404 2691 2460 quem
2741 2386 3188 2457 gloriosissimus
3225 2387 3539 2439 avunculus
3583 2391 3792 2440 noster

2081 2478 2226 2534 Otho
2255 2478 2432 2547 Major
2461 2475 2799 2546 supradicta
2838 2475 2958 2528 sedi
3003 2491 3108 2544 per
3156 2479 3508 2544 praceptum
3548 2489 3792 2527 conces-

2080 2567 2152 2620 sit
2186 2568 2303 2620 :ita
2335 2571 2399 2620 ut
2429 2567 2619 2618 nullus
2676 2564 2958 2630 marchio,
3000 2580 3210 2627 comes,
3266 2563 3603 2632 vicecomes,
3634 2565 3793 2616 scul-

2083 2655 2268 2708 datius
2299 2655 2442 2725 ejus,
2468 2670 2569 2707 seu
2595 2652 2866 2723 quaelibet
2909 2667 3120 2721 magna
3167 2667 3457 2721 parvaque
3509 2639 3792 2720 persona,

2081 2743 2342 2797 homines
2367 2743 2490 2812 jam
2549 2741 2684 2795 dicti
2733 2734 3040 2794 comitatus
3072 2756 3172 2792 seu
3227 2740 3408 2810 plebis
3467 2742 3554 2792 vel
3617 2741 3798 2792 chor-

2082 2831 2155 2884 tis
2211 2830 2419 2884 audeat
2452 2829 2816 2898 distringere,
2856 2833 2955 2881 aut
3005 2828 3155 2880 infra
3203 2827 3394 2897 ipsum
3447 2827 3792 2880 comitatum

2084 2919 2301 2990 aliquid
2335 2924 2646 2988 prasumat
2676 2917 2928 2986 exigere,
2971 2917 3059 2969 vel
3113 2921 3336 2987 paratas
3394 2915 3601 2980 facere,
3676 2931 3792 2968 nec

282 3010 726 3077 nostrorumque
755 3009 871 3058 tam
903 3005 1276 3074 praesentium
1318 3021 1492 3074 quam
1525 3005 1854 3058 futurorum
1887 3021 1978 3058 so-
2013 3005 2053 3059 C
2092 3007 2234 3059 ullas
2265 3007 2676 3060 redhibitiones
2733 3005 3029 3076 acquirere
3062 3021 3075 3070 ;
3112 3005 3208 3058 sed
3253 3005 3416 3058 liceat
3466 3010 3795 3057 memorato

284 3096 451 3149 tertia
503 3098 870 3164 recognoscat
902 3094 1153 3157 Petrum,
1200 3092 1467 3146 venerah.
1517 3091 1724 3159 virum,
1775 3097 1981 3146 sancta

285 3183 647 3239 Novariensis
735 3180 988 3235 Ecclesia
1079 3181 1434 3250 episcopum,
1534 3186 1982 3251 nostrorumque

285 3272 537 3336 ﬁdelem,
562 3269 662 3341 qui
692 3274 901 3322 nostrae
931 3268 1220 3322 ﬁdelitatis
1254 3285 1424 3322 causa
1474 3268 1654 3320 multa
1691 3269 1982 3336 sustinuit,

284 3361 496 3414 famem
535 3356 816 3422 videlicet,
885 3355 1062 3424 sitim,
1106 3363 1277 3410 astus
1316 3360 1368 3408 et
1405 3354 1602 3424 frigus,
1649 3361 1707 3410 et
1749 3357 1984 3428 insuper

288 3448 564 3519 glaciosas
592 3461 764 3516 rupes
794 3445 1081 3514 collesque
1113 3444 1247 3498 satis
1289 3459 1537 3513 asperos,
1595 3445 1763 3498 nudis
1820 3445 1984 3515 pedi-

288 3537 415 3604 bus,
472 3533 947 3607 persequentibus
1018 3531 1288 3597 inimicis,
1344 3531 1615 3602 fugiendo
1673 3535 1982 3603 superavit,

295 3624 588 3696 quietiam
619 3612 771 3676 nunc
800 3620 1242 3692 praesentialiter
1263 3621 1445 3672 multa
1469 3620 1698 3688 damna,
1732 3621 1987 3675 Arduino

296 3715 642 3775 devastante,
699 3710 912 3780 recepit
967 3708 1122 3778 (nam
1178 3708 1430 3761 ecclesia
1498 3708 1652 3761 illius
1699 3715 1832 3763 sunt
1898 3711 1988 3764 de-

294 3803 581 3873 pradata,
657 3804 840 3852 castra
905 3797 1182 3866 disrupta,
1258 3796 1462 3850 domus
1520 3813 1748 3864 eversa,
1809 3797 1988 3852 vinea

294 3892 506 3956 incisa,
553 3889 783 3942 arbores
839 3885 1224 3950 decorticata,
1281 3884 1518 3955 insuper
1561 3885 1756 3954 plebes
1808 3887 1988 3957 ipsius

294 3983 350 4032 et
377 3982 564 4031 curtes
603 3975 673 4028 ab
711 3974 966 4028 Arduino
997 3988 1100 4042 pro
1149 3971 1429 4025 beneﬁcio
1459 3973 1692 4043 suisque
1739 3973 1988 4029 inimicis

293 4067 440 4122 data
463 4065 634 4131 sunt),
657 4069 912 4116 nostram
944 4061 1303 4130 imperialem
1359 4061 1544 4115 adisse
1571 4064 1984 4132 excellentiam,

295 4162 580 4226 quatenus
605 4167 710 4222 pro
745 4151 830 4203 sui
880 4150 1090 4204 laboris
1144 4150 1632 4220 compensatione,
1662 4155 1719 4205 et
1749 4169 1985 4207 suorum

2091 3097 2317 3166 praesuli
2347 3095 2578 3165 suisque
2620 3095 3060 3159 successoribus,
3113 3094 3233 3163 jam
3295 3093 3664 3162 sapedictum
3688 3109 3798 3146 co-

2095 3184 2359 3237 mitatum
2409 3199 2539 3236 cum
2580 3183 2906 3252 supradicta
2938 3182 3101 3251 plebe
3128 3181 3214 3235 vel
3243 3181 3436 3234 chorte
3479 3187 3699 3247 tenere,
3738 3186 3798 3234 et

2095 3288 2292 3326 omnes
2323 3272 2586 3325 homines
2635 3269 2814 3341 ipsius
2864 3271 3167 3324 comitatus
3219 3270 3332 3322 sive
3373 3269 3556 3340 ipsius
3605 3270 3797 3340 plebis

2094 3362 2181 3414 vel
2236 3359 2449 3414 chortis
2503 3376 2604 3430 per
2642 3375 2700 3413 se
2761 3360 2850 3412 vel
2895 3375 3062 3412 suum
3113 3359 3364 3428 legatum
3417 3359 3795 3425 distringere,

2095 3449 2240 3503 sicut
2294 3464 2399 3519 per
2445 3464 2572 3513 nos,
2640 3449 2728 3501 vel
2778 3452 3062 3500 nostrum'
3113 3447 3351 3500 missum
3405 3446 3802 3517 distringendi

2098 3542 2302 3602 essent,
2329 3542 2384 3591 et
2423 3536 2616 3591 omnia
2645 3553 2774 3608 quae
2801 3535 2870 3589 de
2900 3535 3023 3604 ipso
3065 3534 3338 3589 comitatu
3385 3535 3457 3588 ad
3502 3535 3800 3605 publicam

2096 3633 2316 3698 partem
2343 3626 2632 3697 pertinent
2673 3625 2760 3678 vel
2816 3624 2948 3678 inde
3003 3624 3150 3693 exigi
3197 3628 3454 3693 possunt,
3526 3628 3583 3677 et
3632 3641 3796 3693 pra-

2095 3720 2345 3769 taxatam
2375 3715 2600 3783 plebem
2639 3713 2709 3767 de
2728 3715 2978 3776 Trecate,
3029 3718 3202 3782 atque
3240 3713 3498 3766 chortem
3548 3713 3619 3766 de
3657 3714 3799 3766 Gra-

2096 3804 2300 3857 valona
2326 3819 2456 3856 cum
2486 3802 2753 3856 omnibus
2791 3801 2908 3854 suis
2961 3799 3317 3871 appendiciis
3361 3801 3444 3853 vel
3501 3800 3802 3870 pertinen-

2097 3892 2193 3946 tiis
2219 3892 2446 3957 habeat,
2507 3895 2700 3944 teneat
2747 3889 3104 3960 ﬁrmiterque
3161 3889 3453 3959 possideat
3505 3893 3625 3942 tam
3673 3888 3798 3960 ipse

2099 3997 2274 4052 quam
2330 3994 2676 4033 successores
2713 3978 2887 4044 illius,
2921 3978 3041 4048 qui,
3073 3979 3188 4032 Deo
3254 3977 3500 4042 favente,
3542 3977 3797 4046 disposi-

2099 4071 2320 4123 tionem
2368 4067 2548 4138 ipsius
2602 4067 2751 4120 sedis
2799 4071 2854 4120 et
2899 4066 3227 4119 cathedram
3267 4065 3586 4135 suscepturi
3637 4070 3796 4134 sunt,

2100 4157 2260 4212 omni
2306 4162 2498 4210 nostra
2543 4161 2986 4226 nostrorumque
3039 4170 3430 4208 successorum
3474 4169 3681 4221 regum
3743 4160 3799 4207 et

293 4244 637 4297 damnorum
686 4237 1120 4304 restauratione,
1170 4238 1478 4308 quemdam
1562 4241 1980 4308 comitatulum,
2022 4285 2066 4339 D
2104 4246 2535 4314 imperatorum,
2611 4245 2770 4298 omni
2811 4245 3112 4298 hominum
3183 4241 3632 4297 contradictione
3713 4245 3803 4296 vel

295 4330 396 4402 qui
426 4329 486 4382 in
507 4329 650 4395 valle
700 4327 914 4380 Ausula
968 4326 1116 4380 infra
1166 4327 1345 4398 ipsius
1406 4327 1767 4399 episcopatus
1821 4346 1989 4400 paro-

254 4478 257 4480 _
305 4418 493 4473 chiam
516 4417 770 4486 adjacere
822 4416 1196 4486 dignoscitur,
1250 4417 1533 4488 pradicta
1585 4418 1836 4472 ecclesia
1876 4420 1993 4473 No-

307 4506 573 4569 variensi,
632 4521 760 4559 cum
815 4505 1079 4559 omnibus
1124 4507 1518 4561 {unctionibus
1575 4495 1705 4578 qua
1753 4509 1824 4562 de
1866 4508 1991 4579 ipso

249 4589 252 4591 Α
299 4594 635 4650 comitatulo
667 4593 911 4664 publica
969 4594 1116 4664 parti
1167 4595 1480 4666 pertinent,
1528 4597 1988 4652 concederemus.

299 4685 412 4738 Nec
441 4699 554 4735 non
579 4681 753 4734 etiam
782 4682 1118 4752 deprecatus
1151 4689 1234 4736 est
1266 4700 1369 4737 nos
1417 4688 1478 4737 ut
1529 4685 1840 4754 quamdam
1870 4686 1992 4754 ple-

295 4773 427 4826 bem
453 4771 540 4824 sui
579 4771 956 4840 episcopatus,
980 4787 1154 4841 quam
1181 4772 1314 4825 olim
1349 4773 1498 4826 malo
1533 4773 1736 4826 ordine
1758 4777 1815 4826 et
1849 4773 1996 4843 inju-

298 4866 385 4914 sta
431 4858 653 4912 ratione
705 4876 806 4912 sua
870 4859 1122 4929 perdidit
1179 4859 1435 4927 ecclesia,
1464 4876 1594 4930 qua
1650 4861 1760 4914 sita
1813 4865 1901 4914 est
1933 4861 1993 4915 in

297 4948 431 5002 villa
481 4963 611 5018 qua
660 4946 996 5000 nominatur
1052 4949 1305 5012 Trecate,
1349 4963 1468 5000 non
1533 4948 1671 5001 adeo
1716 4951 1912 5018 procul
1962 4967 1994 5003 a

297 5036 542 5099 civitate,
603 5043 826 5090 curtem
885 5050 1118 5106 quoque
1192 5051 1320 5105 qua
1394 5036 1710 5089 Gravalona
1765 5037 1990 5098 dicitur,

298 5125 590 5196 quondam
620 5123 799 5194 ipsius
822 5122 1072 5193 episcopi
1099 5123 1512 5188 continentem,
1563 5123 1657 5176 sed
1685 5140 1813 5194 qua
1840 5139 1994 5177 nunc

296 5213 509 5284 injuste
539 5229 779 5283 pervasa
809 5227 932 5266 esse
963 5211 1335 5281 dignoscitur,
1369 5227 1485 5263 sua
1537 5211 1795 5265 Ecclesia
1834 5212 1995 5265 resti-

299 5307 613 5356 tueremus.
645 5301 843 5371 Itaque
874 5300 1113 5368 dignum
1152 5303 1236 5351 est
1275 5302 1337 5351 ut
1386 5298 1474 5351 sui
1507 5299 1714 5353 laboris
1762 5316 1990 5369 prauo-

299 5390 550 5443 minatus
578 5390 789 5458 prasul
847 5385 1287 5441 retributionem
1323 5403 1357 5440 a
1397 5386 1563 5439 nobis
1610 5388 1900 5458 suscipiat.
1929 5390 1994 5442 Et

296 5479 570 5547 quoniam
605 5478 828 5548 justum
859 5481 944 5530 est
973 5480 1037 5529 ut
1060 5491 1232 5546 supra
1280 5475 1573 5529 nominata
1621 5477 1780 5548 plebs
1817 5483 1990 5549 atque

299 5565 468 5620 chors
485 5565 604 5636 jam
664 5566 812 5620 dicta
857 5581 960 5619 suo
1019 5565 1352 5619 restituatur
1384 5565 1762 5636 episcopatui,
1814 5571 1873 5621 et
1929 5572 1992 5622 ut

2106 4333 2486 4389 diminutione
2543 4339 2784 4388 remota.
2847 4332 2905 4388 Si
2956 4331 3084 4403 quis
3136 4331 3314 4402 igitur
3379 4336 3588 4384 nostra
3655 4347 3804 4384 con-

2104 4422 2374 4476 cessionis
2404 4427 2460 4476 et
2488 4421 2941 4476 conﬁrmationis
2973 4427 3328 4490 praceptum
3387 4419 3605 4473 nefarie
3653 4436 3803 4474 ausu

2103 4509 2409 4565 temerario
2437 4511 2648 4564 violare
2680 4509 3114 4581 prasumpserit
3164 4513 3396 4561 centum
3450 4509 3624 4562 libras
3673 4508 3801 4562 auri

2104 4599 2308 4669 optimi
2334 4615 2679 4669 componere
2725 4603 2981 4668 cogatur,
3020 4597 3388 4651 medietatem
3445 4596 3658 4666 palatio
3704 4615 3804 4652 no-

2104 4693 2241 4753 stro,
2292 4692 2348 4740 et
2403 4687 2767 4741 medietatem
2839 4685 3172 4740 Novariensi
3239 4683 3490 4738 ecclesia
3561 4686 3802 4754 ejusque

2103 4776 2309 4830 rectori
2347 4776 2446 4847 qui
2482 4792 2587 4846 pro
2648 4781 2907 4845 tempore
2959 4774 3106 4828 inibi
3150 4773 3413 4826 habetur.
3471 4774 3537 4826 Et
3589 4779 3654 4826 ut
3693 4774 3806 4828 hoc

2103 4863 2293 4917 verius
2348 4864 2612 4917 credatur
2661 4862 3109 4932 diligentiusque
3157 4861 3228 4915 ab
3285 4861 3552 4915 omnibus
3612 4862 3806 4915 obser-

2103 4957 2287 5018 vetur,
2347 4968 2521 5005 manu
2591 4951 2824 5022 propria
2897 4951 3092 5004 subter
3144 4948 3569 5017 conﬁrmantes,
3629 4950 3805 5021 sigilli

2104 5039 2285 5092 nostri
2312 5039 2691 5109 impressione
2717 5039 2993 5109 jussimns
3020 5037 3312 5107 insigniri.

2175 5131 2407 5196 Signum
2432 5131 2494 5183 D.
2528 5128 2769 5182 Henrici
2791 5129 3122 5181 serenissimi
3167 5132 3218 5181 et
3242 5128 3594 5180 invictissimi
3620 5129 3792 5197 impe-

2101 5218 2302 5270 ratoris
2323 5216 2581 5283 Augusti.

2177 5305 2296 5358 Dat.
2357 5319 2507 5357 anno
2564 5302 2975 5357 incarnationis
3035 5302 3343 5356 Dominica
3376 5303 3536 5362 1014,
3594 5302 3792 5358 indict.

2100 5410 2196 5460 xu,
2230 5393 2379 5446 anno
2400 5409 2531 5446 vero
2564 5393 2732 5464 regni
2768 5395 2829 5447 D.
2857 5391 3087 5448 Henrici
3130 5392 3494 5464 imperatoris
3514 5397 3666 5462 Aug.
3699 5411 3794 5447 xui

2103 5481 2327 5551 imperii
2358 5482 2566 5551 primo.

2170 5573 2372 5624 Actum
2393 5569 2731 5624 Trucuiana
2761 5569 3020 5624 feliciter.
3045 5571 3246 5623 Amen.
