3944 6304
142 334 247 385 313

876 452 1118 506 LXXVII.

137 539 196 616 _S.
260 538 544 593 Henricus
596 537 842 593 Ecclesia:
897 542 1223 596 Savonensis
1303 547 1662 612 possessiones
1725 561 1846 601 con-

749 630 933 695 ﬁrmat
970 633 1021 682 et
1059 635 1236 697 auget.

774 716 960 787 (Anno
998 718 1182 788 1014.)

166 804 177 879 ς
504 804 770 875 [Ughelli,
804 807 968 859 Italia
1002 821 1180 871 sacra,
1206 808 1293 873 VI,
1334 806 1497 880 732.]

164 966 169 969 ἠ
212 894 280 947 In
342 893 578 946 nomine
618 899 826 947 sanctae
897 898 953 947 et
1000 894 1311 949 individuze
1348 897 1660 965 Trinitatis,
1694 898 1841 952 HEN-

138 968 326 1058 arces,
357 968 551 1035 divina
577 983 797 1036 favente
837 982 1161 1049 clementia,
1221 984 1611 1039 Romanorum
1660 986 1845 1058 impe-

137 1076 303 1122 rator
332 1086 569 1140 semper
602 1072 906 1141 Augustus.

212 1159 299 1236 Ad
332 1159 440 1236 hoc
474 1176 581 1212 nos
612 1160 820 1213 divinae
882 1160 1109 1228 pietatis
1162 1160 1411 1231 provisio
1443 1162 1514 1216 ad
1544 1162 1845 1233 imperiale

137 1232 316 1301 decus
340 1232 617 1316 provexit,
660 1255 715 1300 et
747 1253 917 1302 tantm
964 1250 1261 1319 potestatis
1313 1251 1563 1304 culmine
1611 1232 1842 1307 decora-

136 1336 241 1402 vit,
266 1342 332 1389 ut
358 1353 493 1407 erga
541 1336 796 1391 divinum
830 1337 1049 1391 cultum
1086 1338 1348 1404 sollicite,
1396 1344 1453 1392 et
1480 1340 1630 1394 circa
1664 1343 1844 1395 Eccle-

137 1424 243 1477 siae
268 1424 481 1478 Christi
506 1425 797 1478 munimen
857 1432 913 1478 et
951 1427 1266 1480 custodiam
1316 1433 1486 1498 atque
1533 1431 1843 1483 auctorita-

138 1518 256 1566 tem
281 1513 463 1565 simus
491 1529 716 1583 semper
746 1514 1041 1584 pervigiles
1072 1514 1295 1570 intenti.
1340 1516 1550 1571 Idcirco
1582 1519 1842 1572 omnium

140 1586 408 1655 ﬁdelium
440 1609 649 1655 sanctae.
691 1603 789 1655 Dei
824 1603 1079 1656 Ecclesiae
1111 1611 1556 1676 nostrorumque
1588 1622 1843 1676 prmsen-

136 1690 288 1743 tium
337 1688 554 1742 scilicet
606 1696 661 1743 et
704 1690 1043 1750 futurorum
1076 1693 1298 1745 noverit
1352 1692 1634 1747 industria
1665 1696 1845 1765 quali-

139 1784 232 1832 ter
280 1779 660 1840 Ardemanus,
711 1780 1048 1833 Savonensis
1084 1780 1406 1850 episcopus,
1444 1782 1840 1852 imperialibus

141 1868 356 1921 nostris
394 1854 687 1921 obtutibus
718 1875 1067 1938 prmceptum
1125 1869 1335 1924 scilicet
1386 1886 1450 1923 ac
1499 1872 1840 1925 mundibur-

142 1956 306 2010 dium
356 1962 778 2010 antecessorum
827 1963 1158 2011 nostrorum
1207 1958 1493 2013 Othonum
1552 1961 1843 2014 nobilissi-

143 2061 371 2098 morum
409 2046 824 2114 imperatorum
855 2047 1083 2112 obtulit,
1117 2048 1405 2117 quomodo
1448 2048 1554 2119 ipsi
1589 2050 1842 2119 praafata:

139 2134 413 2190 Ecclesiae
464 2136 699 2189 Savona:
746 2150 858 2199 res,
891 2151 956 2189 ac
1014 2136 1230 2204 praedia
1268 2136 1666 2191 immunitates
1714 2155 1845 2192 con-

141 2224 421 2277 tulerunt.
484 2223 641 2278 Unde
701 2240 803 2277 nos
867 2240 1065 2277 eorum
1121 2224 1588 2279 conﬁrmationes
1639 2242 1845 2295 praece-

142 2318 308 2381 ptum
348 2312 561 2365 scilicet
588 2328 653 2365 ac
705 2313 1177 2367 mundiburdium
1222 2315 1670 2379 considerantes,
1737 2331 1842 2383 pro

147 2400 247 2453 Dei
287 2416 485 2453 amore
508 2406 831 2470 nostraeque
861 2400 1069 2454 animae.
1108 2401 1383 2465 remedio,
1415 2402 1844 2470 conﬁrmamus,

142 2495 198 2542 et
257 2489 503 2542 ﬁrmiter
552 2490 609 2541 in
680 2495 1025 2560 perpetuum
1084 2491 1519 2543 corroboramus
1578 2507 1681 2560 per
1737 2491 1846 2544 hoc

145 2583 406 2631 nostrum
455 2577 752 2648 imperiale
807 2582 1180 2649 prmeeptum,
1214 2578 1452 2632 domum
1512 2595 1640 2632 civim
1699 2581 1844 2632 turri

142 2673 199 2719 et
227 2671 390 2720 curte
448 2672 505 2720 et
552 2666 969 2731 mansionibus,
1012 2674 1175 2738 porta
1227 2667 1353 2737 ripa
1402 2667 1580 2738 ipsius
1627 2668 1843 2721 castelli

142 2755 506 2814 Savonensis.
535 2754 768 2825 insuper
799 2756 981 2808 lacum
1012 2756 1328 2810 rotundum
1374 2757 1638 2822 Cardeto,
1691 2757 1841 2810 Man-

146 2844 356 2897 duculo
408 2844 479 2896 de
527 2844 703 2909 Callo,
771 2844 954 2910 Cairo,
1014 2845 1210 2898 Casale
1277 2861 1495 2913 grasso,
1541 2845 1838 2910 Eremana,

145 2935 308 3001 Aqua
350 2930 575 2997 Marcia,
609 2936 664 2984 et
696 2938 847 2985 terra
875 2932 945 2985 de
994 2933 1171 2985 Ponte
1199 2938 1411 3003 quanta
1466 2933 1533 2987 ad
1587 2938 1843 2987 sanctum

147 3020 469 3091 Eugenium
528 3020 834 3090 pertinent,
903 3022 1088 3075 Monte
1141 3022 1319 3076 Curro
1374 3023 1524 3076 valla
1573 3022 1633 3075 in
1690 3026 1844 3089 Aste,
1878 3025 1917 3079 C

145 3110 425 3163 tunicella
458 3125 594 3177 una,
654 3110 880 3179 plebem
926 3110 1107 3163 sancti
1143 3111 1363 3177 Donati,
1396 3112 1622 3181 plebem
1678 3113 1841 3165 Melo-

148 3199 309 3262 sinae,
341 3199 567 3268 plebem
618 3204 825 3251 sanctae
863 3198 1049 3253 Marias
1090 3200 1147 3252 in
1199 3200 1453 3267 Gugada,
1511 3206 1569 3254 et
1617 3200 1843 3270 plebem

146 3288 454 3353 Manarate,
499 3286 645 3352 Sale,
679 3288 864 3341 Monte
910 3289 1038 3355 Bar,
1090 3288 1274 3352 Cario,
1305 3288 1604 3359 Corgenio,
1641 3290 1843 3354 Leone,

145 3376 430 3441 Scrunito,
478 3376 778 3429 Lavaniola
823 3393 953 3447 qua!
1012 3376 1222 3431 dicitur
1271 3377 1456 3431 Gausa
1502 3378 1666 3440 sicca,
1710 3379 1848 3433 Sali-

145 3471 291 3531 ceto,
364 3464 719 3531 Camariana,
802 3471 1009 3519 sancta:
1064 3467 1225 3532 .lulae,
1312 3466 1548 3532 Viuiale,
1626 3468 1845 3538 Cinglo,

147 3551 323 3605 Cruce
356 3550 514 3618 feria,
560 3551 732 3618 Boile,
801 3553 984 3618 Cairo,
1046 3555 1209 3614 Deco,
1270 3553 1505 3620 Salsole,
1551 3556 1743 3619 Plana,
1792 3559 1848 3608 et

150 3640 375 3706 Bruvio,
420 3646 593 3710 atque
642 3641 871 3694 easdem
939 3646 1145 3703 curtes,
1199 3642 1416 3712 plebes,
1469 3644 1849 3713 proprietates

148 3744 278 3782 cum
330 3729 833 3791 decimationibus,
905 3736 964 3783 et
1041 3732 1295 3800 capellis,
1354 3732 1556 3797 vineis,
1616 3732 1848 3786 famulis

151 3818 449 3887 utriusque
478 3833 661 3882 sexus,
707 3817 895 3886 terris,
927 3819 1124 3888 pratis,
1176 3819 1413 3890 campis,
1454 3822 1698 3890 pascuis,
1750 3820 1847 3874 sil-

152 3907 252 3974 vis,
282 3910 339 3959 et
366 3922 496 3959 cum
530 3906 797 3959 omnibus
826 3907 1000 3959 curtis
1046 3908 1291 3977 propriis
1330 3909 1414 3961 vel
1450 3908 1849 3962 decimationi-

153 3994 278 4057 bus,
357 3993 693 4055 redditibus,
756 3994 1113 4059 Aldemanio,
1198 3995 1508 4049 Savonensi
1560 3998 1846 4067 episcopo,

155 4086 209 4135 et
260 4081 385 4152 ejus
432 4081 856 4135 successoribus
891 4082 1127 4136 omnino
1184 4085 1608 4139 conﬁrmamus.
1643 4086 1848 4140 Praeci-

157 4170 382 4240 pientes
412 4169 603 4240 itaque
632 4170 905 4240 jubemus
932 4176 996 4224 ut
1039 4171 1232 4225 nullus
1278 4173 1411 4239 dux,
1444 4175 1720 4242 marchio,
1754 4192 1845 4229 co-

1406 337 1801 395 DlPLOMATA
1841 341 2393 399 ECCLESIASTICA.

1878 465 1925 517 Α

3546 352 3649 405 314

1952 532 2255 600 Henricus,
2313 535 2517 588 intuitu
2576 466 3197 608 Iepiscopi,
3260 541 3647 595 Savonensium

2452 610 2810 674 possessiones
2832 624 2923 661 con
2929 608 3138 675 firmat.

2607 681 2797 745 (Anno
2829 680 3009 748 1014.)

2313 761 2578 835 [Ughelli,
2600 767 2763 819 Italia
2793 782 2969 830 sacra,
3009 769 3098 833 IV,
3126 770 3274 839 734.]

2025 851 2087 905 In
2148 852 2380 906 nomine
2460 861 2670 907 sanctae
2733 855 3126 911 etindividuae
3156 857 3449 911 Trinitatis
3502 861 3645 913 Hau-

1954 954 2127 1006 mcus,
2160 940 2351 994 divina
2390 940 2610 995 favente
2654 943 2975 1011 clementia,
3024 945 3415 999 Romanorum
3457 946 3649 1015 impe-

1955 1034 2113 1081 rator
2140 1032 2447 1098 Augustus.

2027 1117 2303 1171 Omnibus
2335 1117 2542 1171 nostris
2586 1118 2851 1172 ﬁdelibus
2890 1123 3006 1173 tam
3053 1120 3434 1189 praesentibus
3471 1138 3645 1191 quam

1953 1206 2161 1259 futuris
2183 1211 2381 1260 notum
2410 1223 2529 1260 esse
2558 1208 2821 1261 volumus
2875 1210 3140 1278 qualiter,
3194 1209 3513 1263 interventu
3541 1213 3646 1264 Ar-

1955 1295 2203 1362 demani,
2233 1296 2485 1365 episcopi
2536 1296 2879 1350 Savonensis
2912 1338 2928 1363 ,
2985 1298 3165 1351 nostri
3221 1298 3410 1351 dilecti
3442 1298 3646 1361 ﬁdelis,

1953 1384 2315 1437 concedimus
2345 1389 2401 1437 et
2430 1385 2838 1437 conﬁrmamus
2861 1402 2927 1438 ex
2958 1391 3154 1439 nostra
3190 1387 3517 1455 praeceptali
3545 1403 3646 1439 au—

1953 1473 2231 1532 ctoritate,
2256 1474 2690 1526 corroboramus
2720 1474 2986 1526 omnibus
3023 1474 3355 1527 hominibus
3407 1474 3647 1544 majori~
3690 1462 3693 1463 ν

1952 1562 2058 1616 bus
2090 1560 2553 1614 habitantibusin
2581 1562 2898 1615 marchium
2947 1561 3255 1615 Savonensi
3311 1561 3371 1615 in
3418 1564 3648 1615 castello

1952 1666 2150 1703 omnes
2181 1665 2269 1701 res
2302 1654 2357 1702 et
2395 1650 2774 1719 proprietates
2806 1668 2836 1702 a
2864 1651 3009 1719 Jugo
3044 1650 3210 1705 Maris
3237 1666 3411 1721 quam
3469 1655 3646 1715 extra,

1877 1749 1917 1801 Β
1956 1742 2012 1791 et
2039 1738 2200 1791 villas
2231 1738 2556 1799 libellarias,
2584 1737 2943 1807 piscationes,
2995 1739 3329 1792 venationes
3377 1756 3507 1810 quae
3554 1740 3652 1792 ha-

1952 1826 2087 1880 bere
2111 1826 2259 1879 soliti
2309 1831 2461 1878 sunt.
2498 1827 2739 1895 Insuper
2790 1827 2963 1880 etiam
3013 1827 3286 1896 jubemus
3345 1833 3409 1880 ut
3457 1826 3514 1879 in
3563 1827 3652 1880 his

1951 1914 2301 1985 prmscriptis
2322 1913 2646 1967 conﬁnibus
2683 1916 2912 1968 castella
2944 1931 3056 1968 non
3119 1916 3495 1980 aediﬁcentur,
3547 1932 3647 1968 ne-

1954 2019 2066 2073 que
2091 2004 2279 2073 aliqua
2311 2003 2754 2073 superimposita
2810 2020 2839 2056 a
2877 2004 3326 2069 marchionibus,
3353 2004 3441 2057 vel
3471 2021 3504 2056 a
3536 2004 3651 2055 suis

1953 2093 2278 2159 comitibus,
2336 2094 2423 2146 vel
2479 2092 2907 2147 vicecomitibus
2970 2093 3257 2162 praedictis
3322 2092 3651 2146 hominibus

1954 2183 2069 2243 ﬁat.
2103 2182 2315 2235 scilicet
2361 2182 2429 2235 de
2478 2182 2661 2245 fodro,
2701 2182 2771 2235 de
2833 2182 3291 2251 apprehensione
3346 2182 3651 2235 hominum

1952 2273 2038 2325 vel
2069 2271 2217 2323 saltu
2274 2270 2609 2334 domorum;
2660 2286 2771 2340 qua
2820 2276 3055 2339 propter
3102 2270 3571 2324 commendamus
3598 2275 3655 2323 et

1953 2361 2195 2415 ﬁrmiter
2245 2359 2304 2413 in
2361 2365 2702 2428 perpetuum
2769 2359 3092 2412 stabilimus
3156 2363 3222 2412 ut
3277 2360 3472 2413 nullus
3516 2360 3650 2423 dux,

1955 2447 2232 2511 marchio,
2282 2447 2600 2517 episcopus,
2683 2462 2894 2511 comes,
2954 2447 3288 2512 vicecomes,
3349 2445 3652 2515 gastaldio,

1952 2542 2210 2600 venator,
2235 2551 2333 2588 seu
2358 2535 2629 2605 quaelibet
2648 2535 2828 2587 nostri
2861 2534 3089 2603 imperii
3120 2550 3328 2603 magna
3366 2550 3652 2604 parvaque

1955 2640 2196 2696 persona
2244 2623 2552 2692 prmdictos
2628 2622 2891 2674 homines
2934 2622 3258 2676 habitantes
3326 2621 3385 2674 in
3425 2622 3652 2674 castello

1954 2714 2190 2768 Savonae
2239 2711 2308 2763 de
2348 2709 2693 2780 praescriptis
2742 2710 2911 2762 rebus
2941 2709 3261 2779 inquietare
3317 2710 3404 2762 vel
3464 2710 3651 2762 mole~

1956 2806 2103 2855 stare
2146 2803 2474 2870 priesumat.
2508 2797 2565 2852 Si
2611 2797 2738 2861 quis
2769 2796 2947 2867 igitur
2997 2799 3104 2850 hoc
3151 2803 3413 2850 nostrum
3468 2797 3651 2865 impe-

1956 2890 2095 2943 riale
2153 2892 2503 2957 praeceptum
2586 2886 2801 2938 violare
2852 2901 2948 2938 seu
3008 2886 3271 2954 frangere
3329 2885 3649 2949 tentaverit,

1958 2979 2097 3031 sciat
2116 2993 2173 3030 se
2205 2975 2655 3044 compositurum
2690 2974 2845 3028 mille
2887 2975 3058 3028 libras
3114 2974 3239 3027 auri
3269 2974 3492 3045 Optimi,
3541 2990 3656 3026 me-

1957 3067 2227 3120 dietatem
2256 3080 2498 3117 camera'.
2559 3069 2788 3127 nostrae,
2849 3063 3214 3116 medietatem
3272 3061 3653 3115 nobilioribus

1954 3154 2284 3208 hominibus
2314 3150 2658 3222 priescriptis
2702 3151 3091 3205 habitantibus
3122 3150 3182 3203 in
3221 3152 3451 3203 castello
3490 3150 3652 3203 Savo-

1956 3242 2137 3296 nensi.
2197 3241 2355 3305 Quod
2402 3245 2465 3293 ut
2521 3240 2708 3293 verius
2737 3241 3003 3293 credatur
3056 3244 3115 3292 et
3178 3239 3513 3308 diligentius
3583 3238 3652 3291 ab

1956 3330 2225 3383 omnibus
2259 3330 2608 3393 observetur,
2648 3345 2821 3381 manu
2876 3327 3107 3397 propria
3134 3326 3649 3393 corroboravimus,

1954 3425 2151 3472 nostro
2175 3418 2363 3486 sigillo
2393 3418 2681 3486 imperiali
2708 3416 2982 3485 jussimus
3011 3415 3296 3484 insigniri.

2024 3507 2252 3573 Signum
2295 3506 2502 3559 domini
2537 3506 2776 3558 Henrici
2819 3506 3150 3557 serenissimi
3204 3508 3254 3557 et
3302 3505 3655 3557 invictissimi

1955 3599 2086 3664 imp.
2124 3596 2364 3662 Augusti

2033 3683 2304 3737 Henricus
2330 3682 2565 3735 cancell.
2596 3681 2715 3736 vice
2753 3680 3021 3735 Everardi
3071 3679 3323 3750 episcopi
3364 3684 3420 3733 et
3472 3680 3653 3733 nostri

1957 3772 2238 3843 capellani
2266 3771 2611 3843 recognovit.

2030 3863 2230 3916 Datum
2266 3877 2420 3914 anno
2486 3860 2797 3914 Dominicte
2848 3858 3262 3913 incarnationis
3324 3860 3477 3921 1014,
3530 3857 3650 3912 ind.

1959 3968 2049 4014 xu,
2084 3967 2235 4004 anno
2267 3966 2299 3999 v
2324 3949 2545 4003 domini
2570 3949 2818 4003 Heinrici
2840 3949 2979 4019 imp.
3038 3952 3185 4019 Aug.
3234 3947 3526 4017 regnantis
3555 3964 3654 4013 xu,

1959 4039 2187 4109 imperii
2219 4039 2341 4108 ejus
2362 4037 2572 4107 primo.

2030 4132 2232 4180 Actum
2262 4126 2320 4179 in
2352 4126 2560 4197 palatio
2606 4124 2794 4194 Papiae
2826 4124 3085 4177 feliciter.

2690 4214 2904 4267 LXXIX.

157 4275 296 4325 ωεβν
357 4275 453 4311 seu
491 4258 685 4360 “ligna
734 4258 963 4360 imperii
1038 4260 1221 4360 ξοδίτί
1286 4278 1521 4360 ωδϐηθλ-
1558 4281 1845 4335 Parvaque
1879 4308 1922 4360 ι)
1962 4286 2018 4341 S.
2074 4285 2333 4338 Heinrici
2389 4285 2741 4351 privilegium
2792 4299 2891 4350 pro
2944 4283 3284 4360 monastsria
3315 4280 3428 4360 SS._
3478 4279 3649 4360 Petri,

157 4363 402 4418 persona
431 4348 763 4417 praedictam
808 4350 997 4403 sedem
1058 4348 1441 4404 Savonensem
1491 4352 1559 4405 de
1598 4354 1850 4422 praefatis

158 4436 325 4491 rebus
372 4436 664 4490 disvestire
711 4442 810 4491 aut
854 4438 1156 4491 molestare
1226 4445 1558 4509 praesumat.
1615 4441 1672 4495 Si
1724 4442 1852 4512 quis

157 4527 264 4580 hoc
290 4524 505 4593 fecerit,
555 4530 780 4579 centum
828 4527 1001 4581 libras
1036 4526 1163 4579 auri
1210 4534 1536 4598 componat,
1570 4530 1849 4583 medieta-

157 4621 270 4669 tem
299 4629 542 4667 camerae
604 4620 835 4680 nostrae,
875 4620 932 4668 et
962 4614 1329 4669 medietatem
1378 4617 1650 4687 praedicto
1681 4619 1847 4671 Alde-

158 4720 327 4757 mano
390 4702 655 4773 episcopo
729 4708 785 4756 et
858 4704 1295 4758 successoribus.
1347 4706 1507 4769 Quod
1546 4712 1612 4759 ut
1664 4706 1851 4760 verius

157 4792 435 4857 credatur,
459 4791 604 4844 hanc
632 4792 903 4862 paginam
938 4809 1106 4845 manu
1138 4793 1375 4863 propria
1418 4795 1851 4848 corroborantes

159 4880 391 4950 sigillari
418 4880 817 4949 praecepimus.

226 4970 453 5036 Signum
484 4968 695 5023 domini
747 4971 972 5023 Henrici
1009 4971 1346 5024 serenis-simi
1384 4974 1433 5024 et
1500 4972 1853 5025 invictissimi

158 5059 404 5125 imperat.
438 5059 700 5124 Augusti,

226 5144 500 5197 Henricus
545 5160 700 5199 canc.
759 5144 879 5199 vice
943 5146 1215 5200 Everardi
1254 5145 1509 5216 episcopi
1561 5150 1619 5199 et
1672 5146 1852 5200 archi-

162 5233 437 5304 capellani
469 5233 820 5303 recognovit.

228 5323 429 5376 Datum
476 5338 627 5375 anno
686 5321 1095 5376 incarnationis
1176 5322 1483 5377 Dominicae
1549 5322 1852 5376 millesimo

160 5410 375 5465 decimo
401 5416 627 5480 quarto,
663 5410 859 5465 indict.
919 5428 1016 5478 xu,
1064 5428 1215 5464 anno
1265 5428 1397 5465 vero
1441 5410 1663 5465 domini
1712 5413 1855 5473 Hen-

163 5500 260 5554 rici
287 5499 653 5570 imperatoris
684 5501 931 5570 Augusti
960 5500 1257 5569 regnantis
1279 5516 1334 5556 ν.

225 5593 430 5645 Actum
466 5589 659 5660 Papiae
682 5589 938 5643 feliciter.
971 5592 1175 5643 Amen.

2030 4357 2315 4410 Laurentii
2332 4360 2381 4407 et
2403 4355 2748 4417 Columbani,
2782 4352 2977 4421 «quod
2999 4358 3224 4404 vocatur
3245 4352 3582 4405 Bromiades.
3630 4372 3651 4398 ν

2612 4442 2797 4510 (Anno
2832 4440 3007 4507 1014.)

2385 4530 2651 4599 [Ughelli,
2674 4530 2843 4584 Italia
2873 4544 3050 4593 sacra,
3084 4525 3236 4599 983.]

2032 4621 2091 4674 In
2136 4617 2368 4672 nomine
2399 4623 2608 4671 sancta:
2650 4625 2707 4672 et
2745 4617 3055 4671 individua:
3084 4617 3400 4681 Trinitatis,
3444 4619 3653 4671 Hamu—

1961 4724 2081 4775 cus,
2104 4707 2294 4762 divina
2321 4707 2543 4760 favente
2563 4707 2886 4773 clementia,
2931 4708 3324 4762 Romanorum
3376 4706 3515 4776 imp.
3549 4709 3659 4759 Au-

1962 4801 2180 4867 gustus.

2032 4885 2089 4938 Si
2122 4884 2187 4937 ad
2214 4883 2549 4953 petitionem
2606 4900 2899 4939 servorum
2934 4883 3033 4939 Dei
3092 4882 3499 4937 ecclesiasticas
3556 4898 3655 4934 ne-

1961 4972 2246 5028 cessitates
2296 4976 2492 5024 nostro
2548 4972 2872 5025 relevamus
2916 4971 3213 5040 juvamine
3264 4975 3435 5040 atque
3478 4968 3662 5038 impe-

1962 5061 2088 5115 riali
2125 5070 2355 5115 tuemur
2415 5059 2758 5121 munimine,
2792 5058 2848 5113 id
2904 5058 3066 5111 nobis
3124 5062 3195 5111 et'
3236 5058 3303 5112 ad
3354 5057 3657 5110 mortalem

1962 5151 2137 5204 vitam
2193 5149 2586 5218 temporaliter
2664 5147 3096 5217 transigendem
3152 5151 3209 5199 et
3252 5145 3325 5199 ad
3377 5148 3654 5197 aeternam

1962 5238 2205 5292 feliciter
2225 5237 2598 5290 obtinendam
2648 5252 2754 5299 pro
2821 5236 3012 5290 futuro
3046 5234 3296 5289 ﬁdeliter
3349 5232 3654 5296 credimus,

1962 5327 2145 5396 Igitur
2181 5330 2379 5379 notum
2417 5326 2489 5378 sit
2517 5325 2784 5378 omnibus
2821 5323 3080 5377 ﬁdelibus
3105 5322 3331 5387 nostris,
3364 5320 3660 5391 praesenti-

1966 5415 2070 5467 bus
2141 5413 2354 5467 scilicet
2431 5419 2490 5467 et
2565 5413 2795 5480 futuris,
2866 5412 3114 5481 qualiter
3177 5410 3264 5463 vir
3318 5408 3659 5463 venerabilis

1965 5500 2332 5555 Constantius
2370 5500 2547 5555 abbas
2569 5500 2908 5556 monasterii
2938 5504 3262 5553 sanctorum
3291 5498 3462 5562 Petri,
3514 5497 3658 5551 Lau~

1963 5589 2136 5643 rentii
2167 5593 2223 5641 et
2254 5589 2617 5656 Columbani,
2652 5589 2806 5663 quod
2836 5591 3068 5642 vocatur
3113 5585 3469 5655 Bromiades,
3517 5585 3661 5643 adiit
