3944 6302
294 363 394 416 315

1593 359 1650 412 S.
1693 354 1977 412 HENBICI
2019 353 2092 408 1M
2106 351 2498 409 PERATORIS

3701 352 3809 403 316

285 482 654 538 serenitatem
689 480 958 535 culminis
1000 479 1202 545 nostri,
1253 480 1566 550 deprecans
1596 482 1661 532 ut
1688 493 1777 531 res
1825 474 1975 547 ejus-
2007 479 2054 531 Α
2092 476 2273 530 nostri
2317 471 2431 529 una
2473 491 2604 529 cum
2662 475 2812 528 clero
2857 479 2912 528 et
2967 473 3267 527 monachis
3312 471 3422 527 sibi
3477 472 3811 527 commissis

283 571 414 626 dem
469 568 803 623 monasterii
851 583 982 622 cum
1026 567 1358 622 hominibus
1390 566 1499 621 sibi
1545 565 1817 637 subjectis
1868 564 1974 619 sub

285 657 650 722 immunitate
709 661 921 710 nostra:
991 655 1338 710 defensionis
1401 654 1728 718 consistere,
1791 660 1848 708 et
1911 653 1981 707 ab

286 749 445 802 omni
468 748 694 816 publica
723 745 1032 810 functione,
1087 751 1144 799 et
1183 743 1490 815 judiciaria
1552 743 1842 797 exactione
1873 742 1982 795 im-

288 853 465 891 mune
495 836 858 905 liberumque
881 825 1348 899 reddidissemiis,
1391 833 1554 903 cujus
1583 831 1878 902 petitione,
1910 830 1981 883 ob

291 941 549 979 amorem
630 924 786 988 dicti,
859 929 915 978 et
971 922 1350 977 reverentiam
1401 924 1458 977 Β.
1524 919 1676 976 Petri
1720 917 1983 990 apostoli,

291 1011 583 1069 Laurentii
639 1018 695 1066 et
726 1011 1084 1078 Columbam,
1119 1011 1362 1065 libenter
1413 1025 1708 1062 assensum
1739 1008 1984 1078 praebui-

290 1117 438 1168 mus,
471 1116 534 1154 ac
580 1116 681 1170 per
729 1101 874 1153 hanc
917 1105 1127 1153 nostra:
1182 1097 1535 1152 auctoritatis
1587 1099 1858 1167 paginam
1897 1112 1988 1148 se-

291 1191 542 1242 cundum
569 1188 855 1258 praecepta
885 1188 1368 1257 praedecessorum
1403 1192 1731 1239 nostrorum
1782 1199 1984 1252 regum

291 1276 552 1331 videlicet
607 1282 665 1330 et
716 1277 1153 1346 imperatorum,
1213 1275 1268 1328 id
1315 1283 1400 1327 est
1446 1273 1652 1337 Caroli,
1690 1271 1978 1338 Ludovici,

292 1364 563 1430 Lotharii,
623 1365 838 1434 Ugonis
877 1369 935 1418 et
965 1363 1140 1418 trium
1189 1363 1568 1429 Othonorum,
1617 1361 1986 1415 decernimus

295 1455 357 1504 ut
382 1465 580 1503 omnes
627 1466 716 1503 res
746 1450 965 1520 prtel‘ati
996 1447 1348 1513 monasterii,
1377 1464 1506 1502 cum
1545 1447 1784 1513 cellulis,
1809 1451 1866 1500 et
1889 1446 1987 1498 ho-

293 1538 542 1593 minibus
565 1538 672 1592 sibi
711 1537 997 1608 subjectis,
1038 1538 1142 1592 sub
1185 1543 1394 1591 nostra:
1426 1534 1770 1590 defensionis
1801 1533 1987 1587 muni-

293 1627 452 1680 mine
473 1627 657 1681 modis
715 1627 984 1680 omnibus
1031 1626 1362 1680 consistant.
1393 1623 1649 1694 Denique
1690 1623 1989 1676 conﬁrma-

294 1731 425 1769 mus
480 1721 538 1768 et
574 1715 1006 1769 corroboramus
1028 1715 1148 1784 jam
1195 1714 1344 1768 dicto
1392 1711 1741 1766 monasterio
1789 1727 1986 1764 omnes

296 1821 406 1869 res,
439 1804 681 1872 chortes,
718 1803 902 1869 villas,
952 1802 1235 1871 ecclesias,
1297 1802 1490 1867 cellas,
1529 1799 1898 1864 massaritias,
1934 1805 1990 1852 et

293 1892 538 1948 familias
561 1893 857 1964 utriusque
895 1909 1084 1962 sexus,
1131 1909 1237 1946 nec
1283 1908 1401 1946 non
1446 1889 1731 1960 primitias
1790 1894 1847 1942 et
1893 1888 1991 1942 de-

295 1982 629 2038 cimationes
655 1988 992 2037 cunctorum
1042 1981 1344 2035 hominum
1399 1985 1610 2034 terram
1671 1978 1850 2049 ipsius
1887 1976 1992 2031 ah-

292 2070 466 2126 batiae
497 2070 902 2134 laborantium,
933 2069 1079 2124 sicut
1118 2086 1222 2140 per
1261 2067 1557 2140 privilegia
1605 2069 1992 2122 Romanorum

293 2159 653 2229 pontiﬁcum,
691 2175 789 2213 seu
809 2175 909 2229 per
934 2163 1218 2228 praecepta
1241 2172 1439 2226 regum
1488 2160 1544 2208 et
1579 2155 1995 2224 imperatorum

297 2247 511 2302 ibidem
544 2263 809 2302 concessa
846 2253 903 2301 et
939 2247 1274 2300 conﬁrmata
1323 2249 1475 2312 sunt,
1539 2261 1653 2298 una
1682 2259 1812 2296 cum
1844 2248 1996 2296 terra

297 2351 471 2407 quam
503 2336 675 2389 habet
704 2337 762 2390 in
789 2335 1061 2390 comitatu
1106 2334 1415 2388 Mutinensi
1447 2333 1502 2386 in
1563 2333 1684 2386 loco
1733 2337 1790 2385 et
1816 2331 1995 2385 fundo

299 2424 402 2496 qui
422 2430 655 2478 vocatur
684 2425 1046 2496 Plagassano,
1096 2440 1225 2477 cum
1280 2421 1494 2494 capella
1547 2422 1600 2476 S.
1658 2419 1998 2476 Columbani

297 2513 443 2568 inibi
468 2520 811 2581 constructa,
847 2529 944 2568 seu
991 2521 1046 2566 et
1070 2513 1458 2566 emolumenta
1502 2510 1690 2573 habet,
1725 2515 1895 2580 atque
1923 2508 1997 2579 lin

300 2601 530 2655 salsina.
561 2602 700 2656 Etin
755 2601 1029 2656 comitatu
1083 2601 1378 2656 Parmensi
1433 2601 1558 2653 loco
1610 2598 1711 2669 qui
1764 2605 1998 2652 vocatur

302 2691 530 2755 Caselle,
561 2695 619 2743 et
647 2690 703 2743 in
732 2691 1022 2756 Beneseto,
1053 2695 1109 2743 et
1136 2689 1197 2743 in
1233 2688 1504 2759 Farigari,
1555 2692 1613 2741 et
1662 2687 1995 2752 Galemano,

300 2782 472 2848 atque
502 2778 559 2831 in
583 2778 910 2848 Solignano.
946 2780 1010 2832 In
1060 2778 1330 2832 comitatu
1362 2793 1594 2848 quoque
1627 2774 1994 2840 Voloterensi,

303 2865 692 2920 chorticellam
735 2883 907 2920 unam
959 2882 1088 2936 quae
1130 2871 1364 2920 vocatur
1411 2863 1810 2935 Frigesimum,
1866 2879 1998 2916 cum

306 2953 576 3006 omnibus
606 2954 719 3006 suis
743 2954 1102 3022 pertinentiis
1133 2954 1250 3006 sive
1286 2953 1343 3006 in
1360 2953 1486 3006 aliis
1541 2951 1997 3022 quibuscumque

2095 564 2323 620 Domini
2355 565 2695 618 immensam
2727 561 3088 617 clementiam
3109 561 3327 632 jugiter
3363 577 3620 616 exorare.
3657 563 3724 616 Et
3749 566 3811 614 ut

2092 655 2217 709 haec
2247 653 2552 708 auctoritas
2582 659 2778 706 nostra
2816 651 3024 706 futuris
3071 650 3429 720 temporibus
3489 650 3806 706 inviolabi-

2091 744 2204 797 lem
2231 748 2406 813 atque
2457 741 2853 796 inconvulsam
2897 739 3152 793 obtineat
3204 739 3556 806 ﬁrmitatem,
3622 754 3806 792 manu

2092 830 2331 902 pr0pria
2358 829 2553 884 subter
2582 827 2955 895 ﬁrmavimus,
2999 832 3056 880 et
3084 825 3285 880 annuli
3314 826 3498 880 nostri
3539 827 3791 895 impres-

2092 921 2251 975 sione
2276 917 2859 988 insignirijussimus.
2894 917 3076 981 Quam
3115 915 3164 969 si
3193 914 3322 987 quis
3369 915 3581 969 violare
3638 931 3800 984 prae-

2093 1006 2418 1076 sumpserit,
2451 1005 2590 1058 sciat
2617 1021 2675 1058 se
2720 1003 3170 1074 compositurum
3219 1001 3344 1056 auri
3367 1003 3572 1072 optimi
3622 1003 3805 1057 libras

2087 1101 2336 1160 centum,
2386 1093 2752 1148 medietatem
2795 1091 3065 1162 praedicto
3119 1092 3483 1158 monasterio,
3531 1091 3623 1145 cui
3675 1091 3800 1145 vio-

2091 1183 2323 1239 lentiam
2358 1183 2568 1245 intulit,
2605 1186 2662 1235 et
2705 1181 3070 1235 medietatem
3116 1195 3362 1234 camerae
3415 1186 3648 1248 nostrae,
3686 1182 3799 1235 hac

2093 1279 2287 1328 nostra
2315 1271 2687 1341 inscriptione
2719 1269 3054 1322 inconvulsa
3087 1274 3373 1322 manente.

2165 1361 2442 1428 Signum]L
2469 1359 2676 1413 domini
2704 1358 2952 1413 Heinrici
2978 1359 3309 1412 serenissimi
3347 1363 3398 1412 et
3447 1355 3807 1411 invictissimi

2096 1451 2226 1516 imp.
2258 1448 2520 1514 Augusti.

2166 1533 2436 1588 Henricus
2477 1531 2848 1588 cancellarius
2912 1531 3032 1586 vice
3092 1531 3351 1586 Luitardi
3416 1531 3670 1603 episcopi
3741 1537 3804 1586 et

2097 1622 2576 1678 archicancellarii
2599 1621 2945 1692 recognovit.

2170 1713 2373 1766 Datum
2402 1713 2592 1765 Nonas
2633 1711 2778 1773 Maii,
2815 1726 2965 1764 anno
3017 1708 3328 1764 Dominicae
3385 1707 3806 1763 incarnationis

2105 1803 2261 1867 1014,
2293 1801 2490 1855 indict.
2551 1817 2652 1861 xu.
2707 1815 2858 1853 anno
2917 1815 3051 1852 vero
3098 1797 3322 1853 domini
3381 1797 3605 1852 Henrici
3655 1799 3800 1868 imp.

2099 1889 2342 1960 Augusti
2372 1889 2666 1960 regnantis
2697 1904 2792 1949 xu.
2815 1885 3046 1956 imperii
3089 1893 3279 1940 autem
3320 1885 3442 1955 ejus
3474 1903 3511 1940 ι.

2170 1981 2374 2032 Actum
2407 1978 2594 2048 Papia
2626 1977 2687 2031 in
2715 1975 2931 2047 palatio
2955 1975 3255 2030 Ticinense
3287 1974 3543 2043 feliciter,
3598 1973 3656 2028 in
3705 1973 3807 2028 Dei

2100 2066 2354 2121 nomine.
2380 2071 2578 2121 Amen.

2854 2153 3042 2207 LXXX.

2099 2247 2155 2302 S.
2216 2245 2456 2298 Heinrici
2483 2247 2811 2312 praceptum
2862 2257 2958 2311 per
3005 2241 3150 2310 quod
3214 2242 3652 2296 Wormatiensem
3702 2242 3808 2294 Ec-

2172 2317 2389 2370 clesium
2449 2316 2708 2368 adversus
2767 2316 2989 2382 iniquas
3064 2315 3318 2367 comitum
3376 2313 3808 2388 provincialium

2171 2388 2534 2456 impetitiones
2567 2391 2762 2440 tuetur.

2753 2473 2944 2541 (Anno
2982 2471 3154 2540 1014.)

2321 2578 2653 2652 [Schannat,
2677 2580 3030 2647 Episcopatus
3055 2579 3339 2641 Wormat.,
3377 2578 3446 2644 ll,
3480 2575 3591 2645 40.]

2176 2687 2241 2739 In
2275 2686 2510 2739 nomine
2552 2691 2761 2739 sanctae
2816 2689 2872 2738 et
2917 2683 3232 2738 individua;
3287 2682 3599 2749 Trinitatis,
3647 2683 3818 2736 Hem-

2105 2789 2278 2838 ωερε,
2331 2773 2525 2828 divina
2579 2773 3008 2845 praeordinante
3095 2771 3419 2838 clementia,
3490 2770 3816 2840 imperator

2105 2866 2412 2932 Augustus.

2177 2952 2234 3006 Si
2269 2949 2638 3022 petitionibus
2682 2950 3040 3004 sacerdotum
3080 2949 3200 3015 Dei,
3223 2949 3374 3021 quod
3434 2948 3503 3002 ad
3546 2951 3811 3001 nostram

303 3040 668 3095 comitatibus
699 3041 782 3094 vel
803 3041 957 3101 locis.
1004 3042 1175 3095 simul
1232 3057 1362 3094 cum
1405 3040 1567 3106 casis,
1599 3039 1996 3104 sediminibus,
2029 3036 2069 3090 C
2107 3042 2372 3095 notitiam
2446 3041 2516 3094 de
2585 3040 3016 3093 necessitatibus
3090 3039 3460 3093 Ecclesiarum
3480 3036 3587 3090 sibi
3656 3039 3816 3091 cum-

303 3129 540 3198 campis,
587 3127 788 3197 vineis,
836 3128 1035 3200 pratis,
1086 3128 1333 3199 pascuis,
1381 3129 1534 3182 silvis
1591 3145 1655 3180 ac
1703 3127 1994 3192 stallariis,

305 3217 490 3287 aquis,
531 3234 925 3288 aquarumque
973 3218 1324 3283 decursibus,
1391 3216 1757 3282 molendinis,
1816 3216 1997 3285 pisca-

304 3305 571 3364 tionibus.
605 3307 1026 3373 venationibus,
1079 3307 1398 3373 montibus,
1440 3305 1701 3370 vallibus,
1750 3305 1996 3375 alpibus,

307 3394 670 3464 planitiebus,
696 3395 874 3466 rupis,
914 3395 1154 3467 rupinis,
1214 3395 1388 3449 servis
1426 3400 1482 3448 et
1529 3395 1770 3460 ancillis,
1827 3395 2001 3448 aldio-

305 3482 496 3546 nibus,
531 3484 793 3547 aldianis,
828 3485 1109 3549 mercatis,
1144 3483 1406 3550 teloneis,
1456 3483 1788 3554 cunctisque
1833 3483 2001 3536 rebus

307 3571 377 3624 ad
423 3573 720 3642 praefatam
780 3573 1068 3627 abbatiam
1129 3573 1553 3641 pertinentibus
1593 3578 1712 3626 tam
1757 3588 1823 3624 ea
1872 3587 2001 3642 quae

310 3676 464 3713 nunc
491 3661 701 3715 habere
738 3661 964 3714 videtur
993 3677 1281 3732 quamque
1317 3678 1380 3714 ea
1427 3677 1557 3730 quas
1611 3660 1879 3730 deinceps
1921 3659 2002 3714 di-

308 3748 441 3800 vina
498 3749 682 3817 pietas
738 3749 985 3803 voluerit
1037 3748 1247 3802 addere
1308 3749 1393 3802 vel
1440 3748 1809 3818 ampliﬁcare,
1860 3749 2004 3802 sicut

309 3837 760 3906 praedecessores
789 3837 969 3891 nostri
999 3838 1104 3891 hoc
1136 3837 1284 3891 idem
1337 3837 1746 3890 monasterium
1778 3852 2004 3906 semper

313 3930 663 3986 tutaverunt,
692 3926 769 3979 ita
788 3931 845 3980 et
876 3935 1072 3980 nostra
1114 3943 1220 3980 nos
1272 3925 1558 3996 imperiali
1614 3926 1857 3979 tuitione
1907 3926 2002 3978 de-

310 4016 536 4070 fensum
574 4020 743 4084 atque
792 4015 1079 4069 munitum
1129 4015 1197 4068 ab
1240 4015 1504 4068 omnibus
1533 4014 1778 4068 inimicis
1832 4019 1890 4068 et
1922 4014 2007 4068 in-

312 4102 606 4157 vasoribus
647 4103 959 4157 alienatum
1035 4120 1155 4157 esse
1236 4103 1615 4173 praecipimus.
1686 4104 2006 4156 Statueutes

313 4208 449 4262 ergo
472 4191 741 4262 jubemus
772 4200 944 4262 atque
987 4192 1352 4263 praecipimus
1382 4199 1445 4246 ut
1474 4193 1662 4246 nullus
1688 4192 1865 4246 Judex
1899 4208 2005 4260 pu-

312 4279 514 4342 blicus,
566 4287 667 4334 aut
719 4281 965 4351 quilibet
1041 4281 1352 4350 superioris
1400 4281 1615 4334 ordinis
1674 4281 2008 4349 reipublicm

2107 3131 2411 3184 missarum
2445 3129 2804 3199 pertulerint,
2832 3129 2902 3182 ad
2935 3127 3201 3182 effectum
3259 3126 3650 3197 perducimus,
3700 3127 3815 3179 hoc

2108 3218 2274 3273 nobis
2327 3219 2744 3284 incunctanter,
2774 3223 2832 3272 et
2871 3217 2944 3271 ad
2998 3216 3328 3287 temporalis
3368 3215 3532 3286 regni
3562 3221 3806 3280 statum,

2109 3311 2166 3361 et
2215 3307 2284 3360 ad
2340 3312 2572 3361 aeternae
2610 3305 2986 3360 beatitudinis
3039 3306 3458 3358 incrementum
3526 3304 3814 3374 proﬁcere

2109 3395 2470 3449 conﬁdimus.
2507 3395 2753 3464 ideoque
2779 3393 3040 3446 omnium
3069 3393 3167 3447 Dei
3198 3391 3492 3462 nostrique
3522 3392 3814 3459 lid-lmm,

2109 3485 2481 3555 praesentium
2505 3483 2718 3537 scilicet
2762 3489 2820 3537 et
2856 3483 3205 3544 futurorum,
3266 3481 3484 3535 noverit
3528 3480 3821 3536 industria

2112 3573 2400 3645 quomodo
2443 3571 2786 3626 venerabilis
2829 3572 2914 3625 vir
2971 3571 3348 3638 Burchardus,
3390 3575 3600 3624 sanctae
3649 3559 3818 3624 Wor-

2112 3661 2406 3716 matieusis
2431 3660 2691 3714 Ecclesiae
2722 3659 3044 3729 episcopus,
3069 3658 3360 3713 communi
3399 3659 3812 3713 lamentatione

2112 3751 2448 3821 pontilicum
2479 3756 2536 3804 et
2571 3750 2846 3804 abbatum
2903 3750 3158 3820 ejusdem
3202 3748 3529 3820 provincias,
3587 3748 3819 3802 celsitu-

2115 3841 2308 3894 dinem
2345 3843 2595 3892 nostram
2643 3838 2785 3892 adiit
2827 3855 2948 3893 sese
3001 3837 3366 3892 reclamando
3414 3838 3485 3890 ob
3543 3837 3818 3908 frequen-

2113 3934 2227 3982 tem
2259 3926 2532 3996 injuriam
2590 3943 2654 3980 ac
2700 3929 2881 3997 legem
2928 3927 3223 3998 injustam,
3267 3944 3298 3980 a
3359 3926 3662 3980 comitibus
3709 3941 3817 3979 no-

2115 4017 2266 4083 stris,
2297 4015 2528 4070 familiae
2563 4033 2680 4070 sua:
2725 4017 2986 4070 Ecclesiae
3025 4016 3151 4085 toti,
3204 4015 3656 4086 praesumptione
3703 4015 3816 4069 im-

2115 4106 2464 4176 positam,ut
2494 4104 2751 4174 quisquis
2790 4121 2856 4158 ex
2899 4105 3096 4158 eadem
3148 4104 3366 4158 familia
3419 4103 3475 4156 in
3512 4104 3682 4170 furto,
3728 4104 3817 4158 vel

2115 4209 2328 4264 pugna,
2362 4198 2460 4246 aut
2489 4193 2682 4263 aliqua
2713 4193 2993 4246 criminali
3048 4210 3216 4246 causa
3256 4193 3557 4262 culpabilis
3620 4192 3820 4247 inven-

2116 4288 2208 4336 tus
2237 4280 2456 4347 fuisset,
2479 4297 2578 4334 seu
2613 4297 2816 4350 magna
2844 4283 2931 4335 vel
2973 4298 3149 4352 parva
3184 4299 3272 4334 res
3304 4287 3468 4344 esset,
3511 4283 3578 4335 60
3607 4282 3821 4336 solidos

313 4374 652 4438 procurator
682 4370 748 4423 ad
773 4385 970 4423 causas
1015 4368 1319 4439 judiciario
1370 4385 1528 4423 more
1595 4369 1908 4422 audiendas
1947 4371 2005 4423 iu
2041 4384 2084 4436 ι)
2122 4369 2314 4423 comiti
2379 4386 2606 4439 semper
2670 4386 3015 4438 componere
3092 4369 3430 4436 debuisset;
3495 4369 3646 4423 inter
3694 4371 3816 4425 haec

315 4457 600 4518 ecclesias,
623 4463 722 4510 aut
748 4458 928 4524 villas,
981 4473 1082 4511 seu
1120 4458 1370 4529 reliquas
1427 4457 1836 4526 possessiones,
1869 4475 2011 4528 quas

315 4544 591 4598 moderno
615 4551 872 4614 tempore
910 4546 969 4598 in
1017 4547 1366 4616 quibuslibet
1413 4545 1717 4615 provinciis
1749 4551 1848 4599 aut
1904 4552 2014 4600 ter-

316 4632 530 4687 ritoriis
588 4633 816 4703 imperii
866 4635 1043 4688 nostri
1097 4635 1249 4706 juste
1303 4640 1358 4689 et
1390 4633 1651 4703 legaliter
1709 4639 1883 4699 tenet,
1929 4635 2014 4688 in-

317 4721 478 4791 gredi
527 4728 857 4792 prazsumat,
916 4739 1021 4777 nec
1067 4723 1236 4778 feuda
1274 4739 1379 4776 nec
1437 4723 1670 4790 tributa,
1707 4729 1805 4777 aut
1851 4740 2009 4777 man-

313 4811 518 4880 siones,
595 4816 694 4865 aut
765 4812 1079 4879 teloneum,
1171 4819 1271 4865 aut
1357 4811 1721 4880 ﬁdejussores
1799 4815 2011 4874 tollere,

317 4905 417 4955 aut
459 4899 723 4954 homines
779 4905 896 4954 tam
971 4899 1256 4971 ingenuos
1340 4915 1515 4969 quam
1589 4917 1776 4954 servos
1845 4917 2016 4970 super

319 4993 531 5042 terram
566 4988 1104 5065 ipsiusinonasterii
1159 4995 1586 5042 commanentes
1647 4989 2012 5060 distringere,

319 5093 423 5132 nec
445 5079 588 5131 ullas
628 5077 883 5146 publicas
944 5076 1265 5132 functiones
1312 5082 1413 5131 aut
1456 5078 1871 5132 redhibitiones
1927 5079 2016 5133 vel

319 5166 544 5220 illicitas
590 5165 913 5220 occasiones
960 5165 1255 5237 inquirere
1336 5165 1576 5231 audeat;
1622 5167 1743 5230 sed,
1796 5173 2018 5221 remota

321 5255 580 5308 omnium
614 5253 913 5308 hominum
973 5253 1420 5308 contradictione
1485 5258 1541 5308 et
1595 5254 2013 5326 inquietudine,

322 5342 486 5396 liceat
543 5348 860 5396 memorato
928 5340 1118 5394 abbati
1174 5341 1406 5411 suisque
1452 5343 1872 5397 successoribus
1929 5360 2018 5397 res

320 5429 582 5499 praedicti
615 5429 967 5494 monasterii,
995 5434 1051 5482 et
1089 5429 1418 5484 hominibus
1448 5429 1517 5483 ad
1575 5447 1633 5484 se
1686 5431 2019 5501 pertinenti-

324 5519 430 5572 bus
477 5518 583 5572 sub
629 5518 892 5572 tuitionis
949 5522 1160 5572 nostra:
1210 5517 1541 5573 defensione
1572 5518 1767 5590 quieto
1813 5519 2014 5575 ordine

326 5606 741 5679 possidere,aut
756 5622 862 5679 pro
875 5606 1268 5662 incolumitate
1282 5613 1498 5674 nostra,
1515 5624 1614 5662 seu
1631 5612 1781 5663 statu
1791 5608 2021 5681 imperii

2121 4458 2291 4512 etiam
2324 4464 2608 4528 praecepta
2663 4459 3064 4526 immunitatis,
3124 4475 3254 4528 quin
3301 4458 3824 4512 Christianissimus

2122 4549 2468 4601 Francorum
2498 4562 2593 4599 rex
2631 4547 2982 4617 Dagobertus
3007 4548 3121 4601 Deo
3158 4547 3479 4617 sanctisque
3513 4547 3632 4600 suis
3655 4565 3822 4619 apos-

2121 4635 2253 4690 tolis
2285 4636 2452 4689 Petro
2484 4640 2538 4687 et
2563 4636 2736 4689 Paulo
2767 4635 3030 4705 primitus
3064 4635 3428 4702 condonavit,
3472 4635 3691 4689 visibus
3724 4652 3822 4689 no-

2121 4724 2250 4778 stris
2282 4723 2590 4792 relegenda
2638 4724 3021 4793 prtesentavil,
3055 4723 3114 4777 in
3157 4724 3364 4795 quibus
3415 4723 3694 4794 scriptum
3743 4729 3828 4778 est

2123 4812 2413 4884 quomodo
2461 4811 2582 4880 ipse
2639 4812 2991 4882 Dagobertus
3060 4813 3357 4867 constituit
3405 4819 3467 4866 ut
3507 4813 3704 4866 nullus
3735 4829 3822 4867 co-

2123 4917 2244 4954 mes
2273 4901 2525 4971 aliquam
2559 4900 2616 4953 in
2649 4901 2831 4954 causis
2859 4901 3160 4955 audiendis
3177 4917 3348 4971 super
3369 4901 3631 4954 eamdem
3665 4901 3829 4957 fami-

2123 4986 2262 5040 liam
2318 4992 2665 5058 potestatem
2718 4989 3001 5056 haberet;
3070 4989 3304 5060 insuper
3361 4991 3827 5044 conﬁrmationes

2124 5094 2511 5132 successorum
2544 5078 2695 5132 illius
2730 5095 2741 5130 :
2791 5078 3054 5132 videlicet
3087 5078 3335 5148 Pippini,
3379 5079 3588 5140 Caroli,
3648 5079 3829 5134 Ludo-

2122 5167 2252 5233 vici,
2303 5167 2541 5234 Arnolﬁ,
2598 5167 2850 5233 Henrici,
2904 5169 3082 5222 trium
3132 5169 3430 5232 Ottonum,
3479 5166 3828 5222 clarissimo-

2126 5271 2254 5309 rum
2315 5272 2517 5327 regum
2570 5257 2656 5310 vel
2724 5256 3164 5326 imperatorum,
3231 5261 3657 5309 antecessorum
3716 5272 3832 5312 no-

2127 5349 2396 5409 strorum,
2440 5344 2602 5398 nobis
2633 5345 2962 5414 nostrisque
2987 5343 3255 5398 ﬁdelibus
3293 5344 3732 5406 demonstravit,
3771 5347 3832 5400 in

2120 5433 2339 5503 quibus
2369 5433 2690 5502 reperimus
2721 5433 2878 5504 quod
2917 5433 3026 5502 ipsi
3059 5431 3528 5486 constitutionem
3569 5433 3834 5501 praedicti

2129 5521 2279 5591 regis
2331 5521 2638 5592 Dagoberti
2669 5523 2786 5576 suis
2852 5520 3332 5593 praeceptionihus
3370 5535 3403 5574 a
3451 5536 3595 5574 novo
3625 5522 3835 5577 conﬁr-

2129 5614 2450 5676 maverunt,
2484 5615 2540 5664 et
2563 5626 2632 5664 ne
2663 5611 2786 5664 haec
2815 5610 2903 5664 lex
2943 5609 3156 5681 injusta
3189 5607 3425 5662 ulterius
3473 5609 3829 5678 procederet,
