3944 6372
128 397 209 446 317
1386 391 1452 448 Dl
1464 390 1785 447 PLOMATA
1824 392 2372 451 ECCLESIASTICA.

124 523 367 587 precatus
421 522 511 571 est
558 513 928 570 clementiam
1002 520 1256 569 nostram
1314 519 1377 569 ut
1430 515 1879 573 insnltantemA

126 605 384 659 comitum
442 602 957 675 prasumptiouem
1032 607 1223 657 nostra
1281 604 1673 659 dominatione
1715 621 1809 659 co-

124 710 457 759 erceremus,
518 708 759 762 remque
820 708 939 745 sua
1007 692 1262 747 ecclesia
1318 700 1511 747 nostra
1564 694 1812 749 auctori-

125 788 225 837 tate
246 783 441 836 denuo
463 782 958 835 confirmaremus.

188 870 358 940 Cujus
376 868 756 940 petitionibus
778 869 850 922 ob
872 867 1053 923 divini
1073 870 1260 922 cultus
1282 884 1555 936 amorem,
1578 870 1817 940 ejusque

129 958 503 1012 voluntariam
562 958 913 1023 servitutem,
984 957 1433 1029 acquieseeutes,
1486 959 1595 1012 hoc
1641 959 1819 1012 nostri

129 1047 385 1101 culminis
419 1052 771 1117 praceptum
802 1046 988 1100 eidem
1017 1046 1270 1101 ecclesia
1299 1046 1424 1100 fieri
1443 1047 1818 1112 decrevimus,

134 1153 223 1206 per
252 1136 700 1206 quodjubemus
725 1140 787 1189 ut
832 1136 1104 1205 prafatus
1149 1136 1383 1189 antistes
1441 1137 1819 1199 Burchardus,

134 1225 361 1295 ejusque
423 1239 790 1291 successores,
847 1224 991 1277 sicut
1031 1240 1064 1277 a
1110 1224 1544 1293 pranominatis
1594 1225 1824 1294 regibus

136 1313 210 1367 vel
238 1311 684 1382 imperatoribus
726 1311 1099 1365 constitutum
1146 1317 1231 1365 est
1287 1318 1343 1365 et
1397 1312 1821 1378 confirmatum,

137 1416 359 1453 omnem
414 1415 534 1452 rem
604 1415 720 1452 sua
781 1400 1031 1453 ecclesia
1106 1399 1298 1471 quiete
1354 1400 1705 1470 possideant,
1770 1405 1826 1453 et

136 1489 363 1542 comites
405 1487 585 1541 nostri
642 1488 859 1541 nullam
908 1487 1143 1541 familia
1200 1504 1319 1541 sua
1381 1488 1634 1542 ecclesia
1676 1488 1825 1558 inju-

139 1577 271 1629 riam
330 1576 418 1637 vel
495 1574 838 1645 injustitiam
897 1576 1131 1645 posthac
1187 1576 1399 1629 inferre
1456 1584 1824 1645 praesumant.

138 1666 437 1733 Praterea,
463 1665 538 1718 ob
580 1671 809 1719 aeterna
856 1664 1248 1719 beatitudunis
1283 1665 1829 1734 remunerationem,

137 1760 189 1807 et
225 1754 528 1806 beatorum
561 1753 711 1806 Petri
740 1758 795 1806 et
829 1754 988 1807 Pauli
1044 1753 1496 1813 venerationem,
1530 1753 1680 1807 istud
1712 1753 1829 1806 im-

137 1842 347 1912 periale
377 1848 733 1911 praceptum
777 1841 1195 1908 constituimus,
1237 1842 1462 1912 hocque
1505 1841 1565 1896 in
1614 1842 1831 1912 sempi-

142 1937 363 1983 ternum
415 1930 617 1983 stabile
650 1930 995 2000 firmumque
1052 1930 1420 2000 pracipimus
1453 1946 1465 1983 :
1500 1936 1583 1992 ut,
1612 1928 1659 1982 si
1703 1930 1831 2000 quis

142 2018 405 2086 deinceps
428 2033 493 2072 ex
546 2017 762 2072 familia
821 2019 1249 2072 Wormatieusis
1308 2018 1557 2072 ecclesia
1616 2019 1833 2073 furtum

142 2107 222 2159 vel
251 2122 511 2177 pugnam
549 2112 647 2160 aut
699 2108 876 2161 ullam
906 2107 1075 2161 aliam
1118 2107 1473 2161 criminalem
1523 2122 1747 2160 causam
1773 2106 1833 2159 in

144 2195 336 2248 eadem
368 2194 587 2248 familia
616 2195 1051 2265 perpetraverit,
1084 2195 1157 2249 ad
1188 2212 1391 2249 manus
1422 2195 1673 2265 episcOpi
1732 2209 1833 2247 suo

144 2284 409 2337 advocato
442 2289 797 2353 componat;
839 2284 885 2337 si
924 2289 1117 2338 autem
1166 2290 1327 2338 extra
1380 2284 1658 2349 familiam
1706 2298 1838 2336 cum

144 2378 415 2426 extraneo
480 2371 675 2442 aliquo
729 2373 909 2426 rixam
972 2372 1257 2437 habuerit,
1328 2372 1632 2425 advocatus
1703 2387 1839 2424 suus

144 2460 338 2514 comiti
370 2476 474 2530 pro
507 2460 871 2530 eojustitiam
899 2460 1086 2526 faciat,
1120 2465 1179 2514 et
1208 2460 1255 2513 si
1286 2460 1458 2514 alicui
1515 2460 1695 2514 libero
1732 2458 1835 2512 bo-

148 2548 283 2601 mini
316 2548 493 2601 ullam
544 2548 829 2618 justitiam
872 2547 1088 2614 fecerit,
1122 2549 1210 2601 vel
1256 2564 1385 2601 cum
1432 2564 1499 2602 eo
1546 2564 1839 2618 pugnave-

146 2637 233 2704 rit,
265 2637 355 2689 vel
384 2636 432 2689 si
456 2641 613 2689 extra
637 2636 915 2690 familiam
950 2641 1179 2705 raptum
1220 2637 1473 2706 aliquem
1533 2634 1838 2705 peregerit,

148 2725 450 2779 advocatus
480 2740 616 2778 suus
650 2723 916 2777 similiter
961 2739 1065 2794 pro
1112 2740 1177 2777 eo
1229 2723 1516 2793 justitiam
1548 2723 1716 2777 faciat
1748 2740 1760 2777 ε
1795 2722 1844 2776 si

150 2816 337 2865 autem
392 2811 542 2864 infra
578 2817 737 2881 septa
782 2811 1078 2881 cujuslicet
1125 2812 1344 2865 furtum
1410 2811 1643 2881 aliquod
1690 2826 1843 2864 com-

153 2899 389 2963 miserit,
425 2899 627 2953 reddat
647 2900 799 2970 qnod
847 2898 1099 2961 abstulit,
1150 2899 1437 2964 restituat,
1465 2904 1523 2951 et
1551 2898 1786 2968 insuper
1813 2912 1845 2947 v

150 2988 362 3042 solidos
406 2989 734 3059 persolvat;
786 2988 834 3041 si
888 2995 1067 3054 extra,
1154 2988 1365 3040 iterum
1418 2988 1571 3057 quod
1614 2987 1847 3040 abstulit

3505 392 3611 444 318

1989 519 2130 574 Cum
2162 535 2229 573 ex
2244 516 2570 572 rationabili
2586 516 2786 572 ordine
2800 514 3210 587 omnipotentis
3234 516 3331 571 Dei
3356 518 3613 589 corporis

1923 607 2162 661 humani
2179 607 2362 661 forma
2392 622 2458 659 eo
2491 605 2660 659 modo
2675 604 2746 658 sit
2775 604 3001 658 condita
3023 608 3084 658 ut
3104 604 3373 674 qualibet
3396 605 3617 659 minora

1924 697 2182 750 membra
2206 696 2377 766 capiti
2407 695 2520 748 sint
2552 695 2827 764 subjecta,
2858 699 2913 747 et
2933 694 3004 746 ab
3032 708 3099 747 eo
3133 691 3307 746 veluti
3336 693 3442 746 sub
3482 709 3618 763 quo-

1927 785 2056 838 dam
2071 785 2210 838 duce
2225 797 2635 854 regantur,non
2650 782 3035 852 incongruum
3050 780 3374 851 putavimus
3388 782 3458 835 ad
3474 781 3619 835 hanc

1930 872 2329 935 imitationem,
2366 870 2642 941 quasdam
2728 871 2981 924 minores
3032 867 3296 922 ecclesias
3333 867 3394 921 in
3444 884 3619 938 regno

1928 964 2121 1014 nostro
2180 959 2421 1014 subdere
2481 958 2814 1028 majoribus,
2892 962 2950 1011 et
3022 956 3078 1010 id
3127 955 3409 1009 voluntati
3470 955 3621 1025 regis

1930 1064 2131 1115 regum
2174 1048 2313 1101 nihil
2388 1047 2611 1101 obstare
2664 1046 2920 1101 arbitrati
2960 1061 3177 1109 sumus,
3236 1045 3335 1115 qui
3370 1044 3622 1098 calestes

1931 1142 2101 1207 atque
2154 1142 2415 1190 terrenos
2457 1136 2809 1207 principatus
2874 1134 3015 1189 miro
3074 1132 3275 1187 ordine
3326 1132 3483 1185 novit
3535 1131 3621 1185 di-

1933 1225 2245 1294 stinguere.
2294 1224 2538 1279 Proinde
2591 1241 2694 1277 nos
2752 1224 2945 1288 etiam,
2982 1222 3077 1292 qui
3133 1222 3206 1276 ad
3262 1226 3490 1289 tempus
3520 1220 3625 1273 sub

1934 1318 2148 1366 aterno
2192 1313 2343 1383 Rege
2402 1313 2566 1367 electi
2605 1328 2801 1365 sumus
2860 1327 3121 1380 regnare,
3181 1309 3238 1363 in
3270 1308 3472 1379 primis
3521 1324 3625 1378 pro

1936 1416 2129 1455 amore
2155 1402 2272 1467 Dei,
2302 1400 2537 1471 ejusque
2572 1400 2883 1471 genitricis,
2918 1416 3020 1453 nec
3061 1414 3177 1452 non
3233 1414 3337 1468 pro
3387 1395 3628 1449 assiduis

1938 1490 2313 1559 petitionibus
2380 1490 2601 1544 dilecta
2662 1489 2919 1558 conjugis
2976 1492 3184 1541 nostra
3233 1484 3624 1555 Cunegunda,

1939 1583 2111 1648 atque
2180 1578 2308 1632 ﬁdis
2372 1577 2843 1650 persuasionibus
2908 1575 3204 1631 Hereberti
3275 1572 3631 1627 Coloniensis

1942 1666 2370 1737 archiepiscopi,
2403 1672 2461 1720 et
2490 1665 2678 1720 fratris
2709 1665 2797 1718 sui
2844 1663 3127 1719 Becelonis
3186 1661 3438 1732 episcopi
3467 1660 3628 1711 Wur-

1941 1754 2321 1825 ceburgensis,
2392 1759 2448 1808 et
2486 1754 2655 1808 simul
2710 1754 2900 1807 fratris
2955 1751 3137 1806 nostri
3191 1748 3473 1803 Brunonis
3510 1752 3632 1801 Au—

1943 1844 2227 1914 gustensis
2284 1843 2556 1907 consiliis,
2612 1848 3070 1912 caterorumque
3100 1839 3360 1895 fidelium
3405 1841 3635 1891 nostro-

1944 1949 2070 1985 rum
2102 1938 2306 2003 rogatu
2338 1937 2394 1985 et
2444 1932 2793 1999 assensione,
2852 1930 2994 2001 quin
3051 1945 3182 1982 vero
3240 1926 3634 1998 propterjuge

1943 2022 2237 2075 servitium
2273 2020 2623 2075 Werenharii
2670 2018 3103 2091 Argentinensis
3132 2014 3406 2086 episcopi,
3431 2028 3634 2083 quam-

1944 2110 2076 2164 dam
2112 2109 2398 2163 abbatiam
2448 2109 2885 2173 monachorum,
2919 2124 3048 2178 qua
3103 2104 3311 2160 dicitur
3357 2101 3634 2165 Suazaha,

1946 2204 2152 2252 sancta
2204 2198 2642 2268 Argentinensis
2690 2196 2941 2251 ecclesia
2978 2196 3037 2249 in
3071 2195 3291 2249 honore
3335 2190 3437 2246 Dei
3476 2188 3640 2244 Geni-

1946 2286 2101 2342 tricis
2135 2288 2405 2352 fundata,
2433 2287 2493 2341 iu
2542 2292 2794 2340 nostram
2852 2290 3295 2353 nostrorumque
3352 2293 3639 2334 successo-

1950 2392 2077 2430 rum
2128 2375 2468 2430 memoriam
2515 2375 2857 2429 tradidimus
2902 2372 3314 2445 perpetualiter
3344 2367 3639 2440 possiden-

1950 2465 2103 2531 dam,
2132 2482 2260 2518 cum
2291 2464 2556 2518 omnibus
2603 2464 2675 2517 ad
2733 2465 2993 2517 eamdem
3048 2460 3334 2515 abbatiam
3386 2456 3645 2526 legaliter

1949 2553 2388 2623 pertinentibus,
2431 2553 2490 2605 in
2533 2552 2991 2623 quibuscumque
3034 2547 3359 2620 provinciis,
3419 2542 3647 2598 mobili-

1952 2642 2057 2696 bus
2088 2647 2144 2694 et
2172 2640 2584 2705 immobilibus,
2640 2639 2808 2703 areis,
2841 2638 3119 2702 adificiis,
3161 2636 3357 2700 servis,
3399 2630 3641 2697 ancillis,

1953 2730 2118 2783 terris
2139 2730 2305 2781 cultis
2356 2735 2414 2782 et
2452 2728 2698 2793 incultis,
2735 2728 2910 2797 agris,
2967 2725 3204 2795 campis,
3257 2720 3480 2793 pascuis
3530 2719 3647 2772 sive

1954 2817 2328 2888 compascuis,
2400 2816 2579 2870 vineis
2646 2816 2733 2870 vel
2824 2814 3047 2880 vinetis,
3142 2812 3321 2879 silvis,
3401 2807 3646 2869 forestis,

1954 2906 2375 2969 venationibus,
2429 2906 2592 2975 aquis
2648 2920 3046 2976 aquarumque
3103 2900 3455 2965 decursibus,
3524 2911 3647 2951 mo-

1956 2996 2222 3063 lendiuis,
2246 2995 2673 3065 piscationibus,
2710 2994 2817 3047 viis
2854 3000 2911 3047 et
2940 2992 3129 3057 inviis,
3179 2989 3424 3043 exitibus
3468 2992 3526 3040 et
3556 3001 3648 3038 re-

151 3078 438 3143 restituat,
493 3083 552 3131 et
605 3078 837 3148 insuper
904 3094 1079 3131 unam
1148 3078 1377 3130 nnciam
1446 3075 1847 3129 tantummodo

2046 3084 2192 3147 ibus,
2245 3084 2580 3151 caterisque
2621 3082 2961 3136 utensilibus
3008 3098 3075 3134 eo
3123 3089 3320 3133 tenore
3367 3081 3652 3147 quatenus

152 3171 478 3236 componat,
513 3170 572 3219 et
602 3181 899 3236 nunquam
933 3166 1116 3235 majus
1170 3164 1562 3217 vadimonium
1619 3180 1846 3234 prome-

154 3263 348 3310 reatur
376 3270 551 3324 quam
575 3270 608 3304 v
641 3254 865 3307 solidos.
899 3253 1145 3309 Comites
1194 3259 1385 3305 autem
1443 3252 1660 3305 nullam
1693 3251 1850 3320 peni-

156 3347 244 3395 tus
304 3343 558 3396 habeant
602 3346 942 3411 potestatem
1003 3357 1176 3411 super
1230 3340 1511 3394 familiam
1561 3339 1852 3410 pradicta

159 3431 437 3496 Ecclesia,
469 3431 578 3484 nisi
604 3432 660 3484 in
691 3431 859 3501 legali
892 3432 1120 3500 placito,
1170 3446 1298 3483 cum
1323 3429 1538 3499 judicio
1585 3429 1853 3482 scabino—

158 3536 284 3573 rum
318 3524 375 3573 et
410 3519 737 3590 juramento
794 3519 1104 3573 liberorum
1174 3518 1502 3585 hominum,
1560 3516 1766 3587 aliquis
1794 3516 1855 3569 in

157 3625 221 3661 ea
261 3608 354 3661 fur
383 3623 505 3661 esse
536 3607 907 3661 convincatur
950 3627 964 3674 ;
996 3612 1051 3661 et
1079 3607 1126 3660 si
1149 3608 1339 3677 palam
1362 3608 1419 3659 in
1462 3607 1614 3659 furto
1648 3606 1856 3674 depre-

157 3697 465 3757 hendatur,
518 3696 579 3749 in
640 3696 915 3765 compede
970 3695 1196 3749 comitis
1242 3696 1460 3748 interea
1513 3699 1854 3759 reservetur,

158 3786 338 3839 donec
360 3785 756 3839 scabiniouum
797 3783 1036 3853 judicio,
1079 3783 1137 3836 in
1170 3799 1272 3836 suo
1331 3782 1539 3852 placito
1586 3782 1739 3851 juste
1770 3781 1857 3834 di-

154 3874 489 3945 judicetur:
530 3873 659 3927 illos
716 3887 849 3925 vero
892 3874 959 3925 60
1008 3872 1243 3937 solidos,
1295 3887 1438 3940 quos
1495 3886 1675 3940 usque
1709 3886 1862 3923 nunc

162 3962 372 4032 injusta
403 3967 459 4016 et
486 3960 867 4015 irrationabili
900 3961 1025 4030 lege
1087 3963 1442 4029 receperant,
1477 3959 1715 4011 omnino
1766 3958 1865 4011 in-

162 4051 518 4116 terdicimus,
573 4049 685 4103 nisi
745 4049 805 4103 in
858 4048 1104 4118 publicis
1153 4047 1494 4101 civitatibus.
1555 4048 1618 4100 Et
1654 4046 1861 4115 siquis

164 4140 338 4208 hujus
371 4137 819 4191 confirmationis
856 4142 1146 4207 pracepta
1171 4136 1486 4199 violaverit,
1520 4136 1607 4188 vel
1657 4140 1867 4188 nostra

164 4227 593 4282 constitutionis
622 4233 1004 4296 transgressor
1047 4224 1346 4290 exstiterit,
1387 4224 1433 4276 si
1480 4223 1624 4276 liber
1670 4228 1772 4287 est,
1810 4240 1871 4276 IlI

167 4317 266 4371 lib.
302 4315 429 4369 auri
464 4316 534 4369 ad
566 4320 815 4368 nostram
850 4330 1134 4368 cameram
1181 4313 1485 4382 persolvat,
1541 4311 1629 4364 sin
1678 4318 1868 4365 autem

168 4422 389 4471 servus,
424 4403 645 4458 corium
694 4409 749 4457 et
806 4403 1042 4473 capillos
1072 4401 1315 4455 amittat.
1358 4401 1467 4455 Sed
1517 4406 1583 4453 ut
1611 4400 1734 4453 hac
1765 4416 1869 4452 au-

167 4494 406 4549 ctoritas
462 4492 628 4546 ﬁrma
694 4491 1030 4561 stabilisque
1095 4490 1156 4543 in
1223 4498 1567 4560 perpetuum
1622 4492 1869 4554 maneat,

168 4599 350 4637 manu
384 4582 617 4652 propria
639 4581 838 4635 subtus
881 4579 1302 4645 annotavimus,
1364 4578 1655 4648 nostrique
1701 4576 1873 4648 sigilli

169 4671 555 4741 impressione
576 4670 914 4740 consignare
944 4668 1342 4740 pracepimus.

246 4762 388 4815 Data
420 4777 472 4811 v.
522 4758 640 4813 Kal.
696 4758 957 4827 Augusti,
1002 4757 1195 4811 indict.
1246 4773 1343 4822 xu,
1403 4772 1554 4808 anno
1587 4756 1744 4809 Dom.
1779 4752 1872 4806 in-

169 4847 527 4902 carnationis
563 4848 714 4909 1014,
757 4863 908 4899 anno
942 4862 1075 4900 vero
1124 4845 1322 4899 domui
1374 4843 1622 4897 Heinrici
1672 4858 1876 4895 secun-

170 4939 232 4993 di
256 4936 422 5006 regni
454 4952 571 5000 xiu,
609 4935 841 5006 imperii
872 4939 1064 4989 autem
1088 4951 1123 4988 ι.

244 5030 457 5080 Actum
489 5024 733 5079 Mersfelt
753 5024 811 5077 in
828 5024 929 5078 Dei
960 5023 1197 5076 nomine
1220 5019 1478 5075 feliciter.

915 5112 1130 5166 LXXXI.

175 5187 399 5240 Litfrra
424 5186 481 5240 S.
523 5184 785 5238 Heinrici
832 5185 1028 5252 quibus
1068 5183 1347 5235 abbatiam
1400 5180 1466 5233 de
1519 5178 1881 5234 Schwarzach

259 5256 437 5311 trudit
467 5251 855 5322 possidendam
918 5255 1270 5307 Werenhario
1327 5253 1570 5320 episcopo
1620 5251 1878 5318 Argenti-

248 5330 409 5382 nensi
429 5331 480 5380 et
505 5325 895 5382 successoribus
926 5326 1063 5393 ejus.

843 5398 1028 5459 (Anno
1056 5396 1237 5459 1014.)

533 5468 696 5539 [GalL
732 5469 956 5533 Christ,
989 5467 1049 5530 V,
1080 5468 1367 5532 lustrum,
1402 5460 1553 5534 469.]

256 5558 319 5612 In
341 5556 577 5611 nomine
619 5560 823 5610 sancta
875 5559 932 5609 et
953 5554 1264 5609 individua
1302 5550 1611 5613 Trinitatis,
1670 5548 1881 5605 Hamu-

180 5663 304 5715 ccs,
339 5646 535 5701 divina
563 5645 785 5702 favente
807 5643 1131 5711 clementia,
1164 5658 1282 5698 rex.

1958 3171 2227 3242 prafatus
2288 3171 2585 3241 episcopus
2630 3170 3010 3224 Verenharius
3059 3167 3263 3238 suique
3303 3176 3654 3219 successores

1962 3261 2199 3314 liberam
2250 3260 2321 3314 de
2368 3261 2569 3313 eadem
2604 3259 2831 3312 abbatia
2891 3257 3158 3326 deinceps
3199 3256 3449 3308 habeant
3496 3255 3656 3321 pote-

1962 3355 2165 3402 statem
2213 3349 2425 3420 absque
2473 3349 2630 3402 omni
2680 3362 3054 3418 personarum
3097 3341 3542 3397 contradictione
3602 3341 3658 3389 et

1964 3437 2356 3489 molestatioue
2400 3436 2747 3507 possidendi,
2810 3441 2867 3487 et
2903 3433 2963 3487 in
3015 3449 3146 3486 usus
3193 3430 3445 3484 ecclesia
3488 3426 3656 3497 quid-

1965 3524 2104 3594 quid
2136 3524 2270 3578 inde
2291 3524 2397 3577 sibi
2430 3524 2602 3578 libeat
2622 3524 2890 3577 omnibus
2921 3520 3101 3575 modis
3156 3517 3421 3573 faciendi.
3487 3516 3550 3569 Et
3595 3517 3660 3567 ut

1967 3614 2089 3667 hac
2119 3618 2326 3667 nostra
2387 3613 2709 3667 traditionis
2748 3611 3053 3666 auctoritas
3103 3608 3322 3662 stabilis
3359 3611 3416 3659 et
3459 3604 3659 3657 incon-

1967 3703 2126 3755 vulsa
2159 3706 2508 3772 permaneat,
2570 3702 2717 3755 hanc
2769 3698 3042 3769 pracepti
3127 3694 3306 3750 nostri
3390 3693 3662 3764 paginam

1971 3790 2128 3860 regio
2164 3807 2317 3844 more
2351 3831 2364 3845 .
2413 3832 2424 3843 .
2466 3829 2482 3844 .
2529 3833 2541 3844 .
2588 3830 2599 3843 .
2637 3794 2693 3843 et
2722 3795 2851 3859 post
2872 3788 3247 3856 conscriptam
3300 3799 3474 3837 manu
3525 3797 3660 3850 pro-

1973 3880 2096 3949 pria
2126 3880 2485 3946 roborantes,
2526 3878 2699 3949 sigilli
2733 3877 2914 3932 nostri
2961 3874 3343 3946 impressione
3392 3866 3663 3940 insigniri

1970 3969 2267 4040 jussimus.

2047 4058 2273 4123 Signum
2300 4057 2508 4110 domini
2532 4057 2770 4110 Henrici
2798 4057 2939 4121 regis
2968 4053 3345 4107 invictissimi.

2049 4147 2391 4202 Sunceliuus
2472 4144 2841 4199 cancellarius
2905 4143 3023 4197 vice
3066 4136 3510 4210 archicapellani
3579 4138 3671 4190 Er-

1981 4235 2285 4288 chanboldi
2315 4232 2639 4303 recognovi.

2052 4324 2194 4377 Data
2223 4338 2309 4375 xvr
2355 4323 2477 4376 Kal.
2545 4318 2854 4380 Februarii,
2909 4316 3049 4370 feria
3106 4333 3187 4380 III,
3219 4314 3358 4367 luna
3413 4328 3485 4379 1v,
3518 4327 3671 4364 anno

1982 4413 2051 4465 ab
2079 4411 2471 4464 incarnatione
2499 4408 2797 4462 Dominica
2832 4406 2986 4471 1014,
3011 4403 3208 4458 indict.
3228 4418 3325 4469 xu,
3357 4417 3509 4454 anno
3538 4416 3672 4453 vero

1983 4497 2204 4554 domini
2226 4497 2451 4552 Henrici
2476 4496 2623 4567 regis
2652 4512 2747 4549 xu.

2052 4591 2254 4642 Actum
2297 4586 2505 4657 Papia.

2722 4673 2963 4728 LXXXII.

1985 4768 2042 4822 S.
2098 4767 2327 4819 Henrici
2392 4765 2657 4818 sententia
2715 4768 2902 4816 contra
2958 4763 3172 4816 comites
3236 4765 3287 4813 et
3344 4758 3678 4811 marchiones

2056 4839 2322 4903 Estenses,
2351 4837 2526 4904 ipsius
2557 4836 2782 4901 imperio
2816 4834 3187 4901 obtemperare
3206 4836 3530 4884 recusantes.

2626 4924 2808 4991 (Anno
2864 4920 3041 4990 1014.)

2348 5011 2569 5084 [Lunig.
2603 5010 2731 5067 Cod.
2773 5010 3021 5077 diplom,
3058 5009 3096 5070 ῐ,
3137 5005 3318 5078 1593.]

2060 5106 2124 5158 In
2161 5102 2396 5156 nomine
2429 5107 2637 5154 sancta
2666 5104 2724 5153 et
2762 5097 3072 5152 individua
3127 5094 3437 5155 Trinitatis.
3471 5095 3683 5148 Hamu-

1991 5209 2115 5259 cus,
2145 5192 2365 5245 favente
2394 5190 2585 5244 divina
2617 5188 2943 5253 clementia,
2994 5186 3387 5240 Romanorum
3434 5182 3680 5252 impera-

1990 5288 2083 5337 tor
2112 5285 2419 5349 Augustus.

2070 5373 2272 5425 Notum
2304 5384 2424 5422 esse
2455 5368 2718 5421 volumus
2758 5363 3040 5419 universis
3079 5366 3286 5416 sancta
3356 5359 3453 5415 Dei
3498 5358 3683 5414 Eccle-

1994 5460 2090 5514 sia
2123 5458 2386 5512 fidelibus
2447 5457 2716 5513 Ubertum
2765 5453 3054 5518 comitem,
3096 5451 3279 5505 filium
3317 5446 3686 5516 Hildeprandi

1995 5548 2292 5603 Otbertum
2352 5546 2740 5600 marchionem
2770 5550 2827 5598 et
2882 5542 3065 5597 ﬁlium
3115 5544 3257 5612 ejus,
3291 5544 3348 5593 et
3392 5538 3687 5593 Albertum

1996 5638 2267 5708 nepotem
2296 5636 2469 5703 illius,
2503 5640 2809 5707 postquam
2840 5648 2944 5689 nos
2970 5632 3028 5686 in
3056 5646 3252 5703 regem
3290 5633 3347 5684 et
3376 5629 3690 5702 imperato-
