3944 6306
310 333 414 384 319

1610 333 1664 386 8.
1710 331 1993 386 IIENRICI
2035 331 2107 386 III
2119 329 2510 386 PERATORIS

3713 329 3830 382 320

308 471 430 508 rem
453 455 770 524 elegerunt.
805 459 862 509 et
885 459 1017 526 post
1057 471 1264 509 manus
1291 455 1458 508 nobis
1514 455 1672 508 datas
1709 459 1768 508 et
1814 470 2000 508 sacra-
2032 456 2074 508 A
2114 453 2473 507 ﬁrmavimus
2529 457 2586 506 et
2615 453 2811 504 nostro
2852 449 3044 517 sigillo
3092 448 3362 519 insigniri
3408 449 3825 520 precepimus.

308 549 504 596 menta
527 542 692 596 nobis
723 543 890 609 facta,
946 559 1074 597 cum
1104 544 1200 598 Dei
1235 549 1546 612 nostroque
1602 541 1836 595 inimico
1893 546 1998 596 Ar-

302 632 483 685 duino
519 647 760 700 regnum
794 637 1052 686 nostrum
1099 631 1406 685 invasisse:
1453 630 1703 700 rapinas,
1754 631 1997 701 prtedas,

304 719 720 774 devastationes
750 720 966 790 ubique
987 721 1223 784 fecisse;
1257 726 1334 784 et,
1367 719 1521 788 quod
1543 719 1666 772 sine
1697 719 1853 772 luctu
1885 735 2002 772 non

307 813 392 862 est
441 807 765 874 dicendum,
844 808 1132 862 territoria
1202 815 1258 861 et
1315 807 1684 877 pertinentias
1742 807 2002 861 omnium

309 897 674 949 ecclesiarum
707 896 1107 948 miserabiliter
1137 895 1299 950 bonis
1321 895 1590 949 omnibus
1631 895 2000 966 exspoliasse.

313 985 547 1053 Magnus
577 985 754 1050 dolor,
791 983 1002 1037 nimius
1041 983 1248 1049 luctus,
1287 983 1543 1037 inaudita
1599 983 1754 1037 intus
1785 990 1843 1037 et
1867 983 2004 1037 foris

306 1071 701 1125 desolatiOISi
757 1088 894 1138 ergo
942 1072 1020 1126 ita
1068 1073 1374 1126 destructis
1417 1071 1671 1126 ecclesiis
1701 1071 2002 1125 subeveni-

306 1162 420 1221 tur,
454 1159 603 1228 quod
643 1160 753 1212 Deo
785 1160 1052 1229 placebit,
1089 1161 1232 1213 nulli
1273 1161 1557 1214 bonorum
1585 1161 2005 1230 displicendum

307 1247 433 1300 erit.
468 1247 720 1302 Consilio
748 1265 886 1319 ergo
919 1264 1047 1302 cum
1080 1249 1278 1302 amicis
1346 1248 1444 1302 Dei
1492 1249 1712 1313 habito,
1759 1254 2006 1301 scrutata

305 1341 363 1388 et
392 1335 622 1388 inventa
650 1339 734 1388 est
785 1336 872 1389 lex
937 1337 1466 1406 Longobardorum,
1503 1353 1632 1406 quae
1683 1336 1764 1389 ita
1787 1337 1955 1406 jubet
1987 1353 2000 1389 :

308 1442 335 1472 «
369 1423 425 1474 Si
458 1423 586 1494 quis
629 1427 826 1476 contra
865 1424 1120 1477 animam
1173 1425 1320 1494 regis
1351 1424 1705 1493 cogitaverit,
1746 1429 1845 1476 aut
1871 1440 2006 1476 con-

306 1508 525 1563 siliatus
547 1511 720 1563 fuerit
740 1512 949 1565 animm
1003 1528 1142 1574 suae,
1174 1511 1430 1565 incurrat
1482 1511 1798 1581 periculum
1832 1516 1887 1564 et
1917 1527 2004 1563 res

306 1597 462 1650 illius
482 1598 835 1654 intiscentur.
868 1619 897 1650 ιο
951 1599 1271 1653 Secundum
1331 1599 1510 1669 igitur
1556 1600 1740 1668 legem
1781 1615 2002 1664 eorum,

307 1689 505 1738 nostra
529 1687 761 1755 propria
791 1693 926 1742 sunt
955 1687 1149 1740 omnia
1179 1687 1328 1740 bona
1369 1687 1648 1756 ipsorum,
1702 1687 1838 1758 quia
1883 1704 2000 1741 ma-

310 1773 579 1827 nifestum
622 1781 708 1828 est
735 1776 884 1846 ipsos
929 1781 1124 1829 contra
1183 1792 1284 1828 nos
1334 1792 1449 1828 non
1496 1777 1679 1828 solum
1731 1776 2004 1844 cogitasse

309 1867 404 1915 aut
449 1862 775 1918 consiliatos
817 1865 1036 1930 fuisset,
1077 1865 1174 1918 sed
1224 1865 1395 1918 etiam
1448 1880 1622 1918 ausus
1676 1863 1920 1918 nefarios
1951 1870 2007 1917 et

309 1954 542 2002 conatus
572 1950 832 2020 impuros
858 1967 1030 2022 opere
1085 1952 1420 2019 exercuisse,
1466 1958 1520 2006 et
1574 1953 1803 2023 publice
1855 1952 2006 2006 bella

308 2041 506 2090 contra
528 2054 628 2092 nos
650 2055 1026 2109 praeparasse.

376 2126 520 2190 Quia
550 2143 684 2197 ergo
715 2128 938 2198 legibus
974 2145 1177 2183 eorum
1225 2133 1425 2184 nostra
1451 2134 1586 2184 sunt
1633 2130 1786 2184 bona
1842 2129 2005 2200 ipso-

309 2229 462 2280 rum,
490 2216 739 2270 ecclesize
787 2217 977 2272 Sancti
1004 2217 1133 2289 Cyri
1179 2217 1431 2288 episcopi
1464 2219 1797 2282 Ticinensis,
1830 2233 2004 2289 quam

311 2302 422 2371 ipsi
460 2303 520 2356 in
550 2304 666 2357 suis
694 2305 1054 2374 pertinentiis
1100 2306 1233 2376 igne
1263 2311 1321 2360 et
1369 2307 1588 2376 rapinis
1634 2308 2007 2360 vehementer

309 2391 766 2460 devastaverunt,
824 2393 893 2448 de
943 2394 1172 2463 praediis
1219 2410 1421 2448 eorum
1469 2399 1689 2464 partem
1735 2395 1869 2448 dare
1915 2411 2007 2447 vo-

309 2478 524 2542 lumus,
561 2484 625 2533 ut
674 2481 752 2534 sic
807 2483 896 2536 vel
931 2482 989 2536 in
1039 2483 1231 2554 aliquo
1275 2483 1811 2550 recompensatione
1859 2483 2007 2537 facta

308 2567 666 2620 tolerabilius
714 2569 872 2622 illata
902 2571 1087 2624 valeat
1117 2571 1397 2624 sustinere
1455 2571 1778 2642 dispendia,
1825 2571 2008 2625 donec

309 2655 424 2708 Deo
483 2655 735 2709 donante
803 2659 1110 2712 commoda
1183 2658 1293 2712 sibi
1361 2664 1720 2712 succrescant
1765 2659 2002 2728 majora.

307 2743 461 2795 Juste
493 2742 669 2811 igitur
696 2749 753 2797 et
779 2745 1043 2815 Iegaliter
1091 2747 1294 2800 damus
1339 2747 1446 2800 sibi
1476 2747 1546 2800 de
1584 2747 1754 2800 rebus
1813 2746 2008 2801 Uberti

309 2830 412 2882 ﬁlii
460 2831 830 2901 Hildeprandi
887 2835 1180 2888 castellum
1229 2836 1298 2888 de
1347 2836 1575 2890 Cerreto
1621 2841 1678 2889 et
1715 2834 2004 2905 Vulparia,

309 2935 438 2971 cum
460 2921 726 2973 omnibus
746 2937 948 2975 eorum
969 2922 1304 2991 adjacentiis
1335 2923 1402 2975 ad
1429 2923 1636 2993 jugera
1664 2922 1848 2975 millia
1877 2937 2006 2974 cum

2179 543 2408 609 Signum
2459 541 2666 595 domini
2742 541 2963 594 Henrici
3036 540 3387 592 invictissimi
3464 540 3827 607 imperatoris

2111 631 2372 697 Augusti.

2184 718 2457 773 Henricus
2485 715 2857 770 cancellarius
2906 715 3024 769 vice
3054 715 3287 769 Evrardi
3344 714 3597 784 episcopi
3640 718 3703 767 et
3736 729 3832 767 ar-

2112 805 2484 876 chicapellani
2519 805 2865 873 recognovit.

2188 896 2416 949 Factum
2447 910 2598 946 anno
2640 892 3051 946 incarnationis
3105 890 3416 946 Dominicee
3467 894 3623 955 1013,
3661 889 3826 943 iudi-

2113 983 2301 1037 ctione
2329 1000 2426 1046 xu,
2459 999 2609 1035 anno
2640 998 2772 1036 vero
2802 980 3021 1034 domini
3053 980 3281 1036 Henrici
3310 979 3676 1050 imperatoris
3700 983 3834 1032 Au-

2115 1072 2286 1142 gusti,
2309 1071 2470 1140 regni
2501 1087 2620 1136 xul,
2646 1070 2876 1140 imperii
2905 1086 3037 1122 vero
3070 1069 3273 1140 primo.

2183 1164 2388 1214 Actum
2414 1160 2636 1229 Soleya.

2835 1247 3098 1300 LXXXIII.

2115 1339 2171 1393 S.
2235 1337 2513 1390 Henricus
2575 1337 2880 1406 imperator
2931 1334 3102 1388 donat
3126 1333 3385 1406 _abbntiae
3425 1334 3479 1388 S.
3531 1332 3832 1387 Michaelis

2180 1407 2395 1478 praedia
2425 1403 2674 1476 quaedam
2701 1412 2862 1459 extra
2890 1406 3074 1458 urbem
3116 1403 3563 1470 anbergensem
3609 1407 3745 1456 sita.

2770 1495 2951 1562 (Anno
2988 1493 3174 1562 1015.)

2406 1582 2714 1656 [Ludewig,
2741 1585 2943 1651 Script.
2975 1598 3082 1635 rer.
3119 1578 3519 1652 Germ.,l118.]

2185 1692 2250 1745 In
2278 1690 2514 1744 nomine
2547 1695 2757 1742 sanctae
2790 1694 2848 1742 et
2896 1687 3207 1741 individua;
3237 1686 3555 1749 Trinitatis,
3608 1688 3825 1740 Herem-

2114 1796 2233 1843 CUS,
2259 1779 2450 1832 divina
2477 1778 2700 1832 favente
2733 1775 3058 1843 clementia,
3089 1775 3394 1841 secundus,
3419 1775 3828 1829 Romanorum

2114 1868 2426 1938 imperator
2447 1870 2761 1935 Augustus.

2131 1983 2134 1986 ~
2186 1958 2362 2010 Nosse
2384 1955 2645 2008 volumus
2677 1953 3018 2007 industriam
3053 1951 3546 2014 Christifidelium,
3579 1954 3701 2004 tam
3732 1951 3831 2004 fu-

2111 2048 2376 2099 turorum
2407 2059 2581 2114 quam
2611 2041 3009 2112 praesentium,
3043 2041 3193 2111 quod
3220 2039 3506 2109 imperiali
3529 2039 3828 2092 sancimus

2113 2133 2296 2187 edicto
2325 2131 2468 2185 utin
2490 2130 2724 2200 prtediis
2753 2147 2896 2200 quae.
2927 2129 3134 2184 divinas
3194 2128 3408 2182 intuitu
3445 2127 3700 2197 pietatis,
3729 2143 3827 2180 ec-

2113 2220 2296 2276 clesiae
2347 2220 2410 2299 8ἱ
2455 2218 2740 2273 Michaelis
2789 2217 3222 2288 Bambergensis
3275 2233 3386 2269 una
3426 2232 3555 2269 cum
3607 2215 3828 2269 dilecta

2113 2308 2353 2378 conjuge
2385 2312 2579 2360 nostra
2611 2307 2980 2377 Cunegunda,
3032 2321 3135 2375 pro
3182 2309 3537 2368 nostrarum,
3578 2319 3825 2356 eorum-

2115 2412 2227 2468 que
2259 2411 2506 2466 quorum
2553 2394 2840 2448 debitores
2879 2409 3104 2453 sumus,
3158 2391 3415 2446 remedio
3461 2391 3825 2455 animarum,

2113 2483 2403 2554 imperiali
2425 2481 2770 2537 contulimus
2801 2480 3218 2544 muniﬁcentia,
3240 2478 3512 2533 tredecim
3554 2479 3830 2533 videlicet

2113 2569 2449 2644 principalis
2505 2574 2713 2634 curtes,
2775 2567 3114 2633 Ratelsdorf,
3177 2567 3583 2630 Ezelkirchem,
3630 2565 3826 2620 Rode—

2114 2660 2292 2725 heim,
2371 2657 2790 2721 Belbenhusen,
2861 2656 3079 2717 Werde,
3169 2655 3425 2708 Wofurte
3509 2654 3821 2724 Dorfﬂing,

2117 2748 2417 2811 Ebelsfeld,
2454 2745 2828 2810 Leitterbacb,
2887 2743 3223 2808 Elseudorif,
3279 2748 3334 2797 et
3367 2742 3516 2796 circa
3547 2741 3826 2794 Wedere-

2115 2837 2268 2902 dam,
2294 2834 2630 2899 Scheistein,
2673 2835 2861 2886 Ilusen
2893 2837 2948 2884 et
3000 2830 3404 2894 Budeusheim,
3454 2846 3584 2883 cum
3626 2829 3828 2882 omni-

2116 2926 2222 2979 bus
2253 2924 2400 2977 villis
2449 2922 2824 2976 attinentibus
2871 2920 2929 2973 in
2980 2919 3210 2989 pmdiis
3263 2919 3436 2972 etiam
3484 2919 3826 2986 ubicunque

309 3024 412 3060 δυο
429 3012 550 3061 toto
599 3009 854 3062 ἀίδῖΐίοῐυ
892 3010 1003 3075 ςόθ
1056 3010 1226 3062 rebus
1273 3010 1468 3064 Uberti
1511 3011 1644 3080 [ιρρθ
1689 3009 1900 3081 Oberti]
1953 3014 2008 3062 81-
2039 3017 2078 3071 C
2115 3012 2451 3083 conquisitis
2483 3011 2568 3063 vel
2609 3008 3228 3078 conquirendis,dictae
3285 3013 3688 3077 procuratores
3729 3022 3828 3058 ec-

311 3095 560 3150 ﬁliorum
595 3097 736 3166 ejus,
779 3104 836 3151 et
858 3098 1075 3152 Alberti
1099 3097 1323 3167 nepotis
1351 3098 1608 3168 ipsorum
1658 3098 2007 3151 marchionis

310 3184 595 3254 quidquid
647 3186 912 3239 habuisse
981 3185 1084 3238 visi
1125 3191 1259 3238 sunt
1322 3186 1382 3239 in
1429 3186 1775 3256 Scadrampo
1833 3203 2007 3258 prope

311 3277 556 3326 castrum
595 3273 663 3326 de
719 3274 991 3327 Balbiano
1037 3279 1093 3327 et
1121 3274 1180 3327 in
1223 3274 1510 3326 territorio
1559 3275 1736 3328 sancti
1782 3275 2007 3328 Martini

311 3360 370 3413 in
401 3360 587 3414 Strata
609 3366 666 3414 et
693 3361 750 3414 in
785 3362 979 3416 Casale
1011 3362 1081 3415 ad
1104 3363 1302 3433 jugera
1323 3363 1635 3433 quingenta
1669 3379 1682 3416 :
1721 3369 2007 3434 quatenus

311 3448 547 3502 ecclesia
565 3449 877 3502 beatissimi
903 3451 1242 3503 confessoris
1284 3450 1513 3504 Domini
1543 3450 1694 3520 Cyri,
1729 3457 1785 3504 et
1813 3455 2008 3521 pastor

312 3536 412 3606 qui
442 3553 544 3606 per
572 3542 831 3606 tempora
869 3538 948 3590 ibi
986 3538 1180 3600 fuerit,
1220 3537 1416 3591 omnia
1450 3555 1578 3609 qua:
1619 3555 1792 3610 supra
1825 3539 2009 3592 nomi-

311 3628 448 3676 nata
521 3629 674 3691 sunt,
729 3641 860 3679 cum
937 3625 1055 3678 suis
1123 3626 1508 3694 pertinentiis,
1571 3627 1733 3697 aquis
1792 3628 2006 3682 scilicet

312 3727 662 3780 aquarumve
691 3712 1047 3776 decursibus,
1075 3713 1238 3782 ripis,
1272 3714 1637 3776 molendinis.
1673 3717 2010 3785 piscationi-

315 3800 443 3862 bus,
473 3800 640 3852 terris
670 3799 838 3853 cultis
873 3805 929 3854 et
987 3801 1236 3867 incultis,
1293 3803 1464 3869 silvis,
1519 3804 1797 3870 cursibus,
1829 3807 2008 3874 vadis,

313 3887 734 3954 venationibus,
797 3890 1092 3955 stallareis,
1153 3890 1326 3943 servis
1384 3897 1441 3944 et
1482 3891 1722 3958 ancillis,
1755 3895 2006 3965 capellis,

318 3974 610 4028 montibus
641 3980 698 4028 et
733 3977 996 4044 vallibus,
1030 3977 1269 4048 rupibus
1301 3983 1357 4031 et
1398 3979 1597 4048 pratis,
1644 3982 1907 4035 mercatis
1955 3988 2011 4036 et

315 4062 682 4126 districtibus.
708 4069 764 4118 et
791 4081 920 4118 cum
951 4067 1218 4120 omnibus
1249 4083 1377 4137 quas
1416 4067 1704 4122 nominari
1749 4075 2006 4139 possunt,

315 4150 376 4203 in
406 4157 685 4206 aeternum
707 4153 837 4223 jure
868 4155 1248 4225 proprietario
1281 4155 1489 4210 habeat
1516 4161 1686 4227 atque
1719 4158 2005 4228 disponat,

316 4245 529 4304 nostra,
582 4247 1031 4313 nostrorumque
1081 4259 1468 4297 successorum
1498 4251 1556 4298 et
1584 4245 1846 4299 omnium
1906 4247 2010 4300 ho-

319 4329 542 4382 minum
573 4331 1021 4384 contradictione
1054 4337 1111 4385 et
1156 4333 1554 4386 molestatione
1585 4339 1643 4386 et
1697 4333 2012 4388 diminora-

316 4417 470 4470 tione
502 4425 743 4471 remota.
779 4420 1156 4474 Concedimus
1203 4421 1438 4491 insuper
1481 4421 1687 4476 Sancto
1739 4423 1881 4493 Cyro
1915 4441 2013 4494 pa-

316 4511 484 4558 trono
506 4511 700 4560 nostro
733 4507 1056 4562 districtum
1117 4510 1186 4562 de
1237 4510 1471 4563 Secema
1497 4509 1565 4562 ad
1596 4510 1866 4564 milliaria
1891 4517 2016 4567 octo

318 4593 378 4644 in
410 4593 564 4646 omni
598 4599 761 4663 parte
801 4595 860 4650 in
908 4597 1181 4663 circuitu,
1208 4597 1354 4650 sicut
1391 4597 1464 4650 ad
1507 4602 1762 4652 nostram
1795 4605 2016 4668 partem

318 4681 606 4750 pertinere
629 4682 869 4748 videtur,
903 4700 1005 4754 pro
1035 4699 1171 4753 pace
1202 4689 1257 4736 et
1285 4686 1478 4753 quiete
1508 4683 1688 4752 ipsius
1733 4685 2014 4752 Ecclesiae,

318 4768 575 4822 remedio
605 4775 664 4822 et
692 4769 872 4824 salute
895 4771 1103 4825 anima:
1134 4776 1363 4836 nostrae,
1413 4776 1858 4845 nostrorumque
1889 4791 2015 4828 suc-

321 4873 605 4910 cessorum
630 4873 828 4928 regum
854 4865 911 4912 et
942 4859 1376 4930 imperatorum.
1408 4859 1464 4914 Si
1517 4861 1646 4930 quis
1677 4861 1853 4931 igitur
1878 4879 2015 4916 con-

321 4948 409 4998 tra
440 4945 547 4999 hoc
580 4953 840 5001 nostrum
881 4952 1250 5018 praeceptum,
1303 4948 1362 5000 in
1404 4953 1682 5002 aeternum
1733 4951 1844 5004 Deo
1881 4966 2013 5020 pro-

319 5034 464 5103 pitio
522 5035 854 5098 valiturum,
904 5036 985 5090 ire
1038 5035 1360 5102 tentaverit,
1412 5041 1470 5090 et
1521 5037 1817 5092 ecclesiam
1865 5038 2017 5092 beati

319 5122 450 5192 Cyri
500 5125 587 5176 vel
643 5130 928 5194 pastorem
966 5140 1135 5176 suum
1206 5124 1502 5178 disvestire
1551 5126 1640 5179 vel
1715 5126 1775 5180 in
1822 5125 2015 5195 aliquo

319 5212 626 5264 molestare
652 5212 720 5265 de
753 5211 1042 5281 praedictis
1090 5211 1260 5264 rebus
1299 5214 1748 5283 praesumpserit,
1781 5229 2012 5282 compo-

319 5305 421 5352 nat
451 5300 608 5353 mille
649 5300 821 5354 libras
853 5300 977 5353 auri
1022 5299 1336 5368 purissimi,
1396 5301 1759 5355 medietatem
1806 5308 2017 5356 sanctas

321 5385 603 5440 'I‘icinensi
635 5388 920 5457 Ecclesia),
953 5392 1009 5442 et
1025 5403 1268 5441 camerae
1298 5397 1498 5443 nostrae
1527 5391 1764 5443 alteram
1799 5391 2015 5444 medie-

322 5476 524 5529 tatem.
557 5477 720 5540 Quod
755 5483 816 5532 ut
839 5478 1024 5531 verius
1065 5476 1351 5542 credatur,
1404 5484 1461 5532 et
1516 5479 1586 5532 ab
1633 5480 1902 5534 omnibus
1929 5479 2017 5533 in-

322 5562 670 5618 violabiliter
689 5571 1074 5633 conservetur,
1106 5565 1210 5620 hoc
1239 5572 1588 5639 praeceptum
1618 5583 1792 5622 manu
1822 5572 2018 5622 nostra

2116 3101 2302 3155 clesiaa
2332 3099 2580 3161 locaudi,
2615 3096 2971 3162 instituendi,
3005 3095 3376 3158 destituendi,
3418 3111 3482 3147 ac
3515 3095 3574 3146 in
3607 3093 3826 3146 melius

2115 3187 2528 3252 commutandi,
2573 3202 2818 3248 mansos,
2866 3185 3054 3249 feuda,
3112 3199 3295 3247 areas,
3355 3189 3541 3253 prata,
3596 3182 3822 3245 vineas,

2115 3279 2304 3340 silvas,
2327 3281 2645 3344 casteraque
2679 3273 2912 3327 mobilia
2935 3278 2990 3325 et
3043 3271 3388 3337 immobilia,
3431 3271 3501 3324 ad
3537 3270 3820 3339 placitum

2116 3365 2205 3418 sui
2233 3364 2454 3418 abbatis
2473 3379 2537 3417 ac
2561 3363 2948 3432 praeceptoris,
2995 3362 3234 3415 liberam
3287 3361 3537 3414 habeant
3566 3363 3826 3430 potesta-

2114 3457 2274 3508 tem:
2309 3453 2515 3524 quibus
2546 3451 2720 3505 etiam
2769 3450 3116 3520 placationes
3177 3449 3545 3515 offensarum,
3585 3447 3825 3501 satisfa-

2116 3544 2370 3597 ctionum
2417 3542 2504 3594 vel
2584 3540 2857 3594 emendas
2910 3554 3264 3604 excessuum,
3325 3539 3413 3592 vel
3437 3536 3728 3590 inviarum
3756 3536 3818 3589 in

2118 3629 2383 3684 omnibus
2403 3626 2588 3681 causis
2608 3626 2888 3693 civilibus,
2924 3631 3042 3679 tam
3082 3626 3140 3680 in
3192 3625 3375 3679 tribus
3407 3624 3632 3694 placitis
3661 3624 3818 3691 Maii,

2116 3716 2396 3772 Autumni
2422 3721 2479 3770 et
2523 3715 2838 3781 Februarii,
2897 3730 3071 3784 quam
3103 3714 3162 3767 in
3207 3713 3470 3767 omnibus
3515 3714 3687 3782 plane
3728 3730 3823 3766 ne-

2119 3807 2310 3878 gotiis,
2355 3805 2424 3858 ab
2463 3805 2748 3858 universis
2779 3804 3027 3858 ecclesiae
3088 3802 3307 3856 colonis
3341 3801 3610 3855 volumus
3651 3801 3822 3854 exhi-

2119 3896 2261 3950 beri.
2288 3895 2564 3948 Caeterum
2595 3893 2642 3946 si
2671 3892 2857 3946 coloni
2878 3891 2936 3945 in
2969 3891 3162 3945 litibus
3201 3906 3501 3944 causarum
3547 3889 3817 3943 deciden-

2118 3984 2204 4038 dis
2234 3985 2385 4037 inter
2412 3998 2470 4036 se
2498 3981 2860 4046 dissentiunt,
2895 3981 2964 4033 ad
2995 3979 3312 4049 proximam
3338 3978 3822 4031 curtimarcbiam

2120 4089 2218 4126 eos
2241 4088 2346 4142 pro
2371 4069 2668 4124 sententiis
2717 4067 2968 4122 ferendis
3010 4067 3313 4121 statuimus
3369 4066 3580 4119 habere
3625 4082 3822 4120 recur-

2120 4177 2268 4224 sum,
2301 4159 2347 4212 si
2373 4175 2504 4212 vero
2533 4173 2695 4212 casus
2745 4157 3054 4228 perplexus
3104 4155 3280 4209 fuerit
3331 4171 3394 4208 ac
3443 4154 3716 4218 difficilis,
3753 4155 3823 4208 ad

2123 4253 2294 4319 caput
2323 4247 2571 4310 claustri,
2618 4245 2671 4299 id
2703 4249 2788 4299 est
2827 4245 3048 4300 abbatis
3077 4243 3438 4314 praesentiam
3497 4247 3818 4297 recurrant.

2123 4337 2326 4408 Sicque
2353 4336 2546 4400 abbas,
2581 4333 2896 4403 majoribus
2939 4337 2996 4387 et
3053 4333 3383 4387 melioribus
3439 4348 3554 4384 suae
3583 4332 3821 4384 familias

2123 4422 2465 4486 convocatis,
2489 4421 2744 4491 ipsorum
2769 4420 3006 4474 consilio
3029 4421 3180 4490 quod
3226 4421 3446 4490 justum
3482 4425 3568 4472 est
3592 4419 3825 4474 ordinet
3902 4452 3905 4456 -

2124 4526 2187 4563 ac
2206 4511 2491 4580 disponat.
2527 4508 2730 4563 Debita
2759 4508 2950 4562 officia
2995 4514 3316 4561 aratrorum
3365 4507 3551 4560 tribus
3598 4506 3823 4560 vicibus

2122 4599 2181 4653 in
2213 4614 2384 4664 anno,
2433 4613 2669 4651 ovorum
2721 4596 2781 4650 in
2821 4596 3051 4660 Pascha,
3107 4611 3402 4649 caseorum
3457 4595 3514 4648 in
3544 4597 3824 4648 Penteco-

2123 4694 2268 4752 sten,
2313 4686 2605 4756 pullorum
2659 4685 2718 4738 in
2787 4684 2973 4738 carnis
3017 4683 3216 4755 privio,
3275 4689 3334 4736 et
3381 4683 3825 4736 hebdomadalia

2125 4774 2349 4829 servitia
2388 4774 2552 4828 dictas
2581 4778 2785 4827 nostrae
2807 4772 3082 4839 ecclesiae,
3127 4771 3198 4824 ab
3240 4769 3527 4835 omnibus,
3585 4775 3651 4823 ut
3688 4786 3824 4823 con-

2124 4865 2305 4929 decet,
2380 4861 2763 4931 impendatur.
2817 4863 3064 4916 Censum
3128 4865 3317 4914 autem
3378 4858 3672 4924 ultimum,
3719 4874 3824 4927 per

2123 4967 2294 5021 quem
2329 4951 2526 5020 utique
2556 4949 2772 5003 omissa
2791 4949 2876 5002 vel
2912 4949 3168 5018 neglecta
3189 4947 3530 5017 supplentur
3565 4947 3819 5011 servitia,

2119 5040 2213 5110 jus
2239 5038 2500 5092 videlicet
2528 5037 2789 5108 capitale,
2829 5053 2863 5090 a
2883 5037 3018 5090 viris
3033 5035 3504 5090 descendentibus
3534 5033 3820 5104 optimum

2125 5143 2362 5198 equum,
2385 5127 2495 5194 vel,
2519 5125 2566 5179 si
2595 5141 2744 5196 equo
2764 5129 2979 5190 carent,
3021 5123 3308 5194 optimum
3349 5127 3520 5193 caput
3574 5121 3818 5192 pecoris,

2125 5221 2178 5270 et
2208 5232 2240 5269 a
2269 5214 2497 5270 feminis
2545 5214 2809 5268 induvias
2833 5217 2890 5266 et
2926 5213 3156 5266 exuvias
3210 5211 3519 5265 transmitti
3549 5210 3620 5263 ad
3647 5211 3824 5264 eccle-

2126 5305 2266 5358 siam
2299 5303 2654 5369 ordinamus,
2681 5307 2744 5356 ut
2795 5317 2925 5355 cum
2974 5300 3204 5354 famulis
3237 5299 3483 5353 ecclesiae
3513 5299 3570 5352 in
3610 5298 3821 5352 divinis

2125 5391 2369 5446 servitiis
2394 5390 2857 5444 communionem
2898 5388 3213 5460 plenariam
3230 5392 3674 5458 consequantur.
3703 5387 3820 5442 Hu-

2120 5481 2215 5552 jus
2245 5479 2497 5534 instituti
2531 5477 2834 5532 auctoritas
2879 5482 2943 5531 ut
2986 5476 3147 5531 omni
3206 5492 3328 5530 aevo
3368 5473 3583 5528 stabilis
3613 5473 3817 5528 incon-

2124 5569 2284 5622 vulsa
2305 5572 2657 5638 permaneat,
2681 5571 2740 5620 et
2767 5565 3173 5620 inviolabiliter
3197 5564 3268 5618 ab
3305 5562 3571 5617 omnibus
3615 5561 3817 5616 obser-
